PokerStars Hand #237406907851:  Hold'em No Limit ($0.01/$0.02 USD) - 2022/07/16 22:52:54 PT [2022/07/17 1:52:54 ET]
Table 'Eduarda III' 9-max Seat #9 is the button
Seat 2: ondawarpaf ($2.34 in chips) 
Seat 3: Kibodachi ($1 in chips) 
Seat 5: 18poker04 ($1.68 in chips) 
Seat 7: adrp0ker ($2.13 in chips) 
Seat 8: Dorex2007 ($2 in chips) 
Seat 9: RickyDoda1953 ($2.63 in chips) 
ondawarpaf: posts small blind $0.01
Kibodachi: posts big blind $0.02
vvivv9 has timed out while disconnected
vvivv9: is sitting out 
Dorex2007: posts big blind $0.02
*** HOLE CARDS ***
Dealt to Dorex2007 [6h 5d]
18poker04: folds 
adrp0ker: folds 
Dorex2007: checks 
RickyDoda1953: folds 
ondawarpaf: folds 
Kibodachi: checks 
*** FLOP *** [Jh Kc 8s]
maggiebrasil leaves the table
Kibodachi: checks 
Dorex2007: checks 
*** TURN *** [Jh Kc 8s] [7h]
Kibodachi: checks 
Dorex2007: checks 
*** RIVER *** [Jh Kc 8s 7h] [Kd]
Kibodachi: checks 
Dorex2007: bets $0.03
Kibodachi: folds 
Uncalled bet ($0.03) returned to Dorex2007
Dorex2007 collected $0.05 from pot
*** SUMMARY ***
Total pot $0.05 | Rake $0 
Board [Jh Kc 8s 7h Kd]
Seat 2: ondawarpaf (small blind) folded before Flop
Seat 3: Kibodachi (big blind) folded on the River
Seat 5: 18poker04 folded before Flop (didn't bet)
Seat 7: adrp0ker folded before Flop (didn't bet)
Seat 8: Dorex2007 collected ($0.05)
Seat 9: RickyDoda1953 (button) folded before Flop (didn't bet)



PokerStars Hand #237406916467:  Hold'em No Limit ($0.01/$0.02 USD) - 2022/07/16 22:54:10 PT [2022/07/17 1:54:10 ET]
Table 'Eduarda III' 9-max Seat #2 is the button
Seat 2: ondawarpaf ($2.33 in chips) 
Seat 3: Kibodachi ($0.98 in chips) 
Seat 5: 18poker04 ($1.68 in chips) 
Seat 7: adrp0ker ($2.13 in chips) 
Seat 8: Dorex2007 ($2.03 in chips) 
Seat 9: RickyDoda1953 ($2.63 in chips) 
Kibodachi: posts small blind $0.01
18poker04: posts big blind $0.02
xLuuck: sits out 
*** HOLE CARDS ***
Dealt to Dorex2007 [As Ks]
adrp0ker: folds 
Dorex2007: raises $0.04 to $0.06
RickyDoda1953: folds 
ondawarpaf: folds 
Kibodachi: folds 
18poker04: folds 
Uncalled bet ($0.04) returned to Dorex2007
Dorex2007 collected $0.05 from pot
*** SUMMARY ***
Total pot $0.05 | Rake $0 
Seat 2: ondawarpaf (button) folded before Flop (didn't bet)
Seat 3: Kibodachi (small blind) folded before Flop
Seat 5: 18poker04 (big blind) folded before Flop
Seat 7: adrp0ker folded before Flop (didn't bet)
Seat 8: Dorex2007 collected ($0.05)
Seat 9: RickyDoda1953 folded before Flop (didn't bet)



PokerStars Hand #237406918406:  Hold'em No Limit ($0.01/$0.02 USD) - 2022/07/16 22:54:27 PT [2022/07/17 1:54:27 ET]
Table 'Eduarda III' 9-max Seat #3 is the button
Seat 2: ondawarpaf ($2.33 in chips) 
Seat 3: Kibodachi ($0.97 in chips) 
Seat 5: 18poker04 ($1.66 in chips) 
Seat 7: adrp0ker ($2.13 in chips) 
Seat 8: Dorex2007 ($2.06 in chips) 
Seat 9: RickyDoda1953 ($2.63 in chips) 
18poker04: posts small blind $0.01
adrp0ker: posts big blind $0.02
xLuuck: sits out 
*** HOLE CARDS ***
Dealt to Dorex2007 [3s Qc]
Dubhe99 joins the table at seat #6 
Dorex2007: folds 
RickyDoda1953: folds 
ondawarpaf: folds 
Kibodachi has timed out
Kibodachi: folds 
18poker04: folds 
Uncalled bet ($0.01) returned to adrp0ker
adrp0ker collected $0.02 from pot
*** SUMMARY ***
Total pot $0.02 | Rake $0 
Seat 2: ondawarpaf folded before Flop (didn't bet)
Seat 3: Kibodachi (button) folded before Flop (didn't bet)
Seat 5: 18poker04 (small blind) folded before Flop
Seat 7: adrp0ker (big blind) collected ($0.02)
Seat 8: Dorex2007 folded before Flop (didn't bet)
Seat 9: RickyDoda1953 folded before Flop (didn't bet)



PokerStars Hand #237406920922:  Hold'em No Limit ($0.01/$0.02 USD) - 2022/07/16 22:54:49 PT [2022/07/17 1:54:49 ET]
Table 'Eduarda III' 9-max Seat #5 is the button
Seat 2: ondawarpaf ($2.33 in chips) 
Seat 5: 18poker04 ($1.65 in chips) 
Seat 7: adrp0ker ($2.14 in chips) 
Seat 8: Dorex2007 ($2.06 in chips) 
Seat 9: RickyDoda1953 ($2.63 in chips) 
adrp0ker: posts small blind $0.01
Dorex2007: posts big blind $0.02
xLuuck: sits out 
*** HOLE CARDS ***
Dealt to Dorex2007 [Kh 7c]
RickyDoda1953: folds 
ondawarpaf: folds 
18poker04: folds 
adrp0ker: folds 
Uncalled bet ($0.01) returned to Dorex2007
Dorex2007 collected $0.02 from pot
*** SUMMARY ***
Total pot $0.02 | Rake $0 
Seat 2: ondawarpaf folded before Flop (didn't bet)
Seat 5: 18poker04 (button) folded before Flop (didn't bet)
Seat 7: adrp0ker (small blind) folded before Flop
Seat 8: Dorex2007 (big blind) collected ($0.02)
Seat 9: RickyDoda1953 folded before Flop (didn't bet)



PokerStars Hand #237406930153:  Hold'em No Limit ($0.01/$0.02 USD) - 2022/07/16 22:55:05 PT [2022/07/17 1:55:05 ET]
Table 'Eduarda III' 9-max Seat #7 is the button
Seat 2: ondawarpaf ($2.33 in chips) 
Seat 5: 18poker04 ($1.65 in chips) 
Seat 6: Dubhe99 ($1.41 in chips) 
Seat 7: adrp0ker ($2.13 in chips) 
Seat 8: Dorex2007 ($2.07 in chips) 
Seat 9: RickyDoda1953 ($2.63 in chips) 
Dorex2007: posts small blind $0.01
RickyDoda1953: posts big blind $0.02
xLuuck: sits out 
Dubhe99: posts big blind $0.02
*** HOLE CARDS ***
Dealt to Dorex2007 [3h Ac]
ondawarpaf: folds 
18poker04: folds 
Dubhe99: checks 
adrp0ker: raises $0.04 to $0.06
Dorex2007: folds 
RickyDoda1953: folds 
Dubhe99: folds 
Uncalled bet ($0.04) returned to adrp0ker
adrp0ker collected $0.07 from pot
*** SUMMARY ***
Total pot $0.07 | Rake $0 
Seat 2: ondawarpaf folded before Flop (didn't bet)
Seat 5: 18poker04 folded before Flop (didn't bet)
Seat 6: Dubhe99 folded before Flop (didn't bet)
Seat 7: adrp0ker (button) collected ($0.07)
Seat 8: Dorex2007 (small blind) folded before Flop
Seat 9: RickyDoda1953 (big blind) folded before Flop



PokerStars Hand #237406933429:  Hold'em No Limit ($0.01/$0.02 USD) - 2022/07/16 22:55:38 PT [2022/07/17 1:55:38 ET]
Table 'Eduarda III' 9-max Seat #8 is the button
Seat 1: xLuuck ($0.80 in chips) 
Seat 2: ondawarpaf ($2.33 in chips) 
Seat 5: 18poker04 ($1.65 in chips) 
Seat 6: Dubhe99 ($1.39 in chips) 
Seat 7: adrp0ker ($2.18 in chips) 
Seat 8: Dorex2007 ($2.06 in chips) 
Seat 9: RickyDoda1953 ($2.61 in chips) 
RickyDoda1953: posts small blind $0.01
xLuuck: posts big blind $0.02
*** HOLE CARDS ***
Dealt to Dorex2007 [Ad 5c]
ondawarpaf: folds 
18poker04: raises $0.02 to $0.04
Dubhe99: calls $0.04
adrp0ker: folds 
Dorex2007: folds 
RickyDoda1953: calls $0.03
xLuuck: calls $0.02
*** FLOP *** [Ks 9s 6c]
RickyDoda1953: checks 
xLuuck: bets $0.07
18poker04: calls $0.07
Dubhe99: folds 
RickyDoda1953: folds 
*** TURN *** [Ks 9s 6c] [Td]
xLuuck: checks 
18poker04: checks 
*** RIVER *** [Ks 9s 6c Td] [2c]
xLuuck: bets $0.20
18poker04: calls $0.20
*** SHOW DOWN ***
xLuuck: shows [Kc 3h] (a pair of Kings)
18poker04: mucks hand 
xLuuck collected $0.68 from pot
*** SUMMARY ***
Total pot $0.70 | Rake $0.02 
Board [Ks 9s 6c Td 2c]
Seat 1: xLuuck (big blind) showed [Kc 3h] and won ($0.68) with a pair of Kings
Seat 2: ondawarpaf folded before Flop (didn't bet)
Seat 5: 18poker04 mucked [Ac 9c]
Seat 6: Dubhe99 folded on the Flop
Seat 7: adrp0ker folded before Flop (didn't bet)
Seat 8: Dorex2007 (button) folded before Flop (didn't bet)
Seat 9: RickyDoda1953 (small blind) folded on the Flop



PokerStars Hand #237406939078:  Hold'em No Limit ($0.01/$0.02 USD) - 2022/07/16 22:56:34 PT [2022/07/17 1:56:34 ET]
Table 'Eduarda III' 9-max Seat #9 is the button
Seat 1: xLuuck ($1.17 in chips) 
Seat 2: ondawarpaf ($2.33 in chips) 
Seat 3: Kibodachi ($0.97 in chips) 
Seat 5: 18poker04 ($1.34 in chips) 
Seat 6: Dubhe99 ($1.35 in chips) 
Seat 7: adrp0ker ($2.18 in chips) 
Seat 8: Dorex2007 ($2.06 in chips) 
Seat 9: RickyDoda1953 ($2.57 in chips) 
xLuuck: posts small blind $0.01
ondawarpaf: posts big blind $0.02
*** HOLE CARDS ***
Dealt to Dorex2007 [8d Ks]
Kibodachi: folds 
18poker04: folds 
Dubhe99 has timed out
Dubhe99: folds 
adrp0ker: folds 
Dorex2007: folds 
RickyDoda1953: calls $0.02
xLuuck: raises $0.02 to $0.04
ondawarpaf: folds 
RickyDoda1953: calls $0.02
*** FLOP *** [3c 4s Kc]
xLuuck: bets $0.07
RickyDoda1953: calls $0.07
*** TURN *** [3c 4s Kc] [Jc]
xLuuck: bets $0.11
RickyDoda1953: calls $0.11
*** RIVER *** [3c 4s Kc Jc] [3d]
xLuuck: bets $0.42
RickyDoda1953: calls $0.42
*** SHOW DOWN ***
xLuuck: shows [3h Kh] (a full house, Threes full of Kings)
RickyDoda1953: mucks hand 
xLuuck collected $1.25 from pot
*** SUMMARY ***
Total pot $1.30 | Rake $0.05 
Board [3c 4s Kc Jc 3d]
Seat 1: xLuuck (small blind) showed [3h Kh] and won ($1.25) with a full house, Threes full of Kings
Seat 2: ondawarpaf (big blind) folded before Flop
Seat 3: Kibodachi folded before Flop (didn't bet)
Seat 5: 18poker04 folded before Flop (didn't bet)
Seat 6: Dubhe99 folded before Flop (didn't bet)
Seat 7: adrp0ker folded before Flop (didn't bet)
Seat 8: Dorex2007 folded before Flop (didn't bet)
Seat 9: RickyDoda1953 (button) mucked [6c Qc]



PokerStars Hand #237406946157:  Hold'em No Limit ($0.01/$0.02 USD) - 2022/07/16 22:57:45 PT [2022/07/17 1:57:45 ET]
Table 'Eduarda III' 9-max Seat #1 is the button
Seat 1: xLuuck ($1.78 in chips) 
Seat 2: ondawarpaf ($2.31 in chips) 
Seat 3: Kibodachi ($0.97 in chips) 
Seat 5: 18poker04 ($1.34 in chips) 
Seat 6: Dubhe99 ($1.35 in chips) 
Seat 7: adrp0ker ($2.18 in chips) 
Seat 8: Dorex2007 ($2.06 in chips) 
Seat 9: RickyDoda1953 ($1.93 in chips) 
ondawarpaf: posts small blind $0.01
Kibodachi: posts big blind $0.02
vvivv9: sits out 
*** HOLE CARDS ***
Dealt to Dorex2007 [Td 6s]
18poker04: folds 
Dubhe99: folds 
adrp0ker: folds 
Dorex2007: folds 
RickyDoda1953: calls $0.02
xLuuck: raises $0.02 to $0.04
ondawarpaf: folds 
Kibodachi: folds 
RickyDoda1953: calls $0.02
*** FLOP *** [Ts 8h Qh]
RickyDoda1953: checks 
xLuuck: bets $0.05
RickyDoda1953: folds 
Uncalled bet ($0.05) returned to xLuuck
xLuuck collected $0.11 from pot
*** SUMMARY ***
Total pot $0.11 | Rake $0 
Board [Ts 8h Qh]
Seat 1: xLuuck (button) collected ($0.11)
Seat 2: ondawarpaf (small blind) folded before Flop
Seat 3: Kibodachi (big blind) folded before Flop
Seat 5: 18poker04 folded before Flop (didn't bet)
Seat 6: Dubhe99 folded before Flop (didn't bet)
Seat 7: adrp0ker folded before Flop (didn't bet)
Seat 8: Dorex2007 folded before Flop (didn't bet)
Seat 9: RickyDoda1953 folded on the Flop



PokerStars Hand #237406950324:  Hold'em No Limit ($0.01/$0.02 USD) - 2022/07/16 22:58:28 PT [2022/07/17 1:58:28 ET]
Table 'Eduarda III' 9-max Seat #2 is the button
Seat 1: xLuuck ($1.85 in chips) 
Seat 2: ondawarpaf ($2.30 in chips) 
Seat 3: Kibodachi ($0.95 in chips) 
Seat 4: vvivv9 ($0.88 in chips) 
Seat 5: 18poker04 ($1.34 in chips) 
Seat 6: Dubhe99 ($1.35 in chips) 
Seat 7: adrp0ker ($2.18 in chips) 
Seat 8: Dorex2007 ($2.06 in chips) 
Seat 9: RickyDoda1953 ($1.89 in chips) 
Kibodachi: posts small blind $0.01
vvivv9: posts big blind $0.02
*** HOLE CARDS ***
Dealt to Dorex2007 [6s 4c]
18poker04: folds 
Dubhe99: calls $0.02
adrp0ker: folds 
Dorex2007: folds 
RickyDoda1953: folds 
xLuuck has timed out
xLuuck: folds 
ondawarpaf: folds 
Kibodachi: calls $0.01
vvivv9: checks 
*** FLOP *** [Jc 5h 8c]
Kibodachi: checks 
vvivv9: checks 
Dubhe99: bets $0.08
Kibodachi: folds 
vvivv9: folds 
Uncalled bet ($0.08) returned to Dubhe99
Dubhe99 collected $0.06 from pot
*** SUMMARY ***
Total pot $0.06 | Rake $0 
Board [Jc 5h 8c]
Seat 1: xLuuck folded before Flop (didn't bet)
Seat 2: ondawarpaf (button) folded before Flop (didn't bet)
Seat 3: Kibodachi (small blind) folded on the Flop
Seat 4: vvivv9 (big blind) folded on the Flop
Seat 5: 18poker04 folded before Flop (didn't bet)
Seat 6: Dubhe99 collected ($0.06)
Seat 7: adrp0ker folded before Flop (didn't bet)
Seat 8: Dorex2007 folded before Flop (didn't bet)
Seat 9: RickyDoda1953 folded before Flop (didn't bet)



PokerStars Hand #237406956187:  Hold'em No Limit ($0.01/$0.02 USD) - 2022/07/16 22:59:27 PT [2022/07/17 1:59:27 ET]
Table 'Eduarda III' 9-max Seat #3 is the button
Seat 1: xLuuck ($1.85 in chips) 
Seat 2: ondawarpaf ($2.30 in chips) 
Seat 3: Kibodachi ($0.93 in chips) 
Seat 4: vvivv9 ($0.86 in chips) 
Seat 5: 18poker04 ($1.34 in chips) 
Seat 6: Dubhe99 ($1.39 in chips) 
Seat 7: adrp0ker ($2.18 in chips) 
Seat 8: Dorex2007 ($2.06 in chips) 
Seat 9: RickyDoda1953 ($1.89 in chips) 
vvivv9: posts small blind $0.01
18poker04: posts big blind $0.02
*** HOLE CARDS ***
Dealt to Dorex2007 [6h Jd]
Dubhe99: folds 
adrp0ker: raises $0.04 to $0.06
Dorex2007: folds 
RickyDoda1953: folds 
xLuuck: folds 
ondawarpaf: folds 
Kibodachi: folds 
vvivv9: folds 
18poker04: folds 
Uncalled bet ($0.04) returned to adrp0ker
adrp0ker collected $0.05 from pot
*** SUMMARY ***
Total pot $0.05 | Rake $0 
Seat 1: xLuuck folded before Flop (didn't bet)
Seat 2: ondawarpaf folded before Flop (didn't bet)
Seat 3: Kibodachi (button) folded before Flop (didn't bet)
Seat 4: vvivv9 (small blind) folded before Flop
Seat 5: 18poker04 (big blind) folded before Flop
Seat 6: Dubhe99 folded before Flop (didn't bet)
Seat 7: adrp0ker collected ($0.05)
Seat 8: Dorex2007 folded before Flop (didn't bet)
Seat 9: RickyDoda1953 folded before Flop (didn't bet)



PokerStars Hand #237406958770:  Hold'em No Limit ($0.01/$0.02 USD) - 2022/07/16 22:59:53 PT [2022/07/17 1:59:53 ET]
Table 'Eduarda III' 9-max Seat #4 is the button
Seat 1: xLuuck ($1.85 in chips) 
Seat 2: ondawarpaf ($2.30 in chips) 
Seat 3: Kibodachi ($0.93 in chips) 
Seat 4: vvivv9 ($0.85 in chips) 
Seat 5: 18poker04 ($1.32 in chips) 
Seat 6: Dubhe99 ($2 in chips) 
Seat 7: adrp0ker ($2.21 in chips) 
Seat 8: Dorex2007 ($2.06 in chips) 
Seat 9: RickyDoda1953 ($1.89 in chips) 
18poker04: posts small blind $0.01
Dubhe99: posts big blind $0.02
*** HOLE CARDS ***
Dealt to Dorex2007 [7s 2c]
adrp0ker: folds 
Dorex2007: folds 
RickyDoda1953: calls $0.02
xLuuck: folds 
ondawarpaf: folds 
Kibodachi: folds 
vvivv9: calls $0.02
18poker04: calls $0.01
Dubhe99: checks 
*** FLOP *** [4c 6c Kh]
18poker04: checks 
Dubhe99: checks 
RickyDoda1953: checks 
vvivv9: bets $0.04
18poker04: folds 
Dubhe99: folds 
RickyDoda1953: folds 
Uncalled bet ($0.04) returned to vvivv9
vvivv9 collected $0.08 from pot
*** SUMMARY ***
Total pot $0.08 | Rake $0 
Board [4c 6c Kh]
Seat 1: xLuuck folded before Flop (didn't bet)
Seat 2: ondawarpaf folded before Flop (didn't bet)
Seat 3: Kibodachi folded before Flop (didn't bet)
Seat 4: vvivv9 (button) collected ($0.08)
Seat 5: 18poker04 (small blind) folded on the Flop
Seat 6: Dubhe99 (big blind) folded on the Flop
Seat 7: adrp0ker folded before Flop (didn't bet)
Seat 8: Dorex2007 folded before Flop (didn't bet)
Seat 9: RickyDoda1953 folded on the Flop



PokerStars Hand #237406973266:  Hold'em No Limit ($0.01/$0.02 USD) - 2022/07/16 23:00:45 PT [2022/07/17 2:00:45 ET]
Table 'Eduarda III' 9-max Seat #5 is the button
Seat 1: xLuuck ($1.85 in chips) 
Seat 2: ondawarpaf ($2.30 in chips) 
Seat 3: Kibodachi ($0.93 in chips) 
Seat 4: vvivv9 ($0.91 in chips) 
Seat 5: 18poker04 ($1.30 in chips) 
Seat 6: Dubhe99 ($1.98 in chips) 
Seat 7: adrp0ker ($2.21 in chips) 
Seat 8: Dorex2007 ($2.06 in chips) 
Seat 9: RickyDoda1953 ($1.87 in chips) 
Dubhe99: posts small blind $0.01
adrp0ker: posts big blind $0.02
*** HOLE CARDS ***
Dealt to Dorex2007 [3d Ad]
Dorex2007: folds 
RickyDoda1953: calls $0.02
xLuuck: folds 
ondawarpaf: folds 
Kibodachi: folds 
vvivv9: calls $0.02
18poker04: folds 
Dubhe99: folds 
adrp0ker: checks 
*** FLOP *** [As 3s Qh]
adrp0ker: checks 
RickyDoda1953: checks 
vvivv9: checks 
*** TURN *** [As 3s Qh] [Qc]
adrp0ker: checks 
RickyDoda1953: bets $0.02
vvivv9: calls $0.02
adrp0ker: folds 
*** RIVER *** [As 3s Qh Qc] [6c]
RickyDoda1953: bets $0.11
vvivv9: folds 
Uncalled bet ($0.11) returned to RickyDoda1953
RickyDoda1953 collected $0.11 from pot
*** SUMMARY ***
Total pot $0.11 | Rake $0 
Board [As 3s Qh Qc 6c]
Seat 1: xLuuck folded before Flop (didn't bet)
Seat 2: ondawarpaf folded before Flop (didn't bet)
Seat 3: Kibodachi folded before Flop (didn't bet)
Seat 4: vvivv9 folded on the River
Seat 5: 18poker04 (button) folded before Flop (didn't bet)
Seat 6: Dubhe99 (small blind) folded before Flop
Seat 7: adrp0ker (big blind) folded on the Turn
Seat 8: Dorex2007 folded before Flop (didn't bet)
Seat 9: RickyDoda1953 collected ($0.11)



PokerStars Hand #237406982339:  Hold'em No Limit ($0.01/$0.02 USD) - 2022/07/16 23:02:07 PT [2022/07/17 2:02:07 ET]
Table 'Eduarda III' 9-max Seat #6 is the button
Seat 1: xLuuck ($1.85 in chips) 
Seat 2: ondawarpaf ($2.30 in chips) 
Seat 3: Kibodachi ($0.93 in chips) 
Seat 4: vvivv9 ($0.87 in chips) 
Seat 5: 18poker04 ($1.30 in chips) 
Seat 6: Dubhe99 ($1.97 in chips) 
Seat 7: adrp0ker ($2.19 in chips) 
Seat 8: Dorex2007 ($2.06 in chips) 
Seat 9: RickyDoda1953 ($1.94 in chips) 
adrp0ker: posts small blind $0.01
Dorex2007: posts big blind $0.02
*** HOLE CARDS ***
Dealt to Dorex2007 [9h 6h]
RickyDoda1953: calls $0.02
xLuuck: calls $0.02
ondawarpaf: folds 
Kibodachi: folds 
vvivv9: folds 
18poker04: folds 
Dubhe99: folds 
adrp0ker: calls $0.01
Dorex2007: checks 
*** FLOP *** [2h 9s 6c]
adrp0ker: checks 
Dorex2007: bets $0.05
RickyDoda1953: folds 
xLuuck: folds 
adrp0ker: folds 
Uncalled bet ($0.05) returned to Dorex2007
Dorex2007 collected $0.08 from pot
*** SUMMARY ***
Total pot $0.08 | Rake $0 
Board [2h 9s 6c]
Seat 1: xLuuck folded on the Flop
Seat 2: ondawarpaf folded before Flop (didn't bet)
Seat 3: Kibodachi folded before Flop (didn't bet)
Seat 4: vvivv9 folded before Flop (didn't bet)
Seat 5: 18poker04 folded before Flop (didn't bet)
Seat 6: Dubhe99 (button) folded before Flop (didn't bet)
Seat 7: adrp0ker (small blind) folded on the Flop
Seat 8: Dorex2007 (big blind) collected ($0.08)
Seat 9: RickyDoda1953 folded on the Flop



PokerStars Hand #237406987358:  Hold'em No Limit ($0.01/$0.02 USD) - 2022/07/16 23:02:53 PT [2022/07/17 2:02:53 ET]
Table 'Eduarda III' 9-max Seat #7 is the button
Seat 1: xLuuck ($1.83 in chips) 
Seat 2: ondawarpaf ($2.30 in chips) 
Seat 3: Kibodachi ($0.93 in chips) 
Seat 4: vvivv9 ($0.87 in chips) 
Seat 5: 18poker04 ($1.30 in chips) 
Seat 6: Dubhe99 ($1.97 in chips) 
Seat 7: adrp0ker ($2.17 in chips) 
Seat 8: Dorex2007 ($2.12 in chips) 
Seat 9: RickyDoda1953 ($1.92 in chips) 
Dorex2007: posts small blind $0.01
RickyDoda1953: posts big blind $0.02
*** HOLE CARDS ***
Dealt to Dorex2007 [Ad Jh]
xLuuck: calls $0.02
ondawarpaf: folds 
Kibodachi: folds 
vvivv9: folds 
18poker04: raises $0.06 to $0.08
Dubhe99: calls $0.08
adrp0ker: folds 
Dorex2007: calls $0.07
RickyDoda1953: folds 
xLuuck: calls $0.06
*** FLOP *** [5d Ah 9h]
Dorex2007: bets $0.16
xLuuck: folds 
18poker04: folds 
Dubhe99: calls $0.16
*** TURN *** [5d Ah 9h] [5c]
Dorex2007: bets $0.24
xLuuck leaves the table
Dubhe99: calls $0.24
*** RIVER *** [5d Ah 9h 5c] [Qs]
kety38 joins the table at seat #1 
Dorex2007: bets $0.22
Dubhe99: calls $0.22
*** SHOW DOWN ***
Dorex2007: shows [Ad Jh] (two pair, Aces and Fives)
Dubhe99: shows [As 2d] (two pair, Aces and Fives)
Dorex2007 collected $0.76 from pot
Dubhe99 collected $0.76 from pot
*** SUMMARY ***
Total pot $1.58 | Rake $0.06 
Board [5d Ah 9h 5c Qs]
Seat 1: xLuuck folded on the Flop
Seat 2: ondawarpaf folded before Flop (didn't bet)
Seat 3: Kibodachi folded before Flop (didn't bet)
Seat 4: vvivv9 folded before Flop (didn't bet)
Seat 5: 18poker04 folded on the Flop
Seat 6: Dubhe99 showed [As 2d] and won ($0.76) with two pair, Aces and Fives
Seat 7: adrp0ker (button) folded before Flop (didn't bet)
Seat 8: Dorex2007 (small blind) showed [Ad Jh] and won ($0.76) with two pair, Aces and Fives
Seat 9: RickyDoda1953 (big blind) folded before Flop



PokerStars Hand #237406995093:  Hold'em No Limit ($0.01/$0.02 USD) - 2022/07/16 23:04:03 PT [2022/07/17 2:04:03 ET]
Table 'Eduarda III' 9-max Seat #8 is the button
Seat 1: kety38 ($1.60 in chips) 
Seat 2: ondawarpaf ($2.30 in chips) 
Seat 3: Kibodachi ($0.93 in chips) 
Seat 4: vvivv9 ($0.87 in chips) 
Seat 5: 18poker04 ($1.22 in chips) 
Seat 6: Dubhe99 ($2.03 in chips) 
Seat 8: Dorex2007 ($2.18 in chips) 
Seat 9: RickyDoda1953 ($1.90 in chips) 
RickyDoda1953: posts small blind $0.01
kety38: posts big blind $0.02
*** HOLE CARDS ***
Dealt to Dorex2007 [7d Th]
ondawarpaf: folds 
Kibodachi: raises $0.02 to $0.04
vvivv9: folds 
18poker04: folds 
Dubhe99: calls $0.04
Dorex2007: folds 
RickyDoda1953: folds 
kety38: calls $0.02
*** FLOP *** [6c 2s Ks]
kety38: checks 
Kibodachi: bets $0.06
Dubhe99: calls $0.06
kety38: folds 
*** TURN *** [6c 2s Ks] [Jc]
Kibodachi: bets $0.83 and is all-in
Dubhe99: folds 
Uncalled bet ($0.83) returned to Kibodachi
Kibodachi collected $0.24 from pot
*** SUMMARY ***
Total pot $0.25 | Rake $0.01 
Board [6c 2s Ks Jc]
Seat 1: kety38 (big blind) folded on the Flop
Seat 2: ondawarpaf folded before Flop (didn't bet)
Seat 3: Kibodachi collected ($0.24)
Seat 4: vvivv9 folded before Flop (didn't bet)
Seat 5: 18poker04 folded before Flop (didn't bet)
Seat 6: Dubhe99 folded on the Turn
Seat 8: Dorex2007 (button) folded before Flop (didn't bet)
Seat 9: RickyDoda1953 (small blind) folded before Flop



PokerStars Hand #237407001126:  Hold'em No Limit ($0.01/$0.02 USD) - 2022/07/16 23:04:57 PT [2022/07/17 2:04:57 ET]
Table 'Eduarda III' 9-max Seat #9 is the button
Seat 1: kety38 ($1.56 in chips) 
Seat 2: ondawarpaf ($2.30 in chips) 
Seat 3: Kibodachi ($1.07 in chips) 
Seat 4: vvivv9 ($0.87 in chips) 
Seat 5: 18poker04 ($1.22 in chips) 
Seat 6: Dubhe99 ($1.93 in chips) 
Seat 8: Dorex2007 ($2.18 in chips) 
Seat 9: RickyDoda1953 ($1.89 in chips) 
kety38: posts small blind $0.01
ondawarpaf: posts big blind $0.02
*** HOLE CARDS ***
Dealt to Dorex2007 [7c 7s]
Kibodachi: folds 
vvivv9: folds 
18poker04: folds 
Dubhe99: folds 
Dorex2007: raises $0.02 to $0.04
RickyDoda1953: folds 
kety38: folds 
ondawarpaf: folds 
Uncalled bet ($0.02) returned to Dorex2007
Dorex2007 collected $0.05 from pot
*** SUMMARY ***
Total pot $0.05 | Rake $0 
Seat 1: kety38 (small blind) folded before Flop
Seat 2: ondawarpaf (big blind) folded before Flop
Seat 3: Kibodachi folded before Flop (didn't bet)
Seat 4: vvivv9 folded before Flop (didn't bet)
Seat 5: 18poker04 folded before Flop (didn't bet)
Seat 6: Dubhe99 folded before Flop (didn't bet)
Seat 8: Dorex2007 collected ($0.05)
Seat 9: RickyDoda1953 (button) folded before Flop (didn't bet)



PokerStars Hand #237407003801:  Hold'em No Limit ($0.01/$0.02 USD) - 2022/07/16 23:05:21 PT [2022/07/17 2:05:21 ET]
Table 'Eduarda III' 9-max Seat #1 is the button
Seat 1: kety38 ($1.55 in chips) 
Seat 2: ondawarpaf ($2.28 in chips) 
Seat 3: Kibodachi ($1.07 in chips) 
Seat 4: vvivv9 ($0.87 in chips) 
Seat 5: 18poker04 ($1.22 in chips) 
Seat 6: Dubhe99 ($1.93 in chips) 
Seat 7: adrp0ker ($2.17 in chips) 
Seat 8: Dorex2007 ($2.21 in chips) 
Seat 9: RickyDoda1953 ($1.89 in chips) 
ondawarpaf: posts small blind $0.01
Kibodachi: posts big blind $0.02
*** HOLE CARDS ***
Dealt to Dorex2007 [3s 6d]
vvivv9: folds 
18poker04: folds 
Dubhe99: calls $0.02
adrp0ker: folds 
Dorex2007: folds 
RickyDoda1953: raises $0.02 to $0.04
kety38: folds 
ondawarpaf: folds 
Kibodachi: folds 
Dubhe99: calls $0.02
*** FLOP *** [5s 9s Js]
Dubhe99: checks 
RickyDoda1953: checks 
*** TURN *** [5s 9s Js] [Jh]
Dubhe99: checks 
RickyDoda1953: checks 
*** RIVER *** [5s 9s Js Jh] [Kc]
Dubhe99: checks 
RickyDoda1953: bets $0.11
Dubhe99: folds 
Uncalled bet ($0.11) returned to RickyDoda1953
RickyDoda1953 collected $0.11 from pot
*** SUMMARY ***
Total pot $0.11 | Rake $0 
Board [5s 9s Js Jh Kc]
Seat 1: kety38 (button) folded before Flop (didn't bet)
Seat 2: ondawarpaf (small blind) folded before Flop
Seat 3: Kibodachi (big blind) folded before Flop
Seat 4: vvivv9 folded before Flop (didn't bet)
Seat 5: 18poker04 folded before Flop (didn't bet)
Seat 6: Dubhe99 folded on the River
Seat 7: adrp0ker folded before Flop (didn't bet)
Seat 8: Dorex2007 folded before Flop (didn't bet)
Seat 9: RickyDoda1953 collected ($0.11)



PokerStars Hand #237407010623:  Hold'em No Limit ($0.01/$0.02 USD) - 2022/07/16 23:06:23 PT [2022/07/17 2:06:23 ET]
Table 'Eduarda III' 9-max Seat #2 is the button
Seat 1: kety38 ($1.55 in chips) 
Seat 2: ondawarpaf ($2.27 in chips) 
Seat 3: Kibodachi ($1.05 in chips) 
Seat 4: vvivv9 ($0.87 in chips) 
Seat 5: 18poker04 ($1.22 in chips) 
Seat 6: Dubhe99 ($1.89 in chips) 
Seat 7: adrp0ker ($2.17 in chips) 
Seat 8: Dorex2007 ($2.21 in chips) 
Seat 9: RickyDoda1953 ($1.96 in chips) 
Kibodachi: posts small blind $0.01
vvivv9: posts big blind $0.02
*** HOLE CARDS ***
Dealt to Dorex2007 [4c Td]
18poker04: raises $0.02 to $0.04
Dubhe99: folds 
adrp0ker: folds 
Dorex2007: folds 
RickyDoda1953: calls $0.04
kety38: folds 
ondawarpaf: folds 
Kibodachi: folds 
vvivv9: folds 
*** FLOP *** [4d 2d 3c]
18poker04: checks 
RickyDoda1953: checks 
*** TURN *** [4d 2d 3c] [Qc]
18poker04: checks 
RickyDoda1953: checks 
*** RIVER *** [4d 2d 3c Qc] [2c]
18poker04: checks 
RickyDoda1953: checks 
*** SHOW DOWN ***
18poker04: shows [Jh Ts] (a pair of Deuces)
RickyDoda1953: shows [Th Jc] (a pair of Deuces)
18poker04 collected $0.06 from pot
RickyDoda1953 collected $0.05 from pot
*** SUMMARY ***
Total pot $0.11 | Rake $0 
Board [4d 2d 3c Qc 2c]
Seat 1: kety38 folded before Flop (didn't bet)
Seat 2: ondawarpaf (button) folded before Flop (didn't bet)
Seat 3: Kibodachi (small blind) folded before Flop
Seat 4: vvivv9 (big blind) folded before Flop
Seat 5: 18poker04 showed [Jh Ts] and won ($0.06) with a pair of Deuces
Seat 6: Dubhe99 folded before Flop (didn't bet)
Seat 7: adrp0ker folded before Flop (didn't bet)
Seat 8: Dorex2007 folded before Flop (didn't bet)
Seat 9: RickyDoda1953 showed [Th Jc] and won ($0.05) with a pair of Deuces



PokerStars Hand #237407014174:  Hold'em No Limit ($0.01/$0.02 USD) - 2022/07/16 23:06:56 PT [2022/07/17 2:06:56 ET]
Table 'Eduarda III' 9-max Seat #3 is the button
Seat 1: kety38 ($1.55 in chips) 
Seat 2: ondawarpaf ($2.27 in chips) 
Seat 3: Kibodachi ($1.04 in chips) 
Seat 4: vvivv9 ($0.85 in chips) 
Seat 5: 18poker04 ($1.24 in chips) 
Seat 6: Dubhe99 ($1.89 in chips) 
Seat 7: adrp0ker ($2.17 in chips) 
Seat 8: Dorex2007 ($2.21 in chips) 
Seat 9: RickyDoda1953 ($1.97 in chips) 
vvivv9: posts small blind $0.01
18poker04: posts big blind $0.02
*** HOLE CARDS ***
Dealt to Dorex2007 [Ks Qs]
Dubhe99: folds 
adrp0ker: folds 
Dorex2007: raises $0.06 to $0.08
RickyDoda1953: folds 
kety38: folds 
ondawarpaf: folds 
Kibodachi: folds 
vvivv9: folds 
18poker04: folds 
Uncalled bet ($0.06) returned to Dorex2007
Dorex2007 collected $0.05 from pot
*** SUMMARY ***
Total pot $0.05 | Rake $0 
Seat 1: kety38 folded before Flop (didn't bet)
Seat 2: ondawarpaf folded before Flop (didn't bet)
Seat 3: Kibodachi (button) folded before Flop (didn't bet)
Seat 4: vvivv9 (small blind) folded before Flop
Seat 5: 18poker04 (big blind) folded before Flop
Seat 6: Dubhe99 folded before Flop (didn't bet)
Seat 7: adrp0ker folded before Flop (didn't bet)
Seat 8: Dorex2007 collected ($0.05)
Seat 9: RickyDoda1953 folded before Flop (didn't bet)



PokerStars Hand #237407017113:  Hold'em No Limit ($0.01/$0.02 USD) - 2022/07/16 23:07:23 PT [2022/07/17 2:07:23 ET]
Table 'Eduarda III' 9-max Seat #4 is the button
Seat 1: kety38 ($1.55 in chips) 
Seat 2: ondawarpaf ($2.27 in chips) 
Seat 3: Kibodachi ($1.04 in chips) 
Seat 4: vvivv9 ($0.84 in chips) 
Seat 5: 18poker04 ($1.22 in chips) 
Seat 6: Dubhe99 ($1.89 in chips) 
Seat 7: adrp0ker ($2.17 in chips) 
Seat 8: Dorex2007 ($2.24 in chips) 
Seat 9: RickyDoda1953 ($1.97 in chips) 
18poker04: posts small blind $0.01
Dubhe99: posts big blind $0.02
*** HOLE CARDS ***
Dealt to Dorex2007 [Jd 2c]
adrp0ker: folds 
Dorex2007: folds 
RickyDoda1953: folds 
kety38: folds 
ondawarpaf: folds 
Kibodachi: folds 
vvivv9: raises $0.02 to $0.04
18poker04: calls $0.03
Dubhe99: folds 
*** FLOP *** [8c 3c 4h]
18poker04: checks 
vvivv9: bets $0.05
18poker04: calls $0.05
*** TURN *** [8c 3c 4h] [Qc]
18poker04: checks 
vvivv9: bets $0.08
18poker04: folds 
Uncalled bet ($0.08) returned to vvivv9
vvivv9 collected $0.19 from pot
*** SUMMARY ***
Total pot $0.20 | Rake $0.01 
Board [8c 3c 4h Qc]
Seat 1: kety38 folded before Flop (didn't bet)
Seat 2: ondawarpaf folded before Flop (didn't bet)
Seat 3: Kibodachi folded before Flop (didn't bet)
Seat 4: vvivv9 (button) collected ($0.19)
Seat 5: 18poker04 (small blind) folded on the Turn
Seat 6: Dubhe99 (big blind) folded before Flop
Seat 7: adrp0ker folded before Flop (didn't bet)
Seat 8: Dorex2007 folded before Flop (didn't bet)
Seat 9: RickyDoda1953 folded before Flop (didn't bet)



PokerStars Hand #237407022387:  Hold'em No Limit ($0.01/$0.02 USD) - 2022/07/16 23:08:10 PT [2022/07/17 2:08:10 ET]
Table 'Eduarda III' 9-max Seat #5 is the button
Seat 1: kety38 ($1.55 in chips) 
Seat 2: ondawarpaf ($2.27 in chips) 
Seat 3: Kibodachi ($1.04 in chips) 
Seat 4: vvivv9 ($0.94 in chips) 
Seat 5: 18poker04 ($1.13 in chips) 
Seat 6: Dubhe99 ($1.98 in chips) 
Seat 7: adrp0ker ($2.17 in chips) 
Seat 8: Dorex2007 ($2.24 in chips) 
Seat 9: RickyDoda1953 ($1.97 in chips) 
Dubhe99: posts small blind $0.01
adrp0ker: posts big blind $0.02
*** HOLE CARDS ***
Dealt to Dorex2007 [6s 6h]
Dorex2007: folds 
RickyDoda1953: folds 
kety38: calls $0.02
ondawarpaf: folds 
Kibodachi: folds 
vvivv9: folds 
18poker04: calls $0.02
Dubhe99: folds 
adrp0ker: checks 
*** FLOP *** [4h 8s Qs]
adrp0ker: checks 
kety38: checks 
18poker04: checks 
*** TURN *** [4h 8s Qs] [8c]
adrp0ker: checks 
kety38: checks 
18poker04: bets $0.02
adrp0ker: calls $0.02
kety38: folds 
*** RIVER *** [4h 8s Qs 8c] [5d]
adrp0ker: checks 
18poker04: checks 
*** SHOW DOWN ***
adrp0ker: shows [9c 5h] (two pair, Eights and Fives)
18poker04: shows [6d Qd] (two pair, Queens and Eights)
18poker04 collected $0.11 from pot
*** SUMMARY ***
Total pot $0.11 | Rake $0 
Board [4h 8s Qs 8c 5d]
Seat 1: kety38 folded on the Turn
Seat 2: ondawarpaf folded before Flop (didn't bet)
Seat 3: Kibodachi folded before Flop (didn't bet)
Seat 4: vvivv9 folded before Flop (didn't bet)
Seat 5: 18poker04 (button) showed [6d Qd] and won ($0.11) with two pair, Queens and Eights
Seat 6: Dubhe99 (small blind) folded before Flop
Seat 7: adrp0ker (big blind) showed [9c 5h] and lost with two pair, Eights and Fives
Seat 8: Dorex2007 folded before Flop (didn't bet)
Seat 9: RickyDoda1953 folded before Flop (didn't bet)



PokerStars Hand #237407027970:  Hold'em No Limit ($0.01/$0.02 USD) - 2022/07/16 23:09:00 PT [2022/07/17 2:09:00 ET]
Table 'Eduarda III' 9-max Seat #6 is the button
Seat 1: kety38 ($1.53 in chips) 
Seat 2: ondawarpaf ($2.27 in chips) 
Seat 3: Kibodachi ($1.04 in chips) 
Seat 4: vvivv9 ($0.94 in chips) 
Seat 5: 18poker04 ($1.20 in chips) 
Seat 6: Dubhe99 ($2 in chips) 
Seat 7: adrp0ker ($2.13 in chips) 
Seat 8: Dorex2007 ($2.24 in chips) 
Seat 9: RickyDoda1953 ($1.97 in chips) 
adrp0ker: posts small blind $0.01
Dorex2007: posts big blind $0.02
*** HOLE CARDS ***
Dealt to Dorex2007 [6h 2d]
RickyDoda1953: folds 
kety38: folds 
ondawarpaf: folds 
Kibodachi: folds 
vvivv9: folds 
18poker04: folds 
Dubhe99: folds 
adrp0ker: folds 
Uncalled bet ($0.01) returned to Dorex2007
Dorex2007 collected $0.02 from pot
*** SUMMARY ***
Total pot $0.02 | Rake $0 
Seat 1: kety38 folded before Flop (didn't bet)
Seat 2: ondawarpaf folded before Flop (didn't bet)
Seat 3: Kibodachi folded before Flop (didn't bet)
Seat 4: vvivv9 folded before Flop (didn't bet)
Seat 5: 18poker04 folded before Flop (didn't bet)
Seat 6: Dubhe99 (button) folded before Flop (didn't bet)
Seat 7: adrp0ker (small blind) folded before Flop
Seat 8: Dorex2007 (big blind) collected ($0.02)
Seat 9: RickyDoda1953 folded before Flop (didn't bet)



PokerStars Hand #237407030085:  Hold'em No Limit ($0.01/$0.02 USD) - 2022/07/16 23:09:19 PT [2022/07/17 2:09:19 ET]
Table 'Eduarda III' 9-max Seat #7 is the button
Seat 1: kety38 ($1.53 in chips) 
Seat 2: ondawarpaf ($2.27 in chips) 
Seat 3: Kibodachi ($1.04 in chips) 
Seat 4: vvivv9 ($0.94 in chips) 
Seat 5: 18poker04 ($1.20 in chips) 
Seat 6: Dubhe99 ($2 in chips) 
Seat 7: adrp0ker ($2.12 in chips) 
Seat 8: Dorex2007 ($2.25 in chips) 
Seat 9: RickyDoda1953 ($1.97 in chips) 
Dorex2007: posts small blind $0.01
RickyDoda1953: posts big blind $0.02
*** HOLE CARDS ***
Dealt to Dorex2007 [Ad 9d]
kety38: calls $0.02
ondawarpaf: calls $0.02
Kibodachi: folds 
vvivv9: folds 
18poker04: folds 
Dubhe99: folds 
adrp0ker: calls $0.02
Dorex2007: calls $0.01
RickyDoda1953: checks 
*** FLOP *** [4c Js Qd]
Dorex2007: checks 
RickyDoda1953: bets $0.10
kety38: folds 
kety38 leaves the table
ondawarpaf: folds 
bojnice21 joins the table at seat #1 
adrp0ker: folds 
Dorex2007: folds 
Uncalled bet ($0.10) returned to RickyDoda1953
RickyDoda1953 collected $0.10 from pot
*** SUMMARY ***
Total pot $0.10 | Rake $0 
Board [4c Js Qd]
Seat 1: kety38 folded on the Flop
Seat 2: ondawarpaf folded on the Flop
Seat 3: Kibodachi folded before Flop (didn't bet)
Seat 4: vvivv9 folded before Flop (didn't bet)
Seat 5: 18poker04 folded before Flop (didn't bet)
Seat 6: Dubhe99 folded before Flop (didn't bet)
Seat 7: adrp0ker (button) folded on the Flop
Seat 8: Dorex2007 (small blind) folded on the Flop
Seat 9: RickyDoda1953 (big blind) collected ($0.10)



PokerStars Hand #237407034759:  Hold'em No Limit ($0.01/$0.02 USD) - 2022/07/16 23:10:01 PT [2022/07/17 2:10:01 ET]
Table 'Eduarda III' 9-max Seat #8 is the button
Seat 1: bojnice21 ($2 in chips) 
Seat 2: ondawarpaf ($2.25 in chips) 
Seat 3: Kibodachi ($1.04 in chips) 
Seat 4: vvivv9 ($0.94 in chips) 
Seat 5: 18poker04 ($1.20 in chips) 
Seat 6: Dubhe99 ($2 in chips) 
Seat 7: adrp0ker ($2.10 in chips) 
Seat 8: Dorex2007 ($2.23 in chips) 
Seat 9: RickyDoda1953 ($2.05 in chips) 
RickyDoda1953: posts small blind $0.01
bojnice21: posts big blind $0.02
*** HOLE CARDS ***
Dealt to Dorex2007 [Th 6h]
ondawarpaf: folds 
Kibodachi: folds 
vvivv9: folds 
18poker04: folds 
Dubhe99: calls $0.02
adrp0ker: folds 
Dorex2007 has timed out
Dorex2007: folds 
RickyDoda1953: folds 
bojnice21: checks 
*** FLOP *** [7s 8d Qs]
bojnice21: checks 
Dubhe99: checks 
*** TURN *** [7s 8d Qs] [Qd]
bojnice21: checks 
Dubhe99: checks 
*** RIVER *** [7s 8d Qs Qd] [Jc]
bojnice21: checks 
Dubhe99: checks 
*** SHOW DOWN ***
bojnice21: shows [Jd 6c] (two pair, Queens and Jacks)
Dubhe99: mucks hand 
bojnice21 collected $0.05 from pot
*** SUMMARY ***
Total pot $0.05 | Rake $0 
Board [7s 8d Qs Qd Jc]
Seat 1: bojnice21 (big blind) showed [Jd 6c] and won ($0.05) with two pair, Queens and Jacks
Seat 2: ondawarpaf folded before Flop (didn't bet)
Seat 3: Kibodachi folded before Flop (didn't bet)
Seat 4: vvivv9 folded before Flop (didn't bet)
Seat 5: 18poker04 folded before Flop (didn't bet)
Seat 6: Dubhe99 mucked [Tc Ad]
Seat 7: adrp0ker folded before Flop (didn't bet)
Seat 8: Dorex2007 (button) folded before Flop (didn't bet)
Seat 9: RickyDoda1953 (small blind) folded before Flop



PokerStars Hand #237407039222:  Hold'em No Limit ($0.01/$0.02 USD) - 2022/07/16 23:10:41 PT [2022/07/17 2:10:41 ET]
Table 'Eduarda III' 9-max Seat #9 is the button
Seat 1: bojnice21 ($2.03 in chips) 
Seat 2: ondawarpaf ($2.25 in chips) 
Seat 3: Kibodachi ($1.04 in chips) 
Seat 4: vvivv9 ($0.94 in chips) 
Seat 5: 18poker04 ($1.20 in chips) 
Seat 6: Dubhe99 ($1.98 in chips) 
Seat 7: adrp0ker ($2.10 in chips) 
Seat 8: Dorex2007 ($2.23 in chips) 
Seat 9: RickyDoda1953 ($2.04 in chips) 
bojnice21: posts small blind $0.01
ondawarpaf: posts big blind $0.02
*** HOLE CARDS ***
Dealt to Dorex2007 [Th 9h]
Kibodachi: folds 
vvivv9: calls $0.02
18poker04: folds 
Dubhe99: calls $0.02
adrp0ker: folds 
Dorex2007: calls $0.02
RickyDoda1953 has timed out
RickyDoda1953: folds 
bojnice21: calls $0.01
ondawarpaf: checks 
*** FLOP *** [Js 7d Qh]
bojnice21: checks 
ondawarpaf: checks 
vvivv9: checks 
Dubhe99: checks 
Dorex2007: bets $0.07
bojnice21: folds 
ondawarpaf: folds 
vvivv9: folds 
Dubhe99: folds 
Uncalled bet ($0.07) returned to Dorex2007
Dorex2007 collected $0.10 from pot
*** SUMMARY ***
Total pot $0.10 | Rake $0 
Board [Js 7d Qh]
Seat 1: bojnice21 (small blind) folded on the Flop
Seat 2: ondawarpaf (big blind) folded on the Flop
Seat 3: Kibodachi folded before Flop (didn't bet)
Seat 4: vvivv9 folded on the Flop
Seat 5: 18poker04 folded before Flop (didn't bet)
Seat 6: Dubhe99 folded on the Flop
Seat 7: adrp0ker folded before Flop (didn't bet)
Seat 8: Dorex2007 collected ($0.10)
Seat 9: RickyDoda1953 (button) folded before Flop (didn't bet)



PokerStars Hand #237407047214:  Hold'em No Limit ($0.01/$0.02 USD) - 2022/07/16 23:11:52 PT [2022/07/17 2:11:52 ET]
Table 'Eduarda III' 9-max Seat #1 is the button
Seat 1: bojnice21 ($2.01 in chips) 
Seat 2: ondawarpaf ($2.23 in chips) 
Seat 3: Kibodachi ($1.04 in chips) 
Seat 4: vvivv9 ($0.92 in chips) 
Seat 5: 18poker04 ($1.20 in chips) 
Seat 6: Dubhe99 ($1.96 in chips) 
Seat 7: adrp0ker ($2.10 in chips) 
Seat 8: Dorex2007 ($2.31 in chips) 
Seat 9: RickyDoda1953 ($2.04 in chips) 
ondawarpaf: posts small blind $0.01
Kibodachi: posts big blind $0.02
*** HOLE CARDS ***
Dealt to Dorex2007 [9h Kd]
vvivv9: folds 
18poker04: calls $0.02
Dubhe99: calls $0.02
adrp0ker: folds 
Dorex2007: folds 
RickyDoda1953 has timed out
RickyDoda1953: folds 
bojnice21: folds 
ondawarpaf: folds 
Kibodachi: checks 
*** FLOP *** [5d Ac Kh]
Kibodachi: checks 
18poker04: checks 
Dubhe99: checks 
*** TURN *** [5d Ac Kh] [Qs]
Kibodachi: checks 
18poker04: checks 
Dubhe99: checks 
*** RIVER *** [5d Ac Kh Qs] [6d]
Kibodachi: checks 
18poker04: checks 
Dubhe99: checks 
*** SHOW DOWN ***
Kibodachi: shows [3h Js] (high card Ace)
18poker04: shows [8c Jc] (high card Ace - King+Queen+Jack+Eight kicker)
Dubhe99: mucks hand 
18poker04 collected $0.07 from pot
*** SUMMARY ***
Total pot $0.07 | Rake $0 
Board [5d Ac Kh Qs 6d]
Seat 1: bojnice21 (button) folded before Flop (didn't bet)
Seat 2: ondawarpaf (small blind) folded before Flop
Seat 3: Kibodachi (big blind) showed [3h Js] and lost with high card Ace
Seat 4: vvivv9 folded before Flop (didn't bet)
Seat 5: 18poker04 showed [8c Jc] and won ($0.07) with high card Ace
Seat 6: Dubhe99 mucked [Jh 4h]
Seat 7: adrp0ker folded before Flop (didn't bet)
Seat 8: Dorex2007 folded before Flop (didn't bet)
Seat 9: RickyDoda1953 folded before Flop (didn't bet)



PokerStars Hand #237407055543:  Hold'em No Limit ($0.01/$0.02 USD) - 2022/07/16 23:13:08 PT [2022/07/17 2:13:08 ET]
Table 'Eduarda III' 9-max Seat #2 is the button
Seat 1: bojnice21 ($2.01 in chips) 
Seat 2: ondawarpaf ($2.22 in chips) 
Seat 3: Kibodachi ($1.02 in chips) 
Seat 4: vvivv9 ($0.92 in chips) 
Seat 5: 18poker04 ($1.25 in chips) 
Seat 6: Dubhe99 ($1.94 in chips) 
Seat 7: adrp0ker ($2.10 in chips) 
Seat 8: Dorex2007 ($2.31 in chips) 
Seat 9: RickyDoda1953 ($2.04 in chips) 
Kibodachi: posts small blind $0.01
vvivv9: posts big blind $0.02
*** HOLE CARDS ***
Dealt to Dorex2007 [4s Jc]
18poker04: folds 
Dubhe99: folds 
adrp0ker: folds 
Dorex2007: folds 
RickyDoda1953 has timed out
RickyDoda1953: folds 
bojnice21: folds 
ondawarpaf: folds 
Kibodachi: folds 
Uncalled bet ($0.01) returned to vvivv9
vvivv9 collected $0.02 from pot
*** SUMMARY ***
Total pot $0.02 | Rake $0 
Seat 1: bojnice21 folded before Flop (didn't bet)
Seat 2: ondawarpaf (button) folded before Flop (didn't bet)
Seat 3: Kibodachi (small blind) folded before Flop
Seat 4: vvivv9 (big blind) collected ($0.02)
Seat 5: 18poker04 folded before Flop (didn't bet)
Seat 6: Dubhe99 folded before Flop (didn't bet)
Seat 7: adrp0ker folded before Flop (didn't bet)
Seat 8: Dorex2007 folded before Flop (didn't bet)
Seat 9: RickyDoda1953 folded before Flop (didn't bet)



PokerStars Hand #237407057720:  Hold'em No Limit ($0.01/$0.02 USD) - 2022/07/16 23:13:27 PT [2022/07/17 2:13:27 ET]
Table 'Eduarda III' 9-max Seat #3 is the button
Seat 1: bojnice21 ($2.01 in chips) 
Seat 2: ondawarpaf ($2.22 in chips) 
Seat 3: Kibodachi ($1.01 in chips) 
Seat 4: vvivv9 ($0.93 in chips) 
Seat 5: 18poker04 ($1.25 in chips) 
Seat 6: Dubhe99 ($1.94 in chips) 
Seat 7: adrp0ker ($2.10 in chips) 
Seat 8: Dorex2007 ($2.31 in chips) 
Seat 9: RickyDoda1953 ($2.04 in chips) 
vvivv9: posts small blind $0.01
18poker04: posts big blind $0.02
*** HOLE CARDS ***
Dealt to Dorex2007 [Td Ah]
Dubhe99: calls $0.02
adrp0ker: folds 
Dorex2007: calls $0.02
RickyDoda1953: folds 
bojnice21: folds 
ondawarpaf: folds 
Kibodachi: calls $0.02
vvivv9: folds 
18poker04: checks 
*** FLOP *** [Kc Js 7d]
18poker04: checks 
Dubhe99: checks 
Dorex2007: checks 
Kibodachi: checks 
*** TURN *** [Kc Js 7d] [4s]
18poker04: checks 
Dubhe99: bets $0.08
Dorex2007: folds 
Kibodachi: folds 
18poker04: folds 
Uncalled bet ($0.08) returned to Dubhe99
Dubhe99 collected $0.09 from pot
*** SUMMARY ***
Total pot $0.09 | Rake $0 
Board [Kc Js 7d 4s]
Seat 1: bojnice21 folded before Flop (didn't bet)
Seat 2: ondawarpaf folded before Flop (didn't bet)
Seat 3: Kibodachi (button) folded on the Turn
Seat 4: vvivv9 (small blind) folded before Flop
Seat 5: 18poker04 (big blind) folded on the Turn
Seat 6: Dubhe99 collected ($0.09)
Seat 7: adrp0ker folded before Flop (didn't bet)
Seat 8: Dorex2007 folded on the Turn
Seat 9: RickyDoda1953 folded before Flop (didn't bet)



PokerStars Hand #237407064323:  Hold'em No Limit ($0.01/$0.02 USD) - 2022/07/16 23:14:26 PT [2022/07/17 2:14:26 ET]
Table 'Eduarda III' 9-max Seat #4 is the button
Seat 1: bojnice21 ($2.01 in chips) 
Seat 2: ondawarpaf ($2.22 in chips) 
Seat 3: Kibodachi ($0.99 in chips) 
Seat 4: vvivv9 ($0.92 in chips) 
Seat 5: 18poker04 ($1.23 in chips) 
Seat 6: Dubhe99 ($2.01 in chips) 
Seat 7: adrp0ker ($2.10 in chips) 
Seat 8: Dorex2007 ($2.29 in chips) 
Seat 9: RickyDoda1953 ($2.04 in chips) 
18poker04: posts small blind $0.01
Dubhe99: posts big blind $0.02
*** HOLE CARDS ***
Dealt to Dorex2007 [9h Kc]
adrp0ker: folds 
Dorex2007: folds 
RickyDoda1953: folds 
bojnice21: folds 
ondawarpaf: calls $0.02
Kibodachi: folds 
vvivv9: folds 
18poker04: calls $0.01
Dubhe99: checks 
*** FLOP *** [Ad 8h Ah]
18poker04: checks 
Dubhe99: checks 
ondawarpaf: bets $0.05
18poker04: folds 
Dubhe99: folds 
Uncalled bet ($0.05) returned to ondawarpaf
ondawarpaf collected $0.06 from pot
*** SUMMARY ***
Total pot $0.06 | Rake $0 
Board [Ad 8h Ah]
Seat 1: bojnice21 folded before Flop (didn't bet)
Seat 2: ondawarpaf collected ($0.06)
Seat 3: Kibodachi folded before Flop (didn't bet)
Seat 4: vvivv9 (button) folded before Flop (didn't bet)
Seat 5: 18poker04 (small blind) folded on the Flop
Seat 6: Dubhe99 (big blind) folded on the Flop
Seat 7: adrp0ker folded before Flop (didn't bet)
Seat 8: Dorex2007 folded before Flop (didn't bet)
Seat 9: RickyDoda1953 folded before Flop (didn't bet)



PokerStars Hand #237407068452:  Hold'em No Limit ($0.01/$0.02 USD) - 2022/07/16 23:15:03 PT [2022/07/17 2:15:03 ET]
Table 'Eduarda III' 9-max Seat #5 is the button
Seat 1: bojnice21 ($2.01 in chips) 
Seat 2: ondawarpaf ($2.26 in chips) 
Seat 3: Kibodachi ($0.99 in chips) 
Seat 4: vvivv9 ($0.92 in chips) 
Seat 5: 18poker04 ($1.21 in chips) 
Seat 6: Dubhe99 ($1.99 in chips) 
Seat 7: adrp0ker ($2.10 in chips) 
Seat 8: Dorex2007 ($2.29 in chips) 
Seat 9: RickyDoda1953 ($2.04 in chips) 
Dubhe99: posts small blind $0.01
adrp0ker: posts big blind $0.02
*** HOLE CARDS ***
Dealt to Dorex2007 [7s Kd]
Dorex2007: folds 
RickyDoda1953 has timed out
RickyDoda1953: folds 
bojnice21: folds 
ondawarpaf: calls $0.02
Kibodachi: folds 
vvivv9: folds 
18poker04: folds 
Dubhe99: calls $0.01
adrp0ker: checks 
*** FLOP *** [Jc 5s 5h]
Dubhe99: checks 
adrp0ker: checks 
ondawarpaf: checks 
*** TURN *** [Jc 5s 5h] [2h]
Dubhe99: bets $0.10
adrp0ker: calls $0.10
ondawarpaf: calls $0.10
*** RIVER *** [Jc 5s 5h 2h] [4h]
Dubhe99: bets $0.51
adrp0ker: folds 
ondawarpaf: calls $0.51
*** SHOW DOWN ***
Dubhe99: shows [3c As] (a straight, Ace to Five)
ondawarpaf: mucks hand 
Dubhe99 collected $1.33 from pot
*** SUMMARY ***
Total pot $1.38 | Rake $0.05 
Board [Jc 5s 5h 2h 4h]
Seat 1: bojnice21 folded before Flop (didn't bet)
Seat 2: ondawarpaf mucked [Qd Qs]
Seat 3: Kibodachi folded before Flop (didn't bet)
Seat 4: vvivv9 folded before Flop (didn't bet)
Seat 5: 18poker04 (button) folded before Flop (didn't bet)
Seat 6: Dubhe99 (small blind) showed [3c As] and won ($1.33) with a straight, Ace to Five
Seat 7: adrp0ker (big blind) folded on the River
Seat 8: Dorex2007 folded before Flop (didn't bet)
Seat 9: RickyDoda1953 folded before Flop (didn't bet)



PokerStars Hand #237407077096:  Hold'em No Limit ($0.01/$0.02 USD) - 2022/07/16 23:16:20 PT [2022/07/17 2:16:20 ET]
Table 'Eduarda III' 9-max Seat #6 is the button
Seat 1: bojnice21 ($2.01 in chips) 
Seat 2: ondawarpaf ($1.63 in chips) 
Seat 3: Kibodachi ($0.99 in chips) 
Seat 4: vvivv9 ($0.92 in chips) 
Seat 5: 18poker04 ($1.21 in chips) 
Seat 6: Dubhe99 ($2.69 in chips) 
Seat 7: adrp0ker ($1.98 in chips) 
Seat 8: Dorex2007 ($2.29 in chips) 
adrp0ker: posts small blind $0.01
Dorex2007: posts big blind $0.02
*** HOLE CARDS ***
Dealt to Dorex2007 [7d Th]
bojnice21: folds 
ondawarpaf: folds 
Kibodachi: folds 
vvivv9: folds 
18poker04: raises $0.04 to $0.06
Dubhe99: folds 
adrp0ker: calls $0.05
Dorex2007: folds 
*** FLOP *** [5s Ks Qc]
adrp0ker: checks 
18poker04: bets $0.07
adrp0ker: folds 
Uncalled bet ($0.07) returned to 18poker04
18poker04 collected $0.14 from pot
*** SUMMARY ***
Total pot $0.14 | Rake $0 
Board [5s Ks Qc]
Seat 1: bojnice21 folded before Flop (didn't bet)
Seat 2: ondawarpaf folded before Flop (didn't bet)
Seat 3: Kibodachi folded before Flop (didn't bet)
Seat 4: vvivv9 folded before Flop (didn't bet)
Seat 5: 18poker04 collected ($0.14)
Seat 6: Dubhe99 (button) folded before Flop (didn't bet)
Seat 7: adrp0ker (small blind) folded on the Flop
Seat 8: Dorex2007 (big blind) folded before Flop



PokerStars Hand #237407080249:  Hold'em No Limit ($0.01/$0.02 USD) - 2022/07/16 23:16:49 PT [2022/07/17 2:16:49 ET]
Table 'Eduarda III' 9-max Seat #7 is the button
Seat 1: bojnice21 ($2.01 in chips) 
Seat 2: ondawarpaf ($1.63 in chips) 
Seat 3: Kibodachi ($0.99 in chips) 
Seat 4: vvivv9 ($0.92 in chips) 
Seat 5: 18poker04 ($1.29 in chips) 
Seat 6: Dubhe99 ($2.69 in chips) 
Seat 7: adrp0ker ($1.92 in chips) 
Seat 8: Dorex2007 ($2.27 in chips) 
Dorex2007: posts small blind $0.01
bojnice21: posts big blind $0.02
*** HOLE CARDS ***
Dealt to Dorex2007 [Qc Qd]
ondawarpaf: folds 
Kibodachi: folds 
vvivv9: raises $0.02 to $0.04
18poker04: folds 
Dubhe99: calls $0.04
adrp0ker: calls $0.04
Dorex2007: raises $0.12 to $0.16
bojnice21: folds 
vvivv9: folds 
Dubhe99: calls $0.12
adrp0ker: folds 
*** FLOP *** [2d 7c 2h]
Dorex2007: bets $2.11 and is all-in
Dubhe99: calls $2.11
RickyDoda1953 is disconnected 
*** TURN *** [2d 7c 2h] [3h]
*** RIVER *** [2d 7c 2h 3h] [2s]
*** SHOW DOWN ***
Dorex2007: shows [Qc Qd] (a full house, Deuces full of Queens)
Dubhe99: shows [Tc 2c] (four of a kind, Deuces)
Dubhe99 collected $4.48 from pot
*** SUMMARY ***
Total pot $4.64 | Rake $0.16 
Board [2d 7c 2h 3h 2s]
Seat 1: bojnice21 (big blind) folded before Flop
Seat 2: ondawarpaf folded before Flop (didn't bet)
Seat 3: Kibodachi folded before Flop (didn't bet)
Seat 4: vvivv9 folded before Flop
Seat 5: 18poker04 folded before Flop (didn't bet)
Seat 6: Dubhe99 showed [Tc 2c] and won ($4.48) with four of a kind, Deuces
Seat 7: adrp0ker (button) folded before Flop
Seat 8: Dorex2007 (small blind) showed [Qc Qd] and lost with a full house, Deuces full of Queens



PokerStars Hand #237407086494:  Hold'em No Limit ($0.01/$0.02 USD) - 2022/07/16 23:17:45 PT [2022/07/17 2:17:45 ET]
Table 'Eduarda III' 9-max Seat #8 is the button
Seat 1: bojnice21 ($1.99 in chips) 
Seat 2: ondawarpaf ($1.63 in chips) 
Seat 3: Kibodachi ($0.99 in chips) 
Seat 4: vvivv9 ($0.88 in chips) 
Seat 5: 18poker04 ($1.29 in chips) 
Seat 6: Dubhe99 ($4.90 in chips) 
Seat 7: adrp0ker ($1.88 in chips) 
Seat 8: Dorex2007 ($2 in chips) 
bojnice21: posts small blind $0.01
ondawarpaf: posts big blind $0.02
*** HOLE CARDS ***
Dealt to Dorex2007 [Ad Qh]
Kibodachi: folds 
vvivv9: folds 
18poker04: folds 
Dubhe99: calls $0.02
adrp0ker: folds 
Dorex2007: raises $0.02 to $0.04
bojnice21: calls $0.03
ondawarpaf: folds 
Dubhe99: calls $0.02
*** FLOP *** [3s 4d 2c]
bojnice21: checks 
Dubhe99: checks 
Dorex2007: checks 
*** TURN *** [3s 4d 2c] [9h]
bojnice21: checks 
Dubhe99: checks 
Dorex2007: checks 
*** RIVER *** [3s 4d 2c 9h] [7c]
bojnice21: checks 
Dubhe99: bets $0.02
Dorex2007: folds 
bojnice21: calls $0.02
*** SHOW DOWN ***
Dubhe99: shows [As 7d] (a pair of Sevens)
bojnice21: mucks hand 
Dubhe99 collected $0.17 from pot
*** SUMMARY ***
Total pot $0.18 | Rake $0.01 
Board [3s 4d 2c 9h 7c]
Seat 1: bojnice21 (small blind) mucked [Ah 4h]
Seat 2: ondawarpaf (big blind) folded before Flop
Seat 3: Kibodachi folded before Flop (didn't bet)
Seat 4: vvivv9 folded before Flop (didn't bet)
Seat 5: 18poker04 folded before Flop (didn't bet)
Seat 6: Dubhe99 showed [As 7d] and won ($0.17) with a pair of Sevens
Seat 7: adrp0ker folded before Flop (didn't bet)
Seat 8: Dorex2007 (button) folded on the River



PokerStars Hand #237407093393:  Hold'em No Limit ($0.01/$0.02 USD) - 2022/07/16 23:18:47 PT [2022/07/17 2:18:47 ET]
Table 'Eduarda III' 9-max Seat #1 is the button
Seat 1: bojnice21 ($1.93 in chips) 
Seat 2: ondawarpaf ($2 in chips) 
Seat 3: Kibodachi ($0.99 in chips) 
Seat 4: vvivv9 ($0.88 in chips) 
Seat 5: 18poker04 ($1.29 in chips) 
Seat 6: Dubhe99 ($5.01 in chips) 
Seat 7: adrp0ker ($1.88 in chips) 
Seat 8: Dorex2007 ($2 in chips) 
ondawarpaf: posts small blind $0.01
Kibodachi: posts big blind $0.02
*** HOLE CARDS ***
Dealt to Dorex2007 [9h 7s]
vvivv9: folds 
18poker04: folds 
Dubhe99: folds 
adrp0ker: folds 
Dorex2007: folds 
bojnice21: folds 
ondawarpaf: folds 
Uncalled bet ($0.01) returned to Kibodachi
Kibodachi collected $0.02 from pot
*** SUMMARY ***
Total pot $0.02 | Rake $0 
Seat 1: bojnice21 (button) folded before Flop (didn't bet)
Seat 2: ondawarpaf (small blind) folded before Flop
Seat 3: Kibodachi (big blind) collected ($0.02)
Seat 4: vvivv9 folded before Flop (didn't bet)
Seat 5: 18poker04 folded before Flop (didn't bet)
Seat 6: Dubhe99 folded before Flop (didn't bet)
Seat 7: adrp0ker folded before Flop (didn't bet)
Seat 8: Dorex2007 folded before Flop (didn't bet)



PokerStars Hand #237407094383:  Hold'em No Limit ($0.01/$0.02 USD) - 2022/07/16 23:18:55 PT [2022/07/17 2:18:55 ET]
Table 'Eduarda III' 9-max Seat #2 is the button
Seat 1: bojnice21 ($1.93 in chips) 
Seat 2: ondawarpaf ($1.99 in chips) 
Seat 3: Kibodachi ($1 in chips) 
Seat 4: vvivv9 ($0.88 in chips) 
Seat 5: 18poker04 ($1.29 in chips) 
Seat 6: Dubhe99 ($5.01 in chips) 
Seat 7: adrp0ker ($1.88 in chips) 
Seat 8: Dorex2007 ($2 in chips) 
Kibodachi: posts small blind $0.01
vvivv9: posts big blind $0.02
*** HOLE CARDS ***
Dealt to Dorex2007 [Jc 4h]
18poker04: folds 
Dubhe99: calls $0.02
adrp0ker: folds 
Dorex2007: folds 
bojnice21: folds 
ondawarpaf: folds 
Kibodachi: folds 
vvivv9: checks 
*** FLOP *** [7h 8s 8c]
vvivv9: checks 
Dubhe99: checks 
*** TURN *** [7h 8s 8c] [Ad]
vvivv9: checks 
Dubhe99: checks 
*** RIVER *** [7h 8s 8c Ad] [Ks]
vvivv9: checks 
Dubhe99: bets $0.02
vvivv9: folds 
Uncalled bet ($0.02) returned to Dubhe99
Dubhe99 collected $0.05 from pot
*** SUMMARY ***
Total pot $0.05 | Rake $0 
Board [7h 8s 8c Ad Ks]
Seat 1: bojnice21 folded before Flop (didn't bet)
Seat 2: ondawarpaf (button) folded before Flop (didn't bet)
Seat 3: Kibodachi (small blind) folded before Flop
Seat 4: vvivv9 (big blind) folded on the River
Seat 5: 18poker04 folded before Flop (didn't bet)
Seat 6: Dubhe99 collected ($0.05)
Seat 7: adrp0ker folded before Flop (didn't bet)
Seat 8: Dorex2007 folded before Flop (didn't bet)



PokerStars Hand #237407098552:  Hold'em No Limit ($0.01/$0.02 USD) - 2022/07/16 23:19:32 PT [2022/07/17 2:19:32 ET]
Table 'Eduarda III' 9-max Seat #3 is the button
Seat 1: bojnice21 ($1.93 in chips) 
Seat 2: ondawarpaf ($1.99 in chips) 
Seat 3: Kibodachi ($0.99 in chips) 
Seat 4: vvivv9 ($0.86 in chips) 
Seat 5: 18poker04 ($1.29 in chips) 
Seat 6: Dubhe99 ($5.04 in chips) 
Seat 8: Dorex2007 ($2 in chips) 
vvivv9: posts small blind $0.01
18poker04: posts big blind $0.02
*** HOLE CARDS ***
Dealt to Dorex2007 [Qs Qc]
adrp0ker leaves the table
Dubhe99: folds 
Dorex2007: raises $0.04 to $0.06
bojnice21: folds 
ondawarpaf: folds 
Kibodachi: folds 
vvivv9: folds 
18poker04: folds 
Uncalled bet ($0.04) returned to Dorex2007
Dorex2007 collected $0.05 from pot
*** SUMMARY ***
Total pot $0.05 | Rake $0 
Seat 1: bojnice21 folded before Flop (didn't bet)
Seat 2: ondawarpaf folded before Flop (didn't bet)
Seat 3: Kibodachi (button) folded before Flop (didn't bet)
Seat 4: vvivv9 (small blind) folded before Flop
Seat 5: 18poker04 (big blind) folded before Flop
Seat 6: Dubhe99 folded before Flop (didn't bet)
Seat 8: Dorex2007 collected ($0.05)



PokerStars Hand #237407100263:  Hold'em No Limit ($0.01/$0.02 USD) - 2022/07/16 23:19:47 PT [2022/07/17 2:19:47 ET]
Table 'Eduarda III' 9-max Seat #4 is the button
Seat 1: bojnice21 ($1.93 in chips) 
Seat 2: ondawarpaf ($1.99 in chips) 
Seat 3: Kibodachi ($0.99 in chips) 
Seat 4: vvivv9 ($0.85 in chips) 
Seat 5: 18poker04 ($1.27 in chips) 
Seat 6: Dubhe99 ($5.04 in chips) 
Seat 8: Dorex2007 ($2.03 in chips) 
18poker04: posts small blind $0.01
Dubhe99: posts big blind $0.02
*** HOLE CARDS ***
Dealt to Dorex2007 [4s Ad]
YUAN.jr joins the table at seat #7 
Dorex2007: folds 
bojnice21: folds 
ondawarpaf: folds 
Kibodachi: folds 
vvivv9: folds 
18poker04: raises $0.04 to $0.06
Dubhe99: calls $0.04
*** FLOP *** [9c Jh 3s]
18poker04: bets $0.06
Dubhe99: folds 
Uncalled bet ($0.06) returned to 18poker04
18poker04 collected $0.12 from pot
*** SUMMARY ***
Total pot $0.12 | Rake $0 
Board [9c Jh 3s]
Seat 1: bojnice21 folded before Flop (didn't bet)
Seat 2: ondawarpaf folded before Flop (didn't bet)
Seat 3: Kibodachi folded before Flop (didn't bet)
Seat 4: vvivv9 (button) folded before Flop (didn't bet)
Seat 5: 18poker04 (small blind) collected ($0.12)
Seat 6: Dubhe99 (big blind) folded on the Flop
Seat 8: Dorex2007 folded before Flop (didn't bet)



PokerStars Hand #237407105168:  Hold'em No Limit ($0.01/$0.02 USD) - 2022/07/16 23:20:32 PT [2022/07/17 2:20:32 ET]
Table 'Eduarda III' 9-max Seat #5 is the button
Seat 1: bojnice21 ($1.93 in chips) 
Seat 2: ondawarpaf ($1.99 in chips) 
Seat 3: Kibodachi ($0.99 in chips) 
Seat 4: vvivv9 ($0.85 in chips) 
Seat 5: 18poker04 ($1.33 in chips) 
Seat 6: Dubhe99 ($4.98 in chips) 
Seat 7: YUAN.jr ($1 in chips) 
Seat 8: Dorex2007 ($2.03 in chips) 
Dubhe99: posts small blind $0.01
YUAN.jr: posts big blind $0.02
*** HOLE CARDS ***
Dealt to Dorex2007 [Ks 3d]
Dorex2007: folds 
bojnice21: folds 
ondawarpaf: calls $0.02
Kibodachi: folds 
vvivv9: folds 
18poker04: calls $0.02
Dubhe99: calls $0.01
YUAN.jr: checks 
*** FLOP *** [Js Qc Td]
Dubhe99: checks 
YUAN.jr: checks 
ondawarpaf: checks 
18poker04: bets $0.04
Dubhe99: calls $0.04
YUAN.jr: calls $0.04
ondawarpaf: folds 
*** TURN *** [Js Qc Td] [3h]
Dubhe99: checks 
YUAN.jr: checks 
18poker04: bets $0.19
Dubhe99: calls $0.19
YUAN.jr: folds 
*** RIVER *** [Js Qc Td 3h] [5d]
Dubhe99: checks 
18poker04: bets $0.28
Dubhe99: folds 
Uncalled bet ($0.28) returned to 18poker04
18poker04 collected $0.56 from pot
*** SUMMARY ***
Total pot $0.58 | Rake $0.02 
Board [Js Qc Td 3h 5d]
Seat 1: bojnice21 folded before Flop (didn't bet)
Seat 2: ondawarpaf folded on the Flop
Seat 3: Kibodachi folded before Flop (didn't bet)
Seat 4: vvivv9 folded before Flop (didn't bet)
Seat 5: 18poker04 (button) collected ($0.56)
Seat 6: Dubhe99 (small blind) folded on the River
Seat 7: YUAN.jr (big blind) folded on the Turn
Seat 8: Dorex2007 folded before Flop (didn't bet)



PokerStars Hand #237407111314:  Hold'em No Limit ($0.01/$0.02 USD) - 2022/07/16 23:21:26 PT [2022/07/17 2:21:26 ET]
Table 'Eduarda III' 9-max Seat #6 is the button
Seat 1: bojnice21 ($1.93 in chips) 
Seat 2: ondawarpaf ($1.97 in chips) 
Seat 3: Kibodachi ($0.99 in chips) 
Seat 4: vvivv9 ($0.85 in chips) 
Seat 5: 18poker04 ($1.64 in chips) 
Seat 6: Dubhe99 ($4.73 in chips) 
Seat 7: YUAN.jr ($0.94 in chips) 
Seat 8: Dorex2007 ($2.03 in chips) 
YUAN.jr: posts small blind $0.01
Dorex2007: posts big blind $0.02
*** HOLE CARDS ***
Dealt to Dorex2007 [Td Qd]
bojnice21: folds 
ondawarpaf: calls $0.02
Kibodachi: calls $0.02
vvivv9: folds 
18poker04: folds 
Dubhe99: calls $0.02
YUAN.jr: calls $0.01
Dorex2007: checks 
*** FLOP *** [2d Th 3c]
YUAN.jr: checks 
Dorex2007: bets $0.07
ondawarpaf: folds 
Kibodachi: folds 
Dubhe99: calls $0.07
YUAN.jr: folds 
*** TURN *** [2d Th 3c] [6c]
Dorex2007: checks 
Dubhe99: checks 
*** RIVER *** [2d Th 3c 6c] [7d]
Dorex2007: bets $0.11
Dubhe99: folds 
Uncalled bet ($0.11) returned to Dorex2007
Dorex2007 collected $0.23 from pot
*** SUMMARY ***
Total pot $0.24 | Rake $0.01 
Board [2d Th 3c 6c 7d]
Seat 1: bojnice21 folded before Flop (didn't bet)
Seat 2: ondawarpaf folded on the Flop
Seat 3: Kibodachi folded on the Flop
Seat 4: vvivv9 folded before Flop (didn't bet)
Seat 5: 18poker04 folded before Flop (didn't bet)
Seat 6: Dubhe99 (button) folded on the River
Seat 7: YUAN.jr (small blind) folded on the Flop
Seat 8: Dorex2007 (big blind) collected ($0.23)



PokerStars Hand #237407115975:  Hold'em No Limit ($0.01/$0.02 USD) - 2022/07/16 23:22:08 PT [2022/07/17 2:22:08 ET]
Table 'Eduarda III' 9-max Seat #7 is the button
Seat 1: bojnice21 ($1.93 in chips) 
Seat 2: ondawarpaf ($1.95 in chips) 
Seat 3: Kibodachi ($0.97 in chips) 
Seat 4: vvivv9 ($0.85 in chips) 
Seat 5: 18poker04 ($1.64 in chips) 
Seat 6: Dubhe99 ($4.64 in chips) 
Seat 7: YUAN.jr ($0.92 in chips) 
Seat 8: Dorex2007 ($2.17 in chips) 
Seat 9: RickyDoda1953 ($2.04 in chips) 
Dorex2007: posts small blind $0.01
RickyDoda1953: posts big blind $0.02
*** HOLE CARDS ***
Dealt to Dorex2007 [Kc 6h]
bojnice21: folds 
ondawarpaf: folds 
Kibodachi: folds 
vvivv9: folds 
18poker04: raises $0.02 to $0.04
Dubhe99: calls $0.04
YUAN.jr: calls $0.04
Dorex2007: folds 
RickyDoda1953: calls $0.02
*** FLOP *** [3d 5s Qd]
RickyDoda1953: checks 
18poker04: checks 
Dubhe99: bets $0.20
YUAN.jr has timed out
YUAN.jr: folds 
RickyDoda1953: folds 
18poker04: calls $0.20
*** TURN *** [3d 5s Qd] [4d]
18poker04: checks 
Dubhe99: checks 
*** RIVER *** [3d 5s Qd 4d] [8c]
18poker04: bets $0.55
Dubhe99: calls $0.55
*** SHOW DOWN ***
18poker04: shows [8d Ad] (a flush, Ace high)
Dubhe99: mucks hand 
18poker04 collected $1.61 from pot
*** SUMMARY ***
Total pot $1.67 | Rake $0.06 
Board [3d 5s Qd 4d 8c]
Seat 1: bojnice21 folded before Flop (didn't bet)
Seat 2: ondawarpaf folded before Flop (didn't bet)
Seat 3: Kibodachi folded before Flop (didn't bet)
Seat 4: vvivv9 folded before Flop (didn't bet)
Seat 5: 18poker04 showed [8d Ad] and won ($1.61) with a flush, Ace high
Seat 6: Dubhe99 mucked [Qh Th]
Seat 7: YUAN.jr (button) folded on the Flop
Seat 8: Dorex2007 (small blind) folded before Flop
Seat 9: RickyDoda1953 (big blind) folded on the Flop



PokerStars Hand #237407127066:  Hold'em No Limit ($0.01/$0.02 USD) - 2022/07/16 23:23:48 PT [2022/07/17 2:23:48 ET]
Table 'Eduarda III' 9-max Seat #8 is the button
Seat 1: bojnice21 ($1.93 in chips) 
Seat 2: ondawarpaf ($1.95 in chips) 
Seat 3: Kibodachi ($0.97 in chips) 
Seat 4: vvivv9 ($0.85 in chips) 
Seat 5: 18poker04 ($2.46 in chips) 
Seat 6: Dubhe99 ($3.85 in chips) 
Seat 7: YUAN.jr ($0.88 in chips) 
Seat 8: Dorex2007 ($2.16 in chips) 
Seat 9: RickyDoda1953 ($2 in chips) 
RickyDoda1953: posts small blind $0.01
bojnice21: posts big blind $0.02
*** HOLE CARDS ***
Dealt to Dorex2007 [5d 5c]
ondawarpaf: folds 
Kibodachi: folds 
vvivv9: folds 
18poker04: folds 
Dubhe99: folds 
YUAN.jr: folds 
Dorex2007: raises $0.02 to $0.04
RickyDoda1953: folds 
bojnice21: calls $0.02
*** FLOP *** [Ac 9s Jc]
bojnice21: checks 
Dorex2007: checks 
*** TURN *** [Ac 9s Jc] [4c]
bojnice21: checks 
Dorex2007: bets $0.04
bojnice21: folds 
Uncalled bet ($0.04) returned to Dorex2007
Dorex2007 collected $0.09 from pot
*** SUMMARY ***
Total pot $0.09 | Rake $0 
Board [Ac 9s Jc 4c]
Seat 1: bojnice21 (big blind) folded on the Turn
Seat 2: ondawarpaf folded before Flop (didn't bet)
Seat 3: Kibodachi folded before Flop (didn't bet)
Seat 4: vvivv9 folded before Flop (didn't bet)
Seat 5: 18poker04 folded before Flop (didn't bet)
Seat 6: Dubhe99 folded before Flop (didn't bet)
Seat 7: YUAN.jr folded before Flop (didn't bet)
Seat 8: Dorex2007 (button) collected ($0.09)
Seat 9: RickyDoda1953 (small blind) folded before Flop



PokerStars Hand #237407130957:  Hold'em No Limit ($0.01/$0.02 USD) - 2022/07/16 23:24:23 PT [2022/07/17 2:24:23 ET]
Table 'Eduarda III' 9-max Seat #9 is the button
Seat 1: bojnice21 ($1.89 in chips) 
Seat 2: ondawarpaf ($1.95 in chips) 
Seat 3: Kibodachi ($0.97 in chips) 
Seat 4: vvivv9 ($0.85 in chips) 
Seat 5: 18poker04 ($2.46 in chips) 
Seat 6: Dubhe99 ($3.85 in chips) 
Seat 7: YUAN.jr ($0.88 in chips) 
Seat 8: Dorex2007 ($2.21 in chips) 
Seat 9: RickyDoda1953 ($1.99 in chips) 
bojnice21: posts small blind $0.01
ondawarpaf: posts big blind $0.02
*** HOLE CARDS ***
Dealt to Dorex2007 [6h 6s]
Kibodachi: folds 
vvivv9: folds 
18poker04: folds 
Dubhe99: folds 
YUAN.jr: raises $0.05 to $0.07
Dorex2007: folds 
RickyDoda1953: calls $0.07
bojnice21: calls $0.06
ondawarpaf: calls $0.05
*** FLOP *** [9h Jc 3c]
bojnice21: checks 
ondawarpaf: checks 
YUAN.jr: checks 
RickyDoda1953: bets $0.13
bojnice21: folds 
ondawarpaf: calls $0.13
YUAN.jr: folds 
*** TURN *** [9h Jc 3c] [8c]
ondawarpaf: checks 
RickyDoda1953: bets $0.18
ondawarpaf: folds 
Uncalled bet ($0.18) returned to RickyDoda1953
RickyDoda1953 collected $0.52 from pot
*** SUMMARY ***
Total pot $0.54 | Rake $0.02 
Board [9h Jc 3c 8c]
Seat 1: bojnice21 (small blind) folded on the Flop
Seat 2: ondawarpaf (big blind) folded on the Turn
Seat 3: Kibodachi folded before Flop (didn't bet)
Seat 4: vvivv9 folded before Flop (didn't bet)
Seat 5: 18poker04 folded before Flop (didn't bet)
Seat 6: Dubhe99 folded before Flop (didn't bet)
Seat 7: YUAN.jr folded on the Flop
Seat 8: Dorex2007 folded before Flop (didn't bet)
Seat 9: RickyDoda1953 (button) collected ($0.52)



PokerStars Hand #237407138333:  Hold'em No Limit ($0.01/$0.02 USD) - 2022/07/16 23:25:30 PT [2022/07/17 2:25:30 ET]
Table 'Eduarda III' 9-max Seat #1 is the button
Seat 1: bojnice21 ($1.82 in chips) 
Seat 2: ondawarpaf ($1.75 in chips) 
Seat 3: Kibodachi ($0.97 in chips) 
Seat 4: vvivv9 ($0.85 in chips) 
Seat 5: 18poker04 ($2.46 in chips) 
Seat 6: Dubhe99 ($3.85 in chips) 
Seat 7: YUAN.jr ($0.81 in chips) 
Seat 8: Dorex2007 ($2.21 in chips) 
Seat 9: RickyDoda1953 ($2.31 in chips) 
ondawarpaf: posts small blind $0.01
Kibodachi: posts big blind $0.02
*** HOLE CARDS ***
Dealt to Dorex2007 [2h Kh]
vvivv9 has timed out
vvivv9: folds 
18poker04: folds 
Dubhe99: calls $0.02
YUAN.jr: folds 
Dorex2007: calls $0.02
RickyDoda1953: raises $0.02 to $0.04
bojnice21: folds 
ondawarpaf: folds 
Kibodachi: folds 
Dubhe99: calls $0.02
Dorex2007: calls $0.02
*** FLOP *** [Qc 6s 2c]
Dubhe99: checks 
Dorex2007: checks 
RickyDoda1953: bets $0.07
Dubhe99: calls $0.07
Dorex2007: folds 
*** TURN *** [Qc 6s 2c] [Jc]
Dubhe99: checks 
RickyDoda1953: bets $0.08
Dubhe99: calls $0.08
*** RIVER *** [Qc 6s 2c Jc] [7c]
Dubhe99: checks 
RickyDoda1953: bets $0.10
Dubhe99: folds 
Uncalled bet ($0.10) returned to RickyDoda1953
RickyDoda1953 collected $0.43 from pot
*** SUMMARY ***
Total pot $0.45 | Rake $0.02 
Board [Qc 6s 2c Jc 7c]
Seat 1: bojnice21 (button) folded before Flop (didn't bet)
Seat 2: ondawarpaf (small blind) folded before Flop
Seat 3: Kibodachi (big blind) folded before Flop
Seat 4: vvivv9 folded before Flop (didn't bet)
Seat 5: 18poker04 folded before Flop (didn't bet)
Seat 6: Dubhe99 folded on the River
Seat 7: YUAN.jr folded before Flop (didn't bet)
Seat 8: Dorex2007 folded on the Flop
Seat 9: RickyDoda1953 collected ($0.43)



PokerStars Hand #237407149164:  Hold'em No Limit ($0.01/$0.02 USD) - 2022/07/16 23:27:07 PT [2022/07/17 2:27:07 ET]
Table 'Eduarda III' 9-max Seat #2 is the button
Seat 1: bojnice21 ($1.82 in chips) 
Seat 2: ondawarpaf ($1.99 in chips) 
Seat 3: Kibodachi ($0.95 in chips) 
Seat 4: vvivv9 ($0.85 in chips) 
Seat 5: 18poker04 ($2.46 in chips) 
Seat 6: Dubhe99 ($3.66 in chips) 
Seat 7: YUAN.jr ($0.81 in chips) 
Seat 8: Dorex2007 ($2.17 in chips) 
Seat 9: RickyDoda1953 ($2.55 in chips) 
Kibodachi: posts small blind $0.01
vvivv9: posts big blind $0.02
*** HOLE CARDS ***
Dealt to Dorex2007 [Qs Kc]
18poker04: folds 
Dubhe99: calls $0.02
YUAN.jr: folds 
Dorex2007: raises $0.06 to $0.08
RickyDoda1953: folds 
bojnice21: calls $0.08
ondawarpaf: folds 
Kibodachi: folds 
vvivv9: folds 
Dubhe99: calls $0.06
*** FLOP *** [2s 5s 5d]
Dubhe99: checks 
Kibodachi leaves the table
Dorex2007: checks 
bojnice21: checks 
*** TURN *** [2s 5s 5d] [2d]
Dubhe99: checks 
Dorex2007: bets $0.13
bojnice21: folds 
Dubhe99: folds 
Uncalled bet ($0.13) returned to Dorex2007
Dorex2007 collected $0.26 from pot
*** SUMMARY ***
Total pot $0.27 | Rake $0.01 
Board [2s 5s 5d 2d]
Seat 1: bojnice21 folded on the Turn
Seat 2: ondawarpaf (button) folded before Flop (didn't bet)
Seat 3: Kibodachi (small blind) folded before Flop
Seat 4: vvivv9 (big blind) folded before Flop
Seat 5: 18poker04 folded before Flop (didn't bet)
Seat 6: Dubhe99 folded on the Turn
Seat 7: YUAN.jr folded before Flop (didn't bet)
Seat 8: Dorex2007 collected ($0.26)
Seat 9: RickyDoda1953 folded before Flop (didn't bet)



PokerStars Hand #237407153866:  Hold'em No Limit ($0.01/$0.02 USD) - 2022/07/16 23:27:48 PT [2022/07/17 2:27:48 ET]
Table 'Eduarda III' 9-max Seat #4 is the button
Seat 1: bojnice21 ($1.74 in chips) 
Seat 2: ondawarpaf ($1.99 in chips) 
Seat 4: vvivv9 ($0.83 in chips) 
Seat 5: 18poker04 ($2.46 in chips) 
Seat 6: Dubhe99 ($3.58 in chips) 
Seat 7: YUAN.jr ($0.81 in chips) 
Seat 8: Dorex2007 ($2.35 in chips) 
Seat 9: RickyDoda1953 ($2.55 in chips) 
18poker04: posts small blind $0.01
Dubhe99: posts big blind $0.02
*** HOLE CARDS ***
Dealt to Dorex2007 [5d Qd]
YUAN.jr: folds 
Dorex2007: folds 
RickyDoda1953: raises $0.02 to $0.04
bojnice21: folds 
ondawarpaf: folds 
vvivv9: folds 
18poker04: folds 
Dubhe99: calls $0.02
*** FLOP *** [4h 3c 7h]
Dubhe99: bets $0.04
RickyDoda1953: calls $0.04
*** TURN *** [4h 3c 7h] [2h]
Mitaka4BG joins the table at seat #3 
Dubhe99: checks 
RickyDoda1953: bets $0.08
Dubhe99: raises $0.08 to $0.16
RickyDoda1953: folds 
Uncalled bet ($0.08) returned to Dubhe99
Dubhe99 collected $0.32 from pot
*** SUMMARY ***
Total pot $0.33 | Rake $0.01 
Board [4h 3c 7h 2h]
Seat 1: bojnice21 folded before Flop (didn't bet)
Seat 2: ondawarpaf folded before Flop (didn't bet)
Seat 4: vvivv9 (button) folded before Flop (didn't bet)
Seat 5: 18poker04 (small blind) folded before Flop
Seat 6: Dubhe99 (big blind) collected ($0.32)
Seat 7: YUAN.jr folded before Flop (didn't bet)
Seat 8: Dorex2007 folded before Flop (didn't bet)
Seat 9: RickyDoda1953 folded on the Turn



PokerStars Hand #237407162944:  Hold'em No Limit ($0.01/$0.02 USD) - 2022/07/16 23:29:09 PT [2022/07/17 2:29:09 ET]
Table 'Eduarda III' 9-max Seat #5 is the button
Seat 1: bojnice21 ($1.74 in chips) 
Seat 2: ondawarpaf ($1.99 in chips) 
Seat 4: vvivv9 ($0.83 in chips) 
Seat 5: 18poker04 ($2.45 in chips) 
Seat 6: Dubhe99 ($3.74 in chips) 
Seat 7: YUAN.jr ($0.81 in chips) 
Seat 8: Dorex2007 ($2.35 in chips) 
Seat 9: RickyDoda1953 ($2.39 in chips) 
Dubhe99: posts small blind $0.01
YUAN.jr: posts big blind $0.02
*** HOLE CARDS ***
Dealt to Dorex2007 [Th 6s]
lucifergaia joins the table at seat #3 
Dorex2007: folds 
RickyDoda1953: calls $0.02
bojnice21: folds 
ondawarpaf: folds 
vvivv9: folds 
18poker04: folds 
Dubhe99: calls $0.01
YUAN.jr: raises $0.08 to $0.10
RickyDoda1953: calls $0.08
Dubhe99: calls $0.08
*** FLOP *** [9s 3c Jh]
Dubhe99: bets $0.02
YUAN.jr: calls $0.02
RickyDoda1953: calls $0.02
*** TURN *** [9s 3c Jh] [Ks]
Dubhe99: checks 
YUAN.jr: checks 
RickyDoda1953: checks 
*** RIVER *** [9s 3c Jh Ks] [8c]
Dubhe99: bets $0.40
YUAN.jr: folds 
RickyDoda1953: folds 
Uncalled bet ($0.40) returned to Dubhe99
Dubhe99 collected $0.35 from pot
*** SUMMARY ***
Total pot $0.36 | Rake $0.01 
Board [9s 3c Jh Ks 8c]
Seat 1: bojnice21 folded before Flop (didn't bet)
Seat 2: ondawarpaf folded before Flop (didn't bet)
Seat 4: vvivv9 folded before Flop (didn't bet)
Seat 5: 18poker04 (button) folded before Flop (didn't bet)
Seat 6: Dubhe99 (small blind) collected ($0.35)
Seat 7: YUAN.jr (big blind) folded on the River
Seat 8: Dorex2007 folded before Flop (didn't bet)
Seat 9: RickyDoda1953 folded on the River



PokerStars Hand #237407169869:  Hold'em No Limit ($0.01/$0.02 USD) - 2022/07/16 23:30:11 PT [2022/07/17 2:30:11 ET]
Table 'Eduarda III' 9-max Seat #6 is the button
Seat 1: bojnice21 ($1.74 in chips) 
Seat 2: ondawarpaf ($1.99 in chips) 
Seat 4: vvivv9 ($0.83 in chips) 
Seat 5: 18poker04 ($2.45 in chips) 
Seat 6: Dubhe99 ($3.97 in chips) 
Seat 7: YUAN.jr ($0.69 in chips) 
Seat 8: Dorex2007 ($2.35 in chips) 
Seat 9: RickyDoda1953 ($2.27 in chips) 
YUAN.jr: posts small blind $0.01
Dorex2007: posts big blind $0.02
lucifergaia: sits out 
*** HOLE CARDS ***
Dealt to Dorex2007 [3h 5s]
RickyDoda1953: folds 
bojnice21: folds 
ondawarpaf: folds 
vvivv9 has timed out
vvivv9: folds 
18poker04: raises $0.02 to $0.04
Dubhe99: calls $0.04
YUAN.jr: calls $0.03
Dorex2007: folds 
*** FLOP *** [Jc 3d 5h]
YUAN.jr: checks 
18poker04: checks 
Dubhe99: checks 
*** TURN *** [Jc 3d 5h] [7d]
YUAN.jr: checks 
18poker04: bets $0.06
Dubhe99: calls $0.06
YUAN.jr: calls $0.06
*** RIVER *** [Jc 3d 5h 7d] [9s]
YUAN.jr: checks 
18poker04: checks 
Dubhe99: checks 
*** SHOW DOWN ***
YUAN.jr: shows [2s 4d] (high card Jack)
18poker04: shows [Kh As] (high card Ace)
Dubhe99: shows [3s 2d] (a pair of Threes)
Dubhe99 collected $0.31 from pot
*** SUMMARY ***
Total pot $0.32 | Rake $0.01 
Board [Jc 3d 5h 7d 9s]
Seat 1: bojnice21 folded before Flop (didn't bet)
Seat 2: ondawarpaf folded before Flop (didn't bet)
Seat 4: vvivv9 folded before Flop (didn't bet)
Seat 5: 18poker04 showed [Kh As] and lost with high card Ace
Seat 6: Dubhe99 (button) showed [3s 2d] and won ($0.31) with a pair of Threes
Seat 7: YUAN.jr (small blind) showed [2s 4d] and lost with high card Jack
Seat 8: Dorex2007 (big blind) folded before Flop
Seat 9: RickyDoda1953 folded before Flop (didn't bet)



PokerStars Hand #237407178576:  Hold'em No Limit ($0.01/$0.02 USD) - 2022/07/16 23:31:28 PT [2022/07/17 2:31:28 ET]
Table 'Eduarda III' 9-max Seat #7 is the button
Seat 1: bojnice21 ($1.74 in chips) 
Seat 2: ondawarpaf ($1.99 in chips) 
Seat 5: 18poker04 ($2.35 in chips) 
Seat 6: Dubhe99 ($4.18 in chips) 
Seat 7: YUAN.jr ($0.59 in chips) 
Seat 8: Dorex2007 ($2.33 in chips) 
Seat 9: RickyDoda1953 ($2.27 in chips) 
Dorex2007: posts small blind $0.01
RickyDoda1953: posts big blind $0.02
lucifergaia: sits out 
*** HOLE CARDS ***
Dealt to Dorex2007 [Ad Td]
bojnice21: folds 
ondawarpaf: folds 
18poker04: raises $0.06 to $0.08
Dubhe99: calls $0.08
YUAN.jr: folds 
Dorex2007: folds 
RickyDoda1953: folds 
*** FLOP *** [9s Kc 3c]
18poker04: bets $0.06
Dubhe99: calls $0.06
*** TURN *** [9s Kc 3c] [5c]
18poker04: bets $0.15
Dubhe99: calls $0.15
*** RIVER *** [9s Kc 3c 5c] [8s]
18poker04: checks 
Dubhe99: checks 
*** SHOW DOWN ***
18poker04: shows [Ks Qh] (a pair of Kings)
Dubhe99: mucks hand 
18poker04 collected $0.59 from pot
*** SUMMARY ***
Total pot $0.61 | Rake $0.02 
Board [9s Kc 3c 5c 8s]
Seat 1: bojnice21 folded before Flop (didn't bet)
Seat 2: ondawarpaf folded before Flop (didn't bet)
Seat 5: 18poker04 showed [Ks Qh] and won ($0.59) with a pair of Kings
Seat 6: Dubhe99 mucked [4s 2s]
Seat 7: YUAN.jr (button) folded before Flop (didn't bet)
Seat 8: Dorex2007 (small blind) folded before Flop
Seat 9: RickyDoda1953 (big blind) folded before Flop



PokerStars Hand #237407184030:  Hold'em No Limit ($0.01/$0.02 USD) - 2022/07/16 23:32:17 PT [2022/07/17 2:32:17 ET]
Table 'Eduarda III' 9-max Seat #8 is the button
Seat 1: bojnice21 ($1.74 in chips) 
Seat 2: ondawarpaf ($1.99 in chips) 
Seat 4: vvivv9 ($0.83 in chips) 
Seat 5: 18poker04 ($2.65 in chips) 
Seat 6: Dubhe99 ($3.89 in chips) 
Seat 7: YUAN.jr ($0.59 in chips) 
Seat 8: Dorex2007 ($2.32 in chips) 
Seat 9: RickyDoda1953 ($2.25 in chips) 
RickyDoda1953: posts small blind $0.01
bojnice21: posts big blind $0.02
lucifergaia: sits out 
*** HOLE CARDS ***
Dealt to Dorex2007 [4d Tc]
ondawarpaf: folds 
vvivv9: folds 
18poker04: raises $0.06 to $0.08
Dubhe99: calls $0.08
YUAN.jr: calls $0.08
Dorex2007: folds 
RickyDoda1953: calls $0.07
bojnice21: folds 
*** FLOP *** [Jc Jd Qc]
RickyDoda1953: checks 
18poker04: checks 
Dubhe99: bets $0.02
YUAN.jr: folds 
RickyDoda1953: folds 
18poker04: calls $0.02
*** TURN *** [Jc Jd Qc] [8s]
18poker04: checks 
Dubhe99: bets $0.02
18poker04: calls $0.02
*** RIVER *** [Jc Jd Qc 8s] [5d]
18poker04: checks 
Dubhe99: bets $0.07
18poker04: calls $0.07
*** SHOW DOWN ***
Dubhe99: shows [Qd 8h] (two pair, Queens and Jacks)
18poker04: shows [Ah Qh] (two pair, Queens and Jacks - Ace kicker)
18poker04 collected $0.54 from pot
*** SUMMARY ***
Total pot $0.56 | Rake $0.02 
Board [Jc Jd Qc 8s 5d]
Seat 1: bojnice21 (big blind) folded before Flop
Seat 2: ondawarpaf folded before Flop (didn't bet)
Seat 4: vvivv9 folded before Flop (didn't bet)
Seat 5: 18poker04 showed [Ah Qh] and won ($0.54) with two pair, Queens and Jacks
Seat 6: Dubhe99 showed [Qd 8h] and lost with two pair, Queens and Jacks
Seat 7: YUAN.jr folded on the Flop
Seat 8: Dorex2007 (button) folded before Flop (didn't bet)
Seat 9: RickyDoda1953 (small blind) folded on the Flop



PokerStars Hand #237407191302:  Hold'em No Limit ($0.01/$0.02 USD) - 2022/07/16 23:33:22 PT [2022/07/17 2:33:22 ET]
Table 'Eduarda III' 9-max Seat #9 is the button
Seat 1: bojnice21 ($1.72 in chips) 
Seat 2: ondawarpaf ($1.99 in chips) 
Seat 4: vvivv9 ($0.83 in chips) 
Seat 5: 18poker04 ($3 in chips) 
Seat 6: Dubhe99 ($3.70 in chips) 
Seat 7: YUAN.jr ($0.51 in chips) 
Seat 8: Dorex2007 ($2.32 in chips) 
Seat 9: RickyDoda1953 ($2.17 in chips) 
bojnice21: posts small blind $0.01
ondawarpaf: posts big blind $0.02
lucifergaia: sits out 
*** HOLE CARDS ***
Dealt to Dorex2007 [6c Jh]
vvivv9: folds 
18poker04: folds 
Dubhe99: calls $0.02
YUAN.jr: calls $0.02
Dorex2007: folds 
RickyDoda1953: folds 
bojnice21: calls $0.01
ondawarpaf: checks 
*** FLOP *** [4h Ks Jc]
bojnice21: checks 
ondawarpaf: checks 
Dubhe99: checks 
YUAN.jr: bets $0.08
bojnice21: folds 
ondawarpaf: calls $0.08
Dubhe99: folds 
*** TURN *** [4h Ks Jc] [3s]
18poker04 leaves the table
ondawarpaf: checks 
YUAN.jr: bets $0.02
ondawarpaf: calls $0.02
*** RIVER *** [4h Ks Jc 3s] [Kd]
ondawarpaf: checks 
YUAN.jr: bets $0.39 and is all-in
ondawarpaf: folds 
Uncalled bet ($0.39) returned to YUAN.jr
YUAN.jr collected $0.27 from pot
*** SUMMARY ***
Total pot $0.28 | Rake $0.01 
Board [4h Ks Jc 3s Kd]
Seat 1: bojnice21 (small blind) folded on the Flop
Seat 2: ondawarpaf (big blind) folded on the River
Seat 4: vvivv9 folded before Flop (didn't bet)
Seat 5: 18poker04 folded before Flop (didn't bet)
Seat 6: Dubhe99 folded on the Flop
Seat 7: YUAN.jr collected ($0.27)
Seat 8: Dorex2007 folded before Flop (didn't bet)
Seat 9: RickyDoda1953 (button) folded before Flop (didn't bet)



PokerStars Hand #237407198254:  Hold'em No Limit ($0.01/$0.02 USD) - 2022/07/16 23:34:23 PT [2022/07/17 2:34:23 ET]
Table 'Eduarda III' 9-max Seat #1 is the button
Seat 1: bojnice21 ($1.70 in chips) 
Seat 2: ondawarpaf ($1.87 in chips) 
Seat 3: lucifergaia ($2 in chips) 
Seat 4: vvivv9 ($0.83 in chips) 
Seat 6: Dubhe99 ($3.68 in chips) 
Seat 7: YUAN.jr ($0.66 in chips) 
Seat 8: Dorex2007 ($2.32 in chips) 
Seat 9: RickyDoda1953 ($2.17 in chips) 
ondawarpaf: posts small blind $0.01
lucifergaia: posts big blind $0.02
*** HOLE CARDS ***
Dealt to Dorex2007 [Ad 8d]
MagomanBR joins the table at seat #5 
vvivv9: folds 
Dubhe99: calls $0.02
YUAN.jr: calls $0.02
Dorex2007: folds 
RickyDoda1953: folds 
bojnice21: folds 
ondawarpaf: folds 
lucifergaia: checks 
*** FLOP *** [7h 4s Kh]
lucifergaia: checks 
Dubhe99: checks 
YUAN.jr: bets $0.07
lucifergaia: folds 
Dubhe99: folds 
Uncalled bet ($0.07) returned to YUAN.jr
YUAN.jr collected $0.07 from pot
*** SUMMARY ***
Total pot $0.07 | Rake $0 
Board [7h 4s Kh]
Seat 1: bojnice21 (button) folded before Flop (didn't bet)
Seat 2: ondawarpaf (small blind) folded before Flop
Seat 3: lucifergaia (big blind) folded on the Flop
Seat 4: vvivv9 folded before Flop (didn't bet)
Seat 6: Dubhe99 folded on the Flop
Seat 7: YUAN.jr collected ($0.07)
Seat 8: Dorex2007 folded before Flop (didn't bet)
Seat 9: RickyDoda1953 folded before Flop (didn't bet)



PokerStars Hand #237407202824:  Hold'em No Limit ($0.01/$0.02 USD) - 2022/07/16 23:35:04 PT [2022/07/17 2:35:04 ET]
Table 'Eduarda III' 9-max Seat #2 is the button
Seat 1: bojnice21 ($1.70 in chips) 
Seat 2: ondawarpaf ($1.99 in chips) 
Seat 3: lucifergaia ($2 in chips) 
Seat 4: vvivv9 ($0.83 in chips) 
Seat 6: Dubhe99 ($3.66 in chips) 
Seat 7: YUAN.jr ($0.71 in chips) 
Seat 8: Dorex2007 ($2.32 in chips) 
Seat 9: RickyDoda1953 ($2.17 in chips) 
lucifergaia: posts small blind $0.01
vvivv9: posts big blind $0.02
MagomanBR: sits out 
*** HOLE CARDS ***
Dealt to Dorex2007 [Ah 3d]
Dubhe99: calls $0.02
YUAN.jr: calls $0.02
Dorex2007: folds 
RickyDoda1953: folds 
bojnice21: folds 
ondawarpaf: folds 
lucifergaia: calls $0.01
vvivv9: checks 
*** FLOP *** [Th 7s 2h]
lucifergaia: checks 
vvivv9: checks 
Dubhe99: checks 
YUAN.jr: checks 
*** TURN *** [Th 7s 2h] [8c]
lucifergaia: checks 
vvivv9: checks 
Dubhe99: checks 
YUAN.jr: checks 
*** RIVER *** [Th 7s 2h 8c] [Js]
lucifergaia: bets $0.04
vvivv9: folds 
Dubhe99: calls $0.04
YUAN.jr: folds 
*** SHOW DOWN ***
lucifergaia: shows [9s 7h] (a straight, Seven to Jack)
Dubhe99: mucks hand 
lucifergaia collected $0.15 from pot
*** SUMMARY ***
Total pot $0.16 | Rake $0.01 
Board [Th 7s 2h 8c Js]
Seat 1: bojnice21 folded before Flop (didn't bet)
Seat 2: ondawarpaf (button) folded before Flop (didn't bet)
Seat 3: lucifergaia (small blind) showed [9s 7h] and won ($0.15) with a straight, Seven to Jack
Seat 4: vvivv9 (big blind) folded on the River
Seat 6: Dubhe99 mucked [5c Jd]
Seat 7: YUAN.jr folded on the River
Seat 8: Dorex2007 folded before Flop (didn't bet)
Seat 9: RickyDoda1953 folded before Flop (didn't bet)



PokerStars Hand #237407212106:  Hold'em No Limit ($0.01/$0.02 USD) - 2022/07/16 23:36:25 PT [2022/07/17 2:36:25 ET]
Table 'Eduarda III' 9-max Seat #3 is the button
Seat 1: bojnice21 ($1.70 in chips) 
Seat 2: ondawarpaf ($1.99 in chips) 
Seat 3: lucifergaia ($2.09 in chips) 
Seat 4: vvivv9 ($0.81 in chips) 
Seat 5: MagomanBR ($1.60 in chips) 
Seat 6: Dubhe99 ($3.60 in chips) 
Seat 7: YUAN.jr ($0.69 in chips) 
Seat 8: Dorex2007 ($2.32 in chips) 
Seat 9: RickyDoda1953 ($2.17 in chips) 
vvivv9: posts small blind $0.01
MagomanBR: posts big blind $0.02
*** HOLE CARDS ***
Dealt to Dorex2007 [Qh Qs]
Dubhe99: folds 
YUAN.jr: folds 
Dorex2007: raises $0.08 to $0.10
RickyDoda1953: folds 
bojnice21: folds 
ondawarpaf: folds 
lucifergaia: folds 
vvivv9: folds 
MagomanBR: calls $0.08
*** FLOP *** [Th 2c Qd]
MagomanBR: checks 
Dorex2007: bets $0.10
MagomanBR: calls $0.10
*** TURN *** [Th 2c Qd] [Tc]
MagomanBR: checks 
Dorex2007: bets $0.10
MagomanBR: calls $0.10
*** RIVER *** [Th 2c Qd Tc] [Kh]
MagomanBR: bets $0.44
Dorex2007: raises $1.47 to $1.91
MagomanBR: folds 
Uncalled bet ($1.47) returned to Dorex2007
Dorex2007 collected $1.44 from pot
*** SUMMARY ***
Total pot $1.49 | Rake $0.05 
Board [Th 2c Qd Tc Kh]
Seat 1: bojnice21 folded before Flop (didn't bet)
Seat 2: ondawarpaf folded before Flop (didn't bet)
Seat 3: lucifergaia (button) folded before Flop (didn't bet)
Seat 4: vvivv9 (small blind) folded before Flop
Seat 5: MagomanBR (big blind) folded on the River
Seat 6: Dubhe99 folded before Flop (didn't bet)
Seat 7: YUAN.jr folded before Flop (didn't bet)
Seat 8: Dorex2007 collected ($1.44)
Seat 9: RickyDoda1953 folded before Flop (didn't bet)



PokerStars Hand #237407221884:  Hold'em No Limit ($0.01/$0.02 USD) - 2022/07/16 23:37:51 PT [2022/07/17 2:37:51 ET]
Table 'Eduarda III' 9-max Seat #4 is the button
Seat 1: bojnice21 ($1.70 in chips) 
Seat 2: ondawarpaf ($1.99 in chips) 
Seat 3: lucifergaia ($2.09 in chips) 
Seat 4: vvivv9 ($0.80 in chips) 
Seat 5: MagomanBR ($0.86 in chips) 
Seat 6: Dubhe99 ($3.60 in chips) 
Seat 7: YUAN.jr ($0.69 in chips) 
Seat 8: Dorex2007 ($3.02 in chips) 
Seat 9: RickyDoda1953 ($2.17 in chips) 
MagomanBR: posts small blind $0.01
Dubhe99: posts big blind $0.02
*** HOLE CARDS ***
Dealt to Dorex2007 [9c 7d]
YUAN.jr: folds 
Dorex2007: folds 
RickyDoda1953: raises $0.02 to $0.04
bojnice21: folds 
ondawarpaf: folds 
lucifergaia: folds 
vvivv9: folds 
MagomanBR: folds 
Dubhe99: raises $0.02 to $0.06
RickyDoda1953: calls $0.02
*** FLOP *** [Ad Jc Ac]
Dubhe99: bets $0.06
RickyDoda1953: calls $0.06
*** TURN *** [Ad Jc Ac] [2d]
Dubhe99: bets $0.12
RickyDoda1953: folds 
Uncalled bet ($0.12) returned to Dubhe99
Dubhe99 collected $0.24 from pot
*** SUMMARY ***
Total pot $0.25 | Rake $0.01 
Board [Ad Jc Ac 2d]
Seat 1: bojnice21 folded before Flop (didn't bet)
Seat 2: ondawarpaf folded before Flop (didn't bet)
Seat 3: lucifergaia folded before Flop (didn't bet)
Seat 4: vvivv9 (button) folded before Flop (didn't bet)
Seat 5: MagomanBR (small blind) folded before Flop
Seat 6: Dubhe99 (big blind) collected ($0.24)
Seat 7: YUAN.jr folded before Flop (didn't bet)
Seat 8: Dorex2007 folded before Flop (didn't bet)
Seat 9: RickyDoda1953 folded on the Turn



PokerStars Hand #237407225531:  Hold'em No Limit ($0.01/$0.02 USD) - 2022/07/16 23:38:23 PT [2022/07/17 2:38:23 ET]
Table 'Eduarda III' 9-max Seat #5 is the button
Seat 1: bojnice21 ($1.70 in chips) 
Seat 2: ondawarpaf ($1.99 in chips) 
Seat 3: lucifergaia ($2.09 in chips) 
Seat 4: vvivv9 ($0.80 in chips) 
Seat 5: MagomanBR ($0.85 in chips) 
Seat 6: Dubhe99 ($3.72 in chips) 
Seat 7: YUAN.jr ($0.69 in chips) 
Seat 8: Dorex2007 ($3.02 in chips) 
Seat 9: RickyDoda1953 ($2.05 in chips) 
Dubhe99: posts small blind $0.01
YUAN.jr: posts big blind $0.02
*** HOLE CARDS ***
Dealt to Dorex2007 [4c 8h]
Dorex2007: folds 
RickyDoda1953: calls $0.02
bojnice21: folds 
ondawarpaf: folds 
lucifergaia: folds 
vvivv9: calls $0.02
MagomanBR: raises $0.09 to $0.11
Dubhe99: raises $3.61 to $3.72 and is all-in
YUAN.jr: folds 
RickyDoda1953: folds 
vvivv9: folds 
MagomanBR: calls $0.74 and is all-in
Uncalled bet ($2.87) returned to Dubhe99
*** FLOP *** [6d Kh Jh]
*** TURN *** [6d Kh Jh] [Jd]
*** RIVER *** [6d Kh Jh Jd] [8s]
*** SHOW DOWN ***
Dubhe99: shows [Ad Kc] (two pair, Kings and Jacks)
MagomanBR: shows [6s As] (two pair, Jacks and Sixes)
Dubhe99 collected $1.70 from pot
*** SUMMARY ***
Total pot $1.76 | Rake $0.06 
Board [6d Kh Jh Jd 8s]
Seat 1: bojnice21 folded before Flop (didn't bet)
Seat 2: ondawarpaf folded before Flop (didn't bet)
Seat 3: lucifergaia folded before Flop (didn't bet)
Seat 4: vvivv9 folded before Flop
Seat 5: MagomanBR (button) showed [6s As] and lost with two pair, Jacks and Sixes
Seat 6: Dubhe99 (small blind) showed [Ad Kc] and won ($1.70) with two pair, Kings and Jacks
Seat 7: YUAN.jr (big blind) folded before Flop
Seat 8: Dorex2007 folded before Flop (didn't bet)
Seat 9: RickyDoda1953 folded before Flop



PokerStars Hand #237407230569:  Hold'em No Limit ($0.01/$0.02 USD) - 2022/07/16 23:39:06 PT [2022/07/17 2:39:06 ET]
Table 'Eduarda III' 9-max Seat #6 is the button
Seat 1: bojnice21 ($1.70 in chips) 
Seat 2: ondawarpaf ($1.99 in chips) 
Seat 3: lucifergaia ($2.09 in chips) 
Seat 4: vvivv9 ($0.78 in chips) 
Seat 6: Dubhe99 ($4.57 in chips) 
Seat 7: YUAN.jr ($0.67 in chips) 
Seat 8: Dorex2007 ($3.02 in chips) 
Seat 9: RickyDoda1953 ($2.03 in chips) 
YUAN.jr: posts small blind $0.01
Dorex2007: posts big blind $0.02
*** HOLE CARDS ***
Dealt to Dorex2007 [Kd 7h]
RickyDoda1953: folds 
MagomanBR leaves the table
VIOLIST BR joins the table at seat #5 
bojnice21: folds 
ondawarpaf: folds 
lucifergaia: folds 
vvivv9: raises $0.02 to $0.04
Dubhe99: calls $0.04
YUAN.jr: calls $0.03
Dorex2007: folds 
*** FLOP *** [Ac 9c 5s]
YUAN.jr: checks 
vvivv9: bets $0.08
Dubhe99: calls $0.08
YUAN.jr: folds 
*** TURN *** [Ac 9c 5s] [7c]
vvivv9: checks 
Dubhe99: checks 
*** RIVER *** [Ac 9c 5s 7c] [5d]
vvivv9: checks 
Dubhe99: checks 
*** SHOW DOWN ***
vvivv9: shows [Kh As] (two pair, Aces and Fives)
Dubhe99: mucks hand 
vvivv9 collected $0.29 from pot
*** SUMMARY ***
Total pot $0.30 | Rake $0.01 
Board [Ac 9c 5s 7c 5d]
Seat 1: bojnice21 folded before Flop (didn't bet)
Seat 2: ondawarpaf folded before Flop (didn't bet)
Seat 3: lucifergaia folded before Flop (didn't bet)
Seat 4: vvivv9 showed [Kh As] and won ($0.29) with two pair, Aces and Fives
Seat 6: Dubhe99 (button) mucked [Qs 9d]
Seat 7: YUAN.jr (small blind) folded on the Flop
Seat 8: Dorex2007 (big blind) folded before Flop
Seat 9: RickyDoda1953 folded before Flop (didn't bet)



PokerStars Hand #237407237981:  Hold'em No Limit ($0.01/$0.02 USD) - 2022/07/16 23:40:09 PT [2022/07/17 2:40:09 ET]
Table 'Eduarda III' 9-max Seat #7 is the button
Seat 1: bojnice21 ($1.70 in chips) 
Seat 2: ondawarpaf ($1.99 in chips) 
Seat 3: lucifergaia ($2.09 in chips) 
Seat 4: vvivv9 ($0.95 in chips) 
Seat 6: Dubhe99 ($4.45 in chips) 
Seat 7: YUAN.jr ($0.63 in chips) 
Seat 8: Dorex2007 ($3 in chips) 
Seat 9: RickyDoda1953 ($2.03 in chips) 
Dorex2007: posts small blind $0.01
RickyDoda1953: posts big blind $0.02
VIOLIST BR: sits out 
*** HOLE CARDS ***
Dealt to Dorex2007 [7c 2s]
bojnice21: folds 
ondawarpaf: folds 
lucifergaia: raises $0.04 to $0.06
vvivv9: folds 
Dubhe99: folds 
YUAN.jr: calls $0.06
Dorex2007: folds 
RickyDoda1953: folds 
*** FLOP *** [7d 9s 7h]
lucifergaia: checks 
YUAN.jr: bets $0.07
lucifergaia: folds 
Uncalled bet ($0.07) returned to YUAN.jr
YUAN.jr collected $0.14 from pot
*** SUMMARY ***
Total pot $0.15 | Rake $0.01 
Board [7d 9s 7h]
Seat 1: bojnice21 folded before Flop (didn't bet)
Seat 2: ondawarpaf folded before Flop (didn't bet)
Seat 3: lucifergaia folded on the Flop
Seat 4: vvivv9 folded before Flop (didn't bet)
Seat 6: Dubhe99 folded before Flop (didn't bet)
Seat 7: YUAN.jr (button) collected ($0.14)
Seat 8: Dorex2007 (small blind) folded before Flop
Seat 9: RickyDoda1953 (big blind) folded before Flop



PokerStars Hand #237407241049:  Hold'em No Limit ($0.01/$0.02 USD) - 2022/07/16 23:40:35 PT [2022/07/17 2:40:35 ET]
Table 'Eduarda III' 9-max Seat #8 is the button
Seat 1: bojnice21 ($1.70 in chips) 
Seat 2: ondawarpaf ($1.99 in chips) 
Seat 3: lucifergaia ($2.03 in chips) 
Seat 4: vvivv9 ($0.95 in chips) 
Seat 6: Dubhe99 ($4.45 in chips) 
Seat 7: YUAN.jr ($0.71 in chips) 
Seat 8: Dorex2007 ($2.99 in chips) 
Seat 9: RickyDoda1953 ($2.01 in chips) 
RickyDoda1953: posts small blind $0.01
bojnice21: posts big blind $0.02
VIOLIST BR: sits out 
*** HOLE CARDS ***
Dealt to Dorex2007 [5d 8d]
ondawarpaf: folds 
lucifergaia: folds 
vvivv9: folds 
Dubhe99: calls $0.02
YUAN.jr: calls $0.02
Dorex2007: folds 
RickyDoda1953: calls $0.01
bojnice21: checks 
*** FLOP *** [7c Ks 7d]
RickyDoda1953: checks 
bojnice21: checks 
Dubhe99: bets $0.13
YUAN.jr: folds 
RickyDoda1953: folds 
bojnice21: folds 
Uncalled bet ($0.13) returned to Dubhe99
Dubhe99 collected $0.08 from pot
*** SUMMARY ***
Total pot $0.08 | Rake $0 
Board [7c Ks 7d]
Seat 1: bojnice21 (big blind) folded on the Flop
Seat 2: ondawarpaf folded before Flop (didn't bet)
Seat 3: lucifergaia folded before Flop (didn't bet)
Seat 4: vvivv9 folded before Flop (didn't bet)
Seat 6: Dubhe99 collected ($0.08)
Seat 7: YUAN.jr folded on the Flop
Seat 8: Dorex2007 (button) folded before Flop (didn't bet)
Seat 9: RickyDoda1953 (small blind) folded on the Flop



PokerStars Hand #237407250420:  Hold'em No Limit ($0.01/$0.02 USD) - 2022/07/16 23:41:54 PT [2022/07/17 2:41:54 ET]
Table 'Eduarda III' 9-max Seat #9 is the button
Seat 1: bojnice21 ($1.68 in chips) 
Seat 2: ondawarpaf ($1.99 in chips) 
Seat 3: lucifergaia ($2.03 in chips) 
Seat 4: vvivv9 ($0.95 in chips) 
Seat 5: VIOLIST BR ($2 in chips) 
Seat 6: Dubhe99 ($4.51 in chips) 
Seat 7: YUAN.jr ($0.69 in chips) 
Seat 8: Dorex2007 ($2.99 in chips) 
Seat 9: RickyDoda1953 ($1.99 in chips) 
bojnice21: posts small blind $0.01
ondawarpaf: posts big blind $0.02
VIOLIST BR: posts big blind $0.02
*** HOLE CARDS ***
Dealt to Dorex2007 [6d 6h]
lucifergaia: folds 
vvivv9: folds 
VIOLIST BR: checks 
Dubhe99: calls $0.02
YUAN.jr: calls $0.02
Dorex2007: calls $0.02
RickyDoda1953 has timed out
RickyDoda1953: folds 
bojnice21: calls $0.01
ondawarpaf: checks 
*** FLOP *** [7s Tc 3d]
bojnice21: checks 
ondawarpaf: checks 
VIOLIST BR: checks 
Dubhe99: checks 
YUAN.jr: checks 
Dorex2007: bets $0.06
bojnice21: folds 
ondawarpaf: folds 
VIOLIST BR: calls $0.06
Dubhe99: calls $0.06
YUAN.jr: folds 
*** TURN *** [7s Tc 3d] [Kh]
VIOLIST BR: checks 
Dubhe99: checks 
Dorex2007: checks 
*** RIVER *** [7s Tc 3d Kh] [Qd]
VIOLIST BR: checks 
Dubhe99: checks 
Dorex2007: checks 
*** SHOW DOWN ***
VIOLIST BR: shows [9s 8s] (high card King)
Dubhe99: shows [Ac 3s] (a pair of Threes)
Dorex2007: shows [6d 6h] (a pair of Sixes)
Dorex2007 collected $0.29 from pot
*** SUMMARY ***
Total pot $0.30 | Rake $0.01 
Board [7s Tc 3d Kh Qd]
Seat 1: bojnice21 (small blind) folded on the Flop
Seat 2: ondawarpaf (big blind) folded on the Flop
Seat 3: lucifergaia folded before Flop (didn't bet)
Seat 4: vvivv9 folded before Flop (didn't bet)
Seat 5: VIOLIST BR showed [9s 8s] and lost with high card King
Seat 6: Dubhe99 showed [Ac 3s] and lost with a pair of Threes
Seat 7: YUAN.jr folded on the Flop
Seat 8: Dorex2007 showed [6d 6h] and won ($0.29) with a pair of Sixes
Seat 9: RickyDoda1953 (button) folded before Flop (didn't bet)



PokerStars Hand #237407261007:  Hold'em No Limit ($0.01/$0.02 USD) - 2022/07/16 23:43:24 PT [2022/07/17 2:43:24 ET]
Table 'Eduarda III' 9-max Seat #1 is the button
Seat 1: bojnice21 ($1.66 in chips) 
Seat 2: ondawarpaf ($1.97 in chips) 
Seat 3: lucifergaia ($2.03 in chips) 
Seat 4: vvivv9 ($0.95 in chips) 
Seat 5: VIOLIST BR ($2 in chips) 
Seat 6: Dubhe99 ($4.43 in chips) 
Seat 7: YUAN.jr ($0.67 in chips) 
Seat 8: Dorex2007 ($3.20 in chips) 
ondawarpaf: posts small blind $0.01
lucifergaia: posts big blind $0.02
*** HOLE CARDS ***
Dealt to Dorex2007 [Jh Ac]
RickyDoda1953 leaves the table
vvivv9: folds 
VIOLIST BR: folds 
Dubhe99: calls $0.02
YUAN.jr: calls $0.02
Dorex2007: calls $0.02
bojnice21: folds 
ondawarpaf: folds 
lucifergaia: checks 
*** FLOP *** [Qc 7s 7c]
lucifergaia: checks 
Dubhe99: checks 
YUAN.jr: checks 
Dorex2007: checks 
*** TURN *** [Qc 7s 7c] [3c]
lucifergaia: checks 
Dubhe99: checks 
YUAN.jr: checks 
Dorex2007: checks 
*** RIVER *** [Qc 7s 7c 3c] [8c]
lucifergaia: checks 
Dubhe99: bets $0.11
YUAN.jr: folds 
Dorex2007: calls $0.11
lucifergaia: folds 
*** SHOW DOWN ***
Dubhe99: shows [Kc 8s] (a flush, King high)
Dorex2007: shows [Jh Ac] (a flush, Ace high)
Dorex2007 collected $0.30 from pot
*** SUMMARY ***
Total pot $0.31 | Rake $0.01 
Board [Qc 7s 7c 3c 8c]
Seat 1: bojnice21 (button) folded before Flop (didn't bet)
Seat 2: ondawarpaf (small blind) folded before Flop
Seat 3: lucifergaia (big blind) folded on the River
Seat 4: vvivv9 folded before Flop (didn't bet)
Seat 5: VIOLIST BR folded before Flop (didn't bet)
Seat 6: Dubhe99 showed [Kc 8s] and lost with a flush, King high
Seat 7: YUAN.jr folded on the River
Seat 8: Dorex2007 showed [Jh Ac] and won ($0.30) with a flush, Ace high



PokerStars Hand #237407268361:  Hold'em No Limit ($0.01/$0.02 USD) - 2022/07/16 23:44:26 PT [2022/07/17 2:44:26 ET]
Table 'Eduarda III' 9-max Seat #2 is the button
Seat 1: bojnice21 ($1.66 in chips) 
Seat 2: ondawarpaf ($1.96 in chips) 
Seat 3: lucifergaia ($2.01 in chips) 
Seat 4: vvivv9 ($0.95 in chips) 
Seat 5: VIOLIST BR ($2 in chips) 
Seat 6: Dubhe99 ($4.30 in chips) 
Seat 7: YUAN.jr ($0.65 in chips) 
Seat 8: Dorex2007 ($3.37 in chips) 
lucifergaia: posts small blind $0.01
vvivv9: posts big blind $0.02
*** HOLE CARDS ***
Dealt to Dorex2007 [2h Ks]
VIOLIST BR: folds 
Dubhe99: calls $0.02
YUAN.jr: calls $0.02
Dorex2007: folds 
bojnice21: folds 
ondawarpaf: raises $0.93 to $0.95
lucifergaia: folds 
vvivv9: folds 
Dubhe99: folds 
YUAN.jr: folds 
Uncalled bet ($0.93) returned to ondawarpaf
ondawarpaf collected $0.09 from pot
*** SUMMARY ***
Total pot $0.09 | Rake $0 
Seat 1: bojnice21 folded before Flop (didn't bet)
Seat 2: ondawarpaf (button) collected ($0.09)
Seat 3: lucifergaia (small blind) folded before Flop
Seat 4: vvivv9 (big blind) folded before Flop
Seat 5: VIOLIST BR folded before Flop (didn't bet)
Seat 6: Dubhe99 folded before Flop
Seat 7: YUAN.jr folded before Flop
Seat 8: Dorex2007 folded before Flop (didn't bet)



PokerStars Hand #237407273018:  Hold'em No Limit ($0.01/$0.02 USD) - 2022/07/16 23:45:05 PT [2022/07/17 2:45:05 ET]
Table 'Eduarda III' 9-max Seat #3 is the button
Seat 1: bojnice21 ($1.66 in chips) 
Seat 2: ondawarpaf ($2.03 in chips) 
Seat 3: lucifergaia ($2 in chips) 
Seat 4: vvivv9 ($0.93 in chips) 
Seat 5: VIOLIST BR ($2 in chips) 
Seat 6: Dubhe99 ($4.28 in chips) 
Seat 7: YUAN.jr ($0.63 in chips) 
Seat 8: Dorex2007 ($3.37 in chips) 
vvivv9: posts small blind $0.01
VIOLIST BR: posts big blind $0.02
*** HOLE CARDS ***
Dealt to Dorex2007 [Ks Qd]
Dubhe99: calls $0.02
YUAN.jr: folds 
Dorex2007: raises $0.02 to $0.04
bojnice21: folds 
ondawarpaf: folds 
lucifergaia: calls $0.04
vvivv9: folds 
VIOLIST BR: folds 
Dubhe99: calls $0.02
*** FLOP *** [Td 8s Qs]
Dubhe99: checks 
Dorex2007: bets $0.09
lucifergaia: folds 
Dubhe99: calls $0.09
*** TURN *** [Td 8s Qs] [Kd]
Dubhe99: checks 
Dorex2007: bets $0.32
Dubhe99: calls $0.32
*** RIVER *** [Td 8s Qs Kd] [4d]
Dubhe99: bets $3.83 and is all-in
Dorex2007: folds 
Uncalled bet ($3.83) returned to Dubhe99
Dubhe99 collected $0.94 from pot
*** SUMMARY ***
Total pot $0.97 | Rake $0.03 
Board [Td 8s Qs Kd 4d]
Seat 1: bojnice21 folded before Flop (didn't bet)
Seat 2: ondawarpaf folded before Flop (didn't bet)
Seat 3: lucifergaia (button) folded on the Flop
Seat 4: vvivv9 (small blind) folded before Flop
Seat 5: VIOLIST BR (big blind) folded before Flop
Seat 6: Dubhe99 collected ($0.94)
Seat 7: YUAN.jr folded before Flop (didn't bet)
Seat 8: Dorex2007 folded on the River



PokerStars Hand #237407285059:  Hold'em No Limit ($0.01/$0.02 USD) - 2022/07/16 23:46:46 PT [2022/07/17 2:46:46 ET]
Table 'Eduarda III' 9-max Seat #4 is the button
Seat 1: bojnice21 ($1.66 in chips) 
Seat 2: ondawarpaf ($2.03 in chips) 
Seat 3: lucifergaia ($2 in chips) 
Seat 4: vvivv9 ($0.92 in chips) 
Seat 5: VIOLIST BR ($2 in chips) 
Seat 6: Dubhe99 ($4.77 in chips) 
Seat 7: YUAN.jr ($0.63 in chips) 
Seat 8: Dorex2007 ($2.92 in chips) 
VIOLIST BR: posts small blind $0.01
Dubhe99: posts big blind $0.02
*** HOLE CARDS ***
Dealt to Dorex2007 [6s 9s]
AnteTalon joins the table at seat #9 
YUAN.jr: folds 
Dorex2007: folds 
bojnice21: calls $0.02
ondawarpaf: folds 
lucifergaia: folds 
vvivv9: raises $0.02 to $0.04
VIOLIST BR: calls $0.03
Dubhe99: calls $0.02
bojnice21: calls $0.02
*** FLOP *** [3h Ac 9c]
VIOLIST BR: checks 
Dubhe99: checks 
bojnice21: checks 
vvivv9: checks 
*** TURN *** [3h Ac 9c] [4d]
VIOLIST BR: checks 
Dubhe99: checks 
bojnice21: checks 
vvivv9: checks 
*** RIVER *** [3h Ac 9c 4d] [8s]
VIOLIST BR: bets $0.07
Dubhe99: folds 
bojnice21: calls $0.07
vvivv9: calls $0.07
*** SHOW DOWN ***
VIOLIST BR: shows [8h 8d] (three of a kind, Eights)
bojnice21: mucks hand 
vvivv9: mucks hand 
VIOLIST BR collected $0.36 from pot
*** SUMMARY ***
Total pot $0.37 | Rake $0.01 
Board [3h Ac 9c 4d 8s]
Seat 1: bojnice21 mucked [As Kh]
Seat 2: ondawarpaf folded before Flop (didn't bet)
Seat 3: lucifergaia folded before Flop (didn't bet)
Seat 4: vvivv9 (button) mucked [Qc Qh]
Seat 5: VIOLIST BR (small blind) showed [8h 8d] and won ($0.36) with three of a kind, Eights
Seat 6: Dubhe99 (big blind) folded on the River
Seat 7: YUAN.jr folded before Flop (didn't bet)
Seat 8: Dorex2007 folded before Flop (didn't bet)



PokerStars Hand #237407293996:  Hold'em No Limit ($0.01/$0.02 USD) - 2022/07/16 23:48:01 PT [2022/07/17 2:48:01 ET]
Table 'Eduarda III' 9-max Seat #5 is the button
Seat 1: bojnice21 ($1.55 in chips) 
Seat 2: ondawarpaf ($2.03 in chips) 
Seat 3: lucifergaia ($2 in chips) 
Seat 4: vvivv9 ($0.81 in chips) 
Seat 5: VIOLIST BR ($2.25 in chips) 
Seat 6: Dubhe99 ($4.73 in chips) 
Seat 7: YUAN.jr ($0.63 in chips) 
Seat 8: Dorex2007 ($2.92 in chips) 
Dubhe99: posts small blind $0.01
YUAN.jr: posts big blind $0.02
AnteTalon: sits out 
*** HOLE CARDS ***
Dealt to Dorex2007 [6s 7c]
Dorex2007: folds 
bojnice21: folds 
ondawarpaf: folds 
lucifergaia: folds 
vvivv9 has timed out
vvivv9: folds 
VIOLIST BR: folds 
Dubhe99: calls $0.01
YUAN.jr: checks 
*** FLOP *** [Qh 2s Qd]
Dubhe99: bets $0.06
YUAN.jr: calls $0.06
*** TURN *** [Qh 2s Qd] [8d]
Dubhe99: bets $0.04
YUAN.jr: calls $0.04
*** RIVER *** [Qh 2s Qd 8d] [6h]
Dubhe99: bets $0.02
bojnice21 leaves the table
YUAN.jr: raises $0.14 to $0.16
Dubhe99: calls $0.14
*** SHOW DOWN ***
YUAN.jr: shows [Qs 3h] (three of a kind, Queens)
Dubhe99: mucks hand 
YUAN.jr collected $0.54 from pot
*** SUMMARY ***
Total pot $0.56 | Rake $0.02 
Board [Qh 2s Qd 8d 6h]
Seat 1: bojnice21 folded before Flop (didn't bet)
Seat 2: ondawarpaf folded before Flop (didn't bet)
Seat 3: lucifergaia folded before Flop (didn't bet)
Seat 4: vvivv9 folded before Flop (didn't bet)
Seat 5: VIOLIST BR (button) folded before Flop (didn't bet)
Seat 6: Dubhe99 (small blind) mucked [2d Td]
Seat 7: YUAN.jr (big blind) showed [Qs 3h] and won ($0.54) with three of a kind, Queens
Seat 8: Dorex2007 folded before Flop (didn't bet)



PokerStars Hand #237407300237:  Hold'em No Limit ($0.01/$0.02 USD) - 2022/07/16 23:48:53 PT [2022/07/17 2:48:53 ET]
Table 'Eduarda III' 9-max Seat #6 is the button
Seat 2: ondawarpaf ($2.03 in chips) 
Seat 3: lucifergaia ($2 in chips) 
Seat 5: VIOLIST BR ($2.25 in chips) 
Seat 6: Dubhe99 ($4.45 in chips) 
Seat 7: YUAN.jr ($0.89 in chips) 
Seat 8: Dorex2007 ($2.92 in chips) 
YUAN.jr: posts small blind $0.01
Dorex2007: posts big blind $0.02
AnteTalon: sits out 
*** HOLE CARDS ***
Dealt to Dorex2007 [9h 3d]
ondawarpaf: folds 
lucifergaia: folds 
VIOLIST BR: folds 
pokerIman27 joins the table at seat #1 
Dubhe99 has timed out
Dubhe99: folds 
YUAN.jr: calls $0.01
Dorex2007: checks 
*** FLOP *** [6d Kc 9s]
YUAN.jr: checks 
Dorex2007: bets $0.04
YUAN.jr: folds 
Uncalled bet ($0.04) returned to Dorex2007
Dorex2007 collected $0.04 from pot
*** SUMMARY ***
Total pot $0.04 | Rake $0 
Board [6d Kc 9s]
Seat 2: ondawarpaf folded before Flop (didn't bet)
Seat 3: lucifergaia folded before Flop (didn't bet)
Seat 5: VIOLIST BR folded before Flop (didn't bet)
Seat 6: Dubhe99 (button) folded before Flop (didn't bet)
Seat 7: YUAN.jr (small blind) folded on the Flop
Seat 8: Dorex2007 (big blind) collected ($0.04)



PokerStars Hand #237407305137:  Hold'em No Limit ($0.01/$0.02 USD) - 2022/07/16 23:49:35 PT [2022/07/17 2:49:35 ET]
Table 'Eduarda III' 9-max Seat #7 is the button
Seat 1: pokerIman27 ($1.60 in chips) 
Seat 2: ondawarpaf ($2.03 in chips) 
Seat 3: lucifergaia ($2 in chips) 
Seat 4: vvivv9 ($0.81 in chips) 
Seat 5: VIOLIST BR ($2.25 in chips) 
Seat 6: Dubhe99 ($4.45 in chips) 
Seat 7: YUAN.jr ($0.87 in chips) 
Seat 8: Dorex2007 ($2.94 in chips) 
Seat 9: AnteTalon ($2 in chips) 
Dorex2007: posts small blind $0.01
AnteTalon: posts big blind $0.02
pokerIman27: posts big blind $0.02
*** HOLE CARDS ***
Dealt to Dorex2007 [As 3s]
pokerIman27: checks 
ondawarpaf: folds 
lucifergaia: folds 
vvivv9: folds 
VIOLIST BR: calls $0.02
Dubhe99: folds 
YUAN.jr: calls $0.02
Dorex2007: calls $0.01
AnteTalon: checks 
*** FLOP *** [Jc Td Qd]
Dorex2007: checks 
AnteTalon: checks 
pokerIman27: checks 
VIOLIST BR: checks 
YUAN.jr: checks 
*** TURN *** [Jc Td Qd] [Kh]
Dorex2007: bets $0.10
AnteTalon: folds 
pokerIman27: folds 
VIOLIST BR: calls $0.10
YUAN.jr: folds 
*** RIVER *** [Jc Td Qd Kh] [6c]
Dorex2007: bets $2.82 and is all-in
VIOLIST BR: folds 
Uncalled bet ($2.82) returned to Dorex2007
Dorex2007 collected $0.29 from pot
*** SUMMARY ***
Total pot $0.30 | Rake $0.01 
Board [Jc Td Qd Kh 6c]
Seat 1: pokerIman27 folded on the Turn (didn't bet)
Seat 2: ondawarpaf folded before Flop (didn't bet)
Seat 3: lucifergaia folded before Flop (didn't bet)
Seat 4: vvivv9 folded before Flop (didn't bet)
Seat 5: VIOLIST BR folded on the River
Seat 6: Dubhe99 folded before Flop (didn't bet)
Seat 7: YUAN.jr (button) folded on the Turn
Seat 8: Dorex2007 (small blind) collected ($0.29)
Seat 9: AnteTalon (big blind) folded on the Turn



PokerStars Hand #237407316023:  Hold'em No Limit ($0.01/$0.02 USD) - 2022/07/16 23:51:06 PT [2022/07/17 2:51:06 ET]
Table 'Eduarda III' 9-max Seat #8 is the button
Seat 1: pokerIman27 ($1.58 in chips) 
Seat 2: ondawarpaf ($2.03 in chips) 
Seat 3: lucifergaia ($2 in chips) 
Seat 4: vvivv9 ($0.81 in chips) 
Seat 5: VIOLIST BR ($2.13 in chips) 
Seat 6: Dubhe99 ($4.45 in chips) 
Seat 7: YUAN.jr ($0.85 in chips) 
Seat 8: Dorex2007 ($3.11 in chips) 
Seat 9: AnteTalon ($1.98 in chips) 
AnteTalon: posts small blind $0.01
pokerIman27: posts big blind $0.02
*** HOLE CARDS ***
Dealt to Dorex2007 [Td 8d]
ondawarpaf: folds 
lucifergaia: folds 
vvivv9: calls $0.02
VIOLIST BR: folds 
Dubhe99: calls $0.02
YUAN.jr: calls $0.02
Dorex2007: folds 
AnteTalon: folds 
pokerIman27: checks 
*** FLOP *** [2d 6c Th]
pokerIman27: checks 
vvivv9: checks 
Dubhe99: checks 
YUAN.jr: checks 
*** TURN *** [2d 6c Th] [9c]
pokerIman27: checks 
vvivv9: bets $0.04
Dubhe99: folds 
YUAN.jr: folds 
pokerIman27: folds 
Uncalled bet ($0.04) returned to vvivv9
vvivv9 collected $0.09 from pot
*** SUMMARY ***
Total pot $0.09 | Rake $0 
Board [2d 6c Th 9c]
Seat 1: pokerIman27 (big blind) folded on the Turn
Seat 2: ondawarpaf folded before Flop (didn't bet)
Seat 3: lucifergaia folded before Flop (didn't bet)
Seat 4: vvivv9 collected ($0.09)
Seat 5: VIOLIST BR folded before Flop (didn't bet)
Seat 6: Dubhe99 folded on the Turn
Seat 7: YUAN.jr folded on the Turn
Seat 8: Dorex2007 (button) folded before Flop (didn't bet)
Seat 9: AnteTalon (small blind) folded before Flop



PokerStars Hand #237407321437:  Hold'em No Limit ($0.01/$0.02 USD) - 2022/07/16 23:51:53 PT [2022/07/17 2:51:53 ET]
Table 'Eduarda III' 9-max Seat #9 is the button
Seat 1: pokerIman27 ($1.56 in chips) 
Seat 2: ondawarpaf ($2.03 in chips) 
Seat 3: lucifergaia ($2 in chips) 
Seat 4: vvivv9 ($0.88 in chips) 
Seat 5: VIOLIST BR ($2.13 in chips) 
Seat 6: Dubhe99 ($4.43 in chips) 
Seat 7: YUAN.jr ($0.83 in chips) 
Seat 8: Dorex2007 ($3.11 in chips) 
Seat 9: AnteTalon ($1.97 in chips) 
pokerIman27: posts small blind $0.01
ondawarpaf: posts big blind $0.02
*** HOLE CARDS ***
Dealt to Dorex2007 [7s Kc]
lucifergaia: folds 
vvivv9: folds 
VIOLIST BR: folds 
Dubhe99: raises $0.02 to $0.04
YUAN.jr: folds 
Dorex2007: folds 
AnteTalon: folds 
pokerIman27: folds 
ondawarpaf: folds 
Uncalled bet ($0.02) returned to Dubhe99
Dubhe99 collected $0.05 from pot
*** SUMMARY ***
Total pot $0.05 | Rake $0 
Seat 1: pokerIman27 (small blind) folded before Flop
Seat 2: ondawarpaf (big blind) folded before Flop
Seat 3: lucifergaia folded before Flop (didn't bet)
Seat 4: vvivv9 folded before Flop (didn't bet)
Seat 5: VIOLIST BR folded before Flop (didn't bet)
Seat 6: Dubhe99 collected ($0.05)
Seat 7: YUAN.jr folded before Flop (didn't bet)
Seat 8: Dorex2007 folded before Flop (didn't bet)
Seat 9: AnteTalon (button) folded before Flop (didn't bet)



PokerStars Hand #237407324799:  Hold'em No Limit ($0.01/$0.02 USD) - 2022/07/16 23:52:21 PT [2022/07/17 2:52:21 ET]
Table 'Eduarda III' 9-max Seat #1 is the button
Seat 1: pokerIman27 ($1.55 in chips) 
Seat 2: ondawarpaf ($2.01 in chips) 
Seat 3: lucifergaia ($2 in chips) 
Seat 4: vvivv9 ($0.88 in chips) 
Seat 5: VIOLIST BR ($2.13 in chips) 
Seat 6: Dubhe99 ($4.46 in chips) 
Seat 7: YUAN.jr ($0.83 in chips) 
Seat 8: Dorex2007 ($3.11 in chips) 
Seat 9: AnteTalon ($1.97 in chips) 
ondawarpaf: posts small blind $0.01
lucifergaia: posts big blind $0.02
*** HOLE CARDS ***
Dealt to Dorex2007 [As Qh]
vvivv9: calls $0.02
VIOLIST BR: raises $0.07 to $0.09
Dubhe99: folds 
YUAN.jr: folds 
Dorex2007: calls $0.09
AnteTalon: folds 
pokerIman27: folds 
ondawarpaf: folds 
lucifergaia: folds 
vvivv9: calls $0.07
*** FLOP *** [5h 2c 3s]
vvivv9: checks 
VIOLIST BR: checks 
Dorex2007: checks 
*** TURN *** [5h 2c 3s] [8s]
vvivv9: checks 
VIOLIST BR: checks 
Dorex2007: checks 
*** RIVER *** [5h 2c 3s 8s] [4h]
vvivv9: checks 
VIOLIST BR: checks 
Dorex2007: bets $0.29
vvivv9: calls $0.29
VIOLIST BR: calls $0.29
*** SHOW DOWN ***
Dorex2007: shows [As Qh] (a straight, Ace to Five)
vvivv9: shows [Qs Ah] (a straight, Ace to Five)
VIOLIST BR: shows [Ad Ks] (a straight, Ace to Five)
vvivv9 collected $0.38 from pot
VIOLIST BR collected $0.38 from pot
Dorex2007 collected $0.37 from pot
*** SUMMARY ***
Total pot $1.17 | Rake $0.04 
Board [5h 2c 3s 8s 4h]
Seat 1: pokerIman27 (button) folded before Flop (didn't bet)
Seat 2: ondawarpaf (small blind) folded before Flop
Seat 3: lucifergaia (big blind) folded before Flop
Seat 4: vvivv9 showed [Qs Ah] and won ($0.38) with a straight, Ace to Five
Seat 5: VIOLIST BR showed [Ad Ks] and won ($0.38) with a straight, Ace to Five
Seat 6: Dubhe99 folded before Flop (didn't bet)
Seat 7: YUAN.jr folded before Flop (didn't bet)
Seat 8: Dorex2007 showed [As Qh] and won ($0.37) with a straight, Ace to Five
Seat 9: AnteTalon folded before Flop (didn't bet)



PokerStars Hand #237407333294:  Hold'em No Limit ($0.01/$0.02 USD) - 2022/07/16 23:53:33 PT [2022/07/17 2:53:33 ET]
Table 'Eduarda III' 9-max Seat #2 is the button
Seat 1: pokerIman27 ($1.55 in chips) 
Seat 2: ondawarpaf ($2 in chips) 
Seat 3: lucifergaia ($2 in chips) 
Seat 4: vvivv9 ($0.88 in chips) 
Seat 5: VIOLIST BR ($2.13 in chips) 
Seat 6: Dubhe99 ($4.46 in chips) 
Seat 7: YUAN.jr ($0.83 in chips) 
Seat 8: Dorex2007 ($3.10 in chips) 
Seat 9: AnteTalon ($1.97 in chips) 
lucifergaia: posts small blind $0.01
vvivv9: posts big blind $0.02
*** HOLE CARDS ***
Dealt to Dorex2007 [4d 8h]
VIOLIST BR: folds 
Dubhe99: calls $0.02
YUAN.jr: folds 
Dorex2007: folds 
AnteTalon: folds 
pokerIman27: calls $0.02
ondawarpaf: folds 
lucifergaia: calls $0.01
vvivv9: checks 
*** FLOP *** [7h 4c 2c]
lucifergaia: checks 
vvivv9: checks 
Dubhe99: checks 
pokerIman27: checks 
*** TURN *** [7h 4c 2c] [Ac]
lucifergaia: checks 
vvivv9: checks 
Dubhe99: bets $0.02
pokerIman27: folds 
lucifergaia: folds 
vvivv9: folds 
Uncalled bet ($0.02) returned to Dubhe99
Dubhe99 collected $0.08 from pot
*** SUMMARY ***
Total pot $0.08 | Rake $0 
Board [7h 4c 2c Ac]
Seat 1: pokerIman27 folded on the Turn
Seat 2: ondawarpaf (button) folded before Flop (didn't bet)
Seat 3: lucifergaia (small blind) folded on the Turn
Seat 4: vvivv9 (big blind) folded on the Turn
Seat 5: VIOLIST BR folded before Flop (didn't bet)
Seat 6: Dubhe99 collected ($0.08)
Seat 7: YUAN.jr folded before Flop (didn't bet)
Seat 8: Dorex2007 folded before Flop (didn't bet)
Seat 9: AnteTalon folded before Flop (didn't bet)



PokerStars Hand #237407339894:  Hold'em No Limit ($0.01/$0.02 USD) - 2022/07/16 23:54:29 PT [2022/07/17 2:54:29 ET]
Table 'Eduarda III' 9-max Seat #3 is the button
Seat 1: pokerIman27 ($1.53 in chips) 
Seat 2: ondawarpaf ($2 in chips) 
Seat 3: lucifergaia ($2 in chips) 
Seat 4: vvivv9 ($0.86 in chips) 
Seat 5: VIOLIST BR ($2.13 in chips) 
Seat 6: Dubhe99 ($4.52 in chips) 
Seat 7: YUAN.jr ($0.83 in chips) 
Seat 8: Dorex2007 ($3.10 in chips) 
Seat 9: AnteTalon ($1.97 in chips) 
vvivv9: posts small blind $0.01
VIOLIST BR: posts big blind $0.02
*** HOLE CARDS ***
Dealt to Dorex2007 [8c 7h]
Dubhe99: calls $0.02
YUAN.jr: folds 
Dorex2007: folds 
AnteTalon: folds 
pokerIman27: folds 
ondawarpaf: folds 
lucifergaia: folds 
vvivv9: calls $0.01
VIOLIST BR: checks 
*** FLOP *** [2h Kh 5c]
vvivv9: checks 
VIOLIST BR: checks 
Dubhe99: bets $0.06
vvivv9: folds 
VIOLIST BR: folds 
Uncalled bet ($0.06) returned to Dubhe99
Dubhe99 collected $0.06 from pot
*** SUMMARY ***
Total pot $0.06 | Rake $0 
Board [2h Kh 5c]
Seat 1: pokerIman27 folded before Flop (didn't bet)
Seat 2: ondawarpaf folded before Flop (didn't bet)
Seat 3: lucifergaia (button) folded before Flop (didn't bet)
Seat 4: vvivv9 (small blind) folded on the Flop
Seat 5: VIOLIST BR (big blind) folded on the Flop
Seat 6: Dubhe99 collected ($0.06)
Seat 7: YUAN.jr folded before Flop (didn't bet)
Seat 8: Dorex2007 folded before Flop (didn't bet)
Seat 9: AnteTalon folded before Flop (didn't bet)



PokerStars Hand #237407345453:  Hold'em No Limit ($0.01/$0.02 USD) - 2022/07/16 23:55:15 PT [2022/07/17 2:55:15 ET]
Table 'Eduarda III' 9-max Seat #4 is the button
Seat 1: pokerIman27 ($1.53 in chips) 
Seat 2: ondawarpaf ($2 in chips) 
Seat 3: lucifergaia ($2 in chips) 
Seat 4: vvivv9 ($0.84 in chips) 
Seat 5: VIOLIST BR ($2.11 in chips) 
Seat 6: Dubhe99 ($4.56 in chips) 
Seat 7: YUAN.jr ($0.83 in chips) 
Seat 8: Dorex2007 ($3.10 in chips) 
Seat 9: AnteTalon ($1.97 in chips) 
VIOLIST BR: posts small blind $0.01
Dubhe99: posts big blind $0.02
*** HOLE CARDS ***
Dealt to Dorex2007 [8h 7d]
YUAN.jr: calls $0.02
Dorex2007: folds 
AnteTalon: folds 
pokerIman27: folds 
ondawarpaf: folds 
lucifergaia: raises $0.06 to $0.08
vvivv9: folds 
VIOLIST BR: folds 
Dubhe99: calls $0.06
YUAN.jr: calls $0.06
*** FLOP *** [Td 3d Ah]
Dubhe99: checks 
YUAN.jr: checks 
lucifergaia: checks 
*** TURN *** [Td 3d Ah] [4s]
Dubhe99: bets $0.02
YUAN.jr: folds 
lucifergaia: calls $0.02
*** RIVER *** [Td 3d Ah 4s] [Jd]
Dubhe99: bets $0.02
lucifergaia: calls $0.02
*** SHOW DOWN ***
Dubhe99: shows [Ts 9h] (a pair of Tens)
lucifergaia: shows [Js Qd] (a pair of Jacks)
lucifergaia collected $0.32 from pot
*** SUMMARY ***
Total pot $0.33 | Rake $0.01 
Board [Td 3d Ah 4s Jd]
Seat 1: pokerIman27 folded before Flop (didn't bet)
Seat 2: ondawarpaf folded before Flop (didn't bet)
Seat 3: lucifergaia showed [Js Qd] and won ($0.32) with a pair of Jacks
Seat 4: vvivv9 (button) folded before Flop (didn't bet)
Seat 5: VIOLIST BR (small blind) folded before Flop
Seat 6: Dubhe99 (big blind) showed [Ts 9h] and lost with a pair of Tens
Seat 7: YUAN.jr folded on the Turn
Seat 8: Dorex2007 folded before Flop (didn't bet)
Seat 9: AnteTalon folded before Flop (didn't bet)



PokerStars Hand #237407352160:  Hold'em No Limit ($0.01/$0.02 USD) - 2022/07/16 23:55:54 PT [2022/07/17 2:55:54 ET]
Table 'Eduarda III' 9-max Seat #5 is the button
Seat 1: pokerIman27 ($1.53 in chips) 
Seat 2: ondawarpaf ($2 in chips) 
Seat 3: lucifergaia ($2.20 in chips) 
Seat 4: vvivv9 ($0.84 in chips) 
Seat 5: VIOLIST BR ($2.10 in chips) 
Seat 6: Dubhe99 ($4.44 in chips) 
Seat 7: YUAN.jr ($0.75 in chips) 
Seat 8: Dorex2007 ($3.10 in chips) 
Seat 9: AnteTalon ($1.97 in chips) 
Dubhe99: posts small blind $0.01
YUAN.jr: posts big blind $0.02
*** HOLE CARDS ***
Dealt to Dorex2007 [Th 6h]
Dorex2007: folds 
AnteTalon: folds 
pokerIman27: folds 
ondawarpaf: folds 
lucifergaia: raises $0.04 to $0.06
vvivv9: folds 
VIOLIST BR: folds 
Dubhe99: folds 
YUAN.jr: calls $0.04
*** FLOP *** [Qh 7c 8s]
YUAN.jr: checks 
lucifergaia: checks 
*** TURN *** [Qh 7c 8s] [Ac]
YUAN.jr: checks 
lucifergaia: checks 
*** RIVER *** [Qh 7c 8s Ac] [4h]
YUAN.jr: checks 
lucifergaia: checks 
*** SHOW DOWN ***
YUAN.jr: shows [3c 3h] (a pair of Threes)
lucifergaia: mucks hand 
YUAN.jr collected $0.13 from pot
*** SUMMARY ***
Total pot $0.13 | Rake $0 
Board [Qh 7c 8s Ac 4h]
Seat 1: pokerIman27 folded before Flop (didn't bet)
Seat 2: ondawarpaf folded before Flop (didn't bet)
Seat 3: lucifergaia mucked [Kh Tc]
Seat 4: vvivv9 folded before Flop (didn't bet)
Seat 5: VIOLIST BR (button) folded before Flop (didn't bet)
Seat 6: Dubhe99 (small blind) folded before Flop
Seat 7: YUAN.jr (big blind) showed [3c 3h] and won ($0.13) with a pair of Threes
Seat 8: Dorex2007 folded before Flop (didn't bet)
Seat 9: AnteTalon folded before Flop (didn't bet)



PokerStars Hand #237407357691:  Hold'em No Limit ($0.01/$0.02 USD) - 2022/07/16 23:56:46 PT [2022/07/17 2:56:46 ET]
Table 'Eduarda III' 9-max Seat #6 is the button
Seat 1: pokerIman27 ($1.53 in chips) 
Seat 3: lucifergaia ($2.14 in chips) 
Seat 4: vvivv9 ($0.84 in chips) 
Seat 5: VIOLIST BR ($2.10 in chips) 
Seat 6: Dubhe99 ($4.43 in chips) 
Seat 7: YUAN.jr ($0.82 in chips) 
Seat 8: Dorex2007 ($3.10 in chips) 
Seat 9: AnteTalon ($1.97 in chips) 
YUAN.jr: posts small blind $0.01
Dorex2007: posts big blind $0.02
*** HOLE CARDS ***
Dealt to Dorex2007 [9d Qd]
AnteTalon: folds 
pokerIman27: calls $0.02
lucifergaia: folds 
vvivv9: calls $0.02
VIOLIST BR: folds 
Dubhe99: folds 
YUAN.jr: calls $0.01
Dorex2007: checks 
*** FLOP *** [8c Ks 4d]
YUAN.jr: checks 
Dorex2007: checks 
pokerIman27: bets $0.04
vvivv9: folds 
YUAN.jr: folds 
Dorex2007: folds 
Uncalled bet ($0.04) returned to pokerIman27
pokerIman27 collected $0.08 from pot
*** SUMMARY ***
Total pot $0.08 | Rake $0 
Board [8c Ks 4d]
Seat 1: pokerIman27 collected ($0.08)
Seat 3: lucifergaia folded before Flop (didn't bet)
Seat 4: vvivv9 folded on the Flop
Seat 5: VIOLIST BR folded before Flop (didn't bet)
Seat 6: Dubhe99 (button) folded before Flop (didn't bet)
Seat 7: YUAN.jr (small blind) folded on the Flop
Seat 8: Dorex2007 (big blind) folded on the Flop
Seat 9: AnteTalon folded before Flop (didn't bet)



PokerStars Hand #237407361026:  Hold'em No Limit ($0.01/$0.02 USD) - 2022/07/16 23:57:18 PT [2022/07/17 2:57:18 ET]
Table 'Eduarda III' 9-max Seat #7 is the button
Seat 1: pokerIman27 ($1.59 in chips) 
Seat 3: lucifergaia ($2.14 in chips) 
Seat 4: vvivv9 ($0.82 in chips) 
Seat 5: VIOLIST BR ($2.10 in chips) 
Seat 6: Dubhe99 ($4.43 in chips) 
Seat 7: YUAN.jr ($0.80 in chips) 
Seat 8: Dorex2007 ($3.08 in chips) 
Seat 9: AnteTalon ($1.97 in chips) 
Dorex2007: posts small blind $0.01
AnteTalon: posts big blind $0.02
*** HOLE CARDS ***
Dealt to Dorex2007 [Kd 7d]
pokerIman27: folds 
lucifergaia: folds 
vvivv9: folds 
VIOLIST BR: folds 
Dubhe99: folds 
YUAN.jr: folds 
Dorex2007: raises $0.02 to $0.04
AnteTalon: folds 
Uncalled bet ($0.02) returned to Dorex2007
Dorex2007 collected $0.04 from pot
*** SUMMARY ***
Total pot $0.04 | Rake $0 
Seat 1: pokerIman27 folded before Flop (didn't bet)
Seat 3: lucifergaia folded before Flop (didn't bet)
Seat 4: vvivv9 folded before Flop (didn't bet)
Seat 5: VIOLIST BR folded before Flop (didn't bet)
Seat 6: Dubhe99 folded before Flop (didn't bet)
Seat 7: YUAN.jr (button) folded before Flop (didn't bet)
Seat 8: Dorex2007 (small blind) collected ($0.04)
Seat 9: AnteTalon (big blind) folded before Flop



PokerStars Hand #237407363266:  Hold'em No Limit ($0.01/$0.02 USD) - 2022/07/16 23:57:40 PT [2022/07/17 2:57:40 ET]
Table 'Eduarda III' 9-max Seat #8 is the button
Seat 1: pokerIman27 ($1.59 in chips) 
Seat 3: lucifergaia ($2.14 in chips) 
Seat 4: vvivv9 ($0.82 in chips) 
Seat 5: VIOLIST BR ($2.10 in chips) 
Seat 6: Dubhe99 ($4.43 in chips) 
Seat 7: YUAN.jr ($0.80 in chips) 
Seat 8: Dorex2007 ($3.10 in chips) 
Seat 9: AnteTalon ($1.95 in chips) 
AnteTalon: posts small blind $0.01
pokerIman27: posts big blind $0.02
*** HOLE CARDS ***
Dealt to Dorex2007 [Kc 8c]
lucifergaia: folds 
vvivv9: folds 
VIOLIST BR: folds 
Dubhe99: calls $0.02
YUAN.jr: calls $0.02
Dorex2007: calls $0.02
AnteTalon: calls $0.01
pokerIman27: checks 
*** FLOP *** [Td 9s 6d]
AnteTalon: bets $0.08
pokerIman27: calls $0.08
Dubhe99: calls $0.08
YUAN.jr: folds 
Dorex2007: folds 
*** TURN *** [Td 9s 6d] [9c]
AnteTalon: checks 
pokerIman27: checks 
Dubhe99: bets $0.13
AnteTalon: folds 
pokerIman27: calls $0.13
*** RIVER *** [Td 9s 6d 9c] [2d]
pokerIman27: checks 
Dubhe99: checks 
*** SHOW DOWN ***
pokerIman27: shows [Ks Qs] (a pair of Nines)
Dubhe99: shows [Ah Ts] (two pair, Tens and Nines)
Dubhe99 collected $0.58 from pot
*** SUMMARY ***
Total pot $0.60 | Rake $0.02 
Board [Td 9s 6d 9c 2d]
Seat 1: pokerIman27 (big blind) showed [Ks Qs] and lost with a pair of Nines
Seat 3: lucifergaia folded before Flop (didn't bet)
Seat 4: vvivv9 folded before Flop (didn't bet)
Seat 5: VIOLIST BR folded before Flop (didn't bet)
Seat 6: Dubhe99 showed [Ah Ts] and won ($0.58) with two pair, Tens and Nines
Seat 7: YUAN.jr folded on the Flop
Seat 8: Dorex2007 (button) folded on the Flop
Seat 9: AnteTalon (small blind) folded on the Turn



PokerStars Hand #237407371574:  Hold'em No Limit ($0.01/$0.02 USD) - 2022/07/16 23:59:00 PT [2022/07/17 2:59:00 ET]
Table 'Eduarda III' 9-max Seat #9 is the button
Seat 1: pokerIman27 ($1.36 in chips) 
Seat 3: lucifergaia ($2.14 in chips) 
Seat 4: vvivv9 ($0.82 in chips) 
Seat 5: VIOLIST BR ($2.10 in chips) 
Seat 6: Dubhe99 ($4.78 in chips) 
Seat 7: YUAN.jr ($0.78 in chips) 
Seat 8: Dorex2007 ($3.08 in chips) 
Seat 9: AnteTalon ($1.85 in chips) 
pokerIman27: posts small blind $0.01
lucifergaia: posts big blind $0.02
*** HOLE CARDS ***
Dealt to Dorex2007 [Kh 6s]
vvivv9: folds 
VIOLIST BR: calls $0.02
Dubhe99: calls $0.02
YUAN.jr: raises $0.09 to $0.11
Dorex2007: folds 
AnteTalon: folds 
pokerIman27: folds 
lucifergaia: folds 
VIOLIST BR: calls $0.09
Dubhe99: calls $0.09
*** FLOP *** [8c Jc 9d]
VIOLIST BR: checks 
Dubhe99: bets $0.02
YUAN.jr: raises $0.39 to $0.41
VIOLIST BR: folds 
Dubhe99: calls $0.39
*** TURN *** [8c Jc 9d] [4c]
Dubhe99: checks 
YUAN.jr: bets $0.26 and is all-in
Dubhe99: calls $0.26
*** RIVER *** [8c Jc 9d 4c] [5s]
*** SHOW DOWN ***
Dubhe99: shows [9c 5c] (a flush, Jack high)
YUAN.jr: shows [Ah Jd] (a pair of Jacks)
Dubhe99 collected $1.64 from pot
*** SUMMARY ***
Total pot $1.70 | Rake $0.06 
Board [8c Jc 9d 4c 5s]
Seat 1: pokerIman27 (small blind) folded before Flop
Seat 3: lucifergaia (big blind) folded before Flop
Seat 4: vvivv9 folded before Flop (didn't bet)
Seat 5: VIOLIST BR folded on the Flop
Seat 6: Dubhe99 showed [9c 5c] and won ($1.64) with a flush, Jack high
Seat 7: YUAN.jr showed [Ah Jd] and lost with a pair of Jacks
Seat 8: Dorex2007 folded before Flop (didn't bet)
Seat 9: AnteTalon (button) folded before Flop (didn't bet)



PokerStars Hand #237407379486:  Hold'em No Limit ($0.01/$0.02 USD) - 2022/07/17 0:00:16 PT [2022/07/17 3:00:16 ET]
Table 'Eduarda III' 9-max Seat #1 is the button
Seat 1: pokerIman27 ($1.35 in chips) 
Seat 3: lucifergaia ($2.12 in chips) 
Seat 5: VIOLIST BR ($2 in chips) 
Seat 6: Dubhe99 ($5.64 in chips) 
Seat 8: Dorex2007 ($3.08 in chips) 
Seat 9: AnteTalon ($1.85 in chips) 
lucifergaia: posts small blind $0.01
vvivv9 has timed out
vvivv9: is sitting out 
VIOLIST BR: posts big blind $0.02
*** HOLE CARDS ***
Dealt to Dorex2007 [Th 4d]
Dubhe99: calls $0.02
Dorex2007: folds 
AnteTalon: folds 
pokerIman27: folds 
lucifergaia: folds 
VIOLIST BR: checks 
*** FLOP *** [5d 6h Ks]
VIOLIST BR: bets $0.05
Dubhe99: folds 
Uncalled bet ($0.05) returned to VIOLIST BR
VIOLIST BR collected $0.05 from pot
*** SUMMARY ***
Total pot $0.05 | Rake $0 
Board [5d 6h Ks]
Seat 1: pokerIman27 (button) folded before Flop (didn't bet)
Seat 3: lucifergaia (small blind) folded before Flop
Seat 5: VIOLIST BR (big blind) collected ($0.05)
Seat 6: Dubhe99 folded on the Flop
Seat 8: Dorex2007 folded before Flop (didn't bet)
Seat 9: AnteTalon folded before Flop (didn't bet)



PokerStars Hand #237407383303:  Hold'em No Limit ($0.01/$0.02 USD) - 2022/07/17 0:00:51 PT [2022/07/17 3:00:51 ET]
Table 'Eduarda III' 9-max Seat #3 is the button
Seat 1: pokerIman27 ($1.35 in chips) 
Seat 2: ondawarpaf ($2 in chips) 
Seat 3: lucifergaia ($2.11 in chips) 
Seat 5: VIOLIST BR ($2.03 in chips) 
Seat 6: Dubhe99 ($5.62 in chips) 
Seat 7: YUAN.jr ($1 in chips) 
Seat 8: Dorex2007 ($3.08 in chips) 
Seat 9: AnteTalon ($1.85 in chips) 
VIOLIST BR: posts small blind $0.01
Dubhe99: posts big blind $0.02
ondawarpaf: posts small & big blinds $0.03
*** HOLE CARDS ***
Dealt to Dorex2007 [7d 5s]
YUAN.jr: folds 
Dorex2007: folds 
AnteTalon: folds 
pokerIman27: folds 
ondawarpaf: checks 
lucifergaia: folds 
VIOLIST BR: folds 
Dubhe99: checks 
*** FLOP *** [Ac 7s 7c]
Dubhe99: checks 
ondawarpaf: checks 
*** TURN *** [Ac 7s 7c] [5c]
Dubhe99: checks 
ondawarpaf: checks 
*** RIVER *** [Ac 7s 7c 5c] [Jd]
Dubhe99: bets $0.02
ondawarpaf: folds 
Uncalled bet ($0.02) returned to Dubhe99
Dubhe99 collected $0.06 from pot
*** SUMMARY ***
Total pot $0.06 | Rake $0 
Board [Ac 7s 7c 5c Jd]
Seat 1: pokerIman27 folded before Flop (didn't bet)
Seat 2: ondawarpaf folded on the River (didn't bet)
Seat 3: lucifergaia (button) folded before Flop (didn't bet)
Seat 5: VIOLIST BR (small blind) folded before Flop
Seat 6: Dubhe99 (big blind) collected ($0.06)
Seat 7: YUAN.jr folded before Flop (didn't bet)
Seat 8: Dorex2007 folded before Flop (didn't bet)
Seat 9: AnteTalon folded before Flop (didn't bet)



PokerStars Hand #237407387353:  Hold'em No Limit ($0.01/$0.02 USD) - 2022/07/17 0:01:27 PT [2022/07/17 3:01:27 ET]
Table 'Eduarda III' 9-max Seat #5 is the button
Seat 1: pokerIman27 ($1.35 in chips) 
Seat 2: ondawarpaf ($1.97 in chips) 
Seat 3: lucifergaia ($2.11 in chips) 
Seat 5: VIOLIST BR ($2.02 in chips) 
Seat 6: Dubhe99 ($5.66 in chips) 
Seat 7: YUAN.jr ($1 in chips) 
Seat 8: Dorex2007 ($3.08 in chips) 
Seat 9: AnteTalon ($1.85 in chips) 
Dubhe99: posts small blind $0.01
YUAN.jr: posts big blind $0.02
vvivv9: sits out 
*** HOLE CARDS ***
Dealt to Dorex2007 [Qs 7h]
Dorex2007: folds 
AnteTalon: folds 
pokerIman27: folds 
ondawarpaf: folds 
lucifergaia: folds 
VIOLIST BR: folds 
Dubhe99: calls $0.01
YUAN.jr: raises $0.04 to $0.06
Dubhe99: calls $0.04
*** FLOP *** [4c 6s 7c]
Dubhe99: checks 
YUAN.jr: bets $0.12
Dubhe99: folds 
Uncalled bet ($0.12) returned to YUAN.jr
YUAN.jr collected $0.12 from pot
*** SUMMARY ***
Total pot $0.12 | Rake $0 
Board [4c 6s 7c]
Seat 1: pokerIman27 folded before Flop (didn't bet)
Seat 2: ondawarpaf folded before Flop (didn't bet)
Seat 3: lucifergaia folded before Flop (didn't bet)
Seat 5: VIOLIST BR (button) folded before Flop (didn't bet)
Seat 6: Dubhe99 (small blind) folded on the Flop
Seat 7: YUAN.jr (big blind) collected ($0.12)
Seat 8: Dorex2007 folded before Flop (didn't bet)
Seat 9: AnteTalon folded before Flop (didn't bet)



PokerStars Hand #237407390905:  Hold'em No Limit ($0.01/$0.02 USD) - 2022/07/17 0:01:59 PT [2022/07/17 3:01:59 ET]
Table 'Eduarda III' 9-max Seat #6 is the button
Seat 1: pokerIman27 ($1.35 in chips) 
Seat 3: lucifergaia ($2.11 in chips) 
Seat 5: VIOLIST BR ($2.02 in chips) 
Seat 6: Dubhe99 ($5.60 in chips) 
Seat 7: YUAN.jr ($1.06 in chips) 
Seat 8: Dorex2007 ($3.08 in chips) 
Seat 9: AnteTalon ($1.85 in chips) 
YUAN.jr: posts small blind $0.01
Dorex2007: posts big blind $0.02
vvivv9: sits out 
*** HOLE CARDS ***
Dealt to Dorex2007 [Th 7s]
AnteTalon: folds 
pokerIman27: folds 
lucifergaia: raises $0.04 to $0.06
VIOLIST BR: folds 
Dubhe99: calls $0.06
YUAN.jr: folds 
Dorex2007: folds 
*** FLOP *** [3c Qs 4h]
lucifergaia: bets $0.09
Dubhe99: calls $0.09
*** TURN *** [3c Qs 4h] [8c]
lucifergaia: bets $0.24
Dubhe99: folds 
Uncalled bet ($0.24) returned to lucifergaia
lucifergaia collected $0.32 from pot
*** SUMMARY ***
Total pot $0.33 | Rake $0.01 
Board [3c Qs 4h 8c]
Seat 1: pokerIman27 folded before Flop (didn't bet)
Seat 3: lucifergaia collected ($0.32)
Seat 5: VIOLIST BR folded before Flop (didn't bet)
Seat 6: Dubhe99 (button) folded on the Turn
Seat 7: YUAN.jr (small blind) folded before Flop
Seat 8: Dorex2007 (big blind) folded before Flop
Seat 9: AnteTalon folded before Flop (didn't bet)



PokerStars Hand #237407394803:  Hold'em No Limit ($0.01/$0.02 USD) - 2022/07/17 0:02:33 PT [2022/07/17 3:02:33 ET]
Table 'Eduarda III' 9-max Seat #7 is the button
Seat 1: pokerIman27 ($1.35 in chips) 
Seat 3: lucifergaia ($2.28 in chips) 
Seat 5: VIOLIST BR ($2.02 in chips) 
Seat 6: Dubhe99 ($5.45 in chips) 
Seat 7: YUAN.jr ($1.05 in chips) 
Seat 8: Dorex2007 ($3.06 in chips) 
Seat 9: AnteTalon ($1.85 in chips) 
Dorex2007: posts small blind $0.01
AnteTalon: posts big blind $0.02
vvivv9: sits out 
*** HOLE CARDS ***
Dealt to Dorex2007 [3c Kh]
pokerIman27: calls $0.02
lucifergaia: folds 
VIOLIST BR: folds 
Dubhe99: raises $0.03 to $0.05
YUAN.jr: raises $1 to $1.05 and is all-in
Dorex2007: folds 
AnteTalon: folds 
pokerIman27: folds 
Dubhe99: folds 
Uncalled bet ($1) returned to YUAN.jr
YUAN.jr collected $0.15 from pot
*** SUMMARY ***
Total pot $0.15 | Rake $0 
Seat 1: pokerIman27 folded before Flop
Seat 3: lucifergaia folded before Flop (didn't bet)
Seat 5: VIOLIST BR folded before Flop (didn't bet)
Seat 6: Dubhe99 folded before Flop
Seat 7: YUAN.jr (button) collected ($0.15)
Seat 8: Dorex2007 (small blind) folded before Flop
Seat 9: AnteTalon (big blind) folded before Flop



PokerStars Hand #237407399683:  Hold'em No Limit ($0.01/$0.02 USD) - 2022/07/17 0:03:15 PT [2022/07/17 3:03:15 ET]
Table 'Eduarda III' 9-max Seat #8 is the button
Seat 1: pokerIman27 ($1.33 in chips) 
Seat 3: lucifergaia ($2.28 in chips) 
Seat 5: VIOLIST BR ($2.02 in chips) 
Seat 6: Dubhe99 ($5.40 in chips) 
Seat 7: YUAN.jr ($1.15 in chips) 
Seat 8: Dorex2007 ($3.05 in chips) 
Seat 9: AnteTalon ($1.83 in chips) 
AnteTalon: posts small blind $0.01
pokerIman27: posts big blind $0.02
vvivv9: sits out 
*** HOLE CARDS ***
Dealt to Dorex2007 [Ts Td]
lucifergaia: raises $0.04 to $0.06
VIOLIST BR: folds 
Dubhe99: calls $0.06
YUAN.jr: folds 
Dorex2007: folds 
AnteTalon: folds 
pokerIman27: folds 
*** FLOP *** [Qs 2s 8d]
lucifergaia: bets $0.07
Dubhe99: folds 
Uncalled bet ($0.07) returned to lucifergaia
lucifergaia collected $0.14 from pot
*** SUMMARY ***
Total pot $0.15 | Rake $0.01 
Board [Qs 2s 8d]
Seat 1: pokerIman27 (big blind) folded before Flop
Seat 3: lucifergaia collected ($0.14)
Seat 5: VIOLIST BR folded before Flop (didn't bet)
Seat 6: Dubhe99 folded on the Flop
Seat 7: YUAN.jr folded before Flop (didn't bet)
Seat 8: Dorex2007 (button) folded before Flop (didn't bet)
Seat 9: AnteTalon (small blind) folded before Flop



PokerStars Hand #237407401958:  Hold'em No Limit ($0.01/$0.02 USD) - 2022/07/17 0:03:35 PT [2022/07/17 3:03:35 ET]
Table 'Eduarda III' 9-max Seat #9 is the button
Seat 1: pokerIman27 ($1.31 in chips) 
Seat 3: lucifergaia ($2.36 in chips) 
Seat 5: VIOLIST BR ($2.02 in chips) 
Seat 6: Dubhe99 ($5.34 in chips) 
Seat 7: YUAN.jr ($1.15 in chips) 
Seat 8: Dorex2007 ($3.05 in chips) 
Seat 9: AnteTalon ($1.82 in chips) 
pokerIman27: posts small blind $0.01
lucifergaia: posts big blind $0.02
vvivv9: sits out 
*** HOLE CARDS ***
Dealt to Dorex2007 [4h Jc]
VIOLIST BR: folds 
Dubhe99: calls $0.02
YUAN.jr: folds 
Dorex2007: folds 
AnteTalon: raises $0.13 to $0.15
pokerIman27: folds 
lucifergaia: calls $0.13
Dubhe99: folds 
*** FLOP *** [Tc 7c 6d]
lucifergaia: checks 
AnteTalon: bets $0.24
lucifergaia: folds 
Uncalled bet ($0.24) returned to AnteTalon
AnteTalon collected $0.32 from pot
*** SUMMARY ***
Total pot $0.33 | Rake $0.01 
Board [Tc 7c 6d]
Seat 1: pokerIman27 (small blind) folded before Flop
Seat 3: lucifergaia (big blind) folded on the Flop
Seat 5: VIOLIST BR folded before Flop (didn't bet)
Seat 6: Dubhe99 folded before Flop
Seat 7: YUAN.jr folded before Flop (didn't bet)
Seat 8: Dorex2007 folded before Flop (didn't bet)
Seat 9: AnteTalon (button) collected ($0.32)



PokerStars Hand #237407407055:  Hold'em No Limit ($0.01/$0.02 USD) - 2022/07/17 0:04:18 PT [2022/07/17 3:04:18 ET]
Table 'Eduarda III' 9-max Seat #1 is the button
Seat 1: pokerIman27 ($1.30 in chips) 
Seat 3: lucifergaia ($2.21 in chips) 
Seat 4: vvivv9 ($0.82 in chips) 
Seat 5: VIOLIST BR ($2.02 in chips) 
Seat 6: Dubhe99 ($5.32 in chips) 
Seat 7: YUAN.jr ($1.15 in chips) 
Seat 8: Dorex2007 ($3.05 in chips) 
Seat 9: AnteTalon ($1.99 in chips) 
lucifergaia: posts small blind $0.01
vvivv9: posts big blind $0.02
*** HOLE CARDS ***
Dealt to Dorex2007 [Jh 4d]
VIOLIST BR: folds 
Dubhe99: calls $0.02
YUAN.jr: folds 
Dorex2007: folds 
AnteTalon: folds 
pokerIman27: folds 
lucifergaia: folds 
vvivv9: checks 
*** FLOP *** [Tc Ah Jd]
vvivv9: checks 
Dubhe99: checks 
*** TURN *** [Tc Ah Jd] [Qh]
vvivv9: checks 
Dubhe99: checks 
*** RIVER *** [Tc Ah Jd Qh] [Qc]
vvivv9: checks 
Dubhe99: checks 
*** SHOW DOWN ***
vvivv9: shows [3d 2c] (a pair of Queens)
Dubhe99: shows [8s 8h] (two pair, Queens and Eights)
Dubhe99 collected $0.05 from pot
*** SUMMARY ***
Total pot $0.05 | Rake $0 
Board [Tc Ah Jd Qh Qc]
Seat 1: pokerIman27 (button) folded before Flop (didn't bet)
Seat 3: lucifergaia (small blind) folded before Flop
Seat 4: vvivv9 (big blind) showed [3d 2c] and lost with a pair of Queens
Seat 5: VIOLIST BR folded before Flop (didn't bet)
Seat 6: Dubhe99 showed [8s 8h] and won ($0.05) with two pair, Queens and Eights
Seat 7: YUAN.jr folded before Flop (didn't bet)
Seat 8: Dorex2007 folded before Flop (didn't bet)
Seat 9: AnteTalon folded before Flop (didn't bet)



PokerStars Hand #237407411520:  Hold'em No Limit ($0.01/$0.02 USD) - 2022/07/17 0:04:57 PT [2022/07/17 3:04:57 ET]
Table 'Eduarda III' 9-max Seat #3 is the button
Seat 1: pokerIman27 ($1.30 in chips) 
Seat 3: lucifergaia ($2.20 in chips) 
Seat 4: vvivv9 ($0.80 in chips) 
Seat 5: VIOLIST BR ($2.02 in chips) 
Seat 6: Dubhe99 ($5.35 in chips) 
Seat 7: YUAN.jr ($1.15 in chips) 
Seat 8: Dorex2007 ($3.05 in chips) 
Seat 9: AnteTalon ($1.99 in chips) 
vvivv9: posts small blind $0.01
VIOLIST BR: posts big blind $0.02
*** HOLE CARDS ***
Dealt to Dorex2007 [9d 7d]
Dubhe99: calls $0.02
YUAN.jr: folds 
Dorex2007: folds 
AnteTalon: folds 
pokerIman27: calls $0.02
lucifergaia: folds 
vvivv9: folds 
VIOLIST BR: checks 
*** FLOP *** [Qd 4c Ah]
VIOLIST BR: checks 
Dubhe99: checks 
pokerIman27: checks 
*** TURN *** [Qd 4c Ah] [Ts]
VIOLIST BR: checks 
Dubhe99: checks 
pokerIman27: checks 
*** RIVER *** [Qd 4c Ah Ts] [6c]
VIOLIST BR: checks 
Dubhe99: checks 
pokerIman27: checks 
*** SHOW DOWN ***
VIOLIST BR: shows [Jd 6s] (a pair of Sixes)
Dubhe99: mucks hand 
pokerIman27: mucks hand 
VIOLIST BR collected $0.07 from pot
*** SUMMARY ***
Total pot $0.07 | Rake $0 
Board [Qd 4c Ah Ts 6c]
Seat 1: pokerIman27 mucked [Kc 9h]
Seat 3: lucifergaia (button) folded before Flop (didn't bet)
Seat 4: vvivv9 (small blind) folded before Flop
Seat 5: VIOLIST BR (big blind) showed [Jd 6s] and won ($0.07) with a pair of Sixes
Seat 6: Dubhe99 mucked [Jc 8s]
Seat 7: YUAN.jr folded before Flop (didn't bet)
Seat 8: Dorex2007 folded before Flop (didn't bet)
Seat 9: AnteTalon folded before Flop (didn't bet)



PokerStars Hand #237407416202:  Hold'em No Limit ($0.01/$0.02 USD) - 2022/07/17 0:05:38 PT [2022/07/17 3:05:38 ET]
Table 'Eduarda III' 9-max Seat #4 is the button
Seat 1: pokerIman27 ($1.28 in chips) 
Seat 3: lucifergaia ($2.20 in chips) 
Seat 4: vvivv9 ($0.79 in chips) 
Seat 5: VIOLIST BR ($2.07 in chips) 
Seat 6: Dubhe99 ($5.33 in chips) 
Seat 7: YUAN.jr ($1.15 in chips) 
Seat 8: Dorex2007 ($3.05 in chips) 
Seat 9: AnteTalon ($1.99 in chips) 
VIOLIST BR: posts small blind $0.01
Dubhe99: posts big blind $0.02
ondawarpaf: sits out 
*** HOLE CARDS ***
Dealt to Dorex2007 [Qc Jc]
YUAN.jr: folds 
Dorex2007: calls $0.02
AnteTalon: folds 
pokerIman27: calls $0.02
lucifergaia: folds 
vvivv9: folds 
VIOLIST BR: folds 
Dubhe99: checks 
*** FLOP *** [9s 2c 8h]
Dubhe99: bets $0.02
Dorex2007: calls $0.02
pokerIman27: calls $0.02
*** TURN *** [9s 2c 8h] [5s]
Dubhe99: bets $0.06
Dorex2007: folds 
pokerIman27: calls $0.06
*** RIVER *** [9s 2c 8h 5s] [8c]
Dubhe99: bets $0.02
pokerIman27: calls $0.02
*** SHOW DOWN ***
Dubhe99: shows [9h Qd] (two pair, Nines and Eights)
pokerIman27: mucks hand 
Dubhe99 collected $0.28 from pot
*** SUMMARY ***
Total pot $0.29 | Rake $0.01 
Board [9s 2c 8h 5s 8c]
Seat 1: pokerIman27 mucked [4s 2s]
Seat 3: lucifergaia folded before Flop (didn't bet)
Seat 4: vvivv9 (button) folded before Flop (didn't bet)
Seat 5: VIOLIST BR (small blind) folded before Flop
Seat 6: Dubhe99 (big blind) showed [9h Qd] and won ($0.28) with two pair, Nines and Eights
Seat 7: YUAN.jr folded before Flop (didn't bet)
Seat 8: Dorex2007 folded on the Turn
Seat 9: AnteTalon folded before Flop (didn't bet)



