PokerStars Hand #232526528762:  Hold'em No Limit ($0.01/$0.02 USD) - 2021/12/25 19:56:30 PT [2021/12/25 22:56:30 ET]
Table 'Adele III' 9-max Seat #5 is the button
Seat 1: DimaShalo ($2.20 in chips) 
Seat 2: Thunder857 ($2.64 in chips) 
Seat 3: Dorex2007 ($2 in chips) 
Seat 4: DSilver ($2 in chips) 
Seat 5: Willo220 ($1.06 in chips) 
Seat 7: whoisrandy ($0.88 in chips) 
Seat 8: Humsella ($1.34 in chips) 
Seat 9: Southsea291 ($1.33 in chips) 
whoisrandy: posts small blind $0.01
Humsella: posts big blind $0.02
Dorex2007: posts big blind $0.02
*** HOLE CARDS ***
Dealt to Dorex2007 [Td 2c]
Southsea291: folds 
DimaShalo: calls $0.02
K.Tyrrell joins the table at seat #6 
Thunder857: folds 
Dorex2007: checks 
DSilver: folds 
Willo220: calls $0.02
whoisrandy has timed out
whoisrandy: folds 
Humsella: raises $0.09 to $0.11
DimaShalo: folds 
Dorex2007: folds 
Willo220: calls $0.09
*** FLOP *** [9d 7h 3h]
Humsella: checks 
Willo220: checks 
*** TURN *** [9d 7h 3h] [Qd]
Humsella: checks 
Willo220: checks 
*** RIVER *** [9d 7h 3h Qd] [2d]
Humsella: checks 
Willo220: checks 
*** SHOW DOWN ***
Humsella: shows [Ah Th] (high card Ace)
Willo220: shows [Ac 9s] (a pair of Nines)
Willo220 collected $0.26 from pot
*** SUMMARY ***
Total pot $0.27 | Rake $0.01 
Board [9d 7h 3h Qd 2d]
Seat 1: DimaShalo folded before Flop
Seat 2: Thunder857 folded before Flop (didn't bet)
Seat 3: Dorex2007 folded before Flop (didn't bet)
Seat 4: DSilver folded before Flop (didn't bet)
Seat 5: Willo220 (button) showed [Ac 9s] and won ($0.26) with a pair of Nines
Seat 7: whoisrandy (small blind) folded before Flop
Seat 8: Humsella (big blind) showed [Ah Th] and lost with high card Ace
Seat 9: Southsea291 folded before Flop (didn't bet)



PokerStars Hand #232526544931:  Hold'em No Limit ($0.01/$0.02 USD) - 2021/12/25 19:58:10 PT [2021/12/25 22:58:10 ET]
Table 'Adele III' 9-max Seat #8 is the button
Seat 2: Thunder857 ($2.64 in chips) 
Seat 3: Dorex2007 ($2 in chips) 
Seat 4: DSilver ($2 in chips) 
Seat 5: Willo220 ($1.21 in chips) 
Seat 8: Humsella ($1.23 in chips) 
Seat 9: Southsea291 ($1.33 in chips) 
Southsea291: posts small blind $0.01
Thunder857: posts big blind $0.02
K.Tyrrell: sits out 
*** HOLE CARDS ***
Dealt to Dorex2007 [As Jc]
Dorex2007: raises $0.04 to $0.06
DSilver: folds 
Willo220: calls $0.06
Humsella: folds 
Southsea291: folds 
Thunder857: folds 
*** FLOP *** [9s Jh 2c]
Dorex2007: bets $0.07
Willo220: calls $0.07
*** TURN *** [9s Jh 2c] [7c]
Dorex2007: checks 
Willo220: checks 
*** RIVER *** [9s Jh 2c 7c] [5h]
Dorex2007: bets $0.14
Willo220: calls $0.14
*** SHOW DOWN ***
Dorex2007: shows [As Jc] (a pair of Jacks)
Willo220: shows [Ad Jd] (a pair of Jacks)
Dorex2007 collected $0.28 from pot
Willo220 collected $0.27 from pot
*** SUMMARY ***
Total pot $0.57 | Rake $0.02 
Board [9s Jh 2c 7c 5h]
Seat 2: Thunder857 (big blind) folded before Flop
Seat 3: Dorex2007 showed [As Jc] and won ($0.28) with a pair of Jacks
Seat 4: DSilver folded before Flop (didn't bet)
Seat 5: Willo220 showed [Ad Jd] and won ($0.27) with a pair of Jacks
Seat 8: Humsella (button) folded before Flop (didn't bet)
Seat 9: Southsea291 (small blind) folded before Flop



PokerStars Hand #232526553574:  Hold'em No Limit ($0.01/$0.02 USD) - 2021/12/25 19:59:04 PT [2021/12/25 22:59:04 ET]
Table 'Adele III' 9-max Seat #9 is the button
Seat 2: Thunder857 ($2.62 in chips) 
Seat 3: Dorex2007 ($2.01 in chips) 
Seat 4: DSilver ($2 in chips) 
Seat 5: Willo220 ($1.21 in chips) 
Seat 7: whoisrandy ($0.87 in chips) 
Seat 8: Humsella ($1.23 in chips) 
Seat 9: Southsea291 ($1.32 in chips) 
Thunder857: posts small blind $0.01
Dorex2007: posts big blind $0.02
K.Tyrrell: sits out 
*** HOLE CARDS ***
Dealt to Dorex2007 [Js 5d]
DSilver: folds 
Willo220 has timed out
Willo220: folds 
whoisrandy: raises $0.04 to $0.06
Humsella: folds 
Southsea291: raises $0.18 to $0.24
Thunder857: calls $0.23
Dorex2007: folds 
whoisrandy: calls $0.18
*** FLOP *** [Qh Kh 5h]
Thunder857: checks 
whoisrandy: bets $0.63 and is all-in
Southsea291: calls $0.63
Thunder857: folds 
*** TURN *** [Qh Kh 5h] [4c]
*** RIVER *** [Qh Kh 5h 4c] [2s]
*** SHOW DOWN ***
whoisrandy: shows [Kd Qs] (two pair, Kings and Queens)
Southsea291: shows [Ah Jd] (high card Ace)
whoisrandy collected $1.91 from pot
*** SUMMARY ***
Total pot $2 | Rake $0.09 
Board [Qh Kh 5h 4c 2s]
Seat 2: Thunder857 (small blind) folded on the Flop
Seat 3: Dorex2007 (big blind) folded before Flop
Seat 4: DSilver folded before Flop (didn't bet)
Seat 5: Willo220 folded before Flop (didn't bet)
Seat 7: whoisrandy showed [Kd Qs] and won ($1.91) with two pair, Kings and Queens
Seat 8: Humsella folded before Flop (didn't bet)
Seat 9: Southsea291 (button) showed [Ah Jd] and lost with high card Ace



PokerStars Hand #232526564443:  Hold'em No Limit ($0.01/$0.02 USD) - 2021/12/25 20:00:12 PT [2021/12/25 23:00:12 ET]
Table 'Adele III' 9-max Seat #2 is the button
Seat 2: Thunder857 ($2.38 in chips) 
Seat 3: Dorex2007 ($2 in chips) 
Seat 4: DSilver ($2 in chips) 
Seat 5: Willo220 ($1.21 in chips) 
Seat 7: whoisrandy ($1.91 in chips) 
Seat 8: Humsella ($1.23 in chips) 
Seat 9: Southsea291 ($0.45 in chips) 
Dorex2007: posts small blind $0.01
DSilver: posts big blind $0.02
K.Tyrrell: sits out 
*** HOLE CARDS ***
Dealt to Dorex2007 [7s 7h]
Willo220: folds 
whoisrandy: folds 
Humsella: folds 
Southsea291: folds 
Thunder857: calls $0.02
Dorex2007: calls $0.01
DSilver: checks 
*** FLOP *** [Ts 5d 7d]
Dorex2007: checks 
DSilver: checks 
Thunder857: checks 
*** TURN *** [Ts 5d 7d] [4h]
Dorex2007: bets $0.06
DSilver: folds 
Thunder857: folds 
Uncalled bet ($0.06) returned to Dorex2007
Dorex2007 collected $0.06 from pot
Dorex2007: doesn't show hand 
*** SUMMARY ***
Total pot $0.06 | Rake $0 
Board [Ts 5d 7d 4h]
Seat 2: Thunder857 (button) folded on the Turn
Seat 3: Dorex2007 (small blind) collected ($0.06)
Seat 4: DSilver (big blind) folded on the Turn
Seat 5: Willo220 folded before Flop (didn't bet)
Seat 7: whoisrandy folded before Flop (didn't bet)
Seat 8: Humsella folded before Flop (didn't bet)
Seat 9: Southsea291 folded before Flop (didn't bet)



PokerStars Hand #232526571898:  Hold'em No Limit ($0.01/$0.02 USD) - 2021/12/25 20:00:56 PT [2021/12/25 23:00:56 ET]
Table 'Adele III' 9-max Seat #3 is the button
Seat 2: Thunder857 ($2.36 in chips) 
Seat 3: Dorex2007 ($2.04 in chips) 
Seat 4: DSilver ($2 in chips) 
Seat 5: Willo220 ($1.21 in chips) 
Seat 7: whoisrandy ($1.91 in chips) 
Seat 8: Humsella ($1.23 in chips) 
Seat 9: Southsea291 ($0.45 in chips) 
DSilver: posts small blind $0.01
Willo220: posts big blind $0.02
K.Tyrrell: sits out 
*** HOLE CARDS ***
Dealt to Dorex2007 [Ac Th]
whoisrandy: folds 
Humsella: raises $0.04 to $0.06
Southsea291: folds 
Thunder857: folds 
Dorex2007: calls $0.06
DSilver: folds 
Willo220: folds 
*** FLOP *** [5h Qc 8d]
Humsella: checks 
Dorex2007: checks 
*** TURN *** [5h Qc 8d] [9h]
Humsella: bets $0.07
Dorex2007: folds 
Uncalled bet ($0.07) returned to Humsella
Humsella collected $0.14 from pot
Humsella: doesn't show hand 
*** SUMMARY ***
Total pot $0.15 | Rake $0.01 
Board [5h Qc 8d 9h]
Seat 2: Thunder857 folded before Flop (didn't bet)
Seat 3: Dorex2007 (button) folded on the Turn
Seat 4: DSilver (small blind) folded before Flop
Seat 5: Willo220 (big blind) folded before Flop
Seat 7: whoisrandy folded before Flop (didn't bet)
Seat 8: Humsella collected ($0.14)
Seat 9: Southsea291 folded before Flop (didn't bet)



PokerStars Hand #232526579975:  Hold'em No Limit ($0.01/$0.02 USD) - 2021/12/25 20:01:41 PT [2021/12/25 23:01:41 ET]
Table 'Adele III' 9-max Seat #4 is the button
Seat 2: Thunder857 ($2.36 in chips) 
Seat 3: Dorex2007 ($2 in chips) 
Seat 4: DSilver ($2 in chips) 
Seat 5: Willo220 ($1.19 in chips) 
Seat 6: K.Tyrrell ($2 in chips) 
Seat 7: whoisrandy ($1.91 in chips) 
Seat 8: Humsella ($1.31 in chips) 
Seat 9: Southsea291 ($0.45 in chips) 
Willo220: posts small blind $0.01
K.Tyrrell: posts big blind $0.02
DimaShalo: sits out 
*** HOLE CARDS ***
Dealt to Dorex2007 [8s 4h]
whoisrandy: folds 
Humsella: folds 
Southsea291: folds 
Thunder857: calls $0.02
Dorex2007: folds 
DSilver: raises $0.07 to $0.09
Willo220: folds 
K.Tyrrell: folds 
Thunder857: calls $0.07
*** FLOP *** [7h 4d Ad]
Thunder857: checks 
DSilver: checks 
*** TURN *** [7h 4d Ad] [7d]
Thunder857: checks 
DSilver: checks 
*** RIVER *** [7h 4d Ad 7d] [7s]
Thunder857: checks 
DSilver: checks 
*** SHOW DOWN ***
Thunder857: shows [Jh Kc] (three of a kind, Sevens)
DSilver: shows [Ks Jc] (three of a kind, Sevens)
Thunder857 collected $0.10 from pot
DSilver collected $0.10 from pot
*** SUMMARY ***
Total pot $0.21 | Rake $0.01 
Board [7h 4d Ad 7d 7s]
Seat 2: Thunder857 showed [Jh Kc] and won ($0.10) with three of a kind, Sevens
Seat 3: Dorex2007 folded before Flop (didn't bet)
Seat 4: DSilver (button) showed [Ks Jc] and won ($0.10) with three of a kind, Sevens
Seat 5: Willo220 (small blind) folded before Flop
Seat 6: K.Tyrrell (big blind) folded before Flop
Seat 7: whoisrandy folded before Flop (didn't bet)
Seat 8: Humsella folded before Flop (didn't bet)
Seat 9: Southsea291 folded before Flop (didn't bet)



PokerStars Hand #232526597393:  Hold'em No Limit ($0.01/$0.02 USD) - 2021/12/25 20:02:34 PT [2021/12/25 23:02:34 ET]
Table 'Adele III' 9-max Seat #5 is the button
Seat 1: DimaShalo ($2.18 in chips) 
Seat 2: Thunder857 ($2.37 in chips) 
Seat 3: Dorex2007 ($2 in chips) 
Seat 4: DSilver ($2.01 in chips) 
Seat 5: Willo220 ($1.18 in chips) 
Seat 6: K.Tyrrell ($2 in chips) 
Seat 7: whoisrandy ($1.91 in chips) 
Seat 8: Humsella ($1.31 in chips) 
Seat 9: Southsea291 ($0.45 in chips) 
K.Tyrrell: posts small blind $0.01
whoisrandy: posts big blind $0.02
DimaShalo: posts small & big blinds $0.03
*** HOLE CARDS ***
Dealt to Dorex2007 [Ks Qc]
Humsella: folds 
Southsea291 has timed out
Southsea291: folds 
DimaShalo: checks 
Thunder857: folds 
Dorex2007: raises $0.10 to $0.12
DSilver: folds 
Willo220: folds 
K.Tyrrell: calls $0.11
whoisrandy: folds 
DimaShalo: folds 
*** FLOP *** [4h 7d 2c]
K.Tyrrell: checks 
Dorex2007: bets $0.28
K.Tyrrell: calls $0.28
*** TURN *** [4h 7d 2c] [6c]
K.Tyrrell: checks 
Dorex2007: checks 
*** RIVER *** [4h 7d 2c 6c] [As]
K.Tyrrell: bets $0.47
Dorex2007: folds 
Uncalled bet ($0.47) returned to K.Tyrrell
K.Tyrrell collected $0.82 from pot
K.Tyrrell: doesn't show hand 
*** SUMMARY ***
Total pot $0.85 | Rake $0.03 
Board [4h 7d 2c 6c As]
Seat 1: DimaShalo folded before Flop (didn't bet)
Seat 2: Thunder857 folded before Flop (didn't bet)
Seat 3: Dorex2007 folded on the River
Seat 4: DSilver folded before Flop (didn't bet)
Seat 5: Willo220 (button) folded before Flop (didn't bet)
Seat 6: K.Tyrrell (small blind) collected ($0.82)
Seat 7: whoisrandy (big blind) folded before Flop
Seat 8: Humsella folded before Flop (didn't bet)
Seat 9: Southsea291 folded before Flop (didn't bet)



PokerStars Hand #232526606991:  Hold'em No Limit ($0.01/$0.02 USD) - 2021/12/25 20:03:26 PT [2021/12/25 23:03:26 ET]
Table 'Adele III' 9-max Seat #6 is the button
Seat 1: DimaShalo ($2.15 in chips) 
Seat 2: Thunder857 ($2.37 in chips) 
Seat 3: Dorex2007 ($2 in chips) 
Seat 4: DSilver ($2.01 in chips) 
Seat 5: Willo220 ($1.18 in chips) 
Seat 6: K.Tyrrell ($2.42 in chips) 
Seat 7: whoisrandy ($1.89 in chips) 
Seat 8: Humsella ($1.31 in chips) 
whoisrandy: posts small blind $0.01
Humsella: posts big blind $0.02
*** HOLE CARDS ***
Dealt to Dorex2007 [5c 9h]
DimaShalo: folds 
Thunder857: calls $0.02
Dorex2007: folds 
DSilver: folds 
Willo220: calls $0.02
K.Tyrrell: folds 
whoisrandy: calls $0.01
Humsella: checks 
*** FLOP *** [8h Qc 3s]
whoisrandy: checks 
Humsella: bets $0.04
Thunder857: folds 
Willo220: folds 
whoisrandy: calls $0.04
*** TURN *** [8h Qc 3s] [2c]
whoisrandy: bets $0.05
Humsella: calls $0.05
*** RIVER *** [8h Qc 3s 2c] [Qs]
whoisrandy: bets $0.08
Humsella: calls $0.08
*** SHOW DOWN ***
whoisrandy: shows [8d 7d] (two pair, Queens and Eights)
Humsella: mucks hand 
whoisrandy collected $0.41 from pot
*** SUMMARY ***
Total pot $0.42 | Rake $0.01 
Board [8h Qc 3s 2c Qs]
Seat 1: DimaShalo folded before Flop (didn't bet)
Seat 2: Thunder857 folded on the Flop
Seat 3: Dorex2007 folded before Flop (didn't bet)
Seat 4: DSilver folded before Flop (didn't bet)
Seat 5: Willo220 folded on the Flop
Seat 6: K.Tyrrell (button) folded before Flop (didn't bet)
Seat 7: whoisrandy (small blind) showed [8d 7d] and won ($0.41) with two pair, Queens and Eights
Seat 8: Humsella (big blind) mucked [5s 5d]



PokerStars Hand #232526620940:  Hold'em No Limit ($0.01/$0.02 USD) - 2021/12/25 20:04:40 PT [2021/12/25 23:04:40 ET]
Table 'Adele III' 9-max Seat #7 is the button
Seat 1: DimaShalo ($2.15 in chips) 
Seat 2: Thunder857 ($2.35 in chips) 
Seat 3: Dorex2007 ($2 in chips) 
Seat 4: DSilver ($2.01 in chips) 
Seat 5: Willo220 ($1.16 in chips) 
Seat 6: K.Tyrrell ($2.42 in chips) 
Seat 7: whoisrandy ($2.11 in chips) 
Seat 8: Humsella ($1.12 in chips) 
Seat 9: Southsea291 ($0.45 in chips) 
Humsella: posts small blind $0.01
Southsea291: posts big blind $0.02
*** HOLE CARDS ***
Dealt to Dorex2007 [6d 3h]
DimaShalo: folds 
Thunder857: calls $0.02
Dorex2007: folds 
DSilver: folds 
Willo220: folds 
K.Tyrrell: folds 
whoisrandy: folds 
Humsella: raises $0.04 to $0.06
Southsea291: folds 
Thunder857: calls $0.04
*** FLOP *** [Jh 4s Jd]
Humsella: checks 
Thunder857: checks 
*** TURN *** [Jh 4s Jd] [7c]
Willo220 leaves the table
Humsella: checks 
Thunder857: checks 
*** RIVER *** [Jh 4s Jd 7c] [4c]
Humsella: checks 
Thunder857: checks 
*** SHOW DOWN ***
Humsella: shows [8h 8s] (two pair, Jacks and Eights)
Thunder857: mucks hand 
Humsella collected $0.14 from pot
*** SUMMARY ***
Total pot $0.14 | Rake $0 
Board [Jh 4s Jd 7c 4c]
Seat 1: DimaShalo folded before Flop (didn't bet)
Seat 2: Thunder857 mucked [Qc Td]
Seat 3: Dorex2007 folded before Flop (didn't bet)
Seat 4: DSilver folded before Flop (didn't bet)
Seat 5: Willo220 folded before Flop (didn't bet)
Seat 6: K.Tyrrell folded before Flop (didn't bet)
Seat 7: whoisrandy (button) folded before Flop (didn't bet)
Seat 8: Humsella (small blind) showed [8h 8s] and won ($0.14) with two pair, Jacks and Eights
Seat 9: Southsea291 (big blind) folded before Flop



PokerStars Hand #232526633821:  Hold'em No Limit ($0.01/$0.02 USD) - 2021/12/25 20:05:50 PT [2021/12/25 23:05:50 ET]
Table 'Adele III' 9-max Seat #8 is the button
Seat 1: DimaShalo ($2.15 in chips) 
Seat 2: Thunder857 ($2.29 in chips) 
Seat 3: Dorex2007 ($2 in chips) 
Seat 4: DSilver ($2.01 in chips) 
Seat 6: K.Tyrrell ($2.42 in chips) 
Seat 7: whoisrandy ($2.11 in chips) 
Seat 8: Humsella ($1.20 in chips) 
Seat 9: Southsea291 ($0.43 in chips) 
Southsea291: posts small blind $0.01
DimaShalo: posts big blind $0.02
*** HOLE CARDS ***
Dealt to Dorex2007 [7h Ad]
Thunder857: calls $0.02
Dorex2007: folds 
DSilver: folds 
K.Tyrrell: folds 
whoisrandy: folds 
Humsella: calls $0.02
Southsea291: folds 
DimaShalo: checks 
*** FLOP *** [4s 6d 7s]
DimaShalo: checks 
Thunder857: checks 
Humsella: checks 
*** TURN *** [4s 6d 7s] [3d]
DimaShalo: checks 
Thunder857: checks 
Humsella: checks 
*** RIVER *** [4s 6d 7s 3d] [As]
DimaShalo: checks 
Thunder857: checks 
Humsella: checks 
*** SHOW DOWN ***
DimaShalo: shows [2s 9h] (high card Ace)
Thunder857: shows [Ah 9s] (a pair of Aces)
Humsella: mucks hand 
Thunder857 collected $0.07 from pot
*** SUMMARY ***
Total pot $0.07 | Rake $0 
Board [4s 6d 7s 3d As]
Seat 1: DimaShalo (big blind) showed [2s 9h] and lost with high card Ace
Seat 2: Thunder857 showed [Ah 9s] and won ($0.07) with a pair of Aces
Seat 3: Dorex2007 folded before Flop (didn't bet)
Seat 4: DSilver folded before Flop (didn't bet)
Seat 6: K.Tyrrell folded before Flop (didn't bet)
Seat 7: whoisrandy folded before Flop (didn't bet)
Seat 8: Humsella (button) mucked [9d Th]
Seat 9: Southsea291 (small blind) folded before Flop



PokerStars Hand #232526648464:  Hold'em No Limit ($0.01/$0.02 USD) - 2021/12/25 20:07:07 PT [2021/12/25 23:07:07 ET]
Table 'Adele III' 9-max Seat #9 is the button
Seat 1: DimaShalo ($2.13 in chips) 
Seat 2: Thunder857 ($2.34 in chips) 
Seat 3: Dorex2007 ($2 in chips) 
Seat 4: DSilver ($2.01 in chips) 
Seat 6: K.Tyrrell ($2.42 in chips) 
Seat 7: whoisrandy ($2.11 in chips) 
Seat 8: Humsella ($1.18 in chips) 
Seat 9: Southsea291 ($0.42 in chips) 
DimaShalo: posts small blind $0.01
Thunder857: posts big blind $0.02
*** HOLE CARDS ***
Dealt to Dorex2007 [Td 8s]
Dorex2007: folds 
DSilver: folds 
K.Tyrrell: raises $0.04 to $0.06
whoisrandy: calls $0.06
Humsella: calls $0.06
Southsea291: folds 
DimaShalo: folds 
Thunder857: calls $0.04
*** FLOP *** [4c Qh Ac]
Thunder857: checks 
K.Tyrrell: checks 
whoisrandy: bets $0.07
Humsella: folds 
Thunder857: calls $0.07
K.Tyrrell: folds 
*** TURN *** [4c Qh Ac] [5h]
Thunder857: checks 
whoisrandy: checks 
*** RIVER *** [4c Qh Ac 5h] [8d]
Thunder857: checks 
whoisrandy: checks 
*** SHOW DOWN ***
Thunder857: shows [Qc 9d] (a pair of Queens)
whoisrandy: shows [Kh Qs] (a pair of Queens - Ace+King kicker)
whoisrandy collected $0.38 from pot
*** SUMMARY ***
Total pot $0.39 | Rake $0.01 
Board [4c Qh Ac 5h 8d]
Seat 1: DimaShalo (small blind) folded before Flop
Seat 2: Thunder857 (big blind) showed [Qc 9d] and lost with a pair of Queens
Seat 3: Dorex2007 folded before Flop (didn't bet)
Seat 4: DSilver folded before Flop (didn't bet)
Seat 6: K.Tyrrell folded on the Flop
Seat 7: whoisrandy showed [Kh Qs] and won ($0.38) with a pair of Queens
Seat 8: Humsella folded on the Flop
Seat 9: Southsea291 (button) folded before Flop (didn't bet)



PokerStars Hand #232526659326:  Hold'em No Limit ($0.01/$0.02 USD) - 2021/12/25 20:08:05 PT [2021/12/25 23:08:05 ET]
Table 'Adele III' 9-max Seat #1 is the button
Seat 1: DimaShalo ($2.12 in chips) 
Seat 2: Thunder857 ($2.21 in chips) 
Seat 3: Dorex2007 ($2 in chips) 
Seat 4: DSilver ($2.01 in chips) 
Seat 6: K.Tyrrell ($2.36 in chips) 
Seat 7: whoisrandy ($2.36 in chips) 
Seat 8: Humsella ($1.12 in chips) 
Seat 9: Southsea291 ($0.42 in chips) 
Thunder857: posts small blind $0.01
Dorex2007: posts big blind $0.02
*** HOLE CARDS ***
Dealt to Dorex2007 [Td 8d]
DSilver: raises $0.05 to $0.07
K.Tyrrell: folds 
whoisrandy: folds 
Humsella: folds 
Southsea291: folds 
Thomasksk joins the table at seat #5 
DimaShalo: calls $0.07
Thunder857: calls $0.06
Dorex2007: folds 
*** FLOP *** [2c Jd 5d]
Thunder857: checks 
DSilver: checks 
DimaShalo: bets $0.15
Thunder857: folds 
DSilver: folds 
Uncalled bet ($0.15) returned to DimaShalo
DimaShalo collected $0.22 from pot
DimaShalo: doesn't show hand 
*** SUMMARY ***
Total pot $0.23 | Rake $0.01 
Board [2c Jd 5d]
Seat 1: DimaShalo (button) collected ($0.22)
Seat 2: Thunder857 (small blind) folded on the Flop
Seat 3: Dorex2007 (big blind) folded before Flop
Seat 4: DSilver folded on the Flop
Seat 6: K.Tyrrell folded before Flop (didn't bet)
Seat 7: whoisrandy folded before Flop (didn't bet)
Seat 8: Humsella folded before Flop (didn't bet)
Seat 9: Southsea291 folded before Flop (didn't bet)



PokerStars Hand #232526670662:  Hold'em No Limit ($0.01/$0.02 USD) - 2021/12/25 20:09:07 PT [2021/12/25 23:09:07 ET]
Table 'Adele III' 9-max Seat #2 is the button
Seat 1: DimaShalo ($2.27 in chips) 
Seat 2: Thunder857 ($2.14 in chips) 
Seat 3: Dorex2007 ($2 in chips) 
Seat 4: DSilver ($2 in chips) 
Seat 5: Thomasksk ($1.60 in chips) 
Seat 6: K.Tyrrell ($2.36 in chips) 
Seat 7: whoisrandy ($2.36 in chips) 
Seat 8: Humsella ($1.12 in chips) 
Seat 9: Southsea291 ($0.42 in chips) 
Dorex2007: posts small blind $0.01
DSilver: posts big blind $0.02
Thomasksk: posts big blind $0.02
*** HOLE CARDS ***
Dealt to Dorex2007 [Th 6h]
Thomasksk: checks 
K.Tyrrell: folds 
whoisrandy: folds 
Humsella: folds 
Southsea291: folds 
DimaShalo: calls $0.02
Thunder857: folds 
Dorex2007: folds 
DSilver: checks 
*** FLOP *** [3h 8s Ac]
DSilver: checks 
Thomasksk: checks 
DimaShalo: checks 
*** TURN *** [3h 8s Ac] [Td]
DSilver: checks 
Thomasksk: checks 
DimaShalo: checks 
*** RIVER *** [3h 8s Ac Td] [4c]
DSilver: checks 
Thomasksk: folds 
Thomasksk leaves the table
DimaShalo: checks 
*** SHOW DOWN ***
DSilver: shows [8h 9h] (a pair of Eights)
DimaShalo: mucks hand 
DSilver collected $0.07 from pot
*** SUMMARY ***
Total pot $0.07 | Rake $0 
Board [3h 8s Ac Td 4c]
Seat 1: DimaShalo mucked [Js Kh]
Seat 2: Thunder857 (button) folded before Flop (didn't bet)
Seat 3: Dorex2007 (small blind) folded before Flop
Seat 4: DSilver (big blind) showed [8h 9h] and won ($0.07) with a pair of Eights
Seat 5: Thomasksk folded on the River (didn't bet)
Seat 6: K.Tyrrell folded before Flop (didn't bet)
Seat 7: whoisrandy folded before Flop (didn't bet)
Seat 8: Humsella folded before Flop (didn't bet)
Seat 9: Southsea291 folded before Flop (didn't bet)



PokerStars Hand #232526681675:  Hold'em No Limit ($0.01/$0.02 USD) - 2021/12/25 20:10:06 PT [2021/12/25 23:10:06 ET]
Table 'Adele III' 9-max Seat #3 is the button
Seat 1: DimaShalo ($2.25 in chips) 
Seat 2: Thunder857 ($2.14 in chips) 
Seat 3: Dorex2007 ($2 in chips) 
Seat 4: DSilver ($2.05 in chips) 
Seat 6: K.Tyrrell ($2.36 in chips) 
Seat 7: whoisrandy ($2.36 in chips) 
Seat 8: Humsella ($1.12 in chips) 
Seat 9: Southsea291 ($0.42 in chips) 
DSilver: posts small blind $0.01
K.Tyrrell: posts big blind $0.02
*** HOLE CARDS ***
Dealt to Dorex2007 [3d 2s]
whoisrandy: raises $0.02 to $0.04
Humsella: folds 
Southsea291: folds 
DimaShalo: calls $0.04
Thunder857: folds 
Dorex2007: folds 
DSilver: folds 
K.Tyrrell: folds 
*** FLOP *** [Ad 8d Qh]
whoisrandy: bets $0.03
DimaShalo: folds 
Uncalled bet ($0.03) returned to whoisrandy
whoisrandy collected $0.11 from pot
whoisrandy: doesn't show hand 
*** SUMMARY ***
Total pot $0.11 | Rake $0 
Board [Ad 8d Qh]
Seat 1: DimaShalo folded on the Flop
Seat 2: Thunder857 folded before Flop (didn't bet)
Seat 3: Dorex2007 (button) folded before Flop (didn't bet)
Seat 4: DSilver (small blind) folded before Flop
Seat 6: K.Tyrrell (big blind) folded before Flop
Seat 7: whoisrandy collected ($0.11)
Seat 8: Humsella folded before Flop (didn't bet)
Seat 9: Southsea291 folded before Flop (didn't bet)



PokerStars Hand #232526686212:  Hold'em No Limit ($0.01/$0.02 USD) - 2021/12/25 20:10:31 PT [2021/12/25 23:10:31 ET]
Table 'Adele III' 9-max Seat #4 is the button
Seat 1: DimaShalo ($2.21 in chips) 
Seat 2: Thunder857 ($2.14 in chips) 
Seat 3: Dorex2007 ($2 in chips) 
Seat 4: DSilver ($2.04 in chips) 
Seat 6: K.Tyrrell ($2.34 in chips) 
Seat 7: whoisrandy ($2.43 in chips) 
Seat 8: Humsella ($1.12 in chips) 
Seat 9: Southsea291 ($0.42 in chips) 
K.Tyrrell: posts small blind $0.01
whoisrandy: posts big blind $0.02
*** HOLE CARDS ***
Dealt to Dorex2007 [3s Kd]
Humsella: folds 
Southsea291: folds 
DimaShalo: folds 
Thunder857: folds 
Dorex2007: folds 
DSilver: raises $0.05 to $0.07
K.Tyrrell: folds 
whoisrandy: calls $0.05
*** FLOP *** [4h 6s 7d]
whoisrandy: bets $0.07
DSilver: folds 
Uncalled bet ($0.07) returned to whoisrandy
whoisrandy collected $0.14 from pot
whoisrandy: doesn't show hand 
*** SUMMARY ***
Total pot $0.15 | Rake $0.01 
Board [4h 6s 7d]
Seat 1: DimaShalo folded before Flop (didn't bet)
Seat 2: Thunder857 folded before Flop (didn't bet)
Seat 3: Dorex2007 folded before Flop (didn't bet)
Seat 4: DSilver (button) folded on the Flop
Seat 6: K.Tyrrell (small blind) folded before Flop
Seat 7: whoisrandy (big blind) collected ($0.14)
Seat 8: Humsella folded before Flop (didn't bet)
Seat 9: Southsea291 folded before Flop (didn't bet)



PokerStars Hand #232526692214:  Hold'em No Limit ($0.01/$0.02 USD) - 2021/12/25 20:11:03 PT [2021/12/25 23:11:03 ET]
Table 'Adele III' 9-max Seat #6 is the button
Seat 1: DimaShalo ($2.21 in chips) 
Seat 2: Thunder857 ($2.14 in chips) 
Seat 3: Dorex2007 ($2 in chips) 
Seat 4: DSilver ($2 in chips) 
Seat 6: K.Tyrrell ($2.33 in chips) 
Seat 7: whoisrandy ($2.50 in chips) 
Seat 8: Humsella ($1.12 in chips) 
Seat 9: Southsea291 ($0.42 in chips) 
whoisrandy: posts small blind $0.01
Humsella: posts big blind $0.02
*** HOLE CARDS ***
Dealt to Dorex2007 [7c Td]
Southsea291 has timed out
Southsea291: folds 
DimaShalo: folds 
Thunder857: folds 
Dorex2007: folds 
DSilver: folds 
K.Tyrrell: folds 
whoisrandy: calls $0.01
Humsella: checks 
*** FLOP *** [5c 7h 5s]
whoisrandy: bets $0.02
Humsella: folds 
Uncalled bet ($0.02) returned to whoisrandy
whoisrandy collected $0.04 from pot
whoisrandy: doesn't show hand 
*** SUMMARY ***
Total pot $0.04 | Rake $0 
Board [5c 7h 5s]
Seat 1: DimaShalo folded before Flop (didn't bet)
Seat 2: Thunder857 folded before Flop (didn't bet)
Seat 3: Dorex2007 folded before Flop (didn't bet)
Seat 4: DSilver folded before Flop (didn't bet)
Seat 6: K.Tyrrell (button) folded before Flop (didn't bet)
Seat 7: whoisrandy (small blind) collected ($0.04)
Seat 8: Humsella (big blind) folded on the Flop
Seat 9: Southsea291 folded before Flop (didn't bet)



PokerStars Hand #232526699501:  Hold'em No Limit ($0.01/$0.02 USD) - 2021/12/25 20:11:44 PT [2021/12/25 23:11:44 ET]
Table 'Adele III' 9-max Seat #7 is the button
Seat 1: DimaShalo ($2.21 in chips) 
Seat 2: Thunder857 ($2.14 in chips) 
Seat 3: Dorex2007 ($2 in chips) 
Seat 4: DSilver ($2 in chips) 
Seat 6: K.Tyrrell ($2.33 in chips) 
Seat 7: whoisrandy ($2.52 in chips) 
Seat 8: Humsella ($1.10 in chips) 
Seat 9: Southsea291 ($0.42 in chips) 
Humsella: posts small blind $0.01
Southsea291: posts big blind $0.02
*** HOLE CARDS ***
Dealt to Dorex2007 [Jd Ac]
DimaShalo: folds 
Thunder857: calls $0.02
Dorex2007: raises $0.02 to $0.04
DSilver: folds 
K.Tyrrell: calls $0.04
whoisrandy: folds 
Humsella: folds 
Southsea291: folds 
Thunder857: calls $0.02
*** FLOP *** [5d Kd 9c]
Thunder857: checks 
Dorex2007: checks 
K.Tyrrell: checks 
*** TURN *** [5d Kd 9c] [2c]
Thunder857: checks 
Dorex2007: checks 
K.Tyrrell: checks 
*** RIVER *** [5d Kd 9c 2c] [3c]
Thunder857: checks 
Dorex2007: checks 
K.Tyrrell: bets $0.08
Thunder857: folds 
Dorex2007: folds 
Uncalled bet ($0.08) returned to K.Tyrrell
K.Tyrrell collected $0.14 from pot
K.Tyrrell: doesn't show hand 
*** SUMMARY ***
Total pot $0.15 | Rake $0.01 
Board [5d Kd 9c 2c 3c]
Seat 1: DimaShalo folded before Flop (didn't bet)
Seat 2: Thunder857 folded on the River
Seat 3: Dorex2007 folded on the River
Seat 4: DSilver folded before Flop (didn't bet)
Seat 6: K.Tyrrell collected ($0.14)
Seat 7: whoisrandy (button) folded before Flop (didn't bet)
Seat 8: Humsella (small blind) folded before Flop
Seat 9: Southsea291 (big blind) folded before Flop



PokerStars Hand #232526717372:  Hold'em No Limit ($0.01/$0.02 USD) - 2021/12/25 20:13:22 PT [2021/12/25 23:13:22 ET]
Table 'Adele III' 9-max Seat #8 is the button
Seat 1: DimaShalo ($2.21 in chips) 
Seat 2: Thunder857 ($2.10 in chips) 
Seat 3: Dorex2007 ($2 in chips) 
Seat 4: DSilver ($2 in chips) 
Seat 6: K.Tyrrell ($2.43 in chips) 
Seat 7: whoisrandy ($2.52 in chips) 
Seat 8: Humsella ($1.09 in chips) 
Seat 9: Southsea291 ($0.40 in chips) 
Southsea291: posts small blind $0.01
DimaShalo: posts big blind $0.02
*** HOLE CARDS ***
Dealt to Dorex2007 [4d 8h]
Thunder857 has timed out
Thunder857: folds 
Dorex2007: folds 
DSilver: folds 
K.Tyrrell: folds 
whoisrandy: folds 
whoisrandy leaves the table
TheFantasy69 joins the table at seat #5 
Humsella: calls $0.02
Thunder857 leaves the table
Southsea291: folds 
DimaShalo: checks 
*** FLOP *** [3s 7c 6s]
DimaShalo: checks 
Humsella: checks 
*** TURN *** [3s 7c 6s] [9s]
DimaShalo: checks 
Humsella: bets $0.03
DimaShalo: folds 
Uncalled bet ($0.03) returned to Humsella
Humsella collected $0.05 from pot
Humsella: doesn't show hand 
*** SUMMARY ***
Total pot $0.05 | Rake $0 
Board [3s 7c 6s 9s]
Seat 1: DimaShalo (big blind) folded on the Turn
Seat 2: Thunder857 folded before Flop (didn't bet)
Seat 3: Dorex2007 folded before Flop (didn't bet)
Seat 4: DSilver folded before Flop (didn't bet)
Seat 6: K.Tyrrell folded before Flop (didn't bet)
Seat 7: whoisrandy folded before Flop (didn't bet)
Seat 8: Humsella (button) collected ($0.05)
Seat 9: Southsea291 (small blind) folded before Flop



PokerStars Hand #232526726286:  Hold'em No Limit ($0.01/$0.02 USD) - 2021/12/25 20:14:12 PT [2021/12/25 23:14:12 ET]
Table 'Adele III' 9-max Seat #9 is the button
Seat 1: DimaShalo ($2.19 in chips) 
Seat 3: Dorex2007 ($2 in chips) 
Seat 4: DSilver ($2 in chips) 
Seat 6: K.Tyrrell ($2.43 in chips) 
Seat 8: Humsella ($1.12 in chips) 
Seat 9: Southsea291 ($0.39 in chips) 
DimaShalo: posts small blind $0.01
Dorex2007: posts big blind $0.02
*** HOLE CARDS ***
Dealt to Dorex2007 [Jd 8c]
DSilver: folds 
K.Tyrrell: folds 
Humsella: folds 
Southsea291: folds 
DimaShalo: folds 
Uncalled bet ($0.01) returned to Dorex2007
Dorex2007 collected $0.02 from pot
Dorex2007: doesn't show hand 
*** SUMMARY ***
Total pot $0.02 | Rake $0 
Seat 1: DimaShalo (small blind) folded before Flop
Seat 3: Dorex2007 (big blind) collected ($0.02)
Seat 4: DSilver folded before Flop (didn't bet)
Seat 6: K.Tyrrell folded before Flop (didn't bet)
Seat 8: Humsella folded before Flop (didn't bet)
Seat 9: Southsea291 (button) folded before Flop (didn't bet)



PokerStars Hand #232526731608:  Hold'em No Limit ($0.01/$0.02 USD) - 2021/12/25 20:14:37 PT [2021/12/25 23:14:37 ET]
Table 'Adele III' 9-max Seat #1 is the button
Seat 1: DimaShalo ($2.18 in chips) 
Seat 3: Dorex2007 ($2.01 in chips) 
Seat 4: DSilver ($2 in chips) 
Seat 6: K.Tyrrell ($2.43 in chips) 
Seat 8: Humsella ($1.12 in chips) 
Seat 9: Southsea291 ($0.39 in chips) 
Dorex2007: posts small blind $0.01
DSilver: posts big blind $0.02
*** HOLE CARDS ***
Dealt to Dorex2007 [8s 2d]
K.Tyrrell: folds 
Humsella: calls $0.02
Southsea291: raises $0.37 to $0.39 and is all-in
DimaShalo: folds 
edoschenko joins the table at seat #2 
Dorex2007: folds 
DSilver: folds 
Humsella: folds 
Uncalled bet ($0.37) returned to Southsea291
Southsea291 collected $0.07 from pot
Southsea291: doesn't show hand 
*** SUMMARY ***
Total pot $0.07 | Rake $0 
Seat 1: DimaShalo (button) folded before Flop (didn't bet)
Seat 3: Dorex2007 (small blind) folded before Flop
Seat 4: DSilver (big blind) folded before Flop
Seat 6: K.Tyrrell folded before Flop (didn't bet)
Seat 8: Humsella folded before Flop
Seat 9: Southsea291 collected ($0.07)



PokerStars Hand #232526736183:  Hold'em No Limit ($0.01/$0.02 USD) - 2021/12/25 20:15:02 PT [2021/12/25 23:15:02 ET]
Table 'Adele III' 9-max Seat #3 is the button
Seat 1: DimaShalo ($2.18 in chips) 
Seat 3: Dorex2007 ($2 in chips) 
Seat 4: DSilver ($2 in chips) 
Seat 6: K.Tyrrell ($2.43 in chips) 
Seat 8: Humsella ($1.10 in chips) 
Seat 9: Southsea291 ($0.44 in chips) 
DSilver: posts small blind $0.01
K.Tyrrell: posts big blind $0.02
edoschenko: sits out 
*** HOLE CARDS ***
Dealt to Dorex2007 [4d 7h]
Humsella: folds 
Southsea291: folds 
DimaShalo: folds 
Dorex2007: folds 
DSilver: folds 
Uncalled bet ($0.01) returned to K.Tyrrell
K.Tyrrell collected $0.02 from pot
K.Tyrrell: doesn't show hand 
*** SUMMARY ***
Total pot $0.02 | Rake $0 
Seat 1: DimaShalo folded before Flop (didn't bet)
Seat 3: Dorex2007 (button) folded before Flop (didn't bet)
Seat 4: DSilver (small blind) folded before Flop
Seat 6: K.Tyrrell (big blind) collected ($0.02)
Seat 8: Humsella folded before Flop (didn't bet)
Seat 9: Southsea291 folded before Flop (didn't bet)



PokerStars Hand #232526739076:  Hold'em No Limit ($0.01/$0.02 USD) - 2021/12/25 20:15:18 PT [2021/12/25 23:15:18 ET]
Table 'Adele III' 9-max Seat #4 is the button
Seat 1: DimaShalo ($2.18 in chips) 
Seat 3: Dorex2007 ($2 in chips) 
Seat 4: DSilver ($2 in chips) 
Seat 6: K.Tyrrell ($2.44 in chips) 
Seat 8: Humsella ($1.10 in chips) 
Seat 9: Southsea291 ($0.44 in chips) 
K.Tyrrell: posts small blind $0.01
Humsella: posts big blind $0.02
edoschenko: sits out 
*** HOLE CARDS ***
Dealt to Dorex2007 [6h Qs]
Southsea291: folds 
DimaShalo: folds 
Dorex2007: folds 
DSilver: folds 
K.Tyrrell: folds 
Uncalled bet ($0.01) returned to Humsella
Humsella collected $0.02 from pot
*** SUMMARY ***
Total pot $0.02 | Rake $0 
Seat 1: DimaShalo folded before Flop (didn't bet)
Seat 3: Dorex2007 folded before Flop (didn't bet)
Seat 4: DSilver (button) folded before Flop (didn't bet)
Seat 6: K.Tyrrell (small blind) folded before Flop
Seat 8: Humsella (big blind) collected ($0.02)
Seat 9: Southsea291 folded before Flop (didn't bet)



PokerStars Hand #232526742513:  Hold'em No Limit ($0.01/$0.02 USD) - 2021/12/25 20:15:37 PT [2021/12/25 23:15:37 ET]
Table 'Adele III' 9-max Seat #6 is the button
Seat 1: DimaShalo ($2.18 in chips) 
Seat 3: Dorex2007 ($2 in chips) 
Seat 4: DSilver ($2 in chips) 
Seat 6: K.Tyrrell ($2.43 in chips) 
Seat 8: Humsella ($1.11 in chips) 
Seat 9: Southsea291 ($0.44 in chips) 
Humsella: posts small blind $0.01
Southsea291: posts big blind $0.02
edoschenko: sits out 
*** HOLE CARDS ***
Dealt to Dorex2007 [5h 8d]
DimaShalo: folds 
edoschenko leaves the table
Dorex2007: folds 
DSilver: folds 
TheFantasy69 leaves the table
K.Tyrrell: folds 
Humsella: calls $0.01
Southsea291: checks 
*** FLOP *** [Tc Kh 3c]
Humsella: checks 
Southsea291: checks 
*** TURN *** [Tc Kh 3c] [9c]
Humsella: checks 
Southsea291: checks 
*** RIVER *** [Tc Kh 3c 9c] [9s]
Humsella: checks 
Southsea291: checks 
*** SHOW DOWN ***
Humsella: shows [8s Ks] (two pair, Kings and Nines)
Southsea291: mucks hand 
Humsella collected $0.04 from pot
*** SUMMARY ***
Total pot $0.04 | Rake $0 
Board [Tc Kh 3c 9c 9s]
Seat 1: DimaShalo folded before Flop (didn't bet)
Seat 3: Dorex2007 folded before Flop (didn't bet)
Seat 4: DSilver folded before Flop (didn't bet)
Seat 6: K.Tyrrell (button) folded before Flop (didn't bet)
Seat 8: Humsella (small blind) showed [8s Ks] and won ($0.04) with two pair, Kings and Nines
Seat 9: Southsea291 (big blind) mucked [4c 2d]



PokerStars Hand #232526751941:  Hold'em No Limit ($0.01/$0.02 USD) - 2021/12/25 20:16:28 PT [2021/12/25 23:16:28 ET]
Table 'Adele III' 9-max Seat #8 is the button
Seat 1: DimaShalo ($2.18 in chips) 
Seat 3: Dorex2007 ($2 in chips) 
Seat 4: DSilver ($2 in chips) 
Seat 6: K.Tyrrell ($2.43 in chips) 
Seat 8: Humsella ($1.13 in chips) 
Seat 9: Southsea291 ($0.42 in chips) 
Southsea291: posts small blind $0.01
DimaShalo: posts big blind $0.02
*** HOLE CARDS ***
Dealt to Dorex2007 [4s Tc]
Dorex2007: folds 
DSilver: folds 
K.Tyrrell: folds 
Humsella: calls $0.02
Southsea291: raises $0.12 to $0.14
DimaShalo: folds 
Humsella: folds 
Uncalled bet ($0.12) returned to Southsea291
Southsea291 collected $0.06 from pot
Southsea291: doesn't show hand 
*** SUMMARY ***
Total pot $0.06 | Rake $0 
Seat 1: DimaShalo (big blind) folded before Flop
Seat 3: Dorex2007 folded before Flop (didn't bet)
Seat 4: DSilver folded before Flop (didn't bet)
Seat 6: K.Tyrrell folded before Flop (didn't bet)
Seat 8: Humsella (button) folded before Flop
Seat 9: Southsea291 (small blind) collected ($0.06)



PokerStars Hand #232526761853:  Hold'em No Limit ($0.01/$0.02 USD) - 2021/12/25 20:17:03 PT [2021/12/25 23:17:03 ET]
Table 'Adele III' 9-max Seat #9 is the button
Seat 1: DimaShalo ($2.16 in chips) 
Seat 3: Dorex2007 ($2 in chips) 
Seat 4: DSilver ($2 in chips) 
Seat 6: K.Tyrrell ($2.43 in chips) 
Seat 8: Humsella ($1.11 in chips) 
Seat 9: Southsea291 ($0.46 in chips) 
DimaShalo: posts small blind $0.01
Dorex2007: posts big blind $0.02
*** HOLE CARDS ***
Dealt to Dorex2007 [8c Td]
DSilver: folds 
K.Tyrrell: folds 
Humsella: folds 
Southsea291: folds 
DimaShalo: folds 
Uncalled bet ($0.01) returned to Dorex2007
Dorex2007 collected $0.02 from pot
Dorex2007: doesn't show hand 
*** SUMMARY ***
Total pot $0.02 | Rake $0 
Seat 1: DimaShalo (small blind) folded before Flop
Seat 3: Dorex2007 (big blind) collected ($0.02)
Seat 4: DSilver folded before Flop (didn't bet)
Seat 6: K.Tyrrell folded before Flop (didn't bet)
Seat 8: Humsella folded before Flop (didn't bet)
Seat 9: Southsea291 (button) folded before Flop (didn't bet)



PokerStars Hand #232526764741:  Hold'em No Limit ($0.01/$0.02 USD) - 2021/12/25 20:17:19 PT [2021/12/25 23:17:19 ET]
Table 'Adele III' 9-max Seat #1 is the button
Seat 1: DimaShalo ($2.15 in chips) 
Seat 3: Dorex2007 ($2.01 in chips) 
Seat 4: DSilver ($2 in chips) 
Seat 6: K.Tyrrell ($2.43 in chips) 
Seat 8: Humsella ($1.11 in chips) 
Seat 9: Southsea291 ($0.46 in chips) 
Dorex2007: posts small blind $0.01
DSilver: posts big blind $0.02
*** HOLE CARDS ***
Dealt to Dorex2007 [5d 9s]
K.Tyrrell: folds 
Humsella: folds 
Southsea291: raises $0.02 to $0.04
DimaShalo: folds 
Dorex2007: folds 
DSilver: folds 
Uncalled bet ($0.02) returned to Southsea291
Southsea291 collected $0.05 from pot
Southsea291: doesn't show hand 
*** SUMMARY ***
Total pot $0.05 | Rake $0 
Seat 1: DimaShalo (button) folded before Flop (didn't bet)
Seat 3: Dorex2007 (small blind) folded before Flop
Seat 4: DSilver (big blind) folded before Flop
Seat 6: K.Tyrrell folded before Flop (didn't bet)
Seat 8: Humsella folded before Flop (didn't bet)
Seat 9: Southsea291 collected ($0.05)



PokerStars Hand #232526769011:  Hold'em No Limit ($0.01/$0.02 USD) - 2021/12/25 20:17:43 PT [2021/12/25 23:17:43 ET]
Table 'Adele III' 9-max Seat #3 is the button
Seat 1: DimaShalo ($2.15 in chips) 
Seat 3: Dorex2007 ($2 in chips) 
Seat 4: DSilver ($2 in chips) 
Seat 6: K.Tyrrell ($2.43 in chips) 
Seat 8: Humsella ($1.11 in chips) 
Seat 9: Southsea291 ($0.49 in chips) 
DSilver: posts small blind $0.01
K.Tyrrell: posts big blind $0.02
*** HOLE CARDS ***
Dealt to Dorex2007 [9h Js]
Humsella: folds 
Southsea291: folds 
DimaShalo: calls $0.02
Dorex2007: folds 
DSilver: folds 
K.Tyrrell: checks 
*** FLOP *** [7c Kc 2h]
K.Tyrrell: checks 
DimaShalo: checks 
*** TURN *** [7c Kc 2h] [2c]
K.Tyrrell: checks 
DimaShalo: checks 
*** RIVER *** [7c Kc 2h 2c] [Tc]
K.Tyrrell: checks 
DimaShalo: checks 
*** SHOW DOWN ***
K.Tyrrell: shows [Qh 6d] (a pair of Deuces)
DimaShalo: shows [Ts Ah] (two pair, Tens and Deuces)
DimaShalo collected $0.05 from pot
*** SUMMARY ***
Total pot $0.05 | Rake $0 
Board [7c Kc 2h 2c Tc]
Seat 1: DimaShalo showed [Ts Ah] and won ($0.05) with two pair, Tens and Deuces
Seat 3: Dorex2007 (button) folded before Flop (didn't bet)
Seat 4: DSilver (small blind) folded before Flop
Seat 6: K.Tyrrell (big blind) showed [Qh 6d] and lost with a pair of Deuces
Seat 8: Humsella folded before Flop (didn't bet)
Seat 9: Southsea291 folded before Flop (didn't bet)



PokerStars Hand #232526774069:  Hold'em No Limit ($0.01/$0.02 USD) - 2021/12/25 20:18:11 PT [2021/12/25 23:18:11 ET]
Table 'Adele III' 9-max Seat #4 is the button
Seat 1: DimaShalo ($2.18 in chips) 
Seat 3: Dorex2007 ($2 in chips) 
Seat 4: DSilver ($2 in chips) 
Seat 6: K.Tyrrell ($2.41 in chips) 
Seat 8: Humsella ($1.11 in chips) 
Seat 9: Southsea291 ($0.49 in chips) 
K.Tyrrell: posts small blind $0.01
Humsella: posts big blind $0.02
*** HOLE CARDS ***
Dealt to Dorex2007 [Jh Ts]
Southsea291 has timed out
Southsea291: folds 
DimaShalo: folds 
DimaShalo leaves the table
Dorex2007: raises $0.02 to $0.04
DSilver: folds 
K.Tyrrell: folds 
Humsella: calls $0.02
*** FLOP *** [8h 2c 2s]
Humsella: checks 
Dorex2007: checks 
*** TURN *** [8h 2c 2s] [5s]
Humsella: bets $0.05
Dorex2007: calls $0.05
*** RIVER *** [8h 2c 2s 5s] [8s]
Humsella: checks 
Dorex2007: bets $0.18
Humsella: calls $0.18
*** SHOW DOWN ***
Dorex2007: shows [Jh Ts] (two pair, Eights and Deuces)
Humsella: shows [2h 3s] (a full house, Deuces full of Eights)
Humsella collected $0.53 from pot
*** SUMMARY ***
Total pot $0.55 | Rake $0.02 
Board [8h 2c 2s 5s 8s]
Seat 1: DimaShalo folded before Flop (didn't bet)
Seat 3: Dorex2007 showed [Jh Ts] and lost with two pair, Eights and Deuces
Seat 4: DSilver (button) folded before Flop (didn't bet)
Seat 6: K.Tyrrell (small blind) folded before Flop
Seat 8: Humsella (big blind) showed [2h 3s] and won ($0.53) with a full house, Deuces full of Eights
Seat 9: Southsea291 folded before Flop (didn't bet)



