PokerStars Hand #238030868717:  Hold'em No Limit ($0.02/$0.05 USD) - 2022/08/16 12:58:03 PT [2022/08/16 15:58:03 ET]
Table 'Subra III' 9-max Seat #4 is the button
Seat 1: Cologne_Flush87 ($4.83 in chips) 
Seat 2: Maria'sDad77 ($4.29 in chips) 
Seat 3: Dorex2007 ($5 in chips) 
Seat 4: HE0123 ($5.75 in chips) 
Seat 5: zzzz446 ($4.34 in chips) 
Seat 6: Maria1995587 ($7.79 in chips) 
Seat 7: STM32 ($6.98 in chips) 
Seat 8: BlackWinegum ($5.63 in chips) 
Seat 9: Tony Rome180 ($4.91 in chips) 
zzzz446: posts small blind $0.02
Maria1995587: posts big blind $0.05
Dorex2007: posts big blind $0.05
*** HOLE CARDS ***
Dealt to Dorex2007 [5s 7h]
STM32: folds 
BlackWinegum: folds 
Tony Rome180: folds 
Cologne_Flush87: folds 
Maria'sDad77: folds 
Dorex2007: checks 
HE0123: folds 
zzzz446: folds 
Maria1995587: checks 
*** FLOP *** [7d Ac 6c]
Maria1995587: checks 
Dorex2007: bets $0.06
Maria1995587: raises $0.24 to $0.30
Dorex2007: folds 
Uncalled bet ($0.24) returned to Maria1995587
Maria1995587 collected $0.23 from pot
Maria1995587: doesn't show hand 
*** SUMMARY ***
Total pot $0.24 | Rake $0.01 
Board [7d Ac 6c]
Seat 1: Cologne_Flush87 folded before Flop (didn't bet)
Seat 2: Maria'sDad77 folded before Flop (didn't bet)
Seat 3: Dorex2007 folded on the Flop
Seat 4: HE0123 (button) folded before Flop (didn't bet)
Seat 5: zzzz446 (small blind) folded before Flop
Seat 6: Maria1995587 (big blind) collected ($0.23)
Seat 7: STM32 folded before Flop (didn't bet)
Seat 8: BlackWinegum folded before Flop (didn't bet)
Seat 9: Tony Rome180 folded before Flop (didn't bet)



PokerStars Hand #238030876403:  Hold'em No Limit ($0.02/$0.05 USD) - 2022/08/16 12:58:30 PT [2022/08/16 15:58:30 ET]
Table 'Subra III' 9-max Seat #5 is the button
Seat 1: Cologne_Flush87 ($4.83 in chips) 
Seat 2: Maria'sDad77 ($4.29 in chips) 
Seat 3: Dorex2007 ($5 in chips) 
Seat 4: HE0123 ($5.75 in chips) 
Seat 5: zzzz446 ($4.32 in chips) 
Seat 6: Maria1995587 ($7.91 in chips) 
Seat 7: STM32 ($6.98 in chips) 
Seat 8: BlackWinegum ($5.63 in chips) 
Seat 9: Tony Rome180 ($4.91 in chips) 
Maria1995587: posts small blind $0.02
STM32: posts big blind $0.05
*** HOLE CARDS ***
Dealt to Dorex2007 [3h Tc]
BlackWinegum: folds 
Tony Rome180: folds 
Cologne_Flush87: folds 
Maria'sDad77: folds 
Dorex2007: folds 
HE0123: folds 
zzzz446: folds 
Maria1995587: calls $0.03
STM32: raises $0.10 to $0.15
Maria1995587: folds 
Uncalled bet ($0.10) returned to STM32
STM32 collected $0.10 from pot
STM32: doesn't show hand 
*** SUMMARY ***
Total pot $0.10 | Rake $0 
Seat 1: Cologne_Flush87 folded before Flop (didn't bet)
Seat 2: Maria'sDad77 folded before Flop (didn't bet)
Seat 3: Dorex2007 folded before Flop (didn't bet)
Seat 4: HE0123 folded before Flop (didn't bet)
Seat 5: zzzz446 (button) folded before Flop (didn't bet)
Seat 6: Maria1995587 (small blind) folded before Flop
Seat 7: STM32 (big blind) collected ($0.10)
Seat 8: BlackWinegum folded before Flop (didn't bet)
Seat 9: Tony Rome180 folded before Flop (didn't bet)



PokerStars Hand #238030882279:  Hold'em No Limit ($0.02/$0.05 USD) - 2022/08/16 12:58:51 PT [2022/08/16 15:58:51 ET]
Table 'Subra III' 9-max Seat #6 is the button
Seat 1: Cologne_Flush87 ($4.83 in chips) 
Seat 2: Maria'sDad77 ($4.29 in chips) 
Seat 3: Dorex2007 ($5 in chips) 
Seat 4: HE0123 ($5.75 in chips) 
Seat 5: zzzz446 ($4.32 in chips) 
Seat 6: Maria1995587 ($7.86 in chips) 
Seat 7: STM32 ($7.03 in chips) 
Seat 8: BlackWinegum ($5.63 in chips) 
Seat 9: Tony Rome180 ($4.91 in chips) 
STM32: posts small blind $0.02
BlackWinegum: posts big blind $0.05
*** HOLE CARDS ***
Dealt to Dorex2007 [3d 6d]
Tony Rome180: folds 
Cologne_Flush87: folds 
Maria'sDad77: folds 
Dorex2007: folds 
HE0123: raises $0.10 to $0.15
zzzz446: folds 
Maria1995587: calls $0.15
STM32: folds 
BlackWinegum: folds 
*** FLOP *** [As 9d 7s]
HE0123: checks 
Maria1995587: bets $0.17
HE0123: calls $0.17
*** TURN *** [As 9d 7s] [4d]
HE0123: checks 
Maria1995587: bets $0.34
HE0123: calls $0.34
*** RIVER *** [As 9d 7s 4d] [5c]
HE0123: checks 
Maria1995587: bets $1.33
HE0123: folds 
Uncalled bet ($1.33) returned to Maria1995587
Maria1995587 collected $1.33 from pot
Maria1995587: doesn't show hand 
*** SUMMARY ***
Total pot $1.39 | Rake $0.06 
Board [As 9d 7s 4d 5c]
Seat 1: Cologne_Flush87 folded before Flop (didn't bet)
Seat 2: Maria'sDad77 folded before Flop (didn't bet)
Seat 3: Dorex2007 folded before Flop (didn't bet)
Seat 4: HE0123 folded on the River
Seat 5: zzzz446 folded before Flop (didn't bet)
Seat 6: Maria1995587 (button) collected ($1.33)
Seat 7: STM32 (small blind) folded before Flop
Seat 8: BlackWinegum (big blind) folded before Flop
Seat 9: Tony Rome180 folded before Flop (didn't bet)



PokerStars Hand #238030900456:  Hold'em No Limit ($0.02/$0.05 USD) - 2022/08/16 12:59:48 PT [2022/08/16 15:59:48 ET]
Table 'Subra III' 9-max Seat #7 is the button
Seat 1: Cologne_Flush87 ($4.83 in chips) 
Seat 2: Maria'sDad77 ($4.29 in chips) 
Seat 3: Dorex2007 ($5 in chips) 
Seat 4: HE0123 ($5.09 in chips) 
Seat 5: zzzz446 ($4.32 in chips) 
Seat 6: Maria1995587 ($8.53 in chips) 
Seat 7: STM32 ($7.01 in chips) 
Seat 8: BlackWinegum ($5.58 in chips) 
Seat 9: Tony Rome180 ($4.91 in chips) 
BlackWinegum: posts small blind $0.02
Tony Rome180: posts big blind $0.05
*** HOLE CARDS ***
Dealt to Dorex2007 [6d 6c]
Cologne_Flush87: folds 
Maria'sDad77: folds 
Dorex2007: calls $0.05
HE0123: folds 
zzzz446: folds 
Maria1995587: folds 
STM32: raises $0.15 to $0.20
BlackWinegum: folds 
Tony Rome180: folds 
Dorex2007: folds 
Uncalled bet ($0.15) returned to STM32
STM32 collected $0.17 from pot
STM32: doesn't show hand 
*** SUMMARY ***
Total pot $0.17 | Rake $0 
Seat 1: Cologne_Flush87 folded before Flop (didn't bet)
Seat 2: Maria'sDad77 folded before Flop (didn't bet)
Seat 3: Dorex2007 folded before Flop
Seat 4: HE0123 folded before Flop (didn't bet)
Seat 5: zzzz446 folded before Flop (didn't bet)
Seat 6: Maria1995587 folded before Flop (didn't bet)
Seat 7: STM32 (button) collected ($0.17)
Seat 8: BlackWinegum (small blind) folded before Flop
Seat 9: Tony Rome180 (big blind) folded before Flop



PokerStars Hand #238030908803:  Hold'em No Limit ($0.02/$0.05 USD) - 2022/08/16 13:00:17 PT [2022/08/16 16:00:17 ET]
Table 'Subra III' 9-max Seat #8 is the button
Seat 1: Cologne_Flush87 ($4.83 in chips) 
Seat 2: Maria'sDad77 ($4.29 in chips) 
Seat 3: Dorex2007 ($5 in chips) 
Seat 4: HE0123 ($5.09 in chips) 
Seat 5: zzzz446 ($4.32 in chips) 
Seat 6: Maria1995587 ($8.53 in chips) 
Seat 7: STM32 ($7.13 in chips) 
Seat 8: BlackWinegum ($5.56 in chips) 
Seat 9: Tony Rome180 ($4.86 in chips) 
Tony Rome180: posts small blind $0.02
Cologne_Flush87: posts big blind $0.05
*** HOLE CARDS ***
Dealt to Dorex2007 [4c Jc]
Maria'sDad77: raises $0.05 to $0.10
Dorex2007: folds 
HE0123: folds 
zzzz446: raises $0.20 to $0.30
Maria1995587: folds 
STM32: folds 
BlackWinegum: folds 
Tony Rome180: folds 
Cologne_Flush87: folds 
Maria'sDad77: calls $0.20
*** FLOP *** [Ah 8c Kc]
Maria'sDad77: checks 
zzzz446: bets $0.32
Maria'sDad77: raises $0.52 to $0.84
zzzz446: folds 
Uncalled bet ($0.52) returned to Maria'sDad77
Maria'sDad77 collected $1.26 from pot
*** SUMMARY ***
Total pot $1.31 | Rake $0.05 
Board [Ah 8c Kc]
Seat 1: Cologne_Flush87 (big blind) folded before Flop
Seat 2: Maria'sDad77 collected ($1.26)
Seat 3: Dorex2007 folded before Flop (didn't bet)
Seat 4: HE0123 folded before Flop (didn't bet)
Seat 5: zzzz446 folded on the Flop
Seat 6: Maria1995587 folded before Flop (didn't bet)
Seat 7: STM32 folded before Flop (didn't bet)
Seat 8: BlackWinegum (button) folded before Flop (didn't bet)
Seat 9: Tony Rome180 (small blind) folded before Flop



PokerStars Hand #238030931321:  Hold'em No Limit ($0.02/$0.05 USD) - 2022/08/16 13:01:24 PT [2022/08/16 16:01:24 ET]
Table 'Subra III' 9-max Seat #9 is the button
Seat 1: Cologne_Flush87 ($4.78 in chips) 
Seat 2: Maria'sDad77 ($4.93 in chips) 
Seat 3: Dorex2007 ($5 in chips) 
Seat 4: HE0123 ($5.09 in chips) 
Seat 5: zzzz446 ($3.70 in chips) 
Seat 6: Maria1995587 ($8.53 in chips) 
Seat 7: STM32 ($7.13 in chips) 
Seat 8: BlackWinegum ($5.56 in chips) 
Seat 9: Tony Rome180 ($4.84 in chips) 
Cologne_Flush87: posts small blind $0.02
Maria'sDad77: posts big blind $0.05
*** HOLE CARDS ***
Dealt to Dorex2007 [7c 9s]
Dorex2007: folds 
HE0123: folds 
zzzz446: folds 
Maria1995587: folds 
STM32 has timed out
STM32: folds 
BlackWinegum: folds 
Tony Rome180: folds 
Cologne_Flush87: calls $0.03
Maria'sDad77: checks 
*** FLOP *** [3c 5d Js]
Cologne_Flush87: bets $0.10
Maria'sDad77: folds 
Uncalled bet ($0.10) returned to Cologne_Flush87
Cologne_Flush87 collected $0.10 from pot
Cologne_Flush87: doesn't show hand 
*** SUMMARY ***
Total pot $0.10 | Rake $0 
Board [3c 5d Js]
Seat 1: Cologne_Flush87 (small blind) collected ($0.10)
Seat 2: Maria'sDad77 (big blind) folded on the Flop
Seat 3: Dorex2007 folded before Flop (didn't bet)
Seat 4: HE0123 folded before Flop (didn't bet)
Seat 5: zzzz446 folded before Flop (didn't bet)
Seat 6: Maria1995587 folded before Flop (didn't bet)
Seat 7: STM32 folded before Flop (didn't bet)
Seat 8: BlackWinegum folded before Flop (didn't bet)
Seat 9: Tony Rome180 (button) folded before Flop (didn't bet)



PokerStars Hand #238030949019:  Hold'em No Limit ($0.02/$0.05 USD) - 2022/08/16 13:02:15 PT [2022/08/16 16:02:15 ET]
Table 'Subra III' 9-max Seat #1 is the button
Seat 1: Cologne_Flush87 ($4.83 in chips) 
Seat 2: Maria'sDad77 ($4.88 in chips) 
Seat 3: Dorex2007 ($5 in chips) 
Seat 4: HE0123 ($5.09 in chips) 
Seat 5: zzzz446 ($3.70 in chips) 
Seat 6: Maria1995587 ($8.53 in chips) 
Seat 7: STM32 ($7.13 in chips) 
Seat 8: BlackWinegum ($5.56 in chips) 
Seat 9: Tony Rome180 ($4.84 in chips) 
Maria'sDad77: posts small blind $0.02
Dorex2007: posts big blind $0.05
*** HOLE CARDS ***
Dealt to Dorex2007 [7s Jh]
HE0123: folds 
zzzz446 has timed out
zzzz446: folds 
Maria1995587: folds 
STM32: folds 
BlackWinegum: folds 
Tony Rome180: folds 
Cologne_Flush87: raises $0.05 to $0.10
Maria'sDad77: calls $0.08
Dorex2007: folds 
*** FLOP *** [Td Ts 6h]
Maria'sDad77: checks 
Cologne_Flush87: bets $0.20
Maria'sDad77: folds 
Uncalled bet ($0.20) returned to Cologne_Flush87
Cologne_Flush87 collected $0.24 from pot
Cologne_Flush87: doesn't show hand 
*** SUMMARY ***
Total pot $0.25 | Rake $0.01 
Board [Td Ts 6h]
Seat 1: Cologne_Flush87 (button) collected ($0.24)
Seat 2: Maria'sDad77 (small blind) folded on the Flop
Seat 3: Dorex2007 (big blind) folded before Flop
Seat 4: HE0123 folded before Flop (didn't bet)
Seat 5: zzzz446 folded before Flop (didn't bet)
Seat 6: Maria1995587 folded before Flop (didn't bet)
Seat 7: STM32 folded before Flop (didn't bet)
Seat 8: BlackWinegum folded before Flop (didn't bet)
Seat 9: Tony Rome180 folded before Flop (didn't bet)



PokerStars Hand #238030974693:  Hold'em No Limit ($0.02/$0.05 USD) - 2022/08/16 13:03:23 PT [2022/08/16 16:03:23 ET]
Table 'Subra III' 9-max Seat #2 is the button
Seat 1: Cologne_Flush87 ($4.97 in chips) 
Seat 2: Maria'sDad77 ($4.78 in chips) 
Seat 3: Dorex2007 ($5 in chips) 
Seat 5: zzzz446 ($3.70 in chips) 
Seat 6: Maria1995587 ($8.53 in chips) 
Seat 7: STM32 ($7.13 in chips) 
Seat 8: BlackWinegum ($5.56 in chips) 
Seat 9: Tony Rome180 ($4.84 in chips) 
Dorex2007: posts small blind $0.02
HE0123: is sitting out 
zzzz446: posts big blind $0.05
*** HOLE CARDS ***
Dealt to Dorex2007 [6c 5c]
Maria1995587: folds 
STM32: folds 
BlackWinegum: folds 
Tony Rome180: folds 
Cologne_Flush87: folds 
HE0123 leaves the table
Maria'sDad77 has timed out
Maria'sDad77: folds 
Dorex2007: folds 
Uncalled bet ($0.03) returned to zzzz446
zzzz446 collected $0.04 from pot
zzzz446: doesn't show hand 
*** SUMMARY ***
Total pot $0.04 | Rake $0 
Seat 1: Cologne_Flush87 folded before Flop (didn't bet)
Seat 2: Maria'sDad77 (button) folded before Flop (didn't bet)
Seat 3: Dorex2007 (small blind) folded before Flop
Seat 5: zzzz446 (big blind) collected ($0.04)
Seat 6: Maria1995587 folded before Flop (didn't bet)
Seat 7: STM32 folded before Flop (didn't bet)
Seat 8: BlackWinegum folded before Flop (didn't bet)
Seat 9: Tony Rome180 folded before Flop (didn't bet)



PokerStars Hand #238030982178:  Hold'em No Limit ($0.02/$0.05 USD) - 2022/08/16 13:03:43 PT [2022/08/16 16:03:43 ET]
Table 'Subra III' 9-max Seat #3 is the button
Seat 1: Cologne_Flush87 ($4.97 in chips) 
Seat 3: Dorex2007 ($5 in chips) 
Seat 5: zzzz446 ($3.72 in chips) 
Seat 6: Maria1995587 ($8.53 in chips) 
Seat 7: STM32 ($7.13 in chips) 
Seat 8: BlackWinegum ($5.56 in chips) 
Seat 9: Tony Rome180 ($4.84 in chips) 
zzzz446: posts small blind $0.02
Maria1995587: posts big blind $0.05
*** HOLE CARDS ***
Dealt to Dorex2007 [Ks 2c]
STM32: folds 
BlackWinegum: raises $0.15 to $0.20
goran1964 joins the table at seat #4 
Tony Rome180: folds 
Cologne_Flush87: calls $0.20
Dorex2007: folds 
zzzz446: folds 
Maria1995587: folds 
*** FLOP *** [8s Ac 2h]
BlackWinegum: bets $0.22
Cologne_Flush87: folds 
Uncalled bet ($0.22) returned to BlackWinegum
BlackWinegum collected $0.45 from pot
BlackWinegum: doesn't show hand 
*** SUMMARY ***
Total pot $0.47 | Rake $0.02 
Board [8s Ac 2h]
Seat 1: Cologne_Flush87 folded on the Flop
Seat 3: Dorex2007 (button) folded before Flop (didn't bet)
Seat 5: zzzz446 (small blind) folded before Flop
Seat 6: Maria1995587 (big blind) folded before Flop
Seat 7: STM32 folded before Flop (didn't bet)
Seat 8: BlackWinegum collected ($0.45)
Seat 9: Tony Rome180 folded before Flop (didn't bet)



PokerStars Hand #238030995610:  Hold'em No Limit ($0.02/$0.05 USD) - 2022/08/16 13:04:19 PT [2022/08/16 16:04:19 ET]
Table 'Subra III' 9-max Seat #5 is the button
Seat 1: Cologne_Flush87 ($4.77 in chips) 
Seat 2: Maria'sDad77 ($4.78 in chips) 
Seat 3: Dorex2007 ($5 in chips) 
Seat 4: goran1964 ($3 in chips) 
Seat 5: zzzz446 ($3.70 in chips) 
Seat 6: Maria1995587 ($8.48 in chips) 
Seat 7: STM32 ($7.13 in chips) 
Seat 8: BlackWinegum ($5.81 in chips) 
Seat 9: Tony Rome180 ($4.84 in chips) 
Maria1995587: posts small blind $0.02
STM32: posts big blind $0.05
goran1964: posts big blind $0.05
*** HOLE CARDS ***
Dealt to Dorex2007 [8c 2c]
BlackWinegum: folds 
Tony Rome180: folds 
Cologne_Flush87: folds 
Maria'sDad77: folds 
Dorex2007: folds 
goran1964: checks 
zzzz446: raises $0.10 to $0.15
Maria1995587: folds 
STM32: folds 
goran1964: folds 
Uncalled bet ($0.10) returned to zzzz446
zzzz446 collected $0.17 from pot
zzzz446: doesn't show hand 
*** SUMMARY ***
Total pot $0.17 | Rake $0 
Seat 1: Cologne_Flush87 folded before Flop (didn't bet)
Seat 2: Maria'sDad77 folded before Flop (didn't bet)
Seat 3: Dorex2007 folded before Flop (didn't bet)
Seat 4: goran1964 folded before Flop (didn't bet)
Seat 5: zzzz446 (button) collected ($0.17)
Seat 6: Maria1995587 (small blind) folded before Flop
Seat 7: STM32 (big blind) folded before Flop
Seat 8: BlackWinegum folded before Flop (didn't bet)
Seat 9: Tony Rome180 folded before Flop (didn't bet)



PokerStars Hand #238031008804:  Hold'em No Limit ($0.02/$0.05 USD) - 2022/08/16 13:04:55 PT [2022/08/16 16:04:55 ET]
Table 'Subra III' 9-max Seat #6 is the button
Seat 1: Cologne_Flush87 ($4.77 in chips) 
Seat 2: Maria'sDad77 ($4.78 in chips) 
Seat 3: Dorex2007 ($5 in chips) 
Seat 4: goran1964 ($2.95 in chips) 
Seat 5: zzzz446 ($3.82 in chips) 
Seat 6: Maria1995587 ($8.46 in chips) 
Seat 7: STM32 ($7.08 in chips) 
Seat 9: Tony Rome180 ($4.84 in chips) 
STM32: posts small blind $0.02
BlackWinegum: is sitting out 
Tony Rome180: posts big blind $0.05
*** HOLE CARDS ***
Dealt to Dorex2007 [Kd Jd]
Cologne_Flush87: folds 
BlackWinegum leaves the table
Maria'sDad77 has timed out
Maria'sDad77: folds 
Dorex2007: raises $0.20 to $0.25
goran1964: folds 
zzzz446: calls $0.25
Maria1995587: folds 
STM32: folds 
Tony Rome180: folds 
*** FLOP *** [Th 4d 8c]
Dorex2007: checks 
an7co joins the table at seat #8 
zzzz446: bets $0.20
Dorex2007: calls $0.20
*** TURN *** [Th 4d 8c] [3c]
Dorex2007: checks 
zzzz446: bets $0.46
Dorex2007: folds 
Uncalled bet ($0.46) returned to zzzz446
zzzz446 collected $0.93 from pot
zzzz446: doesn't show hand 
*** SUMMARY ***
Total pot $0.97 | Rake $0.04 
Board [Th 4d 8c 3c]
Seat 1: Cologne_Flush87 folded before Flop (didn't bet)
Seat 2: Maria'sDad77 folded before Flop (didn't bet)
Seat 3: Dorex2007 folded on the Turn
Seat 4: goran1964 folded before Flop (didn't bet)
Seat 5: zzzz446 collected ($0.93)
Seat 6: Maria1995587 (button) folded before Flop (didn't bet)
Seat 7: STM32 (small blind) folded before Flop
Seat 9: Tony Rome180 (big blind) folded before Flop



PokerStars Hand #238031030513:  Hold'em No Limit ($0.02/$0.05 USD) - 2022/08/16 13:05:52 PT [2022/08/16 16:05:52 ET]
Table 'Subra III' 9-max Seat #7 is the button
Seat 1: Cologne_Flush87 ($4.77 in chips) 
Seat 2: Maria'sDad77 ($4.78 in chips) 
Seat 3: Dorex2007 ($5 in chips) 
Seat 5: zzzz446 ($4.30 in chips) 
Seat 6: Maria1995587 ($8.46 in chips) 
Seat 7: STM32 ($7.06 in chips) 
Seat 9: Tony Rome180 ($4.79 in chips) 
Tony Rome180: posts small blind $0.02
Cologne_Flush87: posts big blind $0.05
*** HOLE CARDS ***
Dealt to Dorex2007 [8s As]
Maria'sDad77 has timed out
Maria'sDad77: folds 
Dorex2007: folds 
zzzz446: folds 
Maria1995587: folds 
STM32: raises $0.10 to $0.15
Tony Rome180: folds 
Cologne_Flush87: folds 
Uncalled bet ($0.10) returned to STM32
STM32 collected $0.12 from pot
STM32: doesn't show hand 
*** SUMMARY ***
Total pot $0.12 | Rake $0 
Seat 1: Cologne_Flush87 (big blind) folded before Flop
Seat 2: Maria'sDad77 folded before Flop (didn't bet)
Seat 3: Dorex2007 folded before Flop (didn't bet)
Seat 5: zzzz446 folded before Flop (didn't bet)
Seat 6: Maria1995587 folded before Flop (didn't bet)
Seat 7: STM32 (button) collected ($0.12)
Seat 9: Tony Rome180 (small blind) folded before Flop



PokerStars Hand #238031046316:  Hold'em No Limit ($0.02/$0.05 USD) - 2022/08/16 13:06:18 PT [2022/08/16 16:06:18 ET]
Table 'Subra III' 9-max Seat #9 is the button
Seat 1: Cologne_Flush87 ($4.72 in chips) 
Seat 3: Dorex2007 ($5 in chips) 
Seat 5: zzzz446 ($4.30 in chips) 
Seat 6: Maria1995587 ($8.46 in chips) 
Seat 7: STM32 ($7.13 in chips) 
Seat 8: an7co ($5 in chips) 
Seat 9: Tony Rome180 ($4.77 in chips) 
Cologne_Flush87: posts small blind $0.02
Dorex2007: posts big blind $0.05
an7co: posts big blind $0.05
*** HOLE CARDS ***
Dealt to Dorex2007 [2c 7d]
zzzz446: folds 
Maria1995587: raises $0.10 to $0.15
STM32: folds 
an7co: calls $0.10
Tony Rome180: folds 
Cologne_Flush87: raises $0.10 to $0.25
Dorex2007: folds 
Maria1995587: calls $0.10
an7co: folds 
*** FLOP *** [7s 5h 9c]
Cologne_Flush87: bets $0.45
Maria1995587: folds 
Uncalled bet ($0.45) returned to Cologne_Flush87
Cologne_Flush87 collected $0.66 from pot
Cologne_Flush87: doesn't show hand 
*** SUMMARY ***
Total pot $0.70 | Rake $0.04 
Board [7s 5h 9c]
Seat 1: Cologne_Flush87 (small blind) collected ($0.66)
Seat 3: Dorex2007 (big blind) folded before Flop
Seat 5: zzzz446 folded before Flop (didn't bet)
Seat 6: Maria1995587 folded on the Flop
Seat 7: STM32 folded before Flop (didn't bet)
Seat 8: an7co folded before Flop
Seat 9: Tony Rome180 (button) folded before Flop (didn't bet)



PokerStars Hand #238031061050:  Hold'em No Limit ($0.02/$0.05 USD) - 2022/08/16 13:06:56 PT [2022/08/16 16:06:56 ET]
Table 'Subra III' 9-max Seat #1 is the button
Seat 1: Cologne_Flush87 ($5.13 in chips) 
Seat 3: Dorex2007 ($5 in chips) 
Seat 4: goran1964 ($2.95 in chips) 
Seat 5: zzzz446 ($4.30 in chips) 
Seat 6: Maria1995587 ($8.21 in chips) 
Seat 7: STM32 ($7.13 in chips) 
Seat 8: an7co ($4.85 in chips) 
Seat 9: Tony Rome180 ($4.77 in chips) 
Dorex2007: posts small blind $0.02
goran1964: posts big blind $0.05
*** HOLE CARDS ***
Dealt to Dorex2007 [Ts 9s]
zzzz446 has timed out
zzzz446: folds 
Maria1995587: folds 
STM32: folds 
an7co: folds 
Tony Rome180: folds 
Cologne_Flush87: folds 
Dorex2007: folds 
Uncalled bet ($0.03) returned to goran1964
goran1964 collected $0.04 from pot
goran1964: doesn't show hand 
*** SUMMARY ***
Total pot $0.04 | Rake $0 
Seat 1: Cologne_Flush87 (button) folded before Flop (didn't bet)
Seat 3: Dorex2007 (small blind) folded before Flop
Seat 4: goran1964 (big blind) collected ($0.04)
Seat 5: zzzz446 folded before Flop (didn't bet)
Seat 6: Maria1995587 folded before Flop (didn't bet)
Seat 7: STM32 folded before Flop (didn't bet)
Seat 8: an7co folded before Flop (didn't bet)
Seat 9: Tony Rome180 folded before Flop (didn't bet)



PokerStars Hand #238031073065:  Hold'em No Limit ($0.02/$0.05 USD) - 2022/08/16 13:07:28 PT [2022/08/16 16:07:28 ET]
Table 'Subra III' 9-max Seat #3 is the button
Seat 1: Cologne_Flush87 ($5.13 in chips) 
Seat 2: Maria'sDad77 ($4.78 in chips) 
Seat 3: Dorex2007 ($5 in chips) 
Seat 4: goran1964 ($2.97 in chips) 
Seat 5: zzzz446 ($4.30 in chips) 
Seat 6: Maria1995587 ($8.21 in chips) 
Seat 7: STM32 ($7.13 in chips) 
Seat 8: an7co ($4.85 in chips) 
Seat 9: Tony Rome180 ($4.77 in chips) 
goran1964: posts small blind $0.02
zzzz446: posts big blind $0.05
Maria'sDad77: posts small & big blinds $0.07
*** HOLE CARDS ***
Dealt to Dorex2007 [2s Ad]
Maria1995587: folds 
STM32: folds 
an7co: folds 
Tony Rome180: raises $0.05 to $0.10
Cologne_Flush87: folds 
Maria'sDad77: folds 
Dorex2007: folds 
goran1964: calls $0.08
zzzz446: folds 
*** FLOP *** [7h 8h Qs]
goran1964: checks 
Tony Rome180: bets $0.10
goran1964: folds 
Uncalled bet ($0.10) returned to Tony Rome180
Tony Rome180 collected $0.31 from pot
Tony Rome180: doesn't show hand 
*** SUMMARY ***
Total pot $0.32 | Rake $0.01 
Board [7h 8h Qs]
Seat 1: Cologne_Flush87 folded before Flop (didn't bet)
Seat 2: Maria'sDad77 folded before Flop (didn't bet)
Seat 3: Dorex2007 (button) folded before Flop (didn't bet)
Seat 4: goran1964 (small blind) folded on the Flop
Seat 5: zzzz446 (big blind) folded before Flop
Seat 6: Maria1995587 folded before Flop (didn't bet)
Seat 7: STM32 folded before Flop (didn't bet)
Seat 8: an7co folded before Flop (didn't bet)
Seat 9: Tony Rome180 collected ($0.31)



PokerStars Hand #238031082381:  Hold'em No Limit ($0.02/$0.05 USD) - 2022/08/16 13:07:53 PT [2022/08/16 16:07:53 ET]
Table 'Subra III' 9-max Seat #4 is the button
Seat 1: Cologne_Flush87 ($5.13 in chips) 
Seat 2: Maria'sDad77 ($4.71 in chips) 
Seat 3: Dorex2007 ($5 in chips) 
Seat 4: goran1964 ($2.87 in chips) 
Seat 5: zzzz446 ($4.25 in chips) 
Seat 6: Maria1995587 ($8.21 in chips) 
Seat 7: STM32 ($7.13 in chips) 
Seat 8: an7co ($4.85 in chips) 
Seat 9: Tony Rome180 ($4.98 in chips) 
zzzz446: posts small blind $0.02
Maria1995587: posts big blind $0.05
*** HOLE CARDS ***
Dealt to Dorex2007 [9d 5d]
STM32: folds 
an7co: folds 
Tony Rome180: folds 
Cologne_Flush87: folds 
Maria'sDad77: raises $0.05 to $0.10
Dorex2007: folds 
goran1964: folds 
zzzz446: folds 
Maria1995587: folds 
Uncalled bet ($0.05) returned to Maria'sDad77
Maria'sDad77 collected $0.12 from pot
*** SUMMARY ***
Total pot $0.12 | Rake $0 
Seat 1: Cologne_Flush87 folded before Flop (didn't bet)
Seat 2: Maria'sDad77 collected ($0.12)
Seat 3: Dorex2007 folded before Flop (didn't bet)
Seat 4: goran1964 (button) folded before Flop (didn't bet)
Seat 5: zzzz446 (small blind) folded before Flop
Seat 6: Maria1995587 (big blind) folded before Flop
Seat 7: STM32 folded before Flop (didn't bet)
Seat 8: an7co folded before Flop (didn't bet)
Seat 9: Tony Rome180 folded before Flop (didn't bet)



PokerStars Hand #238031093638:  Hold'em No Limit ($0.02/$0.05 USD) - 2022/08/16 13:08:23 PT [2022/08/16 16:08:23 ET]
Table 'Subra III' 9-max Seat #5 is the button
Seat 1: Cologne_Flush87 ($5.13 in chips) 
Seat 2: Maria'sDad77 ($4.78 in chips) 
Seat 3: Dorex2007 ($5 in chips) 
Seat 4: goran1964 ($2.87 in chips) 
Seat 5: zzzz446 ($4.23 in chips) 
Seat 6: Maria1995587 ($8.16 in chips) 
Seat 8: an7co ($4.85 in chips) 
Seat 9: Tony Rome180 ($4.98 in chips) 
Maria1995587: posts small blind $0.02
STM32: is sitting out 
an7co: posts big blind $0.05
*** HOLE CARDS ***
Dealt to Dorex2007 [9h 7d]
Tony Rome180: folds 
STM32 leaves the table
Cologne_Flush87: folds 
Maria'sDad77: folds 
Dorex2007: folds 
CH3CH2OHLOL joins the table at seat #7 
goran1964: folds 
zzzz446: folds 
Maria1995587: raises $0.10 to $0.15
an7co: folds 
Uncalled bet ($0.10) returned to Maria1995587
Maria1995587 collected $0.10 from pot
Maria1995587: doesn't show hand 
*** SUMMARY ***
Total pot $0.10 | Rake $0 
Seat 1: Cologne_Flush87 folded before Flop (didn't bet)
Seat 2: Maria'sDad77 folded before Flop (didn't bet)
Seat 3: Dorex2007 folded before Flop (didn't bet)
Seat 4: goran1964 folded before Flop (didn't bet)
Seat 5: zzzz446 (button) folded before Flop (didn't bet)
Seat 6: Maria1995587 (small blind) collected ($0.10)
Seat 8: an7co (big blind) folded before Flop
Seat 9: Tony Rome180 folded before Flop (didn't bet)



PokerStars Hand #238031099938:  Hold'em No Limit ($0.02/$0.05 USD) - 2022/08/16 13:08:40 PT [2022/08/16 16:08:40 ET]
Table 'Subra III' 9-max Seat #6 is the button
Seat 1: Cologne_Flush87 ($5.13 in chips) 
Seat 2: Maria'sDad77 ($4.78 in chips) 
Seat 3: Dorex2007 ($5 in chips) 
Seat 4: goran1964 ($2.87 in chips) 
Seat 5: zzzz446 ($4.23 in chips) 
Seat 6: Maria1995587 ($8.21 in chips) 
Seat 8: an7co ($4.80 in chips) 
Seat 9: Tony Rome180 ($4.98 in chips) 
an7co: posts small blind $0.02
Tony Rome180: posts big blind $0.05
*** HOLE CARDS ***
Dealt to Dorex2007 [6d Ts]
Cologne_Flush87: folds 
Maria'sDad77: folds 
Dorex2007: folds 
goran1964: raises $0.05 to $0.10
zzzz446: folds 
Maria1995587: folds 
an7co: calls $0.08
Tony Rome180: folds 
*** FLOP *** [9d 4s 8h]
an7co: bets $0.10
goran1964: folds 
Uncalled bet ($0.10) returned to an7co
an7co collected $0.24 from pot
an7co: doesn't show hand 
*** SUMMARY ***
Total pot $0.25 | Rake $0.01 
Board [9d 4s 8h]
Seat 1: Cologne_Flush87 folded before Flop (didn't bet)
Seat 2: Maria'sDad77 folded before Flop (didn't bet)
Seat 3: Dorex2007 folded before Flop (didn't bet)
Seat 4: goran1964 folded on the Flop
Seat 5: zzzz446 folded before Flop (didn't bet)
Seat 6: Maria1995587 (button) folded before Flop (didn't bet)
Seat 8: an7co (small blind) collected ($0.24)
Seat 9: Tony Rome180 (big blind) folded before Flop



PokerStars Hand #238031110558:  Hold'em No Limit ($0.02/$0.05 USD) - 2022/08/16 13:09:08 PT [2022/08/16 16:09:08 ET]
Table 'Subra III' 9-max Seat #8 is the button
Seat 1: Cologne_Flush87 ($5.13 in chips) 
Seat 2: Maria'sDad77 ($4.78 in chips) 
Seat 3: Dorex2007 ($5 in chips) 
Seat 4: goran1964 ($2.77 in chips) 
Seat 5: zzzz446 ($4.23 in chips) 
Seat 6: Maria1995587 ($8.21 in chips) 
Seat 7: CH3CH2OHLOL ($5 in chips) 
Seat 8: an7co ($4.94 in chips) 
Seat 9: Tony Rome180 ($4.93 in chips) 
Tony Rome180: posts small blind $0.02
Cologne_Flush87: posts big blind $0.05
CH3CH2OHLOL: posts big blind $0.05
*** HOLE CARDS ***
Dealt to Dorex2007 [8h 3s]
Maria'sDad77: folds 
Dorex2007: folds 
goran1964: folds 
zzzz446: folds 
Maria1995587: raises $0.15 to $0.20
CH3CH2OHLOL: folds 
an7co: folds 
Tony Rome180: folds 
Cologne_Flush87: calls $0.15
*** FLOP *** [Qc 2c 2s]
CH3CH2OHLOL leaves the table
Cologne_Flush87: bets $0.22
pilxx joins the table at seat #7 
Maria1995587: calls $0.22
*** TURN *** [Qc 2c 2s] [Ah]
Cologne_Flush87: bets $0.60
Maria1995587: folds 
Uncalled bet ($0.60) returned to Cologne_Flush87
Cologne_Flush87 collected $0.86 from pot
Cologne_Flush87: doesn't show hand 
*** SUMMARY ***
Total pot $0.91 | Rake $0.05 
Board [Qc 2c 2s Ah]
Seat 1: Cologne_Flush87 (big blind) collected ($0.86)
Seat 2: Maria'sDad77 folded before Flop (didn't bet)
Seat 3: Dorex2007 folded before Flop (didn't bet)
Seat 4: goran1964 folded before Flop (didn't bet)
Seat 5: zzzz446 folded before Flop (didn't bet)
Seat 6: Maria1995587 folded on the Turn
Seat 7: CH3CH2OHLOL folded before Flop (didn't bet)
Seat 8: an7co (button) folded before Flop (didn't bet)
Seat 9: Tony Rome180 (small blind) folded before Flop



PokerStars Hand #238031151384:  Hold'em No Limit ($0.02/$0.05 USD) - 2022/08/16 13:10:34 PT [2022/08/16 16:10:34 ET]
Table 'Subra III' 9-max Seat #9 is the button
Seat 1: Cologne_Flush87 ($5.57 in chips) 
Seat 2: Maria'sDad77 ($4.78 in chips) 
Seat 3: Dorex2007 ($5 in chips) 
Seat 4: goran1964 ($2.77 in chips) 
Seat 5: zzzz446 ($4.23 in chips) 
Seat 6: Maria1995587 ($7.79 in chips) 
Seat 7: pilxx ($4 in chips) 
Seat 8: an7co ($4.94 in chips) 
Seat 9: Tony Rome180 ($4.91 in chips) 
Cologne_Flush87: posts small blind $0.02
Maria'sDad77: posts big blind $0.05
pilxx: posts big blind $0.05
*** HOLE CARDS ***
Dealt to Dorex2007 [Qh 4d]
Dorex2007: folds 
goran1964: calls $0.05
zzzz446: folds 
Maria1995587: calls $0.05
pilxx: raises $0.22 to $0.27
an7co: folds 
Tony Rome180: folds 
Cologne_Flush87: folds 
Maria'sDad77: folds 
goran1964: calls $0.22
Maria1995587: calls $0.22
*** FLOP *** [6d 7h 3h]
goran1964: checks 
Maria1995587: checks 
pilxx: bets $0.84
goran1964: folds 
Maria1995587: folds 
Uncalled bet ($0.84) returned to pilxx
pilxx collected $0.83 from pot
*** SUMMARY ***
Total pot $0.88 | Rake $0.05 
Board [6d 7h 3h]
Seat 1: Cologne_Flush87 (small blind) folded before Flop
Seat 2: Maria'sDad77 (big blind) folded before Flop
Seat 3: Dorex2007 folded before Flop (didn't bet)
Seat 4: goran1964 folded on the Flop
Seat 5: zzzz446 folded before Flop (didn't bet)
Seat 6: Maria1995587 folded on the Flop
Seat 7: pilxx collected ($0.83)
Seat 8: an7co folded before Flop (didn't bet)
Seat 9: Tony Rome180 (button) folded before Flop (didn't bet)



PokerStars Hand #238031169875:  Hold'em No Limit ($0.02/$0.05 USD) - 2022/08/16 13:11:23 PT [2022/08/16 16:11:23 ET]
Table 'Subra III' 9-max Seat #1 is the button
Seat 1: Cologne_Flush87 ($5.55 in chips) 
Seat 2: Maria'sDad77 ($4.73 in chips) 
Seat 3: Dorex2007 ($5 in chips) 
Seat 4: goran1964 ($2.50 in chips) 
Seat 5: zzzz446 ($4.23 in chips) 
Seat 6: Maria1995587 ($7.52 in chips) 
Seat 7: pilxx ($4.56 in chips) 
Seat 8: an7co ($4.94 in chips) 
Seat 9: Tony Rome180 ($4.91 in chips) 
Maria'sDad77: posts small blind $0.02
Dorex2007: posts big blind $0.05
*** HOLE CARDS ***
Dealt to Dorex2007 [3c Qc]
goran1964: calls $0.05
zzzz446: folds 
Maria1995587: raises $0.10 to $0.15
pilxx: folds 
an7co: folds 
Tony Rome180: folds 
Cologne_Flush87: folds 
Maria'sDad77: folds 
Dorex2007: folds 
goran1964: calls $0.10
*** FLOP *** [Ah As 2h]
goran1964: checks 
Maria1995587: bets $0.17
goran1964: calls $0.17
*** TURN *** [Ah As 2h] [Ks]
goran1964: checks 
Maria1995587: checks 
*** RIVER *** [Ah As 2h Ks] [5d]
goran1964: checks 
Maria1995587: checks 
*** SHOW DOWN ***
goran1964: shows [Qh Jh] (a pair of Aces)
Maria1995587: shows [Qd Kd] (two pair, Aces and Kings)
Maria1995587 collected $0.68 from pot
*** SUMMARY ***
Total pot $0.71 | Rake $0.03 
Board [Ah As 2h Ks 5d]
Seat 1: Cologne_Flush87 (button) folded before Flop (didn't bet)
Seat 2: Maria'sDad77 (small blind) folded before Flop
Seat 3: Dorex2007 (big blind) folded before Flop
Seat 4: goran1964 showed [Qh Jh] and lost with a pair of Aces
Seat 5: zzzz446 folded before Flop (didn't bet)
Seat 6: Maria1995587 showed [Qd Kd] and won ($0.68) with two pair, Aces and Kings
Seat 7: pilxx folded before Flop (didn't bet)
Seat 8: an7co folded before Flop (didn't bet)
Seat 9: Tony Rome180 folded before Flop (didn't bet)



PokerStars Hand #238031189295:  Hold'em No Limit ($0.02/$0.05 USD) - 2022/08/16 13:12:16 PT [2022/08/16 16:12:16 ET]
Table 'Subra III' 9-max Seat #2 is the button
Seat 1: Cologne_Flush87 ($5.55 in chips) 
Seat 2: Maria'sDad77 ($4.71 in chips) 
Seat 3: Dorex2007 ($5 in chips) 
Seat 4: goran1964 ($2.18 in chips) 
Seat 5: zzzz446 ($4.23 in chips) 
Seat 6: Maria1995587 ($7.88 in chips) 
Seat 7: pilxx ($4.56 in chips) 
Seat 8: an7co ($4.94 in chips) 
Seat 9: Tony Rome180 ($4.91 in chips) 
Dorex2007: posts small blind $0.02
goran1964: posts big blind $0.05
*** HOLE CARDS ***
Dealt to Dorex2007 [5d 9c]
zzzz446: folds 
Maria1995587: calls $0.05
pilxx: calls $0.05
an7co: raises $0.05 to $0.10
Tony Rome180: folds 
Cologne_Flush87: folds 
Maria'sDad77: folds 
Dorex2007: folds 
goran1964: calls $0.05
Maria1995587: calls $0.05
pilxx: calls $0.05
*** FLOP *** [Kc 8d Qs]
goran1964: checks 
Maria1995587: checks 
pilxx: bets $0.40
an7co: folds 
goran1964: folds 
Maria1995587: folds 
Uncalled bet ($0.40) returned to pilxx
pilxx collected $0.40 from pot
*** SUMMARY ***
Total pot $0.42 | Rake $0.02 
Board [Kc 8d Qs]
Seat 1: Cologne_Flush87 folded before Flop (didn't bet)
Seat 2: Maria'sDad77 (button) folded before Flop (didn't bet)
Seat 3: Dorex2007 (small blind) folded before Flop
Seat 4: goran1964 (big blind) folded on the Flop
Seat 5: zzzz446 folded before Flop (didn't bet)
Seat 6: Maria1995587 folded on the Flop
Seat 7: pilxx collected ($0.40)
Seat 8: an7co folded on the Flop
Seat 9: Tony Rome180 folded before Flop (didn't bet)



PokerStars Hand #238031206728:  Hold'em No Limit ($0.02/$0.05 USD) - 2022/08/16 13:13:03 PT [2022/08/16 16:13:03 ET]
Table 'Subra III' 9-max Seat #3 is the button
Seat 1: Cologne_Flush87 ($5.55 in chips) 
Seat 2: Maria'sDad77 ($4.71 in chips) 
Seat 3: Dorex2007 ($5 in chips) 
Seat 4: goran1964 ($2.08 in chips) 
Seat 5: zzzz446 ($4.23 in chips) 
Seat 6: Maria1995587 ($7.78 in chips) 
Seat 7: pilxx ($4.86 in chips) 
Seat 8: an7co ($4.84 in chips) 
Seat 9: Tony Rome180 ($4.91 in chips) 
goran1964: posts small blind $0.02
zzzz446: posts big blind $0.05
*** HOLE CARDS ***
Dealt to Dorex2007 [6h 7s]
Maria1995587: folds 
pilxx: folds 
an7co: folds 
Tony Rome180: folds 
Cologne_Flush87: folds 
Maria'sDad77: folds 
Dorex2007: folds 
goran1964: calls $0.03
Maria1995587 leaves the table
zzzz446: checks 
*** FLOP *** [Kd 7c 8s]
goran1964: checks 
zzzz446: bets $0.05
goran1964: folds 
Uncalled bet ($0.05) returned to zzzz446
zzzz446 collected $0.10 from pot
zzzz446: doesn't show hand 
*** SUMMARY ***
Total pot $0.10 | Rake $0 
Board [Kd 7c 8s]
Seat 1: Cologne_Flush87 folded before Flop (didn't bet)
Seat 2: Maria'sDad77 folded before Flop (didn't bet)
Seat 3: Dorex2007 (button) folded before Flop (didn't bet)
Seat 4: goran1964 (small blind) folded on the Flop
Seat 5: zzzz446 (big blind) collected ($0.10)
Seat 6: Maria1995587 folded before Flop (didn't bet)
Seat 7: pilxx folded before Flop (didn't bet)
Seat 8: an7co folded before Flop (didn't bet)
Seat 9: Tony Rome180 folded before Flop (didn't bet)



