PokerStars Hand #223596935747:  Hold'em No Limit ($0.01/$0.02 USD) - 2021/02/08 18:55:19 PT [2021/02/08 21:55:19 ET]
Table 'Cassini II' 9-max Seat #4 is the button
Seat 2: SimoneDeBeef ($0.92 in chips) 
Seat 3: Dorex2007 ($1.50 in chips) 
Seat 4: CdnBassist ($1.82 in chips) 
Seat 5: *1974N0B ($3.54 in chips) 
Seat 6: TheBearJew1991 ($2.08 in chips) 
Seat 7: themarfs ($2.96 in chips) 
Seat 8: Sir McGuy ($2.70 in chips) 
Seat 9: demon2982 ($1.44 in chips) 
*1974N0B: posts small blind $0.01
TheBearJew1991: posts big blind $0.02
pat57132: sits out 
Dorex2007: posts big blind $0.02
*** HOLE CARDS ***
Dealt to Dorex2007 [Th 4s]
themarfs: folds 
Sir McGuy: folds 
demon2982: folds 
SimoneDeBeef: folds 
Dorex2007: checks 
CdnBassist: folds 
*1974N0B: calls $0.01
TheBearJew1991: checks 
*** FLOP *** [4h Ts 7c]
*1974N0B: checks 
TheBearJew1991: bets $0.04
Dorex2007: calls $0.04
*1974N0B: folds 
*** TURN *** [4h Ts 7c] [2h]
TheBearJew1991: bets $0.04
SimoneDeBeef leaves the table
Dorex2007: raises $0.10 to $0.14
TheBearJew1991: calls $0.10
*** RIVER *** [4h Ts 7c 2h] [Js]
TheBearJew1991: checks 
Dorex2007: bets $0.41
TheBearJew1991: calls $0.41
*** SHOW DOWN ***
Dorex2007: shows [Th 4s] (two pair, Tens and Fours)
TheBearJew1991: shows [Td 7d] (two pair, Tens and Sevens)
TheBearJew1991 collected $1.20 from pot
*** SUMMARY ***
Total pot $1.24 | Rake $0.04 
Board [4h Ts 7c 2h Js]
Seat 2: SimoneDeBeef folded before Flop (didn't bet)
Seat 3: Dorex2007 showed [Th 4s] and lost with two pair, Tens and Fours
Seat 4: CdnBassist (button) folded before Flop (didn't bet)
Seat 5: *1974N0B (small blind) folded on the Flop
Seat 6: TheBearJew1991 (big blind) showed [Td 7d] and won ($1.20) with two pair, Tens and Sevens
Seat 7: themarfs folded before Flop (didn't bet)
Seat 8: Sir McGuy folded before Flop (didn't bet)
Seat 9: demon2982 folded before Flop (didn't bet)



PokerStars Hand #223596947908:  Hold'em No Limit ($0.01/$0.02 USD) - 2021/02/08 18:56:11 PT [2021/02/08 21:56:11 ET]
Table 'Cassini II' 9-max Seat #5 is the button
Seat 3: Dorex2007 ($0.89 in chips) 
Seat 4: CdnBassist ($1.82 in chips) 
Seat 5: *1974N0B ($3.52 in chips) 
Seat 6: TheBearJew1991 ($2.67 in chips) 
Seat 7: themarfs ($2.96 in chips) 
Seat 8: Sir McGuy ($2.70 in chips) 
Seat 9: demon2982 ($1.44 in chips) 
TheBearJew1991: posts small blind $0.01
themarfs: posts big blind $0.02
pat57132: sits out 
*** HOLE CARDS ***
Dealt to Dorex2007 [6s 4s]
Sir McGuy: raises $0.04 to $0.06
demon2982: folds 
Dorex2007: folds 
CdnBassist: calls $0.06
*1974N0B: calls $0.06
TheBearJew1991: calls $0.05
themarfs: folds 
*** FLOP *** [2c 7h Ah]
trinche12 joins the table at seat #2 
TheBearJew1991: bets $0.02
Sir McGuy: raises $0.12 to $0.14
CdnBassist: folds 
*1974N0B: calls $0.14
TheBearJew1991: folds 
*** TURN *** [2c 7h Ah] [5c]
Sir McGuy: checks 
*1974N0B: bets $0.10
Sir McGuy: calls $0.10
*** RIVER *** [2c 7h Ah 5c] [4c]
Sir McGuy: checks 
*1974N0B: checks 
*** SHOW DOWN ***
Sir McGuy: shows [Ad Tc] (a pair of Aces)
*1974N0B: mucks hand 
Sir McGuy collected $0.73 from pot
*** SUMMARY ***
Total pot $0.76 | Rake $0.03 
Board [2c 7h Ah 5c 4c]
Seat 3: Dorex2007 folded before Flop (didn't bet)
Seat 4: CdnBassist folded on the Flop
Seat 5: *1974N0B (button) mucked [Jh Qh]
Seat 6: TheBearJew1991 (small blind) folded on the Flop
Seat 7: themarfs (big blind) folded before Flop
Seat 8: Sir McGuy showed [Ad Tc] and won ($0.73) with a pair of Aces
Seat 9: demon2982 folded before Flop (didn't bet)



PokerStars Hand #223596958888:  Hold'em No Limit ($0.01/$0.02 USD) - 2021/02/08 18:56:58 PT [2021/02/08 21:56:58 ET]
Table 'Cassini II' 9-max Seat #6 is the button
Seat 3: Dorex2007 ($1.50 in chips) 
Seat 4: CdnBassist ($1.76 in chips) 
Seat 5: *1974N0B ($3.22 in chips) 
Seat 6: TheBearJew1991 ($2.59 in chips) 
Seat 7: themarfs ($2.94 in chips) 
Seat 8: Sir McGuy ($3.13 in chips) 
Seat 9: demon2982 ($1.44 in chips) 
themarfs: posts small blind $0.01
Sir McGuy: posts big blind $0.02
pat57132: sits out 
trinche12: sits out 
*** HOLE CARDS ***
Dealt to Dorex2007 [Ah Jc]
demon2982: folds 
Dorex2007: calls $0.02
CdnBassist: folds 
*1974N0B: folds 
TheBearJew1991: folds 
themarfs: folds 
Sir McGuy: checks 
*** FLOP *** [6s Ad 3h]
Sir McGuy: checks 
Dorex2007: bets $0.05
Sir McGuy: calls $0.05
*** TURN *** [6s Ad 3h] [Qc]
Sir McGuy: checks 
Dorex2007: bets $0.14
Sir McGuy: folds 
Uncalled bet ($0.14) returned to Dorex2007
Dorex2007 collected $0.14 from pot
Dorex2007: doesn't show hand 
*** SUMMARY ***
Total pot $0.15 | Rake $0.01 
Board [6s Ad 3h Qc]
Seat 3: Dorex2007 collected ($0.14)
Seat 4: CdnBassist folded before Flop (didn't bet)
Seat 5: *1974N0B folded before Flop (didn't bet)
Seat 6: TheBearJew1991 (button) folded before Flop (didn't bet)
Seat 7: themarfs (small blind) folded before Flop
Seat 8: Sir McGuy (big blind) folded on the Turn
Seat 9: demon2982 folded before Flop (didn't bet)



PokerStars Hand #223596965116:  Hold'em No Limit ($0.01/$0.02 USD) - 2021/02/08 18:57:25 PT [2021/02/08 21:57:25 ET]
Table 'Cassini II' 9-max Seat #7 is the button
Seat 3: Dorex2007 ($1.57 in chips) 
Seat 4: CdnBassist ($1.76 in chips) 
Seat 5: *1974N0B ($3.22 in chips) 
Seat 6: TheBearJew1991 ($2.59 in chips) 
Seat 7: themarfs ($2.93 in chips) 
Seat 8: Sir McGuy ($3.06 in chips) 
Seat 9: demon2982 ($1.44 in chips) 
Sir McGuy: posts small blind $0.01
demon2982: posts big blind $0.02
pat57132: sits out 
trinche12: sits out 
*** HOLE CARDS ***
Dealt to Dorex2007 [3h 6d]
Dorex2007: folds 
CdnBassist: folds 
*1974N0B: folds 
TheBearJew1991: calls $0.02
themarfs: folds 
Sir McGuy: folds 
demon2982: checks 
*** FLOP *** [Tc 7c Ts]
demon2982: checks 
TheBearJew1991: checks 
*** TURN *** [Tc 7c Ts] [Td]
demon2982: checks 
TheBearJew1991: bets $0.02
demon2982: folds 
Uncalled bet ($0.02) returned to TheBearJew1991
TheBearJew1991 collected $0.05 from pot
TheBearJew1991: doesn't show hand 
*** SUMMARY ***
Total pot $0.05 | Rake $0 
Board [Tc 7c Ts Td]
Seat 3: Dorex2007 folded before Flop (didn't bet)
Seat 4: CdnBassist folded before Flop (didn't bet)
Seat 5: *1974N0B folded before Flop (didn't bet)
Seat 6: TheBearJew1991 collected ($0.05)
Seat 7: themarfs (button) folded before Flop (didn't bet)
Seat 8: Sir McGuy (small blind) folded before Flop
Seat 9: demon2982 (big blind) folded on the Turn



PokerStars Hand #223596972568:  Hold'em No Limit ($0.01/$0.02 USD) - 2021/02/08 18:57:57 PT [2021/02/08 21:57:57 ET]
Table 'Cassini II' 9-max Seat #8 is the button
Seat 1: pat57132 ($2 in chips) 
Seat 3: Dorex2007 ($1.57 in chips) 
Seat 4: CdnBassist ($1.76 in chips) 
Seat 5: *1974N0B ($3.22 in chips) 
Seat 6: TheBearJew1991 ($2.62 in chips) 
Seat 7: themarfs ($2.93 in chips) 
Seat 8: Sir McGuy ($3.05 in chips) 
Seat 9: demon2982 ($1.42 in chips) 
demon2982: posts small blind $0.01
pat57132: posts big blind $0.02
trinche12: sits out 
*** HOLE CARDS ***
Dealt to Dorex2007 [Kh Jh]
Dorex2007: raises $0.02 to $0.04
CdnBassist: folds 
*1974N0B: folds 
TheBearJew1991: calls $0.04
themarfs: folds 
Sir McGuy: calls $0.04
demon2982: folds 
pat57132: raises $0.17 to $0.21
Dorex2007: folds 
TheBearJew1991: folds 
Sir McGuy: calls $0.17
*** FLOP *** [Qs 6s 6c]
pat57132: bets $0.28
Sir McGuy: folds 
Uncalled bet ($0.28) returned to pat57132
pat57132 collected $0.49 from pot
*** SUMMARY ***
Total pot $0.51 | Rake $0.02 
Board [Qs 6s 6c]
Seat 1: pat57132 (big blind) collected ($0.49)
Seat 3: Dorex2007 folded before Flop
Seat 4: CdnBassist folded before Flop (didn't bet)
Seat 5: *1974N0B folded before Flop (didn't bet)
Seat 6: TheBearJew1991 folded before Flop
Seat 7: themarfs folded before Flop (didn't bet)
Seat 8: Sir McGuy (button) folded on the Flop
Seat 9: demon2982 (small blind) folded before Flop



PokerStars Hand #223596984081:  Hold'em No Limit ($0.01/$0.02 USD) - 2021/02/08 18:58:46 PT [2021/02/08 21:58:46 ET]
Table 'Cassini II' 9-max Seat #9 is the button
Seat 1: pat57132 ($2.28 in chips) 
Seat 2: trinche12 ($2 in chips) 
Seat 3: Dorex2007 ($1.53 in chips) 
Seat 4: CdnBassist ($1.76 in chips) 
Seat 5: *1974N0B ($3.22 in chips) 
Seat 6: TheBearJew1991 ($2.58 in chips) 
Seat 7: themarfs ($2.93 in chips) 
Seat 8: Sir McGuy ($2.84 in chips) 
Seat 9: demon2982 ($1.41 in chips) 
pat57132: posts small blind $0.01
trinche12: posts big blind $0.02
*** HOLE CARDS ***
Dealt to Dorex2007 [4d 8s]
Dorex2007: folds 
CdnBassist: raises $0.04 to $0.06
*1974N0B: folds 
TheBearJew1991: calls $0.06
themarfs: folds 
Sir McGuy: folds 
demon2982: folds 
pat57132: raises $0.10 to $0.16
trinche12: folds 
CdnBassist: calls $0.10
TheBearJew1991: folds 
*** FLOP *** [5d Kc Kh]
pat57132: bets $0.17
CdnBassist: folds 
Uncalled bet ($0.17) returned to pat57132
pat57132 collected $0.39 from pot
*** SUMMARY ***
Total pot $0.40 | Rake $0.01 
Board [5d Kc Kh]
Seat 1: pat57132 (small blind) collected ($0.39)
Seat 2: trinche12 (big blind) folded before Flop
Seat 3: Dorex2007 folded before Flop (didn't bet)
Seat 4: CdnBassist folded on the Flop
Seat 5: *1974N0B folded before Flop (didn't bet)
Seat 6: TheBearJew1991 folded before Flop
Seat 7: themarfs folded before Flop (didn't bet)
Seat 8: Sir McGuy folded before Flop (didn't bet)
Seat 9: demon2982 (button) folded before Flop (didn't bet)



PokerStars Hand #223596996803:  Hold'em No Limit ($0.01/$0.02 USD) - 2021/02/08 18:59:41 PT [2021/02/08 21:59:41 ET]
Table 'Cassini II' 9-max Seat #1 is the button
Seat 1: pat57132 ($2.51 in chips) 
Seat 2: trinche12 ($2 in chips) 
Seat 3: Dorex2007 ($1.53 in chips) 
Seat 4: CdnBassist ($1.60 in chips) 
Seat 5: *1974N0B ($3.22 in chips) 
Seat 6: TheBearJew1991 ($2.52 in chips) 
Seat 7: themarfs ($2.93 in chips) 
Seat 8: Sir McGuy ($2.84 in chips) 
Seat 9: demon2982 ($1.41 in chips) 
trinche12: posts small blind $0.01
Dorex2007: posts big blind $0.02
*** HOLE CARDS ***
Dealt to Dorex2007 [6c Qh]
CdnBassist: folds 
*1974N0B: folds 
TheBearJew1991: folds 
themarfs: folds 
Sir McGuy: raises $0.04 to $0.06
demon2982: folds 
demon2982 leaves the table
pat57132: folds 
trinche12: folds 
Dorex2007: folds 
Uncalled bet ($0.04) returned to Sir McGuy
Sir McGuy collected $0.05 from pot
Sir McGuy: doesn't show hand 
*** SUMMARY ***
Total pot $0.05 | Rake $0 
Seat 1: pat57132 (button) folded before Flop (didn't bet)
Seat 2: trinche12 (small blind) folded before Flop
Seat 3: Dorex2007 (big blind) folded before Flop
Seat 4: CdnBassist folded before Flop (didn't bet)
Seat 5: *1974N0B folded before Flop (didn't bet)
Seat 6: TheBearJew1991 folded before Flop (didn't bet)
Seat 7: themarfs folded before Flop (didn't bet)
Seat 8: Sir McGuy collected ($0.05)
Seat 9: demon2982 folded before Flop (didn't bet)



PokerStars Hand #223597004196:  Hold'em No Limit ($0.01/$0.02 USD) - 2021/02/08 19:00:13 PT [2021/02/08 22:00:13 ET]
Table 'Cassini II' 9-max Seat #2 is the button
Seat 1: pat57132 ($2.51 in chips) 
Seat 2: trinche12 ($2 in chips) 
Seat 3: Dorex2007 ($1.51 in chips) 
Seat 4: CdnBassist ($1.60 in chips) 
Seat 5: *1974N0B ($3.22 in chips) 
Seat 6: TheBearJew1991 ($2.52 in chips) 
Seat 7: themarfs ($2.93 in chips) 
Seat 8: Sir McGuy ($2.87 in chips) 
Dorex2007: posts small blind $0.01
CdnBassist: posts big blind $0.02
*** HOLE CARDS ***
Dealt to Dorex2007 [2s Jh]
*1974N0B: folds 
TheBearJew1991: folds 
themarfs: folds 
cberto09 joins the table at seat #9 
Sir McGuy: folds 
pat57132: folds 
trinche12: raises $0.04 to $0.06
Dorex2007: folds 
CdnBassist: calls $0.04
*** FLOP *** [4d Ac 3c]
CdnBassist: checks 
trinche12: checks 
*** TURN *** [4d Ac 3c] [9d]
CdnBassist: bets $0.06
trinche12: folds 
Uncalled bet ($0.06) returned to CdnBassist
CdnBassist collected $0.13 from pot
*** SUMMARY ***
Total pot $0.13 | Rake $0 
Board [4d Ac 3c 9d]
Seat 1: pat57132 folded before Flop (didn't bet)
Seat 2: trinche12 (button) folded on the Turn
Seat 3: Dorex2007 (small blind) folded before Flop
Seat 4: CdnBassist (big blind) collected ($0.13)
Seat 5: *1974N0B folded before Flop (didn't bet)
Seat 6: TheBearJew1991 folded before Flop (didn't bet)
Seat 7: themarfs folded before Flop (didn't bet)
Seat 8: Sir McGuy folded before Flop (didn't bet)



PokerStars Hand #223597015523:  Hold'em No Limit ($0.01/$0.02 USD) - 2021/02/08 19:00:57 PT [2021/02/08 22:00:57 ET]
Table 'Cassini II' 9-max Seat #3 is the button
Seat 1: pat57132 ($2.51 in chips) 
Seat 2: trinche12 ($2 in chips) 
Seat 3: Dorex2007 ($1.50 in chips) 
Seat 4: CdnBassist ($1.67 in chips) 
Seat 5: *1974N0B ($3.22 in chips) 
Seat 6: TheBearJew1991 ($2.52 in chips) 
Seat 7: themarfs ($2.93 in chips) 
Seat 8: Sir McGuy ($2.87 in chips) 
CdnBassist: posts small blind $0.01
*1974N0B: posts big blind $0.02
cberto09: sits out 
*** HOLE CARDS ***
Dealt to Dorex2007 [Jc Kd]
TheBearJew1991: calls $0.02
themarfs: folds 
Sir McGuy: folds 
pat57132: raises $0.07 to $0.09
trinche12: folds 
Dorex2007: folds 
CdnBassist: folds 
*1974N0B: folds 
TheBearJew1991: calls $0.07
*** FLOP *** [2d 2c Ah]
TheBearJew1991: checks 
pat57132: checks 
*** TURN *** [2d 2c Ah] [7h]
TheBearJew1991: bets $0.04
pat57132: calls $0.04
*** RIVER *** [2d 2c Ah 7h] [6h]
TheBearJew1991: checks 
pat57132: bets $0.14
TheBearJew1991: raises $0.14 to $0.28
pat57132: calls $0.14
*** SHOW DOWN ***
TheBearJew1991: shows [Th Jh] (a flush, Ace high)
pat57132: mucks hand 
TheBearJew1991 collected $0.82 from pot
*** SUMMARY ***
Total pot $0.85 | Rake $0.03 
Board [2d 2c Ah 7h 6h]
Seat 1: pat57132 mucked [Qh Qc]
Seat 2: trinche12 folded before Flop (didn't bet)
Seat 3: Dorex2007 (button) folded before Flop (didn't bet)
Seat 4: CdnBassist (small blind) folded before Flop
Seat 5: *1974N0B (big blind) folded before Flop
Seat 6: TheBearJew1991 showed [Th Jh] and won ($0.82) with a flush, Ace high
Seat 7: themarfs folded before Flop (didn't bet)
Seat 8: Sir McGuy folded before Flop (didn't bet)



PokerStars Hand #223597032674:  Hold'em No Limit ($0.01/$0.02 USD) - 2021/02/08 19:01:57 PT [2021/02/08 22:01:57 ET]
Table 'Cassini II' 9-max Seat #4 is the button
Seat 1: pat57132 ($2.10 in chips) 
Seat 2: trinche12 ($2 in chips) 
Seat 3: Dorex2007 ($1.50 in chips) 
Seat 4: CdnBassist ($1.66 in chips) 
Seat 5: *1974N0B ($3.20 in chips) 
Seat 6: TheBearJew1991 ($2.93 in chips) 
Seat 7: themarfs ($2.93 in chips) 
Seat 8: Sir McGuy ($2.87 in chips) 
*1974N0B: posts small blind $0.01
TheBearJew1991: posts big blind $0.02
cberto09: sits out 
*** HOLE CARDS ***
Dealt to Dorex2007 [9c Ad]
themarfs: folds 
Sir McGuy: raises $0.04 to $0.06
pat57132: folds 
trinche12: folds 
Dorex2007: calls $0.06
CdnBassist: raises $0.21 to $0.27
*1974N0B: folds 
TheBearJew1991: folds 
Sir McGuy: folds 
Dorex2007: folds 
Uncalled bet ($0.21) returned to CdnBassist
CdnBassist collected $0.21 from pot
*** SUMMARY ***
Total pot $0.21 | Rake $0 
Seat 1: pat57132 folded before Flop (didn't bet)
Seat 2: trinche12 folded before Flop (didn't bet)
Seat 3: Dorex2007 folded before Flop
Seat 4: CdnBassist (button) collected ($0.21)
Seat 5: *1974N0B (small blind) folded before Flop
Seat 6: TheBearJew1991 (big blind) folded before Flop
Seat 7: themarfs folded before Flop (didn't bet)
Seat 8: Sir McGuy folded before Flop



PokerStars Hand #223597045049:  Hold'em No Limit ($0.01/$0.02 USD) - 2021/02/08 19:02:40 PT [2021/02/08 22:02:40 ET]
Table 'Cassini II' 9-max Seat #5 is the button
Seat 1: pat57132 ($2.10 in chips) 
Seat 2: trinche12 ($2 in chips) 
Seat 3: Dorex2007 ($1.44 in chips) 
Seat 4: CdnBassist ($1.81 in chips) 
Seat 5: *1974N0B ($3.19 in chips) 
Seat 6: TheBearJew1991 ($2.91 in chips) 
Seat 7: themarfs ($2.93 in chips) 
Seat 8: Sir McGuy ($2.81 in chips) 
TheBearJew1991: posts small blind $0.01
themarfs: posts big blind $0.02
cberto09: sits out 
*** HOLE CARDS ***
Dealt to Dorex2007 [2s 7s]
Sir McGuy: raises $0.02 to $0.04
pat57132: folds 
trinche12: folds 
Dorex2007: folds 
CdnBassist: folds 
*1974N0B: folds 
TheBearJew1991: folds 
themarfs: folds 
Uncalled bet ($0.02) returned to Sir McGuy
Sir McGuy collected $0.05 from pot
Sir McGuy: doesn't show hand 
*** SUMMARY ***
Total pot $0.05 | Rake $0 
Seat 1: pat57132 folded before Flop (didn't bet)
Seat 2: trinche12 folded before Flop (didn't bet)
Seat 3: Dorex2007 folded before Flop (didn't bet)
Seat 4: CdnBassist folded before Flop (didn't bet)
Seat 5: *1974N0B (button) folded before Flop (didn't bet)
Seat 6: TheBearJew1991 (small blind) folded before Flop
Seat 7: themarfs (big blind) folded before Flop
Seat 8: Sir McGuy collected ($0.05)



PokerStars Hand #223597052852:  Hold'em No Limit ($0.01/$0.02 USD) - 2021/02/08 19:03:06 PT [2021/02/08 22:03:06 ET]
Table 'Cassini II' 9-max Seat #6 is the button
Seat 1: pat57132 ($2.10 in chips) 
Seat 2: trinche12 ($2 in chips) 
Seat 3: Dorex2007 ($1.44 in chips) 
Seat 4: CdnBassist ($1.81 in chips) 
Seat 5: *1974N0B ($3.19 in chips) 
Seat 6: TheBearJew1991 ($2.90 in chips) 
Seat 7: themarfs ($2.91 in chips) 
Seat 8: Sir McGuy ($2.84 in chips) 
themarfs: posts small blind $0.01
Sir McGuy: posts big blind $0.02
cberto09: sits out 
*** HOLE CARDS ***
Dealt to Dorex2007 [7h 3s]
pat57132: folds 
trinche12: folds 
Dorex2007: folds 
CdnBassist: folds 
*1974N0B: folds 
TheBearJew1991: folds 
themarfs: folds 
Uncalled bet ($0.01) returned to Sir McGuy
Sir McGuy collected $0.02 from pot
Sir McGuy: doesn't show hand 
*** SUMMARY ***
Total pot $0.02 | Rake $0 
Seat 1: pat57132 folded before Flop (didn't bet)
Seat 2: trinche12 folded before Flop (didn't bet)
Seat 3: Dorex2007 folded before Flop (didn't bet)
Seat 4: CdnBassist folded before Flop (didn't bet)
Seat 5: *1974N0B folded before Flop (didn't bet)
Seat 6: TheBearJew1991 (button) folded before Flop (didn't bet)
Seat 7: themarfs (small blind) folded before Flop
Seat 8: Sir McGuy (big blind) collected ($0.02)



PokerStars Hand #223597060229:  Hold'em No Limit ($0.01/$0.02 USD) - 2021/02/08 19:03:31 PT [2021/02/08 22:03:31 ET]
Table 'Cassini II' 9-max Seat #7 is the button
Seat 1: pat57132 ($2.10 in chips) 
Seat 2: trinche12 ($2 in chips) 
Seat 3: Dorex2007 ($1.44 in chips) 
Seat 4: CdnBassist ($1.81 in chips) 
Seat 5: *1974N0B ($3.19 in chips) 
Seat 6: TheBearJew1991 ($2.90 in chips) 
Seat 7: themarfs ($2.90 in chips) 
Seat 8: Sir McGuy ($2.85 in chips) 
Seat 9: cberto09 ($2 in chips) 
Sir McGuy: posts small blind $0.01
cberto09: posts big blind $0.02
*** HOLE CARDS ***
Dealt to Dorex2007 [6c 3s]
pat57132: folds 
trinche12: raises $0.06 to $0.08
Dorex2007: folds 
CdnBassist: folds 
*1974N0B: folds 
TheBearJew1991: folds 
TheBearJew1991 leaves the table
themarfs: folds 
Sir McGuy: folds 
cberto09: folds 
Uncalled bet ($0.06) returned to trinche12
Sir McGuy leaves the table
trinche12 collected $0.05 from pot
trinche12: doesn't show hand 
*** SUMMARY ***
Total pot $0.05 | Rake $0 
Seat 1: pat57132 folded before Flop (didn't bet)
Seat 2: trinche12 collected ($0.05)
Seat 3: Dorex2007 folded before Flop (didn't bet)
Seat 4: CdnBassist folded before Flop (didn't bet)
Seat 5: *1974N0B folded before Flop (didn't bet)
Seat 6: TheBearJew1991 folded before Flop (didn't bet)
Seat 7: themarfs (button) folded before Flop (didn't bet)
Seat 8: Sir McGuy (small blind) folded before Flop
Seat 9: cberto09 (big blind) folded before Flop



PokerStars Hand #223597068441:  Hold'em No Limit ($0.01/$0.02 USD) - 2021/02/08 19:04:00 PT [2021/02/08 22:04:00 ET]
Table 'Cassini II' 9-max Seat #9 is the button
Seat 1: pat57132 ($2.10 in chips) 
Seat 2: trinche12 ($2.03 in chips) 
Seat 3: Dorex2007 ($1.44 in chips) 
Seat 4: CdnBassist ($1.81 in chips) 
Seat 5: *1974N0B ($3.19 in chips) 
Seat 7: themarfs ($2.90 in chips) 
Seat 9: cberto09 ($2 in chips) 
pat57132: posts small blind $0.01
trinche12: posts big blind $0.02
*** HOLE CARDS ***
Dealt to Dorex2007 [6s Kh]
Dorex2007: folds 
CdnBassist: folds 
*1974N0B: folds 
themarfs: folds 
cberto09: folds 
pat57132: folds 
Uncalled bet ($0.01) returned to trinche12
trinche12 collected $0.02 from pot
trinche12: doesn't show hand 
*** SUMMARY ***
Total pot $0.02 | Rake $0 
Seat 1: pat57132 (small blind) folded before Flop
Seat 2: trinche12 (big blind) collected ($0.02)
Seat 3: Dorex2007 folded before Flop (didn't bet)
Seat 4: CdnBassist folded before Flop (didn't bet)
Seat 5: *1974N0B folded before Flop (didn't bet)
Seat 7: themarfs folded before Flop (didn't bet)
Seat 9: cberto09 (button) folded before Flop (didn't bet)



PokerStars Hand #223597074740:  Hold'em No Limit ($0.01/$0.02 USD) - 2021/02/08 19:04:21 PT [2021/02/08 22:04:21 ET]
Table 'Cassini II' 9-max Seat #1 is the button
Seat 1: pat57132 ($2.09 in chips) 
Seat 2: trinche12 ($2.04 in chips) 
Seat 3: Dorex2007 ($1.44 in chips) 
Seat 4: CdnBassist ($1.81 in chips) 
Seat 5: *1974N0B ($3.19 in chips) 
Seat 7: themarfs ($2.90 in chips) 
Seat 9: cberto09 ($2 in chips) 
trinche12: posts small blind $0.01
Dorex2007: posts big blind $0.02
*** HOLE CARDS ***
Dealt to Dorex2007 [Kh Jh]
CdnBassist: folds 
*1974N0B: folds 
themarfs: folds 
cberto09: folds 
pat57132: folds 
trinche12: folds 
Uncalled bet ($0.01) returned to Dorex2007
Dorex2007 collected $0.02 from pot
Dorex2007: doesn't show hand 
*** SUMMARY ***
Total pot $0.02 | Rake $0 
Seat 1: pat57132 (button) folded before Flop (didn't bet)
Seat 2: trinche12 (small blind) folded before Flop
Seat 3: Dorex2007 (big blind) collected ($0.02)
Seat 4: CdnBassist folded before Flop (didn't bet)
Seat 5: *1974N0B folded before Flop (didn't bet)
Seat 7: themarfs folded before Flop (didn't bet)
Seat 9: cberto09 folded before Flop (didn't bet)



PokerStars Hand #223597080332:  Hold'em No Limit ($0.01/$0.02 USD) - 2021/02/08 19:04:40 PT [2021/02/08 22:04:40 ET]
Table 'Cassini II' 9-max Seat #2 is the button
Seat 1: pat57132 ($2.09 in chips) 
Seat 2: trinche12 ($2.03 in chips) 
Seat 3: Dorex2007 ($1.45 in chips) 
Seat 4: CdnBassist ($1.81 in chips) 
Seat 5: *1974N0B ($3.19 in chips) 
Seat 7: themarfs ($2.90 in chips) 
Seat 9: cberto09 ($2 in chips) 
Dorex2007: posts small blind $0.01
CdnBassist: posts big blind $0.02
*** HOLE CARDS ***
Dealt to Dorex2007 [Ks 5c]
*1974N0B: folds 
themarfs: folds 
cberto09: folds 
pat57132: raises $0.04 to $0.06
trinche12: raises $0.16 to $0.22
Dorex2007: folds 
CdnBassist: folds 
pat57132: folds 
Uncalled bet ($0.16) returned to trinche12
trinche12 collected $0.15 from pot
trinche12: doesn't show hand 
*** SUMMARY ***
Total pot $0.15 | Rake $0 
Seat 1: pat57132 folded before Flop
Seat 2: trinche12 (button) collected ($0.15)
Seat 3: Dorex2007 (small blind) folded before Flop
Seat 4: CdnBassist (big blind) folded before Flop
Seat 5: *1974N0B folded before Flop (didn't bet)
Seat 7: themarfs folded before Flop (didn't bet)
Seat 9: cberto09 folded before Flop (didn't bet)



PokerStars Hand #223597093249:  Hold'em No Limit ($0.01/$0.02 USD) - 2021/02/08 19:05:22 PT [2021/02/08 22:05:22 ET]
Table 'Cassini II' 9-max Seat #3 is the button
Seat 1: pat57132 ($2.03 in chips) 
Seat 2: trinche12 ($2.12 in chips) 
Seat 3: Dorex2007 ($1.44 in chips) 
Seat 4: CdnBassist ($1.79 in chips) 
Seat 5: *1974N0B ($3.19 in chips) 
Seat 7: themarfs ($2.90 in chips) 
Seat 9: cberto09 ($2 in chips) 
CdnBassist: posts small blind $0.01
*1974N0B: posts big blind $0.02
*** HOLE CARDS ***
Dealt to Dorex2007 [Jh 8d]
themarfs: folds 
cberto09: folds 
pat57132: raises $0.04 to $0.06
trinche12: folds 
Dorex2007: calls $0.06
CdnBassist: folds 
*1974N0B: calls $0.04
*** FLOP *** [Ad 9c 5c]
*1974N0B: checks 
pat57132: bets $0.09
Dorex2007: folds 
*1974N0B: folds 
Uncalled bet ($0.09) returned to pat57132
pat57132 collected $0.18 from pot
*** SUMMARY ***
Total pot $0.19 | Rake $0.01 
Board [Ad 9c 5c]
Seat 1: pat57132 collected ($0.18)
Seat 2: trinche12 folded before Flop (didn't bet)
Seat 3: Dorex2007 (button) folded on the Flop
Seat 4: CdnBassist (small blind) folded before Flop
Seat 5: *1974N0B (big blind) folded on the Flop
Seat 7: themarfs folded before Flop (didn't bet)
Seat 9: cberto09 folded before Flop (didn't bet)



PokerStars Hand #223597112633:  Hold'em No Limit ($0.01/$0.02 USD) - 2021/02/08 19:06:08 PT [2021/02/08 22:06:08 ET]
Table 'Cassini II' 9-max Seat #4 is the button
Seat 1: pat57132 ($2.15 in chips) 
Seat 2: trinche12 ($2.12 in chips) 
Seat 3: Dorex2007 ($1.38 in chips) 
Seat 4: CdnBassist ($1.78 in chips) 
Seat 5: *1974N0B ($3.13 in chips) 
Seat 7: themarfs ($2.90 in chips) 
Seat 9: cberto09 ($2 in chips) 
*1974N0B: posts small blind $0.01
themarfs: posts big blind $0.02
*** HOLE CARDS ***
Dealt to Dorex2007 [7s 7c]
Nesju57 joins the table at seat #8 
cberto09: folds 
pat57132: raises $0.04 to $0.06
trinche12: folds 
Dorex2007: calls $0.06
CdnBassist: calls $0.06
*1974N0B: folds 
themarfs: folds 
*** FLOP *** [5c 5h Js]
pat57132: checks 
YanoTurtle joins the table at seat #6 
Dorex2007: bets $0.20
CdnBassist: folds 
pat57132: calls $0.20
*** TURN *** [5c 5h Js] [9h]
pat57132: checks 
Dorex2007: checks 
*** RIVER *** [5c 5h Js 9h] [3d]
pat57132: bets $0.22
Dorex2007: raises $0.42 to $0.64
pat57132: calls $0.42
*** SHOW DOWN ***
Dorex2007: shows [7s 7c] (two pair, Sevens and Fives)
pat57132: shows [Jd Td] (two pair, Jacks and Fives)
pat57132 collected $1.82 from pot
*** SUMMARY ***
Total pot $1.89 | Rake $0.07 
Board [5c 5h Js 9h 3d]
Seat 1: pat57132 showed [Jd Td] and won ($1.82) with two pair, Jacks and Fives
Seat 2: trinche12 folded before Flop (didn't bet)
Seat 3: Dorex2007 showed [7s 7c] and lost with two pair, Sevens and Fives
Seat 4: CdnBassist (button) folded on the Flop
Seat 5: *1974N0B (small blind) folded before Flop
Seat 7: themarfs (big blind) folded before Flop
Seat 9: cberto09 folded before Flop (didn't bet)



PokerStars Hand #223597135081:  Hold'em No Limit ($0.01/$0.02 USD) - 2021/02/08 19:07:25 PT [2021/02/08 22:07:25 ET]
Table 'Cassini II' 9-max Seat #5 is the button
Seat 1: pat57132 ($3.07 in chips) 
Seat 2: trinche12 ($2.12 in chips) 
Seat 3: Dorex2007 ($0.48 in chips) 
Seat 4: CdnBassist ($1.72 in chips) 
Seat 5: *1974N0B ($3.12 in chips) 
Seat 7: themarfs ($2.88 in chips) 
Seat 8: Nesju57 ($1.60 in chips) 
Seat 9: cberto09 ($2 in chips) 
themarfs: posts small blind $0.01
Nesju57: posts big blind $0.02
*** HOLE CARDS ***
Dealt to Dorex2007 [Jc 6h]
cberto09: raises $0.05 to $0.07
pat57132: calls $0.07
trinche12: folds 
Dorex2007: folds 
CdnBassist: calls $0.07
*1974N0B: folds 
themarfs: folds 
Nesju57: calls $0.05
*** FLOP *** [5s Qc 7h]
Nesju57: checks 
cberto09: bets $0.16
pat57132: folds 
CdnBassist: folds 
Nesju57: folds 
Uncalled bet ($0.16) returned to cberto09
cberto09 collected $0.28 from pot
cberto09: doesn't show hand 
*** SUMMARY ***
Total pot $0.29 | Rake $0.01 
Board [5s Qc 7h]
Seat 1: pat57132 folded on the Flop
Seat 2: trinche12 folded before Flop (didn't bet)
Seat 3: Dorex2007 folded before Flop (didn't bet)
Seat 4: CdnBassist folded on the Flop
Seat 5: *1974N0B (button) folded before Flop (didn't bet)
Seat 7: themarfs (small blind) folded before Flop
Seat 8: Nesju57 (big blind) folded on the Flop
Seat 9: cberto09 collected ($0.28)



PokerStars Hand #223597149437:  Hold'em No Limit ($0.01/$0.02 USD) - 2021/02/08 19:08:14 PT [2021/02/08 22:08:14 ET]
Table 'Cassini II' 9-max Seat #7 is the button
Seat 1: pat57132 ($3 in chips) 
Seat 2: trinche12 ($2.12 in chips) 
Seat 3: Dorex2007 ($1.50 in chips) 
Seat 4: CdnBassist ($1.65 in chips) 
Seat 5: *1974N0B ($3.12 in chips) 
Seat 6: YanoTurtle ($2 in chips) 
Seat 7: themarfs ($2.87 in chips) 
Seat 8: Nesju57 ($1.53 in chips) 
Seat 9: cberto09 ($2.21 in chips) 
Nesju57: posts small blind $0.01
cberto09: posts big blind $0.02
YanoTurtle: posts big blind $0.02
*** HOLE CARDS ***
Dealt to Dorex2007 [6d 6h]
pat57132: raises $0.07 to $0.09
trinche12: folds 
Dorex2007: folds 
CdnBassist: folds 
*1974N0B: folds 
YanoTurtle: calls $0.07
themarfs: raises $0.25 to $0.34
Nesju57: folds 
cberto09: folds 
pat57132: calls $0.25
YanoTurtle: folds 
*** FLOP *** [6c 4s 4d]
pat57132: checks 
themarfs: bets $0.39
*1974N0B leaves the table
pat57132: folds 
Uncalled bet ($0.39) returned to themarfs
themarfs collected $0.77 from pot
themarfs: doesn't show hand 
*** SUMMARY ***
Total pot $0.80 | Rake $0.03 
Board [6c 4s 4d]
Seat 1: pat57132 folded on the Flop
Seat 2: trinche12 folded before Flop (didn't bet)
Seat 3: Dorex2007 folded before Flop (didn't bet)
Seat 4: CdnBassist folded before Flop (didn't bet)
Seat 5: *1974N0B folded before Flop (didn't bet)
Seat 6: YanoTurtle folded before Flop
Seat 7: themarfs (button) collected ($0.77)
Seat 8: Nesju57 (small blind) folded before Flop
Seat 9: cberto09 (big blind) folded before Flop



PokerStars Hand #223597168664:  Hold'em No Limit ($0.01/$0.02 USD) - 2021/02/08 19:09:21 PT [2021/02/08 22:09:21 ET]
Table 'Cassini II' 9-max Seat #8 is the button
Seat 1: pat57132 ($2.66 in chips) 
Seat 2: trinche12 ($2.12 in chips) 
Seat 3: Dorex2007 ($1.50 in chips) 
Seat 4: CdnBassist ($1.65 in chips) 
Seat 6: YanoTurtle ($1.91 in chips) 
Seat 7: themarfs ($3.30 in chips) 
Seat 8: Nesju57 ($1.52 in chips) 
Seat 9: cberto09 ($2.19 in chips) 
cberto09: posts small blind $0.01
pat57132: posts big blind $0.02
*** HOLE CARDS ***
Dealt to Dorex2007 [Qs As]
trinche12: folds 
Dorex2007: raises $0.04 to $0.06
CdnBassist: folds 
YanoTurtle: calls $0.06
themarfs: folds 
Nesju57: folds 
cberto09: folds 
pat57132: folds 
*** FLOP *** [8h 3d Td]
Dorex2007: checks 
kio_kkk joins the table at seat #5 
YanoTurtle: bets $0.07
Dorex2007: calls $0.07
*** TURN *** [8h 3d Td] [2d]
Dorex2007: bets $0.28
YanoTurtle: calls $0.28
*** RIVER *** [8h 3d Td 2d] [Ad]
Dorex2007: bets $0.82
YanoTurtle: folds 
Uncalled bet ($0.82) returned to Dorex2007
Dorex2007 collected $0.82 from pot
Dorex2007: doesn't show hand 
*** SUMMARY ***
Total pot $0.85 | Rake $0.03 
Board [8h 3d Td 2d Ad]
Seat 1: pat57132 (big blind) folded before Flop
Seat 2: trinche12 folded before Flop (didn't bet)
Seat 3: Dorex2007 collected ($0.82)
Seat 4: CdnBassist folded before Flop (didn't bet)
Seat 6: YanoTurtle folded on the River
Seat 7: themarfs folded before Flop (didn't bet)
Seat 8: Nesju57 (button) folded before Flop (didn't bet)
Seat 9: cberto09 (small blind) folded before Flop



PokerStars Hand #223597191399:  Hold'em No Limit ($0.01/$0.02 USD) - 2021/02/08 19:10:38 PT [2021/02/08 22:10:38 ET]
Table 'Cassini II' 9-max Seat #9 is the button
Seat 1: pat57132 ($2.64 in chips) 
Seat 2: trinche12 ($2.12 in chips) 
Seat 3: Dorex2007 ($1.91 in chips) 
Seat 4: CdnBassist ($1.65 in chips) 
Seat 5: kio_kkk ($1.60 in chips) 
Seat 6: YanoTurtle ($1.50 in chips) 
Seat 7: themarfs ($3.30 in chips) 
Seat 8: Nesju57 ($1.52 in chips) 
Seat 9: cberto09 ($2.18 in chips) 
pat57132: posts small blind $0.01
trinche12: posts big blind $0.02
kio_kkk: posts big blind $0.02
*** HOLE CARDS ***
Dealt to Dorex2007 [4s Jh]
Dorex2007: folds 
CdnBassist: folds 
kio_kkk: checks 
YanoTurtle: folds 
themarfs: folds 
Nesju57: folds 
cberto09 has timed out
cberto09: folds 
pat57132: folds 
trinche12: checks 
*** FLOP *** [Ad Ts Ac]
trinche12: checks 
kio_kkk: checks 
*** TURN *** [Ad Ts Ac] [Kc]
trinche12: checks 
kio_kkk: bets $0.04
trinche12: calls $0.04
*** RIVER *** [Ad Ts Ac Kc] [3s]
trinche12: checks 
kio_kkk: bets $0.06
trinche12: folds 
Uncalled bet ($0.06) returned to kio_kkk
kio_kkk collected $0.13 from pot
kio_kkk: doesn't show hand 
*** SUMMARY ***
Total pot $0.13 | Rake $0 
Board [Ad Ts Ac Kc 3s]
Seat 1: pat57132 (small blind) folded before Flop
Seat 2: trinche12 (big blind) folded on the River
Seat 3: Dorex2007 folded before Flop (didn't bet)
Seat 4: CdnBassist folded before Flop (didn't bet)
Seat 5: kio_kkk collected ($0.13)
Seat 6: YanoTurtle folded before Flop (didn't bet)
Seat 7: themarfs folded before Flop (didn't bet)
Seat 8: Nesju57 folded before Flop (didn't bet)
Seat 9: cberto09 (button) folded before Flop (didn't bet)



PokerStars Hand #223597208147:  Hold'em No Limit ($0.01/$0.02 USD) - 2021/02/08 19:11:36 PT [2021/02/08 22:11:36 ET]
Table 'Cassini II' 9-max Seat #1 is the button
Seat 1: pat57132 ($2.63 in chips) 
Seat 2: trinche12 ($2.06 in chips) 
Seat 3: Dorex2007 ($1.91 in chips) 
Seat 4: CdnBassist ($1.65 in chips) 
Seat 5: kio_kkk ($1.67 in chips) 
Seat 6: YanoTurtle ($1.50 in chips) 
Seat 7: themarfs ($3.30 in chips) 
Seat 8: Nesju57 ($1.52 in chips) 
trinche12: posts small blind $0.01
Dorex2007: posts big blind $0.02
*** HOLE CARDS ***
Dealt to Dorex2007 [6h 7s]
CdnBassist: folds 
kio_kkk: folds 
YanoTurtle has timed out
YanoTurtle: folds 
themarfs: folds 
Nesju57: folds 
pat57132: raises $0.04 to $0.06
trinche12: folds 
Dorex2007: folds 
Uncalled bet ($0.04) returned to pat57132
pat57132 collected $0.05 from pot
*** SUMMARY ***
Total pot $0.05 | Rake $0 
Seat 1: pat57132 (button) collected ($0.05)
Seat 2: trinche12 (small blind) folded before Flop
Seat 3: Dorex2007 (big blind) folded before Flop
Seat 4: CdnBassist folded before Flop (didn't bet)
Seat 5: kio_kkk folded before Flop (didn't bet)
Seat 6: YanoTurtle folded before Flop (didn't bet)
Seat 7: themarfs folded before Flop (didn't bet)
Seat 8: Nesju57 folded before Flop (didn't bet)



PokerStars Hand #223597216692:  Hold'em No Limit ($0.01/$0.02 USD) - 2021/02/08 19:12:05 PT [2021/02/08 22:12:05 ET]
Table 'Cassini II' 9-max Seat #2 is the button
Seat 1: pat57132 ($2.66 in chips) 
Seat 2: trinche12 ($2.05 in chips) 
Seat 3: Dorex2007 ($1.89 in chips) 
Seat 4: CdnBassist ($1.65 in chips) 
Seat 5: kio_kkk ($1.67 in chips) 
Seat 6: YanoTurtle ($1.50 in chips) 
Seat 7: themarfs ($3.30 in chips) 
Seat 8: Nesju57 ($1.52 in chips) 
Dorex2007: posts small blind $0.01
CdnBassist: posts big blind $0.02
*** HOLE CARDS ***
Dealt to Dorex2007 [6c 2c]
kio_kkk: folds 
YanoTurtle: folds 
themarfs: folds 
Nesju57: calls $0.02
pat57132: folds 
trinche12: folds 
Dorex2007: folds 
CdnBassist: checks 
*** FLOP *** [8h 2s Qd]
CdnBassist: checks 
Nesju57: bets $0.02
CdnBassist: folds 
Uncalled bet ($0.02) returned to Nesju57
Nesju57 collected $0.05 from pot
*** SUMMARY ***
Total pot $0.05 | Rake $0 
Board [8h 2s Qd]
Seat 1: pat57132 folded before Flop (didn't bet)
Seat 2: trinche12 (button) folded before Flop (didn't bet)
Seat 3: Dorex2007 (small blind) folded before Flop
Seat 4: CdnBassist (big blind) folded on the Flop
Seat 5: kio_kkk folded before Flop (didn't bet)
Seat 6: YanoTurtle folded before Flop (didn't bet)
Seat 7: themarfs folded before Flop (didn't bet)
Seat 8: Nesju57 collected ($0.05)



PokerStars Hand #223597227194:  Hold'em No Limit ($0.01/$0.02 USD) - 2021/02/08 19:12:35 PT [2021/02/08 22:12:35 ET]
Table 'Cassini II' 9-max Seat #3 is the button
Seat 1: pat57132 ($2.66 in chips) 
Seat 2: trinche12 ($2.05 in chips) 
Seat 3: Dorex2007 ($1.88 in chips) 
Seat 4: CdnBassist ($1.63 in chips) 
Seat 5: kio_kkk ($1.67 in chips) 
Seat 6: YanoTurtle ($1.50 in chips) 
Seat 7: themarfs ($3.30 in chips) 
Seat 8: Nesju57 ($1.55 in chips) 
CdnBassist: posts small blind $0.01
kio_kkk: posts big blind $0.02
*** HOLE CARDS ***
Dealt to Dorex2007 [6h Ac]
YanoTurtle: raises $0.04 to $0.06
themarfs: folds 
Nesju57: folds 
pat57132: calls $0.06
trinche12: folds 
Dorex2007: folds 
CdnBassist: calls $0.05
kio_kkk: calls $0.04
*** FLOP *** [8s 5h Qs]
CdnBassist: checks 
kio_kkk: checks 
YanoTurtle: checks 
pat57132: bets $0.11
CdnBassist: calls $0.11
kio_kkk: folds 
YanoTurtle: folds 
*** TURN *** [8s 5h Qs] [3h]
CdnBassist: checks 
pat57132: bets $0.22
CdnBassist: calls $0.22
*** RIVER *** [8s 5h Qs 3h] [5c]
CdnBassist: checks 
pat57132: checks 
*** SHOW DOWN ***
CdnBassist: shows [6s Ks] (a pair of Fives)
pat57132: shows [Qc Js] (two pair, Queens and Fives)
pat57132 collected $0.87 from pot
*** SUMMARY ***
Total pot $0.90 | Rake $0.03 
Board [8s 5h Qs 3h 5c]
Seat 1: pat57132 showed [Qc Js] and won ($0.87) with two pair, Queens and Fives
Seat 2: trinche12 folded before Flop (didn't bet)
Seat 3: Dorex2007 (button) folded before Flop (didn't bet)
Seat 4: CdnBassist (small blind) showed [6s Ks] and lost with a pair of Fives
Seat 5: kio_kkk (big blind) folded on the Flop
Seat 6: YanoTurtle folded on the Flop
Seat 7: themarfs folded before Flop (didn't bet)
Seat 8: Nesju57 folded before Flop (didn't bet)



PokerStars Hand #223597249794:  Hold'em No Limit ($0.01/$0.02 USD) - 2021/02/08 19:13:54 PT [2021/02/08 22:13:54 ET]
Table 'Cassini II' 9-max Seat #4 is the button
Seat 1: pat57132 ($3.14 in chips) 
Seat 2: trinche12 ($2.05 in chips) 
Seat 3: Dorex2007 ($1.88 in chips) 
Seat 4: CdnBassist ($1.24 in chips) 
Seat 5: kio_kkk ($1.61 in chips) 
Seat 6: YanoTurtle ($1.44 in chips) 
Seat 7: themarfs ($3.30 in chips) 
Seat 8: Nesju57 ($1.55 in chips) 
kio_kkk: posts small blind $0.01
YanoTurtle: posts big blind $0.02
*** HOLE CARDS ***
Dealt to Dorex2007 [7c Tc]
themarfs: folds 
Nesju57: raises $0.02 to $0.04
pat57132: raises $0.09 to $0.13
trinche12: folds 
Dorex2007: folds 
CdnBassist: folds 
kio_kkk: folds 
YanoTurtle: calls $0.11
Nesju57: calls $0.09
*** FLOP *** [4h 3c 6d]
YanoTurtle: checks 
Nesju57: bets $0.08
pat57132: raises $0.16 to $0.24
YanoTurtle: calls $0.24
Nesju57: folds 
*** TURN *** [4h 3c 6d] [3h]
YanoTurtle: checks 
pat57132: bets $0.34
YanoTurtle: raises $0.73 to $1.07 and is all-in
pat57132: folds 
Uncalled bet ($0.73) returned to YanoTurtle
YanoTurtle collected $1.58 from pot
YanoTurtle: doesn't show hand 
*** SUMMARY ***
Total pot $1.64 | Rake $0.06 
Board [4h 3c 6d 3h]
Seat 1: pat57132 folded on the Turn
Seat 2: trinche12 folded before Flop (didn't bet)
Seat 3: Dorex2007 folded before Flop (didn't bet)
Seat 4: CdnBassist (button) folded before Flop (didn't bet)
Seat 5: kio_kkk (small blind) folded before Flop
Seat 6: YanoTurtle (big blind) collected ($1.58)
Seat 7: themarfs folded before Flop (didn't bet)
Seat 8: Nesju57 folded on the Flop



PokerStars Hand #223597293008:  Hold'em No Limit ($0.01/$0.02 USD) - 2021/02/08 19:16:11 PT [2021/02/08 22:16:11 ET]
Table 'Cassini II' 9-max Seat #5 is the button
Seat 1: pat57132 ($2.43 in chips) 
Seat 2: trinche12 ($2.05 in chips) 
Seat 3: Dorex2007 ($1.88 in chips) 
Seat 4: CdnBassist ($1.24 in chips) 
Seat 5: kio_kkk ($1.60 in chips) 
Seat 6: YanoTurtle ($2.31 in chips) 
Seat 7: themarfs ($3.30 in chips) 
Seat 8: Nesju57 ($1.34 in chips) 
Seat 9: cberto09 ($2.18 in chips) 
YanoTurtle: posts small blind $0.01
themarfs: posts big blind $0.02
*** HOLE CARDS ***
Dealt to Dorex2007 [4c 7h]
Nesju57: raises $0.02 to $0.04
cberto09: raises $0.11 to $0.15
pat57132: folds 
trinche12: folds 
Dorex2007: folds 
CdnBassist: folds 
kio_kkk: folds 
YanoTurtle: folds 
themarfs: folds 
Nesju57: calls $0.11
*** FLOP *** [5c 5d Kh]
Nesju57: checks 
cberto09: bets $0.16
Nesju57: calls $0.16
*** TURN *** [5c 5d Kh] [6h]
Nesju57: checks 
cberto09: bets $0.32
Nesju57: calls $0.32
*** RIVER *** [5c 5d Kh 6h] [Ah]
Nesju57: checks 
cberto09: bets $1.24
Nesju57: folds 
Uncalled bet ($1.24) returned to cberto09
cberto09 collected $1.24 from pot
cberto09: doesn't show hand 
*** SUMMARY ***
Total pot $1.29 | Rake $0.05 
Board [5c 5d Kh 6h Ah]
Seat 1: pat57132 folded before Flop (didn't bet)
Seat 2: trinche12 folded before Flop (didn't bet)
Seat 3: Dorex2007 folded before Flop (didn't bet)
Seat 4: CdnBassist folded before Flop (didn't bet)
Seat 5: kio_kkk (button) folded before Flop (didn't bet)
Seat 6: YanoTurtle (small blind) folded before Flop
Seat 7: themarfs (big blind) folded before Flop
Seat 8: Nesju57 folded on the River
Seat 9: cberto09 collected ($1.24)



PokerStars Hand #223597323628:  Hold'em No Limit ($0.01/$0.02 USD) - 2021/02/08 19:17:26 PT [2021/02/08 22:17:26 ET]
Table 'Cassini II' 9-max Seat #6 is the button
Seat 1: pat57132 ($2.43 in chips) 
Seat 2: trinche12 ($2.05 in chips) 
Seat 3: Dorex2007 ($1.88 in chips) 
Seat 4: CdnBassist ($1.24 in chips) 
Seat 5: kio_kkk ($1.60 in chips) 
Seat 6: YanoTurtle ($2.30 in chips) 
Seat 7: themarfs ($3.28 in chips) 
Seat 8: Nesju57 ($0.71 in chips) 
Seat 9: cberto09 ($2.79 in chips) 
themarfs: posts small blind $0.01
Nesju57: posts big blind $0.02
*** HOLE CARDS ***
Dealt to Dorex2007 [Qh Ks]
cberto09: folds 
pat57132: folds 
trinche12: folds 
Dorex2007: raises $0.02 to $0.04
CdnBassist: folds 
kio_kkk: calls $0.04
YanoTurtle: calls $0.04
themarfs: raises $0.20 to $0.24
Nesju57: folds 
Dorex2007: folds 
kio_kkk: folds 
YanoTurtle: folds 
Uncalled bet ($0.20) returned to themarfs
themarfs collected $0.18 from pot
themarfs: doesn't show hand 
*** SUMMARY ***
Total pot $0.18 | Rake $0 
Seat 1: pat57132 folded before Flop (didn't bet)
Seat 2: trinche12 folded before Flop (didn't bet)
Seat 3: Dorex2007 folded before Flop
Seat 4: CdnBassist folded before Flop (didn't bet)
Seat 5: kio_kkk folded before Flop
Seat 6: YanoTurtle (button) folded before Flop
Seat 7: themarfs (small blind) collected ($0.18)
Seat 8: Nesju57 (big blind) folded before Flop
Seat 9: cberto09 folded before Flop (didn't bet)



PokerStars Hand #223597333840:  Hold'em No Limit ($0.01/$0.02 USD) - 2021/02/08 19:18:03 PT [2021/02/08 22:18:03 ET]
Table 'Cassini II' 9-max Seat #7 is the button
Seat 1: pat57132 ($2.43 in chips) 
Seat 2: trinche12 ($2.05 in chips) 
Seat 3: Dorex2007 ($1.84 in chips) 
Seat 4: CdnBassist ($1.24 in chips) 
Seat 5: kio_kkk ($1.56 in chips) 
Seat 6: YanoTurtle ($2.26 in chips) 
Seat 7: themarfs ($3.42 in chips) 
Seat 8: Nesju57 ($0.69 in chips) 
Seat 9: cberto09 ($2.79 in chips) 
Nesju57: posts small blind $0.01
cberto09: posts big blind $0.02
*** HOLE CARDS ***
Dealt to Dorex2007 [3c Kc]
pat57132: folds 
trinche12: folds 
Dorex2007: folds 
CdnBassist: folds 
kio_kkk: folds 
YanoTurtle: folds 
themarfs: folds 
Nesju57: folds 
Uncalled bet ($0.01) returned to cberto09
cberto09 collected $0.02 from pot
cberto09: doesn't show hand 
*** SUMMARY ***
Total pot $0.02 | Rake $0 
Seat 1: pat57132 folded before Flop (didn't bet)
Seat 2: trinche12 folded before Flop (didn't bet)
Seat 3: Dorex2007 folded before Flop (didn't bet)
Seat 4: CdnBassist folded before Flop (didn't bet)
Seat 5: kio_kkk folded before Flop (didn't bet)
Seat 6: YanoTurtle folded before Flop (didn't bet)
Seat 7: themarfs (button) folded before Flop (didn't bet)
Seat 8: Nesju57 (small blind) folded before Flop
Seat 9: cberto09 (big blind) collected ($0.02)



PokerStars Hand #223597344519:  Hold'em No Limit ($0.01/$0.02 USD) - 2021/02/08 19:18:20 PT [2021/02/08 22:18:20 ET]
Table 'Cassini II' 9-max Seat #8 is the button
Seat 2: trinche12 ($2.05 in chips) 
Seat 3: Dorex2007 ($1.84 in chips) 
Seat 4: CdnBassist ($1.24 in chips) 
Seat 5: kio_kkk ($1.56 in chips) 
Seat 6: YanoTurtle ($2.26 in chips) 
Seat 7: themarfs ($3.42 in chips) 
Seat 8: Nesju57 ($0.68 in chips) 
Seat 9: cberto09 ($2.80 in chips) 
cberto09: posts small blind $0.01
pat57132: is sitting out 
trinche12: posts big blind $0.02
*** HOLE CARDS ***
Dealt to Dorex2007 [Ac 2s]
Dorex2007: folds 
CdnBassist: folds 
kio_kkk: folds 
YanoTurtle: folds 
themarfs: raises $0.04 to $0.06
Nesju57: calls $0.06
cberto09: folds 
trinche12: folds 
*** FLOP *** [Kc 6d As]
themarfs: bets $0.09
Nesju57: folds 
Uncalled bet ($0.09) returned to themarfs
themarfs collected $0.14 from pot
themarfs: doesn't show hand 
*** SUMMARY ***
Total pot $0.15 | Rake $0.01 
Board [Kc 6d As]
Seat 2: trinche12 (big blind) folded before Flop
Seat 3: Dorex2007 folded before Flop (didn't bet)
Seat 4: CdnBassist folded before Flop (didn't bet)
Seat 5: kio_kkk folded before Flop (didn't bet)
Seat 6: YanoTurtle folded before Flop (didn't bet)
Seat 7: themarfs collected ($0.14)
Seat 8: Nesju57 (button) folded on the Flop
Seat 9: cberto09 (small blind) folded before Flop



PokerStars Hand #223597351680:  Hold'em No Limit ($0.01/$0.02 USD) - 2021/02/08 19:18:45 PT [2021/02/08 22:18:45 ET]
Table 'Cassini II' 9-max Seat #9 is the button
Seat 2: trinche12 ($2.03 in chips) 
Seat 3: Dorex2007 ($1.84 in chips) 
Seat 4: CdnBassist ($1.24 in chips) 
Seat 5: kio_kkk ($1.56 in chips) 
Seat 6: YanoTurtle ($2.26 in chips) 
Seat 7: themarfs ($3.50 in chips) 
Seat 8: Nesju57 ($0.62 in chips) 
Seat 9: cberto09 ($2.79 in chips) 
trinche12: posts small blind $0.01
Dorex2007: posts big blind $0.02
*** HOLE CARDS ***
Dealt to Dorex2007 [Th 3h]
CdnBassist: raises $0.04 to $0.06
kio_kkk: folds 
YanoTurtle: folds 
themarfs: folds 
Nesju57: folds 
cberto09: calls $0.06
trinche12: folds 
Dorex2007: folds 
*** FLOP *** [6s 4c Ts]
CdnBassist: bets $0.07
cberto09: calls $0.07
*** TURN *** [6s 4c Ts] [6d]
CdnBassist: bets $0.14
cberto09: calls $0.14
*** RIVER *** [6s 4c Ts 6d] [Qs]
CdnBassist: checks 
cberto09: bets $0.55
CdnBassist: folds 
Uncalled bet ($0.55) returned to cberto09
cberto09 collected $0.55 from pot
cberto09: doesn't show hand 
*** SUMMARY ***
Total pot $0.57 | Rake $0.02 
Board [6s 4c Ts 6d Qs]
Seat 2: trinche12 (small blind) folded before Flop
Seat 3: Dorex2007 (big blind) folded before Flop
Seat 4: CdnBassist folded on the River
Seat 5: kio_kkk folded before Flop (didn't bet)
Seat 6: YanoTurtle folded before Flop (didn't bet)
Seat 7: themarfs folded before Flop (didn't bet)
Seat 8: Nesju57 folded before Flop (didn't bet)
Seat 9: cberto09 (button) collected ($0.55)



PokerStars Hand #223597368403:  Hold'em No Limit ($0.01/$0.02 USD) - 2021/02/08 19:19:44 PT [2021/02/08 22:19:44 ET]
Table 'Cassini II' 9-max Seat #2 is the button
Seat 2: trinche12 ($2.02 in chips) 
Seat 3: Dorex2007 ($1.82 in chips) 
Seat 4: CdnBassist ($0.97 in chips) 
Seat 5: kio_kkk ($1.56 in chips) 
Seat 6: YanoTurtle ($2.26 in chips) 
Seat 7: themarfs ($3.50 in chips) 
Seat 8: Nesju57 ($0.62 in chips) 
Seat 9: cberto09 ($3.07 in chips) 
Dorex2007: posts small blind $0.01
CdnBassist: posts big blind $0.02
pat57132: sits out 
*** HOLE CARDS ***
Dealt to Dorex2007 [2c 3s]
kio_kkk: folds 
YanoTurtle: folds 
themarfs: folds 
Nesju57: raises $0.02 to $0.04
cberto09: folds 
trinche12: folds 
Dorex2007: folds 
CdnBassist: calls $0.02
*** FLOP *** [8h Ah Jh]
CdnBassist: checks 
pat57132 leaves the table
Nesju57: bets $0.04
CdnBassist: calls $0.04
*** TURN *** [8h Ah Jh] [Ts]
CdnBassist: checks 
Nesju57: bets $0.04
CdnBassist: calls $0.04
*** RIVER *** [8h Ah Jh Ts] [7d]
CdnBassist: checks 
Nesju57: checks 
*** SHOW DOWN ***
CdnBassist: shows [2s Js] (a pair of Jacks)
Nesju57: mucks hand 
CdnBassist collected $0.24 from pot
*** SUMMARY ***
Total pot $0.25 | Rake $0.01 
Board [8h Ah Jh Ts 7d]
Seat 2: trinche12 (button) folded before Flop (didn't bet)
Seat 3: Dorex2007 (small blind) folded before Flop
Seat 4: CdnBassist (big blind) showed [2s Js] and won ($0.24) with a pair of Jacks
Seat 5: kio_kkk folded before Flop (didn't bet)
Seat 6: YanoTurtle folded before Flop (didn't bet)
Seat 7: themarfs folded before Flop (didn't bet)
Seat 8: Nesju57 mucked [Qc Tc]
Seat 9: cberto09 folded before Flop (didn't bet)



PokerStars Hand #223597384550:  Hold'em No Limit ($0.01/$0.02 USD) - 2021/02/08 19:20:41 PT [2021/02/08 22:20:41 ET]
Table 'Cassini II' 9-max Seat #3 is the button
Seat 2: trinche12 ($2.02 in chips) 
Seat 3: Dorex2007 ($1.81 in chips) 
Seat 4: CdnBassist ($1.09 in chips) 
Seat 5: kio_kkk ($1.56 in chips) 
Seat 6: YanoTurtle ($2.26 in chips) 
Seat 7: themarfs ($3.50 in chips) 
Seat 8: Nesju57 ($0.50 in chips) 
Seat 9: cberto09 ($3.07 in chips) 
CdnBassist: posts small blind $0.01
kio_kkk: posts big blind $0.02
*** HOLE CARDS ***
Dealt to Dorex2007 [Jd Ks]
YanoTurtle: raises $0.04 to $0.06
themarfs: folds 
Nesju57: calls $0.06
cberto09: folds 
trinche12: folds 
Dorex2007: calls $0.06
CdnBassist: folds 
kio_kkk: folds 
*** FLOP *** [Jc 7s 3d]
YanoTurtle: bets $0.10
Nesju57: folds 
Dorex2007: raises $0.20 to $0.30
YanoTurtle: calls $0.20
*** TURN *** [Jc 7s 3d] [5c]
YanoTurtle: checks 
Dorex2007: bets $0.39
YanoTurtle: calls $0.39
*** RIVER *** [Jc 7s 3d 5c] [6h]
YanoTurtle: checks 
Dorex2007: checks 
*** SHOW DOWN ***
YanoTurtle: shows [Ad 7c] (a pair of Sevens)
Dorex2007: shows [Jd Ks] (a pair of Jacks)
Dorex2007 collected $1.53 from pot
*** SUMMARY ***
Total pot $1.59 | Rake $0.06 
Board [Jc 7s 3d 5c 6h]
Seat 2: trinche12 folded before Flop (didn't bet)
Seat 3: Dorex2007 (button) showed [Jd Ks] and won ($1.53) with a pair of Jacks
Seat 4: CdnBassist (small blind) folded before Flop
Seat 5: kio_kkk (big blind) folded before Flop
Seat 6: YanoTurtle showed [Ad 7c] and lost with a pair of Sevens
Seat 7: themarfs folded before Flop (didn't bet)
Seat 8: Nesju57 folded on the Flop
Seat 9: cberto09 folded before Flop (didn't bet)



PokerStars Hand #223597407245:  Hold'em No Limit ($0.01/$0.02 USD) - 2021/02/08 19:22:02 PT [2021/02/08 22:22:02 ET]
Table 'Cassini II' 9-max Seat #4 is the button
Seat 2: trinche12 ($2.02 in chips) 
Seat 3: Dorex2007 ($2.59 in chips) 
Seat 4: CdnBassist ($1.08 in chips) 
Seat 5: kio_kkk ($1.54 in chips) 
Seat 6: YanoTurtle ($1.51 in chips) 
Seat 7: themarfs ($3.50 in chips) 
Seat 8: Nesju57 ($0.44 in chips) 
Seat 9: cberto09 ($3.07 in chips) 
kio_kkk: posts small blind $0.01
YanoTurtle: posts big blind $0.02
*** HOLE CARDS ***
Dealt to Dorex2007 [4d 4c]
themarfs: folds 
Nesju57: folds 
cberto09: raises $0.05 to $0.07
trinche12: folds 
Dorex2007: folds 
CdnBassist: folds 
kio_kkk: folds 
YanoTurtle: folds 
Uncalled bet ($0.05) returned to cberto09
cberto09 collected $0.05 from pot
cberto09: doesn't show hand 
*** SUMMARY ***
Total pot $0.05 | Rake $0 
Seat 2: trinche12 folded before Flop (didn't bet)
Seat 3: Dorex2007 folded before Flop (didn't bet)
Seat 4: CdnBassist (button) folded before Flop (didn't bet)
Seat 5: kio_kkk (small blind) folded before Flop
Seat 6: YanoTurtle (big blind) folded before Flop
Seat 7: themarfs folded before Flop (didn't bet)
Seat 8: Nesju57 folded before Flop (didn't bet)
Seat 9: cberto09 collected ($0.05)



PokerStars Hand #223597414032:  Hold'em No Limit ($0.01/$0.02 USD) - 2021/02/08 19:22:27 PT [2021/02/08 22:22:27 ET]
Table 'Cassini II' 9-max Seat #5 is the button
Seat 2: trinche12 ($2.02 in chips) 
Seat 3: Dorex2007 ($2.59 in chips) 
Seat 4: CdnBassist ($1.08 in chips) 
Seat 5: kio_kkk ($1.53 in chips) 
Seat 6: YanoTurtle ($1.49 in chips) 
Seat 7: themarfs ($3.50 in chips) 
Seat 8: Nesju57 ($0.44 in chips) 
Seat 9: cberto09 ($3.10 in chips) 
YanoTurtle: posts small blind $0.01
themarfs: posts big blind $0.02
*** HOLE CARDS ***
Dealt to Dorex2007 [Js 6s]
Nesju57: calls $0.02
cberto09: folds 
trinche12: folds 
Dorex2007: folds 
CdnBassist: folds 
kio_kkk is disconnected 
kio_kkk has timed out while being disconnected
kio_kkk: folds 
YanoTurtle: folds 
themarfs: checks 
*** FLOP *** [2s Jc Jh]
themarfs: checks 
Nesju57: bets $0.02
themarfs: folds 
Uncalled bet ($0.02) returned to Nesju57
Nesju57 collected $0.05 from pot
*** SUMMARY ***
Total pot $0.05 | Rake $0 
Board [2s Jc Jh]
Seat 2: trinche12 folded before Flop (didn't bet)
Seat 3: Dorex2007 folded before Flop (didn't bet)
Seat 4: CdnBassist folded before Flop (didn't bet)
Seat 5: kio_kkk (button) folded before Flop (didn't bet)
Seat 6: YanoTurtle (small blind) folded before Flop
Seat 7: themarfs (big blind) folded on the Flop
Seat 8: Nesju57 collected ($0.05)
Seat 9: cberto09 folded before Flop (didn't bet)



PokerStars Hand #223597429024:  Hold'em No Limit ($0.01/$0.02 USD) - 2021/02/08 19:23:21 PT [2021/02/08 22:23:21 ET]
Table 'Cassini II' 9-max Seat #6 is the button
Seat 2: trinche12 ($2.02 in chips) 
Seat 3: Dorex2007 ($2.59 in chips) 
Seat 4: CdnBassist ($1.08 in chips) 
Seat 5: kio_kkk ($1.53 in chips) 
Seat 6: YanoTurtle ($1.48 in chips) 
Seat 7: themarfs ($3.48 in chips) 
Seat 8: Nesju57 ($0.47 in chips) 
Seat 9: cberto09 ($3.10 in chips) 
themarfs: posts small blind $0.01
Nesju57: posts big blind $0.02
*** HOLE CARDS ***
Dealt to Dorex2007 [2h 3s]
cberto09: folds 
trinche12: folds 
Dorex2007: folds 
CdnBassist: folds 
kio_kkk: folds 
YanoTurtle: folds 
themarfs: folds 
Uncalled bet ($0.01) returned to Nesju57
Nesju57 collected $0.02 from pot
*** SUMMARY ***
Total pot $0.02 | Rake $0 
Seat 2: trinche12 folded before Flop (didn't bet)
Seat 3: Dorex2007 folded before Flop (didn't bet)
Seat 4: CdnBassist folded before Flop (didn't bet)
Seat 5: kio_kkk folded before Flop (didn't bet)
Seat 6: YanoTurtle (button) folded before Flop (didn't bet)
Seat 7: themarfs (small blind) folded before Flop
Seat 8: Nesju57 (big blind) collected ($0.02)
Seat 9: cberto09 folded before Flop (didn't bet)



PokerStars Hand #223597432256:  Hold'em No Limit ($0.01/$0.02 USD) - 2021/02/08 19:23:32 PT [2021/02/08 22:23:32 ET]
Table 'Cassini II' 9-max Seat #7 is the button
Seat 2: trinche12 ($2.02 in chips) 
Seat 3: Dorex2007 ($2.59 in chips) 
Seat 4: CdnBassist ($1.08 in chips) 
Seat 5: kio_kkk ($1.53 in chips) 
Seat 6: YanoTurtle ($1.48 in chips) 
Seat 7: themarfs ($3.47 in chips) 
Seat 8: Nesju57 ($0.48 in chips) 
Seat 9: cberto09 ($3.10 in chips) 
Nesju57: posts small blind $0.01
cberto09: posts big blind $0.02
*** HOLE CARDS ***
Dealt to Dorex2007 [8d Jc]
trinche12: raises $0.06 to $0.08
Dorex2007: folds 
CdnBassist: folds 
andrestuqui joins the table at seat #1 
kio_kkk: folds 
YanoTurtle has timed out
YanoTurtle: folds 
themarfs: folds 
Nesju57: raises $0.06 to $0.14
cberto09: folds 
trinche12: raises $0.66 to $0.80
Nesju57: calls $0.34 and is all-in
Uncalled bet ($0.32) returned to trinche12
*** FLOP *** [3c Qs 8h]
*** TURN *** [3c Qs 8h] [5s]
*** RIVER *** [3c Qs 8h 5s] [6s]
*** SHOW DOWN ***
Nesju57: shows [Ah As] (a pair of Aces)
trinche12: shows [Qd Qh] (three of a kind, Queens)
trinche12 collected $0.95 from pot
*** SUMMARY ***
Total pot $0.98 | Rake $0.03 
Board [3c Qs 8h 5s 6s]
Seat 2: trinche12 showed [Qd Qh] and won ($0.95) with three of a kind, Queens
Seat 3: Dorex2007 folded before Flop (didn't bet)
Seat 4: CdnBassist folded before Flop (didn't bet)
Seat 5: kio_kkk folded before Flop (didn't bet)
Seat 6: YanoTurtle folded before Flop (didn't bet)
Seat 7: themarfs (button) folded before Flop (didn't bet)
Seat 8: Nesju57 (small blind) showed [Ah As] and lost with a pair of Aces
Seat 9: cberto09 (big blind) folded before Flop



PokerStars Hand #223597448737:  Hold'em No Limit ($0.01/$0.02 USD) - 2021/02/08 19:24:32 PT [2021/02/08 22:24:32 ET]
Table 'Cassini II' 9-max Seat #9 is the button
Seat 2: trinche12 ($2.49 in chips) 
Seat 3: Dorex2007 ($2.59 in chips) 
Seat 4: CdnBassist ($1.08 in chips) 
Seat 5: kio_kkk ($1.53 in chips) 
Seat 7: themarfs ($3.47 in chips) 
Seat 9: cberto09 ($3.08 in chips) 
trinche12: posts small blind $0.01
Dorex2007: posts big blind $0.02
*** HOLE CARDS ***
Dealt to Dorex2007 [Kh 3c]
CdnBassist: folds 
kio_kkk: calls $0.02
themarfs: folds 
cberto09: raises $0.07 to $0.09
trinche12 said, "sorry men"
trinche12: folds 
Dorex2007 said, "that was mean. you took all his money"
Dorex2007: folds 
kio_kkk: calls $0.07
*** FLOP *** [4c 2h Ah]
kio_kkk: checks 
cberto09: bets $0.12
kio_kkk: folds 
Uncalled bet ($0.12) returned to cberto09
cberto09 collected $0.20 from pot
cberto09: doesn't show hand 
*** SUMMARY ***
Total pot $0.21 | Rake $0.01 
Board [4c 2h Ah]
Seat 2: trinche12 (small blind) folded before Flop
Seat 3: Dorex2007 (big blind) folded before Flop
Seat 4: CdnBassist folded before Flop (didn't bet)
Seat 5: kio_kkk folded on the Flop
Seat 7: themarfs folded before Flop (didn't bet)
Seat 9: cberto09 (button) collected ($0.20)



PokerStars Hand #223597463128:  Hold'em No Limit ($0.01/$0.02 USD) - 2021/02/08 19:25:20 PT [2021/02/08 22:25:20 ET]
Table 'Cassini II' 9-max Seat #2 is the button
Seat 1: andrestuqui ($0.80 in chips) 
Seat 2: trinche12 ($2.48 in chips) 
Seat 3: Dorex2007 ($2.57 in chips) 
Seat 4: CdnBassist ($1.08 in chips) 
Seat 5: kio_kkk ($1.44 in chips) 
Seat 6: YanoTurtle ($1.48 in chips) 
Seat 7: themarfs ($3.47 in chips) 
Seat 9: cberto09 ($3.19 in chips) 
Dorex2007: posts small blind $0.01
CdnBassist: posts big blind $0.02
andrestuqui: posts big blind $0.02
*** HOLE CARDS ***
Dealt to Dorex2007 [4d Qh]
Nesju57 leaves the table
kio_kkk: folds 
YanoTurtle: folds 
themarfs: folds 
cberto09: folds 
andrestuqui: checks 
trinche12: folds 
Dorex2007: folds 
CdnBassist: checks 
*** FLOP *** [Kc Ac 2d]
CdnBassist: bets $0.06
andrestuqui: calls $0.06
*** TURN *** [Kc Ac 2d] [5d]
CdnBassist: checks 
andrestuqui: bets $0.08
CdnBassist: calls $0.08
*** RIVER *** [Kc Ac 2d 5d] [Js]
CdnBassist: checks 
andrestuqui: checks 
*** SHOW DOWN ***
CdnBassist: shows [2h 6d] (a pair of Deuces)
andrestuqui: shows [8d Kd] (a pair of Kings)
andrestuqui collected $0.32 from pot
*** SUMMARY ***
Total pot $0.33 | Rake $0.01 
Board [Kc Ac 2d 5d Js]
Seat 1: andrestuqui showed [8d Kd] and won ($0.32) with a pair of Kings
Seat 2: trinche12 (button) folded before Flop (didn't bet)
Seat 3: Dorex2007 (small blind) folded before Flop
Seat 4: CdnBassist (big blind) showed [2h 6d] and lost with a pair of Deuces
Seat 5: kio_kkk folded before Flop (didn't bet)
Seat 6: YanoTurtle folded before Flop (didn't bet)
Seat 7: themarfs folded before Flop (didn't bet)
Seat 9: cberto09 folded before Flop (didn't bet)



PokerStars Hand #223597475640:  Hold'em No Limit ($0.01/$0.02 USD) - 2021/02/08 19:26:05 PT [2021/02/08 22:26:05 ET]
Table 'Cassini II' 9-max Seat #3 is the button
Seat 1: andrestuqui ($0.96 in chips) 
Seat 2: trinche12 ($2.48 in chips) 
Seat 3: Dorex2007 ($2.56 in chips) 
Seat 4: CdnBassist ($0.92 in chips) 
Seat 5: kio_kkk ($1.44 in chips) 
Seat 6: YanoTurtle ($1.48 in chips) 
Seat 7: themarfs ($3.47 in chips) 
Seat 9: cberto09 ($3.19 in chips) 
CdnBassist: posts small blind $0.01
kio_kkk: posts big blind $0.02
*** HOLE CARDS ***
Dealt to Dorex2007 [4s 5d]
YanoTurtle: folds 
themarfs: folds 
cberto09: folds 
andrestuqui: folds 
trinche12: folds 
Dorex2007: folds 
CdnBassist: folds 
Uncalled bet ($0.01) returned to kio_kkk
kio_kkk collected $0.02 from pot
kio_kkk: doesn't show hand 
*** SUMMARY ***
Total pot $0.02 | Rake $0 
Seat 1: andrestuqui folded before Flop (didn't bet)
Seat 2: trinche12 folded before Flop (didn't bet)
Seat 3: Dorex2007 (button) folded before Flop (didn't bet)
Seat 4: CdnBassist (small blind) folded before Flop
Seat 5: kio_kkk (big blind) collected ($0.02)
Seat 6: YanoTurtle folded before Flop (didn't bet)
Seat 7: themarfs folded before Flop (didn't bet)
Seat 9: cberto09 folded before Flop (didn't bet)



PokerStars Hand #223597481728:  Hold'em No Limit ($0.01/$0.02 USD) - 2021/02/08 19:26:27 PT [2021/02/08 22:26:27 ET]
Table 'Cassini II' 9-max Seat #4 is the button
Seat 1: andrestuqui ($0.96 in chips) 
Seat 2: trinche12 ($2.48 in chips) 
Seat 3: Dorex2007 ($2.56 in chips) 
Seat 4: CdnBassist ($0.91 in chips) 
Seat 5: kio_kkk ($1.45 in chips) 
Seat 6: YanoTurtle ($1.48 in chips) 
Seat 7: themarfs ($3.47 in chips) 
Seat 9: cberto09 ($3.19 in chips) 
kio_kkk: posts small blind $0.01
YanoTurtle: posts big blind $0.02
*** HOLE CARDS ***
Dealt to Dorex2007 [9s Js]
themarfs: folds 
cberto09: folds 
andrestuqui: folds 
trinche12: folds 
Dorex2007: folds 
CdnBassist: folds 
kio_kkk: folds 
Uncalled bet ($0.01) returned to YanoTurtle
YanoTurtle collected $0.02 from pot
YanoTurtle: doesn't show hand 
*** SUMMARY ***
Total pot $0.02 | Rake $0 
Seat 1: andrestuqui folded before Flop (didn't bet)
Seat 2: trinche12 folded before Flop (didn't bet)
Seat 3: Dorex2007 folded before Flop (didn't bet)
Seat 4: CdnBassist (button) folded before Flop (didn't bet)
Seat 5: kio_kkk (small blind) folded before Flop
Seat 6: YanoTurtle (big blind) collected ($0.02)
Seat 7: themarfs folded before Flop (didn't bet)
Seat 9: cberto09 folded before Flop (didn't bet)



PokerStars Hand #223597490106:  Hold'em No Limit ($0.01/$0.02 USD) - 2021/02/08 19:26:41 PT [2021/02/08 22:26:41 ET]
Table 'Cassini II' 9-max Seat #5 is the button
Seat 1: andrestuqui ($0.96 in chips) 
Seat 2: trinche12 ($2.48 in chips) 
Seat 3: Dorex2007 ($2.56 in chips) 
Seat 4: CdnBassist ($0.91 in chips) 
Seat 5: kio_kkk ($1.44 in chips) 
Seat 6: YanoTurtle ($1.49 in chips) 
Seat 7: themarfs ($3.47 in chips) 
Seat 9: cberto09 ($3.19 in chips) 
YanoTurtle: posts small blind $0.01
themarfs: posts big blind $0.02
*** HOLE CARDS ***
Dealt to Dorex2007 [8h 3s]
cberto09: folds 
trinche12 said, "everything is balanced in the end"
andrestuqui: raises $0.04 to $0.06
trinche12: folds 
Dorex2007: folds 
CdnBassist: calls $0.06
kio_kkk: folds 
YanoTurtle: calls $0.05
themarfs: folds 
*** FLOP *** [Jd 5h 4d]
YanoTurtle: checks 
andrestuqui: checks 
CdnBassist: checks 
*** TURN *** [Jd 5h 4d] [3c]
Dorex2007 said, "too true. the only thing constant is rake"
YanoTurtle: bets $0.09
andrestuqui: folds 
CdnBassist: folds 
Uncalled bet ($0.09) returned to YanoTurtle
YanoTurtle collected $0.19 from pot
YanoTurtle: doesn't show hand 
*** SUMMARY ***
Total pot $0.20 | Rake $0.01 
Board [Jd 5h 4d 3c]
Seat 1: andrestuqui folded on the Turn
Seat 2: trinche12 folded before Flop (didn't bet)
Seat 3: Dorex2007 folded before Flop (didn't bet)
Seat 4: CdnBassist folded on the Turn
Seat 5: kio_kkk (button) folded before Flop (didn't bet)
Seat 6: YanoTurtle (small blind) collected ($0.19)
Seat 7: themarfs (big blind) folded before Flop
Seat 9: cberto09 folded before Flop (didn't bet)



PokerStars Hand #223597503794:  Hold'em No Limit ($0.01/$0.02 USD) - 2021/02/08 19:27:31 PT [2021/02/08 22:27:31 ET]
Table 'Cassini II' 9-max Seat #6 is the button
Seat 1: andrestuqui ($0.90 in chips) 
Seat 2: trinche12 ($2.48 in chips) 
Seat 3: Dorex2007 ($2.56 in chips) 
Seat 4: CdnBassist ($0.85 in chips) 
Seat 5: kio_kkk ($1.44 in chips) 
Seat 6: YanoTurtle ($1.62 in chips) 
Seat 7: themarfs ($3.45 in chips) 
Seat 9: cberto09 ($3.19 in chips) 
themarfs: posts small blind $0.01
cberto09: posts big blind $0.02
*** HOLE CARDS ***
Dealt to Dorex2007 [Ad 2c]
andrestuqui: folds 
trinche12: folds 
Dorex2007: folds 
CdnBassist: calls $0.02
kio_kkk: folds 
YanoTurtle: raises $0.04 to $0.06
themarfs: folds 
cberto09: folds 
CdnBassist: calls $0.04
*** FLOP *** [4d Ts 6s]
CdnBassist: checks 
YanoTurtle: bets $0.07
CdnBassist: folds 
Uncalled bet ($0.07) returned to YanoTurtle
YanoTurtle collected $0.14 from pot
YanoTurtle: doesn't show hand 
*** SUMMARY ***
Total pot $0.15 | Rake $0.01 
Board [4d Ts 6s]
Seat 1: andrestuqui folded before Flop (didn't bet)
Seat 2: trinche12 folded before Flop (didn't bet)
Seat 3: Dorex2007 folded before Flop (didn't bet)
Seat 4: CdnBassist folded on the Flop
Seat 5: kio_kkk folded before Flop (didn't bet)
Seat 6: YanoTurtle (button) collected ($0.14)
Seat 7: themarfs (small blind) folded before Flop
Seat 9: cberto09 (big blind) folded before Flop



PokerStars Hand #223597511096:  Hold'em No Limit ($0.01/$0.02 USD) - 2021/02/08 19:27:58 PT [2021/02/08 22:27:58 ET]
Table 'Cassini II' 9-max Seat #7 is the button
Seat 1: andrestuqui ($0.90 in chips) 
Seat 2: trinche12 ($2.48 in chips) 
Seat 3: Dorex2007 ($2.56 in chips) 
Seat 4: CdnBassist ($0.79 in chips) 
Seat 5: kio_kkk ($1.44 in chips) 
Seat 6: YanoTurtle ($1.70 in chips) 
Seat 7: themarfs ($3.44 in chips) 
Seat 9: cberto09 ($3.17 in chips) 
cberto09: posts small blind $0.01
andrestuqui: posts big blind $0.02
*** HOLE CARDS ***
Dealt to Dorex2007 [Js 6h]
trinche12: folds 
Dorex2007: folds 
CdnBassist: calls $0.02
trinche12 said, "yess"
kio_kkk has timed out
kio_kkk: folds 
YanoTurtle: raises $0.04 to $0.06
themarfs: folds 
cberto09: folds 
andrestuqui: calls $0.04
CdnBassist: calls $0.04
*** FLOP *** [4s Tc 6c]
andrestuqui: checks 
CdnBassist: checks 
YanoTurtle: bets $0.09
andrestuqui: folds 
CdnBassist: calls $0.09
*** TURN *** [4s Tc 6c] [4d]
CdnBassist: checks 
YanoTurtle: checks 
*** RIVER *** [4s Tc 6c 4d] [8h]
CdnBassist: bets $0.18
YanoTurtle: folds 
Uncalled bet ($0.18) returned to CdnBassist
CdnBassist collected $0.36 from pot
*** SUMMARY ***
Total pot $0.37 | Rake $0.01 
Board [4s Tc 6c 4d 8h]
Seat 1: andrestuqui (big blind) folded on the Flop
Seat 2: trinche12 folded before Flop (didn't bet)
Seat 3: Dorex2007 folded before Flop (didn't bet)
Seat 4: CdnBassist collected ($0.36)
Seat 5: kio_kkk folded before Flop (didn't bet)
Seat 6: YanoTurtle folded on the River
Seat 7: themarfs (button) folded before Flop (didn't bet)
Seat 9: cberto09 (small blind) folded before Flop



PokerStars Hand #223597528387:  Hold'em No Limit ($0.01/$0.02 USD) - 2021/02/08 19:29:01 PT [2021/02/08 22:29:01 ET]
Table 'Cassini II' 9-max Seat #9 is the button
Seat 1: andrestuqui ($0.84 in chips) 
Seat 2: trinche12 ($2.48 in chips) 
Seat 3: Dorex2007 ($2.56 in chips) 
Seat 4: CdnBassist ($1 in chips) 
Seat 5: kio_kkk ($1.44 in chips) 
Seat 6: YanoTurtle ($1.55 in chips) 
Seat 7: themarfs ($3.44 in chips) 
Seat 9: cberto09 ($3.16 in chips) 
andrestuqui: posts small blind $0.01
trinche12: posts big blind $0.02
*** HOLE CARDS ***
Dealt to Dorex2007 [Kh Ah]
Dorex2007: raises $0.04 to $0.06
CdnBassist: folds 
kio_kkk: folds 
YanoTurtle: folds 
themarfs: calls $0.06
cberto09: folds 
andrestuqui: folds 
trinche12: folds 
*** FLOP *** [4c 3c 9c]
Dorex2007: bets $0.14
themarfs: folds 
Uncalled bet ($0.14) returned to Dorex2007
Dorex2007 collected $0.14 from pot
Dorex2007: doesn't show hand 
*** SUMMARY ***
Total pot $0.15 | Rake $0.01 
Board [4c 3c 9c]
Seat 1: andrestuqui (small blind) folded before Flop
Seat 2: trinche12 (big blind) folded before Flop
Seat 3: Dorex2007 collected ($0.14)
Seat 4: CdnBassist folded before Flop (didn't bet)
Seat 5: kio_kkk folded before Flop (didn't bet)
Seat 6: YanoTurtle folded before Flop (didn't bet)
Seat 7: themarfs folded on the Flop
Seat 9: cberto09 (button) folded before Flop (didn't bet)



PokerStars Hand #223597535645:  Hold'em No Limit ($0.01/$0.02 USD) - 2021/02/08 19:29:28 PT [2021/02/08 22:29:28 ET]
Table 'Cassini II' 9-max Seat #1 is the button
Seat 1: andrestuqui ($0.83 in chips) 
Seat 2: trinche12 ($2.46 in chips) 
Seat 3: Dorex2007 ($2.64 in chips) 
Seat 4: CdnBassist ($1 in chips) 
Seat 5: kio_kkk ($1.44 in chips) 
Seat 6: YanoTurtle ($1.55 in chips) 
Seat 7: themarfs ($3.38 in chips) 
Seat 9: cberto09 ($3.16 in chips) 
trinche12: posts small blind $0.01
Dorex2007: posts big blind $0.02
*** HOLE CARDS ***
Dealt to Dorex2007 [5c 5d]
CdnBassist: folds 
kio_kkk: folds 
YanoTurtle: raises $0.04 to $0.06
themarfs: folds 
cberto09: folds 
andrestuqui: folds 
trinche12: folds 
Dorex2007: calls $0.04
*** FLOP *** [Qh 2c Kc]
Dorex2007: checks 
YanoTurtle: bets $0.06
Dorex2007: folds 
Uncalled bet ($0.06) returned to YanoTurtle
YanoTurtle collected $0.13 from pot
YanoTurtle: doesn't show hand 
*** SUMMARY ***
Total pot $0.13 | Rake $0 
Board [Qh 2c Kc]
Seat 1: andrestuqui (button) folded before Flop (didn't bet)
Seat 2: trinche12 (small blind) folded before Flop
Seat 3: Dorex2007 (big blind) folded on the Flop
Seat 4: CdnBassist folded before Flop (didn't bet)
Seat 5: kio_kkk folded before Flop (didn't bet)
Seat 6: YanoTurtle collected ($0.13)
Seat 7: themarfs folded before Flop (didn't bet)
Seat 9: cberto09 folded before Flop (didn't bet)



PokerStars Hand #223597543385:  Hold'em No Limit ($0.01/$0.02 USD) - 2021/02/08 19:29:56 PT [2021/02/08 22:29:56 ET]
Table 'Cassini II' 9-max Seat #2 is the button
Seat 1: andrestuqui ($0.83 in chips) 
Seat 2: trinche12 ($2.45 in chips) 
Seat 3: Dorex2007 ($2.58 in chips) 
Seat 4: CdnBassist ($1 in chips) 
Seat 5: kio_kkk ($1.44 in chips) 
Seat 6: YanoTurtle ($1.62 in chips) 
Seat 7: themarfs ($3.38 in chips) 
Seat 9: cberto09 ($3.16 in chips) 
Dorex2007: posts small blind $0.01
CdnBassist: posts big blind $0.02
*** HOLE CARDS ***
Dealt to Dorex2007 [5c 2d]
kefrensz joins the table at seat #8 
kio_kkk: calls $0.02
YanoTurtle: folds 
themarfs: folds 
cberto09: raises $0.07 to $0.09
andrestuqui: folds 
trinche12: folds 
Dorex2007: folds 
CdnBassist: folds 
kio_kkk: calls $0.07
*** FLOP *** [Qc Ac 6s]
kio_kkk: checks 
cberto09: bets $0.12
kio_kkk: folds 
Uncalled bet ($0.12) returned to cberto09
cberto09 collected $0.20 from pot
cberto09: doesn't show hand 
*** SUMMARY ***
Total pot $0.21 | Rake $0.01 
Board [Qc Ac 6s]
Seat 1: andrestuqui folded before Flop (didn't bet)
Seat 2: trinche12 (button) folded before Flop (didn't bet)
Seat 3: Dorex2007 (small blind) folded before Flop
Seat 4: CdnBassist (big blind) folded before Flop
Seat 5: kio_kkk folded on the Flop
Seat 6: YanoTurtle folded before Flop (didn't bet)
Seat 7: themarfs folded before Flop (didn't bet)
Seat 9: cberto09 collected ($0.20)



PokerStars Hand #223597555162:  Hold'em No Limit ($0.01/$0.02 USD) - 2021/02/08 19:30:40 PT [2021/02/08 22:30:40 ET]
Table 'Cassini II' 9-max Seat #3 is the button
Seat 1: andrestuqui ($0.83 in chips) 
Seat 2: trinche12 ($2.45 in chips) 
Seat 3: Dorex2007 ($2.57 in chips) 
Seat 4: CdnBassist ($0.98 in chips) 
Seat 5: kio_kkk ($1.35 in chips) 
Seat 6: YanoTurtle ($1.62 in chips) 
Seat 7: themarfs ($3.38 in chips) 
Seat 8: kefrensz ($1.60 in chips) 
Seat 9: cberto09 ($3.27 in chips) 
CdnBassist: posts small blind $0.01
kio_kkk: posts big blind $0.02
kefrensz: posts big blind $0.02
*** HOLE CARDS ***
Dealt to Dorex2007 [Qc Jh]
YanoTurtle: folds 
themarfs: folds 
kefrensz: checks 
cberto09: folds 
andrestuqui: folds 
trinche12: folds 
Dorex2007: raises $0.04 to $0.06
CdnBassist: raises $0.16 to $0.22
kio_kkk: folds 
kefrensz: folds 
Dorex2007: folds 
Uncalled bet ($0.16) returned to CdnBassist
CdnBassist collected $0.16 from pot
*** SUMMARY ***
Total pot $0.16 | Rake $0 
Seat 1: andrestuqui folded before Flop (didn't bet)
Seat 2: trinche12 folded before Flop (didn't bet)
Seat 3: Dorex2007 (button) folded before Flop
Seat 4: CdnBassist (small blind) collected ($0.16)
Seat 5: kio_kkk (big blind) folded before Flop
Seat 6: YanoTurtle folded before Flop (didn't bet)
Seat 7: themarfs folded before Flop (didn't bet)
Seat 8: kefrensz folded before Flop (didn't bet)
Seat 9: cberto09 folded before Flop (didn't bet)



PokerStars Hand #223597564690:  Hold'em No Limit ($0.01/$0.02 USD) - 2021/02/08 19:31:16 PT [2021/02/08 22:31:16 ET]
Table 'Cassini II' 9-max Seat #4 is the button
Seat 1: andrestuqui ($0.83 in chips) 
Seat 2: trinche12 ($2.45 in chips) 
Seat 3: Dorex2007 ($2.51 in chips) 
Seat 4: CdnBassist ($1.08 in chips) 
Seat 5: kio_kkk ($1.33 in chips) 
Seat 6: YanoTurtle ($1.62 in chips) 
Seat 7: themarfs ($3.38 in chips) 
Seat 8: kefrensz ($1.58 in chips) 
Seat 9: cberto09 ($3.27 in chips) 
kio_kkk: posts small blind $0.01
YanoTurtle: posts big blind $0.02
*** HOLE CARDS ***
Dealt to Dorex2007 [9d 3c]
themarfs: folds 
kefrensz: folds 
cberto09: folds 
andrestuqui: folds 
trinche12: folds 
Dorex2007: folds 
CdnBassist: raises $0.05 to $0.07
kio_kkk: folds 
YanoTurtle: calls $0.05
*** FLOP *** [6d Qs Jd]
YanoTurtle: checks 
CdnBassist: bets $0.14
YanoTurtle: raises $0.16 to $0.30
CdnBassist: raises $0.71 to $1.01 and is all-in
YanoTurtle: calls $0.71
*** TURN *** [6d Qs Jd] [Th]
*** RIVER *** [6d Qs Jd Th] [5d]
*** SHOW DOWN ***
YanoTurtle: shows [Qd Ac] (a pair of Queens)
CdnBassist: shows [Td Ad] (a flush, Ace high)
CdnBassist collected $2.09 from pot
*** SUMMARY ***
Total pot $2.17 | Rake $0.08 
Board [6d Qs Jd Th 5d]
Seat 1: andrestuqui folded before Flop (didn't bet)
Seat 2: trinche12 folded before Flop (didn't bet)
Seat 3: Dorex2007 folded before Flop (didn't bet)
Seat 4: CdnBassist (button) showed [Td Ad] and won ($2.09) with a flush, Ace high
Seat 5: kio_kkk (small blind) folded before Flop
Seat 6: YanoTurtle (big blind) showed [Qd Ac] and lost with a pair of Queens
Seat 7: themarfs folded before Flop (didn't bet)
Seat 8: kefrensz folded before Flop (didn't bet)
Seat 9: cberto09 folded before Flop (didn't bet)



PokerStars Hand #223597582410:  Hold'em No Limit ($0.01/$0.02 USD) - 2021/02/08 19:32:23 PT [2021/02/08 22:32:23 ET]
Table 'Cassini II' 9-max Seat #5 is the button
Seat 1: andrestuqui ($0.83 in chips) 
Seat 2: trinche12 ($2.45 in chips) 
Seat 3: Dorex2007 ($2.51 in chips) 
Seat 4: CdnBassist ($2.09 in chips) 
Seat 5: kio_kkk ($1.32 in chips) 
Seat 6: YanoTurtle ($0.54 in chips) 
Seat 7: themarfs ($3.38 in chips) 
Seat 8: kefrensz ($1.58 in chips) 
Seat 9: cberto09 ($3.27 in chips) 
YanoTurtle: posts small blind $0.01
themarfs: posts big blind $0.02
*** HOLE CARDS ***
Dealt to Dorex2007 [2d Jh]
kefrensz: calls $0.02
cberto09: folds 
andrestuqui: folds 
trinche12: folds 
Dorex2007: folds 
CdnBassist: folds 
kio_kkk: raises $0.06 to $0.08
YanoTurtle: folds 
themarfs: folds 
kefrensz: calls $0.06
*** FLOP *** [Tc 4h 7d]
kefrensz: checks 
kio_kkk: bets $0.11
kefrensz: folds 
Uncalled bet ($0.11) returned to kio_kkk
kio_kkk collected $0.18 from pot
kio_kkk: doesn't show hand 
*** SUMMARY ***
Total pot $0.19 | Rake $0.01 
Board [Tc 4h 7d]
Seat 1: andrestuqui folded before Flop (didn't bet)
Seat 2: trinche12 folded before Flop (didn't bet)
Seat 3: Dorex2007 folded before Flop (didn't bet)
Seat 4: CdnBassist folded before Flop (didn't bet)
Seat 5: kio_kkk (button) collected ($0.18)
Seat 6: YanoTurtle (small blind) folded before Flop
Seat 7: themarfs (big blind) folded before Flop
Seat 8: kefrensz folded on the Flop
Seat 9: cberto09 folded before Flop (didn't bet)



PokerStars Hand #223597594936:  Hold'em No Limit ($0.01/$0.02 USD) - 2021/02/08 19:33:10 PT [2021/02/08 22:33:10 ET]
Table 'Cassini II' 9-max Seat #6 is the button
Seat 1: andrestuqui ($0.83 in chips) 
Seat 2: trinche12 ($2.45 in chips) 
Seat 3: Dorex2007 ($2.51 in chips) 
Seat 4: CdnBassist ($2.09 in chips) 
Seat 5: kio_kkk ($1.42 in chips) 
Seat 6: YanoTurtle ($0.53 in chips) 
Seat 7: themarfs ($3.36 in chips) 
Seat 8: kefrensz ($1.50 in chips) 
Seat 9: cberto09 ($3.27 in chips) 
themarfs: posts small blind $0.01
kefrensz: posts big blind $0.02
*** HOLE CARDS ***
Dealt to Dorex2007 [5h Jd]
cberto09: folds 
andrestuqui: calls $0.02
trinche12: folds 
Dorex2007: folds 
CdnBassist: raises $0.07 to $0.09
kio_kkk: folds 
YanoTurtle: raises $0.44 to $0.53 and is all-in
themarfs: folds 
kefrensz: folds 
andrestuqui: folds 
CdnBassist: calls $0.44
*** FLOP *** [Tc 5d Ks]
*** TURN *** [Tc 5d Ks] [6s]
*** RIVER *** [Tc 5d Ks 6s] [Qd]
*** SHOW DOWN ***
CdnBassist: shows [Kd Ac] (a pair of Kings)
YanoTurtle: shows [Kh As] (a pair of Kings)
CdnBassist collected $0.54 from pot
YanoTurtle collected $0.53 from pot
*** SUMMARY ***
Total pot $1.11 | Rake $0.04 
Board [Tc 5d Ks 6s Qd]
Seat 1: andrestuqui folded before Flop
Seat 2: trinche12 folded before Flop (didn't bet)
Seat 3: Dorex2007 folded before Flop (didn't bet)
Seat 4: CdnBassist showed [Kd Ac] and won ($0.54) with a pair of Kings
Seat 5: kio_kkk folded before Flop (didn't bet)
Seat 6: YanoTurtle (button) showed [Kh As] and won ($0.53) with a pair of Kings
Seat 7: themarfs (small blind) folded before Flop
Seat 8: kefrensz (big blind) folded before Flop
Seat 9: cberto09 folded before Flop (didn't bet)



PokerStars Hand #223597609490:  Hold'em No Limit ($0.01/$0.02 USD) - 2021/02/08 19:33:49 PT [2021/02/08 22:33:49 ET]
Table 'Cassini II' 9-max Seat #7 is the button
Seat 1: andrestuqui ($0.81 in chips) 
Seat 2: trinche12 ($2.45 in chips) 
Seat 3: Dorex2007 ($2.51 in chips) 
Seat 4: CdnBassist ($2.10 in chips) 
Seat 5: kio_kkk ($1.42 in chips) 
Seat 6: YanoTurtle ($0.53 in chips) 
Seat 7: themarfs ($3.35 in chips) 
Seat 8: kefrensz ($1.48 in chips) 
Seat 9: cberto09 ($3.27 in chips) 
kefrensz: posts small blind $0.01
cberto09: posts big blind $0.02
*** HOLE CARDS ***
Dealt to Dorex2007 [Jh Kc]
andrestuqui: folds 
trinche12: folds 
Dorex2007: raises $0.02 to $0.04
CdnBassist: raises $0.11 to $0.15
kio_kkk: folds 
YanoTurtle: raises $0.38 to $0.53 and is all-in
themarfs: folds 
kefrensz: folds 
cberto09: folds 
Dorex2007: folds 
CdnBassist: calls $0.38
*** FLOP *** [6c Tc 8d]
*** TURN *** [6c Tc 8d] [5s]
*** RIVER *** [6c Tc 8d 5s] [6d]
*** SHOW DOWN ***
CdnBassist: shows [Ad Kd] (a pair of Sixes)
YanoTurtle: shows [Jc Ac] (a pair of Sixes - lower kicker)
CdnBassist collected $1.09 from pot
*** SUMMARY ***
Total pot $1.13 | Rake $0.04 
Board [6c Tc 8d 5s 6d]
Seat 1: andrestuqui folded before Flop (didn't bet)
Seat 2: trinche12 folded before Flop (didn't bet)
Seat 3: Dorex2007 folded before Flop
Seat 4: CdnBassist showed [Ad Kd] and won ($1.09) with a pair of Sixes
Seat 5: kio_kkk folded before Flop (didn't bet)
Seat 6: YanoTurtle showed [Jc Ac] and lost with a pair of Sixes
Seat 7: themarfs (button) folded before Flop (didn't bet)
Seat 8: kefrensz (small blind) folded before Flop
Seat 9: cberto09 (big blind) folded before Flop



PokerStars Hand #223597618167:  Hold'em No Limit ($0.01/$0.02 USD) - 2021/02/08 19:34:22 PT [2021/02/08 22:34:22 ET]
Table 'Cassini II' 9-max Seat #8 is the button
Seat 1: andrestuqui ($0.81 in chips) 
Seat 2: trinche12 ($2.45 in chips) 
Seat 3: Dorex2007 ($2.47 in chips) 
Seat 4: CdnBassist ($2.66 in chips) 
Seat 5: kio_kkk ($1.42 in chips) 
Seat 7: themarfs ($3.35 in chips) 
Seat 8: kefrensz ($1.47 in chips) 
Seat 9: cberto09 ($3.25 in chips) 
cberto09: posts small blind $0.01
andrestuqui: posts big blind $0.02
*** HOLE CARDS ***
Dealt to Dorex2007 [9d Ad]
trinche12: folds 
Dorex2007: raises $0.02 to $0.04
CdnBassist: folds 
kio_kkk: folds 
trinche12 leaves the table
themarfs: folds 
kefrensz: folds 
cberto09: folds 
andrestuqui: calls $0.02
*** FLOP *** [7c Td Kd]
YanoTurtle leaves the table
andrestuqui: checks 
Dorex2007: checks 
*** TURN *** [7c Td Kd] [Ks]
andrestuqui: checks 
Dorex2007: checks 
*** RIVER *** [7c Td Kd Ks] [3s]
andrestuqui: bets $0.09
Dorex2007: calls $0.09
*** SHOW DOWN ***
andrestuqui: shows [2d Kc] (three of a kind, Kings)
Dorex2007: mucks hand 
andrestuqui collected $0.26 from pot
*** SUMMARY ***
Total pot $0.27 | Rake $0.01 
Board [7c Td Kd Ks 3s]
Seat 1: andrestuqui (big blind) showed [2d Kc] and won ($0.26) with three of a kind, Kings
Seat 2: trinche12 folded before Flop (didn't bet)
Seat 3: Dorex2007 mucked [9d Ad]
Seat 4: CdnBassist folded before Flop (didn't bet)
Seat 5: kio_kkk folded before Flop (didn't bet)
Seat 7: themarfs folded before Flop (didn't bet)
Seat 8: kefrensz (button) folded before Flop (didn't bet)
Seat 9: cberto09 (small blind) folded before Flop



PokerStars Hand #223597626518:  Hold'em No Limit ($0.01/$0.02 USD) - 2021/02/08 19:34:54 PT [2021/02/08 22:34:54 ET]
Table 'Cassini II' 9-max Seat #9 is the button
Seat 1: andrestuqui ($0.94 in chips) 
Seat 3: Dorex2007 ($2.34 in chips) 
Seat 4: CdnBassist ($2.66 in chips) 
Seat 5: kio_kkk ($1.42 in chips) 
Seat 7: themarfs ($3.35 in chips) 
Seat 8: kefrensz ($1.47 in chips) 
Seat 9: cberto09 ($3.24 in chips) 
andrestuqui: posts small blind $0.01
Dorex2007: posts big blind $0.02
*** HOLE CARDS ***
Dealt to Dorex2007 [5s Js]
CdnBassist: folds 
kio_kkk: folds 
themarfs: folds 
kefrensz: folds 
cberto09: raises $0.05 to $0.07
andrestuqui: folds 
Dorex2007: folds 
Uncalled bet ($0.05) returned to cberto09
cberto09 collected $0.05 from pot
cberto09: doesn't show hand 
*** SUMMARY ***
Total pot $0.05 | Rake $0 
Seat 1: andrestuqui (small blind) folded before Flop
Seat 3: Dorex2007 (big blind) folded before Flop
Seat 4: CdnBassist folded before Flop (didn't bet)
Seat 5: kio_kkk folded before Flop (didn't bet)
Seat 7: themarfs folded before Flop (didn't bet)
Seat 8: kefrensz folded before Flop (didn't bet)
Seat 9: cberto09 (button) collected ($0.05)



PokerStars Hand #223597631722:  Hold'em No Limit ($0.01/$0.02 USD) - 2021/02/08 19:35:14 PT [2021/02/08 22:35:14 ET]
Table 'Cassini II' 9-max Seat #1 is the button
Seat 1: andrestuqui ($0.93 in chips) 
Seat 3: Dorex2007 ($2.32 in chips) 
Seat 4: CdnBassist ($2.66 in chips) 
Seat 5: kio_kkk ($1.42 in chips) 
Seat 7: themarfs ($3.35 in chips) 
Seat 8: kefrensz ($1.47 in chips) 
Seat 9: cberto09 ($3.27 in chips) 
Dorex2007: posts small blind $0.01
CdnBassist: posts big blind $0.02
*** HOLE CARDS ***
Dealt to Dorex2007 [Ks Kh]
kio_kkk: folds 
themarfs: folds 
kefrensz: folds 
cberto09: folds 
andrestuqui: folds 
Dorex2007: raises $0.04 to $0.06
CdnBassist: calls $0.04
*** FLOP *** [8d 3d 9h]
Dorex2007: bets $0.12
CdnBassist: calls $0.12
*** TURN *** [8d 3d 9h] [3c]
Dorex2007: bets $0.18
CdnBassist: folds 
Uncalled bet ($0.18) returned to Dorex2007
Dorex2007 collected $0.35 from pot
Dorex2007: doesn't show hand 
*** SUMMARY ***
Total pot $0.36 | Rake $0.01 
Board [8d 3d 9h 3c]
Seat 1: andrestuqui (button) folded before Flop (didn't bet)
Seat 3: Dorex2007 (small blind) collected ($0.35)
Seat 4: CdnBassist (big blind) folded on the Turn
Seat 5: kio_kkk folded before Flop (didn't bet)
Seat 7: themarfs folded before Flop (didn't bet)
Seat 8: kefrensz folded before Flop (didn't bet)
Seat 9: cberto09 folded before Flop (didn't bet)



PokerStars Hand #223597649294:  Hold'em No Limit ($0.01/$0.02 USD) - 2021/02/08 19:36:00 PT [2021/02/08 22:36:00 ET]
Table 'Cassini II' 9-max Seat #3 is the button
Seat 1: andrestuqui ($0.93 in chips) 
Seat 3: Dorex2007 ($2.49 in chips) 
Seat 4: CdnBassist ($2.48 in chips) 
Seat 5: kio_kkk ($1.42 in chips) 
Seat 7: themarfs ($3.35 in chips) 
Seat 8: kefrensz ($1.47 in chips) 
Seat 9: cberto09 ($3.27 in chips) 
CdnBassist: posts small blind $0.01
kio_kkk: posts big blind $0.02
*** HOLE CARDS ***
Dealt to Dorex2007 [Ts 9c]
themarfs: folds 
kefrensz: folds 
cberto09: folds 
andrestuqui: folds 
Dorex2007: folds 
CdnBassist: folds 
Uncalled bet ($0.01) returned to kio_kkk
kio_kkk collected $0.02 from pot
kio_kkk: doesn't show hand 
*** SUMMARY ***
Total pot $0.02 | Rake $0 
Seat 1: andrestuqui folded before Flop (didn't bet)
Seat 3: Dorex2007 (button) folded before Flop (didn't bet)
Seat 4: CdnBassist (small blind) folded before Flop
Seat 5: kio_kkk (big blind) collected ($0.02)
Seat 7: themarfs folded before Flop (didn't bet)
Seat 8: kefrensz folded before Flop (didn't bet)
Seat 9: cberto09 folded before Flop (didn't bet)



PokerStars Hand #223597653142:  Hold'em No Limit ($0.01/$0.02 USD) - 2021/02/08 19:36:15 PT [2021/02/08 22:36:15 ET]
Table 'Cassini II' 9-max Seat #4 is the button
Seat 1: andrestuqui ($0.93 in chips) 
Seat 3: Dorex2007 ($2.49 in chips) 
Seat 4: CdnBassist ($2.47 in chips) 
Seat 5: kio_kkk ($1.43 in chips) 
Seat 7: themarfs ($3.35 in chips) 
Seat 8: kefrensz ($1.47 in chips) 
Seat 9: cberto09 ($3.27 in chips) 
kio_kkk: posts small blind $0.01
themarfs: posts big blind $0.02
*** HOLE CARDS ***
Dealt to Dorex2007 [As 4s]
kefrensz: folds 
cberto09: folds 
andrestuqui: folds 
Dorex2007: calls $0.02
CdnBassist: calls $0.02
kio_kkk: calls $0.01
themarfs: raises $0.12 to $0.14
Dorex2007: folds 
CdnBassist: folds 
kio_kkk: folds 
Uncalled bet ($0.12) returned to themarfs
themarfs collected $0.08 from pot
themarfs: doesn't show hand 
*** SUMMARY ***
Total pot $0.08 | Rake $0 
Seat 1: andrestuqui folded before Flop (didn't bet)
Seat 3: Dorex2007 folded before Flop
Seat 4: CdnBassist (button) folded before Flop
Seat 5: kio_kkk (small blind) folded before Flop
Seat 7: themarfs (big blind) collected ($0.08)
Seat 8: kefrensz folded before Flop (didn't bet)
Seat 9: cberto09 folded before Flop (didn't bet)



PokerStars Hand #223597660268:  Hold'em No Limit ($0.01/$0.02 USD) - 2021/02/08 19:36:43 PT [2021/02/08 22:36:43 ET]
Table 'Cassini II' 9-max Seat #5 is the button
Seat 1: andrestuqui ($0.93 in chips) 
Seat 3: Dorex2007 ($2.47 in chips) 
Seat 4: CdnBassist ($2.45 in chips) 
Seat 5: kio_kkk ($1.41 in chips) 
Seat 7: themarfs ($3.41 in chips) 
Seat 8: kefrensz ($1.47 in chips) 
Seat 9: cberto09 ($3.27 in chips) 
themarfs: posts small blind $0.01
kefrensz: posts big blind $0.02
*** HOLE CARDS ***
Dealt to Dorex2007 [Kh 4c]
cberto09: folds 
andrestuqui: calls $0.02
Dorex2007: folds 
CdnBassist: folds 
kio_kkk: calls $0.02
themarfs: calls $0.01
kefrensz: checks 
*** FLOP *** [6s Ac 2h]
themarfs: checks 
kefrensz: checks 
andrestuqui: bets $0.04
kio_kkk: folds 
themarfs: folds 
kefrensz: folds 
Uncalled bet ($0.04) returned to andrestuqui
andrestuqui collected $0.08 from pot
andrestuqui: doesn't show hand 
*** SUMMARY ***
Total pot $0.08 | Rake $0 
Board [6s Ac 2h]
Seat 1: andrestuqui collected ($0.08)
Seat 3: Dorex2007 folded before Flop (didn't bet)
Seat 4: CdnBassist folded before Flop (didn't bet)
Seat 5: kio_kkk (button) folded on the Flop
Seat 7: themarfs (small blind) folded on the Flop
Seat 8: kefrensz (big blind) folded on the Flop
Seat 9: cberto09 folded before Flop (didn't bet)



PokerStars Hand #223597672429:  Hold'em No Limit ($0.01/$0.02 USD) - 2021/02/08 19:37:29 PT [2021/02/08 22:37:29 ET]
Table 'Cassini II' 9-max Seat #7 is the button
Seat 1: andrestuqui ($0.99 in chips) 
Seat 3: Dorex2007 ($2.47 in chips) 
Seat 4: CdnBassist ($2.45 in chips) 
Seat 5: kio_kkk ($1.39 in chips) 
Seat 7: themarfs ($3.39 in chips) 
Seat 8: kefrensz ($1.45 in chips) 
Seat 9: cberto09 ($3.27 in chips) 
kefrensz: posts small blind $0.01
cberto09: posts big blind $0.02
*** HOLE CARDS ***
Dealt to Dorex2007 [Qc 6d]
andrestuqui: folds 
Dorex2007: folds 
CdnBassist: folds 
kio_kkk: raises $0.02 to $0.04
themarfs: folds 
kefrensz: calls $0.03
cberto09: folds 
*** FLOP *** [5s 8s 8d]
kefrensz: checks 
kio_kkk: bets $0.06
kefrensz: calls $0.06
*** TURN *** [5s 8s 8d] [9c]
kefrensz: checks 
kio_kkk: bets $0.10
kefrensz: calls $0.10
*** RIVER *** [5s 8s 8d 9c] [4s]
kefrensz: checks 
kio_kkk: checks 
*** SHOW DOWN ***
kefrensz: shows [2s 2d] (two pair, Eights and Deuces)
kio_kkk: shows [9h Ts] (two pair, Nines and Eights)
kio_kkk collected $0.41 from pot
*** SUMMARY ***
Total pot $0.42 | Rake $0.01 
Board [5s 8s 8d 9c 4s]
Seat 1: andrestuqui folded before Flop (didn't bet)
Seat 3: Dorex2007 folded before Flop (didn't bet)
Seat 4: CdnBassist folded before Flop (didn't bet)
Seat 5: kio_kkk showed [9h Ts] and won ($0.41) with two pair, Nines and Eights
Seat 7: themarfs (button) folded before Flop (didn't bet)
Seat 8: kefrensz (small blind) showed [2s 2d] and lost with two pair, Eights and Deuces
Seat 9: cberto09 (big blind) folded before Flop



PokerStars Hand #223597687659:  Hold'em No Limit ($0.01/$0.02 USD) - 2021/02/08 19:38:27 PT [2021/02/08 22:38:27 ET]
Table 'Cassini II' 9-max Seat #8 is the button
Seat 3: Dorex2007 ($2.47 in chips) 
Seat 4: CdnBassist ($2.45 in chips) 
Seat 5: kio_kkk ($1.60 in chips) 
Seat 7: themarfs ($3.39 in chips) 
Seat 8: kefrensz ($1.25 in chips) 
Seat 9: cberto09 ($3.25 in chips) 
cberto09: posts small blind $0.01
andrestuqui: is sitting out 
Dorex2007: posts big blind $0.02
*** HOLE CARDS ***
Dealt to Dorex2007 [Ad 6s]
CdnBassist: folds 
kio_kkk: folds 
themarfs: folds 
kefrensz: folds 
cberto09: folds 
Uncalled bet ($0.01) returned to Dorex2007
Dorex2007 collected $0.02 from pot
Dorex2007: doesn't show hand 
*** SUMMARY ***
Total pot $0.02 | Rake $0 
Seat 3: Dorex2007 (big blind) collected ($0.02)
Seat 4: CdnBassist folded before Flop (didn't bet)
Seat 5: kio_kkk folded before Flop (didn't bet)
Seat 7: themarfs folded before Flop (didn't bet)
Seat 8: kefrensz (button) folded before Flop (didn't bet)
Seat 9: cberto09 (small blind) folded before Flop



PokerStars Hand #223597691041:  Hold'em No Limit ($0.01/$0.02 USD) - 2021/02/08 19:38:41 PT [2021/02/08 22:38:41 ET]
Table 'Cassini II' 9-max Seat #9 is the button
Seat 3: Dorex2007 ($2.48 in chips) 
Seat 5: kio_kkk ($1.60 in chips) 
Seat 7: themarfs ($3.39 in chips) 
Seat 8: kefrensz ($1.25 in chips) 
Seat 9: cberto09 ($3.24 in chips) 
Dorex2007: posts small blind $0.01
andrestuqui leaves the table
CdnBassist: is sitting out 
kio_kkk: posts big blind $0.02
*** HOLE CARDS ***
Dealt to Dorex2007 [2c 3c]
themarfs: folds 
themarfs leaves the table
CdnBassist leaves the table
kefrensz: folds 
cberto09: folds 
Dorex2007: folds 
Uncalled bet ($0.01) returned to kio_kkk
kio_kkk collected $0.02 from pot
kio_kkk: doesn't show hand 
*** SUMMARY ***
Total pot $0.02 | Rake $0 
Seat 3: Dorex2007 (small blind) folded before Flop
Seat 5: kio_kkk (big blind) collected ($0.02)
Seat 7: themarfs folded before Flop (didn't bet)
Seat 8: kefrensz folded before Flop (didn't bet)
Seat 9: cberto09 (button) folded before Flop (didn't bet)



