PokerStars Hand #227074676103:  Hold'em No Limit ($0.01/$0.02 USD) - 2021/05/26 0:29:19 PT [2021/05/26 3:29:19 ET]
Table 'Melanie II' 9-max Seat #5 is the button
Seat 2: Dorex2007 ($2 in chips) 
Seat 3: pandora884 ($1.49 in chips) 
Seat 4: Zuban442 ($1.43 in chips) 
Seat 5: VIST0988 ($1.57 in chips) 
Seat 6: max545545 ($2.02 in chips) 
Seat 7: BumBumLauer ($1.60 in chips) 
Seat 8: birgit233 ($1.94 in chips) 
Seat 9: Wayniak187 ($1.23 in chips) 
max545545: posts small blind $0.01
BumBumLauer: posts big blind $0.02
Dorex2007: posts big blind $0.02
*** HOLE CARDS ***
Dealt to Dorex2007 [2s 8c]
birgit233: folds 
Wayniak187: folds 
Dorex2007: checks 
pandora884: folds 
Zuban442: folds 
VIST0988: folds 
max545545: folds 
BumBumLauer: checks 
*** FLOP *** [7h Kd As]
BumBumLauer: bets $0.02
Dorex2007: folds 
Uncalled bet ($0.02) returned to BumBumLauer
BumBumLauer collected $0.05 from pot
BumBumLauer: doesn't show hand 
*** SUMMARY ***
Total pot $0.05 | Rake $0 
Board [7h Kd As]
Seat 2: Dorex2007 folded on the Flop (didn't bet)
Seat 3: pandora884 folded before Flop (didn't bet)
Seat 4: Zuban442 folded before Flop (didn't bet)
Seat 5: VIST0988 (button) folded before Flop (didn't bet)
Seat 6: max545545 (small blind) folded before Flop
Seat 7: BumBumLauer (big blind) collected ($0.05)
Seat 8: birgit233 folded before Flop (didn't bet)
Seat 9: Wayniak187 folded before Flop (didn't bet)



PokerStars Hand #227074680935:  Hold'em No Limit ($0.01/$0.02 USD) - 2021/05/26 0:29:50 PT [2021/05/26 3:29:50 ET]
Table 'Melanie II' 9-max Seat #6 is the button
Seat 2: Dorex2007 ($1.98 in chips) 
Seat 3: pandora884 ($1.49 in chips) 
Seat 4: Zuban442 ($1.43 in chips) 
Seat 5: VIST0988 ($1.57 in chips) 
Seat 6: max545545 ($2.01 in chips) 
Seat 7: BumBumLauer ($1.63 in chips) 
Seat 8: birgit233 ($1.94 in chips) 
Seat 9: Wayniak187 ($1.23 in chips) 
BumBumLauer: posts small blind $0.01
birgit233: posts big blind $0.02
*** HOLE CARDS ***
Dealt to Dorex2007 [8h 8d]
Wayniak187: folds 
Dorex2007: raises $0.02 to $0.04
pandora884: folds 
pandora884 leaves the table
Zuban442: folds 
VIST0988: calls $0.04
max545545: calls $0.04
BumBumLauer: folds 
birgit233: folds 
*** FLOP *** [Jd 8s Ts]
Dorex2007: checks 
VIST0988: bets $0.14
max545545: folds 
Dorex2007: calls $0.14
*** TURN *** [Jd 8s Ts] [Kc]
Dorex2007: checks 
VIST0988: checks 
*** RIVER *** [Jd 8s Ts Kc] [4c]
Dorex2007: checks 
VIST0988: checks 
*** SHOW DOWN ***
Dorex2007: shows [8h 8d] (three of a kind, Eights)
VIST0988: mucks hand 
Dorex2007 collected $0.41 from pot
*** SUMMARY ***
Total pot $0.43 | Rake $0.02 
Board [Jd 8s Ts Kc 4c]
Seat 2: Dorex2007 showed [8h 8d] and won ($0.41) with three of a kind, Eights
Seat 3: pandora884 folded before Flop (didn't bet)
Seat 4: Zuban442 folded before Flop (didn't bet)
Seat 5: VIST0988 mucked [Jc Qd]
Seat 6: max545545 (button) folded on the Flop
Seat 7: BumBumLauer (small blind) folded before Flop
Seat 8: birgit233 (big blind) folded before Flop
Seat 9: Wayniak187 folded before Flop (didn't bet)



PokerStars Hand #227074689328:  Hold'em No Limit ($0.01/$0.02 USD) - 2021/05/26 0:30:45 PT [2021/05/26 3:30:45 ET]
Table 'Melanie II' 9-max Seat #7 is the button
Seat 1: ezbutr ($1.37 in chips) 
Seat 2: Dorex2007 ($2.21 in chips) 
Seat 4: Zuban442 ($1.43 in chips) 
Seat 5: VIST0988 ($1.39 in chips) 
Seat 6: max545545 ($2 in chips) 
Seat 7: BumBumLauer ($1.62 in chips) 
Seat 8: birgit233 ($1.92 in chips) 
Seat 9: Wayniak187 ($1.23 in chips) 
birgit233: posts small blind $0.01
Wayniak187: posts big blind $0.02
ezbutr: posts small & big blinds $0.03
*** HOLE CARDS ***
Dealt to Dorex2007 [6h Js]
ezbutr: raises $0.06 to $0.08
Dorex2007: calls $0.08
Zuban442: folds 
VIST0988: folds 
max545545: folds 
BumBumLauer: folds 
birgit233: folds 
Wayniak187: folds 
*** FLOP *** [Ac 6d 2s]
ezbutr: bets $0.08
Dorex2007: folds 
Uncalled bet ($0.08) returned to ezbutr
ezbutr collected $0.19 from pot
ezbutr: doesn't show hand 
*** SUMMARY ***
Total pot $0.20 | Rake $0.01 
Board [Ac 6d 2s]
Seat 1: ezbutr collected ($0.19)
Seat 2: Dorex2007 folded on the Flop
Seat 4: Zuban442 folded before Flop (didn't bet)
Seat 5: VIST0988 folded before Flop (didn't bet)
Seat 6: max545545 folded before Flop (didn't bet)
Seat 7: BumBumLauer (button) folded before Flop (didn't bet)
Seat 8: birgit233 (small blind) folded before Flop
Seat 9: Wayniak187 (big blind) folded before Flop



PokerStars Hand #227074694751:  Hold'em No Limit ($0.01/$0.02 USD) - 2021/05/26 0:31:21 PT [2021/05/26 3:31:21 ET]
Table 'Melanie II' 9-max Seat #8 is the button
Seat 1: ezbutr ($1.47 in chips) 
Seat 2: Dorex2007 ($2.13 in chips) 
Seat 4: Zuban442 ($1.43 in chips) 
Seat 5: VIST0988 ($1.39 in chips) 
Seat 6: max545545 ($2 in chips) 
Seat 7: BumBumLauer ($1.62 in chips) 
Seat 8: birgit233 ($1.91 in chips) 
Seat 9: Wayniak187 ($1.21 in chips) 
Wayniak187: posts small blind $0.01
ezbutr: posts big blind $0.02
*** HOLE CARDS ***
Dealt to Dorex2007 [4h 2s]
Dorex2007: folds 
Zuban442: folds 
VIST0988: calls $0.02
GoldenTime008 joins the table at seat #3 
max545545: raises $0.06 to $0.08
BumBumLauer: folds 
birgit233: folds 
Wayniak187: folds 
ezbutr: calls $0.06
VIST0988: calls $0.06
*** FLOP *** [Ah Kd 6h]
ezbutr: checks 
VIST0988: checks 
max545545: bets $0.16
ezbutr: folds 
VIST0988: folds 
Uncalled bet ($0.16) returned to max545545
max545545 collected $0.24 from pot
max545545: doesn't show hand 
*** SUMMARY ***
Total pot $0.25 | Rake $0.01 
Board [Ah Kd 6h]
Seat 1: ezbutr (big blind) folded on the Flop
Seat 2: Dorex2007 folded before Flop (didn't bet)
Seat 4: Zuban442 folded before Flop (didn't bet)
Seat 5: VIST0988 folded on the Flop
Seat 6: max545545 collected ($0.24)
Seat 7: BumBumLauer folded before Flop (didn't bet)
Seat 8: birgit233 (button) folded before Flop (didn't bet)
Seat 9: Wayniak187 (small blind) folded before Flop



PokerStars Hand #227074702663:  Hold'em No Limit ($0.01/$0.02 USD) - 2021/05/26 0:32:12 PT [2021/05/26 3:32:12 ET]
Table 'Melanie II' 9-max Seat #9 is the button
Seat 1: ezbutr ($1.39 in chips) 
Seat 2: Dorex2007 ($2.13 in chips) 
Seat 4: Zuban442 ($1.43 in chips) 
Seat 5: VIST0988 ($1.31 in chips) 
Seat 6: max545545 ($2.16 in chips) 
Seat 7: BumBumLauer ($1.62 in chips) 
Seat 8: birgit233 ($1.91 in chips) 
Seat 9: Wayniak187 ($1.20 in chips) 
ezbutr: posts small blind $0.01
Dorex2007: posts big blind $0.02
GoldenTime008: sits out 
*** HOLE CARDS ***
Dealt to Dorex2007 [5d Qh]
Zuban442: folds 
VIST0988: folds 
max545545: folds 
BumBumLauer: raises $0.04 to $0.06
birgit233: folds 
Wayniak187: folds 
ezbutr: folds 
Dorex2007: folds 
Uncalled bet ($0.04) returned to BumBumLauer
BumBumLauer collected $0.05 from pot
BumBumLauer: doesn't show hand 
*** SUMMARY ***
Total pot $0.05 | Rake $0 
Seat 1: ezbutr (small blind) folded before Flop
Seat 2: Dorex2007 (big blind) folded before Flop
Seat 4: Zuban442 folded before Flop (didn't bet)
Seat 5: VIST0988 folded before Flop (didn't bet)
Seat 6: max545545 folded before Flop (didn't bet)
Seat 7: BumBumLauer collected ($0.05)
Seat 8: birgit233 folded before Flop (didn't bet)
Seat 9: Wayniak187 (button) folded before Flop (didn't bet)



PokerStars Hand #227074705491:  Hold'em No Limit ($0.01/$0.02 USD) - 2021/05/26 0:32:30 PT [2021/05/26 3:32:30 ET]
Table 'Melanie II' 9-max Seat #1 is the button
Seat 1: ezbutr ($1.38 in chips) 
Seat 2: Dorex2007 ($2.11 in chips) 
Seat 3: GoldenTime008 ($2 in chips) 
Seat 4: Zuban442 ($1.43 in chips) 
Seat 5: VIST0988 ($1.31 in chips) 
Seat 6: max545545 ($2.16 in chips) 
Seat 7: BumBumLauer ($1.65 in chips) 
Seat 8: birgit233 ($1.91 in chips) 
Seat 9: Wayniak187 ($1.20 in chips) 
Dorex2007: posts small blind $0.01
GoldenTime008: posts big blind $0.02
*** HOLE CARDS ***
Dealt to Dorex2007 [Ac Ts]
Zuban442: folds 
VIST0988: folds 
max545545: raises $0.04 to $0.06
BumBumLauer: folds 
birgit233: folds 
Wayniak187: calls $0.06
ezbutr: folds 
Dorex2007: calls $0.05
GoldenTime008: calls $0.04
*** FLOP *** [Kh Jh Jc]
Dorex2007: checks 
GoldenTime008: checks 
max545545: bets $0.14
Wayniak187: calls $0.14
Zuban442 leaves the table
Dorex2007: folds 
GoldenTime008: calls $0.14
*** TURN *** [Kh Jh Jc] [4d]
GoldenTime008: checks 
max545545: bets $0.50
Wayniak187: raises $0.50 to $1 and is all-in
GoldenTime008: folds 
max545545: calls $0.50
*** RIVER *** [Kh Jh Jc 4d] [Ad]
*** SHOW DOWN ***
max545545: shows [Ks Qc] (two pair, Kings and Jacks)
Wayniak187: shows [Qh Js] (three of a kind, Jacks)
Wayniak187 collected $2.57 from pot
*** SUMMARY ***
Total pot $2.66 | Rake $0.09 
Board [Kh Jh Jc 4d Ad]
Seat 1: ezbutr (button) folded before Flop (didn't bet)
Seat 2: Dorex2007 (small blind) folded on the Flop
Seat 3: GoldenTime008 (big blind) folded on the Turn
Seat 4: Zuban442 folded before Flop (didn't bet)
Seat 5: VIST0988 folded before Flop (didn't bet)
Seat 6: max545545 showed [Ks Qc] and lost with two pair, Kings and Jacks
Seat 7: BumBumLauer folded before Flop (didn't bet)
Seat 8: birgit233 folded before Flop (didn't bet)
Seat 9: Wayniak187 showed [Qh Js] and won ($2.57) with three of a kind, Jacks



PokerStars Hand #227074717756:  Hold'em No Limit ($0.01/$0.02 USD) - 2021/05/26 0:33:51 PT [2021/05/26 3:33:51 ET]
Table 'Melanie II' 9-max Seat #2 is the button
Seat 1: ezbutr ($1.38 in chips) 
Seat 2: Dorex2007 ($2.05 in chips) 
Seat 3: GoldenTime008 ($2 in chips) 
Seat 5: VIST0988 ($1.31 in chips) 
Seat 6: max545545 ($2 in chips) 
Seat 7: BumBumLauer ($1.65 in chips) 
Seat 8: birgit233 ($1.91 in chips) 
Seat 9: Wayniak187 ($2.57 in chips) 
GoldenTime008: posts small blind $0.01
VIST0988: posts big blind $0.02
*** HOLE CARDS ***
Dealt to Dorex2007 [Js 2c]
max545545 said, "lucky"
max545545: raises $0.06 to $0.08
BumBumLauer: folds 
birgit233: folds 
Wayniak187: folds 
ezbutr: folds 
Dorex2007: folds 
GoldenTime008: folds 
VIST0988: folds 
Uncalled bet ($0.06) returned to max545545
max545545 collected $0.05 from pot
max545545: doesn't show hand 
*** SUMMARY ***
Total pot $0.05 | Rake $0 
Seat 1: ezbutr folded before Flop (didn't bet)
Seat 2: Dorex2007 (button) folded before Flop (didn't bet)
Seat 3: GoldenTime008 (small blind) folded before Flop
Seat 5: VIST0988 (big blind) folded before Flop
Seat 6: max545545 collected ($0.05)
Seat 7: BumBumLauer folded before Flop (didn't bet)
Seat 8: birgit233 folded before Flop (didn't bet)
Seat 9: Wayniak187 folded before Flop (didn't bet)



PokerStars Hand #227074723109:  Hold'em No Limit ($0.01/$0.02 USD) - 2021/05/26 0:34:25 PT [2021/05/26 3:34:25 ET]
Table 'Melanie II' 9-max Seat #3 is the button
Seat 1: ezbutr ($1.38 in chips) 
Seat 2: Dorex2007 ($2.05 in chips) 
Seat 3: GoldenTime008 ($2 in chips) 
Seat 5: VIST0988 ($1.29 in chips) 
Seat 6: max545545 ($2.03 in chips) 
Seat 7: BumBumLauer ($1.65 in chips) 
Seat 8: birgit233 ($1.91 in chips) 
Seat 9: Wayniak187 ($2.57 in chips) 
VIST0988: posts small blind $0.01
max545545: posts big blind $0.02
*** HOLE CARDS ***
Dealt to Dorex2007 [9s Qh]
BumBumLauer: folds 
birgit233: folds 
Wayniak187: folds 
ezbutr: folds 
Dorex2007: raises $0.04 to $0.06
GoldenTime008: folds 
VIST0988: folds 
max545545: calls $0.04
*** FLOP *** [9h Ah Tc]
max545545: checks 
Dorex2007: bets $0.09
max545545: folds 
Uncalled bet ($0.09) returned to Dorex2007
Dorex2007 collected $0.13 from pot
Dorex2007: doesn't show hand 
*** SUMMARY ***
Total pot $0.13 | Rake $0 
Board [9h Ah Tc]
Seat 1: ezbutr folded before Flop (didn't bet)
Seat 2: Dorex2007 collected ($0.13)
Seat 3: GoldenTime008 (button) folded before Flop (didn't bet)
Seat 5: VIST0988 (small blind) folded before Flop
Seat 6: max545545 (big blind) folded on the Flop
Seat 7: BumBumLauer folded before Flop (didn't bet)
Seat 8: birgit233 folded before Flop (didn't bet)
Seat 9: Wayniak187 folded before Flop (didn't bet)



PokerStars Hand #227074728130:  Hold'em No Limit ($0.01/$0.02 USD) - 2021/05/26 0:34:57 PT [2021/05/26 3:34:57 ET]
Table 'Melanie II' 9-max Seat #5 is the button
Seat 1: ezbutr ($1.38 in chips) 
Seat 2: Dorex2007 ($2.12 in chips) 
Seat 3: GoldenTime008 ($2 in chips) 
Seat 5: VIST0988 ($1.28 in chips) 
Seat 6: max545545 ($2 in chips) 
Seat 7: BumBumLauer ($1.65 in chips) 
Seat 8: birgit233 ($1.91 in chips) 
Seat 9: Wayniak187 ($2.57 in chips) 
max545545: posts small blind $0.01
BumBumLauer: posts big blind $0.02
*** HOLE CARDS ***
Dealt to Dorex2007 [9h 6c]
VirgoMoonAng joins the table at seat #4 
birgit233 has timed out
birgit233: folds 
Wayniak187 has timed out
Wayniak187: folds 
ezbutr: folds 
Dorex2007: folds 
GoldenTime008: folds 
VIST0988: folds 
max545545: raises $0.04 to $0.06
BumBumLauer: folds 
Uncalled bet ($0.04) returned to max545545
max545545 collected $0.04 from pot
max545545: doesn't show hand 
*** SUMMARY ***
Total pot $0.04 | Rake $0 
Seat 1: ezbutr folded before Flop (didn't bet)
Seat 2: Dorex2007 folded before Flop (didn't bet)
Seat 3: GoldenTime008 folded before Flop (didn't bet)
Seat 5: VIST0988 (button) folded before Flop (didn't bet)
Seat 6: max545545 (small blind) collected ($0.04)
Seat 7: BumBumLauer (big blind) folded before Flop
Seat 8: birgit233 folded before Flop (didn't bet)
Seat 9: Wayniak187 folded before Flop (didn't bet)



PokerStars Hand #227074733092:  Hold'em No Limit ($0.01/$0.02 USD) - 2021/05/26 0:35:29 PT [2021/05/26 3:35:29 ET]
Table 'Melanie II' 9-max Seat #6 is the button
Seat 1: ezbutr ($1.38 in chips) 
Seat 2: Dorex2007 ($2.12 in chips) 
Seat 3: GoldenTime008 ($2 in chips) 
Seat 5: VIST0988 ($1.28 in chips) 
Seat 6: max545545 ($2.02 in chips) 
Seat 7: BumBumLauer ($1.63 in chips) 
Seat 8: birgit233 ($1.91 in chips) 
BumBumLauer: posts small blind $0.01
birgit233: posts big blind $0.02
VirgoMoonAng: sits out 
*** HOLE CARDS ***
Dealt to Dorex2007 [7d 4h]
ezbutr: folds 
Dorex2007: folds 
GoldenTime008: folds 
VIST0988: raises $0.02 to $0.04
max545545: raises $0.10 to $0.14
BumBumLauer: folds 
birgit233: folds 
VIST0988: folds 
Uncalled bet ($0.10) returned to max545545
max545545 collected $0.11 from pot
max545545: doesn't show hand 
*** SUMMARY ***
Total pot $0.11 | Rake $0 
Seat 1: ezbutr folded before Flop (didn't bet)
Seat 2: Dorex2007 folded before Flop (didn't bet)
Seat 3: GoldenTime008 folded before Flop (didn't bet)
Seat 5: VIST0988 folded before Flop
Seat 6: max545545 (button) collected ($0.11)
Seat 7: BumBumLauer (small blind) folded before Flop
Seat 8: birgit233 (big blind) folded before Flop



PokerStars Hand #227074737397:  Hold'em No Limit ($0.01/$0.02 USD) - 2021/05/26 0:35:57 PT [2021/05/26 3:35:57 ET]
Table 'Melanie II' 9-max Seat #7 is the button
Seat 1: ezbutr ($1.38 in chips) 
Seat 2: Dorex2007 ($2.12 in chips) 
Seat 3: GoldenTime008 ($2 in chips) 
Seat 5: VIST0988 ($1.24 in chips) 
Seat 6: max545545 ($2.09 in chips) 
Seat 7: BumBumLauer ($1.62 in chips) 
Seat 8: birgit233 ($1.89 in chips) 
Seat 9: Wayniak187 ($2.57 in chips) 
birgit233: posts small blind $0.01
Wayniak187: posts big blind $0.02
VirgoMoonAng: sits out 
*** HOLE CARDS ***
Dealt to Dorex2007 [3c 6s]
ezbutr: raises $0.02 to $0.04
Dorex2007: folds 
GoldenTime008: folds 
VIST0988: folds 
max545545: folds 
BumBumLauer: folds 
birgit233: folds 
Wayniak187: folds 
Uncalled bet ($0.02) returned to ezbutr
ezbutr collected $0.05 from pot
ezbutr: doesn't show hand 
*** SUMMARY ***
Total pot $0.05 | Rake $0 
Seat 1: ezbutr collected ($0.05)
Seat 2: Dorex2007 folded before Flop (didn't bet)
Seat 3: GoldenTime008 folded before Flop (didn't bet)
Seat 5: VIST0988 folded before Flop (didn't bet)
Seat 6: max545545 folded before Flop (didn't bet)
Seat 7: BumBumLauer (button) folded before Flop (didn't bet)
Seat 8: birgit233 (small blind) folded before Flop
Seat 9: Wayniak187 (big blind) folded before Flop



PokerStars Hand #227074740375:  Hold'em No Limit ($0.01/$0.02 USD) - 2021/05/26 0:36:17 PT [2021/05/26 3:36:17 ET]
Table 'Melanie II' 9-max Seat #8 is the button
Seat 1: ezbutr ($1.41 in chips) 
Seat 2: Dorex2007 ($2.12 in chips) 
Seat 3: GoldenTime008 ($2 in chips) 
Seat 5: VIST0988 ($1.24 in chips) 
Seat 6: max545545 ($2.09 in chips) 
Seat 7: BumBumLauer ($1.62 in chips) 
Seat 8: birgit233 ($1.88 in chips) 
Seat 9: Wayniak187 ($2.55 in chips) 
Wayniak187: posts small blind $0.01
ezbutr: posts big blind $0.02
VirgoMoonAng: sits out 
*** HOLE CARDS ***
Dealt to Dorex2007 [Kh Js]
Dorex2007: folds 
GoldenTime008: folds 
VIST0988: folds 
max545545: folds 
BumBumLauer: folds 
birgit233: folds 
Wayniak187: calls $0.01
ezbutr: checks 
*** FLOP *** [8d 9h 8s]
Wayniak187: bets $0.04
ezbutr: calls $0.04
*** TURN *** [8d 9h 8s] [2h]
Wayniak187: bets $0.06
ezbutr: calls $0.06
*** RIVER *** [8d 9h 8s 2h] [9d]
Wayniak187: bets $0.12
ezbutr: calls $0.12
*** SHOW DOWN ***
Wayniak187: shows [5s 5h] (two pair, Nines and Eights)
ezbutr: shows [Th 8c] (a full house, Eights full of Nines)
ezbutr collected $0.46 from pot
*** SUMMARY ***
Total pot $0.48 | Rake $0.02 
Board [8d 9h 8s 2h 9d]
Seat 1: ezbutr (big blind) showed [Th 8c] and won ($0.46) with a full house, Eights full of Nines
Seat 2: Dorex2007 folded before Flop (didn't bet)
Seat 3: GoldenTime008 folded before Flop (didn't bet)
Seat 5: VIST0988 folded before Flop (didn't bet)
Seat 6: max545545 folded before Flop (didn't bet)
Seat 7: BumBumLauer folded before Flop (didn't bet)
Seat 8: birgit233 (button) folded before Flop (didn't bet)
Seat 9: Wayniak187 (small blind) showed [5s 5h] and lost with two pair, Nines and Eights



PokerStars Hand #227074746715:  Hold'em No Limit ($0.01/$0.02 USD) - 2021/05/26 0:36:58 PT [2021/05/26 3:36:58 ET]
Table 'Melanie II' 9-max Seat #9 is the button
Seat 1: ezbutr ($1.63 in chips) 
Seat 2: Dorex2007 ($2.12 in chips) 
Seat 3: GoldenTime008 ($2 in chips) 
Seat 5: VIST0988 ($1.24 in chips) 
Seat 6: max545545 ($2.09 in chips) 
Seat 7: BumBumLauer ($1.62 in chips) 
Seat 8: birgit233 ($1.88 in chips) 
Seat 9: Wayniak187 ($2.31 in chips) 
ezbutr: posts small blind $0.01
Dorex2007: posts big blind $0.02
VirgoMoonAng: sits out 
*** HOLE CARDS ***
Dealt to Dorex2007 [2c Jh]
GoldenTime008: folds 
VIST0988: calls $0.02
max545545: folds 
BumBumLauer: folds 
birgit233: folds 
Wayniak187: calls $0.02
ezbutr: calls $0.01
Dorex2007: checks 
*** FLOP *** [Kd Ah 7c]
ezbutr: checks 
Dorex2007: checks 
VIST0988: checks 
Wayniak187: checks 
*** TURN *** [Kd Ah 7c] [3s]
ezbutr: checks 
Dorex2007: checks 
VIST0988: checks 
Wayniak187: checks 
*** RIVER *** [Kd Ah 7c 3s] [4h]
ezbutr: bets $0.04
Dorex2007: folds 
VIST0988: folds 
Wayniak187: folds 
Uncalled bet ($0.04) returned to ezbutr
ezbutr collected $0.08 from pot
ezbutr: doesn't show hand 
*** SUMMARY ***
Total pot $0.08 | Rake $0 
Board [Kd Ah 7c 3s 4h]
Seat 1: ezbutr (small blind) collected ($0.08)
Seat 2: Dorex2007 (big blind) folded on the River
Seat 3: GoldenTime008 folded before Flop (didn't bet)
Seat 5: VIST0988 folded on the River
Seat 6: max545545 folded before Flop (didn't bet)
Seat 7: BumBumLauer folded before Flop (didn't bet)
Seat 8: birgit233 folded before Flop (didn't bet)
Seat 9: Wayniak187 (button) folded on the River



PokerStars Hand #227074763333:  Hold'em No Limit ($0.01/$0.02 USD) - 2021/05/26 0:38:45 PT [2021/05/26 3:38:45 ET]
Table 'Melanie II' 9-max Seat #1 is the button
Seat 1: ezbutr ($1.69 in chips) 
Seat 2: Dorex2007 ($2.10 in chips) 
Seat 3: GoldenTime008 ($2 in chips) 
Seat 5: VIST0988 ($1.22 in chips) 
Seat 6: max545545 ($2.09 in chips) 
Seat 8: birgit233 ($1.88 in chips) 
Seat 9: Wayniak187 ($2.29 in chips) 
Dorex2007: posts small blind $0.01
GoldenTime008: posts big blind $0.02
VirgoMoonAng: sits out 
*** HOLE CARDS ***
Dealt to Dorex2007 [Ah Jh]
VIST0988 has timed out
VIST0988: folds 
max545545: folds 
birgit233: folds 
Wayniak187: raises $0.04 to $0.06
ezbutr: folds 
Dorex2007: raises $0.12 to $0.18
GoldenTime008: folds 
Wayniak187: calls $0.12
*** FLOP *** [9h Ac 8h]
Dorex2007: checks 
Wayniak187: checks 
*** TURN *** [9h Ac 8h] [3h]
Dorex2007: checks 
Wayniak187: bets $0.37
Dorex2007: raises $0.37 to $0.74
VIST0988 leaves the table
Wayniak187: calls $0.37
*** RIVER *** [9h Ac 8h 3h] [6d]
erema80 joins the table at seat #5 
Dorex2007: bets $0.90
Wayniak187: folds 
Uncalled bet ($0.90) returned to Dorex2007
Dorex2007 collected $1.79 from pot
Dorex2007: doesn't show hand 
*** SUMMARY ***
Total pot $1.86 | Rake $0.07 
Board [9h Ac 8h 3h 6d]
Seat 1: ezbutr (button) folded before Flop (didn't bet)
Seat 2: Dorex2007 (small blind) collected ($1.79)
Seat 3: GoldenTime008 (big blind) folded before Flop
Seat 5: VIST0988 folded before Flop (didn't bet)
Seat 6: max545545 folded before Flop (didn't bet)
Seat 8: birgit233 folded before Flop (didn't bet)
Seat 9: Wayniak187 folded on the River



PokerStars Hand #227074777401:  Hold'em No Limit ($0.01/$0.02 USD) - 2021/05/26 0:40:16 PT [2021/05/26 3:40:16 ET]
Table 'Melanie II' 9-max Seat #2 is the button
Seat 1: ezbutr ($1.69 in chips) 
Seat 2: Dorex2007 ($2.97 in chips) 
Seat 3: GoldenTime008 ($2 in chips) 
Seat 4: VirgoMoonAng ($0.80 in chips) 
Seat 5: erema80 ($1.60 in chips) 
Seat 6: max545545 ($2.09 in chips) 
Seat 8: birgit233 ($1.88 in chips) 
Seat 9: Wayniak187 ($1.37 in chips) 
GoldenTime008: posts small blind $0.01
VirgoMoonAng: posts big blind $0.02
erema80: posts big blind $0.02
*** HOLE CARDS ***
Dealt to Dorex2007 [6d Qh]
erema80: checks 
max545545: folds 
birgit233: folds 
Wayniak187: raises $1.35 to $1.37 and is all-in
ezbutr: folds 
Dorex2007: folds 
GoldenTime008: folds 
VirgoMoonAng: folds 
erema80 has timed out
erema80: folds 
Uncalled bet ($1.35) returned to Wayniak187
Wayniak187 collected $0.07 from pot
*** SUMMARY ***
Total pot $0.07 | Rake $0 
Seat 1: ezbutr folded before Flop (didn't bet)
Seat 2: Dorex2007 (button) folded before Flop (didn't bet)
Seat 3: GoldenTime008 (small blind) folded before Flop
Seat 4: VirgoMoonAng (big blind) folded before Flop
Seat 5: erema80 folded before Flop (didn't bet)
Seat 6: max545545 folded before Flop (didn't bet)
Seat 8: birgit233 folded before Flop (didn't bet)
Seat 9: Wayniak187 collected ($0.07)



PokerStars Hand #227074785826:  Hold'em No Limit ($0.01/$0.02 USD) - 2021/05/26 0:41:11 PT [2021/05/26 3:41:11 ET]
Table 'Melanie II' 9-max Seat #3 is the button
Seat 1: ezbutr ($1.69 in chips) 
Seat 2: Dorex2007 ($2.97 in chips) 
Seat 3: GoldenTime008 ($2 in chips) 
Seat 4: VirgoMoonAng ($0.78 in chips) 
Seat 5: erema80 ($1.58 in chips) 
Seat 6: max545545 ($2.09 in chips) 
Seat 8: birgit233 ($1.88 in chips) 
Seat 9: Wayniak187 ($1.42 in chips) 
VirgoMoonAng: posts small blind $0.01
erema80: posts big blind $0.02
*** HOLE CARDS ***
Dealt to Dorex2007 [Kd Js]
max545545: folds 
birgit233: folds 
Wayniak187 has timed out
Wayniak187: folds 
ezbutr: folds 
Dorex2007: calls $0.02
GoldenTime008: folds 
VirgoMoonAng: calls $0.01
erema80: checks 
*** FLOP *** [9d 5c Ac]
VirgoMoonAng: checks 
erema80: checks 
Dorex2007: checks 
*** TURN *** [9d 5c Ac] [Jh]
VirgoMoonAng: checks 
erema80: checks 
Dorex2007: checks 
*** RIVER *** [9d 5c Ac Jh] [7s]
VirgoMoonAng: checks 
erema80: checks 
Dorex2007: checks 
*** SHOW DOWN ***
VirgoMoonAng: shows [Kh 8c] (high card Ace)
erema80: mucks hand 
Dorex2007: shows [Kd Js] (a pair of Jacks)
Dorex2007 collected $0.06 from pot
*** SUMMARY ***
Total pot $0.06 | Rake $0 
Board [9d 5c Ac Jh 7s]
Seat 1: ezbutr folded before Flop (didn't bet)
Seat 2: Dorex2007 showed [Kd Js] and won ($0.06) with a pair of Jacks
Seat 3: GoldenTime008 (button) folded before Flop (didn't bet)
Seat 4: VirgoMoonAng (small blind) showed [Kh 8c] and lost with high card Ace
Seat 5: erema80 (big blind) mucked [8d Qc]
Seat 6: max545545 folded before Flop (didn't bet)
Seat 8: birgit233 folded before Flop (didn't bet)
Seat 9: Wayniak187 folded before Flop (didn't bet)



PokerStars Hand #227074797955:  Hold'em No Limit ($0.01/$0.02 USD) - 2021/05/26 0:42:30 PT [2021/05/26 3:42:30 ET]
Table 'Melanie II' 9-max Seat #4 is the button
Seat 1: ezbutr ($1.69 in chips) 
Seat 2: Dorex2007 ($3.01 in chips) 
Seat 3: GoldenTime008 ($2 in chips) 
Seat 4: VirgoMoonAng ($0.76 in chips) 
Seat 5: erema80 ($1.56 in chips) 
Seat 8: birgit233 ($1.88 in chips) 
Seat 9: Wayniak187 ($1.42 in chips) 
erema80: posts small blind $0.01
max545545: is sitting out 
birgit233: posts big blind $0.02
*** HOLE CARDS ***
Dealt to Dorex2007 [3d 2h]
max545545 leaves the table
Wayniak187: folds 
ezbutr: folds 
Dorex2007: folds 
GoldenTime008: folds 
VirgoMoonAng: raises $0.02 to $0.04
erema80: calls $0.03
birgit233: folds 
*** FLOP *** [5s 6h 5c]
erema80: checks 
VirgoMoonAng: bets $0.04
erema80: folds 
Uncalled bet ($0.04) returned to VirgoMoonAng
VirgoMoonAng collected $0.10 from pot
*** SUMMARY ***
Total pot $0.10 | Rake $0 
Board [5s 6h 5c]
Seat 1: ezbutr folded before Flop (didn't bet)
Seat 2: Dorex2007 folded before Flop (didn't bet)
Seat 3: GoldenTime008 folded before Flop (didn't bet)
Seat 4: VirgoMoonAng (button) collected ($0.10)
Seat 5: erema80 (small blind) folded on the Flop
Seat 8: birgit233 (big blind) folded before Flop
Seat 9: Wayniak187 folded before Flop (didn't bet)



PokerStars Hand #227074805511:  Hold'em No Limit ($0.01/$0.02 USD) - 2021/05/26 0:43:19 PT [2021/05/26 3:43:19 ET]
Table 'Melanie II' 9-max Seat #5 is the button
Seat 1: ezbutr ($1.69 in chips) 
Seat 2: Dorex2007 ($3.01 in chips) 
Seat 3: GoldenTime008 ($2 in chips) 
Seat 4: VirgoMoonAng ($0.82 in chips) 
Seat 5: erema80 ($1.52 in chips) 
Seat 8: birgit233 ($1.86 in chips) 
Seat 9: Wayniak187 ($1.42 in chips) 
birgit233: posts small blind $0.01
Wayniak187: posts big blind $0.02
*** HOLE CARDS ***
Dealt to Dorex2007 [3d Qc]
ezbutr: folds 
Dorex2007: folds 
GoldenTime008: folds 
Soimu22 joins the table at seat #6 
VirgoMoonAng has timed out
VirgoMoonAng: folds 
erema80: calls $0.02
birgit233: folds 
Wayniak187: checks 
*** FLOP *** [Qh 3c 3h]
Wayniak187: bets $0.03
erema80: calls $0.03
*** TURN *** [Qh 3c 3h] [4c]
Wayniak187: checks 
erema80: checks 
*** RIVER *** [Qh 3c 3h 4c] [5d]
Wayniak187: checks 
erema80: checks 
*** SHOW DOWN ***
Wayniak187: shows [8c 6h] (a pair of Threes)
erema80: shows [Ad 5s] (two pair, Fives and Threes)
erema80 collected $0.11 from pot
*** SUMMARY ***
Total pot $0.11 | Rake $0 
Board [Qh 3c 3h 4c 5d]
Seat 1: ezbutr folded before Flop (didn't bet)
Seat 2: Dorex2007 folded before Flop (didn't bet)
Seat 3: GoldenTime008 folded before Flop (didn't bet)
Seat 4: VirgoMoonAng folded before Flop (didn't bet)
Seat 5: erema80 (button) showed [Ad 5s] and won ($0.11) with two pair, Fives and Threes
Seat 8: birgit233 (small blind) folded before Flop
Seat 9: Wayniak187 (big blind) showed [8c 6h] and lost with a pair of Threes



PokerStars Hand #227074816670:  Hold'em No Limit ($0.01/$0.02 USD) - 2021/05/26 0:44:31 PT [2021/05/26 3:44:31 ET]
Table 'Melanie II' 9-max Seat #8 is the button
Seat 1: ezbutr ($1.69 in chips) 
Seat 2: Dorex2007 ($3.01 in chips) 
Seat 3: GoldenTime008 ($2 in chips) 
Seat 4: VirgoMoonAng ($0.82 in chips) 
Seat 5: erema80 ($1.58 in chips) 
Seat 6: Soimu22 ($0.83 in chips) 
Seat 8: birgit233 ($1.85 in chips) 
Seat 9: Wayniak187 ($1.37 in chips) 
Wayniak187: posts small blind $0.01
ezbutr: posts big blind $0.02
Soimu22: posts big blind $0.02
*** HOLE CARDS ***
Dealt to Dorex2007 [Qc 3d]
Dorex2007: calls $0.02
GoldenTime008: raises $0.10 to $0.12
VirgoMoonAng: calls $0.12
erema80: calls $0.12
Soimu22: folds 
birgit233: folds 
Wayniak187: folds 
ezbutr: folds 
Dorex2007: folds 
*** FLOP *** [Ad 9s 9c]
GoldenTime008: checks 
VirgoMoonAng: bets $0.21
erema80: folds 
GoldenTime008: folds 
Uncalled bet ($0.21) returned to VirgoMoonAng
VirgoMoonAng collected $0.41 from pot
*** SUMMARY ***
Total pot $0.43 | Rake $0.02 
Board [Ad 9s 9c]
Seat 1: ezbutr (big blind) folded before Flop
Seat 2: Dorex2007 folded before Flop
Seat 3: GoldenTime008 folded on the Flop
Seat 4: VirgoMoonAng collected ($0.41)
Seat 5: erema80 folded on the Flop
Seat 6: Soimu22 folded before Flop (didn't bet)
Seat 8: birgit233 (button) folded before Flop (didn't bet)
Seat 9: Wayniak187 (small blind) folded before Flop



PokerStars Hand #227074821578:  Hold'em No Limit ($0.01/$0.02 USD) - 2021/05/26 0:45:04 PT [2021/05/26 3:45:04 ET]
Table 'Melanie II' 9-max Seat #9 is the button
Seat 1: ezbutr ($1.67 in chips) 
Seat 2: Dorex2007 ($2.99 in chips) 
Seat 3: GoldenTime008 ($2 in chips) 
Seat 4: VirgoMoonAng ($1.11 in chips) 
Seat 5: erema80 ($1.46 in chips) 
Seat 6: Soimu22 ($0.81 in chips) 
Seat 8: birgit233 ($1.85 in chips) 
Seat 9: Wayniak187 ($1.36 in chips) 
ezbutr: posts small blind $0.01
Dorex2007: posts big blind $0.02
*** HOLE CARDS ***
Dealt to Dorex2007 [Kd 7h]
GoldenTime008: folds 
VirgoMoonAng: folds 
erema80: calls $0.02
Soimu22: folds 
birgit233: folds 
Wayniak187: raises $0.04 to $0.06
ezbutr: folds 
Dorex2007: folds 
erema80: calls $0.04
*** FLOP *** [7c 3d 6d]
erema80: bets $0.02
Wayniak187: raises $0.09 to $0.11
erema80: calls $0.09
*** TURN *** [7c 3d 6d] [Kc]
erema80: bets $0.05
Wayniak187: calls $0.05
*** RIVER *** [7c 3d 6d Kc] [6c]
erema80: bets $0.08
Wayniak187: folds 
Uncalled bet ($0.08) returned to erema80
erema80 collected $0.45 from pot
erema80: doesn't show hand 
*** SUMMARY ***
Total pot $0.47 | Rake $0.02 
Board [7c 3d 6d Kc 6c]
Seat 1: ezbutr (small blind) folded before Flop
Seat 2: Dorex2007 (big blind) folded before Flop
Seat 3: GoldenTime008 folded before Flop (didn't bet)
Seat 4: VirgoMoonAng folded before Flop (didn't bet)
Seat 5: erema80 collected ($0.45)
Seat 6: Soimu22 folded before Flop (didn't bet)
Seat 8: birgit233 folded before Flop (didn't bet)
Seat 9: Wayniak187 (button) folded on the River



PokerStars Hand #227074827529:  Hold'em No Limit ($0.01/$0.02 USD) - 2021/05/26 0:45:42 PT [2021/05/26 3:45:42 ET]
Table 'Melanie II' 9-max Seat #1 is the button
Seat 1: ezbutr ($1.66 in chips) 
Seat 2: Dorex2007 ($2.97 in chips) 
Seat 3: GoldenTime008 ($2 in chips) 
Seat 4: VirgoMoonAng ($1.11 in chips) 
Seat 5: erema80 ($1.69 in chips) 
Seat 6: Soimu22 ($0.81 in chips) 
Seat 8: birgit233 ($1.85 in chips) 
Seat 9: Wayniak187 ($1.14 in chips) 
Dorex2007: posts small blind $0.01
GoldenTime008: posts big blind $0.02
*** HOLE CARDS ***
Dealt to Dorex2007 [5h 4h]
VirgoMoonAng: folds 
erema80: folds 
Soimu22: calls $0.02
birgit233: folds 
Wayniak187: folds 
ezbutr: folds 
Dorex2007: calls $0.01
GoldenTime008: checks 
*** FLOP *** [8c Td 3d]
Dorex2007: checks 
GoldenTime008: checks 
Soimu22: checks 
*** TURN *** [8c Td 3d] [9s]
Dorex2007: checks 
GoldenTime008: checks 
Soimu22: bets $0.07
Dorex2007: folds 
GoldenTime008: folds 
Uncalled bet ($0.07) returned to Soimu22
Soimu22 collected $0.06 from pot
Soimu22: doesn't show hand 
*** SUMMARY ***
Total pot $0.06 | Rake $0 
Board [8c Td 3d 9s]
Seat 1: ezbutr (button) folded before Flop (didn't bet)
Seat 2: Dorex2007 (small blind) folded on the Turn
Seat 3: GoldenTime008 (big blind) folded on the Turn
Seat 4: VirgoMoonAng folded before Flop (didn't bet)
Seat 5: erema80 folded before Flop (didn't bet)
Seat 6: Soimu22 collected ($0.06)
Seat 8: birgit233 folded before Flop (didn't bet)
Seat 9: Wayniak187 folded before Flop (didn't bet)



PokerStars Hand #227074834129:  Hold'em No Limit ($0.01/$0.02 USD) - 2021/05/26 0:46:25 PT [2021/05/26 3:46:25 ET]
Table 'Melanie II' 9-max Seat #2 is the button
Seat 1: ezbutr ($1.66 in chips) 
Seat 2: Dorex2007 ($2.95 in chips) 
Seat 3: GoldenTime008 ($2 in chips) 
Seat 4: VirgoMoonAng ($1.11 in chips) 
Seat 5: erema80 ($1.69 in chips) 
Seat 6: Soimu22 ($0.85 in chips) 
Seat 8: birgit233 ($1.85 in chips) 
Seat 9: Wayniak187 ($1.14 in chips) 
GoldenTime008: posts small blind $0.01
VirgoMoonAng: posts big blind $0.02
*** HOLE CARDS ***
Dealt to Dorex2007 [Qh 9h]
erema80: folds 
Soimu22: calls $0.02
birgit233: folds 
Wayniak187: folds 
ezbutr: folds 
Dorex2007: calls $0.02
GoldenTime008: folds 
VirgoMoonAng: checks 
*** FLOP *** [3c Ad 9d]
VirgoMoonAng: checks 
Soimu22: checks 
Dorex2007: bets $0.05
VirgoMoonAng: folds 
Soimu22: folds 
Uncalled bet ($0.05) returned to Dorex2007
Dorex2007 collected $0.07 from pot
Dorex2007: doesn't show hand 
*** SUMMARY ***
Total pot $0.07 | Rake $0 
Board [3c Ad 9d]
Seat 1: ezbutr folded before Flop (didn't bet)
Seat 2: Dorex2007 (button) collected ($0.07)
Seat 3: GoldenTime008 (small blind) folded before Flop
Seat 4: VirgoMoonAng (big blind) folded on the Flop
Seat 5: erema80 folded before Flop (didn't bet)
Seat 6: Soimu22 folded on the Flop
Seat 8: birgit233 folded before Flop (didn't bet)
Seat 9: Wayniak187 folded before Flop (didn't bet)



PokerStars Hand #227074839047:  Hold'em No Limit ($0.01/$0.02 USD) - 2021/05/26 0:46:56 PT [2021/05/26 3:46:56 ET]
Table 'Melanie II' 9-max Seat #3 is the button
Seat 1: ezbutr ($1.66 in chips) 
Seat 2: Dorex2007 ($3 in chips) 
Seat 3: GoldenTime008 ($2 in chips) 
Seat 4: VirgoMoonAng ($1.09 in chips) 
Seat 5: erema80 ($1.69 in chips) 
Seat 6: Soimu22 ($0.83 in chips) 
Seat 8: birgit233 ($1.85 in chips) 
Seat 9: Wayniak187 ($1.14 in chips) 
VirgoMoonAng: posts small blind $0.01
erema80: posts big blind $0.02
*** HOLE CARDS ***
Dealt to Dorex2007 [2d 4s]
Soimu22: calls $0.02
birgit233: folds 
Wayniak187: folds 
ezbutr: folds 
Dorex2007: folds 
GoldenTime008: folds 
VirgoMoonAng: calls $0.01
erema80: checks 
*** FLOP *** [5c 7s Ac]
VirgoMoonAng: bets $0.05
erema80: folds 
Soimu22: folds 
Uncalled bet ($0.05) returned to VirgoMoonAng
VirgoMoonAng collected $0.06 from pot
*** SUMMARY ***
Total pot $0.06 | Rake $0 
Board [5c 7s Ac]
Seat 1: ezbutr folded before Flop (didn't bet)
Seat 2: Dorex2007 folded before Flop (didn't bet)
Seat 3: GoldenTime008 (button) folded before Flop (didn't bet)
Seat 4: VirgoMoonAng (small blind) collected ($0.06)
Seat 5: erema80 (big blind) folded on the Flop
Seat 6: Soimu22 folded on the Flop
Seat 8: birgit233 folded before Flop (didn't bet)
Seat 9: Wayniak187 folded before Flop (didn't bet)



PokerStars Hand #227074844811:  Hold'em No Limit ($0.01/$0.02 USD) - 2021/05/26 0:47:34 PT [2021/05/26 3:47:34 ET]
Table 'Melanie II' 9-max Seat #4 is the button
Seat 1: ezbutr ($1.66 in chips) 
Seat 2: Dorex2007 ($3 in chips) 
Seat 3: GoldenTime008 ($2 in chips) 
Seat 4: VirgoMoonAng ($1.13 in chips) 
Seat 5: erema80 ($1.67 in chips) 
Seat 6: Soimu22 ($0.81 in chips) 
Seat 8: birgit233 ($1.85 in chips) 
Seat 9: Wayniak187 ($1.14 in chips) 
erema80: posts small blind $0.01
Soimu22: posts big blind $0.02
*** HOLE CARDS ***
Dealt to Dorex2007 [Td 5h]
birgit233: folds 
Wayniak187: folds 
ezbutr: folds 
Dorex2007: folds 
GoldenTime008: folds 
VirgoMoonAng: folds 
erema80: calls $0.01
Soimu22: raises $0.02 to $0.04
erema80: calls $0.02
*** FLOP *** [8c 6c 7d]
erema80: bets $0.02
Soimu22: calls $0.02
*** TURN *** [8c 6c 7d] [9h]
erema80: bets $0.03
Soimu22: folds 
Uncalled bet ($0.03) returned to erema80
erema80 collected $0.12 from pot
erema80: doesn't show hand 
*** SUMMARY ***
Total pot $0.12 | Rake $0 
Board [8c 6c 7d 9h]
Seat 1: ezbutr folded before Flop (didn't bet)
Seat 2: Dorex2007 folded before Flop (didn't bet)
Seat 3: GoldenTime008 folded before Flop (didn't bet)
Seat 4: VirgoMoonAng (button) folded before Flop (didn't bet)
Seat 5: erema80 (small blind) collected ($0.12)
Seat 6: Soimu22 (big blind) folded on the Turn
Seat 8: birgit233 folded before Flop (didn't bet)
Seat 9: Wayniak187 folded before Flop (didn't bet)



PokerStars Hand #227074849810:  Hold'em No Limit ($0.01/$0.02 USD) - 2021/05/26 0:48:05 PT [2021/05/26 3:48:05 ET]
Table 'Melanie II' 9-max Seat #5 is the button
Seat 1: ezbutr ($1.66 in chips) 
Seat 2: Dorex2007 ($3 in chips) 
Seat 3: GoldenTime008 ($2 in chips) 
Seat 4: VirgoMoonAng ($1.13 in chips) 
Seat 5: erema80 ($1.73 in chips) 
Seat 6: Soimu22 ($0.75 in chips) 
Seat 8: birgit233 ($1.85 in chips) 
Seat 9: Wayniak187 ($1.14 in chips) 
Soimu22: posts small blind $0.01
birgit233: posts big blind $0.02
*** HOLE CARDS ***
Dealt to Dorex2007 [8s 4h]
Wayniak187: raises $1.12 to $1.14 and is all-in
ezbutr: folds 
Dorex2007: folds 
GoldenTime008: folds 
VirgoMoonAng: folds 
erema80: folds 
Soimu22: folds 
birgit233: folds 
Uncalled bet ($1.12) returned to Wayniak187
Wayniak187 collected $0.05 from pot
*** SUMMARY ***
Total pot $0.05 | Rake $0 
Seat 1: ezbutr folded before Flop (didn't bet)
Seat 2: Dorex2007 folded before Flop (didn't bet)
Seat 3: GoldenTime008 folded before Flop (didn't bet)
Seat 4: VirgoMoonAng folded before Flop (didn't bet)
Seat 5: erema80 (button) folded before Flop (didn't bet)
Seat 6: Soimu22 (small blind) folded before Flop
Seat 8: birgit233 (big blind) folded before Flop
Seat 9: Wayniak187 collected ($0.05)



PokerStars Hand #227074853843:  Hold'em No Limit ($0.01/$0.02 USD) - 2021/05/26 0:48:31 PT [2021/05/26 3:48:31 ET]
Table 'Melanie II' 9-max Seat #6 is the button
Seat 1: ezbutr ($1.66 in chips) 
Seat 2: Dorex2007 ($3 in chips) 
Seat 3: GoldenTime008 ($2 in chips) 
Seat 4: VirgoMoonAng ($1.13 in chips) 
Seat 5: erema80 ($1.73 in chips) 
Seat 6: Soimu22 ($0.74 in chips) 
Seat 8: birgit233 ($1.83 in chips) 
Seat 9: Wayniak187 ($1.17 in chips) 
birgit233: posts small blind $0.01
Wayniak187: posts big blind $0.02
*** HOLE CARDS ***
Dealt to Dorex2007 [Ah Th]
ezbutr has timed out
ezbutr: folds 
Dorex2007: raises $0.04 to $0.06
GoldenTime008: folds 
VirgoMoonAng: folds 
erema80: calls $0.06
Soimu22: folds 
birgit233: calls $0.05
Wayniak187: folds 
*** FLOP *** [Kh Qd Qc]
birgit233: checks 
Dorex2007: bets $0.10
erema80: folds 
birgit233: folds 
Uncalled bet ($0.10) returned to Dorex2007
Dorex2007 collected $0.19 from pot
Dorex2007: doesn't show hand 
*** SUMMARY ***
Total pot $0.20 | Rake $0.01 
Board [Kh Qd Qc]
Seat 1: ezbutr folded before Flop (didn't bet)
Seat 2: Dorex2007 collected ($0.19)
Seat 3: GoldenTime008 folded before Flop (didn't bet)
Seat 4: VirgoMoonAng folded before Flop (didn't bet)
Seat 5: erema80 folded on the Flop
Seat 6: Soimu22 (button) folded before Flop (didn't bet)
Seat 8: birgit233 (small blind) folded on the Flop
Seat 9: Wayniak187 (big blind) folded before Flop



PokerStars Hand #227074864686:  Hold'em No Limit ($0.01/$0.02 USD) - 2021/05/26 0:49:27 PT [2021/05/26 3:49:27 ET]
Table 'Melanie II' 9-max Seat #8 is the button
Seat 1: ezbutr ($1.66 in chips) 
Seat 2: Dorex2007 ($3.13 in chips) 
Seat 3: GoldenTime008 ($2 in chips) 
Seat 4: VirgoMoonAng ($1.13 in chips) 
Seat 5: erema80 ($1.67 in chips) 
Seat 6: Soimu22 ($0.74 in chips) 
Seat 8: birgit233 ($1.77 in chips) 
Seat 9: Wayniak187 ($1.15 in chips) 
Wayniak187: posts small blind $0.01
ezbutr: posts big blind $0.02
*** HOLE CARDS ***
Dealt to Dorex2007 [2s Ac]
Dorex2007: folds 
GoldenTime008: folds 
VirgoMoonAng: folds 
erema80: calls $0.02
Soimu22: folds 
birgit233: folds 
Wayniak187: calls $0.01
ezbutr: checks 
*** FLOP *** [Jd Tc Ad]
Wayniak187: bets $0.06
ezbutr: folds 
erema80: calls $0.06
*** TURN *** [Jd Tc Ad] [3h]
Wayniak187: checks 
erema80: bets $0.04
Wayniak187: calls $0.04
*** RIVER *** [Jd Tc Ad 3h] [Ks]
Wayniak187: bets $0.04
erema80: calls $0.04
*** SHOW DOWN ***
Wayniak187: shows [8c Kc] (a pair of Kings)
erema80: shows [9s As] (a pair of Aces)
erema80 collected $0.33 from pot
*** SUMMARY ***
Total pot $0.34 | Rake $0.01 
Board [Jd Tc Ad 3h Ks]
Seat 1: ezbutr (big blind) folded on the Flop
Seat 2: Dorex2007 folded before Flop (didn't bet)
Seat 3: GoldenTime008 folded before Flop (didn't bet)
Seat 4: VirgoMoonAng folded before Flop (didn't bet)
Seat 5: erema80 showed [9s As] and won ($0.33) with a pair of Aces
Seat 6: Soimu22 folded before Flop (didn't bet)
Seat 8: birgit233 (button) folded before Flop (didn't bet)
Seat 9: Wayniak187 (small blind) showed [8c Kc] and lost with a pair of Kings



PokerStars Hand #227074872310:  Hold'em No Limit ($0.01/$0.02 USD) - 2021/05/26 0:50:15 PT [2021/05/26 3:50:15 ET]
Table 'Melanie II' 9-max Seat #9 is the button
Seat 1: ezbutr ($1.64 in chips) 
Seat 2: Dorex2007 ($3.13 in chips) 
Seat 3: GoldenTime008 ($2 in chips) 
Seat 4: VirgoMoonAng ($1.13 in chips) 
Seat 5: erema80 ($1.84 in chips) 
Seat 6: Soimu22 ($0.74 in chips) 
Seat 8: birgit233 ($1.77 in chips) 
Seat 9: Wayniak187 ($0.99 in chips) 
ezbutr: posts small blind $0.01
Dorex2007: posts big blind $0.02
*** HOLE CARDS ***
Dealt to Dorex2007 [Ks Kh]
GoldenTime008: raises $0.04 to $0.06
VirgoMoonAng: calls $0.06
erema80: folds 
Soimu22: calls $0.06
birgit233: folds 
Wayniak187: folds 
ezbutr: folds 
Dorex2007: raises $0.94 to $1
GoldenTime008: folds 
VirgoMoonAng: folds 
Soimu22: calls $0.68 and is all-in
Uncalled bet ($0.26) returned to Dorex2007
*** FLOP *** [Kd 8h 3s]
*** TURN *** [Kd 8h 3s] [Ah]
*** RIVER *** [Kd 8h 3s Ah] [Js]
*** SHOW DOWN ***
Dorex2007: shows [Ks Kh] (three of a kind, Kings)
Soimu22: shows [9h Ad] (a pair of Aces)
Dorex2007 collected $1.55 from pot
*** SUMMARY ***
Total pot $1.61 | Rake $0.06 
Board [Kd 8h 3s Ah Js]
Seat 1: ezbutr (small blind) folded before Flop
Seat 2: Dorex2007 (big blind) showed [Ks Kh] and won ($1.55) with three of a kind, Kings
Seat 3: GoldenTime008 folded before Flop
Seat 4: VirgoMoonAng folded before Flop
Seat 5: erema80 folded before Flop (didn't bet)
Seat 6: Soimu22 showed [9h Ad] and lost with a pair of Aces
Seat 8: birgit233 folded before Flop (didn't bet)
Seat 9: Wayniak187 (button) folded before Flop (didn't bet)



PokerStars Hand #227074881261:  Hold'em No Limit ($0.01/$0.02 USD) - 2021/05/26 0:51:12 PT [2021/05/26 3:51:12 ET]
Table 'Melanie II' 9-max Seat #1 is the button
Seat 1: ezbutr ($1.63 in chips) 
Seat 2: Dorex2007 ($3.94 in chips) 
Seat 3: GoldenTime008 ($2 in chips) 
Seat 4: VirgoMoonAng ($1.07 in chips) 
Seat 5: erema80 ($1.84 in chips) 
Seat 8: birgit233 ($1.77 in chips) 
Seat 9: Wayniak187 ($0.99 in chips) 
Dorex2007: posts small blind $0.01
GoldenTime008: posts big blind $0.02
*** HOLE CARDS ***
Dealt to Dorex2007 [6h Js]
VirgoMoonAng: raises $0.04 to $0.06
erema80: calls $0.06
birgit233: folds 
Wayniak187: folds 
ezbutr: folds 
Dorex2007: folds 
GoldenTime008: folds 
*** FLOP *** [9h 8d 7h]
VirgoMoonAng: bets $0.07
erema80: calls $0.07
*** TURN *** [9h 8d 7h] [Jc]
VirgoMoonAng: bets $0.28
erema80: calls $0.28
*** RIVER *** [9h 8d 7h Jc] [5s]
VirgoMoonAng: bets $0.22
erema80: calls $0.22
*** SHOW DOWN ***
VirgoMoonAng: shows [Jh Ah] (a pair of Jacks)
erema80: shows [Ad Th] (a straight, Seven to Jack)
erema80 collected $1.24 from pot
*** SUMMARY ***
Total pot $1.29 | Rake $0.05 
Board [9h 8d 7h Jc 5s]
Seat 1: ezbutr (button) folded before Flop (didn't bet)
Seat 2: Dorex2007 (small blind) folded before Flop
Seat 3: GoldenTime008 (big blind) folded before Flop
Seat 4: VirgoMoonAng showed [Jh Ah] and lost with a pair of Jacks
Seat 5: erema80 showed [Ad Th] and won ($1.24) with a straight, Seven to Jack
Seat 8: birgit233 folded before Flop (didn't bet)
Seat 9: Wayniak187 folded before Flop (didn't bet)



PokerStars Hand #227074895279:  Hold'em No Limit ($0.01/$0.02 USD) - 2021/05/26 0:52:04 PT [2021/05/26 3:52:04 ET]
Table 'Melanie II' 9-max Seat #2 is the button
Seat 1: ezbutr ($1.63 in chips) 
Seat 2: Dorex2007 ($3.93 in chips) 
Seat 3: GoldenTime008 ($2 in chips) 
Seat 4: VirgoMoonAng ($0.44 in chips) 
Seat 5: erema80 ($2.45 in chips) 
Seat 8: birgit233 ($1.77 in chips) 
Seat 9: Wayniak187 ($0.99 in chips) 
GoldenTime008: posts small blind $0.01
VirgoMoonAng: posts big blind $0.02
*** HOLE CARDS ***
Dealt to Dorex2007 [Qc Jc]
erema80: folds 
birgit233: folds 
Wayniak187: folds 
ezbutr: folds 
Dorex2007: raises $0.02 to $0.04
GoldenTime008: folds 
VirgoMoonAng: calls $0.02
*** FLOP *** [4c 8c 9h]
VirgoMoonAng: checks 
Dorex2007: checks 
*** TURN *** [4c 8c 9h] [3c]
VirgoMoonAng: bets $0.05
Dorex2007: calls $0.05
*** RIVER *** [4c 8c 9h 3c] [8d]
VirgoMoonAng: bets $0.06
Dorex2007: calls $0.06
*** SHOW DOWN ***
VirgoMoonAng: shows [3s 7h] (two pair, Eights and Threes)
Dorex2007: shows [Qc Jc] (a flush, Queen high)
Dorex2007 collected $0.30 from pot
*** SUMMARY ***
Total pot $0.31 | Rake $0.01 
Board [4c 8c 9h 3c 8d]
Seat 1: ezbutr folded before Flop (didn't bet)
Seat 2: Dorex2007 (button) showed [Qc Jc] and won ($0.30) with a flush, Queen high
Seat 3: GoldenTime008 (small blind) folded before Flop
Seat 4: VirgoMoonAng (big blind) showed [3s 7h] and lost with two pair, Eights and Threes
Seat 5: erema80 folded before Flop (didn't bet)
Seat 8: birgit233 folded before Flop (didn't bet)
Seat 9: Wayniak187 folded before Flop (didn't bet)



PokerStars Hand #227074906233:  Hold'em No Limit ($0.01/$0.02 USD) - 2021/05/26 0:53:13 PT [2021/05/26 3:53:13 ET]
Table 'Melanie II' 9-max Seat #3 is the button
Seat 1: ezbutr ($1.63 in chips) 
Seat 2: Dorex2007 ($4.08 in chips) 
Seat 3: GoldenTime008 ($2 in chips) 
Seat 4: VirgoMoonAng ($0.29 in chips) 
Seat 5: erema80 ($2.45 in chips) 
Seat 8: birgit233 ($1.77 in chips) 
Seat 9: Wayniak187 ($0.99 in chips) 
VirgoMoonAng: posts small blind $0.01
erema80: posts big blind $0.02
*** HOLE CARDS ***
Dealt to Dorex2007 [8d 5d]
birgit233: folds 
Wayniak187: folds 
Wayniak187 leaves the table
ezbutr: folds 
Dorex2007: folds 
GoldenTime008: folds 
VirgoMoonAng: raises $0.04 to $0.06
erema80: calls $0.04
*** FLOP *** [6s 4h Ah]
VirgoMoonAng: bets $0.12
erema80: folds 
Uncalled bet ($0.12) returned to VirgoMoonAng
VirgoMoonAng collected $0.12 from pot
*** SUMMARY ***
Total pot $0.12 | Rake $0 
Board [6s 4h Ah]
Seat 1: ezbutr folded before Flop (didn't bet)
Seat 2: Dorex2007 folded before Flop (didn't bet)
Seat 3: GoldenTime008 (button) folded before Flop (didn't bet)
Seat 4: VirgoMoonAng (small blind) collected ($0.12)
Seat 5: erema80 (big blind) folded on the Flop
Seat 8: birgit233 folded before Flop (didn't bet)
Seat 9: Wayniak187 folded before Flop (didn't bet)



PokerStars Hand #227074910494:  Hold'em No Limit ($0.01/$0.02 USD) - 2021/05/26 0:53:40 PT [2021/05/26 3:53:40 ET]
Table 'Melanie II' 9-max Seat #4 is the button
Seat 1: ezbutr ($1.63 in chips) 
Seat 2: Dorex2007 ($4.08 in chips) 
Seat 3: GoldenTime008 ($2 in chips) 
Seat 4: VirgoMoonAng ($0.35 in chips) 
Seat 5: erema80 ($2.39 in chips) 
Seat 8: birgit233 ($1.77 in chips) 
erema80: posts small blind $0.01
birgit233: posts big blind $0.02
*** HOLE CARDS ***
Dealt to Dorex2007 [6d 7c]
ezbutr: folds 
Dorex2007: folds 
GoldenTime008: folds 
VirgoMoonAng: raises $0.04 to $0.06
erema80: folds 
birgit233: folds 
Uncalled bet ($0.04) returned to VirgoMoonAng
VirgoMoonAng collected $0.05 from pot
*** SUMMARY ***
Total pot $0.05 | Rake $0 
Seat 1: ezbutr folded before Flop (didn't bet)
Seat 2: Dorex2007 folded before Flop (didn't bet)
Seat 3: GoldenTime008 folded before Flop (didn't bet)
Seat 4: VirgoMoonAng (button) collected ($0.05)
Seat 5: erema80 (small blind) folded before Flop
Seat 8: birgit233 (big blind) folded before Flop



PokerStars Hand #227074913823:  Hold'em No Limit ($0.01/$0.02 USD) - 2021/05/26 0:54:01 PT [2021/05/26 3:54:01 ET]
Table 'Melanie II' 9-max Seat #5 is the button
Seat 1: ezbutr ($1.63 in chips) 
Seat 2: Dorex2007 ($4.08 in chips) 
Seat 3: GoldenTime008 ($2 in chips) 
Seat 4: VirgoMoonAng ($0.38 in chips) 
Seat 5: erema80 ($2.38 in chips) 
Seat 8: birgit233 ($1.75 in chips) 
birgit233: posts small blind $0.01
ezbutr: posts big blind $0.02
*** HOLE CARDS ***
Dealt to Dorex2007 [7h 3c]
Dorex2007: folds 
GoldenTime008: folds 
VirgoMoonAng: folds 
erema80: folds 
birgit233: folds 
Uncalled bet ($0.01) returned to ezbutr
ezbutr collected $0.02 from pot
ezbutr: doesn't show hand 
*** SUMMARY ***
Total pot $0.02 | Rake $0 
Seat 1: ezbutr (big blind) collected ($0.02)
Seat 2: Dorex2007 folded before Flop (didn't bet)
Seat 3: GoldenTime008 folded before Flop (didn't bet)
Seat 4: VirgoMoonAng folded before Flop (didn't bet)
Seat 5: erema80 (button) folded before Flop (didn't bet)
Seat 8: birgit233 (small blind) folded before Flop



PokerStars Hand #227074916059:  Hold'em No Limit ($0.01/$0.02 USD) - 2021/05/26 0:54:15 PT [2021/05/26 3:54:15 ET]
Table 'Melanie II' 9-max Seat #8 is the button
Seat 1: ezbutr ($1.64 in chips) 
Seat 2: Dorex2007 ($4.08 in chips) 
Seat 3: GoldenTime008 ($2 in chips) 
Seat 4: VirgoMoonAng ($0.38 in chips) 
Seat 5: erema80 ($2.38 in chips) 
Seat 8: birgit233 ($1.74 in chips) 
ezbutr: posts small blind $0.01
Dorex2007: posts big blind $0.02
*** HOLE CARDS ***
Dealt to Dorex2007 [Jd 7c]
GoldenTime008: folds 
VirgoMoonAng: raises $0.04 to $0.06
erema80: calls $0.06
birgit233: folds 
ezbutr: folds 
Dorex2007: folds 
*** FLOP *** [Ac 8d Qc]
VirgoMoonAng: bets $0.32 and is all-in
erema80: folds 
Uncalled bet ($0.32) returned to VirgoMoonAng
VirgoMoonAng collected $0.14 from pot
Soimu22 is disconnected 
*** SUMMARY ***
Total pot $0.15 | Rake $0.01 
Board [Ac 8d Qc]
Seat 1: ezbutr (small blind) folded before Flop
Seat 2: Dorex2007 (big blind) folded before Flop
Seat 3: GoldenTime008 folded before Flop (didn't bet)
Seat 4: VirgoMoonAng collected ($0.14)
Seat 5: erema80 folded on the Flop
Seat 8: birgit233 (button) folded before Flop (didn't bet)



PokerStars Hand #227074919972:  Hold'em No Limit ($0.01/$0.02 USD) - 2021/05/26 0:54:40 PT [2021/05/26 3:54:40 ET]
Table 'Melanie II' 9-max Seat #1 is the button
Seat 1: ezbutr ($1.63 in chips) 
Seat 2: Dorex2007 ($4.06 in chips) 
Seat 3: GoldenTime008 ($2 in chips) 
Seat 4: VirgoMoonAng ($0.46 in chips) 
Seat 5: erema80 ($2.32 in chips) 
Seat 8: birgit233 ($1.74 in chips) 
Dorex2007: posts small blind $0.01
GoldenTime008: posts big blind $0.02
*** HOLE CARDS ***
Dealt to Dorex2007 [6h 4d]
dirtyolman joins the table at seat #9 
VirgoMoonAng: folds 
erema80: calls $0.02
birgit233: folds 
ezbutr: raises $0.07 to $0.09
Dorex2007: folds 
GoldenTime008: folds 
erema80: folds 
Uncalled bet ($0.07) returned to ezbutr
ezbutr collected $0.07 from pot
ezbutr: doesn't show hand 
*** SUMMARY ***
Total pot $0.07 | Rake $0 
Seat 1: ezbutr (button) collected ($0.07)
Seat 2: Dorex2007 (small blind) folded before Flop
Seat 3: GoldenTime008 (big blind) folded before Flop
Seat 4: VirgoMoonAng folded before Flop (didn't bet)
Seat 5: erema80 folded before Flop
Seat 8: birgit233 folded before Flop (didn't bet)



PokerStars Hand #227074924009:  Hold'em No Limit ($0.01/$0.02 USD) - 2021/05/26 0:55:05 PT [2021/05/26 3:55:05 ET]
Table 'Melanie II' 9-max Seat #2 is the button
Seat 1: ezbutr ($1.68 in chips) 
Seat 2: Dorex2007 ($4.05 in chips) 
Seat 3: GoldenTime008 ($2 in chips) 
Seat 4: VirgoMoonAng ($0.46 in chips) 
Seat 5: erema80 ($2.30 in chips) 
Seat 8: birgit233 ($1.74 in chips) 
Seat 9: dirtyolman ($1.60 in chips) 
GoldenTime008: posts small blind $0.01
VirgoMoonAng: posts big blind $0.02
dirtyolman: posts big blind $0.02
*** HOLE CARDS ***
Dealt to Dorex2007 [Ks Kh]
erema80: calls $0.02
birgit233: folds 
dirtyolman: checks 
ezbutr: folds 
Dorex2007: raises $0.04 to $0.06
GoldenTime008: raises $0.24 to $0.30
VirgoMoonAng: folds 
erema80: folds 
dirtyolman: folds 
Dorex2007: calls $0.24
*** FLOP *** [Jh Jc 2c]
GoldenTime008: checks 
Dorex2007: checks 
*** TURN *** [Jh Jc 2c] [9h]
GoldenTime008: bets $0.31
Dorex2007: calls $0.31
*** RIVER *** [Jh Jc 2c 9h] [7h]
GoldenTime008: checks 
Dorex2007: bets $1.24
GoldenTime008: folds 
Uncalled bet ($1.24) returned to Dorex2007
Dorex2007 collected $1.24 from pot
Dorex2007: doesn't show hand 
*** SUMMARY ***
Total pot $1.28 | Rake $0.04 
Board [Jh Jc 2c 9h 7h]
Seat 1: ezbutr folded before Flop (didn't bet)
Seat 2: Dorex2007 (button) collected ($1.24)
Seat 3: GoldenTime008 (small blind) folded on the River
Seat 4: VirgoMoonAng (big blind) folded before Flop
Seat 5: erema80 folded before Flop
Seat 8: birgit233 folded before Flop (didn't bet)
Seat 9: dirtyolman folded before Flop (didn't bet)



PokerStars Hand #227074933653:  Hold'em No Limit ($0.01/$0.02 USD) - 2021/05/26 0:56:16 PT [2021/05/26 3:56:16 ET]
Table 'Melanie II' 9-max Seat #3 is the button
Seat 1: ezbutr ($1.68 in chips) 
Seat 2: Dorex2007 ($4.68 in chips) 
Seat 3: GoldenTime008 ($2 in chips) 
Seat 4: VirgoMoonAng ($0.44 in chips) 
Seat 5: erema80 ($2.28 in chips) 
Seat 8: birgit233 ($1.74 in chips) 
Seat 9: dirtyolman ($1.58 in chips) 
VirgoMoonAng: posts small blind $0.01
erema80: posts big blind $0.02
*** HOLE CARDS ***
Dealt to Dorex2007 [7c Td]
birgit233: folds 
dirtyolman: folds 
ezbutr: folds 
Dorex2007: folds 
GoldenTime008: folds 
VirgoMoonAng: raises $0.02 to $0.04
erema80: calls $0.02
*** FLOP *** [8d Th Jc]
VirgoMoonAng: checks 
erema80: checks 
*** TURN *** [8d Th Jc] [Qd]
VirgoMoonAng: bets $0.02
erema80: calls $0.02
*** RIVER *** [8d Th Jc Qd] [9h]
VirgoMoonAng: bets $0.02
erema80 is disconnected 
erema80 is connected 
erema80: calls $0.02
*** SHOW DOWN ***
VirgoMoonAng: shows [6d 8s] (a straight, Eight to Queen)
erema80: shows [Qh 2d] (a straight, Eight to Queen)
VirgoMoonAng collected $0.08 from pot
erema80 collected $0.07 from pot
*** SUMMARY ***
Total pot $0.16 | Rake $0.01 
Board [8d Th Jc Qd 9h]
Seat 1: ezbutr folded before Flop (didn't bet)
Seat 2: Dorex2007 folded before Flop (didn't bet)
Seat 3: GoldenTime008 (button) folded before Flop (didn't bet)
Seat 4: VirgoMoonAng (small blind) showed [6d 8s] and won ($0.08) with a straight, Eight to Queen
Seat 5: erema80 (big blind) showed [Qh 2d] and won ($0.07) with a straight, Eight to Queen
Seat 8: birgit233 folded before Flop (didn't bet)
Seat 9: dirtyolman folded before Flop (didn't bet)



PokerStars Hand #227074942356:  Hold'em No Limit ($0.01/$0.02 USD) - 2021/05/26 0:57:20 PT [2021/05/26 3:57:20 ET]
Table 'Melanie II' 9-max Seat #4 is the button
Seat 1: ezbutr ($1.68 in chips) 
Seat 2: Dorex2007 ($4.68 in chips) 
Seat 3: GoldenTime008 ($2 in chips) 
Seat 4: VirgoMoonAng ($0.44 in chips) 
Seat 5: erema80 ($2.27 in chips) 
Seat 8: birgit233 ($1.74 in chips) 
Seat 9: dirtyolman ($1.58 in chips) 
erema80: posts small blind $0.01
birgit233: posts big blind $0.02
*** HOLE CARDS ***
Dealt to Dorex2007 [2c 2h]
dirtyolman: folds 
ezbutr: raises $0.04 to $0.06
Dorex2007: folds 
GoldenTime008: folds 
VirgoMoonAng: folds 
erema80: calls $0.05
birgit233: folds 
*** FLOP *** [As 5h Jh]
erema80: checks 
ezbutr: checks 
*** TURN *** [As 5h Jh] [Ad]
erema80: bets $0.02
ezbutr: calls $0.02
*** RIVER *** [As 5h Jh Ad] [2d]
erema80: bets $0.02
ezbutr: folds 
Uncalled bet ($0.02) returned to erema80
erema80 collected $0.17 from pot
BumBumLauer leaves the table
erema80: doesn't show hand 
*** SUMMARY ***
Total pot $0.18 | Rake $0.01 
Board [As 5h Jh Ad 2d]
Seat 1: ezbutr folded on the River
Seat 2: Dorex2007 folded before Flop (didn't bet)
Seat 3: GoldenTime008 folded before Flop (didn't bet)
Seat 4: VirgoMoonAng (button) folded before Flop (didn't bet)
Seat 5: erema80 (small blind) collected ($0.17)
Seat 8: birgit233 (big blind) folded before Flop
Seat 9: dirtyolman folded before Flop (didn't bet)



PokerStars Hand #227074947432:  Hold'em No Limit ($0.01/$0.02 USD) - 2021/05/26 0:57:57 PT [2021/05/26 3:57:57 ET]
Table 'Melanie II' 9-max Seat #5 is the button
Seat 1: ezbutr ($1.60 in chips) 
Seat 2: Dorex2007 ($4.68 in chips) 
Seat 3: GoldenTime008 ($2 in chips) 
Seat 4: VirgoMoonAng ($0.44 in chips) 
Seat 5: erema80 ($2.36 in chips) 
Seat 8: birgit233 ($1.72 in chips) 
Seat 9: dirtyolman ($1.58 in chips) 
birgit233: posts small blind $0.01
dirtyolman: posts big blind $0.02
*** HOLE CARDS ***
Dealt to Dorex2007 [3s 8c]
AkademikKomarov joins the table at seat #7 
ezbutr: folds 
Dorex2007: folds 
GoldenTime008: folds 
VirgoMoonAng: raises $0.04 to $0.06
erema80: calls $0.06
birgit233: folds 
dirtyolman: folds 
*** FLOP *** [As 9d 6s]
VirgoMoonAng: checks 
erema80: checks 
*** TURN *** [As 9d 6s] [8s]
VirgoMoonAng: checks 
erema80: checks 
*** RIVER *** [As 9d 6s 8s] [Kh]
VirgoMoonAng: checks 
erema80: checks 
*** SHOW DOWN ***
VirgoMoonAng: shows [4c 4h] (a pair of Fours)
erema80: mucks hand 
VirgoMoonAng collected $0.14 from pot
*** SUMMARY ***
Total pot $0.15 | Rake $0.01 
Board [As 9d 6s 8s Kh]
Seat 1: ezbutr folded before Flop (didn't bet)
Seat 2: Dorex2007 folded before Flop (didn't bet)
Seat 3: GoldenTime008 folded before Flop (didn't bet)
Seat 4: VirgoMoonAng showed [4c 4h] and won ($0.14) with a pair of Fours
Seat 5: erema80 (button) mucked [Qh Td]
Seat 8: birgit233 (small blind) folded before Flop
Seat 9: dirtyolman (big blind) folded before Flop



PokerStars Hand #227074951864:  Hold'em No Limit ($0.01/$0.02 USD) - 2021/05/26 0:58:29 PT [2021/05/26 3:58:29 ET]
Table 'Melanie II' 9-max Seat #8 is the button
Seat 1: ezbutr ($1.60 in chips) 
Seat 2: Dorex2007 ($4.68 in chips) 
Seat 3: GoldenTime008 ($2 in chips) 
Seat 4: VirgoMoonAng ($0.52 in chips) 
Seat 5: erema80 ($2.30 in chips) 
Seat 7: AkademikKomarov ($1 in chips) 
Seat 8: birgit233 ($1.71 in chips) 
Seat 9: dirtyolman ($1.56 in chips) 
dirtyolman: posts small blind $0.01
ezbutr: posts big blind $0.02
AkademikKomarov: posts big blind $0.02
*** HOLE CARDS ***
Dealt to Dorex2007 [Tc Td]
Dorex2007: raises $0.02 to $0.04
GoldenTime008: folds 
VirgoMoonAng: folds 
erema80: folds 
AkademikKomarov: folds 
birgit233: folds 
dirtyolman: calls $0.03
ezbutr: folds 
*** FLOP *** [8d Jc Ac]
dirtyolman: checks 
Dorex2007: bets $0.08
dirtyolman: calls $0.08
*** TURN *** [8d Jc Ac] [5c]
dirtyolman: bets $0.02
Dorex2007: calls $0.02
*** RIVER *** [8d Jc Ac 5c] [Kc]
dirtyolman: bets $0.02
Dorex2007: raises $0.23 to $0.25
dirtyolman: calls $0.23
*** SHOW DOWN ***
Dorex2007: shows [Tc Td] (a flush, Ace high)
dirtyolman: mucks hand 
Dorex2007 collected $0.79 from pot
*** SUMMARY ***
Total pot $0.82 | Rake $0.03 
Board [8d Jc Ac 5c Kc]
Seat 1: ezbutr (big blind) folded before Flop
Seat 2: Dorex2007 showed [Tc Td] and won ($0.79) with a flush, Ace high
Seat 3: GoldenTime008 folded before Flop (didn't bet)
Seat 4: VirgoMoonAng folded before Flop (didn't bet)
Seat 5: erema80 folded before Flop (didn't bet)
Seat 7: AkademikKomarov folded before Flop (didn't bet)
Seat 8: birgit233 (button) folded before Flop (didn't bet)
Seat 9: dirtyolman (small blind) mucked [Ts 9c]



PokerStars Hand #227074957391:  Hold'em No Limit ($0.01/$0.02 USD) - 2021/05/26 0:59:10 PT [2021/05/26 3:59:10 ET]
Table 'Melanie II' 9-max Seat #9 is the button
Seat 1: ezbutr ($1.58 in chips) 
Seat 2: Dorex2007 ($5.08 in chips) 
Seat 3: GoldenTime008 ($2 in chips) 
Seat 4: VirgoMoonAng ($0.52 in chips) 
Seat 5: erema80 ($2.30 in chips) 
Seat 7: AkademikKomarov ($0.98 in chips) 
Seat 8: birgit233 ($1.71 in chips) 
Seat 9: dirtyolman ($1.17 in chips) 
ezbutr: posts small blind $0.01
Dorex2007: posts big blind $0.02
*** HOLE CARDS ***
Dealt to Dorex2007 [8s Th]
GoldenTime008: folds 
VirgoMoonAng: raises $0.04 to $0.06
erema80: calls $0.06
AkademikKomarov: folds 
birgit233: folds 
dirtyolman: folds 
ezbutr: folds 
Dorex2007: folds 
*** FLOP *** [4d Qc Js]
VirgoMoonAng: bets $0.04
erema80: calls $0.04
*** TURN *** [4d Qc Js] [2d]
VirgoMoonAng: bets $0.04
erema80: folds 
Uncalled bet ($0.04) returned to VirgoMoonAng
VirgoMoonAng collected $0.22 from pot
*** SUMMARY ***
Total pot $0.23 | Rake $0.01 
Board [4d Qc Js 2d]
Seat 1: ezbutr (small blind) folded before Flop
Seat 2: Dorex2007 (big blind) folded before Flop
Seat 3: GoldenTime008 folded before Flop (didn't bet)
Seat 4: VirgoMoonAng collected ($0.22)
Seat 5: erema80 folded on the Turn
Seat 7: AkademikKomarov folded before Flop (didn't bet)
Seat 8: birgit233 folded before Flop (didn't bet)
Seat 9: dirtyolman (button) folded before Flop (didn't bet)



PokerStars Hand #227074962117:  Hold'em No Limit ($0.01/$0.02 USD) - 2021/05/26 0:59:44 PT [2021/05/26 3:59:44 ET]
Table 'Melanie II' 9-max Seat #2 is the button
Seat 2: Dorex2007 ($5.06 in chips) 
Seat 3: GoldenTime008 ($2 in chips) 
Seat 4: VirgoMoonAng ($0.64 in chips) 
Seat 5: erema80 ($2.20 in chips) 
Seat 7: AkademikKomarov ($0.98 in chips) 
Seat 8: birgit233 ($1.71 in chips) 
Seat 9: dirtyolman ($1.17 in chips) 
GoldenTime008: posts small blind $0.01
Soimu22 is disconnected 
VirgoMoonAng: posts big blind $0.02
*** HOLE CARDS ***
Dealt to Dorex2007 [Jc Td]
erema80: raises $0.02 to $0.04
AkademikKomarov: folds 
birgit233: raises $0.11 to $0.15
dirtyolman: calls $0.15
Dorex2007: folds 
GoldenTime008: folds 
VirgoMoonAng: folds 
erema80: folds 
*** FLOP *** [2s 5c 3c]
birgit233: checks 
dirtyolman: bets $0.36
birgit233: folds 
Uncalled bet ($0.36) returned to dirtyolman
dirtyolman collected $0.36 from pot
dirtyolman: doesn't show hand 
*** SUMMARY ***
Total pot $0.37 | Rake $0.01 
Board [2s 5c 3c]
Seat 2: Dorex2007 (button) folded before Flop (didn't bet)
Seat 3: GoldenTime008 (small blind) folded before Flop
Seat 4: VirgoMoonAng (big blind) folded before Flop
Seat 5: erema80 folded before Flop
Seat 7: AkademikKomarov folded before Flop (didn't bet)
Seat 8: birgit233 folded on the Flop
Seat 9: dirtyolman collected ($0.36)



PokerStars Hand #227074966818:  Hold'em No Limit ($0.01/$0.02 USD) - 2021/05/26 1:00:18 PT [2021/05/26 4:00:18 ET]
Table 'Melanie II' 9-max Seat #3 is the button
Seat 2: Dorex2007 ($5.06 in chips) 
Seat 3: GoldenTime008 ($2 in chips) 
Seat 4: VirgoMoonAng ($0.62 in chips) 
Seat 5: erema80 ($2.16 in chips) 
Seat 7: AkademikKomarov ($0.98 in chips) 
Seat 8: birgit233 ($1.56 in chips) 
Seat 9: dirtyolman ($1.38 in chips) 
VirgoMoonAng: posts small blind $0.01
erema80: posts big blind $0.02
*** HOLE CARDS ***
Dealt to Dorex2007 [9c Td]
AkademikKomarov: folds 
birgit233: folds 
dirtyolman: folds 
Dorex2007: folds 
GoldenTime008: raises $0.04 to $0.06
VirgoMoonAng: folds 
erema80: calls $0.04
*** FLOP *** [6s Kc 3c]
erema80: checks 
GoldenTime008: checks 
*** TURN *** [6s Kc 3c] [9d]
erema80: checks 
GoldenTime008: bets $0.09
erema80: folds 
Uncalled bet ($0.09) returned to GoldenTime008
GoldenTime008 collected $0.13 from pot
GoldenTime008: doesn't show hand 
*** SUMMARY ***
Total pot $0.13 | Rake $0 
Board [6s Kc 3c 9d]
Seat 2: Dorex2007 folded before Flop (didn't bet)
Seat 3: GoldenTime008 (button) collected ($0.13)
Seat 4: VirgoMoonAng (small blind) folded before Flop
Seat 5: erema80 (big blind) folded on the Turn
Seat 7: AkademikKomarov folded before Flop (didn't bet)
Seat 8: birgit233 folded before Flop (didn't bet)
Seat 9: dirtyolman folded before Flop (didn't bet)



PokerStars Hand #227074971428:  Hold'em No Limit ($0.01/$0.02 USD) - 2021/05/26 1:00:49 PT [2021/05/26 4:00:49 ET]
Table 'Melanie II' 9-max Seat #4 is the button
Seat 2: Dorex2007 ($5.06 in chips) 
Seat 3: GoldenTime008 ($2.07 in chips) 
Seat 4: VirgoMoonAng ($0.61 in chips) 
Seat 5: erema80 ($2.10 in chips) 
Seat 7: AkademikKomarov ($0.98 in chips) 
Seat 8: birgit233 ($1.56 in chips) 
Seat 9: dirtyolman ($1.38 in chips) 
erema80: posts small blind $0.01
AkademikKomarov: posts big blind $0.02
*** HOLE CARDS ***
Dealt to Dorex2007 [4s 8c]
birgit233: folds 
dirtyolman: calls $0.02
Dorex2007: folds 
GoldenTime008: folds 
VirgoMoonAng: folds 
erema80: calls $0.01
AkademikKomarov: checks 
*** FLOP *** [2c 2s 3s]
erema80: checks 
AkademikKomarov: checks 
dirtyolman: checks 
*** TURN *** [2c 2s 3s] [3c]
erema80: checks 
AkademikKomarov: checks 
dirtyolman: checks 
*** RIVER *** [2c 2s 3s 3c] [Qh]
erema80: bets $0.02
AkademikKomarov: folds 
dirtyolman: calls $0.02
*** SHOW DOWN ***
erema80: shows [Ts Qd] (two pair, Queens and Threes)
dirtyolman: shows [Qc Ks] (two pair, Queens and Threes - King kicker)
dirtyolman collected $0.10 from pot
*** SUMMARY ***
Total pot $0.10 | Rake $0 
Board [2c 2s 3s 3c Qh]
Seat 2: Dorex2007 folded before Flop (didn't bet)
Seat 3: GoldenTime008 folded before Flop (didn't bet)
Seat 4: VirgoMoonAng (button) folded before Flop (didn't bet)
Seat 5: erema80 (small blind) showed [Ts Qd] and lost with two pair, Queens and Threes
Seat 7: AkademikKomarov (big blind) folded on the River
Seat 8: birgit233 folded before Flop (didn't bet)
Seat 9: dirtyolman showed [Qc Ks] and won ($0.10) with two pair, Queens and Threes



PokerStars Hand #227074980672:  Hold'em No Limit ($0.01/$0.02 USD) - 2021/05/26 1:01:49 PT [2021/05/26 4:01:49 ET]
Table 'Melanie II' 9-max Seat #5 is the button
Seat 2: Dorex2007 ($5.06 in chips) 
Seat 3: GoldenTime008 ($2.07 in chips) 
Seat 4: VirgoMoonAng ($0.61 in chips) 
Seat 5: erema80 ($2.06 in chips) 
Seat 7: AkademikKomarov ($0.96 in chips) 
Seat 8: birgit233 ($1.56 in chips) 
Seat 9: dirtyolman ($1.44 in chips) 
AkademikKomarov: posts small blind $0.01
birgit233: posts big blind $0.02
*** HOLE CARDS ***
Dealt to Dorex2007 [6s 9s]
dirtyolman: folds 
Dorex2007: folds 
GoldenTime008: folds 
VirgoMoonAng: folds 
erema80: calls $0.02
AkademikKomarov: folds 
birgit233: checks 
*** FLOP *** [3h 2h 7h]
birgit233: checks 
erema80: checks 
*** TURN *** [3h 2h 7h] [8c]
birgit233: checks 
erema80: bets $0.02
birgit233: folds 
Uncalled bet ($0.02) returned to erema80
erema80 collected $0.05 from pot
erema80: doesn't show hand 
*** SUMMARY ***
Total pot $0.05 | Rake $0 
Board [3h 2h 7h 8c]
Seat 2: Dorex2007 folded before Flop (didn't bet)
Seat 3: GoldenTime008 folded before Flop (didn't bet)
Seat 4: VirgoMoonAng folded before Flop (didn't bet)
Seat 5: erema80 (button) collected ($0.05)
Seat 7: AkademikKomarov (small blind) folded before Flop
Seat 8: birgit233 (big blind) folded on the Turn
Seat 9: dirtyolman folded before Flop (didn't bet)



PokerStars Hand #227074985957:  Hold'em No Limit ($0.01/$0.02 USD) - 2021/05/26 1:02:23 PT [2021/05/26 4:02:23 ET]
Table 'Melanie II' 9-max Seat #7 is the button
Seat 2: Dorex2007 ($5.06 in chips) 
Seat 3: GoldenTime008 ($2.07 in chips) 
Seat 4: VirgoMoonAng ($0.61 in chips) 
Seat 5: erema80 ($2.09 in chips) 
Seat 7: AkademikKomarov ($0.95 in chips) 
Seat 8: birgit233 ($1.54 in chips) 
Seat 9: dirtyolman ($1.44 in chips) 
birgit233: posts small blind $0.01
dirtyolman: posts big blind $0.02
*** HOLE CARDS ***
Dealt to Dorex2007 [9s Ah]
Dorex2007: folds 
GoldenTime008: folds 
VirgoMoonAng: folds 
erema80: calls $0.02
AkademikKomarov: folds 
birgit233: folds 
dirtyolman: checks 
*** FLOP *** [Ac 8c 8h]
dirtyolman: checks 
erema80: checks 
*** TURN *** [Ac 8c 8h] [7c]
dirtyolman: checks 
erema80: bets $0.02
dirtyolman: folds 
Uncalled bet ($0.02) returned to erema80
erema80 collected $0.05 from pot
erema80: doesn't show hand 
*** SUMMARY ***
Total pot $0.05 | Rake $0 
Board [Ac 8c 8h 7c]
Seat 2: Dorex2007 folded before Flop (didn't bet)
Seat 3: GoldenTime008 folded before Flop (didn't bet)
Seat 4: VirgoMoonAng folded before Flop (didn't bet)
Seat 5: erema80 collected ($0.05)
Seat 7: AkademikKomarov (button) folded before Flop (didn't bet)
Seat 8: birgit233 (small blind) folded before Flop
Seat 9: dirtyolman (big blind) folded on the Turn



PokerStars Hand #227074990195:  Hold'em No Limit ($0.01/$0.02 USD) - 2021/05/26 1:02:50 PT [2021/05/26 4:02:50 ET]
Table 'Melanie II' 9-max Seat #8 is the button
Seat 1: ezbutr ($1.57 in chips) 
Seat 2: Dorex2007 ($5.06 in chips) 
Seat 3: GoldenTime008 ($2.07 in chips) 
Seat 4: VirgoMoonAng ($0.61 in chips) 
Seat 5: erema80 ($2.12 in chips) 
Seat 7: AkademikKomarov ($0.95 in chips) 
Seat 8: birgit233 ($1.53 in chips) 
Seat 9: dirtyolman ($1.42 in chips) 
dirtyolman: posts small blind $0.01
ezbutr: posts big blind $0.02
*** HOLE CARDS ***
Dealt to Dorex2007 [Jh 9d]
Dorex2007: folds 
GoldenTime008: calls $0.02
VirgoMoonAng: calls $0.02
erema80: folds 
AkademikKomarov: folds 
birgit233: folds 
dirtyolman: calls $0.01
ezbutr: checks 
*** FLOP *** [2s Th Kh]
dirtyolman: bets $0.08
ezbutr: folds 
GoldenTime008: folds 
VirgoMoonAng: folds 
Uncalled bet ($0.08) returned to dirtyolman
dirtyolman collected $0.08 from pot
dirtyolman: doesn't show hand 
*** SUMMARY ***
Total pot $0.08 | Rake $0 
Board [2s Th Kh]
Seat 1: ezbutr (big blind) folded on the Flop
Seat 2: Dorex2007 folded before Flop (didn't bet)
Seat 3: GoldenTime008 folded on the Flop
Seat 4: VirgoMoonAng folded on the Flop
Seat 5: erema80 folded before Flop (didn't bet)
Seat 7: AkademikKomarov folded before Flop (didn't bet)
Seat 8: birgit233 (button) folded before Flop (didn't bet)
Seat 9: dirtyolman (small blind) collected ($0.08)



PokerStars Hand #227074996255:  Hold'em No Limit ($0.01/$0.02 USD) - 2021/05/26 1:03:28 PT [2021/05/26 4:03:28 ET]
Table 'Melanie II' 9-max Seat #9 is the button
Seat 1: ezbutr ($1.55 in chips) 
Seat 2: Dorex2007 ($5.06 in chips) 
Seat 3: GoldenTime008 ($2.05 in chips) 
Seat 4: VirgoMoonAng ($0.59 in chips) 
Seat 5: erema80 ($2.12 in chips) 
Seat 7: AkademikKomarov ($0.95 in chips) 
Seat 8: birgit233 ($1.53 in chips) 
Seat 9: dirtyolman ($1.48 in chips) 
ezbutr: posts small blind $0.01
Dorex2007: posts big blind $0.02
*** HOLE CARDS ***
Dealt to Dorex2007 [Ad 2c]
GoldenTime008: raises $0.04 to $0.06
VirgoMoonAng: calls $0.06
erema80: calls $0.06
AkademikKomarov: folds 
birgit233: folds 
dirtyolman: folds 
ezbutr: folds 
Dorex2007: folds 
*** FLOP *** [9c 2d 4c]
GoldenTime008: checks 
VirgoMoonAng: checks 
erema80: checks 
*** TURN *** [9c 2d 4c] [5s]
GoldenTime008: bets $0.14
VirgoMoonAng: calls $0.14
erema80: folds 
*** RIVER *** [9c 2d 4c 5s] [Qh]
GoldenTime008: bets $0.36
VirgoMoonAng: raises $0.03 to $0.39 and is all-in
GoldenTime008: calls $0.03
*** SHOW DOWN ***
VirgoMoonAng: shows [Ah Kd] (high card Ace)
GoldenTime008: shows [9d 9s] (three of a kind, Nines)
GoldenTime008 collected $1.23 from pot
*** SUMMARY ***
Total pot $1.27 | Rake $0.04 
Board [9c 2d 4c 5s Qh]
Seat 1: ezbutr (small blind) folded before Flop
Seat 2: Dorex2007 (big blind) folded before Flop
Seat 3: GoldenTime008 showed [9d 9s] and won ($1.23) with three of a kind, Nines
Seat 4: VirgoMoonAng showed [Ah Kd] and lost with high card Ace
Seat 5: erema80 folded on the Turn
Seat 7: AkademikKomarov folded before Flop (didn't bet)
Seat 8: birgit233 folded before Flop (didn't bet)
Seat 9: dirtyolman (button) folded before Flop (didn't bet)



PokerStars Hand #227075007163:  Hold'em No Limit ($0.01/$0.02 USD) - 2021/05/26 1:04:35 PT [2021/05/26 4:04:35 ET]
Table 'Melanie II' 9-max Seat #1 is the button
Seat 1: ezbutr ($1.54 in chips) 
Seat 2: Dorex2007 ($5.04 in chips) 
Seat 3: GoldenTime008 ($2.69 in chips) 
Seat 5: erema80 ($2.06 in chips) 
Seat 7: AkademikKomarov ($0.95 in chips) 
Seat 8: birgit233 ($1.53 in chips) 
Seat 9: dirtyolman ($1.48 in chips) 
Dorex2007: posts small blind $0.01
GoldenTime008: posts big blind $0.02
*** HOLE CARDS ***
Dealt to Dorex2007 [3c Ks]
erema80: calls $0.02
AkademikKomarov: folds 
birgit233: folds 
dirtyolman: folds 
ezbutr: raises $0.04 to $0.06
VirgoMoonAng leaves the table
Dorex2007: folds 
GoldenTime008: folds 
esch777 joins the table at seat #4 
erema80: calls $0.04
*** FLOP *** [6d Ah Jc]
erema80: checks 
ezbutr: bets $0.06
erema80: calls $0.06
*** TURN *** [6d Ah Jc] [5h]
erema80: bets $0.04
ezbutr: calls $0.04
*** RIVER *** [6d Ah Jc 5h] [4c]
erema80: bets $0.06
ezbutr: calls $0.06
*** SHOW DOWN ***
erema80: shows [Ac Td] (a pair of Aces)
ezbutr: mucks hand 
erema80 collected $0.45 from pot
*** SUMMARY ***
Total pot $0.47 | Rake $0.02 
Board [6d Ah Jc 5h 4c]
Seat 1: ezbutr (button) mucked [Qh Qc]
Seat 2: Dorex2007 (small blind) folded before Flop
Seat 3: GoldenTime008 (big blind) folded before Flop
Seat 5: erema80 showed [Ac Td] and won ($0.45) with a pair of Aces
Seat 7: AkademikKomarov folded before Flop (didn't bet)
Seat 8: birgit233 folded before Flop (didn't bet)
Seat 9: dirtyolman folded before Flop (didn't bet)



PokerStars Hand #227075018151:  Hold'em No Limit ($0.01/$0.02 USD) - 2021/05/26 1:05:29 PT [2021/05/26 4:05:29 ET]
Table 'Melanie II' 9-max Seat #2 is the button
Seat 1: ezbutr ($1.32 in chips) 
Seat 2: Dorex2007 ($5.03 in chips) 
Seat 3: GoldenTime008 ($2.67 in chips) 
Seat 4: esch777 ($0.80 in chips) 
Seat 5: erema80 ($2.29 in chips) 
Seat 7: AkademikKomarov ($0.95 in chips) 
Seat 8: birgit233 ($1.53 in chips) 
Seat 9: dirtyolman ($1.48 in chips) 
GoldenTime008: posts small blind $0.01
esch777: posts big blind $0.02
*** HOLE CARDS ***
Dealt to Dorex2007 [Qh 9s]
erema80: folds 
AkademikKomarov: folds 
birgit233: folds 
dirtyolman: folds 
ezbutr: folds 
Dorex2007: calls $0.02
GoldenTime008: folds 
esch777: checks 
*** FLOP *** [7h Th Ac]
esch777: bets $0.02
Dorex2007: calls $0.02
*** TURN *** [7h Th Ac] [5c]
esch777: bets $0.05
Dorex2007: folds 
Uncalled bet ($0.05) returned to esch777
esch777 collected $0.09 from pot
esch777: doesn't show hand 
*** SUMMARY ***
Total pot $0.09 | Rake $0 
Board [7h Th Ac 5c]
Seat 1: ezbutr folded before Flop (didn't bet)
Seat 2: Dorex2007 (button) folded on the Turn
Seat 3: GoldenTime008 (small blind) folded before Flop
Seat 4: esch777 (big blind) collected ($0.09)
Seat 5: erema80 folded before Flop (didn't bet)
Seat 7: AkademikKomarov folded before Flop (didn't bet)
Seat 8: birgit233 folded before Flop (didn't bet)
Seat 9: dirtyolman folded before Flop (didn't bet)



PokerStars Hand #227075026899:  Hold'em No Limit ($0.01/$0.02 USD) - 2021/05/26 1:06:23 PT [2021/05/26 4:06:23 ET]
Table 'Melanie II' 9-max Seat #3 is the button
Seat 1: ezbutr ($1.32 in chips) 
Seat 2: Dorex2007 ($4.99 in chips) 
Seat 3: GoldenTime008 ($2.66 in chips) 
Seat 4: esch777 ($0.85 in chips) 
Seat 5: erema80 ($2.29 in chips) 
Seat 7: AkademikKomarov ($0.95 in chips) 
Seat 8: birgit233 ($1.53 in chips) 
Seat 9: dirtyolman ($1.48 in chips) 
esch777: posts small blind $0.01
erema80: posts big blind $0.02
*** HOLE CARDS ***
Dealt to Dorex2007 [5s 2d]
AkademikKomarov: folds 
birgit233: folds 
dirtyolman: calls $0.02
ezbutr: folds 
Dorex2007: folds 
GoldenTime008: folds 
esch777: raises $0.04 to $0.06
erema80: calls $0.04
dirtyolman: calls $0.04
*** FLOP *** [3d Js 3c]
esch777: bets $0.09
erema80: folds 
dirtyolman: folds 
Uncalled bet ($0.09) returned to esch777
esch777 collected $0.17 from pot
esch777: doesn't show hand 
*** SUMMARY ***
Total pot $0.18 | Rake $0.01 
Board [3d Js 3c]
Seat 1: ezbutr folded before Flop (didn't bet)
Seat 2: Dorex2007 folded before Flop (didn't bet)
Seat 3: GoldenTime008 (button) folded before Flop (didn't bet)
Seat 4: esch777 (small blind) collected ($0.17)
Seat 5: erema80 (big blind) folded on the Flop
Seat 7: AkademikKomarov folded before Flop (didn't bet)
Seat 8: birgit233 folded before Flop (didn't bet)
Seat 9: dirtyolman folded on the Flop



PokerStars Hand #227075035673:  Hold'em No Limit ($0.01/$0.02 USD) - 2021/05/26 1:07:15 PT [2021/05/26 4:07:15 ET]
Table 'Melanie II' 9-max Seat #4 is the button
Seat 1: ezbutr ($1.32 in chips) 
Seat 2: Dorex2007 ($4.99 in chips) 
Seat 3: GoldenTime008 ($2.66 in chips) 
Seat 4: esch777 ($0.96 in chips) 
Seat 5: erema80 ($2.23 in chips) 
Seat 7: AkademikKomarov ($0.95 in chips) 
Seat 8: birgit233 ($1.53 in chips) 
Seat 9: dirtyolman ($1.42 in chips) 
erema80: posts small blind $0.01
AkademikKomarov: posts big blind $0.02
*** HOLE CARDS ***
Dealt to Dorex2007 [5h 5c]
birgit233: folds 
dirtyolman: folds 
ezbutr: folds 
Dorex2007: raises $0.02 to $0.04
GoldenTime008: folds 
esch777: folds 
erema80: calls $0.03
AkademikKomarov: folds 
*** FLOP *** [As 2d Th]
erema80: checks 
Dorex2007: bets $0.05
erema80: folds 
Uncalled bet ($0.05) returned to Dorex2007
Dorex2007 collected $0.10 from pot
Soimu22 leaves the table
Dorex2007: doesn't show hand 
*** SUMMARY ***
Total pot $0.10 | Rake $0 
Board [As 2d Th]
Seat 1: ezbutr folded before Flop (didn't bet)
Seat 2: Dorex2007 collected ($0.10)
Seat 3: GoldenTime008 folded before Flop (didn't bet)
Seat 4: esch777 (button) folded before Flop (didn't bet)
Seat 5: erema80 (small blind) folded on the Flop
Seat 7: AkademikKomarov (big blind) folded before Flop
Seat 8: birgit233 folded before Flop (didn't bet)
Seat 9: dirtyolman folded before Flop (didn't bet)



PokerStars Hand #227075043237:  Hold'em No Limit ($0.01/$0.02 USD) - 2021/05/26 1:08:02 PT [2021/05/26 4:08:02 ET]
Table 'Melanie II' 9-max Seat #5 is the button
Seat 1: ezbutr ($1.32 in chips) 
Seat 2: Dorex2007 ($5.05 in chips) 
Seat 3: GoldenTime008 ($2.66 in chips) 
Seat 4: esch777 ($0.96 in chips) 
Seat 5: erema80 ($2.19 in chips) 
Seat 7: AkademikKomarov ($0.93 in chips) 
Seat 8: birgit233 ($1.53 in chips) 
Seat 9: dirtyolman ($1.42 in chips) 
AkademikKomarov: posts small blind $0.01
birgit233: posts big blind $0.02
*** HOLE CARDS ***
Dealt to Dorex2007 [Jh Kh]
dirtyolman: folds 
ezbutr: folds 
Dorex2007: raises $0.02 to $0.04
GoldenTime008: folds 
esch777: folds 
erema80: calls $0.04
AkademikKomarov: folds 
birgit233: folds 
*** FLOP *** [6d 2h 3h]
Dorex2007: checks 
erema80: checks 
*** TURN *** [6d 2h 3h] [7s]
Dorex2007: bets $0.06
erema80: folds 
Uncalled bet ($0.06) returned to Dorex2007
Dorex2007 collected $0.11 from pot
Dorex2007: doesn't show hand 
*** SUMMARY ***
Total pot $0.11 | Rake $0 
Board [6d 2h 3h 7s]
Seat 1: ezbutr folded before Flop (didn't bet)
Seat 2: Dorex2007 collected ($0.11)
Seat 3: GoldenTime008 folded before Flop (didn't bet)
Seat 4: esch777 folded before Flop (didn't bet)
Seat 5: erema80 (button) folded on the Turn
Seat 7: AkademikKomarov (small blind) folded before Flop
Seat 8: birgit233 (big blind) folded before Flop
Seat 9: dirtyolman folded before Flop (didn't bet)



PokerStars Hand #227075048054:  Hold'em No Limit ($0.01/$0.02 USD) - 2021/05/26 1:08:30 PT [2021/05/26 4:08:30 ET]
Table 'Melanie II' 9-max Seat #7 is the button
Seat 1: ezbutr ($1.32 in chips) 
Seat 2: Dorex2007 ($5.12 in chips) 
Seat 3: GoldenTime008 ($2.66 in chips) 
Seat 4: esch777 ($0.96 in chips) 
Seat 5: erema80 ($2.15 in chips) 
Seat 7: AkademikKomarov ($0.92 in chips) 
Seat 8: birgit233 ($1.51 in chips) 
Seat 9: dirtyolman ($1.42 in chips) 
birgit233: posts small blind $0.01
dirtyolman: posts big blind $0.02
*** HOLE CARDS ***
Dealt to Dorex2007 [3h Qs]
kostik809 joins the table at seat #6 
ezbutr: calls $0.02
Dorex2007: folds 
GoldenTime008: raises $0.04 to $0.06
esch777: calls $0.06
erema80: folds 
AkademikKomarov: folds 
birgit233: folds 
dirtyolman: folds 
ezbutr: calls $0.04
*** FLOP *** [4h Js 7s]
ezbutr: checks 
GoldenTime008: bets $0.07
esch777: calls $0.07
ezbutr: calls $0.07
*** TURN *** [4h Js 7s] [Ad]
ezbutr: checks 
GoldenTime008: checks 
esch777: checks 
*** RIVER *** [4h Js 7s Ad] [8c]
ezbutr: checks 
GoldenTime008: checks 
esch777: checks 
*** SHOW DOWN ***
ezbutr: shows [3s As] (a pair of Aces)
GoldenTime008: mucks hand 
esch777: mucks hand 
ezbutr collected $0.41 from pot
*** SUMMARY ***
Total pot $0.42 | Rake $0.01 
Board [4h Js 7s Ad 8c]
Seat 1: ezbutr showed [3s As] and won ($0.41) with a pair of Aces
Seat 2: Dorex2007 folded before Flop (didn't bet)
Seat 3: GoldenTime008 mucked [9s 8s]
Seat 4: esch777 mucked [8d 9d]
Seat 5: erema80 folded before Flop (didn't bet)
Seat 7: AkademikKomarov (button) folded before Flop (didn't bet)
Seat 8: birgit233 (small blind) folded before Flop
Seat 9: dirtyolman (big blind) folded before Flop



PokerStars Hand #227075057573:  Hold'em No Limit ($0.01/$0.02 USD) - 2021/05/26 1:09:28 PT [2021/05/26 4:09:28 ET]
Table 'Melanie II' 9-max Seat #8 is the button
Seat 1: ezbutr ($1.60 in chips) 
Seat 2: Dorex2007 ($5.12 in chips) 
Seat 3: GoldenTime008 ($2.53 in chips) 
Seat 4: esch777 ($0.83 in chips) 
Seat 5: erema80 ($2.15 in chips) 
Seat 6: kostik809 ($2 in chips) 
Seat 7: AkademikKomarov ($0.92 in chips) 
Seat 8: birgit233 ($1.50 in chips) 
Seat 9: dirtyolman ($1.40 in chips) 
dirtyolman: posts small blind $0.01
ezbutr: posts big blind $0.02
kostik809: posts big blind $0.02
*** HOLE CARDS ***
Dealt to Dorex2007 [Ad 4c]
Dorex2007: folds 
GoldenTime008: folds 
esch777: folds 
erema80: folds 
kostik809: checks 
AkademikKomarov: folds 
birgit233: folds 
dirtyolman: calls $0.01
ezbutr: checks 
*** FLOP *** [3c Jc 8d]
dirtyolman: bets $0.06
ezbutr: calls $0.06
kostik809: folds 
*** TURN *** [3c Jc 8d] [Qh]
dirtyolman: bets $0.17
ezbutr: calls $0.17
*** RIVER *** [3c Jc 8d Qh] [7c]
dirtyolman: checks 
ezbutr: bets $0.20
dirtyolman: calls $0.20
*** SHOW DOWN ***
ezbutr: shows [9d Td] (a straight, Eight to Queen)
dirtyolman: mucks hand 
ezbutr collected $0.89 from pot
*** SUMMARY ***
Total pot $0.92 | Rake $0.03 
Board [3c Jc 8d Qh 7c]
Seat 1: ezbutr (big blind) showed [9d Td] and won ($0.89) with a straight, Eight to Queen
Seat 2: Dorex2007 folded before Flop (didn't bet)
Seat 3: GoldenTime008 folded before Flop (didn't bet)
Seat 4: esch777 folded before Flop (didn't bet)
Seat 5: erema80 folded before Flop (didn't bet)
Seat 6: kostik809 folded on the Flop (didn't bet)
Seat 7: AkademikKomarov folded before Flop (didn't bet)
Seat 8: birgit233 (button) folded before Flop (didn't bet)
Seat 9: dirtyolman (small blind) mucked [Qc Js]



PokerStars Hand #227075066664:  Hold'em No Limit ($0.01/$0.02 USD) - 2021/05/26 1:10:23 PT [2021/05/26 4:10:23 ET]
Table 'Melanie II' 9-max Seat #9 is the button
Seat 1: ezbutr ($2.04 in chips) 
Seat 2: Dorex2007 ($5.12 in chips) 
Seat 3: GoldenTime008 ($2.53 in chips) 
Seat 4: esch777 ($0.83 in chips) 
Seat 5: erema80 ($2.15 in chips) 
Seat 6: kostik809 ($1.98 in chips) 
Seat 7: AkademikKomarov ($0.92 in chips) 
Seat 8: birgit233 ($1.50 in chips) 
Seat 9: dirtyolman ($0.95 in chips) 
ezbutr: posts small blind $0.01
Dorex2007: posts big blind $0.02
*** HOLE CARDS ***
Dealt to Dorex2007 [Th 8s]
GoldenTime008: folds 
esch777: folds 
erema80: folds 
kostik809: folds 
AkademikKomarov: folds 
birgit233: folds 
dirtyolman: folds 
ezbutr: folds 
Uncalled bet ($0.01) returned to Dorex2007
Dorex2007 collected $0.02 from pot
Dorex2007: doesn't show hand 
*** SUMMARY ***
Total pot $0.02 | Rake $0 
Seat 1: ezbutr (small blind) folded before Flop
Seat 2: Dorex2007 (big blind) collected ($0.02)
Seat 3: GoldenTime008 folded before Flop (didn't bet)
Seat 4: esch777 folded before Flop (didn't bet)
Seat 5: erema80 folded before Flop (didn't bet)
Seat 6: kostik809 folded before Flop (didn't bet)
Seat 7: AkademikKomarov folded before Flop (didn't bet)
Seat 8: birgit233 folded before Flop (didn't bet)
Seat 9: dirtyolman (button) folded before Flop (didn't bet)



PokerStars Hand #227075071111:  Hold'em No Limit ($0.01/$0.02 USD) - 2021/05/26 1:10:50 PT [2021/05/26 4:10:50 ET]
Table 'Melanie II' 9-max Seat #1 is the button
Seat 1: ezbutr ($2.03 in chips) 
Seat 2: Dorex2007 ($5.13 in chips) 
Seat 4: esch777 ($0.83 in chips) 
Seat 5: erema80 ($2.15 in chips) 
Seat 6: kostik809 ($1.98 in chips) 
Seat 7: AkademikKomarov ($0.92 in chips) 
Seat 8: birgit233 ($1.50 in chips) 
Seat 9: dirtyolman ($0.95 in chips) 
Dorex2007: posts small blind $0.01
esch777: posts big blind $0.02
*** HOLE CARDS ***
Dealt to Dorex2007 [7h Kc]
erema80 has timed out
erema80: folds 
kostik809: folds 
AkademikKomarov: folds 
birgit233: folds 
dirtyolman: calls $0.02
ezbutr: raises $0.04 to $0.06
Dorex2007: folds 
esch777: folds 
dirtyolman: calls $0.04
*** FLOP *** [9h 3d 2d]
dirtyolman: bets $0.02
ezbutr: raises $0.09 to $0.11
dirtyolman: calls $0.09
*** TURN *** [9h 3d 2d] [3c]
dirtyolman: bets $0.02
ezbutr: raises $0.09 to $0.11
dirtyolman: calls $0.09
*** RIVER *** [9h 3d 2d 3c] [4s]
dirtyolman: bets $0.02
ezbutr: calls $0.02
*** SHOW DOWN ***
dirtyolman: shows [9s Ac] (two pair, Nines and Threes)
ezbutr: shows [Qh Qd] (two pair, Queens and Threes)
ezbutr collected $0.61 from pot
*** SUMMARY ***
Total pot $0.63 | Rake $0.02 
Board [9h 3d 2d 3c 4s]
Seat 1: ezbutr (button) showed [Qh Qd] and won ($0.61) with two pair, Queens and Threes
Seat 2: Dorex2007 (small blind) folded before Flop
Seat 4: esch777 (big blind) folded before Flop
Seat 5: erema80 folded before Flop (didn't bet)
Seat 6: kostik809 folded before Flop (didn't bet)
Seat 7: AkademikKomarov folded before Flop (didn't bet)
Seat 8: birgit233 folded before Flop (didn't bet)
Seat 9: dirtyolman showed [9s Ac] and lost with two pair, Nines and Threes



PokerStars Hand #227075082722:  Hold'em No Limit ($0.01/$0.02 USD) - 2021/05/26 1:12:00 PT [2021/05/26 4:12:00 ET]
Table 'Melanie II' 9-max Seat #2 is the button
Seat 1: ezbutr ($2.34 in chips) 
Seat 2: Dorex2007 ($5.12 in chips) 
Seat 4: esch777 ($0.81 in chips) 
Seat 5: erema80 ($2.15 in chips) 
Seat 6: kostik809 ($1.98 in chips) 
Seat 7: AkademikKomarov ($0.92 in chips) 
Seat 8: birgit233 ($1.50 in chips) 
Seat 9: dirtyolman ($0.65 in chips) 
esch777: posts small blind $0.01
erema80: posts big blind $0.02
*** HOLE CARDS ***
Dealt to Dorex2007 [2d 3c]
kostik809: folds 
AkademikKomarov: raises $0.06 to $0.08
birgit233: folds 
dirtyolman: folds 
ezbutr: folds 
Dorex2007: folds 
esch777: folds 
erema80: folds 
Uncalled bet ($0.06) returned to AkademikKomarov
AkademikKomarov collected $0.05 from pot
*** SUMMARY ***
Total pot $0.05 | Rake $0 
Seat 1: ezbutr folded before Flop (didn't bet)
Seat 2: Dorex2007 (button) folded before Flop (didn't bet)
Seat 4: esch777 (small blind) folded before Flop
Seat 5: erema80 (big blind) folded before Flop
Seat 6: kostik809 folded before Flop (didn't bet)
Seat 7: AkademikKomarov collected ($0.05)
Seat 8: birgit233 folded before Flop (didn't bet)
Seat 9: dirtyolman folded before Flop (didn't bet)



PokerStars Hand #227075088980:  Hold'em No Limit ($0.01/$0.02 USD) - 2021/05/26 1:12:37 PT [2021/05/26 4:12:37 ET]
Table 'Melanie II' 9-max Seat #4 is the button
Seat 1: ezbutr ($2.34 in chips) 
Seat 2: Dorex2007 ($5.12 in chips) 
Seat 4: esch777 ($0.80 in chips) 
Seat 5: erema80 ($2.13 in chips) 
Seat 6: kostik809 ($1.98 in chips) 
Seat 7: AkademikKomarov ($0.95 in chips) 
Seat 8: birgit233 ($1.50 in chips) 
Seat 9: dirtyolman ($0.65 in chips) 
erema80: posts small blind $0.01
kostik809: posts big blind $0.02
*** HOLE CARDS ***
Dealt to Dorex2007 [Qc 2c]
AkademikKomarov has timed out
AkademikKomarov: folds 
birgit233: folds 
dirtyolman: calls $0.02
ezbutr: folds 
Dorex2007: folds 
esch777: folds 
erema80: calls $0.01
kostik809: checks 
*** FLOP *** [7s 5h 9s]
erema80: checks 
kostik809: bets $0.03
dirtyolman: calls $0.03
erema80: calls $0.03
*** TURN *** [7s 5h 9s] [8d]
erema80: checks 
kostik809: checks 
dirtyolman: bets $0.14
erema80: folds 
kostik809: calls $0.14
*** RIVER *** [7s 5h 9s 8d] [4d]
kostik809: checks 
dirtyolman: checks 
*** SHOW DOWN ***
kostik809: shows [9h 7c] (two pair, Nines and Sevens)
dirtyolman: shows [8s 8c] (three of a kind, Eights)
dirtyolman collected $0.41 from pot
*** SUMMARY ***
Total pot $0.43 | Rake $0.02 
Board [7s 5h 9s 8d 4d]
Seat 1: ezbutr folded before Flop (didn't bet)
Seat 2: Dorex2007 folded before Flop (didn't bet)
Seat 4: esch777 (button) folded before Flop (didn't bet)
Seat 5: erema80 (small blind) folded on the Turn
Seat 6: kostik809 (big blind) showed [9h 7c] and lost with two pair, Nines and Sevens
Seat 7: AkademikKomarov folded before Flop (didn't bet)
Seat 8: birgit233 folded before Flop (didn't bet)
Seat 9: dirtyolman showed [8s 8c] and won ($0.41) with three of a kind, Eights



PokerStars Hand #227075097739:  Hold'em No Limit ($0.01/$0.02 USD) - 2021/05/26 1:13:30 PT [2021/05/26 4:13:30 ET]
Table 'Melanie II' 9-max Seat #5 is the button
Seat 1: ezbutr ($2.34 in chips) 
Seat 2: Dorex2007 ($5.12 in chips) 
Seat 4: esch777 ($0.80 in chips) 
Seat 5: erema80 ($2.08 in chips) 
Seat 6: kostik809 ($1.79 in chips) 
Seat 8: birgit233 ($1.50 in chips) 
Seat 9: dirtyolman ($0.87 in chips) 
kostik809: posts small blind $0.01
birgit233: posts big blind $0.02
*** HOLE CARDS ***
Dealt to Dorex2007 [4d Ts]
dirtyolman: raises $0.02 to $0.04
ezbutr: folds 
Dorex2007: folds 
esch777: folds 
erema80: folds 
kostik809: calls $0.03
birgit233: folds 
*** FLOP *** [8s 3s 3h]
kostik809: checks 
dirtyolman: bets $0.02
kostik809: raises $0.07 to $0.09
dirtyolman: calls $0.07
*** TURN *** [8s 3s 3h] [6s]
kostik809: bets $0.10
dirtyolman: calls $0.10
*** RIVER *** [8s 3s 3h 6s] [5h]
kostik809: bets $0.35
dirtyolman: calls $0.35
*** SHOW DOWN ***
kostik809: shows [Js Tc] (a pair of Threes)
dirtyolman: shows [Ah As] (two pair, Aces and Threes)
dirtyolman collected $1.14 from pot
*** SUMMARY ***
Total pot $1.18 | Rake $0.04 
Board [8s 3s 3h 6s 5h]
Seat 1: ezbutr folded before Flop (didn't bet)
Seat 2: Dorex2007 folded before Flop (didn't bet)
Seat 4: esch777 folded before Flop (didn't bet)
Seat 5: erema80 (button) folded before Flop (didn't bet)
Seat 6: kostik809 (small blind) showed [Js Tc] and lost with a pair of Threes
Seat 8: birgit233 (big blind) folded before Flop
Seat 9: dirtyolman showed [Ah As] and won ($1.14) with two pair, Aces and Threes



PokerStars Hand #227075107333:  Hold'em No Limit ($0.01/$0.02 USD) - 2021/05/26 1:14:28 PT [2021/05/26 4:14:28 ET]
Table 'Melanie II' 9-max Seat #6 is the button
Seat 1: ezbutr ($2.34 in chips) 
Seat 2: Dorex2007 ($5.12 in chips) 
Seat 4: esch777 ($0.80 in chips) 
Seat 5: erema80 ($2.08 in chips) 
Seat 6: kostik809 ($1.21 in chips) 
Seat 8: birgit233 ($1.48 in chips) 
Seat 9: dirtyolman ($1.43 in chips) 
birgit233: posts small blind $0.01
dirtyolman: posts big blind $0.02
*** HOLE CARDS ***
Dealt to Dorex2007 [5c 9s]
ezbutr: folds 
Dorex2007: folds 
esch777: raises $0.04 to $0.06
erema80: calls $0.06
kostik809: folds 
birgit233: folds 
dirtyolman: folds 
*** FLOP *** [2s Tc Jd]
esch777: bets $0.07
erema80: calls $0.07
*** TURN *** [2s Tc Jd] [4c]
esch777: bets $0.10
erema80: calls $0.10
*** RIVER *** [2s Tc Jd 4c] [8s]
esch777: bets $0.08
erema80: calls $0.08
*** SHOW DOWN ***
esch777: shows [Ks Th] (a pair of Tens)
erema80: shows [Js Ac] (a pair of Jacks)
erema80 collected $0.63 from pot
*** SUMMARY ***
Total pot $0.65 | Rake $0.02 
Board [2s Tc Jd 4c 8s]
Seat 1: ezbutr folded before Flop (didn't bet)
Seat 2: Dorex2007 folded before Flop (didn't bet)
Seat 4: esch777 showed [Ks Th] and lost with a pair of Tens
Seat 5: erema80 showed [Js Ac] and won ($0.63) with a pair of Jacks
Seat 6: kostik809 (button) folded before Flop (didn't bet)
Seat 8: birgit233 (small blind) folded before Flop
Seat 9: dirtyolman (big blind) folded before Flop



PokerStars Hand #227075114615:  Hold'em No Limit ($0.01/$0.02 USD) - 2021/05/26 1:15:11 PT [2021/05/26 4:15:11 ET]
Table 'Melanie II' 9-max Seat #8 is the button
Seat 1: ezbutr ($2.34 in chips) 
Seat 2: Dorex2007 ($5.12 in chips) 
Seat 4: esch777 ($0.49 in chips) 
Seat 5: erema80 ($2.40 in chips) 
Seat 6: kostik809 ($2 in chips) 
Seat 8: birgit233 ($1.47 in chips) 
Seat 9: dirtyolman ($1.41 in chips) 
dirtyolman: posts small blind $0.01
ezbutr: posts big blind $0.02
GoldenTime008: sits out 
AkademikKomarov: sits out 
*** HOLE CARDS ***
Dealt to Dorex2007 [9h 5h]
Dorex2007: folds 
esch777: folds 
erema80: calls $0.02
kostik809: folds 
birgit233: folds 
dirtyolman: calls $0.01
ezbutr: checks 
*** FLOP *** [5d 3s 4h]
dirtyolman: checks 
ezbutr: bets $0.06
erema80: calls $0.06
dirtyolman: folds 
*** TURN *** [5d 3s 4h] [Td]
ezbutr: bets $0.12
erema80: folds 
Uncalled bet ($0.12) returned to ezbutr
ezbutr collected $0.17 from pot
ezbutr: doesn't show hand 
*** SUMMARY ***
Total pot $0.18 | Rake $0.01 
Board [5d 3s 4h Td]
Seat 1: ezbutr (big blind) collected ($0.17)
Seat 2: Dorex2007 folded before Flop (didn't bet)
Seat 4: esch777 folded before Flop (didn't bet)
Seat 5: erema80 folded on the Turn
Seat 6: kostik809 folded before Flop (didn't bet)
Seat 8: birgit233 (button) folded before Flop (didn't bet)
Seat 9: dirtyolman (small blind) folded on the Flop



PokerStars Hand #227075122708:  Hold'em No Limit ($0.01/$0.02 USD) - 2021/05/26 1:15:59 PT [2021/05/26 4:15:59 ET]
Table 'Melanie II' 9-max Seat #9 is the button
Seat 1: ezbutr ($2.43 in chips) 
Seat 2: Dorex2007 ($5.12 in chips) 
Seat 4: esch777 ($0.49 in chips) 
Seat 5: erema80 ($2.32 in chips) 
Seat 6: kostik809 ($2 in chips) 
Seat 8: birgit233 ($1.47 in chips) 
Seat 9: dirtyolman ($1.39 in chips) 
ezbutr: posts small blind $0.01
Dorex2007: posts big blind $0.02
GoldenTime008: sits out 
AkademikKomarov: sits out 
*** HOLE CARDS ***
Dealt to Dorex2007 [Jh 9d]
esch777: folds 
erema80: folds 
kostik809: folds 
birgit233: folds 
dirtyolman: folds 
ezbutr: folds 
Uncalled bet ($0.01) returned to Dorex2007
Dorex2007 collected $0.02 from pot
Dorex2007: doesn't show hand 
*** SUMMARY ***
Total pot $0.02 | Rake $0 
Seat 1: ezbutr (small blind) folded before Flop
Seat 2: Dorex2007 (big blind) collected ($0.02)
Seat 4: esch777 folded before Flop (didn't bet)
Seat 5: erema80 folded before Flop (didn't bet)
Seat 6: kostik809 folded before Flop (didn't bet)
Seat 8: birgit233 folded before Flop (didn't bet)
Seat 9: dirtyolman (button) folded before Flop (didn't bet)



PokerStars Hand #227075125456:  Hold'em No Limit ($0.01/$0.02 USD) - 2021/05/26 1:16:15 PT [2021/05/26 4:16:15 ET]
Table 'Melanie II' 9-max Seat #1 is the button
Seat 1: ezbutr ($2.42 in chips) 
Seat 2: Dorex2007 ($5.13 in chips) 
Seat 3: GoldenTime008 ($2.53 in chips) 
Seat 4: esch777 ($0.49 in chips) 
Seat 5: erema80 ($2.32 in chips) 
Seat 6: kostik809 ($2 in chips) 
Seat 8: birgit233 ($1.47 in chips) 
Seat 9: dirtyolman ($1.39 in chips) 
Dorex2007: posts small blind $0.01
GoldenTime008: posts big blind $0.02
AkademikKomarov: sits out 
*** HOLE CARDS ***
Dealt to Dorex2007 [4d Th]
esch777 has timed out
esch777: folds 
erema80: calls $0.02
kostik809: folds 
birgit233: folds 
dirtyolman: folds 
ezbutr: folds 
Dorex2007: calls $0.01
GoldenTime008: checks 
*** FLOP *** [4c 8c Td]
Dorex2007: checks 
GoldenTime008: checks 
erema80: checks 
*** TURN *** [4c 8c Td] [2s]
Dorex2007: bets $0.04
GoldenTime008: folds 
erema80: calls $0.04
*** RIVER *** [4c 8c Td 2s] [Ts]
Dorex2007: checks 
erema80: checks 
*** SHOW DOWN ***
Dorex2007: shows [4d Th] (a full house, Tens full of Fours)
erema80: mucks hand 
Dorex2007 collected $0.14 from pot
*** SUMMARY ***
Total pot $0.14 | Rake $0 
Board [4c 8c Td 2s Ts]
Seat 1: ezbutr (button) folded before Flop (didn't bet)
Seat 2: Dorex2007 (small blind) showed [4d Th] and won ($0.14) with a full house, Tens full of Fours
Seat 3: GoldenTime008 (big blind) folded on the Turn
Seat 4: esch777 folded before Flop (didn't bet)
Seat 5: erema80 mucked [8h Jh]
Seat 6: kostik809 folded before Flop (didn't bet)
Seat 8: birgit233 folded before Flop (didn't bet)
Seat 9: dirtyolman folded before Flop (didn't bet)



PokerStars Hand #227075135063:  Hold'em No Limit ($0.01/$0.02 USD) - 2021/05/26 1:17:13 PT [2021/05/26 4:17:13 ET]
Table 'Melanie II' 9-max Seat #2 is the button
Seat 1: ezbutr ($2.42 in chips) 
Seat 2: Dorex2007 ($5.21 in chips) 
Seat 3: GoldenTime008 ($2.51 in chips) 
Seat 4: esch777 ($0.49 in chips) 
Seat 5: erema80 ($2.26 in chips) 
Seat 6: kostik809 ($2 in chips) 
Seat 7: AkademikKomarov ($0.95 in chips) 
Seat 8: birgit233 ($1.47 in chips) 
Seat 9: dirtyolman ($1.39 in chips) 
GoldenTime008: posts small blind $0.01
esch777: posts big blind $0.02
AkademikKomarov: posts small & big blinds $0.03
*** HOLE CARDS ***
Dealt to Dorex2007 [Qs As]
erema80: calls $0.02
kostik809 has timed out
kostik809: folds 
AkademikKomarov: checks 
birgit233: folds 
dirtyolman: folds 
ezbutr: folds 
Dorex2007: raises $0.04 to $0.06
GoldenTime008: folds 
esch777: folds 
erema80: calls $0.04
AkademikKomarov: folds 
*** FLOP *** [5d Qc 3c]
erema80: checks 
Dorex2007: bets $0.17
erema80: folds 
Uncalled bet ($0.17) returned to Dorex2007
Dorex2007 collected $0.17 from pot
Dorex2007: doesn't show hand 
*** SUMMARY ***
Total pot $0.18 | Rake $0.01 
Board [5d Qc 3c]
Seat 1: ezbutr folded before Flop (didn't bet)
Seat 2: Dorex2007 (button) collected ($0.17)
Seat 3: GoldenTime008 (small blind) folded before Flop
Seat 4: esch777 (big blind) folded before Flop
Seat 5: erema80 folded on the Flop
Seat 6: kostik809 folded before Flop (didn't bet)
Seat 7: AkademikKomarov folded before Flop (didn't bet)
Seat 8: birgit233 folded before Flop (didn't bet)
Seat 9: dirtyolman folded before Flop (didn't bet)



PokerStars Hand #227075143962:  Hold'em No Limit ($0.01/$0.02 USD) - 2021/05/26 1:18:05 PT [2021/05/26 4:18:05 ET]
Table 'Melanie II' 9-max Seat #3 is the button
Seat 1: ezbutr ($2.42 in chips) 
Seat 2: Dorex2007 ($5.32 in chips) 
Seat 3: GoldenTime008 ($2.50 in chips) 
Seat 4: esch777 ($0.47 in chips) 
Seat 5: erema80 ($2.20 in chips) 
Seat 6: kostik809 ($2 in chips) 
Seat 7: AkademikKomarov ($0.92 in chips) 
Seat 8: birgit233 ($1.47 in chips) 
Seat 9: dirtyolman ($1.39 in chips) 
esch777: posts small blind $0.01
erema80: posts big blind $0.02
*** HOLE CARDS ***
Dealt to Dorex2007 [6s Ah]
kostik809: raises $0.04 to $0.06
AkademikKomarov: folds 
birgit233: folds 
dirtyolman: calls $0.06
ezbutr: folds 
Dorex2007: folds 
GoldenTime008: folds 
esch777: folds 
erema80: folds 
*** FLOP *** [5d Td 6h]
kostik809: bets $0.05
dirtyolman: folds 
Uncalled bet ($0.05) returned to kostik809
kostik809 collected $0.14 from pot
*** SUMMARY ***
Total pot $0.15 | Rake $0.01 
Board [5d Td 6h]
Seat 1: ezbutr folded before Flop (didn't bet)
Seat 2: Dorex2007 folded before Flop (didn't bet)
Seat 3: GoldenTime008 (button) folded before Flop (didn't bet)
Seat 4: esch777 (small blind) folded before Flop
Seat 5: erema80 (big blind) folded before Flop
Seat 6: kostik809 collected ($0.14)
Seat 7: AkademikKomarov folded before Flop (didn't bet)
Seat 8: birgit233 folded before Flop (didn't bet)
Seat 9: dirtyolman folded on the Flop



PokerStars Hand #227075149962:  Hold'em No Limit ($0.01/$0.02 USD) - 2021/05/26 1:18:41 PT [2021/05/26 4:18:41 ET]
Table 'Melanie II' 9-max Seat #4 is the button
Seat 1: ezbutr ($2.42 in chips) 
Seat 2: Dorex2007 ($5.32 in chips) 
Seat 3: GoldenTime008 ($2.50 in chips) 
Seat 4: esch777 ($0.46 in chips) 
Seat 5: erema80 ($2.18 in chips) 
Seat 6: kostik809 ($2.08 in chips) 
Seat 7: AkademikKomarov ($0.92 in chips) 
Seat 8: birgit233 ($1.47 in chips) 
Seat 9: dirtyolman ($1.33 in chips) 
erema80: posts small blind $0.01
kostik809: posts big blind $0.02
*** HOLE CARDS ***
Dealt to Dorex2007 [9c Js]
AkademikKomarov: folds 
birgit233: folds 
dirtyolman: folds 
ezbutr: folds 
Dorex2007: folds 
GoldenTime008: folds 
esch777: raises $0.02 to $0.04
erema80: folds 
kostik809: calls $0.02
*** FLOP *** [Jc 4h Kc]
kostik809: checks 
esch777: bets $0.05
kostik809: calls $0.05
*** TURN *** [Jc 4h Kc] [7h]
kostik809: checks 
esch777: bets $0.09
kostik809: calls $0.09
*** RIVER *** [Jc 4h Kc 7h] [5s]
kostik809: checks 
esch777: checks 
*** SHOW DOWN ***
kostik809: shows [9d Tc] (high card King)
esch777: shows [Qc 8c] (high card King - Queen kicker)
esch777 collected $0.36 from pot
*** SUMMARY ***
Total pot $0.37 | Rake $0.01 
Board [Jc 4h Kc 7h 5s]
Seat 1: ezbutr folded before Flop (didn't bet)
Seat 2: Dorex2007 folded before Flop (didn't bet)
Seat 3: GoldenTime008 folded before Flop (didn't bet)
Seat 4: esch777 (button) showed [Qc 8c] and won ($0.36) with high card King
Seat 5: erema80 (small blind) folded before Flop
Seat 6: kostik809 (big blind) showed [9d Tc] and lost with high card King
Seat 7: AkademikKomarov folded before Flop (didn't bet)
Seat 8: birgit233 folded before Flop (didn't bet)
Seat 9: dirtyolman folded before Flop (didn't bet)



PokerStars Hand #227075161372:  Hold'em No Limit ($0.01/$0.02 USD) - 2021/05/26 1:19:48 PT [2021/05/26 4:19:48 ET]
Table 'Melanie II' 9-max Seat #5 is the button
Seat 1: ezbutr ($2.42 in chips) 
Seat 2: Dorex2007 ($5.32 in chips) 
Seat 3: GoldenTime008 ($2.50 in chips) 
Seat 4: esch777 ($0.64 in chips) 
Seat 5: erema80 ($2.17 in chips) 
Seat 6: kostik809 ($1.90 in chips) 
Seat 7: AkademikKomarov ($0.92 in chips) 
Seat 8: birgit233 ($1.47 in chips) 
Seat 9: dirtyolman ($1.33 in chips) 
kostik809: posts small blind $0.01
AkademikKomarov: posts big blind $0.02
*** HOLE CARDS ***
Dealt to Dorex2007 [Jd Qh]
birgit233: folds 
dirtyolman: calls $0.02
ezbutr: folds 
Dorex2007: folds 
GoldenTime008: folds 
esch777: folds 
erema80: calls $0.02
kostik809: folds 
AkademikKomarov: checks 
*** FLOP *** [4h 8s Qd]
AkademikKomarov: checks 
dirtyolman: bets $0.07
erema80: calls $0.07
AkademikKomarov: folds 
*** TURN *** [4h 8s Qd] [9c]
dirtyolman: bets $0.20
erema80: folds 
Uncalled bet ($0.20) returned to dirtyolman
dirtyolman collected $0.20 from pot
dirtyolman: doesn't show hand 
*** SUMMARY ***
Total pot $0.21 | Rake $0.01 
Board [4h 8s Qd 9c]
Seat 1: ezbutr folded before Flop (didn't bet)
Seat 2: Dorex2007 folded before Flop (didn't bet)
Seat 3: GoldenTime008 folded before Flop (didn't bet)
Seat 4: esch777 folded before Flop (didn't bet)
Seat 5: erema80 (button) folded on the Turn
Seat 6: kostik809 (small blind) folded before Flop
Seat 7: AkademikKomarov (big blind) folded on the Flop
Seat 8: birgit233 folded before Flop (didn't bet)
Seat 9: dirtyolman collected ($0.20)



PokerStars Hand #227075172214:  Hold'em No Limit ($0.01/$0.02 USD) - 2021/05/26 1:20:52 PT [2021/05/26 4:20:52 ET]
Table 'Melanie II' 9-max Seat #6 is the button
Seat 1: ezbutr ($2.42 in chips) 
Seat 2: Dorex2007 ($5.32 in chips) 
Seat 3: GoldenTime008 ($2.50 in chips) 
Seat 4: esch777 ($0.64 in chips) 
Seat 5: erema80 ($2.08 in chips) 
Seat 6: kostik809 ($1.89 in chips) 
Seat 7: AkademikKomarov ($0.90 in chips) 
Seat 8: birgit233 ($1.47 in chips) 
Seat 9: dirtyolman ($1.44 in chips) 
AkademikKomarov: posts small blind $0.01
birgit233: posts big blind $0.02
*** HOLE CARDS ***
Dealt to Dorex2007 [Ac Ts]
dirtyolman: folds 
ezbutr has timed out
ezbutr: folds 
Dorex2007: calls $0.02
GoldenTime008: folds 
esch777: folds 
erema80: raises $0.02 to $0.04
kostik809: calls $0.04
AkademikKomarov: calls $0.03
birgit233: calls $0.02
Dorex2007: calls $0.02
*** FLOP *** [Qd Ah 4d]
AkademikKomarov: checks 
birgit233: checks 
Dorex2007: bets $0.10
erema80: calls $0.10
kostik809: folds 
AkademikKomarov: folds 
birgit233: folds 
*** TURN *** [Qd Ah 4d] [9c]
Dorex2007: checks 
erema80: checks 
*** RIVER *** [Qd Ah 4d 9c] [6s]
Dorex2007: bets $0.20
erema80: folds 
Uncalled bet ($0.20) returned to Dorex2007
Dorex2007 collected $0.39 from pot
Dorex2007: doesn't show hand 
*** SUMMARY ***
Total pot $0.40 | Rake $0.01 
Board [Qd Ah 4d 9c 6s]
Seat 1: ezbutr folded before Flop (didn't bet)
Seat 2: Dorex2007 collected ($0.39)
Seat 3: GoldenTime008 folded before Flop (didn't bet)
Seat 4: esch777 folded before Flop (didn't bet)
Seat 5: erema80 folded on the River
Seat 6: kostik809 (button) folded on the Flop
Seat 7: AkademikKomarov (small blind) folded on the Flop
Seat 8: birgit233 (big blind) folded on the Flop
Seat 9: dirtyolman folded before Flop (didn't bet)



PokerStars Hand #227075191559:  Hold'em No Limit ($0.01/$0.02 USD) - 2021/05/26 1:22:04 PT [2021/05/26 4:22:04 ET]
Table 'Melanie II' 9-max Seat #7 is the button
Seat 1: ezbutr ($2.42 in chips) 
Seat 2: Dorex2007 ($5.57 in chips) 
Seat 3: GoldenTime008 ($2.50 in chips) 
Seat 4: esch777 ($0.64 in chips) 
Seat 5: erema80 ($1.94 in chips) 
Seat 6: kostik809 ($2 in chips) 
Seat 7: AkademikKomarov ($0.86 in chips) 
Seat 8: birgit233 ($1.43 in chips) 
Seat 9: dirtyolman ($1.44 in chips) 
birgit233: posts small blind $0.01
dirtyolman: posts big blind $0.02
*** HOLE CARDS ***
Dealt to Dorex2007 [7d 8c]
ezbutr: calls $0.02
Dorex2007: folds 
GoldenTime008: folds 
esch777: raises $0.04 to $0.06
erema80: folds 
kostik809: folds 
AkademikKomarov: raises $0.12 to $0.18
birgit233: folds 
dirtyolman: folds 
ezbutr: folds 
esch777: folds 
Uncalled bet ($0.12) returned to AkademikKomarov
AkademikKomarov collected $0.17 from pot
AkademikKomarov: doesn't show hand 
*** SUMMARY ***
Total pot $0.17 | Rake $0 
Seat 1: ezbutr folded before Flop
Seat 2: Dorex2007 folded before Flop (didn't bet)
Seat 3: GoldenTime008 folded before Flop (didn't bet)
Seat 4: esch777 folded before Flop
Seat 5: erema80 folded before Flop (didn't bet)
Seat 6: kostik809 folded before Flop (didn't bet)
Seat 7: AkademikKomarov (button) collected ($0.17)
Seat 8: birgit233 (small blind) folded before Flop
Seat 9: dirtyolman (big blind) folded before Flop



PokerStars Hand #227075199815:  Hold'em No Limit ($0.01/$0.02 USD) - 2021/05/26 1:22:52 PT [2021/05/26 4:22:52 ET]
Table 'Melanie II' 9-max Seat #8 is the button
Seat 1: ezbutr ($2.40 in chips) 
Seat 2: Dorex2007 ($5.57 in chips) 
Seat 3: GoldenTime008 ($2.50 in chips) 
Seat 4: esch777 ($0.58 in chips) 
Seat 5: erema80 ($1.94 in chips) 
Seat 6: kostik809 ($2 in chips) 
Seat 7: AkademikKomarov ($0.97 in chips) 
Seat 8: birgit233 ($1.42 in chips) 
Seat 9: dirtyolman ($1.42 in chips) 
dirtyolman: posts small blind $0.01
ezbutr: posts big blind $0.02
*** HOLE CARDS ***
Dealt to Dorex2007 [5s 6d]
Dorex2007: folds 
GoldenTime008: folds 
esch777: folds 
erema80: folds 
kostik809: folds 
AkademikKomarov: folds 
birgit233: raises $0.06 to $0.08
dirtyolman: folds 
ezbutr: folds 
Uncalled bet ($0.06) returned to birgit233
birgit233 collected $0.05 from pot
birgit233: doesn't show hand 
*** SUMMARY ***
Total pot $0.05 | Rake $0 
Seat 1: ezbutr (big blind) folded before Flop
Seat 2: Dorex2007 folded before Flop (didn't bet)
Seat 3: GoldenTime008 folded before Flop (didn't bet)
Seat 4: esch777 folded before Flop (didn't bet)
Seat 5: erema80 folded before Flop (didn't bet)
Seat 6: kostik809 folded before Flop (didn't bet)
Seat 7: AkademikKomarov folded before Flop (didn't bet)
Seat 8: birgit233 (button) collected ($0.05)
Seat 9: dirtyolman (small blind) folded before Flop



PokerStars Hand #227075204013:  Hold'em No Limit ($0.01/$0.02 USD) - 2021/05/26 1:23:17 PT [2021/05/26 4:23:17 ET]
Table 'Melanie II' 9-max Seat #9 is the button
Seat 1: ezbutr ($2.38 in chips) 
Seat 2: Dorex2007 ($5.57 in chips) 
Seat 3: GoldenTime008 ($2.50 in chips) 
Seat 4: esch777 ($0.58 in chips) 
Seat 5: erema80 ($1.94 in chips) 
Seat 6: kostik809 ($2 in chips) 
Seat 7: AkademikKomarov ($0.97 in chips) 
Seat 8: birgit233 ($1.45 in chips) 
Seat 9: dirtyolman ($1.41 in chips) 
ezbutr: posts small blind $0.01
Dorex2007: posts big blind $0.02
*** HOLE CARDS ***
Dealt to Dorex2007 [9s 4c]
GoldenTime008: folds 
esch777: folds 
erema80 has timed out
erema80: folds 
kostik809: raises $0.04 to $0.06
AkademikKomarov: folds 
birgit233: folds 
dirtyolman: folds 
ezbutr: folds 
Dorex2007: folds 
Uncalled bet ($0.04) returned to kostik809
kostik809 collected $0.05 from pot
*** SUMMARY ***
Total pot $0.05 | Rake $0 
Seat 1: ezbutr (small blind) folded before Flop
Seat 2: Dorex2007 (big blind) folded before Flop
Seat 3: GoldenTime008 folded before Flop (didn't bet)
Seat 4: esch777 folded before Flop (didn't bet)
Seat 5: erema80 folded before Flop (didn't bet)
Seat 6: kostik809 collected ($0.05)
Seat 7: AkademikKomarov folded before Flop (didn't bet)
Seat 8: birgit233 folded before Flop (didn't bet)
Seat 9: dirtyolman (button) folded before Flop (didn't bet)



PokerStars Hand #227075208872:  Hold'em No Limit ($0.01/$0.02 USD) - 2021/05/26 1:23:45 PT [2021/05/26 4:23:45 ET]
Table 'Melanie II' 9-max Seat #1 is the button
Seat 1: ezbutr ($2.37 in chips) 
Seat 2: Dorex2007 ($5.55 in chips) 
Seat 3: GoldenTime008 ($2.50 in chips) 
Seat 4: esch777 ($0.58 in chips) 
Seat 6: kostik809 ($2.03 in chips) 
Seat 7: AkademikKomarov ($0.97 in chips) 
Seat 8: birgit233 ($1.45 in chips) 
Seat 9: dirtyolman ($1.41 in chips) 
Dorex2007: posts small blind $0.01
GoldenTime008: posts big blind $0.02
*** HOLE CARDS ***
Dealt to Dorex2007 [Tc Kd]
esch777: folds 
kostik809: folds 
AkademikKomarov: folds 
birgit233: folds 
dirtyolman: calls $0.02
ezbutr: folds 
Dorex2007: calls $0.01
GoldenTime008: checks 
*** FLOP *** [As 9c 3s]
Dorex2007: checks 
GoldenTime008: checks 
dirtyolman: checks 
*** TURN *** [As 9c 3s] [5d]
Dorex2007: bets $0.03
GoldenTime008: folds 
dirtyolman: calls $0.03
*** RIVER *** [As 9c 3s 5d] [Ac]
Dorex2007: bets $0.06
dirtyolman: folds 
Uncalled bet ($0.06) returned to Dorex2007
Dorex2007 collected $0.12 from pot
Dorex2007: doesn't show hand 
*** SUMMARY ***
Total pot $0.12 | Rake $0 
Board [As 9c 3s 5d Ac]
Seat 1: ezbutr (button) folded before Flop (didn't bet)
Seat 2: Dorex2007 (small blind) collected ($0.12)
Seat 3: GoldenTime008 (big blind) folded on the Turn
Seat 4: esch777 folded before Flop (didn't bet)
Seat 6: kostik809 folded before Flop (didn't bet)
Seat 7: AkademikKomarov folded before Flop (didn't bet)
Seat 8: birgit233 folded before Flop (didn't bet)
Seat 9: dirtyolman folded on the River



PokerStars Hand #227075217233:  Hold'em No Limit ($0.01/$0.02 USD) - 2021/05/26 1:24:34 PT [2021/05/26 4:24:34 ET]
Table 'Melanie II' 9-max Seat #2 is the button
Seat 1: ezbutr ($2.37 in chips) 
Seat 2: Dorex2007 ($5.62 in chips) 
Seat 3: GoldenTime008 ($2.48 in chips) 
Seat 4: esch777 ($0.58 in chips) 
Seat 6: kostik809 ($2.03 in chips) 
Seat 7: AkademikKomarov ($0.97 in chips) 
Seat 8: birgit233 ($1.45 in chips) 
Seat 9: dirtyolman ($1.36 in chips) 
GoldenTime008: posts small blind $0.01
esch777: posts big blind $0.02
*** HOLE CARDS ***
Dealt to Dorex2007 [5s 9d]
kostik809: folds 
AkademikKomarov: folds 
birgit233: folds 
dirtyolman: folds 
ezbutr: folds 
Dorex2007: folds 
GoldenTime008: raises $0.06 to $0.08
esch777: folds 
Uncalled bet ($0.06) returned to GoldenTime008
GoldenTime008 collected $0.04 from pot
GoldenTime008: doesn't show hand 
*** SUMMARY ***
Total pot $0.04 | Rake $0 
Seat 1: ezbutr folded before Flop (didn't bet)
Seat 2: Dorex2007 (button) folded before Flop (didn't bet)
Seat 3: GoldenTime008 (small blind) collected ($0.04)
Seat 4: esch777 (big blind) folded before Flop
Seat 6: kostik809 folded before Flop (didn't bet)
Seat 7: AkademikKomarov folded before Flop (didn't bet)
Seat 8: birgit233 folded before Flop (didn't bet)
Seat 9: dirtyolman folded before Flop (didn't bet)



PokerStars Hand #227075219384:  Hold'em No Limit ($0.01/$0.02 USD) - 2021/05/26 1:24:46 PT [2021/05/26 4:24:46 ET]
Table 'Melanie II' 9-max Seat #3 is the button
Seat 1: ezbutr ($2.37 in chips) 
Seat 2: Dorex2007 ($5.62 in chips) 
Seat 3: GoldenTime008 ($2.50 in chips) 
Seat 4: esch777 ($0.56 in chips) 
Seat 6: kostik809 ($2.03 in chips) 
Seat 7: AkademikKomarov ($0.97 in chips) 
Seat 8: birgit233 ($1.45 in chips) 
Seat 9: dirtyolman ($1.36 in chips) 
esch777: posts small blind $0.01
kostik809: posts big blind $0.02
*** HOLE CARDS ***
Dealt to Dorex2007 [Jh Kd]
AkademikKomarov: folds 
birgit233: folds 
dirtyolman: folds 
ezbutr: folds 
Dorex2007: calls $0.02
GoldenTime008: folds 
esch777: calls $0.01
kostik809: checks 
*** FLOP *** [4h Th 2d]
esch777: checks 
kostik809: checks 
Dorex2007: checks 
*** TURN *** [4h Th 2d] [9s]
esch777: checks 
kostik809: checks 
Dorex2007: checks 
*** RIVER *** [4h Th 2d 9s] [5h]
esch777: checks 
kostik809: checks 
Dorex2007: checks 
*** SHOW DOWN ***
esch777: shows [2c As] (a pair of Deuces)
kostik809: shows [Qc 5d] (a pair of Fives)
Dorex2007: mucks hand 
kostik809 collected $0.06 from pot
*** SUMMARY ***
Total pot $0.06 | Rake $0 
Board [4h Th 2d 9s 5h]
Seat 1: ezbutr folded before Flop (didn't bet)
Seat 2: Dorex2007 mucked [Jh Kd]
Seat 3: GoldenTime008 (button) folded before Flop (didn't bet)
Seat 4: esch777 (small blind) showed [2c As] and lost with a pair of Deuces
Seat 6: kostik809 (big blind) showed [Qc 5d] and won ($0.06) with a pair of Fives
Seat 7: AkademikKomarov folded before Flop (didn't bet)
Seat 8: birgit233 folded before Flop (didn't bet)
Seat 9: dirtyolman folded before Flop (didn't bet)



PokerStars Hand #227075230677:  Hold'em No Limit ($0.01/$0.02 USD) - 2021/05/26 1:25:52 PT [2021/05/26 4:25:52 ET]
Table 'Melanie II' 9-max Seat #4 is the button
Seat 1: ezbutr ($2.37 in chips) 
Seat 2: Dorex2007 ($5.60 in chips) 
Seat 3: GoldenTime008 ($2.50 in chips) 
Seat 4: esch777 ($0.54 in chips) 
Seat 6: kostik809 ($2.07 in chips) 
Seat 7: AkademikKomarov ($0.97 in chips) 
Seat 8: birgit233 ($1.45 in chips) 
Seat 9: dirtyolman ($1.36 in chips) 
kostik809: posts small blind $0.01
AkademikKomarov: posts big blind $0.02
*** HOLE CARDS ***
Dealt to Dorex2007 [5c 8c]
birgit233: folds 
dirtyolman: folds 
ezbutr: folds 
Dorex2007: folds 
GoldenTime008: raises $0.04 to $0.06
esch777: folds 
kostik809: folds 
AkademikKomarov: folds 
Uncalled bet ($0.04) returned to GoldenTime008
GoldenTime008 collected $0.05 from pot
erema80 is disconnected 
GoldenTime008: doesn't show hand 
*** SUMMARY ***
Total pot $0.05 | Rake $0 
Seat 1: ezbutr folded before Flop (didn't bet)
Seat 2: Dorex2007 folded before Flop (didn't bet)
Seat 3: GoldenTime008 collected ($0.05)
Seat 4: esch777 (button) folded before Flop (didn't bet)
Seat 6: kostik809 (small blind) folded before Flop
Seat 7: AkademikKomarov (big blind) folded before Flop
Seat 8: birgit233 folded before Flop (didn't bet)
Seat 9: dirtyolman folded before Flop (didn't bet)



PokerStars Hand #227075233237:  Hold'em No Limit ($0.01/$0.02 USD) - 2021/05/26 1:26:06 PT [2021/05/26 4:26:06 ET]
Table 'Melanie II' 9-max Seat #6 is the button
Seat 1: ezbutr ($2.37 in chips) 
Seat 2: Dorex2007 ($5.60 in chips) 
Seat 3: GoldenTime008 ($2.53 in chips) 
Seat 4: esch777 ($0.54 in chips) 
Seat 6: kostik809 ($2.06 in chips) 
Seat 7: AkademikKomarov ($0.95 in chips) 
Seat 8: birgit233 ($1.45 in chips) 
Seat 9: dirtyolman ($1.36 in chips) 
AkademikKomarov: posts small blind $0.01
birgit233: posts big blind $0.02
*** HOLE CARDS ***
Dealt to Dorex2007 [Jh 7s]
dirtyolman: folds 
ezbutr: folds 
Dorex2007: folds 
GoldenTime008: folds 
esch777: folds 
kostik809: folds 
AkademikKomarov: raises $0.04 to $0.06
birgit233: folds 
Uncalled bet ($0.04) returned to AkademikKomarov
AkademikKomarov collected $0.04 from pot
*** SUMMARY ***
Total pot $0.04 | Rake $0 
Seat 1: ezbutr folded before Flop (didn't bet)
Seat 2: Dorex2007 folded before Flop (didn't bet)
Seat 3: GoldenTime008 folded before Flop (didn't bet)
Seat 4: esch777 folded before Flop (didn't bet)
Seat 6: kostik809 (button) folded before Flop (didn't bet)
Seat 7: AkademikKomarov (small blind) collected ($0.04)
Seat 8: birgit233 (big blind) folded before Flop
Seat 9: dirtyolman folded before Flop (didn't bet)



PokerStars Hand #227075236877:  Hold'em No Limit ($0.01/$0.02 USD) - 2021/05/26 1:26:28 PT [2021/05/26 4:26:28 ET]
Table 'Melanie II' 9-max Seat #7 is the button
Seat 1: ezbutr ($2.37 in chips) 
Seat 2: Dorex2007 ($5.60 in chips) 
Seat 3: GoldenTime008 ($2.53 in chips) 
Seat 4: esch777 ($0.54 in chips) 
Seat 6: kostik809 ($2.06 in chips) 
Seat 7: AkademikKomarov ($0.97 in chips) 
Seat 8: birgit233 ($1.43 in chips) 
Seat 9: dirtyolman ($1.36 in chips) 
birgit233: posts small blind $0.01
dirtyolman: posts big blind $0.02
*** HOLE CARDS ***
Dealt to Dorex2007 [Ah Ac]
ezbutr: folds 
Dorex2007: raises $0.02 to $0.04
GoldenTime008: folds 
esch777: folds 
kostik809: folds 
AkademikKomarov: folds 
birgit233: folds 
dirtyolman: calls $0.02
*** FLOP *** [Tc Qd 6d]
dirtyolman: bets $0.09
Dorex2007: raises $0.11 to $0.20
dirtyolman: folds 
Uncalled bet ($0.11) returned to Dorex2007
Dorex2007 collected $0.26 from pot
Dorex2007: doesn't show hand 
*** SUMMARY ***
Total pot $0.27 | Rake $0.01 
Board [Tc Qd 6d]
Seat 1: ezbutr folded before Flop (didn't bet)
Seat 2: Dorex2007 collected ($0.26)
Seat 3: GoldenTime008 folded before Flop (didn't bet)
Seat 4: esch777 folded before Flop (didn't bet)
Seat 6: kostik809 folded before Flop (didn't bet)
Seat 7: AkademikKomarov (button) folded before Flop (didn't bet)
Seat 8: birgit233 (small blind) folded before Flop
Seat 9: dirtyolman (big blind) folded on the Flop



PokerStars Hand #227075245345:  Hold'em No Limit ($0.01/$0.02 USD) - 2021/05/26 1:27:17 PT [2021/05/26 4:27:17 ET]
Table 'Melanie II' 9-max Seat #8 is the button
Seat 1: ezbutr ($2.37 in chips) 
Seat 2: Dorex2007 ($5.73 in chips) 
Seat 3: GoldenTime008 ($2.53 in chips) 
Seat 4: esch777 ($0.54 in chips) 
Seat 6: kostik809 ($2.06 in chips) 
Seat 7: AkademikKomarov ($0.97 in chips) 
Seat 8: birgit233 ($1.42 in chips) 
Seat 9: dirtyolman ($1.23 in chips) 
dirtyolman: posts small blind $0.01
ezbutr: posts big blind $0.02
*** HOLE CARDS ***
Dealt to Dorex2007 [4c 9c]
Dorex2007: folds 
GoldenTime008: folds 
esch777: folds 
kostik809: raises $0.04 to $0.06
AkademikKomarov: raises $0.12 to $0.18
birgit233: folds 
dirtyolman: folds 
ezbutr: folds 
kostik809: calls $0.12
*** FLOP *** [Jc 5s Kh]
kostik809: checks 
AkademikKomarov: checks 
*** TURN *** [Jc 5s Kh] [8d]
kostik809: bets $0.19
AkademikKomarov: folds 
Uncalled bet ($0.19) returned to kostik809
kostik809 collected $0.38 from pot
*** SUMMARY ***
Total pot $0.39 | Rake $0.01 
Board [Jc 5s Kh 8d]
Seat 1: ezbutr (big blind) folded before Flop
Seat 2: Dorex2007 folded before Flop (didn't bet)
Seat 3: GoldenTime008 folded before Flop (didn't bet)
Seat 4: esch777 folded before Flop (didn't bet)
Seat 6: kostik809 collected ($0.38)
Seat 7: AkademikKomarov folded on the Turn
Seat 8: birgit233 (button) folded before Flop (didn't bet)
Seat 9: dirtyolman (small blind) folded before Flop



PokerStars Hand #227075260000:  Hold'em No Limit ($0.01/$0.02 USD) - 2021/05/26 1:28:42 PT [2021/05/26 4:28:42 ET]
Table 'Melanie II' 9-max Seat #9 is the button
Seat 1: ezbutr ($2.35 in chips) 
Seat 2: Dorex2007 ($5.73 in chips) 
Seat 3: GoldenTime008 ($2.53 in chips) 
Seat 4: esch777 ($0.54 in chips) 
Seat 6: kostik809 ($2.26 in chips) 
Seat 7: AkademikKomarov ($0.79 in chips) 
Seat 8: birgit233 ($1.42 in chips) 
Seat 9: dirtyolman ($1.22 in chips) 
ezbutr: posts small blind $0.01
Dorex2007: posts big blind $0.02
*** HOLE CARDS ***
Dealt to Dorex2007 [4h 8d]
GoldenTime008: folds 
esch777: folds 
kostik809 has timed out
kostik809: folds 
AkademikKomarov: folds 
birgit233: folds 
dirtyolman: folds 
ezbutr: folds 
Uncalled bet ($0.01) returned to Dorex2007
Dorex2007 collected $0.02 from pot
Dorex2007: doesn't show hand 
*** SUMMARY ***
Total pot $0.02 | Rake $0 
Seat 1: ezbutr (small blind) folded before Flop
Seat 2: Dorex2007 (big blind) collected ($0.02)
Seat 3: GoldenTime008 folded before Flop (didn't bet)
Seat 4: esch777 folded before Flop (didn't bet)
Seat 6: kostik809 folded before Flop (didn't bet)
Seat 7: AkademikKomarov folded before Flop (didn't bet)
Seat 8: birgit233 folded before Flop (didn't bet)
Seat 9: dirtyolman (button) folded before Flop (didn't bet)



PokerStars Hand #227075264491:  Hold'em No Limit ($0.01/$0.02 USD) - 2021/05/26 1:29:08 PT [2021/05/26 4:29:08 ET]
Table 'Melanie II' 9-max Seat #1 is the button
Seat 1: ezbutr ($2.34 in chips) 
Seat 2: Dorex2007 ($5.74 in chips) 
Seat 3: GoldenTime008 ($2.53 in chips) 
Seat 4: esch777 ($0.54 in chips) 
Seat 7: AkademikKomarov ($0.79 in chips) 
Seat 8: birgit233 ($1.42 in chips) 
Seat 9: dirtyolman ($1.22 in chips) 
Dorex2007: posts small blind $0.01
GoldenTime008: posts big blind $0.02
*** HOLE CARDS ***
Dealt to Dorex2007 [Qd Td]
esch777: folds 
AkademikKomarov: folds 
birgit233 has timed out
birgit233: folds 
dirtyolman: calls $0.02
ezbutr: calls $0.02
Dorex2007: calls $0.01
GoldenTime008: checks 
*** FLOP *** [6c 9d 6s]
Dorex2007: checks 
GoldenTime008: checks 
dirtyolman: checks 
ezbutr: bets $0.04
Dorex2007: folds 
GoldenTime008: folds 
dirtyolman: folds 
Uncalled bet ($0.04) returned to ezbutr
ezbutr collected $0.08 from pot
ezbutr: doesn't show hand 
*** SUMMARY ***
Total pot $0.08 | Rake $0 
Board [6c 9d 6s]
Seat 1: ezbutr (button) collected ($0.08)
Seat 2: Dorex2007 (small blind) folded on the Flop
Seat 3: GoldenTime008 (big blind) folded on the Flop
Seat 4: esch777 folded before Flop (didn't bet)
Seat 7: AkademikKomarov folded before Flop (didn't bet)
Seat 8: birgit233 folded before Flop (didn't bet)
Seat 9: dirtyolman folded on the Flop



PokerStars Hand #227075273344:  Hold'em No Limit ($0.01/$0.02 USD) - 2021/05/26 1:30:00 PT [2021/05/26 4:30:00 ET]
Table 'Melanie II' 9-max Seat #2 is the button
Seat 1: ezbutr ($2.40 in chips) 
Seat 2: Dorex2007 ($5.72 in chips) 
Seat 3: GoldenTime008 ($2.51 in chips) 
Seat 4: esch777 ($0.54 in chips) 
Seat 7: AkademikKomarov ($0.79 in chips) 
Seat 8: birgit233 ($1.42 in chips) 
Seat 9: dirtyolman ($1.20 in chips) 
GoldenTime008: posts small blind $0.01
esch777: posts big blind $0.02
*** HOLE CARDS ***
Dealt to Dorex2007 [9s Ac]
AkademikKomarov: folds 
birgit233: folds 
dirtyolman: folds 
ezbutr: folds 
Dorex2007: raises $0.04 to $0.06
GoldenTime008: raises $0.18 to $0.24
esch777: folds 
Dorex2007: folds 
Uncalled bet ($0.18) returned to GoldenTime008
GoldenTime008 collected $0.14 from pot
GoldenTime008: doesn't show hand 
*** SUMMARY ***
Total pot $0.14 | Rake $0 
Seat 1: ezbutr folded before Flop (didn't bet)
Seat 2: Dorex2007 (button) folded before Flop
Seat 3: GoldenTime008 (small blind) collected ($0.14)
Seat 4: esch777 (big blind) folded before Flop
Seat 7: AkademikKomarov folded before Flop (didn't bet)
Seat 8: birgit233 folded before Flop (didn't bet)
Seat 9: dirtyolman folded before Flop (didn't bet)



PokerStars Hand #227075277758:  Hold'em No Limit ($0.01/$0.02 USD) - 2021/05/26 1:30:26 PT [2021/05/26 4:30:26 ET]
Table 'Melanie II' 9-max Seat #3 is the button
Seat 1: ezbutr ($2.40 in chips) 
Seat 2: Dorex2007 ($5.66 in chips) 
Seat 3: GoldenTime008 ($2.59 in chips) 
Seat 4: esch777 ($0.52 in chips) 
Seat 6: kostik809 ($2.26 in chips) 
Seat 7: AkademikKomarov ($0.79 in chips) 
Seat 8: birgit233 ($1.42 in chips) 
Seat 9: dirtyolman ($1.20 in chips) 
esch777: posts small blind $0.01
kostik809: posts big blind $0.02
*** HOLE CARDS ***
Dealt to Dorex2007 [Ks 5c]
AkademikKomarov: raises $0.06 to $0.08
birgit233: folds 
dirtyolman: folds 
ezbutr: folds 
Dorex2007: folds 
GoldenTime008: folds 
esch777: folds 
kostik809: folds 
Uncalled bet ($0.06) returned to AkademikKomarov
AkademikKomarov collected $0.05 from pot
AkademikKomarov: doesn't show hand 
*** SUMMARY ***
Total pot $0.05 | Rake $0 
Seat 1: ezbutr folded before Flop (didn't bet)
Seat 2: Dorex2007 folded before Flop (didn't bet)
Seat 3: GoldenTime008 (button) folded before Flop (didn't bet)
Seat 4: esch777 (small blind) folded before Flop
Seat 6: kostik809 (big blind) folded before Flop
Seat 7: AkademikKomarov collected ($0.05)
Seat 8: birgit233 folded before Flop (didn't bet)
Seat 9: dirtyolman folded before Flop (didn't bet)



PokerStars Hand #227075282240:  Hold'em No Limit ($0.01/$0.02 USD) - 2021/05/26 1:30:52 PT [2021/05/26 4:30:52 ET]
Table 'Melanie II' 9-max Seat #4 is the button
Seat 1: ezbutr ($2.40 in chips) 
Seat 2: Dorex2007 ($5.66 in chips) 
Seat 3: GoldenTime008 ($2.59 in chips) 
Seat 4: esch777 ($0.51 in chips) 
Seat 6: kostik809 ($2.24 in chips) 
Seat 7: AkademikKomarov ($0.82 in chips) 
Seat 8: birgit233 ($1.42 in chips) 
Seat 9: dirtyolman ($1.20 in chips) 
kostik809: posts small blind $0.01
AkademikKomarov: posts big blind $0.02
*** HOLE CARDS ***
Dealt to Dorex2007 [3h 3c]
birgit233: folds 
dirtyolman: folds 
ezbutr: calls $0.02
Dorex2007: calls $0.02
GoldenTime008: folds 
esch777: calls $0.02
kostik809: folds 
AkademikKomarov: checks 
*** FLOP *** [Ks Qc 3s]
AkademikKomarov: checks 
ezbutr: checks 
Dorex2007: bets $0.09
esch777: calls $0.09
AkademikKomarov: folds 
ezbutr: folds 
*** TURN *** [Ks Qc 3s] [4c]
Dorex2007: bets $0.26
esch777: folds 
Uncalled bet ($0.26) returned to Dorex2007
Dorex2007 collected $0.26 from pot
Dorex2007: doesn't show hand 
*** SUMMARY ***
Total pot $0.27 | Rake $0.01 
Board [Ks Qc 3s 4c]
Seat 1: ezbutr folded on the Flop
Seat 2: Dorex2007 collected ($0.26)
Seat 3: GoldenTime008 folded before Flop (didn't bet)
Seat 4: esch777 (button) folded on the Turn
Seat 6: kostik809 (small blind) folded before Flop
Seat 7: AkademikKomarov (big blind) folded on the Flop
Seat 8: birgit233 folded before Flop (didn't bet)
Seat 9: dirtyolman folded before Flop (didn't bet)



PokerStars Hand #227075295063:  Hold'em No Limit ($0.01/$0.02 USD) - 2021/05/26 1:32:07 PT [2021/05/26 4:32:07 ET]
Table 'Melanie II' 9-max Seat #6 is the button
Seat 1: ezbutr ($2.38 in chips) 
Seat 2: Dorex2007 ($5.81 in chips) 
Seat 3: GoldenTime008 ($2.59 in chips) 
Seat 4: esch777 ($0.40 in chips) 
Seat 6: kostik809 ($2.23 in chips) 
Seat 7: AkademikKomarov ($0.80 in chips) 
Seat 8: birgit233 ($1.42 in chips) 
Seat 9: dirtyolman ($1.20 in chips) 
AkademikKomarov: posts small blind $0.01
birgit233: posts big blind $0.02
*** HOLE CARDS ***
Dealt to Dorex2007 [4h 6h]
dirtyolman: folds 
ezbutr: folds 
Dorex2007: folds 
GoldenTime008: folds 
esch777: folds 
kostik809: raises $0.04 to $0.06
AkademikKomarov: folds 
birgit233: folds 
Uncalled bet ($0.04) returned to kostik809
kostik809 collected $0.05 from pot
*** SUMMARY ***
Total pot $0.05 | Rake $0 
Seat 1: ezbutr folded before Flop (didn't bet)
Seat 2: Dorex2007 folded before Flop (didn't bet)
Seat 3: GoldenTime008 folded before Flop (didn't bet)
Seat 4: esch777 folded before Flop (didn't bet)
Seat 6: kostik809 (button) collected ($0.05)
Seat 7: AkademikKomarov (small blind) folded before Flop
Seat 8: birgit233 (big blind) folded before Flop
Seat 9: dirtyolman folded before Flop (didn't bet)



PokerStars Hand #227075299681:  Hold'em No Limit ($0.01/$0.02 USD) - 2021/05/26 1:32:34 PT [2021/05/26 4:32:34 ET]
Table 'Melanie II' 9-max Seat #7 is the button
Seat 1: ezbutr ($2.38 in chips) 
Seat 2: Dorex2007 ($5.81 in chips) 
Seat 3: GoldenTime008 ($2.59 in chips) 
Seat 4: esch777 ($0.40 in chips) 
Seat 6: kostik809 ($2.26 in chips) 
Seat 7: AkademikKomarov ($0.79 in chips) 
Seat 8: birgit233 ($1.40 in chips) 
Seat 9: dirtyolman ($1.20 in chips) 
birgit233: posts small blind $0.01
dirtyolman: posts big blind $0.02
*** HOLE CARDS ***
Dealt to Dorex2007 [6c Qh]
ezbutr: raises $0.02 to $0.04
Dorex2007: folds 
GoldenTime008: folds 
esch777: raises $0.02 to $0.06
kostik809: folds 
AkademikKomarov: folds 
birgit233: folds 
dirtyolman: folds 
ezbutr: calls $0.02
*** FLOP *** [9h Ad Qs]
ezbutr: checks 
esch777: checks 
*** TURN *** [9h Ad Qs] [8h]
ezbutr: bets $0.08
esch777: folds 
Uncalled bet ($0.08) returned to ezbutr
ezbutr collected $0.14 from pot
ezbutr: doesn't show hand 
*** SUMMARY ***
Total pot $0.15 | Rake $0.01 
Board [9h Ad Qs 8h]
Seat 1: ezbutr collected ($0.14)
Seat 2: Dorex2007 folded before Flop (didn't bet)
Seat 3: GoldenTime008 folded before Flop (didn't bet)
Seat 4: esch777 folded on the Turn
Seat 6: kostik809 folded before Flop (didn't bet)
Seat 7: AkademikKomarov (button) folded before Flop (didn't bet)
Seat 8: birgit233 (small blind) folded before Flop
Seat 9: dirtyolman (big blind) folded before Flop



PokerStars Hand #227075308982:  Hold'em No Limit ($0.01/$0.02 USD) - 2021/05/26 1:33:29 PT [2021/05/26 4:33:29 ET]
Table 'Melanie II' 9-max Seat #8 is the button
Seat 1: ezbutr ($2.46 in chips) 
Seat 2: Dorex2007 ($5.81 in chips) 
Seat 3: GoldenTime008 ($2.59 in chips) 
Seat 4: esch777 ($0.34 in chips) 
Seat 6: kostik809 ($2.26 in chips) 
Seat 7: AkademikKomarov ($0.79 in chips) 
Seat 8: birgit233 ($1.39 in chips) 
Seat 9: dirtyolman ($1.18 in chips) 
dirtyolman: posts small blind $0.01
ezbutr: posts big blind $0.02
*** HOLE CARDS ***
Dealt to Dorex2007 [4c 3s]
Dorex2007: folds 
GoldenTime008: raises $0.04 to $0.06
esch777: folds 
kostik809: calls $0.06
AkademikKomarov: folds 
birgit233: folds 
dirtyolman: folds 
ezbutr: folds 
*** FLOP *** [3d 4s Jh]
GoldenTime008: checks 
kostik809: bets $0.07
GoldenTime008: folds 
Uncalled bet ($0.07) returned to kostik809
kostik809 collected $0.14 from pot
kostik809: doesn't show hand 
*** SUMMARY ***
Total pot $0.15 | Rake $0.01 
Board [3d 4s Jh]
Seat 1: ezbutr (big blind) folded before Flop
Seat 2: Dorex2007 folded before Flop (didn't bet)
Seat 3: GoldenTime008 folded on the Flop
Seat 4: esch777 folded before Flop (didn't bet)
Seat 6: kostik809 collected ($0.14)
Seat 7: AkademikKomarov folded before Flop (didn't bet)
Seat 8: birgit233 (button) folded before Flop (didn't bet)
Seat 9: dirtyolman (small blind) folded before Flop



PokerStars Hand #227075314352:  Hold'em No Limit ($0.01/$0.02 USD) - 2021/05/26 1:34:00 PT [2021/05/26 4:34:00 ET]
Table 'Melanie II' 9-max Seat #9 is the button
Seat 1: ezbutr ($2.44 in chips) 
Seat 2: Dorex2007 ($5.81 in chips) 
Seat 3: GoldenTime008 ($2.53 in chips) 
Seat 4: esch777 ($0.34 in chips) 
Seat 6: kostik809 ($2.34 in chips) 
Seat 7: AkademikKomarov ($0.79 in chips) 
Seat 8: birgit233 ($1.39 in chips) 
Seat 9: dirtyolman ($1.17 in chips) 
ezbutr: posts small blind $0.01
Dorex2007: posts big blind $0.02
*** HOLE CARDS ***
Dealt to Dorex2007 [2s 9h]
GoldenTime008: folds 
esch777: folds 
kostik809: folds 
AkademikKomarov: folds 
birgit233: folds 
dirtyolman: calls $0.02
ezbutr: raises $0.02 to $0.04
Dorex2007: folds 
dirtyolman: calls $0.02
*** FLOP *** [2c 4d 2d]
ezbutr: checks 
dirtyolman: bets $0.10
ezbutr: folds 
Uncalled bet ($0.10) returned to dirtyolman
dirtyolman collected $0.10 from pot
dirtyolman: doesn't show hand 
*** SUMMARY ***
Total pot $0.10 | Rake $0 
Board [2c 4d 2d]
Seat 1: ezbutr (small blind) folded on the Flop
Seat 2: Dorex2007 (big blind) folded before Flop
Seat 3: GoldenTime008 folded before Flop (didn't bet)
Seat 4: esch777 folded before Flop (didn't bet)
Seat 6: kostik809 folded before Flop (didn't bet)
Seat 7: AkademikKomarov folded before Flop (didn't bet)
Seat 8: birgit233 folded before Flop (didn't bet)
Seat 9: dirtyolman (button) collected ($0.10)



PokerStars Hand #227075323359:  Hold'em No Limit ($0.01/$0.02 USD) - 2021/05/26 1:34:53 PT [2021/05/26 4:34:53 ET]
Table 'Melanie II' 9-max Seat #1 is the button
Seat 1: ezbutr ($2.40 in chips) 
Seat 2: Dorex2007 ($5.79 in chips) 
Seat 3: GoldenTime008 ($2.53 in chips) 
Seat 4: esch777 ($0.34 in chips) 
Seat 5: erema80 ($1.94 in chips) 
Seat 6: kostik809 ($2.34 in chips) 
Seat 7: AkademikKomarov ($0.79 in chips) 
Seat 8: birgit233 ($1.39 in chips) 
Seat 9: dirtyolman ($1.23 in chips) 
Dorex2007: posts small blind $0.01
GoldenTime008: posts big blind $0.02
erema80: posts small & big blinds $0.03
*** HOLE CARDS ***
Dealt to Dorex2007 [Qc 8d]
esch777: folds 
erema80: checks 
kostik809: raises $0.02 to $0.04
AkademikKomarov: raises $0.10 to $0.14
birgit233: folds 
dirtyolman: folds 
ezbutr: folds 
Dorex2007: folds 
GoldenTime008: folds 
erema80 is disconnected 
erema80 has timed out while disconnected
erema80: folds 
kostik809: folds 
Uncalled bet ($0.10) returned to AkademikKomarov
AkademikKomarov collected $0.14 from pot
AkademikKomarov: doesn't show hand 
*** SUMMARY ***
Total pot $0.14 | Rake $0 
Seat 1: ezbutr (button) folded before Flop (didn't bet)
Seat 2: Dorex2007 (small blind) folded before Flop
Seat 3: GoldenTime008 (big blind) folded before Flop
Seat 4: esch777 folded before Flop (didn't bet)
Seat 5: erema80 folded before Flop (didn't bet)
Seat 6: kostik809 folded before Flop
Seat 7: AkademikKomarov collected ($0.14)
Seat 8: birgit233 folded before Flop (didn't bet)
Seat 9: dirtyolman folded before Flop (didn't bet)



PokerStars Hand #227075338791:  Hold'em No Limit ($0.01/$0.02 USD) - 2021/05/26 1:36:23 PT [2021/05/26 4:36:23 ET]
Table 'Melanie II' 9-max Seat #2 is the button
Seat 1: ezbutr ($2.40 in chips) 
Seat 2: Dorex2007 ($5.78 in chips) 
Seat 3: GoldenTime008 ($2.51 in chips) 
Seat 4: esch777 ($0.34 in chips) 
Seat 6: kostik809 ($2.30 in chips) 
Seat 7: AkademikKomarov ($0.89 in chips) 
Seat 8: birgit233 ($1.39 in chips) 
Seat 9: dirtyolman ($1.23 in chips) 
GoldenTime008: posts small blind $0.01
esch777: posts big blind $0.02
*** HOLE CARDS ***
Dealt to Dorex2007 [5s Qs]
kostik809: raises $0.04 to $0.06
AkademikKomarov: folds 
birgit233: folds 
dirtyolman: folds 
ezbutr: folds 
Dorex2007: folds 
GoldenTime008: folds 
esch777: folds 
Uncalled bet ($0.04) returned to kostik809
kostik809 collected $0.05 from pot
*** SUMMARY ***
Total pot $0.05 | Rake $0 
Seat 1: ezbutr folded before Flop (didn't bet)
Seat 2: Dorex2007 (button) folded before Flop (didn't bet)
Seat 3: GoldenTime008 (small blind) folded before Flop
Seat 4: esch777 (big blind) folded before Flop
Seat 6: kostik809 collected ($0.05)
Seat 7: AkademikKomarov folded before Flop (didn't bet)
Seat 8: birgit233 folded before Flop (didn't bet)
Seat 9: dirtyolman folded before Flop (didn't bet)



PokerStars Hand #227075341876:  Hold'em No Limit ($0.01/$0.02 USD) - 2021/05/26 1:36:41 PT [2021/05/26 4:36:41 ET]
Table 'Melanie II' 9-max Seat #3 is the button
Seat 1: ezbutr ($2.40 in chips) 
Seat 2: Dorex2007 ($5.78 in chips) 
Seat 3: GoldenTime008 ($2.50 in chips) 
Seat 4: esch777 ($0.32 in chips) 
Seat 5: erema80 ($1.91 in chips) 
Seat 6: kostik809 ($2.33 in chips) 
Seat 7: AkademikKomarov ($0.89 in chips) 
Seat 8: birgit233 ($1.39 in chips) 
Seat 9: dirtyolman ($1.23 in chips) 
esch777: posts small blind $0.01
erema80: posts big blind $0.02
*** HOLE CARDS ***
Dealt to Dorex2007 [Ad 4h]
kostik809: folds 
AkademikKomarov: folds 
birgit233: folds 
dirtyolman: raises $0.02 to $0.04
ezbutr: folds 
Dorex2007: folds 
GoldenTime008: folds 
esch777: folds 
erema80: folds 
Uncalled bet ($0.02) returned to dirtyolman
dirtyolman collected $0.05 from pot
dirtyolman: doesn't show hand 
*** SUMMARY ***
Total pot $0.05 | Rake $0 
Seat 1: ezbutr folded before Flop (didn't bet)
Seat 2: Dorex2007 folded before Flop (didn't bet)
Seat 3: GoldenTime008 (button) folded before Flop (didn't bet)
Seat 4: esch777 (small blind) folded before Flop
Seat 5: erema80 (big blind) folded before Flop
Seat 6: kostik809 folded before Flop (didn't bet)
Seat 7: AkademikKomarov folded before Flop (didn't bet)
Seat 8: birgit233 folded before Flop (didn't bet)
Seat 9: dirtyolman collected ($0.05)



PokerStars Hand #227075347563:  Hold'em No Limit ($0.01/$0.02 USD) - 2021/05/26 1:37:14 PT [2021/05/26 4:37:14 ET]
Table 'Melanie II' 9-max Seat #4 is the button
Seat 1: ezbutr ($2.40 in chips) 
Seat 2: Dorex2007 ($5.78 in chips) 
Seat 3: GoldenTime008 ($2.50 in chips) 
Seat 4: esch777 ($0.31 in chips) 
Seat 5: erema80 ($1.89 in chips) 
Seat 6: kostik809 ($2.33 in chips) 
Seat 7: AkademikKomarov ($0.89 in chips) 
Seat 8: birgit233 ($1.39 in chips) 
Seat 9: dirtyolman ($1.26 in chips) 
erema80: posts small blind $0.01
kostik809: posts big blind $0.02
*** HOLE CARDS ***
Dealt to Dorex2007 [2c Qh]
AkademikKomarov: raises $0.04 to $0.06
birgit233: folds 
dirtyolman: folds 
ezbutr: calls $0.06
Dorex2007: folds 
GoldenTime008: folds 
esch777: folds 
erema80: calls $0.05
kostik809: folds 
*** FLOP *** [6c 3h 4h]
erema80: bets $0.02
AkademikKomarov: raises $0.06 to $0.08
ezbutr: folds 
erema80: calls $0.06
*** TURN *** [6c 3h 4h] [3d]
erema80: bets $0.05
AkademikKomarov: raises $0.11 to $0.16
erema80: calls $0.11
*** RIVER *** [6c 3h 4h 3d] [5d]
erema80: checks 
AkademikKomarov: checks 
*** SHOW DOWN ***
erema80: shows [6h Ah] (two pair, Sixes and Threes)
AkademikKomarov: shows [9h 9s] (two pair, Nines and Threes)
AkademikKomarov collected $0.66 from pot
*** SUMMARY ***
Total pot $0.68 | Rake $0.02 
Board [6c 3h 4h 3d 5d]
Seat 1: ezbutr folded on the Flop
Seat 2: Dorex2007 folded before Flop (didn't bet)
Seat 3: GoldenTime008 folded before Flop (didn't bet)
Seat 4: esch777 (button) folded before Flop (didn't bet)
Seat 5: erema80 (small blind) showed [6h Ah] and lost with two pair, Sixes and Threes
Seat 6: kostik809 (big blind) folded before Flop
Seat 7: AkademikKomarov showed [9h 9s] and won ($0.66) with two pair, Nines and Threes
Seat 8: birgit233 folded before Flop (didn't bet)
Seat 9: dirtyolman folded before Flop (didn't bet)



PokerStars Hand #227075366513:  Hold'em No Limit ($0.01/$0.02 USD) - 2021/05/26 1:39:07 PT [2021/05/26 4:39:07 ET]
Table 'Melanie II' 9-max Seat #5 is the button
Seat 1: ezbutr ($2.34 in chips) 
Seat 2: Dorex2007 ($5.78 in chips) 
Seat 3: GoldenTime008 ($2.50 in chips) 
Seat 4: esch777 ($0.31 in chips) 
Seat 5: erema80 ($1.59 in chips) 
Seat 6: kostik809 ($2.31 in chips) 
Seat 7: AkademikKomarov ($1.25 in chips) 
Seat 8: birgit233 ($1.39 in chips) 
Seat 9: dirtyolman ($1.26 in chips) 
kostik809: posts small blind $0.01
AkademikKomarov: posts big blind $0.02
*** HOLE CARDS ***
Dealt to Dorex2007 [Kd Jc]
birgit233: folds 
dirtyolman: folds 
ezbutr: folds 
Dorex2007: raises $0.04 to $0.06
GoldenTime008: folds 
esch777: folds 
erema80: calls $0.06
kostik809: folds 
AkademikKomarov: folds 
*** FLOP *** [3s As Th]
Dorex2007: checks 
erema80: checks 
*** TURN *** [3s As Th] [Ac]
Dorex2007: bets $0.07
erema80: folds 
Uncalled bet ($0.07) returned to Dorex2007
Dorex2007 collected $0.14 from pot
Dorex2007: doesn't show hand 
*** SUMMARY ***
Total pot $0.15 | Rake $0.01 
Board [3s As Th Ac]
Seat 1: ezbutr folded before Flop (didn't bet)
Seat 2: Dorex2007 collected ($0.14)
Seat 3: GoldenTime008 folded before Flop (didn't bet)
Seat 4: esch777 folded before Flop (didn't bet)
Seat 5: erema80 (button) folded on the Turn
Seat 6: kostik809 (small blind) folded before Flop
Seat 7: AkademikKomarov (big blind) folded before Flop
Seat 8: birgit233 folded before Flop (didn't bet)
Seat 9: dirtyolman folded before Flop (didn't bet)



PokerStars Hand #227075374122:  Hold'em No Limit ($0.01/$0.02 USD) - 2021/05/26 1:39:51 PT [2021/05/26 4:39:51 ET]
Table 'Melanie II' 9-max Seat #6 is the button
Seat 1: ezbutr ($2.34 in chips) 
Seat 2: Dorex2007 ($5.86 in chips) 
Seat 3: GoldenTime008 ($2.50 in chips) 
Seat 4: esch777 ($0.31 in chips) 
Seat 5: erema80 ($1.53 in chips) 
Seat 6: kostik809 ($2.30 in chips) 
Seat 7: AkademikKomarov ($1.23 in chips) 
Seat 8: birgit233 ($1.39 in chips) 
Seat 9: dirtyolman ($1.26 in chips) 
AkademikKomarov: posts small blind $0.01
birgit233: posts big blind $0.02
*** HOLE CARDS ***
Dealt to Dorex2007 [Ac 2c]
dirtyolman: folds 
ezbutr: folds 
Dorex2007: calls $0.02
GoldenTime008: folds 
esch777: calls $0.02
erema80: folds 
kostik809: folds 
kostik809 leaves the table
AkademikKomarov: raises $0.08 to $0.10
birgit233: folds 
Dorex2007: folds 
Pajkeeee joins the table at seat #6 
esch777: folds 
Uncalled bet ($0.08) returned to AkademikKomarov
AkademikKomarov collected $0.08 from pot
*** SUMMARY ***
Total pot $0.08 | Rake $0 
Seat 1: ezbutr folded before Flop (didn't bet)
Seat 2: Dorex2007 folded before Flop
Seat 3: GoldenTime008 folded before Flop (didn't bet)
Seat 4: esch777 folded before Flop
Seat 5: erema80 folded before Flop (didn't bet)
Seat 6: kostik809 (button) folded before Flop (didn't bet)
Seat 7: AkademikKomarov (small blind) collected ($0.08)
Seat 8: birgit233 (big blind) folded before Flop
Seat 9: dirtyolman folded before Flop (didn't bet)



PokerStars Hand #227075382805:  Hold'em No Limit ($0.01/$0.02 USD) - 2021/05/26 1:40:41 PT [2021/05/26 4:40:41 ET]
Table 'Melanie II' 9-max Seat #7 is the button
Seat 1: ezbutr ($2.34 in chips) 
Seat 2: Dorex2007 ($5.84 in chips) 
Seat 3: GoldenTime008 ($2.50 in chips) 
Seat 4: esch777 ($0.29 in chips) 
Seat 5: erema80 ($1.53 in chips) 
Seat 7: AkademikKomarov ($1.29 in chips) 
Seat 8: birgit233 ($1.37 in chips) 
Seat 9: dirtyolman ($1.26 in chips) 
birgit233: posts small blind $0.01
dirtyolman: posts big blind $0.02
Pajkeeee: sits out 
*** HOLE CARDS ***
Dealt to Dorex2007 [8c 7s]
ezbutr: folds 
Dorex2007: folds 
GoldenTime008: folds 
esch777: folds 
erema80 has timed out
erema80: folds 
AkademikKomarov: calls $0.02
birgit233: folds 
dirtyolman: checks 
*** FLOP *** [2d 6c 4h]
dirtyolman: checks 
AkademikKomarov: checks 
*** TURN *** [2d 6c 4h] [Js]
dirtyolman: checks 
AkademikKomarov: bets $0.04
dirtyolman: folds 
Uncalled bet ($0.04) returned to AkademikKomarov
AkademikKomarov collected $0.05 from pot
*** SUMMARY ***
Total pot $0.05 | Rake $0 
Board [2d 6c 4h Js]
Seat 1: ezbutr folded before Flop (didn't bet)
Seat 2: Dorex2007 folded before Flop (didn't bet)
Seat 3: GoldenTime008 folded before Flop (didn't bet)
Seat 4: esch777 folded before Flop (didn't bet)
Seat 5: erema80 folded before Flop (didn't bet)
Seat 7: AkademikKomarov (button) collected ($0.05)
Seat 8: birgit233 (small blind) folded before Flop
Seat 9: dirtyolman (big blind) folded on the Turn



PokerStars Hand #227075394565:  Hold'em No Limit ($0.01/$0.02 USD) - 2021/05/26 1:41:47 PT [2021/05/26 4:41:47 ET]
Table 'Melanie II' 9-max Seat #8 is the button
Seat 1: ezbutr ($2.34 in chips) 
Seat 2: Dorex2007 ($5.84 in chips) 
Seat 3: GoldenTime008 ($2.50 in chips) 
Seat 4: esch777 ($0.29 in chips) 
Seat 7: AkademikKomarov ($1.32 in chips) 
Seat 8: birgit233 ($1.36 in chips) 
Seat 9: dirtyolman ($1.24 in chips) 
dirtyolman: posts small blind $0.01
ezbutr: posts big blind $0.02
Pajkeeee: sits out 
*** HOLE CARDS ***
Dealt to Dorex2007 [Th 8s]
Dorex2007: folds 
GoldenTime008: folds 
esch777: calls $0.02
AkademikKomarov: raises $0.04 to $0.06
birgit233: folds 
dirtyolman: folds 
ezbutr: calls $0.04
esch777: calls $0.04
*** FLOP *** [7d 4d 2s]
GoldenTime008 leaves the table
ezbutr: checks 
esch777: checks 
AkademikKomarov: bets $0.09
ezbutr: folds 
esch777: folds 
Uncalled bet ($0.09) returned to AkademikKomarov
AkademikKomarov collected $0.18 from pot
AkademikKomarov: doesn't show hand 
*** SUMMARY ***
Total pot $0.19 | Rake $0.01 
Board [7d 4d 2s]
Seat 1: ezbutr (big blind) folded on the Flop
Seat 2: Dorex2007 folded before Flop (didn't bet)
Seat 3: GoldenTime008 folded before Flop (didn't bet)
Seat 4: esch777 folded on the Flop
Seat 7: AkademikKomarov collected ($0.18)
Seat 8: birgit233 (button) folded before Flop (didn't bet)
Seat 9: dirtyolman (small blind) folded before Flop



PokerStars Hand #227075409006:  Hold'em No Limit ($0.01/$0.02 USD) - 2021/05/26 1:43:07 PT [2021/05/26 4:43:07 ET]
Table 'Melanie II' 9-max Seat #9 is the button
Seat 1: ezbutr ($2.28 in chips) 
Seat 2: Dorex2007 ($5.84 in chips) 
Seat 4: esch777 ($0.23 in chips) 
Seat 7: AkademikKomarov ($1.44 in chips) 
Seat 8: birgit233 ($1.36 in chips) 
Seat 9: dirtyolman ($1.23 in chips) 
ezbutr: posts small blind $0.01
Dorex2007: posts big blind $0.02
Pajkeeee: sits out 
*** HOLE CARDS ***
Dealt to Dorex2007 [5s 2h]
esch777: folds 
AkademikKomarov: raises $0.04 to $0.06
birgit233: folds 
dirtyolman: calls $0.06
ezbutr: folds 
Dorex2007: folds 
*** FLOP *** [4h Tc 7d]
erema80 is disconnected 
Tishurov1 joins the table at seat #3 
AkademikKomarov: checks 
dirtyolman: bets $0.14
AkademikKomarov: folds 
Uncalled bet ($0.14) returned to dirtyolman
dirtyolman collected $0.14 from pot
dirtyolman: doesn't show hand 
*** SUMMARY ***
Total pot $0.15 | Rake $0.01 
Board [4h Tc 7d]
Seat 1: ezbutr (small blind) folded before Flop
Seat 2: Dorex2007 (big blind) folded before Flop
Seat 4: esch777 folded before Flop (didn't bet)
Seat 7: AkademikKomarov folded on the Flop
Seat 8: birgit233 folded before Flop (didn't bet)
Seat 9: dirtyolman (button) collected ($0.14)



PokerStars Hand #227075414968:  Hold'em No Limit ($0.01/$0.02 USD) - 2021/05/26 1:43:40 PT [2021/05/26 4:43:40 ET]
Table 'Melanie II' 9-max Seat #1 is the button
Seat 1: ezbutr ($2.27 in chips) 
Seat 2: Dorex2007 ($5.82 in chips) 
Seat 3: Tishurov1 ($0.80 in chips) 
Seat 4: esch777 ($0.23 in chips) 
Seat 7: AkademikKomarov ($1.38 in chips) 
Seat 8: birgit233 ($1.36 in chips) 
Seat 9: dirtyolman ($1.31 in chips) 
Dorex2007: posts small blind $0.01
Tishurov1: posts big blind $0.02
Pajkeeee: sits out 
*** HOLE CARDS ***
Dealt to Dorex2007 [5c Js]
esch777: folds 
AkademikKomarov: raises $0.04 to $0.06
birgit233: calls $0.06
dirtyolman: folds 
ezbutr: calls $0.06
Dorex2007: folds 
Tishurov1: calls $0.04
*** FLOP *** [4d Qs 3d]
Tishurov1: checks 
AkademikKomarov: checks 
birgit233: checks 
ezbutr: checks 
*** TURN *** [4d Qs 3d] [2c]
Tishurov1: bets $0.74 and is all-in
AkademikKomarov: folds 
birgit233: folds 
ezbutr: folds 
Uncalled bet ($0.74) returned to Tishurov1
Tishurov1 collected $0.24 from pot
*** SUMMARY ***
Total pot $0.25 | Rake $0.01 
Board [4d Qs 3d 2c]
Seat 1: ezbutr (button) folded on the Turn
Seat 2: Dorex2007 (small blind) folded before Flop
Seat 3: Tishurov1 (big blind) collected ($0.24)
Seat 4: esch777 folded before Flop (didn't bet)
Seat 7: AkademikKomarov folded on the Turn
Seat 8: birgit233 folded on the Turn
Seat 9: dirtyolman folded before Flop (didn't bet)



PokerStars Hand #227075426335:  Hold'em No Limit ($0.01/$0.02 USD) - 2021/05/26 1:44:43 PT [2021/05/26 4:44:43 ET]
Table 'Melanie II' 9-max Seat #2 is the button
Seat 1: ezbutr ($2.21 in chips) 
Seat 2: Dorex2007 ($5.81 in chips) 
Seat 3: Tishurov1 ($0.98 in chips) 
Seat 4: esch777 ($0.23 in chips) 
Seat 7: AkademikKomarov ($1.32 in chips) 
Seat 8: birgit233 ($1.30 in chips) 
Seat 9: dirtyolman ($1.31 in chips) 
Tishurov1: posts small blind $0.01
esch777: posts big blind $0.02
Pajkeeee: sits out 
*** HOLE CARDS ***
Dealt to Dorex2007 [Qs Js]
AkademikKomarov: folds 
birgit233: folds 
dirtyolman: folds 
ezbutr: calls $0.02
Dorex2007: raises $0.04 to $0.06
Tishurov1: folds 
esch777: folds 
ezbutr: calls $0.04
*** FLOP *** [6h Ad 9c]
ezbutr: checks 
Dorex2007: bets $0.07
ezbutr: folds 
Uncalled bet ($0.07) returned to Dorex2007
Dorex2007 collected $0.14 from pot
Dorex2007: doesn't show hand 
*** SUMMARY ***
Total pot $0.15 | Rake $0.01 
Board [6h Ad 9c]
Seat 1: ezbutr folded on the Flop
Seat 2: Dorex2007 (button) collected ($0.14)
Seat 3: Tishurov1 (small blind) folded before Flop
Seat 4: esch777 (big blind) folded before Flop
Seat 7: AkademikKomarov folded before Flop (didn't bet)
Seat 8: birgit233 folded before Flop (didn't bet)
Seat 9: dirtyolman folded before Flop (didn't bet)



PokerStars Hand #227075435796:  Hold'em No Limit ($0.01/$0.02 USD) - 2021/05/26 1:45:23 PT [2021/05/26 4:45:23 ET]
Table 'Melanie II' 9-max Seat #3 is the button
Seat 1: ezbutr ($2.15 in chips) 
Seat 2: Dorex2007 ($5.89 in chips) 
Seat 3: Tishurov1 ($0.97 in chips) 
Seat 4: esch777 ($0.21 in chips) 
Seat 5: erema80 ($1.53 in chips) 
Seat 7: AkademikKomarov ($1.32 in chips) 
Seat 8: birgit233 ($1.30 in chips) 
Seat 9: dirtyolman ($1.31 in chips) 
esch777: posts small blind $0.01
erema80: posts big blind $0.02
Pajkeeee: sits out 
*** HOLE CARDS ***
Dealt to Dorex2007 [2c Jd]
AkademikKomarov: folds 
birgit233: folds 
dirtyolman: folds 
ezbutr: raises $0.02 to $0.04
Dorex2007: folds 
Tishurov1: calls $0.04
esch777: folds 
erema80: folds 
*** FLOP *** [3c 6d 5d]
ezbutr: checks 
Tishurov1: checks 
*** TURN *** [3c 6d 5d] [2h]
ezbutr: checks 
Tishurov1: checks 
*** RIVER *** [3c 6d 5d 2h] [Qd]
ezbutr: checks 
Tishurov1: checks 
*** SHOW DOWN ***
ezbutr: shows [Ac 8c] (high card Ace)
Tishurov1: mucks hand 
ezbutr collected $0.11 from pot
*** SUMMARY ***
Total pot $0.11 | Rake $0 
Board [3c 6d 5d 2h Qd]
Seat 1: ezbutr showed [Ac 8c] and won ($0.11) with high card Ace
Seat 2: Dorex2007 folded before Flop (didn't bet)
Seat 3: Tishurov1 (button) mucked [Kc 7h]
Seat 4: esch777 (small blind) folded before Flop
Seat 5: erema80 (big blind) folded before Flop
Seat 7: AkademikKomarov folded before Flop (didn't bet)
Seat 8: birgit233 folded before Flop (didn't bet)
Seat 9: dirtyolman folded before Flop (didn't bet)



PokerStars Hand #227075445354:  Hold'em No Limit ($0.01/$0.02 USD) - 2021/05/26 1:46:16 PT [2021/05/26 4:46:16 ET]
Table 'Melanie II' 9-max Seat #4 is the button
Seat 1: ezbutr ($2.22 in chips) 
Seat 2: Dorex2007 ($5.89 in chips) 
Seat 3: Tishurov1 ($0.93 in chips) 
Seat 4: esch777 ($0.20 in chips) 
Seat 5: erema80 ($1.51 in chips) 
Seat 6: Pajkeeee ($2 in chips) 
Seat 7: AkademikKomarov ($1.32 in chips) 
Seat 8: birgit233 ($1.30 in chips) 
Seat 9: dirtyolman ($1.31 in chips) 
erema80: posts small blind $0.01
Pajkeeee: posts big blind $0.02
*** HOLE CARDS ***
Dealt to Dorex2007 [Ks 6h]
AkademikKomarov: folds 
birgit233: folds 
dirtyolman: folds 
ezbutr: folds 
Dorex2007: folds 
Tishurov1: calls $0.02
esch777: calls $0.02
erema80: calls $0.01
Pajkeeee: checks 
*** FLOP *** [2s Td 8h]
erema80: bets $0.02
Pajkeeee: calls $0.02
Tishurov1: folds 
esch777: folds 
*** TURN *** [2s Td 8h] [3d]
erema80: bets $0.02
Pajkeeee: raises $0.05 to $0.07
erema80: calls $0.05
*** RIVER *** [2s Td 8h 3d] [8s]
erema80: bets $0.10
Pajkeeee: calls $0.10
*** SHOW DOWN ***
erema80: shows [8c 7s] (three of a kind, Eights)
Pajkeeee: mucks hand 
erema80 collected $0.44 from pot
*** SUMMARY ***
Total pot $0.46 | Rake $0.02 
Board [2s Td 8h 3d 8s]
Seat 1: ezbutr folded before Flop (didn't bet)
Seat 2: Dorex2007 folded before Flop (didn't bet)
Seat 3: Tishurov1 folded on the Flop
Seat 4: esch777 (button) folded on the Flop
Seat 5: erema80 (small blind) showed [8c 7s] and won ($0.44) with three of a kind, Eights
Seat 6: Pajkeeee (big blind) mucked [9h Ts]
Seat 7: AkademikKomarov folded before Flop (didn't bet)
Seat 8: birgit233 folded before Flop (didn't bet)
Seat 9: dirtyolman folded before Flop (didn't bet)



PokerStars Hand #227075454786:  Hold'em No Limit ($0.01/$0.02 USD) - 2021/05/26 1:47:09 PT [2021/05/26 4:47:09 ET]
Table 'Melanie II' 9-max Seat #5 is the button
Seat 1: ezbutr ($2.22 in chips) 
Seat 2: Dorex2007 ($5.89 in chips) 
Seat 3: Tishurov1 ($0.91 in chips) 
Seat 4: esch777 ($0.18 in chips) 
Seat 5: erema80 ($1.74 in chips) 
Seat 6: Pajkeeee ($1.79 in chips) 
Seat 7: AkademikKomarov ($1.32 in chips) 
Seat 8: birgit233 ($1.30 in chips) 
Seat 9: dirtyolman ($1.31 in chips) 
Pajkeeee: posts small blind $0.01
AkademikKomarov: posts big blind $0.02
*** HOLE CARDS ***
Dealt to Dorex2007 [6d 3c]
birgit233: folds 
dirtyolman: folds 
Pajkeeee said, "......"
ezbutr: folds 
Dorex2007: folds 
Tishurov1: folds 
esch777: raises $0.16 to $0.18 and is all-in
erema80: folds 
Pajkeeee: folds 
AkademikKomarov: calls $0.16
*** FLOP *** [5h 9s 2c]
*** TURN *** [5h 9s 2c] [7c]
*** RIVER *** [5h 9s 2c 7c] [Kd]
*** SHOW DOWN ***
AkademikKomarov: shows [Tc Qc] (high card King)
esch777: shows [Js Jc] (a pair of Jacks)
esch777 collected $0.36 from pot
*** SUMMARY ***
Total pot $0.37 | Rake $0.01 
Board [5h 9s 2c 7c Kd]
Seat 1: ezbutr folded before Flop (didn't bet)
Seat 2: Dorex2007 folded before Flop (didn't bet)
Seat 3: Tishurov1 folded before Flop (didn't bet)
Seat 4: esch777 showed [Js Jc] and won ($0.36) with a pair of Jacks
Seat 5: erema80 (button) folded before Flop (didn't bet)
Seat 6: Pajkeeee (small blind) folded before Flop
Seat 7: AkademikKomarov (big blind) showed [Tc Qc] and lost with high card King
Seat 8: birgit233 folded before Flop (didn't bet)
Seat 9: dirtyolman folded before Flop (didn't bet)



PokerStars Hand #227075460790:  Hold'em No Limit ($0.01/$0.02 USD) - 2021/05/26 1:47:42 PT [2021/05/26 4:47:42 ET]
Table 'Melanie II' 9-max Seat #6 is the button
Seat 1: ezbutr ($2.22 in chips) 
Seat 2: Dorex2007 ($5.89 in chips) 
Seat 3: Tishurov1 ($0.91 in chips) 
Seat 4: esch777 ($0.36 in chips) 
Seat 5: erema80 ($1.74 in chips) 
Seat 6: Pajkeeee ($1.78 in chips) 
Seat 7: AkademikKomarov ($1.14 in chips) 
Seat 8: birgit233 ($1.30 in chips) 
AkademikKomarov: posts small blind $0.01
birgit233: posts big blind $0.02
*** HOLE CARDS ***
Dealt to Dorex2007 [5c Js]
ezbutr: folds 
Dorex2007: folds 
Tishurov1: calls $0.02
esch777: folds 
erema80: folds 
Pajkeeee: folds 
AkademikKomarov: folds 
birgit233: checks 
*** FLOP *** [8c 4c 3c]
birgit233: checks 
Tishurov1: checks 
*** TURN *** [8c 4c 3c] [Kh]
birgit233: checks 
Tishurov1: checks 
*** RIVER *** [8c 4c 3c Kh] [7s]
birgit233: checks 
Tishurov1: bets $0.05
birgit233: folds 
Uncalled bet ($0.05) returned to Tishurov1
Tishurov1 collected $0.05 from pot
*** SUMMARY ***
Total pot $0.05 | Rake $0 
Board [8c 4c 3c Kh 7s]
Seat 1: ezbutr folded before Flop (didn't bet)
Seat 2: Dorex2007 folded before Flop (didn't bet)
Seat 3: Tishurov1 collected ($0.05)
Seat 4: esch777 folded before Flop (didn't bet)
Seat 5: erema80 folded before Flop (didn't bet)
Seat 6: Pajkeeee (button) folded before Flop (didn't bet)
Seat 7: AkademikKomarov (small blind) folded before Flop
Seat 8: birgit233 (big blind) folded on the River



PokerStars Hand #227075467616:  Hold'em No Limit ($0.01/$0.02 USD) - 2021/05/26 1:48:20 PT [2021/05/26 4:48:20 ET]
Table 'Melanie II' 9-max Seat #7 is the button
Seat 1: ezbutr ($2.22 in chips) 
Seat 2: Dorex2007 ($5.89 in chips) 
Seat 3: Tishurov1 ($0.94 in chips) 
Seat 4: esch777 ($0.36 in chips) 
Seat 5: erema80 ($1.74 in chips) 
Seat 6: Pajkeeee ($1.78 in chips) 
Seat 7: AkademikKomarov ($1.13 in chips) 
Seat 8: birgit233 ($1.28 in chips) 
birgit233: posts small blind $0.01
ezbutr: posts big blind $0.02
*** HOLE CARDS ***
Dealt to Dorex2007 [Ah As]
Dorex2007: raises $0.04 to $0.06
Tishurov1: folds 
esch777: folds 
erema80 has timed out
erema80: folds 
Pajkeeee: calls $0.06
AkademikKomarov: folds 
birgit233: folds 
ezbutr: folds 
*** FLOP *** [Js 3h Ts]
Dorex2007: bets $0.07
Pajkeeee: calls $0.07
*** TURN *** [Js 3h Ts] [Th]
Dorex2007: bets $0.14
Pajkeeee: calls $0.14
*** RIVER *** [Js 3h Ts Th] [4h]
Dorex2007: checks 
Pajkeeee: bets $0.28
erema80 is disconnected 
Dorex2007: calls $0.28
*** SHOW DOWN ***
Pajkeeee: shows [8h 7h] (a flush, Ten high)
Dorex2007: mucks hand 
Pajkeeee collected $1.09 from pot
*** SUMMARY ***
Total pot $1.13 | Rake $0.04 
Board [Js 3h Ts Th 4h]
Seat 1: ezbutr (big blind) folded before Flop
Seat 2: Dorex2007 mucked [Ah As]
Seat 3: Tishurov1 folded before Flop (didn't bet)
Seat 4: esch777 folded before Flop (didn't bet)
Seat 5: erema80 folded before Flop (didn't bet)
Seat 6: Pajkeeee showed [8h 7h] and won ($1.09) with a flush, Ten high
Seat 7: AkademikKomarov (button) folded before Flop (didn't bet)
Seat 8: birgit233 (small blind) folded before Flop



PokerStars Hand #227075484077:  Hold'em No Limit ($0.01/$0.02 USD) - 2021/05/26 1:49:52 PT [2021/05/26 4:49:52 ET]
Table 'Melanie II' 9-max Seat #8 is the button
Seat 1: ezbutr ($2.20 in chips) 
Seat 2: Dorex2007 ($5.34 in chips) 
Seat 3: Tishurov1 ($0.94 in chips) 
Seat 4: esch777 ($0.36 in chips) 
Seat 6: Pajkeeee ($2.32 in chips) 
Seat 7: AkademikKomarov ($1.13 in chips) 
Seat 8: birgit233 ($1.27 in chips) 
ezbutr: posts small blind $0.01
Dorex2007: posts big blind $0.02
*** HOLE CARDS ***
Dealt to Dorex2007 [7s Jh]
Tishurov1: folds 
esch777: folds 
Pajkeeee: folds 
AkademikKomarov: raises $0.04 to $0.06
birgit233: folds 
ezbutr: calls $0.05
Dorex2007: folds 
*** FLOP *** [Th Ah 5d]
ezbutr: checks 
AkademikKomarov: checks 
*** TURN *** [Th Ah 5d] [8h]
ezbutr: checks 
AkademikKomarov: bets $0.07
erema80 is disconnected 
ezbutr: calls $0.07
*** RIVER *** [Th Ah 5d 8h] [Qh]
ezbutr: checks 
AkademikKomarov: checks 
*** SHOW DOWN ***
ezbutr: shows [Ts Kd] (a pair of Tens)
AkademikKomarov: mucks hand 
ezbutr collected $0.27 from pot
*** SUMMARY ***
Total pot $0.28 | Rake $0.01 
Board [Th Ah 5d 8h Qh]
Seat 1: ezbutr (small blind) showed [Ts Kd] and won ($0.27) with a pair of Tens
Seat 2: Dorex2007 (big blind) folded before Flop
Seat 3: Tishurov1 folded before Flop (didn't bet)
Seat 4: esch777 folded before Flop (didn't bet)
Seat 6: Pajkeeee folded before Flop (didn't bet)
Seat 7: AkademikKomarov mucked [Kc 9c]
Seat 8: birgit233 (button) folded before Flop (didn't bet)



PokerStars Hand #227075498196:  Hold'em No Limit ($0.01/$0.02 USD) - 2021/05/26 1:51:10 PT [2021/05/26 4:51:10 ET]
Table 'Melanie II' 9-max Seat #1 is the button
Seat 1: ezbutr ($2.34 in chips) 
Seat 2: Dorex2007 ($5.32 in chips) 
Seat 3: Tishurov1 ($0.94 in chips) 
Seat 4: esch777 ($0.36 in chips) 
Seat 6: Pajkeeee ($2.32 in chips) 
Seat 7: AkademikKomarov ($1 in chips) 
Seat 8: birgit233 ($1.27 in chips) 
Dorex2007: posts small blind $0.01
Tishurov1: posts big blind $0.02
*** HOLE CARDS ***
Dealt to Dorex2007 [Qs Qd]
esch777: folds 
Pajkeeee: raises $0.04 to $0.06
AkademikKomarov: folds 
birgit233: folds 
AkademikKomarov leaves the table
erema80 is disconnected 
ezbutr: folds 
Dorex2007: raises $0.12 to $0.18
Tishurov1: folds 
Matmes100 joins the table at seat #7 
Pajkeeee: calls $0.12
*** FLOP *** [7d 4h 5s]
Dorex2007: bets $0.52
Pajkeeee: folds 
Uncalled bet ($0.52) returned to Dorex2007
Dorex2007 collected $0.37 from pot
Dorex2007: doesn't show hand 
*** SUMMARY ***
Total pot $0.38 | Rake $0.01 
Board [7d 4h 5s]
Seat 1: ezbutr (button) folded before Flop (didn't bet)
Seat 2: Dorex2007 (small blind) collected ($0.37)
Seat 3: Tishurov1 (big blind) folded before Flop
Seat 4: esch777 folded before Flop (didn't bet)
Seat 6: Pajkeeee folded on the Flop
Seat 7: AkademikKomarov folded before Flop (didn't bet)
Seat 8: birgit233 folded before Flop (didn't bet)



PokerStars Hand #227075507411:  Hold'em No Limit ($0.01/$0.02 USD) - 2021/05/26 1:52:02 PT [2021/05/26 4:52:02 ET]
Table 'Melanie II' 9-max Seat #2 is the button
Seat 1: ezbutr ($2.34 in chips) 
Seat 2: Dorex2007 ($5.51 in chips) 
Seat 3: Tishurov1 ($0.92 in chips) 
Seat 4: esch777 ($0.36 in chips) 
Seat 6: Pajkeeee ($2.14 in chips) 
Seat 8: birgit233 ($1.27 in chips) 
Tishurov1: posts small blind $0.01
esch777: posts big blind $0.02
Matmes100: sits out 
*** HOLE CARDS ***
Dealt to Dorex2007 [5d Td]
Pajkeeee: folds 
birgit233: folds 
ezbutr: calls $0.02
Dorex2007: folds 
Tishurov1: calls $0.01
esch777: checks 
*** FLOP *** [3s 4h Ts]
Tishurov1: checks 
esch777: bets $0.02
ezbutr: calls $0.02
Tishurov1: calls $0.02
*** TURN *** [3s 4h Ts] [Jh]
Tishurov1: checks 
esch777: checks 
ezbutr: bets $0.06
Tishurov1: folds 
esch777: folds 
Uncalled bet ($0.06) returned to ezbutr
ezbutr collected $0.12 from pot
ezbutr: doesn't show hand 
*** SUMMARY ***
Total pot $0.12 | Rake $0 
Board [3s 4h Ts Jh]
Seat 1: ezbutr collected ($0.12)
Seat 2: Dorex2007 (button) folded before Flop (didn't bet)
Seat 3: Tishurov1 (small blind) folded on the Turn
Seat 4: esch777 (big blind) folded on the Turn
Seat 6: Pajkeeee folded before Flop (didn't bet)
Seat 8: birgit233 folded before Flop (didn't bet)



PokerStars Hand #227075518320:  Hold'em No Limit ($0.01/$0.02 USD) - 2021/05/26 1:53:01 PT [2021/05/26 4:53:01 ET]
Table 'Melanie II' 9-max Seat #3 is the button
Seat 1: ezbutr ($2.42 in chips) 
Seat 2: Dorex2007 ($5.51 in chips) 
Seat 3: Tishurov1 ($0.88 in chips) 
Seat 4: esch777 ($0.32 in chips) 
Seat 6: Pajkeeee ($2.14 in chips) 
Seat 8: birgit233 ($1.27 in chips) 
esch777: posts small blind $0.01
Pajkeeee: posts big blind $0.02
Matmes100: sits out 
*** HOLE CARDS ***
Dealt to Dorex2007 [Td Qc]
birgit233: folds 
ezbutr: folds 
Dorex2007: calls $0.02
Tishurov1: folds 
esch777: folds 
Pajkeeee: checks 
*** FLOP *** [3c Js Jh]
Pajkeeee: checks 
Dorex2007: checks 
*** TURN *** [3c Js Jh] [7h]
Pajkeeee: checks 
Dorex2007: checks 
*** RIVER *** [3c Js Jh 7h] [5s]
Pajkeeee: checks 
Dorex2007: bets $0.03
Pajkeeee: folds 
Uncalled bet ($0.03) returned to Dorex2007
Dorex2007 collected $0.05 from pot
Dorex2007: doesn't show hand 
*** SUMMARY ***
Total pot $0.05 | Rake $0 
Board [3c Js Jh 7h 5s]
Seat 1: ezbutr folded before Flop (didn't bet)
Seat 2: Dorex2007 collected ($0.05)
Seat 3: Tishurov1 (button) folded before Flop (didn't bet)
Seat 4: esch777 (small blind) folded before Flop
Seat 6: Pajkeeee (big blind) folded on the River
Seat 8: birgit233 folded before Flop (didn't bet)



PokerStars Hand #227075527006:  Hold'em No Limit ($0.01/$0.02 USD) - 2021/05/26 1:53:48 PT [2021/05/26 4:53:48 ET]
Table 'Melanie II' 9-max Seat #4 is the button
Seat 1: ezbutr ($2.42 in chips) 
Seat 2: Dorex2007 ($5.54 in chips) 
Seat 3: Tishurov1 ($0.88 in chips) 
Seat 4: esch777 ($0.31 in chips) 
Seat 6: Pajkeeee ($2.12 in chips) 
Seat 7: Matmes100 ($2 in chips) 
Seat 8: birgit233 ($1.27 in chips) 
Pajkeeee: posts small blind $0.01
Matmes100: posts big blind $0.02
*** HOLE CARDS ***
Dealt to Dorex2007 [Qd 3d]
birgit233: folds 
ezbutr: folds 
Dorex2007: folds 
Tishurov1: folds 
esch777 has timed out
esch777: folds 
Pajkeeee: raises $0.04 to $0.06
Matmes100: folds 
Uncalled bet ($0.04) returned to Pajkeeee
Pajkeeee collected $0.04 from pot
Pajkeeee: doesn't show hand 
*** SUMMARY ***
Total pot $0.04 | Rake $0 
Seat 1: ezbutr folded before Flop (didn't bet)
Seat 2: Dorex2007 folded before Flop (didn't bet)
Seat 3: Tishurov1 folded before Flop (didn't bet)
Seat 4: esch777 (button) folded before Flop (didn't bet)
Seat 6: Pajkeeee (small blind) collected ($0.04)
Seat 7: Matmes100 (big blind) folded before Flop
Seat 8: birgit233 folded before Flop (didn't bet)



PokerStars Hand #227075532157:  Hold'em No Limit ($0.01/$0.02 USD) - 2021/05/26 1:54:17 PT [2021/05/26 4:54:17 ET]
Table 'Melanie II' 9-max Seat #6 is the button
Seat 1: ezbutr ($2.42 in chips) 
Seat 2: Dorex2007 ($5.54 in chips) 
Seat 3: Tishurov1 ($0.88 in chips) 
Seat 4: esch777 ($0.31 in chips) 
Seat 6: Pajkeeee ($2.14 in chips) 
Seat 7: Matmes100 ($2 in chips) 
Seat 8: birgit233 ($1.27 in chips) 
Matmes100: posts small blind $0.01
birgit233: posts big blind $0.02
*** HOLE CARDS ***
Dealt to Dorex2007 [4d Jh]
ezbutr has timed out
ezbutr: folds 
Dorex2007: folds 
Tishurov1: calls $0.02
esch777: raises $0.29 to $0.31 and is all-in
Pajkeeee: folds 
Matmes100: folds 
birgit233: folds 
Tishurov1: folds 
Uncalled bet ($0.29) returned to esch777
esch777 collected $0.07 from pot
esch777: doesn't show hand 
*** SUMMARY ***
Total pot $0.07 | Rake $0 
Seat 1: ezbutr folded before Flop (didn't bet)
Seat 2: Dorex2007 folded before Flop (didn't bet)
Seat 3: Tishurov1 folded before Flop
Seat 4: esch777 collected ($0.07)
Seat 6: Pajkeeee (button) folded before Flop (didn't bet)
Seat 7: Matmes100 (small blind) folded before Flop
Seat 8: birgit233 (big blind) folded before Flop



PokerStars Hand #227075536951:  Hold'em No Limit ($0.01/$0.02 USD) - 2021/05/26 1:54:43 PT [2021/05/26 4:54:43 ET]
Table 'Melanie II' 9-max Seat #7 is the button
Seat 1: ezbutr ($2.42 in chips) 
Seat 2: Dorex2007 ($5.54 in chips) 
Seat 3: Tishurov1 ($0.86 in chips) 
Seat 4: esch777 ($0.36 in chips) 
Seat 6: Pajkeeee ($2.14 in chips) 
Seat 7: Matmes100 ($2 in chips) 
Seat 8: birgit233 ($1.25 in chips) 
birgit233: posts small blind $0.01
ezbutr: posts big blind $0.02
*** HOLE CARDS ***
Dealt to Dorex2007 [Jc Ks]
Dorex2007: calls $0.02
Tishurov1: folds 
esch777: raises $0.34 to $0.36 and is all-in
Pajkeeee: folds 
Matmes100: folds 
birgit233: folds 
ezbutr: calls $0.34
Dorex2007: folds 
*** FLOP *** [4d 9s 9c]
*** TURN *** [4d 9s 9c] [6h]
*** RIVER *** [4d 9s 9c 6h] [2h]
*** SHOW DOWN ***
ezbutr: shows [Ac Qs] (a pair of Nines)
esch777: shows [Qc Qh] (two pair, Queens and Nines)
esch777 collected $0.72 from pot
*** SUMMARY ***
Total pot $0.75 | Rake $0.03 
Board [4d 9s 9c 6h 2h]
Seat 1: ezbutr (big blind) showed [Ac Qs] and lost with a pair of Nines
Seat 2: Dorex2007 folded before Flop
Seat 3: Tishurov1 folded before Flop (didn't bet)
Seat 4: esch777 showed [Qc Qh] and won ($0.72) with two pair, Queens and Nines
Seat 6: Pajkeeee folded before Flop (didn't bet)
Seat 7: Matmes100 (button) folded before Flop (didn't bet)
Seat 8: birgit233 (small blind) folded before Flop



PokerStars Hand #227075542660:  Hold'em No Limit ($0.01/$0.02 USD) - 2021/05/26 1:55:16 PT [2021/05/26 4:55:16 ET]
Table 'Melanie II' 9-max Seat #8 is the button
Seat 1: ezbutr ($2.06 in chips) 
Seat 2: Dorex2007 ($5.52 in chips) 
Seat 3: Tishurov1 ($0.86 in chips) 
Seat 4: esch777 ($0.72 in chips) 
Seat 6: Pajkeeee ($2.14 in chips) 
Seat 7: Matmes100 ($2 in chips) 
Seat 8: birgit233 ($1.24 in chips) 
ezbutr: posts small blind $0.01
Dorex2007: posts big blind $0.02
*** HOLE CARDS ***
Dealt to Dorex2007 [3s 4s]
Tishurov1: calls $0.02
esch777: calls $0.02
Pajkeeee: raises $0.06 to $0.08
Matmes100: folds 
birgit233: folds 
ezbutr: calls $0.07
Dorex2007: folds 
Tishurov1: calls $0.06
esch777: calls $0.06
*** FLOP *** [9c 4c Ac]
ezbutr: checks 
Tishurov1: checks 
esch777: bets $0.64 and is all-in
Pajkeeee: calls $0.64
ezbutr: folds 
Tishurov1: folds 
*** TURN *** [9c 4c Ac] [Ts]
*** RIVER *** [9c 4c Ac Ts] [8d]
*** SHOW DOWN ***
esch777: shows [8c 7c] (a flush, Ace high)
Pajkeeee: shows [4h Ah] (two pair, Aces and Fours)
esch777 collected $1.56 from pot
*** SUMMARY ***
Total pot $1.62 | Rake $0.06 
Board [9c 4c Ac Ts 8d]
Seat 1: ezbutr (small blind) folded on the Flop
Seat 2: Dorex2007 (big blind) folded before Flop
Seat 3: Tishurov1 folded on the Flop
Seat 4: esch777 showed [8c 7c] and won ($1.56) with a flush, Ace high
Seat 6: Pajkeeee showed [4h Ah] and lost with two pair, Aces and Fours
Seat 7: Matmes100 folded before Flop (didn't bet)
Seat 8: birgit233 (button) folded before Flop (didn't bet)



PokerStars Hand #227075550224:  Hold'em No Limit ($0.01/$0.02 USD) - 2021/05/26 1:56:06 PT [2021/05/26 4:56:06 ET]
Table 'Melanie II' 9-max Seat #1 is the button
Seat 1: ezbutr ($1.98 in chips) 
Seat 2: Dorex2007 ($5.50 in chips) 
Seat 3: Tishurov1 ($0.78 in chips) 
Seat 4: esch777 ($1.56 in chips) 
Seat 6: Pajkeeee ($1.42 in chips) 
Seat 7: Matmes100 ($2 in chips) 
Seat 8: birgit233 ($1.24 in chips) 
Dorex2007: posts small blind $0.01
Tishurov1: posts big blind $0.02
*** HOLE CARDS ***
Dealt to Dorex2007 [2c 6s]
esch777: folds 
Pajkeeee: folds 
Matmes100: folds 
birgit233: raises $0.06 to $0.08
ezbutr: folds 
Dorex2007: folds 
Tishurov1: folds 
Uncalled bet ($0.06) returned to birgit233
birgit233 collected $0.05 from pot
birgit233: doesn't show hand 
*** SUMMARY ***
Total pot $0.05 | Rake $0 
Seat 1: ezbutr (button) folded before Flop (didn't bet)
Seat 2: Dorex2007 (small blind) folded before Flop
Seat 3: Tishurov1 (big blind) folded before Flop
Seat 4: esch777 folded before Flop (didn't bet)
Seat 6: Pajkeeee folded before Flop (didn't bet)
Seat 7: Matmes100 folded before Flop (didn't bet)
Seat 8: birgit233 collected ($0.05)



PokerStars Hand #227075553137:  Hold'em No Limit ($0.01/$0.02 USD) - 2021/05/26 1:56:24 PT [2021/05/26 4:56:24 ET]
Table 'Melanie II' 9-max Seat #2 is the button
Seat 1: ezbutr ($1.98 in chips) 
Seat 2: Dorex2007 ($5.49 in chips) 
Seat 3: Tishurov1 ($0.76 in chips) 
Seat 4: esch777 ($1.56 in chips) 
Seat 6: Pajkeeee ($2 in chips) 
Seat 7: Matmes100 ($2 in chips) 
Seat 8: birgit233 ($1.27 in chips) 
Tishurov1: posts small blind $0.01
esch777: posts big blind $0.02
*** HOLE CARDS ***
Dealt to Dorex2007 [Kh Qs]
Pajkeeee: folds 
Matmes100: folds 
birgit233: folds 
ezbutr: folds 
Dorex2007: raises $0.04 to $0.06
Tishurov1: folds 
esch777: folds 
Uncalled bet ($0.04) returned to Dorex2007
Dorex2007 collected $0.05 from pot
Dorex2007: doesn't show hand 
*** SUMMARY ***
Total pot $0.05 | Rake $0 
Seat 1: ezbutr folded before Flop (didn't bet)
Seat 2: Dorex2007 (button) collected ($0.05)
Seat 3: Tishurov1 (small blind) folded before Flop
Seat 4: esch777 (big blind) folded before Flop
Seat 6: Pajkeeee folded before Flop (didn't bet)
Seat 7: Matmes100 folded before Flop (didn't bet)
Seat 8: birgit233 folded before Flop (didn't bet)



PokerStars Hand #227075555627:  Hold'em No Limit ($0.01/$0.02 USD) - 2021/05/26 1:56:41 PT [2021/05/26 4:56:41 ET]
Table 'Melanie II' 9-max Seat #3 is the button
Seat 1: ezbutr ($1.98 in chips) 
Seat 2: Dorex2007 ($5.52 in chips) 
Seat 3: Tishurov1 ($0.75 in chips) 
Seat 4: esch777 ($1.54 in chips) 
Seat 6: Pajkeeee ($2 in chips) 
Seat 7: Matmes100 ($2 in chips) 
Seat 8: birgit233 ($1.27 in chips) 
esch777: posts small blind $0.01
Pajkeeee: posts big blind $0.02
*** HOLE CARDS ***
Dealt to Dorex2007 [6h 3d]
Matmes100: folds 
birgit233: folds 
ezbutr: folds 
Dorex2007: folds 
Tishurov1: calls $0.02
esch777: folds 
Pajkeeee: checks 
*** FLOP *** [6c 8c 8d]
Pajkeeee: checks 
Tishurov1: checks 
*** TURN *** [6c 8c 8d] [Jd]
Pajkeeee: checks 
Tishurov1: checks 
*** RIVER *** [6c 8c 8d Jd] [6s]
Pajkeeee: bets $0.03
Tishurov1: folds 
Uncalled bet ($0.03) returned to Pajkeeee
Pajkeeee collected $0.05 from pot
Pajkeeee: doesn't show hand 
*** SUMMARY ***
Total pot $0.05 | Rake $0 
Board [6c 8c 8d Jd 6s]
Seat 1: ezbutr folded before Flop (didn't bet)
Seat 2: Dorex2007 folded before Flop (didn't bet)
Seat 3: Tishurov1 (button) folded on the River
Seat 4: esch777 (small blind) folded before Flop
Seat 6: Pajkeeee (big blind) collected ($0.05)
Seat 7: Matmes100 folded before Flop (didn't bet)
Seat 8: birgit233 folded before Flop (didn't bet)



PokerStars Hand #227075560810:  Hold'em No Limit ($0.01/$0.02 USD) - 2021/05/26 1:57:15 PT [2021/05/26 4:57:15 ET]
Table 'Melanie II' 9-max Seat #4 is the button
Seat 1: ezbutr ($1.98 in chips) 
Seat 2: Dorex2007 ($5.52 in chips) 
Seat 3: Tishurov1 ($0.73 in chips) 
Seat 4: esch777 ($1.53 in chips) 
Seat 6: Pajkeeee ($2.03 in chips) 
Seat 7: Matmes100 ($2 in chips) 
Seat 8: birgit233 ($1.27 in chips) 
Pajkeeee: posts small blind $0.01
Matmes100: posts big blind $0.02
*** HOLE CARDS ***
Dealt to Dorex2007 [4h Kc]
birgit233: folds 
ezbutr: raises $0.02 to $0.04
Dorex2007: folds 
Tishurov1: folds 
esch777: folds 
Pajkeeee: calls $0.03
Matmes100: folds 
*** FLOP *** [Qc Ah Ts]
Pajkeeee: bets $0.04
ezbutr: folds 
Uncalled bet ($0.04) returned to Pajkeeee
Pajkeeee collected $0.10 from pot
Pajkeeee: doesn't show hand 
*** SUMMARY ***
Total pot $0.10 | Rake $0 
Board [Qc Ah Ts]
Seat 1: ezbutr folded on the Flop
Seat 2: Dorex2007 folded before Flop (didn't bet)
Seat 3: Tishurov1 folded before Flop (didn't bet)
Seat 4: esch777 (button) folded before Flop (didn't bet)
Seat 6: Pajkeeee (small blind) collected ($0.10)
Seat 7: Matmes100 (big blind) folded before Flop
Seat 8: birgit233 folded before Flop (didn't bet)



PokerStars Hand #227075566324:  Hold'em No Limit ($0.01/$0.02 USD) - 2021/05/26 1:57:52 PT [2021/05/26 4:57:52 ET]
Table 'Melanie II' 9-max Seat #6 is the button
Seat 1: ezbutr ($1.94 in chips) 
Seat 2: Dorex2007 ($5.52 in chips) 
Seat 3: Tishurov1 ($0.73 in chips) 
Seat 4: esch777 ($1.53 in chips) 
Seat 6: Pajkeeee ($2.09 in chips) 
Seat 7: Matmes100 ($2 in chips) 
Seat 8: birgit233 ($1.27 in chips) 
Matmes100: posts small blind $0.01
birgit233: posts big blind $0.02
*** HOLE CARDS ***
Dealt to Dorex2007 [7h Th]
ezbutr: folds 
Dorex2007: folds 
Tishurov1: calls $0.02
esch777: folds 
Pajkeeee: raises $0.06 to $0.08
Matmes100: folds 
birgit233: calls $0.06
Tishurov1: calls $0.06
*** FLOP *** [Td 4c 8s]
birgit233: checks 
Tishurov1: checks 
Pajkeeee: bets $0.10
birgit233: folds 
Tishurov1: calls $0.10
*** TURN *** [Td 4c 8s] [6h]
Tishurov1: checks 
Pajkeeee: bets $0.18
Tishurov1: calls $0.18
*** RIVER *** [Td 4c 8s 6h] [3h]
Tishurov1: checks 
Pajkeeee: bets $0.78
Tishurov1: calls $0.37 and is all-in
Uncalled bet ($0.41) returned to Pajkeeee
*** SHOW DOWN ***
Pajkeeee: shows [Qh Jd] (high card Queen)
Tishurov1: shows [2s 4s] (a pair of Fours)
Tishurov1 collected $1.50 from pot
*** SUMMARY ***
Total pot $1.55 | Rake $0.05 
Board [Td 4c 8s 6h 3h]
Seat 1: ezbutr folded before Flop (didn't bet)
Seat 2: Dorex2007 folded before Flop (didn't bet)
Seat 3: Tishurov1 showed [2s 4s] and won ($1.50) with a pair of Fours
Seat 4: esch777 folded before Flop (didn't bet)
Seat 6: Pajkeeee (button) showed [Qh Jd] and lost with high card Queen
Seat 7: Matmes100 (small blind) folded before Flop
Seat 8: birgit233 (big blind) folded on the Flop



PokerStars Hand #227075582040:  Hold'em No Limit ($0.01/$0.02 USD) - 2021/05/26 1:59:35 PT [2021/05/26 4:59:35 ET]
Table 'Melanie II' 9-max Seat #7 is the button
Seat 1: ezbutr ($1.94 in chips) 
Seat 2: Dorex2007 ($5.52 in chips) 
Seat 3: Tishurov1 ($1.50 in chips) 
Seat 4: esch777 ($1.53 in chips) 
Seat 6: Pajkeeee ($1.36 in chips) 
Seat 7: Matmes100 ($2 in chips) 
Seat 8: birgit233 ($1.19 in chips) 
birgit233: posts small blind $0.01
ezbutr: posts big blind $0.02
*** HOLE CARDS ***
Dealt to Dorex2007 [8d 6s]
Dorex2007: folds 
Tishurov1: calls $0.02
esch777: raises $0.04 to $0.06
Pajkeeee: folds 
Matmes100: folds 
birgit233: folds 
ezbutr: folds 
Tishurov1: calls $0.04
*** FLOP *** [5h 6h Ah]
Tishurov1: checks 
esch777: checks 
*** TURN *** [5h 6h Ah] [3d]
Tishurov1: bets $1.44 and is all-in
esch777: folds 
Uncalled bet ($1.44) returned to Tishurov1
Tishurov1 collected $0.14 from pot
*** SUMMARY ***
Total pot $0.15 | Rake $0.01 
Board [5h 6h Ah 3d]
Seat 1: ezbutr (big blind) folded before Flop
Seat 2: Dorex2007 folded before Flop (didn't bet)
Seat 3: Tishurov1 collected ($0.14)
Seat 4: esch777 folded on the Turn
Seat 6: Pajkeeee folded before Flop (didn't bet)
Seat 7: Matmes100 (button) folded before Flop (didn't bet)
Seat 8: birgit233 (small blind) folded before Flop



PokerStars Hand #227075588064:  Hold'em No Limit ($0.01/$0.02 USD) - 2021/05/26 2:00:15 PT [2021/05/26 5:00:15 ET]
Table 'Melanie II' 9-max Seat #8 is the button
Seat 1: ezbutr ($1.92 in chips) 
Seat 2: Dorex2007 ($5.52 in chips) 
Seat 3: Tishurov1 ($1.58 in chips) 
Seat 4: esch777 ($1.47 in chips) 
Seat 6: Pajkeeee ($2 in chips) 
Seat 7: Matmes100 ($2 in chips) 
Seat 8: birgit233 ($1.18 in chips) 
ezbutr: posts small blind $0.01
Dorex2007: posts big blind $0.02
*** HOLE CARDS ***
Dealt to Dorex2007 [Tc Js]
Tishurov1: calls $0.02
esch777: folds 
Pajkeeee: folds 
Matmes100: folds 
birgit233: folds 
ezbutr: folds 
Dorex2007: checks 
*** FLOP *** [6d Ad Qh]
Dorex2007: checks 
Tishurov1: checks 
*** TURN *** [6d Ad Qh] [3c]
Dorex2007: checks 
Tishurov1: checks 
*** RIVER *** [6d Ad Qh 3c] [7d]
Dorex2007: bets $0.05
Tishurov1: calls $0.05
*** SHOW DOWN ***
Dorex2007: shows [Tc Js] (high card Ace)
Tishurov1: shows [Jd Jc] (a pair of Jacks)
Tishurov1 collected $0.14 from pot
*** SUMMARY ***
Total pot $0.15 | Rake $0.01 
Board [6d Ad Qh 3c 7d]
Seat 1: ezbutr (small blind) folded before Flop
Seat 2: Dorex2007 (big blind) showed [Tc Js] and lost with high card Ace
Seat 3: Tishurov1 showed [Jd Jc] and won ($0.14) with a pair of Jacks
Seat 4: esch777 folded before Flop (didn't bet)
Seat 6: Pajkeeee folded before Flop (didn't bet)
Seat 7: Matmes100 folded before Flop (didn't bet)
Seat 8: birgit233 (button) folded before Flop (didn't bet)



PokerStars Hand #227075595312:  Hold'em No Limit ($0.01/$0.02 USD) - 2021/05/26 2:00:58 PT [2021/05/26 5:00:58 ET]
Table 'Melanie II' 9-max Seat #1 is the button
Seat 1: ezbutr ($1.91 in chips) 
Seat 2: Dorex2007 ($5.45 in chips) 
Seat 3: Tishurov1 ($1.65 in chips) 
Seat 4: esch777 ($1.47 in chips) 
Seat 6: Pajkeeee ($2 in chips) 
Seat 7: Matmes100 ($2 in chips) 
Seat 8: birgit233 ($1.18 in chips) 
Dorex2007: posts small blind $0.01
Tishurov1: posts big blind $0.02
*** HOLE CARDS ***
Dealt to Dorex2007 [9d 2s]
esch777: folds 
Pajkeeee: folds 
Matmes100: folds 
birgit233: raises $0.06 to $0.08
ezbutr: folds 
Dorex2007: folds 
Tishurov1: calls $0.06
*** FLOP *** [4h 2d 6s]
Tishurov1: checks 
birgit233: checks 
*** TURN *** [4h 2d 6s] [Jh]
Tishurov1: checks 
birgit233: checks 
*** RIVER *** [4h 2d 6s Jh] [4c]
erema80 leaves the table
Tishurov1: checks 
birgit233: checks 
*** SHOW DOWN ***
Tishurov1: shows [Ac Th] (a pair of Fours)
birgit233: mucks hand 
Tishurov1 collected $0.16 from pot
*** SUMMARY ***
Total pot $0.17 | Rake $0.01 
Board [4h 2d 6s Jh 4c]
Seat 1: ezbutr (button) folded before Flop (didn't bet)
Seat 2: Dorex2007 (small blind) folded before Flop
Seat 3: Tishurov1 (big blind) showed [Ac Th] and won ($0.16) with a pair of Fours
Seat 4: esch777 folded before Flop (didn't bet)
Seat 6: Pajkeeee folded before Flop (didn't bet)
Seat 7: Matmes100 folded before Flop (didn't bet)
Seat 8: birgit233 mucked [Td Kc]



PokerStars Hand #227075602136:  Hold'em No Limit ($0.01/$0.02 USD) - 2021/05/26 2:01:35 PT [2021/05/26 5:01:35 ET]
Table 'Melanie II' 9-max Seat #2 is the button
Seat 1: ezbutr ($1.91 in chips) 
Seat 2: Dorex2007 ($5.44 in chips) 
Seat 3: Tishurov1 ($1.73 in chips) 
Seat 4: esch777 ($1.47 in chips) 
Seat 6: Pajkeeee ($2 in chips) 
Seat 7: Matmes100 ($2 in chips) 
Seat 8: birgit233 ($1.10 in chips) 
Tishurov1: posts small blind $0.01
esch777: posts big blind $0.02
*** HOLE CARDS ***
Dealt to Dorex2007 [7h Kc]
Pajkeeee: raises $0.04 to $0.06
Matmes100: folds 
birgit233: folds 
ezbutr: calls $0.06
Dorex2007: folds 
Mikhail754 joins the table at seat #5 
Tishurov1: calls $0.05
esch777: folds 
*** FLOP *** [5s 4c 2h]
Tishurov1: checks 
Pajkeeee: bets $0.12
ezbutr: folds 
Tishurov1: calls $0.12
*** TURN *** [5s 4c 2h] [9d]
Tishurov1: checks 
Pajkeeee: bets $0.24
Tishurov1: calls $0.24
*** RIVER *** [5s 4c 2h 9d] [7c]
Tishurov1: checks 
Pajkeeee: bets $0.68
Tishurov1: calls $0.68
*** SHOW DOWN ***
Pajkeeee: shows [Qd Qh] (a pair of Queens)
Tishurov1: mucks hand 
Pajkeeee collected $2.20 from pot
*** SUMMARY ***
Total pot $2.28 | Rake $0.08 
Board [5s 4c 2h 9d 7c]
Seat 1: ezbutr folded on the Flop
Seat 2: Dorex2007 (button) folded before Flop (didn't bet)
Seat 3: Tishurov1 (small blind) mucked [5h Js]
Seat 4: esch777 (big blind) folded before Flop
Seat 6: Pajkeeee showed [Qd Qh] and won ($2.20) with a pair of Queens
Seat 7: Matmes100 folded before Flop (didn't bet)
Seat 8: birgit233 folded before Flop (didn't bet)



PokerStars Hand #227075620628:  Hold'em No Limit ($0.01/$0.02 USD) - 2021/05/26 2:03:16 PT [2021/05/26 5:03:16 ET]
Table 'Melanie II' 9-max Seat #3 is the button
Seat 1: ezbutr ($1.85 in chips) 
Seat 2: Dorex2007 ($5.44 in chips) 
Seat 3: Tishurov1 ($0.63 in chips) 
Seat 4: esch777 ($1.45 in chips) 
Seat 5: Mikhail754 ($1.15 in chips) 
Seat 6: Pajkeeee ($3.10 in chips) 
Seat 7: Matmes100 ($2 in chips) 
Seat 8: birgit233 ($1.10 in chips) 
esch777: posts small blind $0.01
Mikhail754: posts big blind $0.02
*** HOLE CARDS ***
Dealt to Dorex2007 [2h 3s]
Pajkeeee: folds 
Matmes100: folds 
birgit233: folds 
ezbutr has timed out
ezbutr: folds 
Dorex2007: folds 
birgit233 leaves the table
Tishurov1: calls $0.02
esch777: folds 
Mikhail754: checks 
*** FLOP *** [Js 2s 2d]
Mikhail754: checks 
Tishurov1: checks 
*** TURN *** [Js 2s 2d] [2c]
Mikhail754: checks 
Tishurov1: checks 
*** RIVER *** [Js 2s 2d 2c] [9s]
Mikhail754: checks 
Tishurov1: bets $0.05
Mikhail754: folds 
Uncalled bet ($0.05) returned to Tishurov1
tokyojoe90 joins the table at seat #8 
Tishurov1 collected $0.05 from pot
*** SUMMARY ***
Total pot $0.05 | Rake $0 
Board [Js 2s 2d 2c 9s]
Seat 1: ezbutr folded before Flop (didn't bet)
Seat 2: Dorex2007 folded before Flop (didn't bet)
Seat 3: Tishurov1 (button) collected ($0.05)
Seat 4: esch777 (small blind) folded before Flop
Seat 5: Mikhail754 (big blind) folded on the River
Seat 6: Pajkeeee folded before Flop (didn't bet)
Seat 7: Matmes100 folded before Flop (didn't bet)
Seat 8: birgit233 folded before Flop (didn't bet)



PokerStars Hand #227075629421:  Hold'em No Limit ($0.01/$0.02 USD) - 2021/05/26 2:04:05 PT [2021/05/26 5:04:05 ET]
Table 'Melanie II' 9-max Seat #4 is the button
Seat 2: Dorex2007 ($5.44 in chips) 
Seat 3: Tishurov1 ($0.66 in chips) 
Seat 4: esch777 ($1.44 in chips) 
Seat 5: Mikhail754 ($1.13 in chips) 
Seat 6: Pajkeeee ($3.10 in chips) 
Seat 7: Matmes100 ($2 in chips) 
Mikhail754: posts small blind $0.01
Pajkeeee: posts big blind $0.02
tokyojoe90: sits out 
*** HOLE CARDS ***
Dealt to Dorex2007 [3c 7s]
Matmes100: folds 
Dorex2007: folds 
Tishurov1: raises $0.08 to $0.10
esch777: folds 
Mikhail754: folds 
Pajkeeee: folds 
Uncalled bet ($0.08) returned to Tishurov1
Tishurov1 collected $0.05 from pot
*** SUMMARY ***
Total pot $0.05 | Rake $0 
Seat 2: Dorex2007 folded before Flop (didn't bet)
Seat 3: Tishurov1 collected ($0.05)
Seat 4: esch777 (button) folded before Flop (didn't bet)
Seat 5: Mikhail754 (small blind) folded before Flop
Seat 6: Pajkeeee (big blind) folded before Flop
Seat 7: Matmes100 folded before Flop (didn't bet)



PokerStars Hand #227075634287:  Hold'em No Limit ($0.01/$0.02 USD) - 2021/05/26 2:04:31 PT [2021/05/26 5:04:31 ET]
Table 'Melanie II' 9-max Seat #5 is the button
Seat 2: Dorex2007 ($5.44 in chips) 
Seat 3: Tishurov1 ($0.69 in chips) 
Seat 4: esch777 ($1.44 in chips) 
Seat 5: Mikhail754 ($1.12 in chips) 
Seat 6: Pajkeeee ($3.08 in chips) 
Seat 7: Matmes100 ($2 in chips) 
Pajkeeee: posts small blind $0.01
Matmes100: posts big blind $0.02
tokyojoe90: sits out 
*** HOLE CARDS ***
Dealt to Dorex2007 [5h Qc]
Dorex2007: folds 
Tishurov1: calls $0.02
esch777: folds 
Mikhail754: folds 
Pajkeeee: calls $0.01
Matmes100: checks 
*** FLOP *** [Td Kc 8c]
Pajkeeee: checks 
Matmes100: checks 
Tishurov1: checks 
*** TURN *** [Td Kc 8c] [3s]
Pajkeeee: checks 
Matmes100: checks 
Tishurov1: checks 
*** RIVER *** [Td Kc 8c 3s] [2c]
Pajkeeee: checks 
Matmes100: checks 
Tishurov1: checks 
*** SHOW DOWN ***
Pajkeeee: shows [7s 9s] (high card King)
Matmes100: shows [9c Qh] (high card King - Queen kicker)
Tishurov1: shows [7d Ac] (high card Ace)
Tishurov1 collected $0.06 from pot
*** SUMMARY ***
Total pot $0.06 | Rake $0 
Board [Td Kc 8c 3s 2c]
Seat 2: Dorex2007 folded before Flop (didn't bet)
Seat 3: Tishurov1 showed [7d Ac] and won ($0.06) with high card Ace
Seat 4: esch777 folded before Flop (didn't bet)
Seat 5: Mikhail754 (button) folded before Flop (didn't bet)
Seat 6: Pajkeeee (small blind) showed [7s 9s] and lost with high card King
Seat 7: Matmes100 (big blind) showed [9c Qh] and lost with high card King



PokerStars Hand #227075641886:  Hold'em No Limit ($0.01/$0.02 USD) - 2021/05/26 2:05:11 PT [2021/05/26 5:05:11 ET]
Table 'Melanie II' 9-max Seat #6 is the button
Seat 2: Dorex2007 ($5.44 in chips) 
Seat 3: Tishurov1 ($0.73 in chips) 
Seat 4: esch777 ($1.44 in chips) 
Seat 5: Mikhail754 ($1.12 in chips) 
Seat 6: Pajkeeee ($3.06 in chips) 
Seat 7: Matmes100 ($2 in chips) 
Seat 8: tokyojoe90 ($0.80 in chips) 
Matmes100: posts small blind $0.01
tokyojoe90: posts big blind $0.02
*** HOLE CARDS ***
Dealt to Dorex2007 [9h 5s]
Dorex2007: folds 
Tishurov1: folds 
esch777: folds 
Mikhail754: folds 
Pajkeeee: raises $0.04 to $0.06
Matmes100: folds 
tokyojoe90: calls $0.04
*** FLOP *** [Qs Kd 4d]
tokyojoe90: checks 
Pajkeeee: bets $0.05
tokyojoe90: folds 
Uncalled bet ($0.05) returned to Pajkeeee
Pajkeeee collected $0.13 from pot
Pajkeeee: doesn't show hand 
*** SUMMARY ***
Total pot $0.13 | Rake $0 
Board [Qs Kd 4d]
Seat 2: Dorex2007 folded before Flop (didn't bet)
Seat 3: Tishurov1 folded before Flop (didn't bet)
Seat 4: esch777 folded before Flop (didn't bet)
Seat 5: Mikhail754 folded before Flop (didn't bet)
Seat 6: Pajkeeee (button) collected ($0.13)
Seat 7: Matmes100 (small blind) folded before Flop
Seat 8: tokyojoe90 (big blind) folded on the Flop



PokerStars Hand #227075648050:  Hold'em No Limit ($0.01/$0.02 USD) - 2021/05/26 2:05:45 PT [2021/05/26 5:05:45 ET]
Table 'Melanie II' 9-max Seat #7 is the button
Seat 2: Dorex2007 ($5.44 in chips) 
Seat 3: Tishurov1 ($0.73 in chips) 
Seat 4: esch777 ($1.44 in chips) 
Seat 5: Mikhail754 ($1.12 in chips) 
Seat 6: Pajkeeee ($3.13 in chips) 
Seat 7: Matmes100 ($2 in chips) 
Seat 8: tokyojoe90 ($0.74 in chips) 
tokyojoe90: posts small blind $0.01
Dorex2007: posts big blind $0.02
*** HOLE CARDS ***
Dealt to Dorex2007 [Kc Qs]
Tishurov1: calls $0.02
esch777: folds 
Mikhail754: folds 
Pajkeeee: folds 
Matmes100: folds 
tokyojoe90: folds 
Dorex2007: raises $0.04 to $0.06
Tishurov1: calls $0.04
*** FLOP *** [8c 9c 3h]
Dorex2007: bets $0.07
Tishurov1: folds 
Uncalled bet ($0.07) returned to Dorex2007
Dorex2007 collected $0.13 from pot
dirtyolman leaves the table
Dorex2007: doesn't show hand 
*** SUMMARY ***
Total pot $0.13 | Rake $0 
Board [8c 9c 3h]
Seat 2: Dorex2007 (big blind) collected ($0.13)
Seat 3: Tishurov1 folded on the Flop
Seat 4: esch777 folded before Flop (didn't bet)
Seat 5: Mikhail754 folded before Flop (didn't bet)
Seat 6: Pajkeeee folded before Flop (didn't bet)
Seat 7: Matmes100 (button) folded before Flop (didn't bet)
Seat 8: tokyojoe90 (small blind) folded before Flop



PokerStars Hand #227075652839:  Hold'em No Limit ($0.01/$0.02 USD) - 2021/05/26 2:06:11 PT [2021/05/26 5:06:11 ET]
Table 'Melanie II' 9-max Seat #8 is the button
Seat 2: Dorex2007 ($5.51 in chips) 
Seat 3: Tishurov1 ($0.67 in chips) 
Seat 4: esch777 ($1.44 in chips) 
Seat 5: Mikhail754 ($1.12 in chips) 
Seat 6: Pajkeeee ($3.13 in chips) 
Seat 7: Matmes100 ($2 in chips) 
Seat 8: tokyojoe90 ($0.73 in chips) 
Dorex2007: posts small blind $0.01
Tishurov1: posts big blind $0.02
*** HOLE CARDS ***
Dealt to Dorex2007 [Kc 7s]
esch777: folds 
Mikhail754: folds 
Pajkeeee: folds 
saneti joins the table at seat #9 
Matmes100: folds 
tokyojoe90: raises $0.02 to $0.04
Dorex2007: folds 
Tishurov1: calls $0.02
*** FLOP *** [6d 7h 2d]
Tishurov1: bets $0.09
tokyojoe90: folds 
Uncalled bet ($0.09) returned to Tishurov1
Tishurov1 collected $0.09 from pot
*** SUMMARY ***
Total pot $0.09 | Rake $0 
Board [6d 7h 2d]
Seat 2: Dorex2007 (small blind) folded before Flop
Seat 3: Tishurov1 (big blind) collected ($0.09)
Seat 4: esch777 folded before Flop (didn't bet)
Seat 5: Mikhail754 folded before Flop (didn't bet)
Seat 6: Pajkeeee folded before Flop (didn't bet)
Seat 7: Matmes100 folded before Flop (didn't bet)
Seat 8: tokyojoe90 (button) folded on the Flop



PokerStars Hand #227075660408:  Hold'em No Limit ($0.01/$0.02 USD) - 2021/05/26 2:06:52 PT [2021/05/26 5:06:52 ET]
Table 'Melanie II' 9-max Seat #2 is the button
Seat 2: Dorex2007 ($5.50 in chips) 
Seat 3: Tishurov1 ($0.72 in chips) 
Seat 4: esch777 ($1.44 in chips) 
Seat 5: Mikhail754 ($1.12 in chips) 
Seat 6: Pajkeeee ($3.13 in chips) 
Seat 7: Matmes100 ($2 in chips) 
Seat 8: tokyojoe90 ($0.69 in chips) 
Seat 9: saneti ($1.60 in chips) 
Tishurov1: posts small blind $0.01
esch777: posts big blind $0.02
saneti: posts big blind $0.02
*** HOLE CARDS ***
Dealt to Dorex2007 [Kd 9h]
Mikhail754: folds 
Pajkeeee: folds 
Matmes100: folds 
tokyojoe90: folds 
saneti: raises $0.05 to $0.07
Dorex2007: folds 
Tishurov1: calls $0.06
esch777: folds 
*** FLOP *** [4h Qs 4d]
Tishurov1: checks 
saneti: bets $0.14
Tishurov1: folds 
Uncalled bet ($0.14) returned to saneti
saneti collected $0.15 from pot
saneti: doesn't show hand 
*** SUMMARY ***
Total pot $0.16 | Rake $0.01 
Board [4h Qs 4d]
Seat 2: Dorex2007 (button) folded before Flop (didn't bet)
Seat 3: Tishurov1 (small blind) folded on the Flop
Seat 4: esch777 (big blind) folded before Flop
Seat 5: Mikhail754 folded before Flop (didn't bet)
Seat 6: Pajkeeee folded before Flop (didn't bet)
Seat 7: Matmes100 folded before Flop (didn't bet)
Seat 8: tokyojoe90 folded before Flop (didn't bet)
Seat 9: saneti collected ($0.15)



PokerStars Hand #227075667278:  Hold'em No Limit ($0.01/$0.02 USD) - 2021/05/26 2:07:28 PT [2021/05/26 5:07:28 ET]
Table 'Melanie II' 9-max Seat #3 is the button
Seat 2: Dorex2007 ($5.50 in chips) 
Seat 3: Tishurov1 ($0.65 in chips) 
Seat 4: esch777 ($1.42 in chips) 
Seat 5: Mikhail754 ($1.12 in chips) 
Seat 6: Pajkeeee ($3.13 in chips) 
Seat 7: Matmes100 ($2 in chips) 
Seat 8: tokyojoe90 ($0.69 in chips) 
Seat 9: saneti ($1.68 in chips) 
esch777: posts small blind $0.01
Mikhail754: posts big blind $0.02
*** HOLE CARDS ***
Dealt to Dorex2007 [Jh 8s]
Pajkeeee: folds 
Matmes100: folds 
tokyojoe90: folds 
saneti: raises $0.02 to $0.04
Dorex2007: folds 
Tishurov1: calls $0.04
esch777: folds 
Mikhail754: calls $0.02
*** FLOP *** [2c 4s Jd]
Mikhail754: checks 
saneti: checks 
Tishurov1: bets $0.13
Mikhail754: folds 
saneti: raises $0.17 to $0.30
Tishurov1: raises $0.31 to $0.61 and is all-in
saneti: calls $0.31
*** TURN *** [2c 4s Jd] [8c]
*** RIVER *** [2c 4s Jd 8c] [Qh]
*** SHOW DOWN ***
saneti: shows [Js 9c] (a pair of Jacks)
Tishurov1: shows [4c Kd] (a pair of Fours)
saneti collected $1.30 from pot
*** SUMMARY ***
Total pot $1.35 | Rake $0.05 
Board [2c 4s Jd 8c Qh]
Seat 2: Dorex2007 folded before Flop (didn't bet)
Seat 3: Tishurov1 (button) showed [4c Kd] and lost with a pair of Fours
Seat 4: esch777 (small blind) folded before Flop
Seat 5: Mikhail754 (big blind) folded on the Flop
Seat 6: Pajkeeee folded before Flop (didn't bet)
Seat 7: Matmes100 folded before Flop (didn't bet)
Seat 8: tokyojoe90 folded before Flop (didn't bet)
Seat 9: saneti showed [Js 9c] and won ($1.30) with a pair of Jacks



PokerStars Hand #227075678353:  Hold'em No Limit ($0.01/$0.02 USD) - 2021/05/26 2:08:28 PT [2021/05/26 5:08:28 ET]
Table 'Melanie II' 9-max Seat #4 is the button
Seat 2: Dorex2007 ($5.50 in chips) 
Seat 4: esch777 ($1.41 in chips) 
Seat 5: Mikhail754 ($1.08 in chips) 
Seat 6: Pajkeeee ($3.13 in chips) 
Seat 7: Matmes100 ($2 in chips) 
Seat 8: tokyojoe90 ($0.69 in chips) 
Seat 9: saneti ($2.33 in chips) 
Mikhail754: posts small blind $0.01
Pajkeeee: posts big blind $0.02
*** HOLE CARDS ***
Dealt to Dorex2007 [2s As]
Matmes100: folds 
tokyojoe90: calls $0.02
saneti: calls $0.02
Dorex2007: calls $0.02
esch777: folds 
Mikhail754: folds 
Pajkeeee: checks 
*** FLOP *** [4c 6c Kd]
Pajkeeee: checks 
tokyojoe90: checks 
saneti: checks 
Dorex2007: checks 
*** TURN *** [4c 6c Kd] [Td]
Pajkeeee: checks 
tokyojoe90: checks 
saneti: bets $0.07
Dorex2007: folds 
Pajkeeee: folds 
tokyojoe90: folds 
Uncalled bet ($0.07) returned to saneti
saneti collected $0.09 from pot
saneti: doesn't show hand 
*** SUMMARY ***
Total pot $0.09 | Rake $0 
Board [4c 6c Kd Td]
Seat 2: Dorex2007 folded on the Turn
Seat 4: esch777 (button) folded before Flop (didn't bet)
Seat 5: Mikhail754 (small blind) folded before Flop
Seat 6: Pajkeeee (big blind) folded on the Turn
Seat 7: Matmes100 folded before Flop (didn't bet)
Seat 8: tokyojoe90 folded on the Turn
Seat 9: saneti collected ($0.09)



PokerStars Hand #227075688518:  Hold'em No Limit ($0.01/$0.02 USD) - 2021/05/26 2:09:22 PT [2021/05/26 5:09:22 ET]
Table 'Melanie II' 9-max Seat #5 is the button
Seat 2: Dorex2007 ($5.48 in chips) 
Seat 3: Tishurov1 ($0.80 in chips) 
Seat 4: esch777 ($1.41 in chips) 
Seat 5: Mikhail754 ($1.07 in chips) 
Seat 6: Pajkeeee ($3.11 in chips) 
Seat 7: Matmes100 ($2 in chips) 
Seat 8: tokyojoe90 ($0.67 in chips) 
Seat 9: saneti ($2.40 in chips) 
Pajkeeee: posts small blind $0.01
Matmes100: posts big blind $0.02
*** HOLE CARDS ***
Dealt to Dorex2007 [6s Qh]
tokyojoe90: folds 
saneti: folds 
Dorex2007: folds 
Tishurov1: calls $0.02
esch777: folds 
Mikhail754: calls $0.02
Pajkeeee: calls $0.01
Matmes100: checks 
*** FLOP *** [Ad 5s 3s]
Pajkeeee: checks 
Matmes100: checks 
Tishurov1: bets $0.08
Mikhail754: folds 
Pajkeeee: calls $0.08
Matmes100: folds 
*** TURN *** [Ad 5s 3s] [Td]
Pajkeeee: checks 
Tishurov1: bets $0.23
Pajkeeee: folds 
Uncalled bet ($0.23) returned to Tishurov1
Tishurov1 collected $0.23 from pot
*** SUMMARY ***
Total pot $0.24 | Rake $0.01 
Board [Ad 5s 3s Td]
Seat 2: Dorex2007 folded before Flop (didn't bet)
Seat 3: Tishurov1 collected ($0.23)
Seat 4: esch777 folded before Flop (didn't bet)
Seat 5: Mikhail754 (button) folded on the Flop
Seat 6: Pajkeeee (small blind) folded on the Turn
Seat 7: Matmes100 (big blind) folded on the Flop
Seat 8: tokyojoe90 folded before Flop (didn't bet)
Seat 9: saneti folded before Flop (didn't bet)



