PokerStars Hand #224013606241:  Hold'em No Limit ($0.01/$0.02 USD) - 2021/02/19 21:00:09 PT [2021/02/20 0:00:09 ET]
Table 'Leukothea VI' 9-max Seat #5 is the button
Seat 2: sauks21 ($3.65 in chips) 
Seat 4: Dorex2007 ($6.46 in chips) 
Seat 5: Sal0kcin ($1.19 in chips) 
Seat 6: LuckyQQt ($1.58 in chips) 
Seat 7: Krokus2864 ($2.06 in chips) 
Seat 8: infestable ($1.69 in chips) 
sauks21 said, "Some country is Russian from the table"
LuckyQQt: posts small blind $0.01
Krokus2864: posts big blind $0.02
*** HOLE CARDS ***
Dealt to Dorex2007 [Qd 5s]
infestable: folds 
sauks21: calls $0.02
Dorex2007: folds 
Sal0kcin: folds 
LuckyQQt: folds 
Krokus2864: checks 
*** FLOP *** [8s 7d 8c]
Krokus2864: checks 
sauks21: bets $0.02
Krokus2864: calls $0.02
*** TURN *** [8s 7d 8c] [3h]
Krokus2864: checks 
infestable leaves the table
sauks21: checks 
*** RIVER *** [8s 7d 8c 3h] [Jc]
Krokus2864: checks 
sauks21: checks 
*** SHOW DOWN ***
Krokus2864: shows [Qc Ac] (a pair of Eights)
Dorex2007 said, "it's either the early morning crew, or the late night too drunk to see group"
sauks21: mucks hand 
Krokus2864 collected $0.09 from pot
*** SUMMARY ***
Total pot $0.09 | Rake $0 
Board [8s 7d 8c 3h Jc]
Seat 2: sauks21 mucked [Ks 6s]
Seat 4: Dorex2007 folded before Flop (didn't bet)
Seat 5: Sal0kcin (button) folded before Flop (didn't bet)
Seat 6: LuckyQQt (small blind) folded before Flop
Seat 7: Krokus2864 (big blind) showed [Qc Ac] and won ($0.09) with a pair of Eights
Seat 8: infestable folded before Flop (didn't bet)



PokerStars Hand #224013615732:  Hold'em No Limit ($0.01/$0.02 USD) - 2021/02/19 21:00:47 PT [2021/02/20 0:00:47 ET]
Table 'Leukothea VI' 9-max Seat #6 is the button
Seat 2: sauks21 ($3.61 in chips) 
Seat 4: Dorex2007 ($6.46 in chips) 
Seat 5: Sal0kcin ($1.19 in chips) 
Seat 6: LuckyQQt ($1.57 in chips) 
Seat 7: Krokus2864 ($2.11 in chips) 
Krokus2864: posts small blind $0.01
sauks21: posts big blind $0.02
*** HOLE CARDS ***
Dealt to Dorex2007 [Ah 8s]
Dorex2007: folds 
Sal0kcin: folds 
LuckyQQt: folds 
Krokus2864: folds 
Uncalled bet ($0.01) returned to sauks21
sauks21 collected $0.02 from pot
sauks21: doesn't show hand 
*** SUMMARY ***
Total pot $0.02 | Rake $0 
Seat 2: sauks21 (big blind) collected ($0.02)
Seat 4: Dorex2007 folded before Flop (didn't bet)
Seat 5: Sal0kcin folded before Flop (didn't bet)
Seat 6: LuckyQQt (button) folded before Flop (didn't bet)
Seat 7: Krokus2864 (small blind) folded before Flop



PokerStars Hand #224013618380:  Hold'em No Limit ($0.01/$0.02 USD) - 2021/02/19 21:00:57 PT [2021/02/20 0:00:57 ET]
Table 'Leukothea VI' 9-max Seat #7 is the button
Seat 2: sauks21 ($3.62 in chips) 
Seat 3: kusto1488 ($2.18 in chips) 
Seat 4: Dorex2007 ($6.46 in chips) 
Seat 5: Sal0kcin ($1.19 in chips) 
Seat 6: LuckyQQt ($1.57 in chips) 
Seat 7: Krokus2864 ($2.10 in chips) 
sauks21: posts small blind $0.01
kusto1488: posts big blind $0.02
*** HOLE CARDS ***
Dealt to Dorex2007 [2h 3c]
Dorex2007: folds 
Sal0kcin: calls $0.02
LuckyQQt: calls $0.02
Krokus2864: folds 
sauks21: calls $0.01
kusto1488: checks 
*** FLOP *** [Ah 2d 8d]
sauks21: bets $0.02
kusto1488: folds 
Sal0kcin: calls $0.02
LuckyQQt: folds 
*** TURN *** [Ah 2d 8d] [3d]
sauks21: bets $0.02
Sal0kcin: raises $0.08 to $0.10
sauks21: raises $0.08 to $0.18
Sal0kcin: calls $0.08
*** RIVER *** [Ah 2d 8d 3d] [5c]
sauks21: bets $3.40 and is all-in
Sal0kcin: folds 
Uncalled bet ($3.40) returned to sauks21
sauks21 collected $0.46 from pot
sauks21: doesn't show hand 
*** SUMMARY ***
Total pot $0.48 | Rake $0.02 
Board [Ah 2d 8d 3d 5c]
Seat 2: sauks21 (small blind) collected ($0.46)
Seat 3: kusto1488 (big blind) folded on the Flop
Seat 4: Dorex2007 folded before Flop (didn't bet)
Seat 5: Sal0kcin folded on the River
Seat 6: LuckyQQt folded on the Flop
Seat 7: Krokus2864 (button) folded before Flop (didn't bet)



PokerStars Hand #224013632924:  Hold'em No Limit ($0.01/$0.02 USD) - 2021/02/19 21:01:52 PT [2021/02/20 0:01:52 ET]
Table 'Leukothea VI' 9-max Seat #2 is the button
Seat 2: sauks21 ($3.86 in chips) 
Seat 3: kusto1488 ($2.16 in chips) 
Seat 4: Dorex2007 ($6.46 in chips) 
Seat 5: Sal0kcin ($0.97 in chips) 
Seat 6: LuckyQQt ($2 in chips) 
Seat 7: Krokus2864 ($2.10 in chips) 
kusto1488: posts small blind $0.01
Dorex2007: posts big blind $0.02
*** HOLE CARDS ***
Dealt to Dorex2007 [3c 5h]
Sal0kcin: folds 
LuckyQQt: calls $0.02
Krokus2864: folds 
sauks21: raises $0.04 to $0.06
kusto1488: folds 
Dorex2007: folds 
LuckyQQt: calls $0.04
*** FLOP *** [Ad 2s Qd]
sauks21 said, "Haha. Too bad they dont got E with poutin"
LuckyQQt: checks 
sauks21: bets $0.14
LuckyQQt: folds 
Uncalled bet ($0.14) returned to sauks21
sauks21 collected $0.14 from pot
sauks21: doesn't show hand 
*** SUMMARY ***
Total pot $0.15 | Rake $0.01 
Board [Ad 2s Qd]
Seat 2: sauks21 (button) collected ($0.14)
Seat 3: kusto1488 (small blind) folded before Flop
Seat 4: Dorex2007 (big blind) folded before Flop
Seat 5: Sal0kcin folded before Flop (didn't bet)
Seat 6: LuckyQQt folded on the Flop
Seat 7: Krokus2864 folded before Flop (didn't bet)



PokerStars Hand #224013641624:  Hold'em No Limit ($0.01/$0.02 USD) - 2021/02/19 21:02:25 PT [2021/02/20 0:02:25 ET]
Table 'Leukothea VI' 9-max Seat #3 is the button
Seat 2: sauks21 ($3.94 in chips) 
Seat 3: kusto1488 ($2.15 in chips) 
Seat 4: Dorex2007 ($6.44 in chips) 
Seat 5: Sal0kcin ($0.97 in chips) 
Seat 6: LuckyQQt ($1.94 in chips) 
Seat 7: Krokus2864 ($2.10 in chips) 
Dorex2007: posts small blind $0.01
Sal0kcin: posts big blind $0.02
*** HOLE CARDS ***
Dealt to Dorex2007 [7h Ac]
LuckyQQt: calls $0.02
Krokus2864: calls $0.02
sauks21: folds 
kusto1488: folds 
Dorex2007: folds 
Sal0kcin: checks 
*** FLOP *** [Ts Tc 2s]
Sal0kcin: checks 
sauks21 said, "First pocket pair too awe shucks "
LuckyQQt: checks 
Krokus2864: bets $0.07
sauks21 said, "What the.. again??!"
Sal0kcin: folds 
LuckyQQt: folds 
Uncalled bet ($0.07) returned to Krokus2864
Krokus2864 collected $0.07 from pot
*** SUMMARY ***
Total pot $0.07 | Rake $0 
Board [Ts Tc 2s]
Seat 2: sauks21 folded before Flop (didn't bet)
Seat 3: kusto1488 (button) folded before Flop (didn't bet)
Seat 4: Dorex2007 (small blind) folded before Flop
Seat 5: Sal0kcin (big blind) folded on the Flop
Seat 6: LuckyQQt folded on the Flop
Seat 7: Krokus2864 collected ($0.07)



PokerStars Hand #224013652138:  Hold'em No Limit ($0.01/$0.02 USD) - 2021/02/19 21:03:03 PT [2021/02/20 0:03:03 ET]
Table 'Leukothea VI' 9-max Seat #4 is the button
Seat 2: sauks21 ($3.94 in chips) 
Seat 3: kusto1488 ($2.15 in chips) 
Seat 4: Dorex2007 ($6.43 in chips) 
Seat 5: Sal0kcin ($0.95 in chips) 
Seat 6: LuckyQQt ($1.92 in chips) 
Seat 7: Krokus2864 ($2.15 in chips) 
Sal0kcin: posts small blind $0.01
LuckyQQt: posts big blind $0.02
*** HOLE CARDS ***
Dealt to Dorex2007 [6s Ac]
Krokus2864: folds 
sauks21: raises $0.04 to $0.06
kusto1488: folds 
Dorex2007: folds 
sauks21 said, "Deuces"
Sal0kcin: raises $0.04 to $0.10
LuckyQQt: folds 
sauks21: raises $3.84 to $3.94 and is all-in
Sal0kcin: folds 
Uncalled bet ($3.84) returned to sauks21
sauks21 collected $0.22 from pot
sauks21: doesn't show hand 
*** SUMMARY ***
Total pot $0.22 | Rake $0 
Seat 2: sauks21 collected ($0.22)
Seat 3: kusto1488 folded before Flop (didn't bet)
Seat 4: Dorex2007 (button) folded before Flop (didn't bet)
Seat 5: Sal0kcin (small blind) folded before Flop
Seat 6: LuckyQQt (big blind) folded before Flop
Seat 7: Krokus2864 folded before Flop (didn't bet)



PokerStars Hand #224013659817:  Hold'em No Limit ($0.01/$0.02 USD) - 2021/02/19 21:03:32 PT [2021/02/20 0:03:32 ET]
Table 'Leukothea VI' 9-max Seat #5 is the button
Seat 2: sauks21 ($4.06 in chips) 
Seat 3: kusto1488 ($2.15 in chips) 
Seat 4: Dorex2007 ($6.43 in chips) 
Seat 5: Sal0kcin ($0.85 in chips) 
Seat 6: LuckyQQt ($1.90 in chips) 
Seat 7: Krokus2864 ($2.15 in chips) 
LuckyQQt: posts small blind $0.01
Krokus2864: posts big blind $0.02
*** HOLE CARDS ***
Dealt to Dorex2007 [9s Jh]
sauks21: folds 
kusto1488: folds 
Dorex2007: folds 
Sal0kcin: raises $0.02 to $0.04
Roger Nunes78 joins the table at seat #8 
LuckyQQt: folds 
Krokus2864: folds 
Uncalled bet ($0.02) returned to Sal0kcin
Sal0kcin collected $0.05 from pot
Sal0kcin: doesn't show hand 
sauks21 said, "Guess 22 best hand?"
*** SUMMARY ***
Total pot $0.05 | Rake $0 
Seat 2: sauks21 folded before Flop (didn't bet)
Seat 3: kusto1488 folded before Flop (didn't bet)
Seat 4: Dorex2007 folded before Flop (didn't bet)
Seat 5: Sal0kcin (button) collected ($0.05)
Seat 6: LuckyQQt (small blind) folded before Flop
Seat 7: Krokus2864 (big blind) folded before Flop



PokerStars Hand #224013664369:  Hold'em No Limit ($0.01/$0.02 USD) - 2021/02/19 21:03:49 PT [2021/02/20 0:03:49 ET]
Table 'Leukothea VI' 9-max Seat #6 is the button
Seat 2: sauks21 ($4.06 in chips) 
Seat 3: kusto1488 ($2.15 in chips) 
Seat 4: Dorex2007 ($6.43 in chips) 
Seat 5: Sal0kcin ($0.88 in chips) 
Seat 6: LuckyQQt ($1.89 in chips) 
Seat 7: Krokus2864 ($2.13 in chips) 
Seat 8: Roger Nunes78 ($0.82 in chips) 
Krokus2864: posts small blind $0.01
Roger Nunes78: posts big blind $0.02
*** HOLE CARDS ***
Dealt to Dorex2007 [Jd Qc]
sauks21: folds 
kusto1488: folds 
O4KOHABbIKA joins the table at seat #9 
Dorex2007: raises $0.04 to $0.06
Sal0kcin: folds 
LuckyQQt: calls $0.06
Krokus2864: folds 
sauks21 said, "Craps sake Im tellin my cards"
Roger Nunes78: calls $0.04
*** FLOP *** [3d 4c Tc]
Cardumais joins the table at seat #1 
Roger Nunes78: checks 
Dorex2007: bets $0.09
LuckyQQt: folds 
sauks21 said, "No reason to fool"
Roger Nunes78: folds 
Uncalled bet ($0.09) returned to Dorex2007
Dorex2007 collected $0.18 from pot
Dorex2007: doesn't show hand 
*** SUMMARY ***
Total pot $0.19 | Rake $0.01 
Board [3d 4c Tc]
Seat 2: sauks21 folded before Flop (didn't bet)
Seat 3: kusto1488 folded before Flop (didn't bet)
Seat 4: Dorex2007 collected ($0.18)
Seat 5: Sal0kcin folded before Flop (didn't bet)
Seat 6: LuckyQQt (button) folded on the Flop
Seat 7: Krokus2864 (small blind) folded before Flop
Seat 8: Roger Nunes78 (big blind) folded on the Flop



PokerStars Hand #224013676083:  Hold'em No Limit ($0.01/$0.02 USD) - 2021/02/19 21:04:32 PT [2021/02/20 0:04:32 ET]
Table 'Leukothea VI' 9-max Seat #7 is the button
Seat 2: sauks21 ($4.06 in chips) 
Seat 3: kusto1488 ($2.15 in chips) 
Seat 4: Dorex2007 ($6.55 in chips) 
Seat 5: Sal0kcin ($0.88 in chips) 
Seat 6: LuckyQQt ($1.83 in chips) 
Seat 7: Krokus2864 ($2.12 in chips) 
Seat 8: Roger Nunes78 ($0.76 in chips) 
Seat 9: O4KOHABbIKA ($2 in chips) 
Roger Nunes78: posts small blind $0.01
O4KOHABbIKA: posts big blind $0.02
Cardumais: sits out 
*** HOLE CARDS ***
Dealt to Dorex2007 [2s Jc]
sauks21: folds 
kusto1488: folds 
Dorex2007: folds 
Sal0kcin: calls $0.02
LuckyQQt: folds 
Krokus2864: folds 
sauks21 said, "Be silent if so geeez"
Roger Nunes78: raises $0.08 to $0.10
O4KOHABbIKA: folds 
Dorex2007 said, "?"
Sal0kcin: folds 
Uncalled bet ($0.08) returned to Roger Nunes78
Roger Nunes78 collected $0.06 from pot
Roger Nunes78: doesn't show hand 
*** SUMMARY ***
Total pot $0.06 | Rake $0 
Seat 2: sauks21 folded before Flop (didn't bet)
Seat 3: kusto1488 folded before Flop (didn't bet)
Seat 4: Dorex2007 folded before Flop (didn't bet)
Seat 5: Sal0kcin folded before Flop
Seat 6: LuckyQQt folded before Flop (didn't bet)
Seat 7: Krokus2864 (button) folded before Flop (didn't bet)
Seat 8: Roger Nunes78 (small blind) collected ($0.06)
Seat 9: O4KOHABbIKA (big blind) folded before Flop



PokerStars Hand #224013682898:  Hold'em No Limit ($0.01/$0.02 USD) - 2021/02/19 21:04:58 PT [2021/02/20 0:04:58 ET]
Table 'Leukothea VI' 9-max Seat #8 is the button
Seat 1: Cardumais ($1.60 in chips) 
Seat 2: sauks21 ($4.06 in chips) 
Seat 3: kusto1488 ($2.15 in chips) 
Seat 4: Dorex2007 ($6.55 in chips) 
Seat 5: Sal0kcin ($0.86 in chips) 
Seat 6: LuckyQQt ($1.83 in chips) 
Seat 7: Krokus2864 ($2.12 in chips) 
Seat 8: Roger Nunes78 ($0.80 in chips) 
Seat 9: O4KOHABbIKA ($2 in chips) 
O4KOHABbIKA: posts small blind $0.01
Cardumais: posts big blind $0.02
*** HOLE CARDS ***
Dealt to Dorex2007 [8d Td]
sauks21: folds 
kusto1488: folds 
Dorex2007: raises $0.02 to $0.04
Sal0kcin: folds 
Dorex2007 said, "I miss a lot of chat due to the dealer chat being set to full"
LuckyQQt: calls $0.04
Krokus2864: calls $0.04
sauks21 said, "Had 2-2 preflop against the raise and stated it"
Roger Nunes78: folds 
O4KOHABbIKA: folds 
Cardumais: calls $0.02
*** FLOP *** [Ts 3d 6c]
Cardumais: checks 
sauks21 said, "Haha no worries me too"
Dorex2007: bets $0.08
LuckyQQt: raises $0.08 to $0.16
Krokus2864: folds 
Cardumais: folds 
Dorex2007: calls $0.08
*** TURN *** [Ts 3d 6c] [2s]
Dorex2007: checks 
sauks21 said, "Welcome Canada :)"
LuckyQQt: bets $0.24
Dorex2007: folds 
Uncalled bet ($0.24) returned to LuckyQQt
LuckyQQt collected $0.47 from pot
LuckyQQt: doesn't show hand 
*** SUMMARY ***
Total pot $0.49 | Rake $0.02 
Board [Ts 3d 6c 2s]
Seat 1: Cardumais (big blind) folded on the Flop
Seat 2: sauks21 folded before Flop (didn't bet)
Seat 3: kusto1488 folded before Flop (didn't bet)
Seat 4: Dorex2007 folded on the Turn
Seat 5: Sal0kcin folded before Flop (didn't bet)
Seat 6: LuckyQQt collected ($0.47)
Seat 7: Krokus2864 folded on the Flop
Seat 8: Roger Nunes78 (button) folded before Flop (didn't bet)
Seat 9: O4KOHABbIKA (small blind) folded before Flop



PokerStars Hand #224013717702:  Hold'em No Limit ($0.01/$0.02 USD) - 2021/02/19 21:06:38 PT [2021/02/20 0:06:38 ET]
Table 'Leukothea VI' 9-max Seat #9 is the button
Seat 1: Cardumais ($1.56 in chips) 
Seat 2: sauks21 ($4.06 in chips) 
Seat 3: kusto1488 ($2.15 in chips) 
Seat 4: Dorex2007 ($6.35 in chips) 
Seat 5: Sal0kcin ($0.86 in chips) 
Seat 6: LuckyQQt ($2.10 in chips) 
Seat 7: Krokus2864 ($2.08 in chips) 
Seat 8: Roger Nunes78 ($0.80 in chips) 
Seat 9: O4KOHABbIKA ($2 in chips) 
Cardumais: posts small blind $0.01
sauks21: posts big blind $0.02
*** HOLE CARDS ***
Dealt to Dorex2007 [Qh Ad]
kusto1488: folds 
Dorex2007: raises $0.04 to $0.06
Sal0kcin: folds 
LuckyQQt: folds 
Krokus2864: folds 
Roger Nunes78: folds 
sauks21 said, "Im laying down my 2 6"
Cardumais said, "hello eh,"
O4KOHABbIKA: raises $0.12 to $0.18
Cardumais: folds 
sauks21: folds 
Dorex2007: calls $0.12
*** FLOP *** [8d 4d 6d]
Dorex2007 said, "another CANADIAN"
sauks21 said, "Haha maybe shoulda called"
Dorex2007: checks 
O4KOHABbIKA: bets $0.10
Dorex2007: calls $0.10
*** TURN *** [8d 4d 6d] [9c]
Dorex2007: checks 
sauks21 said, "6 good?"
O4KOHABbIKA: checks 
*** RIVER *** [8d 4d 6d 9c] [Th]
Dorex2007: bets $0.29
O4KOHABbIKA: folds 
Uncalled bet ($0.29) returned to Dorex2007
Dorex2007 collected $0.57 from pot
Dorex2007: doesn't show hand 
*** SUMMARY ***
Total pot $0.59 | Rake $0.02 
Board [8d 4d 6d 9c Th]
Seat 1: Cardumais (small blind) folded before Flop
Seat 2: sauks21 (big blind) folded before Flop
Seat 3: kusto1488 folded before Flop (didn't bet)
Seat 4: Dorex2007 collected ($0.57)
Seat 5: Sal0kcin folded before Flop (didn't bet)
Seat 6: LuckyQQt folded before Flop (didn't bet)
Seat 7: Krokus2864 folded before Flop (didn't bet)
Seat 8: Roger Nunes78 folded before Flop (didn't bet)
Seat 9: O4KOHABbIKA (button) folded on the River



PokerStars Hand #224013737236:  Hold'em No Limit ($0.01/$0.02 USD) - 2021/02/19 21:07:50 PT [2021/02/20 0:07:50 ET]
Table 'Leukothea VI' 9-max Seat #1 is the button
Seat 1: Cardumais ($1.55 in chips) 
Seat 2: sauks21 ($4.04 in chips) 
Seat 3: kusto1488 ($2.15 in chips) 
Seat 4: Dorex2007 ($6.64 in chips) 
Seat 5: Sal0kcin ($0.86 in chips) 
Seat 6: LuckyQQt ($2.10 in chips) 
Seat 7: Krokus2864 ($2.08 in chips) 
Seat 8: Roger Nunes78 ($0.80 in chips) 
Seat 9: O4KOHABbIKA ($2 in chips) 
sauks21: posts small blind $0.01
kusto1488: posts big blind $0.02
*** HOLE CARDS ***
Dealt to Dorex2007 [8c 9s]
Dorex2007: folds 
Sal0kcin: folds 
LuckyQQt: folds 
Krokus2864: folds 
Roger Nunes78: calls $0.02
O4KOHABbIKA: folds 
Cardumais: raises $0.04 to $0.06
sauks21: calls $0.05
kusto1488: folds 
Roger Nunes78: calls $0.04
*** FLOP *** [4s 5h Js]
sauks21: checks 
Roger Nunes78: checks 
Cardumais: bets $0.11
sauks21: folds 
Roger Nunes78: calls $0.11
*** TURN *** [4s 5h Js] [9c]
sauks21 said, "Stupid chat. Called by accident..eh"
Roger Nunes78: checks 
Cardumais: bets $0.20
sauks21 said, "And yet 2 pair"
Roger Nunes78: folds 
Uncalled bet ($0.20) returned to Cardumais
Cardumais collected $0.41 from pot
Cardumais: doesn't show hand 
*** SUMMARY ***
Total pot $0.42 | Rake $0.01 
Board [4s 5h Js 9c]
Seat 1: Cardumais (button) collected ($0.41)
Seat 2: sauks21 (small blind) folded on the Flop
Seat 3: kusto1488 (big blind) folded before Flop
Seat 4: Dorex2007 folded before Flop (didn't bet)
Seat 5: Sal0kcin folded before Flop (didn't bet)
Seat 6: LuckyQQt folded before Flop (didn't bet)
Seat 7: Krokus2864 folded before Flop (didn't bet)
Seat 8: Roger Nunes78 folded on the Turn
Seat 9: O4KOHABbIKA folded before Flop (didn't bet)



PokerStars Hand #224013756803:  Hold'em No Limit ($0.01/$0.02 USD) - 2021/02/19 21:09:03 PT [2021/02/20 0:09:03 ET]
Table 'Leukothea VI' 9-max Seat #2 is the button
Seat 1: Cardumais ($1.79 in chips) 
Seat 2: sauks21 ($3.98 in chips) 
Seat 3: kusto1488 ($2.13 in chips) 
Seat 4: Dorex2007 ($6.64 in chips) 
Seat 5: Sal0kcin ($0.86 in chips) 
Seat 6: LuckyQQt ($2.10 in chips) 
Seat 7: Krokus2864 ($2.08 in chips) 
Seat 8: Roger Nunes78 ($0.63 in chips) 
Seat 9: O4KOHABbIKA ($2 in chips) 
kusto1488: posts small blind $0.01
Dorex2007: posts big blind $0.02
*** HOLE CARDS ***
Dealt to Dorex2007 [9c 5d]
Sal0kcin: calls $0.02
LuckyQQt: folds 
Cardumais said, "just qq"
Krokus2864: folds 
Roger Nunes78: raises $0.02 to $0.04
O4KOHABbIKA: folds 
Cardumais: folds 
sauks21: folds 
kusto1488: calls $0.03
Dorex2007: folds 
Sal0kcin: calls $0.02
*** FLOP *** [3s 9h Tc]
kusto1488: checks 
Sal0kcin: checks 
sauks21 said, "Glad you got it"
Roger Nunes78: bets $0.07
sauks21 said, "Id feel like an ass"
kusto1488: calls $0.07
Sal0kcin: folds 
*** TURN *** [3s 9h Tc] [Kd]
kusto1488: checks 
sauks21 said, "Im Canadian though :p"
Dorex2007 said, "rather multinational here tonight... That's good"
Roger Nunes78: bets $0.14
kusto1488: calls $0.14
*** RIVER *** [3s 9h Tc Kd] [As]
kusto1488: checks 
Roger Nunes78: bets $0.38 and is all-in
kusto1488: folds 
Uncalled bet ($0.38) returned to Roger Nunes78
Roger Nunes78 collected $0.54 from pot
Roger Nunes78: doesn't show hand 
*** SUMMARY ***
Total pot $0.56 | Rake $0.02 
Board [3s 9h Tc Kd As]
Seat 1: Cardumais folded before Flop (didn't bet)
Seat 2: sauks21 (button) folded before Flop (didn't bet)
Seat 3: kusto1488 (small blind) folded on the River
Seat 4: Dorex2007 (big blind) folded before Flop
Seat 5: Sal0kcin folded on the Flop
Seat 6: LuckyQQt folded before Flop (didn't bet)
Seat 7: Krokus2864 folded before Flop (didn't bet)
Seat 8: Roger Nunes78 collected ($0.54)
Seat 9: O4KOHABbIKA folded before Flop (didn't bet)



PokerStars Hand #224013779366:  Hold'em No Limit ($0.01/$0.02 USD) - 2021/02/19 21:10:27 PT [2021/02/20 0:10:27 ET]
Table 'Leukothea VI' 9-max Seat #3 is the button
Seat 1: Cardumais ($1.79 in chips) 
Seat 2: sauks21 ($3.98 in chips) 
Seat 3: kusto1488 ($1.88 in chips) 
Seat 4: Dorex2007 ($6.62 in chips) 
Seat 5: Sal0kcin ($0.82 in chips) 
Seat 6: LuckyQQt ($2.10 in chips) 
Seat 7: Krokus2864 ($2.08 in chips) 
Seat 8: Roger Nunes78 ($0.92 in chips) 
Seat 9: O4KOHABbIKA ($2 in chips) 
Dorex2007: posts small blind $0.01
Sal0kcin: posts big blind $0.02
*** HOLE CARDS ***
Dealt to Dorex2007 [8h 3c]
LuckyQQt: calls $0.02
Krokus2864: folds 
Cardumais said, "Don't worry, plenty of @sses around"
Roger Nunes78: calls $0.02
O4KOHABbIKA: raises $0.08 to $0.10
Cardumais: folds 
sauks21: calls $0.10
sauks21 said, "Still waiting on pocket pair above deuces"
kusto1488: folds 
Dorex2007: folds 
Sal0kcin: folds 
LuckyQQt: folds 
Roger Nunes78: folds 
*** FLOP *** [6c 8s 5c]
O4KOHABbIKA: checks 
sauks21: bets $0.02
O4KOHABbIKA: calls $0.02
*** TURN *** [6c 8s 5c] [Ah]
O4KOHABbIKA: checks 
sauks21: checks 
*** RIVER *** [6c 8s 5c Ah] [3h]
O4KOHABbIKA: bets $0.15
sauks21: raises $0.30 to $0.45
O4KOHABbIKA: calls $0.30
*** SHOW DOWN ***
sauks21: shows [Ad Qh] (a pair of Aces)
O4KOHABbIKA: mucks hand 
sauks21 collected $1.17 from pot
*** SUMMARY ***
Total pot $1.21 | Rake $0.04 
Board [6c 8s 5c Ah 3h]
Seat 1: Cardumais folded before Flop (didn't bet)
Seat 2: sauks21 showed [Ad Qh] and won ($1.17) with a pair of Aces
Seat 3: kusto1488 (button) folded before Flop (didn't bet)
Seat 4: Dorex2007 (small blind) folded before Flop
Seat 5: Sal0kcin (big blind) folded before Flop
Seat 6: LuckyQQt folded before Flop
Seat 7: Krokus2864 folded before Flop (didn't bet)
Seat 8: Roger Nunes78 folded before Flop
Seat 9: O4KOHABbIKA mucked [Td Ac]



PokerStars Hand #224013794035:  Hold'em No Limit ($0.01/$0.02 USD) - 2021/02/19 21:11:21 PT [2021/02/20 0:11:21 ET]
Table 'Leukothea VI' 9-max Seat #4 is the button
Seat 1: Cardumais ($1.79 in chips) 
Seat 2: sauks21 ($4.58 in chips) 
Seat 3: kusto1488 ($1.88 in chips) 
Seat 4: Dorex2007 ($6.61 in chips) 
Seat 5: Sal0kcin ($0.80 in chips) 
Seat 6: LuckyQQt ($2.08 in chips) 
Seat 7: Krokus2864 ($2.08 in chips) 
Seat 8: Roger Nunes78 ($0.90 in chips) 
Seat 9: O4KOHABbIKA ($2 in chips) 
Sal0kcin: posts small blind $0.01
LuckyQQt: posts big blind $0.02
*** HOLE CARDS ***
Dealt to Dorex2007 [2c Ad]
Krokus2864: folds 
Roger Nunes78: calls $0.02
O4KOHABbIKA: folds 
Cardumais: raises $0.02 to $0.04
sauks21: folds 
kusto1488: raises $0.20 to $0.24
Dorex2007: folds 
Sal0kcin: folds 
LuckyQQt: folds 
Roger Nunes78: folds 
Cardumais: raises $0.53 to $0.77
kusto1488: folds 
Uncalled bet ($0.53) returned to Cardumais
Cardumais collected $0.53 from pot
Cardumais: doesn't show hand 
*** SUMMARY ***
Total pot $0.53 | Rake $0 
Seat 1: Cardumais collected ($0.53)
Seat 2: sauks21 folded before Flop (didn't bet)
Seat 3: kusto1488 folded before Flop
Seat 4: Dorex2007 (button) folded before Flop (didn't bet)
Seat 5: Sal0kcin (small blind) folded before Flop
Seat 6: LuckyQQt (big blind) folded before Flop
Seat 7: Krokus2864 folded before Flop (didn't bet)
Seat 8: Roger Nunes78 folded before Flop
Seat 9: O4KOHABbIKA folded before Flop (didn't bet)



PokerStars Hand #224013805500:  Hold'em No Limit ($0.01/$0.02 USD) - 2021/02/19 21:12:04 PT [2021/02/20 0:12:04 ET]
Table 'Leukothea VI' 9-max Seat #5 is the button
Seat 1: Cardumais ($2.08 in chips) 
Seat 2: sauks21 ($4.58 in chips) 
Seat 3: kusto1488 ($1.64 in chips) 
Seat 4: Dorex2007 ($6.61 in chips) 
Seat 5: Sal0kcin ($0.79 in chips) 
Seat 6: LuckyQQt ($2.06 in chips) 
Seat 7: Krokus2864 ($2.08 in chips) 
Seat 8: Roger Nunes78 ($0.88 in chips) 
Seat 9: O4KOHABbIKA ($2 in chips) 
LuckyQQt: posts small blind $0.01
Krokus2864: posts big blind $0.02
*** HOLE CARDS ***
Dealt to Dorex2007 [5d 6c]
sauks21 said, "Russia should just send us all their rupees :p"
Roger Nunes78: calls $0.02
O4KOHABbIKA: folds 
Cardumais: folds 
sauks21: folds 
kusto1488: folds 
Dorex2007: folds 
Sal0kcin: folds 
Cardumais said, "got lucky with kk"
LuckyQQt: calls $0.01
Krokus2864: checks 
*** FLOP *** [Ks 2c 8s]
LuckyQQt: checks 
Krokus2864: checks 
Roger Nunes78: bets $0.02
LuckyQQt: folds 
Krokus2864: folds 
Uncalled bet ($0.02) returned to Roger Nunes78
Roger Nunes78 collected $0.06 from pot
Roger Nunes78: doesn't show hand 
*** SUMMARY ***
Total pot $0.06 | Rake $0 
Board [Ks 2c 8s]
Seat 1: Cardumais folded before Flop (didn't bet)
Seat 2: sauks21 folded before Flop (didn't bet)
Seat 3: kusto1488 folded before Flop (didn't bet)
Seat 4: Dorex2007 folded before Flop (didn't bet)
Seat 5: Sal0kcin (button) folded before Flop (didn't bet)
Seat 6: LuckyQQt (small blind) folded on the Flop
Seat 7: Krokus2864 (big blind) folded on the Flop
Seat 8: Roger Nunes78 collected ($0.06)
Seat 9: O4KOHABbIKA folded before Flop (didn't bet)



PokerStars Hand #224013816706:  Hold'em No Limit ($0.01/$0.02 USD) - 2021/02/19 21:12:46 PT [2021/02/20 0:12:46 ET]
Table 'Leukothea VI' 9-max Seat #6 is the button
Seat 1: Cardumais ($2.08 in chips) 
Seat 2: sauks21 ($4.58 in chips) 
Seat 3: kusto1488 ($1.64 in chips) 
Seat 4: Dorex2007 ($6.61 in chips) 
Seat 5: Sal0kcin ($0.79 in chips) 
Seat 6: LuckyQQt ($2.04 in chips) 
Seat 7: Krokus2864 ($2.06 in chips) 
Seat 9: O4KOHABbIKA ($2 in chips) 
Krokus2864: posts small blind $0.01
O4KOHABbIKA: posts big blind $0.02
*** HOLE CARDS ***
Dealt to Dorex2007 [Tc Qs]
Cardumais: calls $0.02
sauks21: folds 
sauks21 said, "Its crazy that KK is lucky haha"
kusto1488: raises $0.11 to $0.13
Dorex2007: folds 
Sal0kcin: calls $0.13
sauks21 said, "But so it goes.."
LuckyQQt: calls $0.13
Krokus2864: calls $0.12
O4KOHABbIKA: folds 
Cardumais: calls $0.11
*** FLOP *** [Td Ad 3s]
Krokus2864: checks 
Roger Nunes78 leaves the table
Cardumais: checks 
kusto1488: bets $0.38
Sal0kcin: folds 
LuckyQQt: folds 
Krokus2864: folds 
Cardumais: folds 
Uncalled bet ($0.38) returned to kusto1488
kusto1488 collected $0.65 from pot
kusto1488: doesn't show hand 
*** SUMMARY ***
Total pot $0.67 | Rake $0.02 
Board [Td Ad 3s]
Seat 1: Cardumais folded on the Flop
Seat 2: sauks21 folded before Flop (didn't bet)
Seat 3: kusto1488 collected ($0.65)
Seat 4: Dorex2007 folded before Flop (didn't bet)
Seat 5: Sal0kcin folded on the Flop
Seat 6: LuckyQQt (button) folded on the Flop
Seat 7: Krokus2864 (small blind) folded on the Flop
Seat 9: O4KOHABbIKA (big blind) folded before Flop



PokerStars Hand #224013828603:  Hold'em No Limit ($0.01/$0.02 USD) - 2021/02/19 21:13:31 PT [2021/02/20 0:13:31 ET]
Table 'Leukothea VI' 9-max Seat #7 is the button
Seat 1: Cardumais ($1.95 in chips) 
Seat 2: sauks21 ($4.58 in chips) 
Seat 3: kusto1488 ($2.16 in chips) 
Seat 4: Dorex2007 ($6.61 in chips) 
Seat 5: Sal0kcin ($0.66 in chips) 
Seat 6: LuckyQQt ($1.91 in chips) 
Seat 7: Krokus2864 ($2 in chips) 
Seat 9: O4KOHABbIKA ($2 in chips) 
O4KOHABbIKA: posts small blind $0.01
Cardumais: posts big blind $0.02
*** HOLE CARDS ***
Dealt to Dorex2007 [Th Ks]
sauks21: calls $0.02
Dorex2007 said, "Russia guys.. How many rubles in a US dollar?"
kusto1488: calls $0.02
Dorex2007: calls $0.02
Sal0kcin: folds 
kusto1488 said, "73"
LuckyQQt: calls $0.02
Krokus2864: calls $0.02
O4KOHABbIKA: folds 
Cardumais: checks 
*** FLOP *** [9d 2c 7d]
sauks21 said, "Haha. Is that a trick question :p"
Dorex2007 said, "ty"
Cardumais: checks 
sauks21: bets $0.02
Dorex2007 said, "nope"
kusto1488: calls $0.02
Dorex2007: calls $0.02
LuckyQQt: calls $0.02
Krokus2864: folds 
Cardumais: calls $0.02
*** TURN *** [9d 2c 7d] [5s]
Dorex2007 said, "about the same a a CND $"
Cardumais: checks 
sauks21: checks 
kusto1488: checks 
Dorex2007: checks 
LuckyQQt: checks 
*** RIVER *** [9d 2c 7d 5s] [2d]
sauks21 said, "Fishin"
Cardumais: checks 
sauks21: bets $0.11
kusto1488: folds 
Dorex2007: folds 
LuckyQQt: folds 
Cardumais: folds 
Uncalled bet ($0.11) returned to sauks21
sauks21 collected $0.22 from pot
sauks21: doesn't show hand 
*** SUMMARY ***
Total pot $0.23 | Rake $0.01 
Board [9d 2c 7d 5s 2d]
Seat 1: Cardumais (big blind) folded on the River
Seat 2: sauks21 collected ($0.22)
Seat 3: kusto1488 folded on the River
Seat 4: Dorex2007 folded on the River
Seat 5: Sal0kcin folded before Flop (didn't bet)
Seat 6: LuckyQQt folded on the River
Seat 7: Krokus2864 (button) folded on the Flop
Seat 9: O4KOHABbIKA (small blind) folded before Flop



PokerStars Hand #224013852476:  Hold'em No Limit ($0.01/$0.02 USD) - 2021/02/19 21:14:55 PT [2021/02/20 0:14:55 ET]
Table 'Leukothea VI' 9-max Seat #9 is the button
Seat 1: Cardumais ($1.91 in chips) 
Seat 2: sauks21 ($4.76 in chips) 
Seat 3: kusto1488 ($2.12 in chips) 
Seat 4: Dorex2007 ($6.57 in chips) 
Seat 5: Sal0kcin ($0.66 in chips) 
Seat 6: LuckyQQt ($1.87 in chips) 
Seat 7: Krokus2864 ($2 in chips) 
Seat 9: O4KOHABbIKA ($2 in chips) 
Cardumais: posts small blind $0.01
sauks21: posts big blind $0.02
*** HOLE CARDS ***
Dealt to Dorex2007 [7h Td]
roma19765 joins the table at seat #8 
Dorex2007 said, "not even close to that board"
kusto1488: raises $0.04 to $0.06
Dorex2007: folds 
Sal0kcin: folds 
LuckyQQt: folds 
Krokus2864: folds 
O4KOHABbIKA: folds 
sauks21 said, "Only K high flush tho"
Cardumais: folds 
sauks21: calls $0.04
*** FLOP *** [5d 6c Qd]
sauks21: checks 
kusto1488: checks 
*** TURN *** [5d 6c Qd] [7d]
sauks21: bets $0.02
kusto1488: folds 
Uncalled bet ($0.02) returned to sauks21
sauks21 collected $0.13 from pot
sauks21: doesn't show hand 
*** SUMMARY ***
Total pot $0.13 | Rake $0 
Board [5d 6c Qd 7d]
Seat 1: Cardumais (small blind) folded before Flop
Seat 2: sauks21 (big blind) collected ($0.13)
Seat 3: kusto1488 folded on the Turn
Seat 4: Dorex2007 folded before Flop (didn't bet)
Seat 5: Sal0kcin folded before Flop (didn't bet)
Seat 6: LuckyQQt folded before Flop (didn't bet)
Seat 7: Krokus2864 folded before Flop (didn't bet)
Seat 9: O4KOHABbIKA (button) folded before Flop (didn't bet)



PokerStars Hand #224013861516:  Hold'em No Limit ($0.01/$0.02 USD) - 2021/02/19 21:15:29 PT [2021/02/20 0:15:29 ET]
Table 'Leukothea VI' 9-max Seat #1 is the button
Seat 1: Cardumais ($1.90 in chips) 
Seat 2: sauks21 ($4.83 in chips) 
Seat 3: kusto1488 ($2.06 in chips) 
Seat 4: Dorex2007 ($6.57 in chips) 
Seat 5: Sal0kcin ($0.66 in chips) 
Seat 6: LuckyQQt ($1.87 in chips) 
Seat 7: Krokus2864 ($2 in chips) 
Seat 9: O4KOHABbIKA ($2 in chips) 
sauks21: posts small blind $0.01
kusto1488: posts big blind $0.02
roma19765: sits out 
*** HOLE CARDS ***
Dealt to Dorex2007 [Ts 5d]
Dorex2007: folds 
Sal0kcin: folds 
LuckyQQt: calls $0.02
Krokus2864: folds 
O4KOHABbIKA: folds 
Cardumais: calls $0.02
sauks21: calls $0.01
kusto1488: checks 
*** FLOP *** [Jh 9h 2s]
sauks21: bets $0.02
kusto1488: folds 
LuckyQQt: folds 
Cardumais: raises $0.12 to $0.14
sauks21: calls $0.12
*** TURN *** [Jh 9h 2s] [Qs]
sauks21: checks 
Cardumais: bets $0.35
sauks21: calls $0.35
*** RIVER *** [Jh 9h 2s Qs] [3s]
sauks21: checks 
Cardumais: checks 
*** SHOW DOWN ***
sauks21: shows [5h Qh] (a pair of Queens)
Cardumais: shows [9d Jc] (two pair, Jacks and Nines)
Cardumais collected $1.02 from pot
*** SUMMARY ***
Total pot $1.06 | Rake $0.04 
Board [Jh 9h 2s Qs 3s]
Seat 1: Cardumais (button) showed [9d Jc] and won ($1.02) with two pair, Jacks and Nines
Seat 2: sauks21 (small blind) showed [5h Qh] and lost with a pair of Queens
Seat 3: kusto1488 (big blind) folded on the Flop
Seat 4: Dorex2007 folded before Flop (didn't bet)
Seat 5: Sal0kcin folded before Flop (didn't bet)
Seat 6: LuckyQQt folded on the Flop
Seat 7: Krokus2864 folded before Flop (didn't bet)
Seat 9: O4KOHABbIKA folded before Flop (didn't bet)



PokerStars Hand #224013875290:  Hold'em No Limit ($0.01/$0.02 USD) - 2021/02/19 21:16:21 PT [2021/02/20 0:16:21 ET]
Table 'Leukothea VI' 9-max Seat #2 is the button
Seat 1: Cardumais ($2.41 in chips) 
Seat 2: sauks21 ($4.32 in chips) 
Seat 3: kusto1488 ($2.04 in chips) 
Seat 4: Dorex2007 ($6.57 in chips) 
Seat 5: Sal0kcin ($0.66 in chips) 
Seat 6: LuckyQQt ($1.85 in chips) 
Seat 7: Krokus2864 ($2 in chips) 
Seat 9: O4KOHABbIKA ($2 in chips) 
kusto1488: posts small blind $0.01
Dorex2007: posts big blind $0.02
roma19765: sits out 
*** HOLE CARDS ***
Dealt to Dorex2007 [Jh Ah]
Sal0kcin: folds 
LuckyQQt: calls $0.02
Krokus2864: folds 
O4KOHABbIKA: folds 
Cardumais: folds 
sauks21: calls $0.02
kusto1488: folds 
Dorex2007: raises $0.06 to $0.08
LuckyQQt: calls $0.06
sauks21: folds 
*** FLOP *** [2s 4c 6h]
Dorex2007 said, "mine"
sauks21 said, "Waiting on jokers stars A to take K"
Dorex2007: bets $0.09
LuckyQQt: folds 
Uncalled bet ($0.09) returned to Dorex2007
Dorex2007 collected $0.18 from pot
Dorex2007: doesn't show hand 
*** SUMMARY ***
Total pot $0.19 | Rake $0.01 
Board [2s 4c 6h]
Seat 1: Cardumais folded before Flop (didn't bet)
Seat 2: sauks21 (button) folded before Flop
Seat 3: kusto1488 (small blind) folded before Flop
Seat 4: Dorex2007 (big blind) collected ($0.18)
Seat 5: Sal0kcin folded before Flop (didn't bet)
Seat 6: LuckyQQt folded on the Flop
Seat 7: Krokus2864 folded before Flop (didn't bet)
Seat 9: O4KOHABbIKA folded before Flop (didn't bet)



PokerStars Hand #224013885380:  Hold'em No Limit ($0.01/$0.02 USD) - 2021/02/19 21:16:59 PT [2021/02/20 0:16:59 ET]
Table 'Leukothea VI' 9-max Seat #3 is the button
Seat 1: Cardumais ($2.41 in chips) 
Seat 2: sauks21 ($4.30 in chips) 
Seat 3: kusto1488 ($2.03 in chips) 
Seat 4: Dorex2007 ($6.67 in chips) 
Seat 5: Sal0kcin ($0.66 in chips) 
Seat 6: LuckyQQt ($1.77 in chips) 
Seat 7: Krokus2864 ($2 in chips) 
Seat 9: O4KOHABbIKA ($2 in chips) 
Dorex2007: posts small blind $0.01
Sal0kcin: posts big blind $0.02
roma19765: sits out 
*** HOLE CARDS ***
Dealt to Dorex2007 [As Th]
LuckyQQt: folds 
Krokus2864: folds 
O4KOHABbIKA: raises $0.04 to $0.06
Cardumais: calls $0.06
sauks21: folds 
kusto1488: folds 
Dorex2007: calls $0.05
Sal0kcin: folds 
*** FLOP *** [7d Jh 9d]
sauks21 said, "Had 2 pair flop again :p"
Dorex2007: checks 
O4KOHABbIKA: bets $0.08
Cardumais: folds 
sauks21 said, "And again!!"
Dorex2007: folds 
Uncalled bet ($0.08) returned to O4KOHABbIKA
O4KOHABbIKA collected $0.19 from pot
O4KOHABbIKA: doesn't show hand 
*** SUMMARY ***
Total pot $0.20 | Rake $0.01 
Board [7d Jh 9d]
Seat 1: Cardumais folded on the Flop
Seat 2: sauks21 folded before Flop (didn't bet)
Seat 3: kusto1488 (button) folded before Flop (didn't bet)
Seat 4: Dorex2007 (small blind) folded on the Flop
Seat 5: Sal0kcin (big blind) folded before Flop
Seat 6: LuckyQQt folded before Flop (didn't bet)
Seat 7: Krokus2864 folded before Flop (didn't bet)
Seat 9: O4KOHABbIKA collected ($0.19)



PokerStars Hand #224013896789:  Hold'em No Limit ($0.01/$0.02 USD) - 2021/02/19 21:17:42 PT [2021/02/20 0:17:42 ET]
Table 'Leukothea VI' 9-max Seat #4 is the button
Seat 1: Cardumais ($2.35 in chips) 
Seat 2: sauks21 ($4.30 in chips) 
Seat 3: kusto1488 ($2.03 in chips) 
Seat 4: Dorex2007 ($6.61 in chips) 
Seat 5: Sal0kcin ($0.64 in chips) 
Seat 6: LuckyQQt ($1.77 in chips) 
Seat 7: Krokus2864 ($2 in chips) 
Seat 9: O4KOHABbIKA ($2.13 in chips) 
Sal0kcin: posts small blind $0.01
LuckyQQt: posts big blind $0.02
roma19765: sits out 
*** HOLE CARDS ***
Dealt to Dorex2007 [Jh 8d]
Krokus2864: folds 
O4KOHABbIKA: folds 
Cardumais: folds 
sauks21: calls $0.02
sauks21 said, "What is happening here?!?"
kusto1488: folds 
Dorex2007: folds 
Sal0kcin: calls $0.01
LuckyQQt: checks 
*** FLOP *** [5c 7d 3d]
Sal0kcin: checks 
LuckyQQt: checks 
sauks21: bets $0.02
Sal0kcin: folds 
LuckyQQt: calls $0.02
*** TURN *** [5c 7d 3d] [9h]
LuckyQQt: checks 
sauks21: checks 
*** RIVER *** [5c 7d 3d 9h] [9c]
LuckyQQt: checks 
sauks21: checks 
*** SHOW DOWN ***
LuckyQQt: shows [Js 6d] (a pair of Nines)
sauks21: shows [Th As] (a pair of Nines - Ace kicker)
sauks21 collected $0.10 from pot
*** SUMMARY ***
Total pot $0.10 | Rake $0 
Board [5c 7d 3d 9h 9c]
Seat 1: Cardumais folded before Flop (didn't bet)
Seat 2: sauks21 showed [Th As] and won ($0.10) with a pair of Nines
Seat 3: kusto1488 folded before Flop (didn't bet)
Seat 4: Dorex2007 (button) folded before Flop (didn't bet)
Seat 5: Sal0kcin (small blind) folded on the Flop
Seat 6: LuckyQQt (big blind) showed [Js 6d] and lost with a pair of Nines
Seat 7: Krokus2864 folded before Flop (didn't bet)
Seat 9: O4KOHABbIKA folded before Flop (didn't bet)



PokerStars Hand #224013919419:  Hold'em No Limit ($0.01/$0.02 USD) - 2021/02/19 21:19:00 PT [2021/02/20 0:19:00 ET]
Table 'Leukothea VI' 9-max Seat #5 is the button
Seat 1: Cardumais ($2.35 in chips) 
Seat 2: sauks21 ($4.36 in chips) 
Seat 3: kusto1488 ($2.03 in chips) 
Seat 4: Dorex2007 ($6.61 in chips) 
Seat 5: Sal0kcin ($0.62 in chips) 
Seat 6: LuckyQQt ($1.73 in chips) 
Seat 7: Krokus2864 ($2 in chips) 
Seat 9: O4KOHABbIKA ($2.13 in chips) 
LuckyQQt: posts small blind $0.01
Krokus2864: posts big blind $0.02
roma19765: sits out 
*** HOLE CARDS ***
Dealt to Dorex2007 [4s Ah]
O4KOHABbIKA: folds 
Cardumais: raises $0.02 to $0.04
sauks21: calls $0.04
kusto1488: folds 
Dorex2007: folds 
Sal0kcin: folds 
LuckyQQt: calls $0.03
Krokus2864: calls $0.02
*** FLOP *** [2h Kh Tc]
sauks21 said, "A Q"
LuckyQQt: checks 
Krokus2864: checks 
Cardumais: checks 
sauks21: bets $0.02
LuckyQQt: folds 
Krokus2864: folds 
Cardumais: calls $0.02
*** TURN *** [2h Kh Tc] [5c]
Cardumais: checks 
sauks21: checks 
*** RIVER *** [2h Kh Tc 5c] [Js]
Cardumais: checks 
sauks21: checks 
*** SHOW DOWN ***
Cardumais: shows [8s 8c] (a pair of Eights)
sauks21: shows [Ad Qh] (a straight, Ten to Ace)
sauks21 collected $0.19 from pot
*** SUMMARY ***
Total pot $0.20 | Rake $0.01 
Board [2h Kh Tc 5c Js]
Seat 1: Cardumais showed [8s 8c] and lost with a pair of Eights
Seat 2: sauks21 showed [Ad Qh] and won ($0.19) with a straight, Ten to Ace
Seat 3: kusto1488 folded before Flop (didn't bet)
Seat 4: Dorex2007 folded before Flop (didn't bet)
Seat 5: Sal0kcin (button) folded before Flop (didn't bet)
Seat 6: LuckyQQt (small blind) folded on the Flop
Seat 7: Krokus2864 (big blind) folded on the Flop
Seat 9: O4KOHABbIKA folded before Flop (didn't bet)



PokerStars Hand #224013934141:  Hold'em No Limit ($0.01/$0.02 USD) - 2021/02/19 21:19:56 PT [2021/02/20 0:19:56 ET]
Table 'Leukothea VI' 9-max Seat #6 is the button
Seat 1: Cardumais ($2.29 in chips) 
Seat 2: sauks21 ($4.49 in chips) 
Seat 3: kusto1488 ($2.03 in chips) 
Seat 4: Dorex2007 ($6.61 in chips) 
Seat 5: Sal0kcin ($0.62 in chips) 
Seat 6: LuckyQQt ($1.69 in chips) 
Seat 7: Krokus2864 ($2 in chips) 
Seat 8: roma19765 ($1.60 in chips) 
Seat 9: O4KOHABbIKA ($2.13 in chips) 
Krokus2864: posts small blind $0.01
roma19765: posts big blind $0.02
*** HOLE CARDS ***
Dealt to Dorex2007 [Js Th]
O4KOHABbIKA: folds 
Cardumais: folds 
sauks21: folds 
kusto1488: folds 
Dorex2007: calls $0.02
sauks21 said, "No lies"
Sal0kcin: calls $0.02
LuckyQQt: calls $0.02
Krokus2864: folds 
roma19765: checks 
*** FLOP *** [2c Ks Kd]
roma19765: checks 
Dorex2007: checks 
Sal0kcin: checks 
LuckyQQt: checks 
*** TURN *** [2c Ks Kd] [Qh]
roma19765: checks 
Dorex2007: bets $0.09
sauks21 said, "Im telling you all my hands ffs"
Sal0kcin: folds 
LuckyQQt: raises $0.09 to $0.18
roma19765: folds 
sauks21 said, "Again!!"
Dorex2007: calls $0.09
*** RIVER *** [2c Ks Kd Qh] [6d]
Dorex2007: checks 
LuckyQQt: bets $0.60
Dorex2007: folds 
Uncalled bet ($0.60) returned to LuckyQQt
LuckyQQt collected $0.43 from pot
LuckyQQt: doesn't show hand 
*** SUMMARY ***
Total pot $0.45 | Rake $0.02 
Board [2c Ks Kd Qh 6d]
Seat 1: Cardumais folded before Flop (didn't bet)
Seat 2: sauks21 folded before Flop (didn't bet)
Seat 3: kusto1488 folded before Flop (didn't bet)
Seat 4: Dorex2007 folded on the River
Seat 5: Sal0kcin folded on the Turn
Seat 6: LuckyQQt (button) collected ($0.43)
Seat 7: Krokus2864 (small blind) folded before Flop
Seat 8: roma19765 (big blind) folded on the Turn
Seat 9: O4KOHABbIKA folded before Flop (didn't bet)



PokerStars Hand #224013951321:  Hold'em No Limit ($0.01/$0.02 USD) - 2021/02/19 21:21:02 PT [2021/02/20 0:21:02 ET]
Table 'Leukothea VI' 9-max Seat #7 is the button
Seat 1: Cardumais ($2.29 in chips) 
Seat 2: sauks21 ($4.49 in chips) 
Seat 3: kusto1488 ($2.03 in chips) 
Seat 4: Dorex2007 ($6.41 in chips) 
Seat 5: Sal0kcin ($0.60 in chips) 
Seat 6: LuckyQQt ($1.92 in chips) 
Seat 7: Krokus2864 ($2 in chips) 
Seat 8: roma19765 ($1.58 in chips) 
Seat 9: O4KOHABbIKA ($2.13 in chips) 
roma19765: posts small blind $0.01
O4KOHABbIKA: posts big blind $0.02
*** HOLE CARDS ***
Dealt to Dorex2007 [5s Qh]
Cardumais: folds 
sauks21: folds 
kusto1488: folds 
Dorex2007: folds 
Sal0kcin: folds 
LuckyQQt: calls $0.02
Krokus2864: folds 
roma19765: calls $0.01
sauks21 said, "Maybe 5 Ks"
O4KOHABbIKA: checks 
*** FLOP *** [3d As 9d]
roma19765: checks 
O4KOHABbIKA: checks 
LuckyQQt: checks 
*** TURN *** [3d As 9d] [2s]
roma19765: checks 
O4KOHABbIKA: bets $0.02
LuckyQQt: folds 
roma19765: folds 
Uncalled bet ($0.02) returned to O4KOHABbIKA
O4KOHABbIKA collected $0.06 from pot
O4KOHABbIKA: doesn't show hand 
*** SUMMARY ***
Total pot $0.06 | Rake $0 
Board [3d As 9d 2s]
Seat 1: Cardumais folded before Flop (didn't bet)
Seat 2: sauks21 folded before Flop (didn't bet)
Seat 3: kusto1488 folded before Flop (didn't bet)
Seat 4: Dorex2007 folded before Flop (didn't bet)
Seat 5: Sal0kcin folded before Flop (didn't bet)
Seat 6: LuckyQQt folded on the Turn
Seat 7: Krokus2864 (button) folded before Flop (didn't bet)
Seat 8: roma19765 (small blind) folded on the Turn
Seat 9: O4KOHABbIKA (big blind) collected ($0.06)



PokerStars Hand #224013963928:  Hold'em No Limit ($0.01/$0.02 USD) - 2021/02/19 21:21:50 PT [2021/02/20 0:21:50 ET]
Table 'Leukothea VI' 9-max Seat #8 is the button
Seat 1: Cardumais ($2.29 in chips) 
Seat 2: sauks21 ($4.49 in chips) 
Seat 3: kusto1488 ($2.03 in chips) 
Seat 4: Dorex2007 ($6.41 in chips) 
Seat 5: Sal0kcin ($0.60 in chips) 
Seat 6: LuckyQQt ($1.90 in chips) 
Seat 7: Krokus2864 ($2 in chips) 
Seat 8: roma19765 ($1.56 in chips) 
Seat 9: O4KOHABbIKA ($2.17 in chips) 
O4KOHABbIKA: posts small blind $0.01
Cardumais: posts big blind $0.02
*** HOLE CARDS ***
Dealt to Dorex2007 [4s 7h]
sauks21: folds 
kusto1488: folds 
Dorex2007: folds 
Sal0kcin: folds 
LuckyQQt: folds 
Krokus2864: folds 
roma19765: folds 
O4KOHABbIKA: raises $0.04 to $0.06
Cardumais: calls $0.04
*** FLOP *** [9d Qh Jd]
O4KOHABbIKA: bets $0.04
sauks21 said, "What the!!"
Cardumais: folds 
Uncalled bet ($0.04) returned to O4KOHABbIKA
O4KOHABbIKA collected $0.12 from pot
O4KOHABbIKA: doesn't show hand 
*** SUMMARY ***
Total pot $0.12 | Rake $0 
Board [9d Qh Jd]
Seat 1: Cardumais (big blind) folded on the Flop
Seat 2: sauks21 folded before Flop (didn't bet)
Seat 3: kusto1488 folded before Flop (didn't bet)
Seat 4: Dorex2007 folded before Flop (didn't bet)
Seat 5: Sal0kcin folded before Flop (didn't bet)
Seat 6: LuckyQQt folded before Flop (didn't bet)
Seat 7: Krokus2864 folded before Flop (didn't bet)
Seat 8: roma19765 (button) folded before Flop (didn't bet)
Seat 9: O4KOHABbIKA (small blind) collected ($0.12)



PokerStars Hand #224013973147:  Hold'em No Limit ($0.01/$0.02 USD) - 2021/02/19 21:22:25 PT [2021/02/20 0:22:25 ET]
Table 'Leukothea VI' 9-max Seat #9 is the button
Seat 1: Cardumais ($2.23 in chips) 
Seat 2: sauks21 ($4.49 in chips) 
Seat 3: kusto1488 ($2.03 in chips) 
Seat 4: Dorex2007 ($6.41 in chips) 
Seat 5: Sal0kcin ($0.60 in chips) 
Seat 6: LuckyQQt ($1.90 in chips) 
Seat 7: Krokus2864 ($2 in chips) 
Seat 8: roma19765 ($1.56 in chips) 
Seat 9: O4KOHABbIKA ($2.23 in chips) 
Cardumais: posts small blind $0.01
sauks21: posts big blind $0.02
*** HOLE CARDS ***
Dealt to Dorex2007 [6s 4c]
kusto1488: folds 
Dorex2007: folds 
Sal0kcin: folds 
LuckyQQt: folds 
Krokus2864: raises $0.04 to $0.06
roma19765: folds 
O4KOHABbIKA: folds 
Cardumais: folds 
sauks21: folds 
Uncalled bet ($0.04) returned to Krokus2864
Krokus2864 collected $0.05 from pot
*** SUMMARY ***
Total pot $0.05 | Rake $0 
Seat 1: Cardumais (small blind) folded before Flop
Seat 2: sauks21 (big blind) folded before Flop
Seat 3: kusto1488 folded before Flop (didn't bet)
Seat 4: Dorex2007 folded before Flop (didn't bet)
Seat 5: Sal0kcin folded before Flop (didn't bet)
Seat 6: LuckyQQt folded before Flop (didn't bet)
Seat 7: Krokus2864 collected ($0.05)
Seat 8: roma19765 folded before Flop (didn't bet)
Seat 9: O4KOHABbIKA (button) folded before Flop (didn't bet)



PokerStars Hand #224013980728:  Hold'em No Limit ($0.01/$0.02 USD) - 2021/02/19 21:22:53 PT [2021/02/20 0:22:53 ET]
Table 'Leukothea VI' 9-max Seat #1 is the button
Seat 1: Cardumais ($2.22 in chips) 
Seat 2: sauks21 ($4.47 in chips) 
Seat 3: kusto1488 ($2.03 in chips) 
Seat 4: Dorex2007 ($6.41 in chips) 
Seat 5: Sal0kcin ($0.60 in chips) 
Seat 6: LuckyQQt ($1.90 in chips) 
Seat 7: Krokus2864 ($2.03 in chips) 
Seat 8: roma19765 ($1.56 in chips) 
Seat 9: O4KOHABbIKA ($2.23 in chips) 
sauks21: posts small blind $0.01
kusto1488: posts big blind $0.02
*** HOLE CARDS ***
Dealt to Dorex2007 [6c 3c]
Dorex2007: folds 
Sal0kcin: folds 
LuckyQQt: calls $0.02
Krokus2864: folds 
roma19765: folds 
O4KOHABbIKA: raises $0.03 to $0.05
Cardumais: calls $0.05
sauks21: folds 
kusto1488: folds 
LuckyQQt: folds 
*** FLOP *** [4h 7s Ad]
O4KOHABbIKA: bets $0.04
Cardumais: folds 
Uncalled bet ($0.04) returned to O4KOHABbIKA
O4KOHABbIKA collected $0.14 from pot
O4KOHABbIKA: doesn't show hand 
sauks21 said, "All ya ruskies invited for home game"
*** SUMMARY ***
Total pot $0.15 | Rake $0.01 
Board [4h 7s Ad]
Seat 1: Cardumais (button) folded on the Flop
Seat 2: sauks21 (small blind) folded before Flop
Seat 3: kusto1488 (big blind) folded before Flop
Seat 4: Dorex2007 folded before Flop (didn't bet)
Seat 5: Sal0kcin folded before Flop (didn't bet)
Seat 6: LuckyQQt folded before Flop
Seat 7: Krokus2864 folded before Flop (didn't bet)
Seat 8: roma19765 folded before Flop (didn't bet)
Seat 9: O4KOHABbIKA collected ($0.14)



PokerStars Hand #224013994715:  Hold'em No Limit ($0.01/$0.02 USD) - 2021/02/19 21:23:37 PT [2021/02/20 0:23:37 ET]
Table 'Leukothea VI' 9-max Seat #2 is the button
Seat 1: Cardumais ($2.17 in chips) 
Seat 2: sauks21 ($4.46 in chips) 
Seat 3: kusto1488 ($2.01 in chips) 
Seat 4: Dorex2007 ($6.41 in chips) 
Seat 5: Sal0kcin ($0.60 in chips) 
Seat 6: LuckyQQt ($1.88 in chips) 
Seat 7: Krokus2864 ($2.03 in chips) 
Seat 8: roma19765 ($1.56 in chips) 
Seat 9: O4KOHABbIKA ($2.32 in chips) 
kusto1488: posts small blind $0.01
Dorex2007: posts big blind $0.02
*** HOLE CARDS ***
Dealt to Dorex2007 [9s 4h]
sauks21 said, "Again!!"
Sal0kcin: folds 
LuckyQQt: folds 
Krokus2864: folds 
roma19765: folds 
O4KOHABbIKA: folds 
Cardumais: calls $0.02
sauks21: calls $0.02
kusto1488: folds 
Dorex2007: checks 
*** FLOP *** [Ad 5d Ah]
sauks21 said, "Im limping "
Dorex2007: checks 
Cardumais: checks 
sauks21: bets $0.02
Dorex2007: folds 
Cardumais: folds 
Uncalled bet ($0.02) returned to sauks21
sauks21 collected $0.07 from pot
sauks21: doesn't show hand 
*** SUMMARY ***
Total pot $0.07 | Rake $0 
Board [Ad 5d Ah]
Seat 1: Cardumais folded on the Flop
Seat 2: sauks21 (button) collected ($0.07)
Seat 3: kusto1488 (small blind) folded before Flop
Seat 4: Dorex2007 (big blind) folded on the Flop
Seat 5: Sal0kcin folded before Flop (didn't bet)
Seat 6: LuckyQQt folded before Flop (didn't bet)
Seat 7: Krokus2864 folded before Flop (didn't bet)
Seat 8: roma19765 folded before Flop (didn't bet)
Seat 9: O4KOHABbIKA folded before Flop (didn't bet)



PokerStars Hand #224014016414:  Hold'em No Limit ($0.01/$0.02 USD) - 2021/02/19 21:24:26 PT [2021/02/20 0:24:26 ET]
Table 'Leukothea VI' 9-max Seat #3 is the button
Seat 1: Cardumais ($2.15 in chips) 
Seat 2: sauks21 ($4.51 in chips) 
Seat 3: kusto1488 ($2 in chips) 
Seat 4: Dorex2007 ($6.39 in chips) 
Seat 5: Sal0kcin ($0.60 in chips) 
Seat 6: LuckyQQt ($1.88 in chips) 
Seat 7: Krokus2864 ($2.03 in chips) 
Seat 8: roma19765 ($1.56 in chips) 
Seat 9: O4KOHABbIKA ($2.32 in chips) 
Dorex2007: posts small blind $0.01
Sal0kcin: posts big blind $0.02
*** HOLE CARDS ***
Dealt to Dorex2007 [Jc Qd]
LuckyQQt: folds 
Krokus2864: folds 
roma19765: raises $0.04 to $0.06
O4KOHABbIKA: folds 
Cardumais: folds 
sauks21: calls $0.06
kusto1488: folds 
sauks21 said, "Finally pockets above 2"
Dorex2007: calls $0.05
Sal0kcin: folds 
*** FLOP *** [Kc 8s 7h]
Dorex2007: checks 
roma19765: bets $0.10
sauks21: folds 
Dorex2007: folds 
Uncalled bet ($0.10) returned to roma19765
roma19765 collected $0.19 from pot
roma19765: doesn't show hand 
*** SUMMARY ***
Total pot $0.20 | Rake $0.01 
Board [Kc 8s 7h]
Seat 1: Cardumais folded before Flop (didn't bet)
Seat 2: sauks21 folded on the Flop
Seat 3: kusto1488 (button) folded before Flop (didn't bet)
Seat 4: Dorex2007 (small blind) folded on the Flop
Seat 5: Sal0kcin (big blind) folded before Flop
Seat 6: LuckyQQt folded before Flop (didn't bet)
Seat 7: Krokus2864 folded before Flop (didn't bet)
Seat 8: roma19765 collected ($0.19)
Seat 9: O4KOHABbIKA folded before Flop (didn't bet)



PokerStars Hand #224014027895:  Hold'em No Limit ($0.01/$0.02 USD) - 2021/02/19 21:25:11 PT [2021/02/20 0:25:11 ET]
Table 'Leukothea VI' 9-max Seat #4 is the button
Seat 1: Cardumais ($2.15 in chips) 
Seat 2: sauks21 ($4.45 in chips) 
Seat 3: kusto1488 ($2 in chips) 
Seat 4: Dorex2007 ($6.33 in chips) 
Seat 5: Sal0kcin ($1.98 in chips) 
Seat 6: LuckyQQt ($1.88 in chips) 
Seat 7: Krokus2864 ($2.03 in chips) 
Seat 8: roma19765 ($1.69 in chips) 
Seat 9: O4KOHABbIKA ($2.32 in chips) 
Sal0kcin: posts small blind $0.01
LuckyQQt: posts big blind $0.02
*** HOLE CARDS ***
Dealt to Dorex2007 [Jh 4c]
Krokus2864: folds 
sauks21 said, "Not that high though "
roma19765: folds 
O4KOHABbIKA: raises $0.04 to $0.06
Cardumais: folds 
sauks21: folds 
kusto1488: folds 
Dorex2007: folds 
Sal0kcin: folds 
LuckyQQt: folds 
Uncalled bet ($0.04) returned to O4KOHABbIKA
sauks21 said, "Damn flop"
O4KOHABbIKA collected $0.05 from pot
O4KOHABbIKA: doesn't show hand 
*** SUMMARY ***
Total pot $0.05 | Rake $0 
Seat 1: Cardumais folded before Flop (didn't bet)
Seat 2: sauks21 folded before Flop (didn't bet)
Seat 3: kusto1488 folded before Flop (didn't bet)
Seat 4: Dorex2007 (button) folded before Flop (didn't bet)
Seat 5: Sal0kcin (small blind) folded before Flop
Seat 6: LuckyQQt (big blind) folded before Flop
Seat 7: Krokus2864 folded before Flop (didn't bet)
Seat 8: roma19765 folded before Flop (didn't bet)
Seat 9: O4KOHABbIKA collected ($0.05)



PokerStars Hand #224014034385:  Hold'em No Limit ($0.01/$0.02 USD) - 2021/02/19 21:25:36 PT [2021/02/20 0:25:36 ET]
Table 'Leukothea VI' 9-max Seat #5 is the button
Seat 1: Cardumais ($2.15 in chips) 
Seat 2: sauks21 ($4.45 in chips) 
Seat 3: kusto1488 ($2 in chips) 
Seat 4: Dorex2007 ($6.33 in chips) 
Seat 5: Sal0kcin ($1.97 in chips) 
Seat 6: LuckyQQt ($1.86 in chips) 
Seat 8: roma19765 ($1.69 in chips) 
Seat 9: O4KOHABbIKA ($2.35 in chips) 
LuckyQQt: posts small blind $0.01
Krokus2864: is sitting out 
roma19765: posts big blind $0.02
*** HOLE CARDS ***
Dealt to Dorex2007 [9c 3c]
O4KOHABbIKA: raises $0.04 to $0.06
Cardumais: folds 
sauks21: folds 
kusto1488: folds 
Dorex2007: folds 
Sal0kcin: folds 
LuckyQQt: folds 
roma19765: folds 
Uncalled bet ($0.04) returned to O4KOHABbIKA
O4KOHABbIKA collected $0.05 from pot
O4KOHABbIKA: doesn't show hand 
*** SUMMARY ***
Total pot $0.05 | Rake $0 
Seat 1: Cardumais folded before Flop (didn't bet)
Seat 2: sauks21 folded before Flop (didn't bet)
Seat 3: kusto1488 folded before Flop (didn't bet)
Seat 4: Dorex2007 folded before Flop (didn't bet)
Seat 5: Sal0kcin (button) folded before Flop (didn't bet)
Seat 6: LuckyQQt (small blind) folded before Flop
Seat 8: roma19765 (big blind) folded before Flop
Seat 9: O4KOHABbIKA collected ($0.05)



PokerStars Hand #224014038350:  Hold'em No Limit ($0.01/$0.02 USD) - 2021/02/19 21:25:51 PT [2021/02/20 0:25:51 ET]
Table 'Leukothea VI' 9-max Seat #6 is the button
Seat 1: Cardumais ($2.15 in chips) 
Seat 2: sauks21 ($4.45 in chips) 
Seat 3: kusto1488 ($2 in chips) 
Seat 4: Dorex2007 ($6.33 in chips) 
Seat 5: Sal0kcin ($1.97 in chips) 
Seat 6: LuckyQQt ($1.85 in chips) 
Seat 8: roma19765 ($1.67 in chips) 
Seat 9: O4KOHABbIKA ($2.38 in chips) 
roma19765: posts small blind $0.01
O4KOHABbIKA: posts big blind $0.02
*** HOLE CARDS ***
Dealt to Dorex2007 [6s Qc]
Krokus2864 leaves the table
Cardumais: folds 
sauks21: folds 
kusto1488: raises $0.04 to $0.06
Dorex2007: folds 
Sal0kcin: folds 
LuckyQQt: raises $0.04 to $0.10
roma19765: folds 
O4KOHABbIKA: folds 
kusto1488: calls $0.04
*** FLOP *** [2s 9d 4c]
kusto1488: checks 
a.h.s.1989 joins the table at seat #7 
sauks21 is disconnected 
LuckyQQt: checks 
*** TURN *** [2s 9d 4c] [Js]
kusto1488: checks 
LuckyQQt: checks 
*** RIVER *** [2s 9d 4c Js] [Jh]
kusto1488: bets $0.12
LuckyQQt: raises $0.12 to $0.24
kusto1488: calls $0.12
*** SHOW DOWN ***
LuckyQQt: shows [Ks Kc] (two pair, Kings and Jacks)
kusto1488: mucks hand 
LuckyQQt collected $0.69 from pot
*** SUMMARY ***
Total pot $0.71 | Rake $0.02 
Board [2s 9d 4c Js Jh]
Seat 1: Cardumais folded before Flop (didn't bet)
Seat 2: sauks21 folded before Flop (didn't bet)
Seat 3: kusto1488 mucked [9s Qs]
Seat 4: Dorex2007 folded before Flop (didn't bet)
Seat 5: Sal0kcin folded before Flop (didn't bet)
Seat 6: LuckyQQt (button) showed [Ks Kc] and won ($0.69) with two pair, Kings and Jacks
Seat 8: roma19765 (small blind) folded before Flop
Seat 9: O4KOHABbIKA (big blind) folded before Flop



PokerStars Hand #224014050812:  Hold'em No Limit ($0.01/$0.02 USD) - 2021/02/19 21:26:39 PT [2021/02/20 0:26:39 ET]
Table 'Leukothea VI' 9-max Seat #8 is the button
Seat 1: Cardumais ($2.15 in chips) 
Seat 2: sauks21 ($4.45 in chips) 
Seat 3: kusto1488 ($1.66 in chips) 
Seat 4: Dorex2007 ($6.33 in chips) 
Seat 5: Sal0kcin ($1.97 in chips) 
Seat 6: LuckyQQt ($2.20 in chips) 
Seat 7: a.h.s.1989 ($0.80 in chips) 
Seat 8: roma19765 ($1.66 in chips) 
Seat 9: O4KOHABbIKA ($2.36 in chips) 
O4KOHABbIKA: posts small blind $0.01
Cardumais: posts big blind $0.02
a.h.s.1989: posts big blind $0.02
*** HOLE CARDS ***
Dealt to Dorex2007 [4h Ks]
sauks21 has timed out while disconnected
sauks21: folds 
kusto1488: folds 
Dorex2007: folds 
Sal0kcin: folds 
LuckyQQt: calls $0.02
a.h.s.1989: checks 
roma19765: folds 
O4KOHABbIKA: calls $0.01
Cardumais: checks 
*** FLOP *** [Td 5s 2d]
O4KOHABbIKA: checks 
Cardumais: checks 
LuckyQQt: checks 
a.h.s.1989: checks 
*** TURN *** [Td 5s 2d] [Kh]
O4KOHABbIKA: bets $0.02
Cardumais: folds 
LuckyQQt: folds 
a.h.s.1989: folds 
Uncalled bet ($0.02) returned to O4KOHABbIKA
O4KOHABbIKA collected $0.08 from pot
O4KOHABbIKA: doesn't show hand 
*** SUMMARY ***
Total pot $0.08 | Rake $0 
Board [Td 5s 2d Kh]
Seat 1: Cardumais (big blind) folded on the Turn
Seat 2: sauks21 folded before Flop (didn't bet)
Seat 3: kusto1488 folded before Flop (didn't bet)
Seat 4: Dorex2007 folded before Flop (didn't bet)
Seat 5: Sal0kcin folded before Flop (didn't bet)
Seat 6: LuckyQQt folded on the Turn
Seat 7: a.h.s.1989 folded on the Turn (didn't bet)
Seat 8: roma19765 (button) folded before Flop (didn't bet)
Seat 9: O4KOHABbIKA (small blind) collected ($0.08)



PokerStars Hand #224014064805:  Hold'em No Limit ($0.01/$0.02 USD) - 2021/02/19 21:27:33 PT [2021/02/20 0:27:33 ET]
Table 'Leukothea VI' 9-max Seat #9 is the button
Seat 1: Cardumais ($2.13 in chips) 
Seat 3: kusto1488 ($1.66 in chips) 
Seat 4: Dorex2007 ($6.33 in chips) 
Seat 5: Sal0kcin ($1.97 in chips) 
Seat 6: LuckyQQt ($2.18 in chips) 
Seat 7: a.h.s.1989 ($0.78 in chips) 
Seat 8: roma19765 ($1.66 in chips) 
Seat 9: O4KOHABbIKA ($2.42 in chips) 
Cardumais: posts small blind $0.01
kusto1488: posts big blind $0.02
*** HOLE CARDS ***
Dealt to Dorex2007 [4h As]
Dorex2007: folds 
Sal0kcin: folds 
LuckyQQt: folds 
a.h.s.1989: calls $0.02
roma19765: folds 
O4KOHABbIKA: folds 
Cardumais: calls $0.01
kusto1488: checks 
*** FLOP *** [Jh Qs Jd]
Cardumais: checks 
kusto1488: checks 
a.h.s.1989: bets $0.02
Cardumais: folds 
kusto1488: folds 
Uncalled bet ($0.02) returned to a.h.s.1989
a.h.s.1989 collected $0.06 from pot
a.h.s.1989: doesn't show hand 
*** SUMMARY ***
Total pot $0.06 | Rake $0 
Board [Jh Qs Jd]
Seat 1: Cardumais (small blind) folded on the Flop
Seat 3: kusto1488 (big blind) folded on the Flop
Seat 4: Dorex2007 folded before Flop (didn't bet)
Seat 5: Sal0kcin folded before Flop (didn't bet)
Seat 6: LuckyQQt folded before Flop (didn't bet)
Seat 7: a.h.s.1989 collected ($0.06)
Seat 8: roma19765 folded before Flop (didn't bet)
Seat 9: O4KOHABbIKA (button) folded before Flop (didn't bet)



PokerStars Hand #224014073449:  Hold'em No Limit ($0.01/$0.02 USD) - 2021/02/19 21:28:07 PT [2021/02/20 0:28:07 ET]
Table 'Leukothea VI' 9-max Seat #1 is the button
Seat 1: Cardumais ($2.11 in chips) 
Seat 3: kusto1488 ($1.64 in chips) 
Seat 4: Dorex2007 ($6.33 in chips) 
Seat 5: Sal0kcin ($1.97 in chips) 
Seat 6: LuckyQQt ($2.18 in chips) 
Seat 7: a.h.s.1989 ($0.82 in chips) 
Seat 8: roma19765 ($1.66 in chips) 
Seat 9: O4KOHABbIKA ($2.42 in chips) 
kusto1488: posts small blind $0.01
Dorex2007: posts big blind $0.02
*** HOLE CARDS ***
Dealt to Dorex2007 [Ad 2d]
Sal0kcin: folds 
LuckyQQt: folds 
a.h.s.1989: folds 
roma19765: folds 
O4KOHABbIKA: folds 
Cardumais: calls $0.02
kusto1488: folds 
Dorex2007: checks 
*** FLOP *** [3h 2s As]
Dorex2007: checks 
Cardumais: checks 
*** TURN *** [3h 2s As] [Td]
Dorex2007: bets $0.03
Cardumais: folds 
Uncalled bet ($0.03) returned to Dorex2007
Dorex2007 collected $0.05 from pot
Dorex2007: doesn't show hand 
*** SUMMARY ***
Total pot $0.05 | Rake $0 
Board [3h 2s As Td]
Seat 1: Cardumais (button) folded on the Turn
Seat 3: kusto1488 (small blind) folded before Flop
Seat 4: Dorex2007 (big blind) collected ($0.05)
Seat 5: Sal0kcin folded before Flop (didn't bet)
Seat 6: LuckyQQt folded before Flop (didn't bet)
Seat 7: a.h.s.1989 folded before Flop (didn't bet)
Seat 8: roma19765 folded before Flop (didn't bet)
Seat 9: O4KOHABbIKA folded before Flop (didn't bet)



PokerStars Hand #224014085779:  Hold'em No Limit ($0.01/$0.02 USD) - 2021/02/19 21:28:54 PT [2021/02/20 0:28:54 ET]
Table 'Leukothea VI' 9-max Seat #3 is the button
Seat 1: Cardumais ($2.09 in chips) 
Seat 3: kusto1488 ($1.63 in chips) 
Seat 4: Dorex2007 ($6.36 in chips) 
Seat 5: Sal0kcin ($1.97 in chips) 
Seat 6: LuckyQQt ($2.18 in chips) 
Seat 7: a.h.s.1989 ($0.82 in chips) 
Seat 8: roma19765 ($1.66 in chips) 
Seat 9: O4KOHABbIKA ($2.42 in chips) 
Dorex2007: posts small blind $0.01
Sal0kcin: posts big blind $0.02
*** HOLE CARDS ***
Dealt to Dorex2007 [Td 8c]
LuckyQQt: calls $0.02
a.h.s.1989: folds 
roma19765: folds 
O4KOHABbIKA: folds 
Cardumais: calls $0.02
kusto1488: folds 
Dorex2007: folds 
Sal0kcin: raises $0.02 to $0.04
LuckyQQt: calls $0.02
Cardumais: calls $0.02
*** FLOP *** [3s 3d 3c]
Sal0kcin: checks 
LuckyQQt: checks 
Cardumais: checks 
*** TURN *** [3s 3d 3c] [Qs]
Sal0kcin: bets $0.04
LuckyQQt: folds 
Cardumais: calls $0.04
*** RIVER *** [3s 3d 3c Qs] [5d]
Sal0kcin: checks 
Cardumais: checks 
*** SHOW DOWN ***
Sal0kcin: shows [As 8s] (three of a kind, Threes)
Cardumais: shows [Qc Kd] (a full house, Threes full of Queens)
Cardumais collected $0.20 from pot
*** SUMMARY ***
Total pot $0.21 | Rake $0.01 
Board [3s 3d 3c Qs 5d]
Seat 1: Cardumais showed [Qc Kd] and won ($0.20) with a full house, Threes full of Queens
Seat 3: kusto1488 (button) folded before Flop (didn't bet)
Seat 4: Dorex2007 (small blind) folded before Flop
Seat 5: Sal0kcin (big blind) showed [As 8s] and lost with three of a kind, Threes
Seat 6: LuckyQQt folded on the Turn
Seat 7: a.h.s.1989 folded before Flop (didn't bet)
Seat 8: roma19765 folded before Flop (didn't bet)
Seat 9: O4KOHABbIKA folded before Flop (didn't bet)



PokerStars Hand #224014103866:  Hold'em No Limit ($0.01/$0.02 USD) - 2021/02/19 21:29:44 PT [2021/02/20 0:29:44 ET]
Table 'Leukothea VI' 9-max Seat #4 is the button
Seat 1: Cardumais ($2.21 in chips) 
Seat 3: kusto1488 ($1.63 in chips) 
Seat 4: Dorex2007 ($6.35 in chips) 
Seat 5: Sal0kcin ($1.89 in chips) 
Seat 6: LuckyQQt ($2.14 in chips) 
Seat 7: a.h.s.1989 ($0.82 in chips) 
Seat 8: roma19765 ($1.66 in chips) 
Seat 9: O4KOHABbIKA ($2.42 in chips) 
Sal0kcin: posts small blind $0.01
LuckyQQt: posts big blind $0.02
*** HOLE CARDS ***
Dealt to Dorex2007 [Js 5h]
a.h.s.1989: calls $0.02
roma19765: folds 
O4KOHABbIKA: folds 
Cardumais: calls $0.02
kusto1488: raises $0.13 to $0.15
Dorex2007: folds 
Sal0kcin: folds 
LuckyQQt: folds 
a.h.s.1989: calls $0.13
Cardumais: folds 
*** FLOP *** [9s Ks Ts]
a.h.s.1989: checks 
kusto1488: bets $0.20
a.h.s.1989: folds 
Uncalled bet ($0.20) returned to kusto1488
kusto1488 collected $0.34 from pot
kusto1488: doesn't show hand 
*** SUMMARY ***
Total pot $0.35 | Rake $0.01 
Board [9s Ks Ts]
Seat 1: Cardumais folded before Flop
Seat 3: kusto1488 collected ($0.34)
Seat 4: Dorex2007 (button) folded before Flop (didn't bet)
Seat 5: Sal0kcin (small blind) folded before Flop
Seat 6: LuckyQQt (big blind) folded before Flop
Seat 7: a.h.s.1989 folded on the Flop
Seat 8: roma19765 folded before Flop (didn't bet)
Seat 9: O4KOHABbIKA folded before Flop (didn't bet)



PokerStars Hand #224014112779:  Hold'em No Limit ($0.01/$0.02 USD) - 2021/02/19 21:30:19 PT [2021/02/20 0:30:19 ET]
Table 'Leukothea VI' 9-max Seat #5 is the button
Seat 1: Cardumais ($2.19 in chips) 
Seat 3: kusto1488 ($1.82 in chips) 
Seat 4: Dorex2007 ($6.35 in chips) 
Seat 5: Sal0kcin ($1.88 in chips) 
Seat 6: LuckyQQt ($2.12 in chips) 
Seat 7: a.h.s.1989 ($0.67 in chips) 
Seat 8: roma19765 ($1.66 in chips) 
Seat 9: O4KOHABbIKA ($2.42 in chips) 
LuckyQQt: posts small blind $0.01
a.h.s.1989: posts big blind $0.02
*** HOLE CARDS ***
Dealt to Dorex2007 [Js Jc]
roma19765: folds 
O4KOHABbIKA: raises $0.04 to $0.06
Cardumais: folds 
kusto1488: calls $0.06
Dorex2007: calls $0.06
Sal0kcin: folds 
LuckyQQt: folds 
a.h.s.1989: calls $0.04
*** FLOP *** [Qd 3d 3s]
a.h.s.1989: checks 
O4KOHABbIKA: bets $0.06
kusto1488: calls $0.06
Dorex2007: folds 
a.h.s.1989: calls $0.06
*** TURN *** [Qd 3d 3s] [9s]
a.h.s.1989: checks 
O4KOHABbIKA: bets $0.18
kusto1488: folds 
a.h.s.1989: calls $0.18
*** RIVER *** [Qd 3d 3s 9s] [Ks]
a.h.s.1989: checks 
O4KOHABbIKA: bets $0.20
a.h.s.1989: folds 
Uncalled bet ($0.20) returned to O4KOHABbIKA
O4KOHABbIKA collected $0.76 from pot
O4KOHABbIKA: doesn't show hand 
*** SUMMARY ***
Total pot $0.79 | Rake $0.03 
Board [Qd 3d 3s 9s Ks]
Seat 1: Cardumais folded before Flop (didn't bet)
Seat 3: kusto1488 folded on the Turn
Seat 4: Dorex2007 folded on the Flop
Seat 5: Sal0kcin (button) folded before Flop (didn't bet)
Seat 6: LuckyQQt (small blind) folded before Flop
Seat 7: a.h.s.1989 (big blind) folded on the River
Seat 8: roma19765 folded before Flop (didn't bet)
Seat 9: O4KOHABbIKA collected ($0.76)



PokerStars Hand #224014139754:  Hold'em No Limit ($0.01/$0.02 USD) - 2021/02/19 21:32:06 PT [2021/02/20 0:32:06 ET]
Table 'Leukothea VI' 9-max Seat #6 is the button
Seat 1: Cardumais ($2.19 in chips) 
Seat 3: kusto1488 ($1.70 in chips) 
Seat 4: Dorex2007 ($6.29 in chips) 
Seat 6: LuckyQQt ($2.11 in chips) 
Seat 7: a.h.s.1989 ($0.37 in chips) 
Seat 8: roma19765 ($1.66 in chips) 
Seat 9: O4KOHABbIKA ($2.88 in chips) 
a.h.s.1989: posts small blind $0.01
roma19765: posts big blind $0.02
*** HOLE CARDS ***
Dealt to Dorex2007 [Js Qs]
O4KOHABbIKA: folds 
Cardumais: calls $0.02
kusto1488: raises $0.11 to $0.13
Dorex2007: folds 
LuckyQQt: folds 
a.h.s.1989: calls $0.12
roma19765: folds 
Cardumais: calls $0.11
*** FLOP *** [Qc Qd Jd]
a.h.s.1989: bets $0.02
Cardumais: calls $0.02
kusto1488: raises $0.14 to $0.16
a.h.s.1989: folds 
Cardumais: calls $0.14
*** TURN *** [Qc Qd Jd] [Kd]
Cardumais: checks 
kusto1488: checks 
*** RIVER *** [Qc Qd Jd Kd] [Ts]
Cardumais: checks 
kusto1488: checks 
*** SHOW DOWN ***
Cardumais: shows [Th 9h] (a straight, Nine to King)
kusto1488: shows [Ad Ah] (a straight, Ten to Ace)
kusto1488 collected $0.72 from pot
*** SUMMARY ***
Total pot $0.75 | Rake $0.03 
Board [Qc Qd Jd Kd Ts]
Seat 1: Cardumais showed [Th 9h] and lost with a straight, Nine to King
Seat 3: kusto1488 showed [Ad Ah] and won ($0.72) with a straight, Ten to Ace
Seat 4: Dorex2007 folded before Flop (didn't bet)
Seat 6: LuckyQQt (button) folded before Flop (didn't bet)
Seat 7: a.h.s.1989 (small blind) folded on the Flop
Seat 8: roma19765 (big blind) folded before Flop
Seat 9: O4KOHABbIKA folded before Flop (didn't bet)



PokerStars Hand #224014153475:  Hold'em No Limit ($0.01/$0.02 USD) - 2021/02/19 21:33:01 PT [2021/02/20 0:33:01 ET]
Table 'Leukothea VI' 9-max Seat #7 is the button
Seat 1: Cardumais ($1.90 in chips) 
Seat 3: kusto1488 ($2.13 in chips) 
Seat 4: Dorex2007 ($6.29 in chips) 
Seat 6: LuckyQQt ($2.11 in chips) 
Seat 7: a.h.s.1989 ($0.22 in chips) 
Seat 8: roma19765 ($1.64 in chips) 
Seat 9: O4KOHABbIKA ($2.88 in chips) 
roma19765: posts small blind $0.01
O4KOHABbIKA: posts big blind $0.02
*** HOLE CARDS ***
Dealt to Dorex2007 [4s As]
Cardumais: folds 
kusto1488: raises $0.04 to $0.06
Dorex2007: folds 
a.h.s.1989 is disconnected 
LuckyQQt: calls $0.06
a.h.s.1989 is connected 
a.h.s.1989 has timed out
a.h.s.1989: folds 
roma19765: folds 
O4KOHABbIKA: folds 
*** FLOP *** [Jd 3h Js]
kusto1488: checks 
LuckyQQt: checks 
*** TURN *** [Jd 3h Js] [3s]
kusto1488: checks 
LuckyQQt: checks 
*** RIVER *** [Jd 3h Js 3s] [Ah]
kusto1488: checks 
sauks21 said, "Phone died :/"
LuckyQQt: bets $2.05 and is all-in
kusto1488: folds 
Uncalled bet ($2.05) returned to LuckyQQt
LuckyQQt collected $0.14 from pot
LuckyQQt: doesn't show hand 
*** SUMMARY ***
Total pot $0.15 | Rake $0.01 
Board [Jd 3h Js 3s Ah]
Seat 1: Cardumais folded before Flop (didn't bet)
Seat 3: kusto1488 folded on the River
Seat 4: Dorex2007 folded before Flop (didn't bet)
Seat 6: LuckyQQt collected ($0.14)
Seat 7: a.h.s.1989 (button) folded before Flop (didn't bet)
Seat 8: roma19765 (small blind) folded before Flop
Seat 9: O4KOHABbIKA (big blind) folded before Flop



PokerStars Hand #224014169484:  Hold'em No Limit ($0.01/$0.02 USD) - 2021/02/19 21:34:04 PT [2021/02/20 0:34:04 ET]
Table 'Leukothea VI' 9-max Seat #8 is the button
Seat 1: Cardumais ($1.90 in chips) 
Seat 3: kusto1488 ($2.07 in chips) 
Seat 4: Dorex2007 ($6.29 in chips) 
Seat 6: LuckyQQt ($2.19 in chips) 
Seat 7: a.h.s.1989 ($0.22 in chips) 
Seat 8: roma19765 ($1.63 in chips) 
Seat 9: O4KOHABbIKA ($2.86 in chips) 
O4KOHABbIKA: posts small blind $0.01
Cardumais: posts big blind $0.02
sauks21: sits out 
*** HOLE CARDS ***
Dealt to Dorex2007 [7s 8d]
kusto1488: folds 
Dorex2007: folds 
sauks21 said, "What I miss??"
LuckyQQt: calls $0.02
a.h.s.1989: calls $0.02
roma19765: folds 
O4KOHABbIKA: folds 
Cardumais: checks 
*** FLOP *** [Tc 4d 3s]
Dorex2007 said, "nothing. it's slowing down"
Cardumais: bets $0.02
LuckyQQt: folds 
a.h.s.1989: folds 
Uncalled bet ($0.02) returned to Cardumais
Cardumais collected $0.07 from pot
Cardumais: doesn't show hand 
*** SUMMARY ***
Total pot $0.07 | Rake $0 
Board [Tc 4d 3s]
Seat 1: Cardumais (big blind) collected ($0.07)
Seat 3: kusto1488 folded before Flop (didn't bet)
Seat 4: Dorex2007 folded before Flop (didn't bet)
Seat 6: LuckyQQt folded on the Flop
Seat 7: a.h.s.1989 folded on the Flop
Seat 8: roma19765 (button) folded before Flop (didn't bet)
Seat 9: O4KOHABbIKA (small blind) folded before Flop



PokerStars Hand #224014176698:  Hold'em No Limit ($0.01/$0.02 USD) - 2021/02/19 21:34:33 PT [2021/02/20 0:34:33 ET]
Table 'Leukothea VI' 9-max Seat #9 is the button
Seat 1: Cardumais ($1.95 in chips) 
Seat 2: sauks21 ($4.45 in chips) 
Seat 3: kusto1488 ($2.07 in chips) 
Seat 4: Dorex2007 ($6.29 in chips) 
Seat 5: Sal0kcin ($1.88 in chips) 
Seat 6: LuckyQQt ($2.17 in chips) 
Seat 7: a.h.s.1989 ($0.20 in chips) 
Seat 8: roma19765 ($1.63 in chips) 
Seat 9: O4KOHABbIKA ($2.85 in chips) 
Cardumais: posts small blind $0.01
sauks21: posts big blind $0.02
*** HOLE CARDS ***
Dealt to Dorex2007 [Ah 2d]
kusto1488: folds 
Dorex2007: folds 
Sal0kcin: folds 
LuckyQQt: calls $0.02
a.h.s.1989: calls $0.02
roma19765: raises $0.10 to $0.12
O4KOHABbIKA: folds 
Cardumais: folds 
sauks21: calls $0.10
LuckyQQt: calls $0.10
sauks21 said, "Ahh even split Russia / Canada "
a.h.s.1989: folds 
*** FLOP *** [3d 7s As]
sauks21: checks 
LuckyQQt: checks 
roma19765: bets $0.10
sauks21: raises $0.29 to $0.39
LuckyQQt: folds 
roma19765: folds 
Uncalled bet ($0.29) returned to sauks21
sauks21 collected $0.57 from pot
sauks21: doesn't show hand 
*** SUMMARY ***
Total pot $0.59 | Rake $0.02 
Board [3d 7s As]
Seat 1: Cardumais (small blind) folded before Flop
Seat 2: sauks21 (big blind) collected ($0.57)
Seat 3: kusto1488 folded before Flop (didn't bet)
Seat 4: Dorex2007 folded before Flop (didn't bet)
Seat 5: Sal0kcin folded before Flop (didn't bet)
Seat 6: LuckyQQt folded on the Flop
Seat 7: a.h.s.1989 folded before Flop
Seat 8: roma19765 folded on the Flop
Seat 9: O4KOHABbIKA (button) folded before Flop (didn't bet)



PokerStars Hand #224014194541:  Hold'em No Limit ($0.01/$0.02 USD) - 2021/02/19 21:35:44 PT [2021/02/20 0:35:44 ET]
Table 'Leukothea VI' 9-max Seat #1 is the button
Seat 1: Cardumais ($1.94 in chips) 
Seat 2: sauks21 ($4.80 in chips) 
Seat 3: kusto1488 ($2.07 in chips) 
Seat 4: Dorex2007 ($6.29 in chips) 
Seat 5: Sal0kcin ($1.88 in chips) 
Seat 6: LuckyQQt ($2.05 in chips) 
Seat 7: a.h.s.1989 ($0.18 in chips) 
Seat 8: roma19765 ($1.41 in chips) 
Seat 9: O4KOHABbIKA ($2.85 in chips) 
sauks21: posts small blind $0.01
kusto1488: posts big blind $0.02
*** HOLE CARDS ***
Dealt to Dorex2007 [Ad 2d]
sauks21 said, "Call"
Dorex2007: folds 
sauks21 said, "Rats"
Sal0kcin: folds 
LuckyQQt: folds 
a.h.s.1989: raises $0.02 to $0.04
roma19765: folds 
O4KOHABbIKA: folds 
Cardumais: folds 
sauks21: folds 
kusto1488: calls $0.02
*** FLOP *** [5c Jc Qh]
kusto1488: checks 
a.h.s.1989: bets $0.04
kusto1488: calls $0.04
*** TURN *** [5c Jc Qh] [7s]
kusto1488: checks 
a.h.s.1989: bets $0.10 and is all-in
kusto1488: calls $0.10
*** RIVER *** [5c Jc Qh 7s] [9d]
*** SHOW DOWN ***
kusto1488: shows [5h 4h] (a pair of Fives)
a.h.s.1989: shows [2h 2c] (a pair of Deuces)
kusto1488 collected $0.36 from pot
*** SUMMARY ***
Total pot $0.37 | Rake $0.01 
Board [5c Jc Qh 7s 9d]
Seat 1: Cardumais (button) folded before Flop (didn't bet)
Seat 2: sauks21 (small blind) folded before Flop
Seat 3: kusto1488 (big blind) showed [5h 4h] and won ($0.36) with a pair of Fives
Seat 4: Dorex2007 folded before Flop (didn't bet)
Seat 5: Sal0kcin folded before Flop (didn't bet)
Seat 6: LuckyQQt folded before Flop (didn't bet)
Seat 7: a.h.s.1989 showed [2h 2c] and lost with a pair of Deuces
Seat 8: roma19765 folded before Flop (didn't bet)
Seat 9: O4KOHABbIKA folded before Flop (didn't bet)



PokerStars Hand #224014208436:  Hold'em No Limit ($0.01/$0.02 USD) - 2021/02/19 21:36:39 PT [2021/02/20 0:36:39 ET]
Table 'Leukothea VI' 9-max Seat #2 is the button
Seat 1: Cardumais ($1.94 in chips) 
Seat 2: sauks21 ($4.79 in chips) 
Seat 3: kusto1488 ($2.25 in chips) 
Seat 4: Dorex2007 ($6.29 in chips) 
Seat 5: Sal0kcin ($1.88 in chips) 
Seat 6: LuckyQQt ($2.05 in chips) 
Seat 8: roma19765 ($1.41 in chips) 
Seat 9: O4KOHABbIKA ($2.85 in chips) 
kusto1488: posts small blind $0.01
Dorex2007: posts big blind $0.02
*** HOLE CARDS ***
Dealt to Dorex2007 [Th 4h]
Sal0kcin: folds 
LuckyQQt: calls $0.02
roma19765: folds 
O4KOHABbIKA: folds 
Cardumais: calls $0.02
sauks21: folds 
kusto1488: folds 
Dorex2007: checks 
*** FLOP *** [Qs Qd 8d]
sauks21 said, "2 7 no good?"
sauks21 said, "Nope"
Dorex2007: checks 
LuckyQQt: checks 
Cardumais: checks 
*** TURN *** [Qs Qd 8d] [4c]
Dorex2007: checks 
LuckyQQt: checks 
Cardumais: checks 
*** RIVER *** [Qs Qd 8d 4c] [Kh]
Dorex2007: checks 
LuckyQQt: bets $0.34
Cardumais: folds 
Dorex2007: folds 
Uncalled bet ($0.34) returned to LuckyQQt
LuckyQQt collected $0.07 from pot
LuckyQQt: doesn't show hand 
*** SUMMARY ***
Total pot $0.07 | Rake $0 
Board [Qs Qd 8d 4c Kh]
Seat 1: Cardumais folded on the River
Seat 2: sauks21 (button) folded before Flop (didn't bet)
Seat 3: kusto1488 (small blind) folded before Flop
Seat 4: Dorex2007 (big blind) folded on the River
Seat 5: Sal0kcin folded before Flop (didn't bet)
Seat 6: LuckyQQt collected ($0.07)
Seat 8: roma19765 folded before Flop (didn't bet)
Seat 9: O4KOHABbIKA folded before Flop (didn't bet)



PokerStars Hand #224014229201:  Hold'em No Limit ($0.01/$0.02 USD) - 2021/02/19 21:38:01 PT [2021/02/20 0:38:01 ET]
Table 'Leukothea VI' 9-max Seat #3 is the button
Seat 1: Cardumais ($1.92 in chips) 
Seat 2: sauks21 ($4.79 in chips) 
Seat 3: kusto1488 ($2.24 in chips) 
Seat 4: Dorex2007 ($6.27 in chips) 
Seat 6: LuckyQQt ($2.10 in chips) 
Seat 7: a.h.s.1989 ($0.80 in chips) 
Seat 8: roma19765 ($1.41 in chips) 
Seat 9: O4KOHABbIKA ($2.85 in chips) 
Dorex2007: posts small blind $0.01
LuckyQQt: posts big blind $0.02
*** HOLE CARDS ***
Dealt to Dorex2007 [4c 3s]
a.h.s.1989: folds 
roma19765: folds 
O4KOHABbIKA: folds 
Cardumais: folds 
sauks21: folds 
kusto1488: folds 
Dorex2007: raises $0.04 to $0.06
LuckyQQt: folds 
Uncalled bet ($0.04) returned to Dorex2007
Dorex2007 collected $0.04 from pot
Dorex2007: doesn't show hand 
*** SUMMARY ***
Total pot $0.04 | Rake $0 
Seat 1: Cardumais folded before Flop (didn't bet)
Seat 2: sauks21 folded before Flop (didn't bet)
Seat 3: kusto1488 (button) folded before Flop (didn't bet)
Seat 4: Dorex2007 (small blind) collected ($0.04)
Seat 6: LuckyQQt (big blind) folded before Flop
Seat 7: a.h.s.1989 folded before Flop (didn't bet)
Seat 8: roma19765 folded before Flop (didn't bet)
Seat 9: O4KOHABbIKA folded before Flop (didn't bet)



PokerStars Hand #224014235266:  Hold'em No Limit ($0.01/$0.02 USD) - 2021/02/19 21:38:26 PT [2021/02/20 0:38:26 ET]
Table 'Leukothea VI' 9-max Seat #4 is the button
Seat 1: Cardumais ($1.92 in chips) 
Seat 2: sauks21 ($4.79 in chips) 
Seat 3: kusto1488 ($2.24 in chips) 
Seat 4: Dorex2007 ($6.29 in chips) 
Seat 6: LuckyQQt ($2.08 in chips) 
Seat 7: a.h.s.1989 ($0.80 in chips) 
Seat 8: roma19765 ($1.41 in chips) 
Seat 9: O4KOHABbIKA ($2.85 in chips) 
LuckyQQt: posts small blind $0.01
a.h.s.1989: posts big blind $0.02
*** HOLE CARDS ***
Dealt to Dorex2007 [Kd 3s]
roma19765 has timed out
roma19765: folds 
O4KOHABbIKA: folds 
Cardumais: calls $0.02
sauks21: folds 
kusto1488: calls $0.02
Dorex2007: folds 
LuckyQQt: calls $0.01
a.h.s.1989: checks 
*** FLOP *** [9s 5h 5s]
LuckyQQt: checks 
a.h.s.1989: bets $0.02
sauks21 said, "No 4 5 limp here"
Cardumais: calls $0.02
kusto1488: calls $0.02
LuckyQQt: folds 
*** TURN *** [9s 5h 5s] [4h]
a.h.s.1989: bets $0.07
sauks21 said, "Faaaak"
Cardumais: calls $0.07
kusto1488: folds 
*** RIVER *** [9s 5h 5s 4h] [2h]
a.h.s.1989: bets $0.27
Cardumais: folds 
Uncalled bet ($0.27) returned to a.h.s.1989
a.h.s.1989 collected $0.27 from pot
a.h.s.1989: doesn't show hand 
*** SUMMARY ***
Total pot $0.28 | Rake $0.01 
Board [9s 5h 5s 4h 2h]
Seat 1: Cardumais folded on the River
Seat 2: sauks21 folded before Flop (didn't bet)
Seat 3: kusto1488 folded on the Turn
Seat 4: Dorex2007 (button) folded before Flop (didn't bet)
Seat 6: LuckyQQt (small blind) folded on the Flop
Seat 7: a.h.s.1989 (big blind) collected ($0.27)
Seat 8: roma19765 folded before Flop (didn't bet)
Seat 9: O4KOHABbIKA folded before Flop (didn't bet)



PokerStars Hand #224014251613:  Hold'em No Limit ($0.01/$0.02 USD) - 2021/02/19 21:39:19 PT [2021/02/20 0:39:19 ET]
Table 'Leukothea VI' 9-max Seat #6 is the button
Seat 1: Cardumais ($1.81 in chips) 
Seat 2: sauks21 ($4.79 in chips) 
Seat 3: kusto1488 ($2.20 in chips) 
Seat 4: Dorex2007 ($6.29 in chips) 
Seat 6: LuckyQQt ($2.06 in chips) 
Seat 7: a.h.s.1989 ($0.96 in chips) 
Seat 8: roma19765 ($1.41 in chips) 
Seat 9: O4KOHABbIKA ($2.85 in chips) 
a.h.s.1989: posts small blind $0.01
roma19765: posts big blind $0.02
Sal0kcin: sits out 
*** HOLE CARDS ***
Dealt to Dorex2007 [Qs As]
sauks21 said, "Seriously 4. 5"
O4KOHABbIKA: folds 
Cardumais: calls $0.02
sauks21: raises $0.04 to $0.06
kusto1488: folds 
Dorex2007: calls $0.06
LuckyQQt: folds 
Dorex2007 said, "mine!!"
sauks21 said, "Mid pockets"
a.h.s.1989: calls $0.05
roma19765: folds 
Cardumais: calls $0.04
*** FLOP *** [3s Ks 9d]
a.h.s.1989: checks 
Cardumais: checks 
sauks21: checks 
Dorex2007: bets $0.13
a.h.s.1989: folds 
Cardumais: folds 
sauks21: folds 
Uncalled bet ($0.13) returned to Dorex2007
Dorex2007 collected $0.25 from pot
Dorex2007: doesn't show hand 
*** SUMMARY ***
Total pot $0.26 | Rake $0.01 
Board [3s Ks 9d]
Seat 1: Cardumais folded on the Flop
Seat 2: sauks21 folded on the Flop
Seat 3: kusto1488 folded before Flop (didn't bet)
Seat 4: Dorex2007 collected ($0.25)
Seat 6: LuckyQQt (button) folded before Flop (didn't bet)
Seat 7: a.h.s.1989 (small blind) folded on the Flop
Seat 8: roma19765 (big blind) folded before Flop
Seat 9: O4KOHABbIKA folded before Flop (didn't bet)



PokerStars Hand #224014268042:  Hold'em No Limit ($0.01/$0.02 USD) - 2021/02/19 21:40:25 PT [2021/02/20 0:40:25 ET]
Table 'Leukothea VI' 9-max Seat #7 is the button
Seat 1: Cardumais ($1.75 in chips) 
Seat 2: sauks21 ($4.73 in chips) 
Seat 3: kusto1488 ($2.20 in chips) 
Seat 4: Dorex2007 ($6.48 in chips) 
Seat 6: LuckyQQt ($2.06 in chips) 
Seat 7: a.h.s.1989 ($0.90 in chips) 
Seat 8: roma19765 ($1.39 in chips) 
Seat 9: O4KOHABbIKA ($2.85 in chips) 
roma19765: posts small blind $0.01
O4KOHABbIKA: posts big blind $0.02
Sal0kcin: sits out 
*** HOLE CARDS ***
Dealt to Dorex2007 [Kd 7h]
Cardumais: calls $0.02
Dorex2007 said, "see !!"
sauks21: calls $0.02
kusto1488: folds 
Dorex2007: folds 
LuckyQQt: calls $0.02
a.h.s.1989: calls $0.02
sauks21 said, "Better have been better than 2 of those"
roma19765: calls $0.01
O4KOHABbIKA: checks 
*** FLOP *** [5d Tc 5c]
sauks21 said, "Haha 8-8"
roma19765: bets $0.06
O4KOHABbIKA: folds 
Dorex2007 said, "AQs"
Cardumais: folds 
sauks21: folds 
LuckyQQt: folds 
a.h.s.1989: folds 
Uncalled bet ($0.06) returned to roma19765
roma19765 collected $0.12 from pot
roma19765: doesn't show hand 
*** SUMMARY ***
Total pot $0.12 | Rake $0 
Board [5d Tc 5c]
Seat 1: Cardumais folded on the Flop
Seat 2: sauks21 folded on the Flop
Seat 3: kusto1488 folded before Flop (didn't bet)
Seat 4: Dorex2007 folded before Flop (didn't bet)
Seat 6: LuckyQQt folded on the Flop
Seat 7: a.h.s.1989 (button) folded on the Flop
Seat 8: roma19765 (small blind) collected ($0.12)
Seat 9: O4KOHABbIKA (big blind) folded on the Flop



PokerStars Hand #224014287084:  Hold'em No Limit ($0.01/$0.02 USD) - 2021/02/19 21:41:42 PT [2021/02/20 0:41:42 ET]
Table 'Leukothea VI' 9-max Seat #8 is the button
Seat 1: Cardumais ($1.73 in chips) 
Seat 2: sauks21 ($4.71 in chips) 
Seat 3: kusto1488 ($2.20 in chips) 
Seat 4: Dorex2007 ($6.48 in chips) 
Seat 6: LuckyQQt ($2.04 in chips) 
Seat 7: a.h.s.1989 ($0.88 in chips) 
Seat 8: roma19765 ($1.49 in chips) 
Seat 9: O4KOHABbIKA ($2.83 in chips) 
O4KOHABbIKA: posts small blind $0.01
Cardumais: posts big blind $0.02
Sal0kcin: sits out 
*** HOLE CARDS ***
Dealt to Dorex2007 [3s 4s]
sauks21: folds 
kusto1488: folds 
Dorex2007: folds 
LuckyQQt: calls $0.02
a.h.s.1989: calls $0.02
sauks21 said, "Still youd get it"
roma19765: folds 
O4KOHABbIKA: calls $0.01
Cardumais: checks 
*** FLOP *** [5d 9h 7c]
O4KOHABbIKA: checks 
Cardumais: checks 
LuckyQQt: checks 
Dorex2007 said, "yup"
a.h.s.1989: bets $0.02
sauks21 said, "What the! Again?!?"
O4KOHABbIKA: calls $0.02
Cardumais: calls $0.02
sauks21 said, "This is all time craziness "
LuckyQQt: calls $0.02
*** TURN *** [5d 9h 7c] [Kh]
O4KOHABbIKA: checks 
Cardumais: bets $0.15
LuckyQQt: folds 
a.h.s.1989: folds 
O4KOHABbIKA: calls $0.15
*** RIVER *** [5d 9h 7c Kh] [Qd]
sauks21 said, "Wish I could flip folded hands for you guys"
O4KOHABbIKA: bets $0.08
Cardumais: calls $0.08
*** SHOW DOWN ***
O4KOHABbIKA: shows [Js Ks] (a pair of Kings)
Cardumais: shows [Kd 7d] (two pair, Kings and Sevens)
Cardumais collected $0.60 from pot
*** SUMMARY ***
Total pot $0.62 | Rake $0.02 
Board [5d 9h 7c Kh Qd]
Seat 1: Cardumais (big blind) showed [Kd 7d] and won ($0.60) with two pair, Kings and Sevens
Seat 2: sauks21 folded before Flop (didn't bet)
Seat 3: kusto1488 folded before Flop (didn't bet)
Seat 4: Dorex2007 folded before Flop (didn't bet)
Seat 6: LuckyQQt folded on the Turn
Seat 7: a.h.s.1989 folded on the Turn
Seat 8: roma19765 (button) folded before Flop (didn't bet)
Seat 9: O4KOHABbIKA (small blind) showed [Js Ks] and lost with a pair of Kings



PokerStars Hand #224014305162:  Hold'em No Limit ($0.01/$0.02 USD) - 2021/02/19 21:42:54 PT [2021/02/20 0:42:54 ET]
Table 'Leukothea VI' 9-max Seat #9 is the button
Seat 1: Cardumais ($2.06 in chips) 
Seat 2: sauks21 ($4.71 in chips) 
Seat 3: kusto1488 ($2.20 in chips) 
Seat 4: Dorex2007 ($6.48 in chips) 
Seat 6: LuckyQQt ($2 in chips) 
Seat 7: a.h.s.1989 ($0.84 in chips) 
Seat 8: roma19765 ($1.49 in chips) 
Seat 9: O4KOHABbIKA ($2.56 in chips) 
Cardumais: posts small blind $0.01
sauks21: posts big blind $0.02
Sal0kcin: sits out 
*** HOLE CARDS ***
Dealt to Dorex2007 [4d Jh]
kusto1488: folds 
Dorex2007: folds 
Dorex2007 said, "you can set it to be able to show your cards"
LuckyQQt: folds 
a.h.s.1989: raises $0.02 to $0.04
roma19765: folds 
O4KOHABbIKA: folds 
Cardumais: folds 
sauks21: calls $0.02
*** FLOP *** [6c Kc 8d]
sauks21: checks 
a.h.s.1989: bets $0.02
sauks21: calls $0.02
*** TURN *** [6c Kc 8d] [2c]
sauks21: checks 
a.h.s.1989: bets $0.13
sauks21: folds 
Uncalled bet ($0.13) returned to a.h.s.1989
a.h.s.1989 collected $0.13 from pot
a.h.s.1989: doesn't show hand 
*** SUMMARY ***
Total pot $0.13 | Rake $0 
Board [6c Kc 8d 2c]
Seat 1: Cardumais (small blind) folded before Flop
Seat 2: sauks21 (big blind) folded on the Turn
Seat 3: kusto1488 folded before Flop (didn't bet)
Seat 4: Dorex2007 folded before Flop (didn't bet)
Seat 6: LuckyQQt folded before Flop (didn't bet)
Seat 7: a.h.s.1989 collected ($0.13)
Seat 8: roma19765 folded before Flop (didn't bet)
Seat 9: O4KOHABbIKA (button) folded before Flop (didn't bet)



PokerStars Hand #224014318337:  Hold'em No Limit ($0.01/$0.02 USD) - 2021/02/19 21:43:28 PT [2021/02/20 0:43:28 ET]
Table 'Leukothea VI' 9-max Seat #1 is the button
Seat 1: Cardumais ($2.05 in chips) 
Seat 2: sauks21 ($4.65 in chips) 
Seat 3: kusto1488 ($2.20 in chips) 
Seat 4: Dorex2007 ($6.48 in chips) 
Seat 6: LuckyQQt ($2 in chips) 
Seat 7: a.h.s.1989 ($0.91 in chips) 
Seat 8: roma19765 ($1.49 in chips) 
Seat 9: O4KOHABbIKA ($2.56 in chips) 
sauks21: posts small blind $0.01
kusto1488: posts big blind $0.02
Sal0kcin: sits out 
*** HOLE CARDS ***
Dealt to Dorex2007 [7h Jh]
Dorex2007: folds 
sauks21 said, "When I fold preflop??"
LuckyQQt: calls $0.02
a.h.s.1989: raises $0.02 to $0.04
roma19765: folds 
O4KOHABbIKA: folds 
Cardumais: folds 
sauks21: folds 
kusto1488: folds 
LuckyQQt: calls $0.02
*** FLOP *** [Ah Tc Kd]
LuckyQQt: checks 
a.h.s.1989: checks 
*** TURN *** [Ah Tc Kd] [Ad]
sauks21 said, "And flop nuts or similar like 9/10 times?!"
LuckyQQt: checks 
a.h.s.1989: checks 
*** RIVER *** [Ah Tc Kd Ad] [9c]
Dorex2007 said, "I think there is a setting that allows you to click the card you want to show. Not sure about preflop"
LuckyQQt: checks 
a.h.s.1989: checks 
*** SHOW DOWN ***
LuckyQQt: shows [Qh 9d] (two pair, Aces and Nines)
a.h.s.1989: shows [Qs 9s] (two pair, Aces and Nines)
LuckyQQt collected $0.06 from pot
a.h.s.1989 collected $0.05 from pot
*** SUMMARY ***
Total pot $0.11 | Rake $0 
Board [Ah Tc Kd Ad 9c]
Seat 1: Cardumais (button) folded before Flop (didn't bet)
Seat 2: sauks21 (small blind) folded before Flop
Seat 3: kusto1488 (big blind) folded before Flop
Seat 4: Dorex2007 folded before Flop (didn't bet)
Seat 6: LuckyQQt showed [Qh 9d] and won ($0.06) with two pair, Aces and Nines
Seat 7: a.h.s.1989 showed [Qs 9s] and won ($0.05) with two pair, Aces and Nines
Seat 8: roma19765 folded before Flop (didn't bet)
Seat 9: O4KOHABbIKA folded before Flop (didn't bet)



PokerStars Hand #224014331474:  Hold'em No Limit ($0.01/$0.02 USD) - 2021/02/19 21:44:21 PT [2021/02/20 0:44:21 ET]
Table 'Leukothea VI' 9-max Seat #2 is the button
Seat 1: Cardumais ($2.05 in chips) 
Seat 2: sauks21 ($4.64 in chips) 
Seat 3: kusto1488 ($2.18 in chips) 
Seat 4: Dorex2007 ($6.48 in chips) 
Seat 6: LuckyQQt ($2.02 in chips) 
Seat 7: a.h.s.1989 ($0.92 in chips) 
Seat 8: roma19765 ($1.49 in chips) 
Seat 9: O4KOHABbIKA ($2.56 in chips) 
kusto1488: posts small blind $0.01
Dorex2007: posts big blind $0.02
Sal0kcin: sits out 
*** HOLE CARDS ***
Dealt to Dorex2007 [Td 6c]
LuckyQQt: folds 
a.h.s.1989: calls $0.02
roma19765: folds 
O4KOHABbIKA: raises $0.06 to $0.08
Dorex2007 said, "most likely not preflop..."
Cardumais: folds 
sauks21: folds 
kusto1488: folds 
Dorex2007: folds 
a.h.s.1989: calls $0.06
*** FLOP *** [3c Th Ac]
LuckyQQt leaves the table
a.h.s.1989: checks 
sauks21 said, "I get yelled at in casinos for it haha"
Cardumais leaves the table
O4KOHABbIKA: bets $0.08
a.h.s.1989: folds 
Uncalled bet ($0.08) returned to O4KOHABbIKA
O4KOHABbIKA collected $0.18 from pot
O4KOHABbIKA: doesn't show hand 
*** SUMMARY ***
Total pot $0.19 | Rake $0.01 
Board [3c Th Ac]
Seat 1: Cardumais folded before Flop (didn't bet)
Seat 2: sauks21 (button) folded before Flop (didn't bet)
Seat 3: kusto1488 (small blind) folded before Flop
Seat 4: Dorex2007 (big blind) folded before Flop
Seat 6: LuckyQQt folded before Flop (didn't bet)
Seat 7: a.h.s.1989 folded on the Flop
Seat 8: roma19765 folded before Flop (didn't bet)
Seat 9: O4KOHABbIKA collected ($0.18)



PokerStars Hand #224014341346:  Hold'em No Limit ($0.01/$0.02 USD) - 2021/02/19 21:45:01 PT [2021/02/20 0:45:01 ET]
Table 'Leukothea VI' 9-max Seat #3 is the button
Seat 2: sauks21 ($4.64 in chips) 
Seat 3: kusto1488 ($2.17 in chips) 
Seat 4: Dorex2007 ($6.46 in chips) 
Seat 5: Sal0kcin ($1.88 in chips) 
Seat 7: a.h.s.1989 ($0.84 in chips) 
Seat 8: roma19765 ($1.49 in chips) 
Seat 9: O4KOHABbIKA ($2.66 in chips) 
Dorex2007: posts small blind $0.01
Sal0kcin: posts big blind $0.02
*** HOLE CARDS ***
Dealt to Dorex2007 [Kd 6s]
sauks21 said, "And for telling my cards in live hands"
a.h.s.1989: calls $0.02
roma19765: folds 
O4KOHABbIKA: folds 
sauks21: calls $0.02
kusto1488: folds 
sauks21 said, "Like a 10"
Dorex2007: folds 
Sal0kcin: checks 
*** FLOP *** [Jh 3s 4s]
Sal0kcin: checks 
a.h.s.1989: checks 
sauks21: checks 
*** TURN *** [Jh 3s 4s] [Ks]
Sal0kcin: checks 
a.h.s.1989: checks 
sauks21: bets $0.03
sauks21 said, "What suit tho?"
Sal0kcin: folds 
a.h.s.1989: calls $0.03
*** RIVER *** [Jh 3s 4s Ks] [Qs]
a.h.s.1989: checks 
sauks21: bets $0.13
a.h.s.1989: calls $0.13
*** SHOW DOWN ***
sauks21: shows [Td As] (a flush, Ace high)
a.h.s.1989: mucks hand 
sauks21 collected $0.38 from pot
*** SUMMARY ***
Total pot $0.39 | Rake $0.01 
Board [Jh 3s 4s Ks Qs]
Seat 2: sauks21 showed [Td As] and won ($0.38) with a flush, Ace high
Seat 3: kusto1488 (button) folded before Flop (didn't bet)
Seat 4: Dorex2007 (small blind) folded before Flop
Seat 5: Sal0kcin (big blind) folded on the Turn
Seat 7: a.h.s.1989 mucked [7d Ts]
Seat 8: roma19765 folded before Flop (didn't bet)
Seat 9: O4KOHABbIKA folded before Flop (didn't bet)



PokerStars Hand #224014365808:  Hold'em No Limit ($0.01/$0.02 USD) - 2021/02/19 21:46:09 PT [2021/02/20 0:46:09 ET]
Table 'Leukothea VI' 9-max Seat #4 is the button
Seat 2: sauks21 ($4.84 in chips) 
Seat 3: kusto1488 ($2.17 in chips) 
Seat 4: Dorex2007 ($6.45 in chips) 
Seat 5: Sal0kcin ($1.86 in chips) 
Seat 7: a.h.s.1989 ($0.66 in chips) 
Seat 8: roma19765 ($1.49 in chips) 
Seat 9: O4KOHABbIKA ($2.66 in chips) 
Sal0kcin: posts small blind $0.01
a.h.s.1989: posts big blind $0.02
*** HOLE CARDS ***
Dealt to Dorex2007 [3d 5s]
roma19765: folds 
O4KOHABbIKA: folds 
sauks21: folds 
roma19765 leaves the table
kusto1488: raises $0.04 to $0.06
Dorex2007: folds 
sauks21 said, "That one!"
cppocker30 joins the table at seat #1 
Sal0kcin: folds 
a.h.s.1989: calls $0.04
*** FLOP *** [As 9h 8c]
a.h.s.1989: bets $0.02
kusto1488: raises $0.11 to $0.13
a.h.s.1989: folds 
Uncalled bet ($0.11) returned to kusto1488
kusto1488 collected $0.16 from pot
kusto1488: doesn't show hand 
*** SUMMARY ***
Total pot $0.17 | Rake $0.01 
Board [As 9h 8c]
Seat 2: sauks21 folded before Flop (didn't bet)
Seat 3: kusto1488 collected ($0.16)
Seat 4: Dorex2007 (button) folded before Flop (didn't bet)
Seat 5: Sal0kcin (small blind) folded before Flop
Seat 7: a.h.s.1989 (big blind) folded on the Flop
Seat 8: roma19765 folded before Flop (didn't bet)
Seat 9: O4KOHABbIKA folded before Flop (didn't bet)



PokerStars Hand #224014372907:  Hold'em No Limit ($0.01/$0.02 USD) - 2021/02/19 21:46:37 PT [2021/02/20 0:46:37 ET]
Table 'Leukothea VI' 9-max Seat #5 is the button
Seat 2: sauks21 ($4.84 in chips) 
Seat 3: kusto1488 ($2.25 in chips) 
Seat 4: Dorex2007 ($6.45 in chips) 
Seat 5: Sal0kcin ($1.85 in chips) 
Seat 7: a.h.s.1989 ($0.58 in chips) 
Seat 9: O4KOHABbIKA ($2.66 in chips) 
a.h.s.1989: posts small blind $0.01
O4KOHABbIKA: posts big blind $0.02
cppocker30: sits out 
*** HOLE CARDS ***
Dealt to Dorex2007 [9c Ad]
sauks21: calls $0.02
kusto1488: folds 
Dorex2007: calls $0.02
Sal0kcin: folds 
a.h.s.1989: raises $0.04 to $0.06
sauks21 said, "Even telling my cards they call"
sauks21 said, "J 8"
O4KOHABbIKA: folds 
sauks21: calls $0.04
Dorex2007: calls $0.04
*** FLOP *** [7h Kh 7d]
sauks21 said, "What suit?!?"
a.h.s.1989: checks 
sauks21: bets $0.09
Dorex2007: folds 
a.h.s.1989: calls $0.09
*** TURN *** [7h Kh 7d] [5h]
a.h.s.1989: checks 
sauks21: bets $0.18
a.h.s.1989: calls $0.18
*** RIVER *** [7h Kh 7d 5h] [2d]
sauks21 said, "Guess"
a.h.s.1989: checks 
sauks21: bets $0.35
a.h.s.1989: calls $0.25 and is all-in
Uncalled bet ($0.10) returned to sauks21
*** SHOW DOWN ***
sauks21: shows [Jh 8h] (a flush, King high)
a.h.s.1989: shows [Qd Qh] (two pair, Queens and Sevens)
sauks21 collected $1.20 from pot
*** SUMMARY ***
Total pot $1.24 | Rake $0.04 
Board [7h Kh 7d 5h 2d]
Seat 2: sauks21 showed [Jh 8h] and won ($1.20) with a flush, King high
Seat 3: kusto1488 folded before Flop (didn't bet)
Seat 4: Dorex2007 folded on the Flop
Seat 5: Sal0kcin (button) folded before Flop (didn't bet)
Seat 7: a.h.s.1989 (small blind) showed [Qd Qh] and lost with two pair, Queens and Sevens
Seat 9: O4KOHABbIKA (big blind) folded before Flop



PokerStars Hand #224014389360:  Hold'em No Limit ($0.01/$0.02 USD) - 2021/02/19 21:47:44 PT [2021/02/20 0:47:44 ET]
Table 'Leukothea VI' 9-max Seat #9 is the button
Seat 2: sauks21 ($5.46 in chips) 
Seat 3: kusto1488 ($2.25 in chips) 
Seat 4: Dorex2007 ($6.39 in chips) 
Seat 5: Sal0kcin ($1.85 in chips) 
Seat 9: O4KOHABbIKA ($2.64 in chips) 
sauks21: posts small blind $0.01
kusto1488: posts big blind $0.02
*** HOLE CARDS ***
Dealt to Dorex2007 [8c 7d]
Dorex2007: folds 
Sal0kcin: folds 
O4KOHABbIKA: folds 
sauks21: calls $0.01
kusto1488: checks 
*** FLOP *** [6s 3s 4s]
a.h.s.1989 leaves the table
sauks21: bets $0.02
kusto1488: folds 
Uncalled bet ($0.02) returned to sauks21
sauks21 collected $0.04 from pot
sauks21: doesn't show hand 
*** SUMMARY ***
Total pot $0.04 | Rake $0 
Board [6s 3s 4s]
Seat 2: sauks21 (small blind) collected ($0.04)
Seat 3: kusto1488 (big blind) folded on the Flop
Seat 4: Dorex2007 folded before Flop (didn't bet)
Seat 5: Sal0kcin folded before Flop (didn't bet)
Seat 9: O4KOHABbIKA (button) folded before Flop (didn't bet)



PokerStars Hand #224014394601:  Hold'em No Limit ($0.01/$0.02 USD) - 2021/02/19 21:48:05 PT [2021/02/20 0:48:05 ET]
Table 'Leukothea VI' 9-max Seat #2 is the button
Seat 2: sauks21 ($5.48 in chips) 
Seat 3: kusto1488 ($2.23 in chips) 
Seat 4: Dorex2007 ($6.39 in chips) 
Seat 5: Sal0kcin ($1.85 in chips) 
Seat 9: O4KOHABbIKA ($2.64 in chips) 
kusto1488: posts small blind $0.01
Dorex2007: posts big blind $0.02
cppocker30: sits out 
*** HOLE CARDS ***
Dealt to Dorex2007 [4s 8c]
sauks21 said, "For faaaks sake "
Sal0kcin: folds 
MAX {JERI_] joins the table at seat #6 
O4KOHABbIKA: folds 
sauks21: calls $0.02
kusto1488: calls $0.01
Dorex2007: checks 
*** FLOP *** [3d 9s 8h]
kusto1488: checks 
sauks21 said, "Im telling my cards every time and still"
Dorex2007: bets $0.06
sauks21: calls $0.06
kusto1488: folds 
*** TURN *** [3d 9s 8h] [As]
sauks21 said, "Dont"
Dorex2007: checks 
sauks21: checks 
*** RIVER *** [3d 9s 8h As] [Ah]
Dorex2007: checks 
sauks21: checks 
*** SHOW DOWN ***
Dorex2007: shows [4s 8c] (two pair, Aces and Eights)
sauks21: shows [8s 7h] (two pair, Aces and Eights)
Dorex2007 collected $0.09 from pot
sauks21 collected $0.08 from pot
*** SUMMARY ***
Total pot $0.18 | Rake $0.01 
Board [3d 9s 8h As Ah]
Seat 2: sauks21 (button) showed [8s 7h] and won ($0.08) with two pair, Aces and Eights
Seat 3: kusto1488 (small blind) folded on the Flop
Seat 4: Dorex2007 (big blind) showed [4s 8c] and won ($0.09) with two pair, Aces and Eights
Seat 5: Sal0kcin folded before Flop (didn't bet)
Seat 9: O4KOHABbIKA folded before Flop (didn't bet)



PokerStars Hand #224014407692:  Hold'em No Limit ($0.01/$0.02 USD) - 2021/02/19 21:48:59 PT [2021/02/20 0:48:59 ET]
Table 'Leukothea VI' 9-max Seat #3 is the button
Seat 2: sauks21 ($5.48 in chips) 
Seat 3: kusto1488 ($2.21 in chips) 
Seat 4: Dorex2007 ($6.40 in chips) 
Seat 6: MAX {JERI_] ($0.80 in chips) 
Seat 9: O4KOHABbIKA ($2.64 in chips) 
Dorex2007: posts small blind $0.01
MAX {JERI_]: posts big blind $0.02
cppocker30: sits out 
*** HOLE CARDS ***
Dealt to Dorex2007 [6d As]
O4KOHABbIKA: folds 
sauks21: folds 
kusto1488: raises $0.04 to $0.06
Dorex2007: folds 
MAX {JERI_]: folds 
Uncalled bet ($0.04) returned to kusto1488
kusto1488 collected $0.05 from pot
kusto1488: doesn't show hand 
*** SUMMARY ***
Total pot $0.05 | Rake $0 
Seat 2: sauks21 folded before Flop (didn't bet)
Seat 3: kusto1488 (button) collected ($0.05)
Seat 4: Dorex2007 (small blind) folded before Flop
Seat 6: MAX {JERI_] (big blind) folded before Flop
Seat 9: O4KOHABbIKA folded before Flop (didn't bet)



PokerStars Hand #224014411347:  Hold'em No Limit ($0.01/$0.02 USD) - 2021/02/19 21:49:13 PT [2021/02/20 0:49:13 ET]
Table 'Leukothea VI' 9-max Seat #4 is the button
Seat 2: sauks21 ($5.48 in chips) 
Seat 3: kusto1488 ($2.24 in chips) 
Seat 4: Dorex2007 ($6.39 in chips) 
Seat 6: MAX {JERI_] ($0.78 in chips) 
Seat 9: O4KOHABbIKA ($2.64 in chips) 
MAX {JERI_]: posts small blind $0.01
O4KOHABbIKA: posts big blind $0.02
cppocker30: sits out 
*** HOLE CARDS ***
Dealt to Dorex2007 [Qc Ad]
sauks21: folds 
kusto1488: raises $0.04 to $0.06
sauks21 said, "Was tryna say unless an A"
novoxopersk joins the table at seat #7 
Dorex2007: calls $0.06
MAX {JERI_]: calls $0.05
Ebbel808 joins the table at seat #8 
O4KOHABbIKA: calls $0.04
*** FLOP *** [4s Qh 9h]
MAX {JERI_]: bets $0.23
novoxopersk leaves the table
O4KOHABbIKA: calls $0.23
kusto1488: calls $0.23
Dorex2007: folds 
*** TURN *** [4s Qh 9h] [6s]
MAX {JERI_]: bets $0.49 and is all-in
O4KOHABbIKA: calls $0.49
kusto1488: calls $0.49
*** RIVER *** [4s Qh 9h 6s] [8d]
O4KOHABbIKA: checks 
kusto1488: checks 
*** SHOW DOWN ***
MAX {JERI_]: shows [3c 9s] (a pair of Nines)
O4KOHABbIKA: shows [Qd Kh] (a pair of Queens)
sauks21 said, "Parlayed 2cents pretty nice this eve"
kusto1488: mucks hand 
O4KOHABbIKA collected $2.32 from pot
*** SUMMARY ***
Total pot $2.40 | Rake $0.08 
Board [4s Qh 9h 6s 8d]
Seat 2: sauks21 folded before Flop (didn't bet)
Seat 3: kusto1488 mucked [Th 8h]
Seat 4: Dorex2007 (button) folded on the Flop
Seat 6: MAX {JERI_] (small blind) showed [3c 9s] and lost with a pair of Nines
Seat 9: O4KOHABbIKA (big blind) showed [Qd Kh] and won ($2.32) with a pair of Queens



PokerStars Hand #224014429423:  Hold'em No Limit ($0.01/$0.02 USD) - 2021/02/19 21:50:27 PT [2021/02/20 0:50:27 ET]
Table 'Leukothea VI' 9-max Seat #9 is the button
Seat 2: sauks21 ($5.48 in chips) 
Seat 3: kusto1488 ($1.54 in chips) 
Seat 4: Dorex2007 ($6.33 in chips) 
Seat 9: O4KOHABbIKA ($4.18 in chips) 
sauks21: posts small blind $0.01
kusto1488: posts big blind $0.02
Ebbel808: sits out 
*** HOLE CARDS ***
Dealt to Dorex2007 [9h 5s]
Sal0kcin leaves the table
Dorex2007: folds 
O4KOHABbIKA: folds 
sauks21: folds 
Uncalled bet ($0.01) returned to kusto1488
kusto1488 collected $0.02 from pot
kusto1488: doesn't show hand 
*** SUMMARY ***
Total pot $0.02 | Rake $0 
Seat 2: sauks21 (small blind) folded before Flop
Seat 3: kusto1488 (big blind) collected ($0.02)
Seat 4: Dorex2007 folded before Flop (didn't bet)
Seat 9: O4KOHABbIKA (button) folded before Flop (didn't bet)



PokerStars Hand #224014433596:  Hold'em No Limit ($0.01/$0.02 USD) - 2021/02/19 21:50:43 PT [2021/02/20 0:50:43 ET]
Table 'Leukothea VI' 9-max Seat #2 is the button
Seat 2: sauks21 ($5.47 in chips) 
Seat 3: kusto1488 ($1.55 in chips) 
Seat 4: Dorex2007 ($6.33 in chips) 
Seat 6: MAX {JERI_] ($0.80 in chips) 
Seat 9: O4KOHABbIKA ($4.18 in chips) 
kusto1488: posts small blind $0.01
Dorex2007: posts big blind $0.02
Ebbel808: sits out 
cppocker30: sits out 
*** HOLE CARDS ***
Dealt to Dorex2007 [8s 2d]
MAX {JERI_]: calls $0.02
pokerformatt joins the table at seat #5 
O4KOHABbIKA: folds 
sauks21: folds 
kusto1488: folds 
Dorex2007: checks 
*** FLOP *** [As Js Ad]
sauks21 said, "Haha on 0.02 in acct before"
Dorex2007: checks 
sauks21 said, "Just my 2 cents :p"
MAX {JERI_]: checks 
*** TURN *** [As Js Ad] [Th]
Dorex2007: checks 
MAX {JERI_]: checks 
*** RIVER *** [As Js Ad Th] [Td]
Dorex2007: bets $0.05
MAX {JERI_]: calls $0.05
*** SHOW DOWN ***
Dorex2007: shows [8s 2d] (two pair, Aces and Tens)
MAX {JERI_]: shows [Kh 7s] (two pair, Aces and Tens - King kicker)
MAX {JERI_] collected $0.14 from pot
*** SUMMARY ***
Total pot $0.15 | Rake $0.01 
Board [As Js Ad Th Td]
Seat 2: sauks21 (button) folded before Flop (didn't bet)
Seat 3: kusto1488 (small blind) folded before Flop
Seat 4: Dorex2007 (big blind) showed [8s 2d] and lost with two pair, Aces and Tens
Seat 6: MAX {JERI_] showed [Kh 7s] and won ($0.14) with two pair, Aces and Tens
Seat 9: O4KOHABbIKA folded before Flop (didn't bet)



PokerStars Hand #224014443670:  Hold'em No Limit ($0.01/$0.02 USD) - 2021/02/19 21:51:25 PT [2021/02/20 0:51:25 ET]
Table 'Leukothea VI' 9-max Seat #3 is the button
Seat 2: sauks21 ($5.47 in chips) 
Seat 3: kusto1488 ($1.54 in chips) 
Seat 4: Dorex2007 ($6.26 in chips) 
Seat 5: pokerformatt ($2 in chips) 
Seat 6: MAX {JERI_] ($0.87 in chips) 
Seat 9: O4KOHABbIKA ($4.18 in chips) 
Dorex2007: posts small blind $0.01
pokerformatt: posts big blind $0.02
Ebbel808: sits out 
cppocker30: sits out 
*** HOLE CARDS ***
Dealt to Dorex2007 [8d 9c]
MAX {JERI_]: calls $0.02
sauks21 said, "But not even.. PS gimme"
O4KOHABbIKA: calls $0.02
sauks21: folds 
kusto1488: folds 
Dorex2007: folds 
pokerformatt: raises $0.08 to $0.10
MAX {JERI_]: calls $0.08
O4KOHABbIKA: calls $0.08
*** FLOP *** [8h 4d 3c]
pokerformatt: checks 
MAX {JERI_]: checks 
Za1CeV joins the table at seat #7 
O4KOHABbIKA: checks 
*** TURN *** [8h 4d 3c] [3s]
pokerformatt: bets $0.08
MAX {JERI_]: folds 
O4KOHABbIKA: folds 
Uncalled bet ($0.08) returned to pokerformatt
pokerformatt collected $0.30 from pot
pokerformatt: doesn't show hand 
*** SUMMARY ***
Total pot $0.31 | Rake $0.01 
Board [8h 4d 3c 3s]
Seat 2: sauks21 folded before Flop (didn't bet)
Seat 3: kusto1488 (button) folded before Flop (didn't bet)
Seat 4: Dorex2007 (small blind) folded before Flop
Seat 5: pokerformatt (big blind) collected ($0.30)
Seat 6: MAX {JERI_] folded on the Turn
Seat 9: O4KOHABbIKA folded on the Turn



PokerStars Hand #224014457035:  Hold'em No Limit ($0.01/$0.02 USD) - 2021/02/19 21:52:19 PT [2021/02/20 0:52:19 ET]
Table 'Leukothea VI' 9-max Seat #4 is the button
Seat 2: sauks21 ($5.47 in chips) 
Seat 3: kusto1488 ($1.54 in chips) 
Seat 4: Dorex2007 ($6.25 in chips) 
Seat 5: pokerformatt ($2.20 in chips) 
Seat 6: MAX {JERI_] ($0.77 in chips) 
Seat 9: O4KOHABbIKA ($4.08 in chips) 
pokerformatt: posts small blind $0.01
MAX {JERI_]: posts big blind $0.02
Za1CeV: sits out 
Ebbel808: sits out 
cppocker30: sits out 
*** HOLE CARDS ***
Dealt to Dorex2007 [3s 5d]
O4KOHABbIKA: folds 
sauks21: folds 
kusto1488: folds 
Dorex2007: folds 
sauks21 said, "Mexico ..ya on board with Canada here??"
pokerformatt: raises $0.04 to $0.06
MAX {JERI_]: folds 
Uncalled bet ($0.04) returned to pokerformatt
pokerformatt collected $0.04 from pot
pokerformatt: doesn't show hand 
*** SUMMARY ***
Total pot $0.04 | Rake $0 
Seat 2: sauks21 folded before Flop (didn't bet)
Seat 3: kusto1488 folded before Flop (didn't bet)
Seat 4: Dorex2007 (button) folded before Flop (didn't bet)
Seat 5: pokerformatt (small blind) collected ($0.04)
Seat 6: MAX {JERI_] (big blind) folded before Flop
Seat 9: O4KOHABbIKA folded before Flop (didn't bet)



