PokerStars Hand #232747456490:  Hold'em No Limit ($0.01/$0.02 USD) - 2022/01/02 9:23:11 PT [2022/01/02 12:23:11 ET]
Table 'Dvorak III' 9-max Seat #4 is the button
Seat 1: zloycooper ($0.97 in chips) 
Seat 2: Djek300 ($3.69 in chips) 
Seat 3: Dorex2007 ($2 in chips) 
Seat 4: Any Nox ($2 in chips) 
Seat 7: AndryiHaiduk ($1.32 in chips) 
Seat 8: nartykl ($3.60 in chips) 
Seat 9: jozsi&kati ($3.90 in chips) 
AndryiHaiduk: posts small blind $0.01
nartykl: posts big blind $0.02
Dorex2007: posts big blind $0.02
*** HOLE CARDS ***
Dealt to Dorex2007 [Th 8d]
jozsi&kati: folds 
zloycooper: folds 
Djek300: calls $0.02
Dorex2007: checks 
Any Nox: folds 
AndryiHaiduk: raises $0.04 to $0.06
nartykl: folds 
Djek300: calls $0.04
Dorex2007: folds 
*** FLOP *** [2h Qh 8s]
AndryiHaiduk: checks 
Djek300: checks 
*** TURN *** [2h Qh 8s] [5c]
AndryiHaiduk: bets $0.15
Djek300: calls $0.15
*** RIVER *** [2h Qh 8s 5c] [3s]
AndryiHaiduk: checks 
Djek300: checks 
*** SHOW DOWN ***
AndryiHaiduk: shows [4h 4s] (a pair of Fours)
Djek300: shows [9c 9d] (a pair of Nines)
Djek300 collected $0.44 from pot
*** SUMMARY ***
Total pot $0.46 | Rake $0.02 
Board [2h Qh 8s 5c 3s]
Seat 1: zloycooper folded before Flop (didn't bet)
Seat 2: Djek300 showed [9c 9d] and won ($0.44) with a pair of Nines
Seat 3: Dorex2007 folded before Flop (didn't bet)
Seat 4: Any Nox (button) folded before Flop (didn't bet)
Seat 7: AndryiHaiduk (small blind) showed [4h 4s] and lost with a pair of Fours
Seat 8: nartykl (big blind) folded before Flop
Seat 9: jozsi&kati folded before Flop (didn't bet)



PokerStars Hand #232747488656:  Hold'em No Limit ($0.01/$0.02 USD) - 2022/01/02 9:24:04 PT [2022/01/02 12:24:04 ET]
Table 'Dvorak III' 9-max Seat #7 is the button
Seat 1: zloycooper ($0.97 in chips) 
Seat 2: Djek300 ($3.92 in chips) 
Seat 3: Dorex2007 ($2 in chips) 
Seat 4: Any Nox ($2 in chips) 
Seat 7: AndryiHaiduk ($1.11 in chips) 
Seat 8: nartykl ($3.58 in chips) 
Seat 9: jozsi&kati ($3.90 in chips) 
nartykl: posts small blind $0.01
jozsi&kati: posts big blind $0.02
R0DMAX: sits out 
*** HOLE CARDS ***
Dealt to Dorex2007 [Td 6s]
zloycooper: folds 
Djek300: raises $0.12 to $0.14
Dorex2007: folds 
Any Nox: folds 
AndryiHaiduk: folds 
nartykl: folds 
jozsi&kati: folds 
Uncalled bet ($0.12) returned to Djek300
Djek300 collected $0.05 from pot
Djek300: doesn't show hand 
*** SUMMARY ***
Total pot $0.05 | Rake $0 
Seat 1: zloycooper folded before Flop (didn't bet)
Seat 2: Djek300 collected ($0.05)
Seat 3: Dorex2007 folded before Flop (didn't bet)
Seat 4: Any Nox folded before Flop (didn't bet)
Seat 7: AndryiHaiduk (button) folded before Flop (didn't bet)
Seat 8: nartykl (small blind) folded before Flop
Seat 9: jozsi&kati (big blind) folded before Flop



PokerStars Hand #232747502979:  Hold'em No Limit ($0.01/$0.02 USD) - 2022/01/02 9:24:27 PT [2022/01/02 12:24:27 ET]
Table 'Dvorak III' 9-max Seat #8 is the button
Seat 1: zloycooper ($0.97 in chips) 
Seat 2: Djek300 ($3.95 in chips) 
Seat 3: Dorex2007 ($2 in chips) 
Seat 4: Any Nox ($2 in chips) 
Seat 7: AndryiHaiduk ($1.11 in chips) 
Seat 8: nartykl ($3.57 in chips) 
Seat 9: jozsi&kati ($3.88 in chips) 
jozsi&kati: posts small blind $0.01
zloycooper: posts big blind $0.02
R0DMAX: sits out 
*** HOLE CARDS ***
Dealt to Dorex2007 [7s 4d]
Djek300: folds 
Dorex2007: folds 
Any Nox: folds 
AndryiHaiduk: raises $0.04 to $0.06
nartykl: folds 
jozsi&kati: raises $0.10 to $0.16
zloycooper: folds 
AndryiHaiduk: folds 
Uncalled bet ($0.10) returned to jozsi&kati
jozsi&kati collected $0.14 from pot
jozsi&kati: doesn't show hand 
*** SUMMARY ***
Total pot $0.14 | Rake $0 
Seat 1: zloycooper (big blind) folded before Flop
Seat 2: Djek300 folded before Flop (didn't bet)
Seat 3: Dorex2007 folded before Flop (didn't bet)
Seat 4: Any Nox folded before Flop (didn't bet)
Seat 7: AndryiHaiduk folded before Flop
Seat 8: nartykl (button) folded before Flop (didn't bet)
Seat 9: jozsi&kati (small blind) collected ($0.14)



PokerStars Hand #232747518397:  Hold'em No Limit ($0.01/$0.02 USD) - 2022/01/02 9:24:53 PT [2022/01/02 12:24:53 ET]
Table 'Dvorak III' 9-max Seat #9 is the button
Seat 1: zloycooper ($0.95 in chips) 
Seat 2: Djek300 ($3.95 in chips) 
Seat 3: Dorex2007 ($2 in chips) 
Seat 4: Any Nox ($2 in chips) 
Seat 7: AndryiHaiduk ($1.05 in chips) 
Seat 8: nartykl ($3.57 in chips) 
Seat 9: jozsi&kati ($3.96 in chips) 
zloycooper: posts small blind $0.01
Djek300: posts big blind $0.02
novoxopersk: sits out 
R0DMAX: sits out 
*** HOLE CARDS ***
Dealt to Dorex2007 [3d Jd]
Dorex2007: folds 
Any Nox: folds 
AndryiHaiduk: folds 
nartykl: folds 
jozsi&kati: raises $0.02 to $0.04
zloycooper: calls $0.03
Djek300: folds 
*** FLOP *** [Ad 3h 9d]
zloycooper: checks 
jozsi&kati: bets $0.07
zloycooper: folds 
Uncalled bet ($0.07) returned to jozsi&kati
jozsi&kati collected $0.10 from pot
jozsi&kati: doesn't show hand 
*** SUMMARY ***
Total pot $0.10 | Rake $0 
Board [Ad 3h 9d]
Seat 1: zloycooper (small blind) folded on the Flop
Seat 2: Djek300 (big blind) folded before Flop
Seat 3: Dorex2007 folded before Flop (didn't bet)
Seat 4: Any Nox folded before Flop (didn't bet)
Seat 7: AndryiHaiduk folded before Flop (didn't bet)
Seat 8: nartykl folded before Flop (didn't bet)
Seat 9: jozsi&kati (button) collected ($0.10)



PokerStars Hand #232747541242:  Hold'em No Limit ($0.01/$0.02 USD) - 2022/01/02 9:25:29 PT [2022/01/02 12:25:29 ET]
Table 'Dvorak III' 9-max Seat #1 is the button
Seat 1: zloycooper ($0.91 in chips) 
Seat 2: Djek300 ($3.93 in chips) 
Seat 3: Dorex2007 ($2 in chips) 
Seat 4: Any Nox ($2 in chips) 
Seat 7: AndryiHaiduk ($1.05 in chips) 
Seat 8: nartykl ($3.57 in chips) 
Seat 9: jozsi&kati ($4.02 in chips) 
Djek300: posts small blind $0.01
Dorex2007: posts big blind $0.02
novoxopersk: sits out 
R0DMAX: sits out 
*** HOLE CARDS ***
Dealt to Dorex2007 [3c Kh]
Any Nox: folds 
AndryiHaiduk: folds 
nartykl: raises $0.04 to $0.06
jozsi&kati: folds 
zloycooper: raises $0.10 to $0.16
Djek300: folds 
Dorex2007: folds 
nartykl: folds 
Uncalled bet ($0.10) returned to zloycooper
zloycooper collected $0.15 from pot
zloycooper: doesn't show hand 
*** SUMMARY ***
Total pot $0.15 | Rake $0 
Seat 1: zloycooper (button) collected ($0.15)
Seat 2: Djek300 (small blind) folded before Flop
Seat 3: Dorex2007 (big blind) folded before Flop
Seat 4: Any Nox folded before Flop (didn't bet)
Seat 7: AndryiHaiduk folded before Flop (didn't bet)
Seat 8: nartykl folded before Flop
Seat 9: jozsi&kati folded before Flop (didn't bet)



PokerStars Hand #232747555540:  Hold'em No Limit ($0.01/$0.02 USD) - 2022/01/02 9:25:52 PT [2022/01/02 12:25:52 ET]
Table 'Dvorak III' 9-max Seat #2 is the button
Seat 1: zloycooper ($1 in chips) 
Seat 2: Djek300 ($3.92 in chips) 
Seat 3: Dorex2007 ($2 in chips) 
Seat 4: Any Nox ($2 in chips) 
Seat 7: AndryiHaiduk ($1.05 in chips) 
Seat 8: nartykl ($3.51 in chips) 
Seat 9: jozsi&kati ($4.02 in chips) 
Dorex2007: posts small blind $0.01
Any Nox: posts big blind $0.02
novoxopersk: sits out 
R0DMAX: sits out 
*** HOLE CARDS ***
Dealt to Dorex2007 [Ah Ad]
AndryiHaiduk: folds 
nartykl: folds 
jozsi&kati: folds 
zloycooper: raises $0.04 to $0.06
Djek300: folds 
Dorex2007: raises $0.06 to $0.12
Any Nox: folds 
zloycooper: calls $0.06
*** FLOP *** [Td 9c 3s]
Dorex2007: checks 
zloycooper: bets $0.13
Dorex2007: raises $0.34 to $0.47
zloycooper: folds 
Uncalled bet ($0.34) returned to Dorex2007
Dorex2007 collected $0.50 from pot
Dorex2007: doesn't show hand 
*** SUMMARY ***
Total pot $0.52 | Rake $0.02 
Board [Td 9c 3s]
Seat 1: zloycooper folded on the Flop
Seat 2: Djek300 (button) folded before Flop (didn't bet)
Seat 3: Dorex2007 (small blind) collected ($0.50)
Seat 4: Any Nox (big blind) folded before Flop
Seat 7: AndryiHaiduk folded before Flop (didn't bet)
Seat 8: nartykl folded before Flop (didn't bet)
Seat 9: jozsi&kati folded before Flop (didn't bet)



PokerStars Hand #232747585104:  Hold'em No Limit ($0.01/$0.02 USD) - 2022/01/02 9:26:38 PT [2022/01/02 12:26:38 ET]
Table 'Dvorak III' 9-max Seat #3 is the button
Seat 1: zloycooper ($0.75 in chips) 
Seat 2: Djek300 ($3.92 in chips) 
Seat 3: Dorex2007 ($2.25 in chips) 
Seat 4: Any Nox ($2 in chips) 
Seat 5: novoxopersk ($1.97 in chips) 
Seat 7: AndryiHaiduk ($1.05 in chips) 
Seat 8: nartykl ($3.51 in chips) 
Seat 9: jozsi&kati ($4.02 in chips) 
Any Nox: posts small blind $0.01
novoxopersk: posts big blind $0.02
R0DMAX: sits out 
*** HOLE CARDS ***
Dealt to Dorex2007 [6h 7c]
AndryiHaiduk: folds 
nartykl: raises $0.04 to $0.06
jozsi&kati: folds 
zloycooper: folds 
Djek300: folds 
Dorex2007: folds 
Any Nox: folds 
novoxopersk: folds 
Uncalled bet ($0.04) returned to nartykl
nartykl collected $0.05 from pot
*** SUMMARY ***
Total pot $0.05 | Rake $0 
Seat 1: zloycooper folded before Flop (didn't bet)
Seat 2: Djek300 folded before Flop (didn't bet)
Seat 3: Dorex2007 (button) folded before Flop (didn't bet)
Seat 4: Any Nox (small blind) folded before Flop
Seat 5: novoxopersk (big blind) folded before Flop
Seat 7: AndryiHaiduk folded before Flop (didn't bet)
Seat 8: nartykl collected ($0.05)
Seat 9: jozsi&kati folded before Flop (didn't bet)



PokerStars Hand #232747600000:  Hold'em No Limit ($0.01/$0.02 USD) - 2022/01/02 9:27:02 PT [2022/01/02 12:27:02 ET]
Table 'Dvorak III' 9-max Seat #4 is the button
Seat 1: zloycooper ($0.75 in chips) 
Seat 2: Djek300 ($3.92 in chips) 
Seat 3: Dorex2007 ($2.25 in chips) 
Seat 4: Any Nox ($2 in chips) 
Seat 5: novoxopersk ($1.95 in chips) 
Seat 6: R0DMAX ($1.03 in chips) 
Seat 7: AndryiHaiduk ($1.05 in chips) 
Seat 8: nartykl ($3.54 in chips) 
Seat 9: jozsi&kati ($4.02 in chips) 
novoxopersk: posts small blind $0.01
R0DMAX: posts big blind $0.02
*** HOLE CARDS ***
Dealt to Dorex2007 [Qs Qh]
AndryiHaiduk: folds 
nartykl: raises $0.04 to $0.06
jozsi&kati: calls $0.06
zloycooper: folds 
Djek300: calls $0.06
Dorex2007: calls $0.06
Any Nox: folds 
novoxopersk: folds 
R0DMAX: folds 
*** FLOP *** [8c Qc 5d]
nartykl: bets $0.18
jozsi&kati: calls $0.18
Djek300: calls $0.18
Dorex2007: raises $2.01 to $2.19 and is all-in
nartykl: folds 
jozsi&kati: folds 
Djek300: folds 
Uncalled bet ($2.01) returned to Dorex2007
Dorex2007 collected $0.96 from pot
Dorex2007: doesn't show hand 
*** SUMMARY ***
Total pot $0.99 | Rake $0.03 
Board [8c Qc 5d]
Seat 1: zloycooper folded before Flop (didn't bet)
Seat 2: Djek300 folded on the Flop
Seat 3: Dorex2007 collected ($0.96)
Seat 4: Any Nox (button) folded before Flop (didn't bet)
Seat 5: novoxopersk (small blind) folded before Flop
Seat 6: R0DMAX (big blind) folded before Flop
Seat 7: AndryiHaiduk folded before Flop (didn't bet)
Seat 8: nartykl folded on the Flop
Seat 9: jozsi&kati folded on the Flop



PokerStars Hand #232747649662:  Hold'em No Limit ($0.01/$0.02 USD) - 2022/01/02 9:28:20 PT [2022/01/02 12:28:20 ET]
Table 'Dvorak III' 9-max Seat #5 is the button
Seat 1: zloycooper ($0.75 in chips) 
Seat 2: Djek300 ($3.68 in chips) 
Seat 3: Dorex2007 ($2.97 in chips) 
Seat 4: Any Nox ($2 in chips) 
Seat 5: novoxopersk ($1.94 in chips) 
Seat 6: R0DMAX ($1.01 in chips) 
Seat 7: AndryiHaiduk ($1.05 in chips) 
Seat 8: nartykl ($3.30 in chips) 
Seat 9: jozsi&kati ($3.78 in chips) 
R0DMAX: posts small blind $0.01
AndryiHaiduk: posts big blind $0.02
*** HOLE CARDS ***
Dealt to Dorex2007 [Jh 8h]
nartykl: folds 
jozsi&kati: raises $0.04 to $0.06
zloycooper: folds 
Djek300: folds 
Dorex2007: folds 
Any Nox: folds 
novoxopersk: calls $0.06
R0DMAX: folds 
AndryiHaiduk: folds 
*** FLOP *** [Js 3s Qh]
jozsi&kati: bets $0.09
novoxopersk: folds 
Uncalled bet ($0.09) returned to jozsi&kati
jozsi&kati collected $0.14 from pot
jozsi&kati: doesn't show hand 
*** SUMMARY ***
Total pot $0.15 | Rake $0.01 
Board [Js 3s Qh]
Seat 1: zloycooper folded before Flop (didn't bet)
Seat 2: Djek300 folded before Flop (didn't bet)
Seat 3: Dorex2007 folded before Flop (didn't bet)
Seat 4: Any Nox folded before Flop (didn't bet)
Seat 5: novoxopersk (button) folded on the Flop
Seat 6: R0DMAX (small blind) folded before Flop
Seat 7: AndryiHaiduk (big blind) folded before Flop
Seat 8: nartykl folded before Flop (didn't bet)
Seat 9: jozsi&kati collected ($0.14)



PokerStars Hand #232747667988:  Hold'em No Limit ($0.01/$0.02 USD) - 2022/01/02 9:28:49 PT [2022/01/02 12:28:49 ET]
Table 'Dvorak III' 9-max Seat #6 is the button
Seat 1: zloycooper ($0.75 in chips) 
Seat 2: Djek300 ($3.68 in chips) 
Seat 3: Dorex2007 ($2.97 in chips) 
Seat 4: Any Nox ($2 in chips) 
Seat 5: novoxopersk ($1.88 in chips) 
Seat 6: R0DMAX ($1 in chips) 
Seat 7: AndryiHaiduk ($1.03 in chips) 
Seat 8: nartykl ($3.30 in chips) 
Seat 9: jozsi&kati ($3.86 in chips) 
AndryiHaiduk: posts small blind $0.01
nartykl: posts big blind $0.02
*** HOLE CARDS ***
Dealt to Dorex2007 [Qc 8h]
jozsi&kati: folds 
zloycooper: folds 
Djek300: folds 
Dorex2007: folds 
Any Nox: folds 
novoxopersk: calls $0.02
R0DMAX: folds 
AndryiHaiduk: folds 
nartykl: checks 
*** FLOP *** [Qs Ac 2h]
nartykl: checks 
novoxopersk: checks 
*** TURN *** [Qs Ac 2h] [Kc]
nartykl: checks 
novoxopersk: checks 
*** RIVER *** [Qs Ac 2h Kc] [6d]
nartykl: checks 
novoxopersk: checks 
*** SHOW DOWN ***
nartykl: shows [Tc 7h] (high card Ace)
novoxopersk: shows [Kh 4d] (a pair of Kings)
novoxopersk collected $0.05 from pot
*** SUMMARY ***
Total pot $0.05 | Rake $0 
Board [Qs Ac 2h Kc 6d]
Seat 1: zloycooper folded before Flop (didn't bet)
Seat 2: Djek300 folded before Flop (didn't bet)
Seat 3: Dorex2007 folded before Flop (didn't bet)
Seat 4: Any Nox folded before Flop (didn't bet)
Seat 5: novoxopersk showed [Kh 4d] and won ($0.05) with a pair of Kings
Seat 6: R0DMAX (button) folded before Flop (didn't bet)
Seat 7: AndryiHaiduk (small blind) folded before Flop
Seat 8: nartykl (big blind) showed [Tc 7h] and lost with high card Ace
Seat 9: jozsi&kati folded before Flop (didn't bet)



PokerStars Hand #232747692294:  Hold'em No Limit ($0.01/$0.02 USD) - 2022/01/02 9:29:26 PT [2022/01/02 12:29:26 ET]
Table 'Dvorak III' 9-max Seat #7 is the button
Seat 1: zloycooper ($0.75 in chips) 
Seat 2: Djek300 ($3.68 in chips) 
Seat 3: Dorex2007 ($2.97 in chips) 
Seat 4: Any Nox ($2 in chips) 
Seat 5: novoxopersk ($1.91 in chips) 
Seat 6: R0DMAX ($1 in chips) 
Seat 7: AndryiHaiduk ($1.02 in chips) 
Seat 8: nartykl ($3.28 in chips) 
Seat 9: jozsi&kati ($3.86 in chips) 
nartykl: posts small blind $0.01
jozsi&kati: posts big blind $0.02
*** HOLE CARDS ***
Dealt to Dorex2007 [3d 2s]
zloycooper: folds 
Djek300: folds 
Dorex2007: folds 
Any Nox: folds 
novoxopersk: calls $0.02
R0DMAX: folds 
AndryiHaiduk: raises $0.04 to $0.06
nartykl: folds 
jozsi&kati: folds 
novoxopersk: calls $0.04
*** FLOP *** [8d Ah Td]
novoxopersk: checks 
AndryiHaiduk: bets $0.14
novoxopersk: calls $0.14
*** TURN *** [8d Ah Td] [2c]
novoxopersk: checks 
AndryiHaiduk: bets $0.41
novoxopersk: raises $0.41 to $0.82
AndryiHaiduk: calls $0.41 and is all-in
*** RIVER *** [8d Ah Td 2c] [4s]
*** SHOW DOWN ***
novoxopersk: shows [Tc Ts] (three of a kind, Tens)
AndryiHaiduk: shows [8s Ad] (two pair, Aces and Eights)
novoxopersk collected $2 from pot
AndryiHaiduk cashed out the hand for $0.09
*** SUMMARY ***
Total pot $2.07 | Rake $0.07 
Board [8d Ah Td 2c 4s]
Seat 1: zloycooper folded before Flop (didn't bet)
Seat 2: Djek300 folded before Flop (didn't bet)
Seat 3: Dorex2007 folded before Flop (didn't bet)
Seat 4: Any Nox folded before Flop (didn't bet)
Seat 5: novoxopersk showed [Tc Ts] and won ($2) with three of a kind, Tens
Seat 6: R0DMAX folded before Flop (didn't bet)
Seat 7: AndryiHaiduk (button) showed [8s Ad] and lost with two pair, Aces and Eights (cashed out).
Seat 8: nartykl (small blind) folded before Flop
Seat 9: jozsi&kati (big blind) folded before Flop



PokerStars Hand #232747721195:  Hold'em No Limit ($0.01/$0.02 USD) - 2022/01/02 9:30:11 PT [2022/01/02 12:30:11 ET]
Table 'Dvorak III' 9-max Seat #8 is the button
Seat 1: zloycooper ($0.75 in chips) 
Seat 2: Djek300 ($3.68 in chips) 
Seat 3: Dorex2007 ($2.97 in chips) 
Seat 4: Any Nox ($2 in chips) 
Seat 5: novoxopersk ($2.89 in chips) 
Seat 6: R0DMAX ($1 in chips) 
Seat 7: AndryiHaiduk ($0.09 in chips) 
Seat 8: nartykl ($3.27 in chips) 
Seat 9: jozsi&kati ($3.84 in chips) 
jozsi&kati: posts small blind $0.01
zloycooper: posts big blind $0.02
*** HOLE CARDS ***
Dealt to Dorex2007 [Qh 2d]
Djek300: calls $0.02
Dorex2007: folds 
Any Nox: folds 
novoxopersk: calls $0.02
R0DMAX: folds 
AndryiHaiduk: folds 
nartykl: folds 
jozsi&kati: calls $0.01
zloycooper: raises $0.08 to $0.10
Djek300: calls $0.08
novoxopersk: calls $0.08
jozsi&kati: calls $0.08
*** FLOP *** [5s 8h Qc]
jozsi&kati: checks 
zloycooper: bets $0.20
Djek300: folds 
novoxopersk: folds 
jozsi&kati: folds 
Uncalled bet ($0.20) returned to zloycooper
zloycooper collected $0.39 from pot
zloycooper: doesn't show hand 
*** SUMMARY ***
Total pot $0.40 | Rake $0.01 
Board [5s 8h Qc]
Seat 1: zloycooper (big blind) collected ($0.39)
Seat 2: Djek300 folded on the Flop
Seat 3: Dorex2007 folded before Flop (didn't bet)
Seat 4: Any Nox folded before Flop (didn't bet)
Seat 5: novoxopersk folded on the Flop
Seat 6: R0DMAX folded before Flop (didn't bet)
Seat 7: AndryiHaiduk folded before Flop (didn't bet)
Seat 8: nartykl (button) folded before Flop (didn't bet)
Seat 9: jozsi&kati (small blind) folded on the Flop



PokerStars Hand #232747765775:  Hold'em No Limit ($0.01/$0.02 USD) - 2022/01/02 9:31:21 PT [2022/01/02 12:31:21 ET]
Table 'Dvorak III' 9-max Seat #9 is the button
Seat 1: zloycooper ($1.04 in chips) 
Seat 2: Djek300 ($3.58 in chips) 
Seat 3: Dorex2007 ($2.97 in chips) 
Seat 4: Any Nox ($2 in chips) 
Seat 5: novoxopersk ($2.79 in chips) 
Seat 6: R0DMAX ($1 in chips) 
Seat 7: AndryiHaiduk ($1.03 in chips) 
Seat 8: nartykl ($3.27 in chips) 
Seat 9: jozsi&kati ($3.74 in chips) 
zloycooper: posts small blind $0.01
Djek300: posts big blind $0.02
*** HOLE CARDS ***
Dealt to Dorex2007 [6h 7c]
Dorex2007: folds 
Any Nox: folds 
novoxopersk: folds 
R0DMAX: calls $0.02
AndryiHaiduk: folds 
nartykl: folds 
jozsi&kati: calls $0.02
zloycooper: folds 
Djek300: checks 
*** FLOP *** [4h Kd 8d]
Djek300: checks 
R0DMAX: checks 
jozsi&kati: checks 
*** TURN *** [4h Kd 8d] [9h]
Djek300: checks 
R0DMAX: checks 
jozsi&kati: checks 
*** RIVER *** [4h Kd 8d 9h] [3h]
Djek300: bets $0.05
R0DMAX: folds 
jozsi&kati: folds 
Uncalled bet ($0.05) returned to Djek300
Djek300 collected $0.07 from pot
Djek300: doesn't show hand 
*** SUMMARY ***
Total pot $0.07 | Rake $0 
Board [4h Kd 8d 9h 3h]
Seat 1: zloycooper (small blind) folded before Flop
Seat 2: Djek300 (big blind) collected ($0.07)
Seat 3: Dorex2007 folded before Flop (didn't bet)
Seat 4: Any Nox folded before Flop (didn't bet)
Seat 5: novoxopersk folded before Flop (didn't bet)
Seat 6: R0DMAX folded on the River
Seat 7: AndryiHaiduk folded before Flop (didn't bet)
Seat 8: nartykl folded before Flop (didn't bet)
Seat 9: jozsi&kati (button) folded on the River



PokerStars Hand #232747792204:  Hold'em No Limit ($0.01/$0.02 USD) - 2022/01/02 9:32:02 PT [2022/01/02 12:32:02 ET]
Table 'Dvorak III' 9-max Seat #1 is the button
Seat 1: zloycooper ($1.03 in chips) 
Seat 2: Djek300 ($3.63 in chips) 
Seat 3: Dorex2007 ($2.97 in chips) 
Seat 4: Any Nox ($2 in chips) 
Seat 5: novoxopersk ($2.79 in chips) 
Seat 6: R0DMAX ($0.98 in chips) 
Seat 7: AndryiHaiduk ($1.03 in chips) 
Seat 8: nartykl ($3.27 in chips) 
Seat 9: jozsi&kati ($3.72 in chips) 
Djek300: posts small blind $0.01
Dorex2007: posts big blind $0.02
*** HOLE CARDS ***
Dealt to Dorex2007 [7h Kh]
Any Nox: folds 
novoxopersk: folds 
R0DMAX: folds 
AndryiHaiduk: folds 
nartykl: raises $0.04 to $0.06
jozsi&kati: raises $0.14 to $0.20
zloycooper: folds 
Djek300: folds 
Dorex2007: folds 
nartykl: calls $0.14
*** FLOP *** [Ad 2d 8s]
nartykl: checks 
jozsi&kati: bets $0.38
nartykl: folds 
Uncalled bet ($0.38) returned to jozsi&kati
jozsi&kati collected $0.41 from pot
jozsi&kati: doesn't show hand 
*** SUMMARY ***
Total pot $0.43 | Rake $0.02 
Board [Ad 2d 8s]
Seat 1: zloycooper (button) folded before Flop (didn't bet)
Seat 2: Djek300 (small blind) folded before Flop
Seat 3: Dorex2007 (big blind) folded before Flop
Seat 4: Any Nox folded before Flop (didn't bet)
Seat 5: novoxopersk folded before Flop (didn't bet)
Seat 6: R0DMAX folded before Flop (didn't bet)
Seat 7: AndryiHaiduk folded before Flop (didn't bet)
Seat 8: nartykl folded on the Flop
Seat 9: jozsi&kati collected ($0.41)



PokerStars Hand #232747813315:  Hold'em No Limit ($0.01/$0.02 USD) - 2022/01/02 9:32:35 PT [2022/01/02 12:32:35 ET]
Table 'Dvorak III' 9-max Seat #2 is the button
Seat 1: zloycooper ($1.03 in chips) 
Seat 2: Djek300 ($3.62 in chips) 
Seat 3: Dorex2007 ($2.95 in chips) 
Seat 4: Any Nox ($2 in chips) 
Seat 5: novoxopersk ($2.79 in chips) 
Seat 6: R0DMAX ($0.98 in chips) 
Seat 7: AndryiHaiduk ($1.03 in chips) 
Seat 8: nartykl ($3.07 in chips) 
Seat 9: jozsi&kati ($3.93 in chips) 
Dorex2007: posts small blind $0.01
Any Nox: posts big blind $0.02
*** HOLE CARDS ***
Dealt to Dorex2007 [2d 6d]
novoxopersk: calls $0.02
R0DMAX: calls $0.02
AndryiHaiduk: folds 
nartykl: folds 
jozsi&kati: folds 
zloycooper: folds 
Djek300: folds 
Dorex2007: folds 
Any Nox: checks 
*** FLOP *** [Tc 5c Ks]
Any Nox: checks 
novoxopersk: checks 
R0DMAX: checks 
*** TURN *** [Tc 5c Ks] [2h]
Any Nox: checks 
novoxopersk: checks 
R0DMAX: checks 
*** RIVER *** [Tc 5c Ks 2h] [Jc]
Any Nox: checks 
novoxopersk: checks 
R0DMAX: checks 
*** SHOW DOWN ***
Any Nox: shows [6s 4d] (high card King)
novoxopersk: shows [8d 6h] (high card King - Jack+Ten+Eight kicker)
R0DMAX: shows [7h As] (high card Ace)
R0DMAX collected $0.07 from pot
*** SUMMARY ***
Total pot $0.07 | Rake $0 
Board [Tc 5c Ks 2h Jc]
Seat 1: zloycooper folded before Flop (didn't bet)
Seat 2: Djek300 (button) folded before Flop (didn't bet)
Seat 3: Dorex2007 (small blind) folded before Flop
Seat 4: Any Nox (big blind) showed [6s 4d] and lost with high card King
Seat 5: novoxopersk showed [8d 6h] and lost with high card King
Seat 6: R0DMAX showed [7h As] and won ($0.07) with high card Ace
Seat 7: AndryiHaiduk folded before Flop (didn't bet)
Seat 8: nartykl folded before Flop (didn't bet)
Seat 9: jozsi&kati folded before Flop (didn't bet)



PokerStars Hand #232747853086:  Hold'em No Limit ($0.01/$0.02 USD) - 2022/01/02 9:33:29 PT [2022/01/02 12:33:29 ET]
Table 'Dvorak III' 9-max Seat #3 is the button
Seat 1: zloycooper ($1.03 in chips) 
Seat 2: Djek300 ($3.62 in chips) 
Seat 3: Dorex2007 ($2.94 in chips) 
Seat 4: Any Nox ($2 in chips) 
Seat 5: novoxopersk ($2.77 in chips) 
Seat 6: R0DMAX ($1.03 in chips) 
Seat 7: AndryiHaiduk ($1.03 in chips) 
Seat 8: nartykl ($3.07 in chips) 
Seat 9: jozsi&kati ($3.93 in chips) 
Any Nox: posts small blind $0.01
novoxopersk: posts big blind $0.02
*** HOLE CARDS ***
Dealt to Dorex2007 [5c Qd]
R0DMAX: calls $0.02
AndryiHaiduk: folds 
nartykl: folds 
jozsi&kati has timed out
jozsi&kati: folds 
zloycooper: folds 
Djek300: folds 
Dorex2007: folds 
Any Nox: folds 
novoxopersk: checks 
*** FLOP *** [Kc 6h Qh]
novoxopersk: checks 
R0DMAX: checks 
*** TURN *** [Kc 6h Qh] [Th]
novoxopersk: checks 
R0DMAX: checks 
*** RIVER *** [Kc 6h Qh Th] [2s]
novoxopersk: bets $0.03
R0DMAX: folds 
Uncalled bet ($0.03) returned to novoxopersk
novoxopersk collected $0.05 from pot
novoxopersk: doesn't show hand 
*** SUMMARY ***
Total pot $0.05 | Rake $0 
Board [Kc 6h Qh Th 2s]
Seat 1: zloycooper folded before Flop (didn't bet)
Seat 2: Djek300 folded before Flop (didn't bet)
Seat 3: Dorex2007 (button) folded before Flop (didn't bet)
Seat 4: Any Nox (small blind) folded before Flop
Seat 5: novoxopersk (big blind) collected ($0.05)
Seat 6: R0DMAX folded on the River
Seat 7: AndryiHaiduk folded before Flop (didn't bet)
Seat 8: nartykl folded before Flop (didn't bet)
Seat 9: jozsi&kati folded before Flop (didn't bet)



PokerStars Hand #232747887945:  Hold'em No Limit ($0.01/$0.02 USD) - 2022/01/02 9:34:23 PT [2022/01/02 12:34:23 ET]
Table 'Dvorak III' 9-max Seat #4 is the button
Seat 1: zloycooper ($1.03 in chips) 
Seat 2: Djek300 ($3.62 in chips) 
Seat 3: Dorex2007 ($2.94 in chips) 
Seat 4: Any Nox ($2 in chips) 
Seat 5: novoxopersk ($2.80 in chips) 
Seat 6: R0DMAX ($1.01 in chips) 
Seat 7: AndryiHaiduk ($1.03 in chips) 
Seat 8: nartykl ($3.07 in chips) 
Seat 9: jozsi&kati ($3.93 in chips) 
novoxopersk: posts small blind $0.01
R0DMAX: posts big blind $0.02
*** HOLE CARDS ***
Dealt to Dorex2007 [Kc 6c]
AndryiHaiduk: folds 
nartykl: folds 
jozsi&kati: folds 
zloycooper: folds 
Djek300: folds 
Dorex2007: folds 
Any Nox: folds 
novoxopersk: raises $0.04 to $0.06
R0DMAX: calls $0.04
*** FLOP *** [6h 2h Td]
novoxopersk: bets $0.06
R0DMAX: calls $0.06
*** TURN *** [6h 2h Td] [8d]
novoxopersk: bets $0.23
R0DMAX: calls $0.23
*** RIVER *** [6h 2h Td 8d] [Th]
novoxopersk: checks 
R0DMAX: bets $0.66 and is all-in
novoxopersk: folds 
Uncalled bet ($0.66) returned to R0DMAX
R0DMAX collected $0.68 from pot
R0DMAX: doesn't show hand 
*** SUMMARY ***
Total pot $0.70 | Rake $0.02 
Board [6h 2h Td 8d Th]
Seat 1: zloycooper folded before Flop (didn't bet)
Seat 2: Djek300 folded before Flop (didn't bet)
Seat 3: Dorex2007 folded before Flop (didn't bet)
Seat 4: Any Nox (button) folded before Flop (didn't bet)
Seat 5: novoxopersk (small blind) folded on the River
Seat 6: R0DMAX (big blind) collected ($0.68)
Seat 7: AndryiHaiduk folded before Flop (didn't bet)
Seat 8: nartykl folded before Flop (didn't bet)
Seat 9: jozsi&kati folded before Flop (didn't bet)



PokerStars Hand #232747921873:  Hold'em No Limit ($0.01/$0.02 USD) - 2022/01/02 9:35:16 PT [2022/01/02 12:35:16 ET]
Table 'Dvorak III' 9-max Seat #5 is the button
Seat 1: zloycooper ($1.03 in chips) 
Seat 2: Djek300 ($3.62 in chips) 
Seat 3: Dorex2007 ($2.94 in chips) 
Seat 4: Any Nox ($2 in chips) 
Seat 5: novoxopersk ($2.45 in chips) 
Seat 6: R0DMAX ($1.34 in chips) 
Seat 7: AndryiHaiduk ($1.03 in chips) 
Seat 8: nartykl ($3.07 in chips) 
Seat 9: jozsi&kati ($3.93 in chips) 
R0DMAX: posts small blind $0.01
AndryiHaiduk: posts big blind $0.02
*** HOLE CARDS ***
Dealt to Dorex2007 [3h Tc]
nartykl: raises $0.04 to $0.06
jozsi&kati: folds 
zloycooper: calls $0.06
Djek300: calls $0.06
Dorex2007: folds 
Any Nox: folds 
novoxopersk: calls $0.06
R0DMAX: folds 
AndryiHaiduk: folds 
*** FLOP *** [2d Js 6s]
nartykl: bets $0.18
zloycooper: folds 
Djek300: folds 
novoxopersk: calls $0.18
*** TURN *** [2d Js 6s] [Td]
nartykl: checks 
novoxopersk: bets $0.38
nartykl: folds 
Uncalled bet ($0.38) returned to novoxopersk
novoxopersk collected $0.61 from pot
novoxopersk: doesn't show hand 
*** SUMMARY ***
Total pot $0.63 | Rake $0.02 
Board [2d Js 6s Td]
Seat 1: zloycooper folded on the Flop
Seat 2: Djek300 folded on the Flop
Seat 3: Dorex2007 folded before Flop (didn't bet)
Seat 4: Any Nox folded before Flop (didn't bet)
Seat 5: novoxopersk (button) collected ($0.61)
Seat 6: R0DMAX (small blind) folded before Flop
Seat 7: AndryiHaiduk (big blind) folded before Flop
Seat 8: nartykl folded on the Turn
Seat 9: jozsi&kati folded before Flop (didn't bet)



PokerStars Hand #232747965755:  Hold'em No Limit ($0.01/$0.02 USD) - 2022/01/02 9:36:24 PT [2022/01/02 12:36:24 ET]
Table 'Dvorak III' 9-max Seat #6 is the button
Seat 1: zloycooper ($0.97 in chips) 
Seat 2: Djek300 ($3.56 in chips) 
Seat 3: Dorex2007 ($2.94 in chips) 
Seat 4: Any Nox ($2 in chips) 
Seat 5: novoxopersk ($2.82 in chips) 
Seat 6: R0DMAX ($1.33 in chips) 
Seat 7: AndryiHaiduk ($1.01 in chips) 
Seat 8: nartykl ($2.83 in chips) 
Seat 9: jozsi&kati ($3.93 in chips) 
AndryiHaiduk: posts small blind $0.01
nartykl: posts big blind $0.02
*** HOLE CARDS ***
Dealt to Dorex2007 [Jc 6h]
jozsi&kati: calls $0.02
zloycooper: calls $0.02
Djek300: folds 
Dorex2007: folds 
Any Nox: folds 
novoxopersk: folds 
R0DMAX: folds 
AndryiHaiduk: folds 
nartykl: checks 
*** FLOP *** [4c Kh 8c]
nartykl: checks 
jozsi&kati: checks 
zloycooper: checks 
*** TURN *** [4c Kh 8c] [Ks]
nartykl: checks 
jozsi&kati: bets $0.05
zloycooper: folds 
nartykl: folds 
Uncalled bet ($0.05) returned to jozsi&kati
jozsi&kati collected $0.07 from pot
jozsi&kati: doesn't show hand 
*** SUMMARY ***
Total pot $0.07 | Rake $0 
Board [4c Kh 8c Ks]
Seat 1: zloycooper folded on the Turn
Seat 2: Djek300 folded before Flop (didn't bet)
Seat 3: Dorex2007 folded before Flop (didn't bet)
Seat 4: Any Nox folded before Flop (didn't bet)
Seat 5: novoxopersk folded before Flop (didn't bet)
Seat 6: R0DMAX (button) folded before Flop (didn't bet)
Seat 7: AndryiHaiduk (small blind) folded before Flop
Seat 8: nartykl (big blind) folded on the Turn
Seat 9: jozsi&kati collected ($0.07)



PokerStars Hand #232747990665:  Hold'em No Limit ($0.01/$0.02 USD) - 2022/01/02 9:37:03 PT [2022/01/02 12:37:03 ET]
Table 'Dvorak III' 9-max Seat #7 is the button
Seat 1: zloycooper ($0.95 in chips) 
Seat 2: Djek300 ($3.56 in chips) 
Seat 3: Dorex2007 ($2.94 in chips) 
Seat 4: Any Nox ($2 in chips) 
Seat 5: novoxopersk ($2.82 in chips) 
Seat 6: R0DMAX ($1.33 in chips) 
Seat 7: AndryiHaiduk ($1 in chips) 
Seat 8: nartykl ($2.81 in chips) 
Seat 9: jozsi&kati ($3.98 in chips) 
nartykl: posts small blind $0.01
jozsi&kati: posts big blind $0.02
*** HOLE CARDS ***
Dealt to Dorex2007 [Kd 8c]
zloycooper: raises $0.05 to $0.07
Djek300: folds 
Dorex2007: folds 
Any Nox: folds 
novoxopersk: folds 
R0DMAX: calls $0.07
AndryiHaiduk: folds 
nartykl: folds 
jozsi&kati: calls $0.05
*** FLOP *** [8h 3s 8s]
jozsi&kati: checks 
zloycooper: bets $0.11
R0DMAX: calls $0.11
jozsi&kati: folds 
*** TURN *** [8h 3s 8s] [Kc]
zloycooper: bets $0.21
R0DMAX: calls $0.21
*** RIVER *** [8h 3s 8s Kc] [Qc]
zloycooper: bets $0.56 and is all-in
R0DMAX: calls $0.56
*** SHOW DOWN ***
zloycooper: shows [Ad Qs] (two pair, Queens and Eights)
R0DMAX: shows [Jd Js] (two pair, Jacks and Eights)
zloycooper collected $1.91 from pot
*** SUMMARY ***
Total pot $1.98 | Rake $0.07 
Board [8h 3s 8s Kc Qc]
Seat 1: zloycooper showed [Ad Qs] and won ($1.91) with two pair, Queens and Eights
Seat 2: Djek300 folded before Flop (didn't bet)
Seat 3: Dorex2007 folded before Flop (didn't bet)
Seat 4: Any Nox folded before Flop (didn't bet)
Seat 5: novoxopersk folded before Flop (didn't bet)
Seat 6: R0DMAX showed [Jd Js] and lost with two pair, Jacks and Eights
Seat 7: AndryiHaiduk (button) folded before Flop (didn't bet)
Seat 8: nartykl (small blind) folded before Flop
Seat 9: jozsi&kati (big blind) folded on the Flop



PokerStars Hand #232748021791:  Hold'em No Limit ($0.01/$0.02 USD) - 2022/01/02 9:37:52 PT [2022/01/02 12:37:52 ET]
Table 'Dvorak III' 9-max Seat #8 is the button
Seat 1: zloycooper ($1.91 in chips) 
Seat 2: Djek300 ($3.56 in chips) 
Seat 3: Dorex2007 ($2.94 in chips) 
Seat 4: Any Nox ($2 in chips) 
Seat 5: novoxopersk ($2.82 in chips) 
Seat 6: R0DMAX ($0.38 in chips) 
Seat 7: AndryiHaiduk ($1 in chips) 
Seat 8: nartykl ($2.80 in chips) 
Seat 9: jozsi&kati ($3.91 in chips) 
jozsi&kati: posts small blind $0.01
zloycooper: posts big blind $0.02
*** HOLE CARDS ***
Dealt to Dorex2007 [9h 3s]
Djek300: folds 
Dorex2007: folds 
Any Nox: folds 
novoxopersk: folds 
R0DMAX: folds 
AndryiHaiduk: folds 
nartykl: raises $0.04 to $0.06
jozsi&kati: calls $0.05
zloycooper: calls $0.04
*** FLOP *** [Ah 4d 9c]
jozsi&kati: checks 
zloycooper: bets $0.09
nartykl: folds 
jozsi&kati: folds 
Uncalled bet ($0.09) returned to zloycooper
zloycooper collected $0.17 from pot
zloycooper: doesn't show hand 
*** SUMMARY ***
Total pot $0.18 | Rake $0.01 
Board [Ah 4d 9c]
Seat 1: zloycooper (big blind) collected ($0.17)
Seat 2: Djek300 folded before Flop (didn't bet)
Seat 3: Dorex2007 folded before Flop (didn't bet)
Seat 4: Any Nox folded before Flop (didn't bet)
Seat 5: novoxopersk folded before Flop (didn't bet)
Seat 6: R0DMAX folded before Flop (didn't bet)
Seat 7: AndryiHaiduk folded before Flop (didn't bet)
Seat 8: nartykl (button) folded on the Flop
Seat 9: jozsi&kati (small blind) folded on the Flop



PokerStars Hand #232748046381:  Hold'em No Limit ($0.01/$0.02 USD) - 2022/01/02 9:38:30 PT [2022/01/02 12:38:30 ET]
Table 'Dvorak III' 9-max Seat #9 is the button
Seat 1: zloycooper ($2.02 in chips) 
Seat 2: Djek300 ($3.56 in chips) 
Seat 3: Dorex2007 ($2.94 in chips) 
Seat 4: Any Nox ($2 in chips) 
Seat 5: novoxopersk ($2.82 in chips) 
Seat 6: R0DMAX ($0.38 in chips) 
Seat 7: AndryiHaiduk ($1 in chips) 
Seat 8: nartykl ($2.74 in chips) 
Seat 9: jozsi&kati ($3.85 in chips) 
zloycooper: posts small blind $0.01
Djek300: posts big blind $0.02
*** HOLE CARDS ***
Dealt to Dorex2007 [2h 6s]
Dorex2007: folds 
Any Nox: folds 
novoxopersk: folds 
R0DMAX: calls $0.02
AndryiHaiduk: folds 
nartykl: raises $0.06 to $0.08
jozsi&kati: folds 
zloycooper: folds 
Djek300: calls $0.06
R0DMAX: calls $0.06
*** FLOP *** [Td Qs 9d]
Djek300: bets $0.18
R0DMAX: calls $0.18
nartykl: calls $0.18
*** TURN *** [Td Qs 9d] [7d]
Djek300: checks 
R0DMAX: bets $0.12 and is all-in
nartykl: calls $0.12
Djek300: raises $0.42 to $0.54
nartykl: calls $0.42
*** RIVER *** [Td Qs 9d 7d] [5d]
Djek300: checks 
nartykl: bets $0.52
Djek300: folds 
Uncalled bet ($0.52) returned to nartykl
*** SHOW DOWN ***
nartykl: shows [Tc Ad] (a flush, Ace high)
nartykl collected $0.81 from side pot
R0DMAX: shows [Ah 8s] (high card Ace)
nartykl collected $1.11 from main pot
*** SUMMARY ***
Total pot $1.99 Main pot $1.11. Side pot $0.81. | Rake $0.07 
Board [Td Qs 9d 7d 5d]
Seat 1: zloycooper (small blind) folded before Flop
Seat 2: Djek300 (big blind) folded on the River
Seat 3: Dorex2007 folded before Flop (didn't bet)
Seat 4: Any Nox folded before Flop (didn't bet)
Seat 5: novoxopersk folded before Flop (didn't bet)
Seat 6: R0DMAX showed [Ah 8s] and lost with high card Ace
Seat 7: AndryiHaiduk folded before Flop (didn't bet)
Seat 8: nartykl showed [Tc Ad] and won ($1.92) with a flush, Ace high
Seat 9: jozsi&kati (button) folded before Flop (didn't bet)



PokerStars Hand #232748113474:  Hold'em No Limit ($0.01/$0.02 USD) - 2022/01/02 9:40:14 PT [2022/01/02 12:40:14 ET]
Table 'Dvorak III' 9-max Seat #1 is the button
Seat 1: zloycooper ($2.01 in chips) 
Seat 2: Djek300 ($2.76 in chips) 
Seat 3: Dorex2007 ($2.94 in chips) 
Seat 4: Any Nox ($2 in chips) 
Seat 5: novoxopersk ($2.82 in chips) 
Seat 7: AndryiHaiduk ($1 in chips) 
Seat 8: nartykl ($3.86 in chips) 
Seat 9: jozsi&kati ($3.85 in chips) 
Djek300: posts small blind $0.01
Dorex2007: posts big blind $0.02
*** HOLE CARDS ***
Dealt to Dorex2007 [7h 5h]
Any Nox: folds 
novoxopersk: calls $0.02
AndryiHaiduk: folds 
nartykl: folds 
jozsi&kati: calls $0.02
zloycooper: folds 
Djek300: folds 
Dorex2007: checks 
*** FLOP *** [8s 6d Qs]
Dorex2007: checks 
novoxopersk: checks 
jozsi&kati: bets $0.04
Dorex2007: folds 
novoxopersk: calls $0.04
*** TURN *** [8s 6d Qs] [Jd]
novoxopersk: checks 
jozsi&kati: checks 
*** RIVER *** [8s 6d Qs Jd] [9d]
novoxopersk: checks 
jozsi&kati: checks 
*** SHOW DOWN ***
novoxopersk: shows [Ah 6h] (a pair of Sixes)
jozsi&kati: shows [9c 7c] (a pair of Nines)
jozsi&kati collected $0.14 from pot
*** SUMMARY ***
Total pot $0.15 | Rake $0.01 
Board [8s 6d Qs Jd 9d]
Seat 1: zloycooper (button) folded before Flop (didn't bet)
Seat 2: Djek300 (small blind) folded before Flop
Seat 3: Dorex2007 (big blind) folded on the Flop
Seat 4: Any Nox folded before Flop (didn't bet)
Seat 5: novoxopersk showed [Ah 6h] and lost with a pair of Sixes
Seat 7: AndryiHaiduk folded before Flop (didn't bet)
Seat 8: nartykl folded before Flop (didn't bet)
Seat 9: jozsi&kati showed [9c 7c] and won ($0.14) with a pair of Nines



PokerStars Hand #232748142438:  Hold'em No Limit ($0.01/$0.02 USD) - 2022/01/02 9:41:00 PT [2022/01/02 12:41:00 ET]
Table 'Dvorak III' 9-max Seat #2 is the button
Seat 1: zloycooper ($2.01 in chips) 
Seat 2: Djek300 ($2.75 in chips) 
Seat 3: Dorex2007 ($2.92 in chips) 
Seat 4: Any Nox ($2 in chips) 
Seat 5: novoxopersk ($2.76 in chips) 
Seat 7: AndryiHaiduk ($1 in chips) 
Seat 8: nartykl ($3.86 in chips) 
Seat 9: jozsi&kati ($3.93 in chips) 
Dorex2007: posts small blind $0.01
Any Nox: posts big blind $0.02
*** HOLE CARDS ***
Dealt to Dorex2007 [3s Ac]
novoxopersk: folds 
AndryiHaiduk: raises $0.04 to $0.06
nartykl: folds 
jozsi&kati: folds 
zloycooper: folds 
Djek300: folds 
Dorex2007: folds 
Any Nox: folds 
Uncalled bet ($0.04) returned to AndryiHaiduk
AndryiHaiduk collected $0.05 from pot
*** SUMMARY ***
Total pot $0.05 | Rake $0 
Seat 1: zloycooper folded before Flop (didn't bet)
Seat 2: Djek300 (button) folded before Flop (didn't bet)
Seat 3: Dorex2007 (small blind) folded before Flop
Seat 4: Any Nox (big blind) folded before Flop
Seat 5: novoxopersk folded before Flop (didn't bet)
Seat 7: AndryiHaiduk collected ($0.05)
Seat 8: nartykl folded before Flop (didn't bet)
Seat 9: jozsi&kati folded before Flop (didn't bet)



PokerStars Hand #232748159040:  Hold'em No Limit ($0.01/$0.02 USD) - 2022/01/02 9:41:26 PT [2022/01/02 12:41:26 ET]
Table 'Dvorak III' 9-max Seat #3 is the button
Seat 1: zloycooper ($2.01 in chips) 
Seat 2: Djek300 ($2.75 in chips) 
Seat 3: Dorex2007 ($2.91 in chips) 
Seat 4: Any Nox ($2 in chips) 
Seat 5: novoxopersk ($2.76 in chips) 
Seat 7: AndryiHaiduk ($1.03 in chips) 
Seat 8: nartykl ($3.86 in chips) 
Seat 9: jozsi&kati ($3.93 in chips) 
Any Nox: posts small blind $0.01
novoxopersk: posts big blind $0.02
*** HOLE CARDS ***
Dealt to Dorex2007 [3d Jc]
AndryiHaiduk: folds 
nartykl: folds 
jozsi&kati: folds 
zloycooper: folds 
Djek300: folds 
Dorex2007: folds 
Any Nox: folds 
Uncalled bet ($0.01) returned to novoxopersk
novoxopersk collected $0.02 from pot
novoxopersk: doesn't show hand 
*** SUMMARY ***
Total pot $0.02 | Rake $0 
Seat 1: zloycooper folded before Flop (didn't bet)
Seat 2: Djek300 folded before Flop (didn't bet)
Seat 3: Dorex2007 (button) folded before Flop (didn't bet)
Seat 4: Any Nox (small blind) folded before Flop
Seat 5: novoxopersk (big blind) collected ($0.02)
Seat 7: AndryiHaiduk folded before Flop (didn't bet)
Seat 8: nartykl folded before Flop (didn't bet)
Seat 9: jozsi&kati folded before Flop (didn't bet)



PokerStars Hand #232748169193:  Hold'em No Limit ($0.01/$0.02 USD) - 2022/01/02 9:41:41 PT [2022/01/02 12:41:41 ET]
Table 'Dvorak III' 9-max Seat #4 is the button
Seat 1: zloycooper ($2.01 in chips) 
Seat 2: Djek300 ($2.75 in chips) 
Seat 3: Dorex2007 ($2.91 in chips) 
Seat 4: Any Nox ($2 in chips) 
Seat 5: novoxopersk ($2.77 in chips) 
Seat 7: AndryiHaiduk ($1.03 in chips) 
Seat 8: nartykl ($3.86 in chips) 
Seat 9: jozsi&kati ($3.93 in chips) 
novoxopersk: posts small blind $0.01
AndryiHaiduk: posts big blind $0.02
*** HOLE CARDS ***
Dealt to Dorex2007 [8h Qs]
nartykl: folds 
jozsi&kati: raises $0.04 to $0.06
zloycooper: folds 
Djek300: folds 
Dorex2007: folds 
Any Nox: folds 
novoxopersk: raises $0.14 to $0.20
AndryiHaiduk: folds 
jozsi&kati: folds 
Uncalled bet ($0.14) returned to novoxopersk
novoxopersk collected $0.14 from pot
novoxopersk: doesn't show hand 
*** SUMMARY ***
Total pot $0.14 | Rake $0 
Seat 1: zloycooper folded before Flop (didn't bet)
Seat 2: Djek300 folded before Flop (didn't bet)
Seat 3: Dorex2007 folded before Flop (didn't bet)
Seat 4: Any Nox (button) folded before Flop (didn't bet)
Seat 5: novoxopersk (small blind) collected ($0.14)
Seat 7: AndryiHaiduk (big blind) folded before Flop
Seat 8: nartykl folded before Flop (didn't bet)
Seat 9: jozsi&kati folded before Flop



PokerStars Hand #232748185283:  Hold'em No Limit ($0.01/$0.02 USD) - 2022/01/02 9:42:07 PT [2022/01/02 12:42:07 ET]
Table 'Dvorak III' 9-max Seat #5 is the button
Seat 1: zloycooper ($2.01 in chips) 
Seat 2: Djek300 ($2.75 in chips) 
Seat 3: Dorex2007 ($2.91 in chips) 
Seat 4: Any Nox ($2 in chips) 
Seat 5: novoxopersk ($2.85 in chips) 
Seat 7: AndryiHaiduk ($1.01 in chips) 
Seat 9: jozsi&kati ($3.87 in chips) 
AndryiHaiduk: posts small blind $0.01
nartykl: is sitting out 
jozsi&kati: posts big blind $0.02
*** HOLE CARDS ***
Dealt to Dorex2007 [Td 7s]
zloycooper: folds 
nartykl leaves the table
Djek300: folds 
Dorex2007: folds 
Any Nox: folds 
novoxopersk: folds 
AndryiHaiduk: folds 
Uncalled bet ($0.01) returned to jozsi&kati
jozsi&kati collected $0.02 from pot
jozsi&kati: doesn't show hand 
*** SUMMARY ***
Total pot $0.02 | Rake $0 
Seat 1: zloycooper folded before Flop (didn't bet)
Seat 2: Djek300 folded before Flop (didn't bet)
Seat 3: Dorex2007 folded before Flop (didn't bet)
Seat 4: Any Nox folded before Flop (didn't bet)
Seat 5: novoxopersk (button) folded before Flop (didn't bet)
Seat 7: AndryiHaiduk (small blind) folded before Flop
Seat 9: jozsi&kati (big blind) collected ($0.02)



PokerStars Hand #232748242298:  Hold'em No Limit ($0.01/$0.02 USD) - 2022/01/02 9:43:30 PT [2022/01/02 12:43:30 ET]
Table 'Dvorak III' 9-max Seat #1 is the button
Seat 1: zloycooper ($2.47 in chips) 
Seat 2: Djek300 ($2.73 in chips) 
Seat 3: Dorex2007 ($2.91 in chips) 
Seat 4: Any Nox ($2 in chips) 
Seat 5: novoxopersk ($2.79 in chips) 
Seat 7: AndryiHaiduk ($0.59 in chips) 
Seat 9: jozsi&kati ($3.87 in chips) 
Djek300: posts small blind $0.01
Dorex2007: posts big blind $0.02
Makaroj1988: sits out 
*** HOLE CARDS ***
Dealt to Dorex2007 [8s 2c]
Any Nox: folds 
novoxopersk: folds 
AndryiHaiduk: folds 
jozsi&kati: folds 
zloycooper: folds 
Djek300: raises $0.04 to $0.06
Dorex2007: folds 
Uncalled bet ($0.04) returned to Djek300
Djek300 collected $0.04 from pot
Djek300: doesn't show hand 
*** SUMMARY ***
Total pot $0.04 | Rake $0 
Seat 1: zloycooper (button) folded before Flop (didn't bet)
Seat 2: Djek300 (small blind) collected ($0.04)
Seat 3: Dorex2007 (big blind) folded before Flop
Seat 4: Any Nox folded before Flop (didn't bet)
Seat 5: novoxopersk folded before Flop (didn't bet)
Seat 7: AndryiHaiduk folded before Flop (didn't bet)
Seat 9: jozsi&kati folded before Flop (didn't bet)



PokerStars Hand #232748404478:  Hold'em No Limit ($0.01/$0.02 USD) - 2022/01/02 9:47:33 PT [2022/01/02 12:47:33 ET]
Table 'Dvorak III' 9-max Seat #4 is the button
Seat 1: zloycooper ($2.50 in chips) 
Seat 3: Dorex2007 ($2.88 in chips) 
Seat 4: Any Nox ($2.11 in chips) 
Seat 5: novoxopersk ($2.74 in chips) 
Seat 7: AndryiHaiduk ($0.56 in chips) 
Seat 8: Makaroj1988 ($1.30 in chips) 
Seat 9: jozsi&kati ($3.60 in chips) 
novoxopersk: posts small blind $0.01
AndryiHaiduk: posts big blind $0.02
Dorex2007: posts small & big blinds $0.03
*** HOLE CARDS ***
Dealt to Dorex2007 [4d 6d]
Makaroj1988: folds 
jozsi&kati: calls $0.02
zloycooper: folds 
Dorex2007: checks 
Any Nox: raises $0.04 to $0.06
novoxopersk: folds 
AndryiHaiduk: calls $0.04
jozsi&kati: calls $0.04
Dorex2007: folds 
*** FLOP *** [8h 7d 2d]
AndryiHaiduk: bets $0.50 and is all-in
jozsi&kati: folds 
Any Nox: calls $0.50
*** TURN *** [8h 7d 2d] [Tc]
*** RIVER *** [8h 7d 2d Tc] [Jh]
*** SHOW DOWN ***
AndryiHaiduk: shows [Th 9h] (a straight, Seven to Jack)
Any Nox: shows [2h 2s] (three of a kind, Deuces)
AndryiHaiduk collected $1.18 from pot
*** SUMMARY ***
Total pot $1.22 | Rake $0.04 
Board [8h 7d 2d Tc Jh]
Seat 1: zloycooper folded before Flop (didn't bet)
Seat 3: Dorex2007 folded before Flop (didn't bet)
Seat 4: Any Nox (button) showed [2h 2s] and lost with three of a kind, Deuces
Seat 5: novoxopersk (small blind) folded before Flop
Seat 7: AndryiHaiduk (big blind) showed [Th 9h] and won ($1.18) with a straight, Seven to Jack
Seat 8: Makaroj1988 folded before Flop (didn't bet)
Seat 9: jozsi&kati folded on the Flop



PokerStars Hand #232748426333:  Hold'em No Limit ($0.01/$0.02 USD) - 2022/01/02 9:48:07 PT [2022/01/02 12:48:07 ET]
Table 'Dvorak III' 9-max Seat #5 is the button
Seat 1: zloycooper ($2.50 in chips) 
Seat 3: Dorex2007 ($2.85 in chips) 
Seat 4: Any Nox ($2 in chips) 
Seat 5: novoxopersk ($2.73 in chips) 
Seat 7: AndryiHaiduk ($1.18 in chips) 
Seat 8: Makaroj1988 ($1.30 in chips) 
Seat 9: jozsi&kati ($3.54 in chips) 
AndryiHaiduk: posts small blind $0.01
Makaroj1988: posts big blind $0.02
*** HOLE CARDS ***
Dealt to Dorex2007 [4d 7s]
jozsi&kati: folds 
zloycooper: folds 
Dorex2007: folds 
Any Nox: folds 
novoxopersk: calls $0.02
AndryiHaiduk: folds 
Makaroj1988: checks 
*** FLOP *** [4h 8s 3d]
Makaroj1988: checks 
novoxopersk: bets $0.03
Makaroj1988: folds 
Uncalled bet ($0.03) returned to novoxopersk
novoxopersk collected $0.05 from pot
novoxopersk: doesn't show hand 
*** SUMMARY ***
Total pot $0.05 | Rake $0 
Board [4h 8s 3d]
Seat 1: zloycooper folded before Flop (didn't bet)
Seat 3: Dorex2007 folded before Flop (didn't bet)
Seat 4: Any Nox folded before Flop (didn't bet)
Seat 5: novoxopersk (button) collected ($0.05)
Seat 7: AndryiHaiduk (small blind) folded before Flop
Seat 8: Makaroj1988 (big blind) folded on the Flop
Seat 9: jozsi&kati folded before Flop (didn't bet)



PokerStars Hand #232748444667:  Hold'em No Limit ($0.01/$0.02 USD) - 2022/01/02 9:48:35 PT [2022/01/02 12:48:35 ET]
Table 'Dvorak III' 9-max Seat #7 is the button
Seat 1: zloycooper ($2.50 in chips) 
Seat 3: Dorex2007 ($2.85 in chips) 
Seat 4: Any Nox ($2 in chips) 
Seat 5: novoxopersk ($2.76 in chips) 
Seat 7: AndryiHaiduk ($1.17 in chips) 
Seat 8: Makaroj1988 ($1.28 in chips) 
Seat 9: jozsi&kati ($3.54 in chips) 
Makaroj1988: posts small blind $0.01
jozsi&kati: posts big blind $0.02
*** HOLE CARDS ***
Dealt to Dorex2007 [6h Ac]
zloycooper: raises $0.03 to $0.05
Dorex2007: folds 
Any Nox: folds 
novoxopersk: folds 
AndryiHaiduk: folds 
Makaroj1988: folds 
jozsi&kati: folds 
Uncalled bet ($0.03) returned to zloycooper
zloycooper collected $0.05 from pot
zloycooper: doesn't show hand 
*** SUMMARY ***
Total pot $0.05 | Rake $0 
Seat 1: zloycooper collected ($0.05)
Seat 3: Dorex2007 folded before Flop (didn't bet)
Seat 4: Any Nox folded before Flop (didn't bet)
Seat 5: novoxopersk folded before Flop (didn't bet)
Seat 7: AndryiHaiduk (button) folded before Flop (didn't bet)
Seat 8: Makaroj1988 (small blind) folded before Flop
Seat 9: jozsi&kati (big blind) folded before Flop



PokerStars Hand #232748458961:  Hold'em No Limit ($0.01/$0.02 USD) - 2022/01/02 9:48:58 PT [2022/01/02 12:48:58 ET]
Table 'Dvorak III' 9-max Seat #8 is the button
Seat 1: zloycooper ($2.53 in chips) 
Seat 3: Dorex2007 ($2.85 in chips) 
Seat 4: Any Nox ($2 in chips) 
Seat 5: novoxopersk ($2.76 in chips) 
Seat 7: AndryiHaiduk ($1.17 in chips) 
Seat 8: Makaroj1988 ($1.27 in chips) 
Seat 9: jozsi&kati ($3.52 in chips) 
jozsi&kati: posts small blind $0.01
zloycooper: posts big blind $0.02
*** HOLE CARDS ***
Dealt to Dorex2007 [4d 2h]
Dorex2007: folds 
Any Nox: folds 
novoxopersk: folds 
AndryiHaiduk: raises $0.04 to $0.06
Makaroj1988: folds 
jozsi&kati: raises $0.14 to $0.20
zloycooper: folds 
AndryiHaiduk: calls $0.14
*** FLOP *** [4h 2s 9c]
jozsi&kati: checks 
AndryiHaiduk: checks 
*** TURN *** [4h 2s 9c] [6h]
jozsi&kati: bets $0.27
AndryiHaiduk: folds 
Uncalled bet ($0.27) returned to jozsi&kati
jozsi&kati collected $0.41 from pot
jozsi&kati: doesn't show hand 
*** SUMMARY ***
Total pot $0.42 | Rake $0.01 
Board [4h 2s 9c 6h]
Seat 1: zloycooper (big blind) folded before Flop
Seat 3: Dorex2007 folded before Flop (didn't bet)
Seat 4: Any Nox folded before Flop (didn't bet)
Seat 5: novoxopersk folded before Flop (didn't bet)
Seat 7: AndryiHaiduk folded on the Turn
Seat 8: Makaroj1988 (button) folded before Flop (didn't bet)
Seat 9: jozsi&kati (small blind) collected ($0.41)



PokerStars Hand #232748491492:  Hold'em No Limit ($0.01/$0.02 USD) - 2022/01/02 9:49:49 PT [2022/01/02 12:49:49 ET]
Table 'Dvorak III' 9-max Seat #9 is the button
Seat 1: zloycooper ($2.51 in chips) 
Seat 3: Dorex2007 ($2.85 in chips) 
Seat 4: Any Nox ($2 in chips) 
Seat 5: novoxopersk ($2.76 in chips) 
Seat 7: AndryiHaiduk ($0.97 in chips) 
Seat 8: Makaroj1988 ($1.27 in chips) 
Seat 9: jozsi&kati ($3.73 in chips) 
zloycooper: posts small blind $0.01
Dorex2007: posts big blind $0.02
*** HOLE CARDS ***
Dealt to Dorex2007 [Qs 5h]
Any Nox: folds 
novoxopersk: calls $0.02
AndryiHaiduk: folds 
Makaroj1988: folds 
jozsi&kati: folds 
zloycooper: calls $0.01
Dorex2007: checks 
*** FLOP *** [5s 8h Qc]
zloycooper: checks 
Dorex2007: bets $0.06
novoxopersk: folds 
zloycooper: calls $0.06
*** TURN *** [5s 8h Qc] [9s]
zloycooper: checks 
Dorex2007: bets $0.17
zloycooper: calls $0.17
*** RIVER *** [5s 8h Qc 9s] [9c]
zloycooper: checks 
Dorex2007: checks 
*** SHOW DOWN ***
zloycooper: shows [Jd 9h] (three of a kind, Nines)
Dorex2007: mucks hand 
zloycooper collected $0.50 from pot
*** SUMMARY ***
Total pot $0.52 | Rake $0.02 
Board [5s 8h Qc 9s 9c]
Seat 1: zloycooper (small blind) showed [Jd 9h] and won ($0.50) with three of a kind, Nines
Seat 3: Dorex2007 (big blind) mucked [Qs 5h]
Seat 4: Any Nox folded before Flop (didn't bet)
Seat 5: novoxopersk folded on the Flop
Seat 7: AndryiHaiduk folded before Flop (didn't bet)
Seat 8: Makaroj1988 folded before Flop (didn't bet)
Seat 9: jozsi&kati (button) folded before Flop (didn't bet)



PokerStars Hand #232748524795:  Hold'em No Limit ($0.01/$0.02 USD) - 2022/01/02 9:50:41 PT [2022/01/02 12:50:41 ET]
Table 'Dvorak III' 9-max Seat #1 is the button
Seat 1: zloycooper ($2.76 in chips) 
Seat 3: Dorex2007 ($2.60 in chips) 
Seat 4: Any Nox ($2 in chips) 
Seat 5: novoxopersk ($2.74 in chips) 
Seat 7: AndryiHaiduk ($0.97 in chips) 
Seat 8: Makaroj1988 ($1.27 in chips) 
Seat 9: jozsi&kati ($3.73 in chips) 
Dorex2007: posts small blind $0.01
Any Nox: posts big blind $0.02
*** HOLE CARDS ***
Dealt to Dorex2007 [Ac 3d]
novoxopersk: calls $0.02
AndryiHaiduk: folds 
Makaroj1988: folds 
jozsi&kati: folds 
zloycooper: folds 
Dorex2007: calls $0.01
Any Nox: checks 
*** FLOP *** [Jh 6d 8h]
Dorex2007: checks 
Any Nox: checks 
novoxopersk: checks 
*** TURN *** [Jh 6d 8h] [3s]
Dorex2007: checks 
Any Nox: checks 
novoxopersk: checks 
*** RIVER *** [Jh 6d 8h 3s] [2s]
Dorex2007: bets $0.03
Any Nox: folds 
novoxopersk: folds 
Uncalled bet ($0.03) returned to Dorex2007
Dorex2007 collected $0.06 from pot
Dorex2007: doesn't show hand 
*** SUMMARY ***
Total pot $0.06 | Rake $0 
Board [Jh 6d 8h 3s 2s]
Seat 1: zloycooper (button) folded before Flop (didn't bet)
Seat 3: Dorex2007 (small blind) collected ($0.06)
Seat 4: Any Nox (big blind) folded on the River
Seat 5: novoxopersk folded on the River
Seat 7: AndryiHaiduk folded before Flop (didn't bet)
Seat 8: Makaroj1988 folded before Flop (didn't bet)
Seat 9: jozsi&kati folded before Flop (didn't bet)



PokerStars Hand #232748567318:  Hold'em No Limit ($0.01/$0.02 USD) - 2022/01/02 9:51:35 PT [2022/01/02 12:51:35 ET]
Table 'Dvorak III' 9-max Seat #3 is the button
Seat 1: zloycooper ($2.76 in chips) 
Seat 3: Dorex2007 ($2.64 in chips) 
Seat 4: Any Nox ($2 in chips) 
Seat 5: novoxopersk ($2.72 in chips) 
Seat 7: AndryiHaiduk ($0.97 in chips) 
Seat 8: Makaroj1988 ($1.27 in chips) 
Seat 9: jozsi&kati ($3.73 in chips) 
Any Nox: posts small blind $0.01
novoxopersk: posts big blind $0.02
*** HOLE CARDS ***
Dealt to Dorex2007 [9d Ts]
AndryiHaiduk: raises $0.04 to $0.06
Makaroj1988: folds 
jozsi&kati: folds 
zloycooper: folds 
Dorex2007: folds 
Any Nox: folds 
novoxopersk: calls $0.04
*** FLOP *** [2d Kc Qd]
novoxopersk: checks 
AndryiHaiduk: checks 
*** TURN *** [2d Kc Qd] [7h]
novoxopersk: checks 
AndryiHaiduk: checks 
*** RIVER *** [2d Kc Qd 7h] [2h]
novoxopersk: bets $0.13
AndryiHaiduk: calls $0.13
*** SHOW DOWN ***
novoxopersk: shows [2c Ac] (three of a kind, Deuces)
AndryiHaiduk: mucks hand 
novoxopersk collected $0.38 from pot
*** SUMMARY ***
Total pot $0.39 | Rake $0.01 
Board [2d Kc Qd 7h 2h]
Seat 1: zloycooper folded before Flop (didn't bet)
Seat 3: Dorex2007 (button) folded before Flop (didn't bet)
Seat 4: Any Nox (small blind) folded before Flop
Seat 5: novoxopersk (big blind) showed [2c Ac] and won ($0.38) with three of a kind, Deuces
Seat 7: AndryiHaiduk mucked [9s 7s]
Seat 8: Makaroj1988 folded before Flop (didn't bet)
Seat 9: jozsi&kati folded before Flop (didn't bet)



PokerStars Hand #232748591998:  Hold'em No Limit ($0.01/$0.02 USD) - 2022/01/02 9:52:13 PT [2022/01/02 12:52:13 ET]
Table 'Dvorak III' 9-max Seat #4 is the button
Seat 1: zloycooper ($2.76 in chips) 
Seat 3: Dorex2007 ($2.64 in chips) 
Seat 4: Any Nox ($2 in chips) 
Seat 5: novoxopersk ($2.91 in chips) 
Seat 7: AndryiHaiduk ($0.78 in chips) 
Seat 8: Makaroj1988 ($1.27 in chips) 
Seat 9: jozsi&kati ($3.73 in chips) 
novoxopersk: posts small blind $0.01
AndryiHaiduk: posts big blind $0.02
*** HOLE CARDS ***
Dealt to Dorex2007 [6c 4s]
Makaroj1988: calls $0.02
jozsi&kati: folds 
zloycooper: folds 
Dorex2007: folds 
Any Nox: raises $0.07 to $0.09
novoxopersk: folds 
AndryiHaiduk: folds 
Makaroj1988: folds 
Uncalled bet ($0.07) returned to Any Nox
Any Nox collected $0.07 from pot
R0DMAX leaves the table
Any Nox: doesn't show hand 
*** SUMMARY ***
Total pot $0.07 | Rake $0 
Seat 1: zloycooper folded before Flop (didn't bet)
Seat 3: Dorex2007 folded before Flop (didn't bet)
Seat 4: Any Nox (button) collected ($0.07)
Seat 5: novoxopersk (small blind) folded before Flop
Seat 7: AndryiHaiduk (big blind) folded before Flop
Seat 8: Makaroj1988 folded before Flop
Seat 9: jozsi&kati folded before Flop (didn't bet)



PokerStars Hand #232748611379:  Hold'em No Limit ($0.01/$0.02 USD) - 2022/01/02 9:52:44 PT [2022/01/02 12:52:44 ET]
Table 'Dvorak III' 9-max Seat #5 is the button
Seat 1: zloycooper ($2.76 in chips) 
Seat 3: Dorex2007 ($2.64 in chips) 
Seat 4: Any Nox ($2.05 in chips) 
Seat 5: novoxopersk ($2.90 in chips) 
Seat 7: AndryiHaiduk ($0.76 in chips) 
Seat 8: Makaroj1988 ($1.25 in chips) 
Seat 9: jozsi&kati ($3.73 in chips) 
AndryiHaiduk: posts small blind $0.01
Makaroj1988: posts big blind $0.02
Djek300: sits out 
*** HOLE CARDS ***
Dealt to Dorex2007 [5s 2s]
jozsi&kati: calls $0.02
zloycooper: folds 
Dorex2007: folds 
Any Nox: folds 
yjqian23 joins the table at seat #6 
novoxopersk: calls $0.02
AndryiHaiduk: folds 
Makaroj1988: checks 
*** FLOP *** [Ts 9d 3s]
Makaroj1988: checks 
jozsi&kati: checks 
novoxopersk: bets $0.04
Makaroj1988: calls $0.04
jozsi&kati: folds 
*** TURN *** [Ts 9d 3s] [Kc]
Makaroj1988: bets $0.07
novoxopersk: calls $0.07
*** RIVER *** [Ts 9d 3s Kc] [7h]
Makaroj1988: bets $0.14
novoxopersk: raises $0.16 to $0.30
Makaroj1988: raises $0.16 to $0.46
novoxopersk: calls $0.16
*** SHOW DOWN ***
Makaroj1988: shows [Js Qs] (a straight, Nine to King)
novoxopersk: mucks hand 
Makaroj1988 collected $1.17 from pot
*** SUMMARY ***
Total pot $1.21 | Rake $0.04 
Board [Ts 9d 3s Kc 7h]
Seat 1: zloycooper folded before Flop (didn't bet)
Seat 3: Dorex2007 folded before Flop (didn't bet)
Seat 4: Any Nox folded before Flop (didn't bet)
Seat 5: novoxopersk (button) mucked [7s Ks]
Seat 7: AndryiHaiduk (small blind) folded before Flop
Seat 8: Makaroj1988 (big blind) showed [Js Qs] and won ($1.17) with a straight, Nine to King
Seat 9: jozsi&kati folded on the Flop



PokerStars Hand #232748649222:  Hold'em No Limit ($0.01/$0.02 USD) - 2022/01/02 9:53:43 PT [2022/01/02 12:53:43 ET]
Table 'Dvorak III' 9-max Seat #7 is the button
Seat 1: zloycooper ($2.76 in chips) 
Seat 3: Dorex2007 ($2.64 in chips) 
Seat 4: Any Nox ($2.05 in chips) 
Seat 5: novoxopersk ($2.31 in chips) 
Seat 6: yjqian23 ($2 in chips) 
Seat 7: AndryiHaiduk ($0.75 in chips) 
Seat 8: Makaroj1988 ($1.83 in chips) 
Seat 9: jozsi&kati ($3.71 in chips) 
Makaroj1988: posts small blind $0.01
jozsi&kati: posts big blind $0.02
Djek300: sits out 
yjqian23: posts big blind $0.02
*** HOLE CARDS ***
Dealt to Dorex2007 [8d Jd]
zloycooper: folds 
Dorex2007: folds 
Any Nox: folds 
novoxopersk: calls $0.02
yjqian23: checks 
AndryiHaiduk: raises $0.04 to $0.06
Makaroj1988: folds 
jozsi&kati: folds 
novoxopersk: calls $0.04
yjqian23: folds 
*** FLOP *** [Th Qd Ad]
novoxopersk: checks 
AndryiHaiduk: bets $0.16
novoxopersk: folds 
Uncalled bet ($0.16) returned to AndryiHaiduk
AndryiHaiduk collected $0.16 from pot
*** SUMMARY ***
Total pot $0.17 | Rake $0.01 
Board [Th Qd Ad]
Seat 1: zloycooper folded before Flop (didn't bet)
Seat 3: Dorex2007 folded before Flop (didn't bet)
Seat 4: Any Nox folded before Flop (didn't bet)
Seat 5: novoxopersk folded on the Flop
Seat 6: yjqian23 folded before Flop (didn't bet)
Seat 7: AndryiHaiduk (button) collected ($0.16)
Seat 8: Makaroj1988 (small blind) folded before Flop
Seat 9: jozsi&kati (big blind) folded before Flop



PokerStars Hand #232748671003:  Hold'em No Limit ($0.01/$0.02 USD) - 2022/01/02 9:54:17 PT [2022/01/02 12:54:17 ET]
Table 'Dvorak III' 9-max Seat #8 is the button
Seat 1: zloycooper ($2.76 in chips) 
Seat 3: Dorex2007 ($2.64 in chips) 
Seat 4: Any Nox ($2.05 in chips) 
Seat 5: novoxopersk ($2.25 in chips) 
Seat 6: yjqian23 ($1.98 in chips) 
Seat 7: AndryiHaiduk ($0.85 in chips) 
Seat 8: Makaroj1988 ($1.82 in chips) 
Seat 9: jozsi&kati ($3.69 in chips) 
jozsi&kati: posts small blind $0.01
zloycooper: posts big blind $0.02
Djek300: sits out 
*** HOLE CARDS ***
Dealt to Dorex2007 [6s 7s]
Dorex2007: folds 
Any Nox: folds 
novoxopersk: folds 
yjqian23: calls $0.02
AndryiHaiduk: folds 
Makaroj1988: calls $0.02
jozsi&kati: calls $0.01
zloycooper: checks 
*** FLOP *** [Qs 9c Kh]
jozsi&kati: checks 
zloycooper: checks 
yjqian23: checks 
Makaroj1988: bets $0.04
jozsi&kati: folds 
zloycooper: folds 
yjqian23: folds 
Uncalled bet ($0.04) returned to Makaroj1988
Makaroj1988 collected $0.08 from pot
Makaroj1988: doesn't show hand 
*** SUMMARY ***
Total pot $0.08 | Rake $0 
Board [Qs 9c Kh]
Seat 1: zloycooper (big blind) folded on the Flop
Seat 3: Dorex2007 folded before Flop (didn't bet)
Seat 4: Any Nox folded before Flop (didn't bet)
Seat 5: novoxopersk folded before Flop (didn't bet)
Seat 6: yjqian23 folded on the Flop
Seat 7: AndryiHaiduk folded before Flop (didn't bet)
Seat 8: Makaroj1988 (button) collected ($0.08)
Seat 9: jozsi&kati (small blind) folded on the Flop



PokerStars Hand #232748699011:  Hold'em No Limit ($0.01/$0.02 USD) - 2022/01/02 9:55:01 PT [2022/01/02 12:55:01 ET]
Table 'Dvorak III' 9-max Seat #9 is the button
Seat 1: zloycooper ($2.74 in chips) 
Seat 2: Djek300 ($2.75 in chips) 
Seat 3: Dorex2007 ($2.64 in chips) 
Seat 4: Any Nox ($2.05 in chips) 
Seat 5: novoxopersk ($2.25 in chips) 
Seat 6: yjqian23 ($1.96 in chips) 
Seat 7: AndryiHaiduk ($0.85 in chips) 
Seat 8: Makaroj1988 ($1.88 in chips) 
Seat 9: jozsi&kati ($3.67 in chips) 
zloycooper: posts small blind $0.01
Djek300: posts big blind $0.02
*** HOLE CARDS ***
Dealt to Dorex2007 [7h 9h]
Dorex2007: folds 
Any Nox: folds 
novoxopersk: folds 
yjqian23: folds 
AndryiHaiduk: folds 
Makaroj1988: folds 
jozsi&kati has timed out
jozsi&kati: folds 
zloycooper: raises $0.04 to $0.06
Djek300: calls $0.04
*** FLOP *** [8d 4s 3d]
zloycooper: bets $0.06
Djek300: calls $0.06
*** TURN *** [8d 4s 3d] [Qs]
zloycooper: bets $0.12
Djek300: calls $0.12
*** RIVER *** [8d 4s 3d Qs] [5d]
zloycooper: bets $0.23
Djek300: calls $0.23
*** SHOW DOWN ***
zloycooper: shows [Qc Ah] (a pair of Queens)
Djek300: shows [Qd 2d] (a flush, Queen high)
Djek300 collected $0.91 from pot
*** SUMMARY ***
Total pot $0.94 | Rake $0.03 
Board [8d 4s 3d Qs 5d]
Seat 1: zloycooper (small blind) showed [Qc Ah] and lost with a pair of Queens
Seat 2: Djek300 (big blind) showed [Qd 2d] and won ($0.91) with a flush, Queen high
Seat 3: Dorex2007 folded before Flop (didn't bet)
Seat 4: Any Nox folded before Flop (didn't bet)
Seat 5: novoxopersk folded before Flop (didn't bet)
Seat 6: yjqian23 folded before Flop (didn't bet)
Seat 7: AndryiHaiduk folded before Flop (didn't bet)
Seat 8: Makaroj1988 folded before Flop (didn't bet)
Seat 9: jozsi&kati (button) folded before Flop (didn't bet)



PokerStars Hand #232748727279:  Hold'em No Limit ($0.01/$0.02 USD) - 2022/01/02 9:56:02 PT [2022/01/02 12:56:02 ET]
Table 'Dvorak III' 9-max Seat #1 is the button
Seat 1: zloycooper ($2.27 in chips) 
Seat 2: Djek300 ($3.19 in chips) 
Seat 3: Dorex2007 ($2.64 in chips) 
Seat 4: Any Nox ($2.05 in chips) 
Seat 5: novoxopersk ($2.25 in chips) 
Seat 6: yjqian23 ($1.96 in chips) 
Seat 7: AndryiHaiduk ($0.85 in chips) 
Seat 8: Makaroj1988 ($1.88 in chips) 
Djek300: posts small blind $0.01
Dorex2007: posts big blind $0.02
*** HOLE CARDS ***
Dealt to Dorex2007 [5h Ad]
Any Nox: folds 
novoxopersk: calls $0.02
yjqian23: folds 
AndryiHaiduk: folds 
Makaroj1988: calls $0.02
zloycooper: folds 
Djek300: folds 
Dorex2007: checks 
*** FLOP *** [8d 3s 6s]
Dorex2007: checks 
novoxopersk: checks 
Makaroj1988: checks 
*** TURN *** [8d 3s 6s] [Jc]
Dorex2007: checks 
novoxopersk: bets $0.07
Makaroj1988: folds 
Dorex2007: folds 
Uncalled bet ($0.07) returned to novoxopersk
novoxopersk collected $0.07 from pot
novoxopersk: doesn't show hand 
*** SUMMARY ***
Total pot $0.07 | Rake $0 
Board [8d 3s 6s Jc]
Seat 1: zloycooper (button) folded before Flop (didn't bet)
Seat 2: Djek300 (small blind) folded before Flop
Seat 3: Dorex2007 (big blind) folded on the Turn
Seat 4: Any Nox folded before Flop (didn't bet)
Seat 5: novoxopersk collected ($0.07)
Seat 6: yjqian23 folded before Flop (didn't bet)
Seat 7: AndryiHaiduk folded before Flop (didn't bet)
Seat 8: Makaroj1988 folded on the Turn



PokerStars Hand #232748748445:  Hold'em No Limit ($0.01/$0.02 USD) - 2022/01/02 9:56:53 PT [2022/01/02 12:56:53 ET]
Table 'Dvorak III' 9-max Seat #2 is the button
Seat 1: zloycooper ($2.27 in chips) 
Seat 2: Djek300 ($3.18 in chips) 
Seat 3: Dorex2007 ($2.62 in chips) 
Seat 4: Any Nox ($2.05 in chips) 
Seat 5: novoxopersk ($2.30 in chips) 
Seat 6: yjqian23 ($1.96 in chips) 
Seat 7: AndryiHaiduk ($0.85 in chips) 
Seat 8: Makaroj1988 ($1.86 in chips) 
Dorex2007: posts small blind $0.01
Any Nox: posts big blind $0.02
*** HOLE CARDS ***
Dealt to Dorex2007 [Kh 5d]
novoxopersk: folds 
yjqian23: folds 
AndryiHaiduk: folds 
Makaroj1988: folds 
zloycooper: raises $0.04 to $0.06
Djek300: folds 
Dorex2007: folds 
Any Nox: folds 
Uncalled bet ($0.04) returned to zloycooper
zloycooper collected $0.05 from pot
zloycooper: doesn't show hand 
*** SUMMARY ***
Total pot $0.05 | Rake $0 
Seat 1: zloycooper collected ($0.05)
Seat 2: Djek300 (button) folded before Flop (didn't bet)
Seat 3: Dorex2007 (small blind) folded before Flop
Seat 4: Any Nox (big blind) folded before Flop
Seat 5: novoxopersk folded before Flop (didn't bet)
Seat 6: yjqian23 folded before Flop (didn't bet)
Seat 7: AndryiHaiduk folded before Flop (didn't bet)
Seat 8: Makaroj1988 folded before Flop (didn't bet)



PokerStars Hand #232748754052:  Hold'em No Limit ($0.01/$0.02 USD) - 2022/01/02 9:57:07 PT [2022/01/02 12:57:07 ET]
Table 'Dvorak III' 9-max Seat #3 is the button
Seat 1: zloycooper ($2.30 in chips) 
Seat 2: Djek300 ($3.18 in chips) 
Seat 3: Dorex2007 ($2.61 in chips) 
Seat 4: Any Nox ($2.03 in chips) 
Seat 5: novoxopersk ($2.30 in chips) 
Seat 6: yjqian23 ($1.96 in chips) 
Seat 7: AndryiHaiduk ($0.85 in chips) 
Seat 8: Makaroj1988 ($1.86 in chips) 
Any Nox: posts small blind $0.01
novoxopersk: posts big blind $0.02
*** HOLE CARDS ***
Dealt to Dorex2007 [Kc 5h]
yjqian23: folds 
AndryiHaiduk: folds 
Makaroj1988: folds 
zloycooper: folds 
Djek300: calls $0.02
Dorex2007: folds 
Any Nox: folds 
novoxopersk: checks 
*** FLOP *** [Ks Ad 7s]
novoxopersk: checks 
Djek300: checks 
*** TURN *** [Ks Ad 7s] [8s]
novoxopersk: checks 
Djek300: checks 
*** RIVER *** [Ks Ad 7s 8s] [2d]
novoxopersk: checks 
Djek300: bets $0.02
novoxopersk: folds 
Uncalled bet ($0.02) returned to Djek300
Djek300 collected $0.05 from pot
Djek300: doesn't show hand 
*** SUMMARY ***
Total pot $0.05 | Rake $0 
Board [Ks Ad 7s 8s 2d]
Seat 1: zloycooper folded before Flop (didn't bet)
Seat 2: Djek300 collected ($0.05)
Seat 3: Dorex2007 (button) folded before Flop (didn't bet)
Seat 4: Any Nox (small blind) folded before Flop
Seat 5: novoxopersk (big blind) folded on the River
Seat 6: yjqian23 folded before Flop (didn't bet)
Seat 7: AndryiHaiduk folded before Flop (didn't bet)
Seat 8: Makaroj1988 folded before Flop (didn't bet)



PokerStars Hand #232748770106:  Hold'em No Limit ($0.01/$0.02 USD) - 2022/01/02 9:57:45 PT [2022/01/02 12:57:45 ET]
Table 'Dvorak III' 9-max Seat #4 is the button
Seat 1: zloycooper ($2.30 in chips) 
Seat 2: Djek300 ($3.21 in chips) 
Seat 3: Dorex2007 ($2.61 in chips) 
Seat 4: Any Nox ($2.02 in chips) 
Seat 5: novoxopersk ($2.28 in chips) 
Seat 6: yjqian23 ($1.96 in chips) 
Seat 7: AndryiHaiduk ($0.85 in chips) 
Seat 8: Makaroj1988 ($1.86 in chips) 
novoxopersk: posts small blind $0.01
yjqian23: posts big blind $0.02
*** HOLE CARDS ***
Dealt to Dorex2007 [3s 5s]
AndryiHaiduk: folds 
Makaroj1988: calls $0.02
zloycooper: folds 
Djek300: folds 
Dorex2007: folds 
Any Nox: folds 
novoxopersk: folds 
yjqian23: checks 
*** FLOP *** [3d Tc Td]
yjqian23: checks 
Makaroj1988: checks 
*** TURN *** [3d Tc Td] [2d]
yjqian23: checks 
Makaroj1988: checks 
*** RIVER *** [3d Tc Td 2d] [9c]
yjqian23: checks 
Makaroj1988: checks 
*** SHOW DOWN ***
yjqian23: shows [7s Jh] (a pair of Tens)
Makaroj1988: mucks hand 
yjqian23 collected $0.05 from pot
*** SUMMARY ***
Total pot $0.05 | Rake $0 
Board [3d Tc Td 2d 9c]
Seat 1: zloycooper folded before Flop (didn't bet)
Seat 2: Djek300 folded before Flop (didn't bet)
Seat 3: Dorex2007 folded before Flop (didn't bet)
Seat 4: Any Nox (button) folded before Flop (didn't bet)
Seat 5: novoxopersk (small blind) folded before Flop
Seat 6: yjqian23 (big blind) showed [7s Jh] and won ($0.05) with a pair of Tens
Seat 7: AndryiHaiduk folded before Flop (didn't bet)
Seat 8: Makaroj1988 mucked [6c Jc]



PokerStars Hand #232748784582:  Hold'em No Limit ($0.01/$0.02 USD) - 2022/01/02 9:58:20 PT [2022/01/02 12:58:20 ET]
Table 'Dvorak III' 9-max Seat #5 is the button
Seat 1: zloycooper ($2.30 in chips) 
Seat 2: Djek300 ($3.21 in chips) 
Seat 3: Dorex2007 ($2.61 in chips) 
Seat 4: Any Nox ($2.02 in chips) 
Seat 5: novoxopersk ($2.27 in chips) 
Seat 6: yjqian23 ($1.99 in chips) 
Seat 7: AndryiHaiduk ($0.85 in chips) 
Seat 8: Makaroj1988 ($1.84 in chips) 
yjqian23: posts small blind $0.01
AndryiHaiduk: posts big blind $0.02
*** HOLE CARDS ***
Dealt to Dorex2007 [Kh 5d]
Makaroj1988: folds 
zloycooper: folds 
Djek300: folds 
Dorex2007: folds 
Any Nox: folds 
novoxopersk: calls $0.02
yjqian23: folds 
AndryiHaiduk: checks 
*** FLOP *** [9c Qh 6c]
AndryiHaiduk: checks 
novoxopersk: checks 
*** TURN *** [9c Qh 6c] [Td]
AndryiHaiduk: checks 
novoxopersk: checks 
*** RIVER *** [9c Qh 6c Td] [8c]
AndryiHaiduk: bets $0.03
novoxopersk: raises $0.03 to $0.06
AndryiHaiduk: calls $0.03
*** SHOW DOWN ***
novoxopersk: shows [9s Qc] (two pair, Queens and Nines)
AndryiHaiduk: mucks hand 
novoxopersk collected $0.16 from pot
*** SUMMARY ***
Total pot $0.17 | Rake $0.01 
Board [9c Qh 6c Td 8c]
Seat 1: zloycooper folded before Flop (didn't bet)
Seat 2: Djek300 folded before Flop (didn't bet)
Seat 3: Dorex2007 folded before Flop (didn't bet)
Seat 4: Any Nox folded before Flop (didn't bet)
Seat 5: novoxopersk (button) showed [9s Qc] and won ($0.16) with two pair, Queens and Nines
Seat 6: yjqian23 (small blind) folded before Flop
Seat 7: AndryiHaiduk (big blind) mucked [8h Kc]
Seat 8: Makaroj1988 folded before Flop (didn't bet)



PokerStars Hand #232748806584:  Hold'em No Limit ($0.01/$0.02 USD) - 2022/01/02 9:59:12 PT [2022/01/02 12:59:12 ET]
Table 'Dvorak III' 9-max Seat #6 is the button
Seat 1: zloycooper ($2.30 in chips) 
Seat 2: Djek300 ($3.21 in chips) 
Seat 3: Dorex2007 ($2.61 in chips) 
Seat 4: Any Nox ($2.02 in chips) 
Seat 5: novoxopersk ($2.35 in chips) 
Seat 6: yjqian23 ($1.98 in chips) 
Seat 7: AndryiHaiduk ($0.77 in chips) 
AndryiHaiduk: posts small blind $0.01
Makaroj1988: is sitting out 
zloycooper: posts big blind $0.02
*** HOLE CARDS ***
Dealt to Dorex2007 [4h 5c]
Djek300: folds 
Dorex2007: folds 
Any Nox: folds 
novoxopersk: folds 
yjqian23: folds 
AndryiHaiduk: folds 
Uncalled bet ($0.01) returned to zloycooper
zloycooper collected $0.02 from pot
zloycooper: doesn't show hand 
*** SUMMARY ***
Total pot $0.02 | Rake $0 
Seat 1: zloycooper (big blind) collected ($0.02)
Seat 2: Djek300 folded before Flop (didn't bet)
Seat 3: Dorex2007 folded before Flop (didn't bet)
Seat 4: Any Nox folded before Flop (didn't bet)
Seat 5: novoxopersk folded before Flop (didn't bet)
Seat 6: yjqian23 (button) folded before Flop (didn't bet)
Seat 7: AndryiHaiduk (small blind) folded before Flop



PokerStars Hand #232748811375:  Hold'em No Limit ($0.01/$0.02 USD) - 2022/01/02 9:59:23 PT [2022/01/02 12:59:23 ET]
Table 'Dvorak III' 9-max Seat #7 is the button
Seat 1: zloycooper ($2.31 in chips) 
Seat 2: Djek300 ($3.21 in chips) 
Seat 3: Dorex2007 ($2.61 in chips) 
Seat 4: Any Nox ($2.02 in chips) 
Seat 5: novoxopersk ($2.35 in chips) 
Seat 6: yjqian23 ($1.98 in chips) 
Seat 7: AndryiHaiduk ($0.76 in chips) 
zloycooper: posts small blind $0.01
Djek300: posts big blind $0.02
*** HOLE CARDS ***
Dealt to Dorex2007 [2h Js]
Dorex2007: folds 
Any Nox: folds 
novoxopersk: calls $0.02
yjqian23: folds 
AndryiHaiduk: raises $0.04 to $0.06
zloycooper: calls $0.05
Djek300: folds 
novoxopersk: calls $0.04
*** FLOP *** [6s 4d Jd]
zloycooper: bets $0.10
novoxopersk: calls $0.10
AndryiHaiduk: calls $0.10
*** TURN *** [6s 4d Jd] [3c]
zloycooper: checks 
novoxopersk: checks 
AndryiHaiduk: bets $0.60 and is all-in
zloycooper: folds 
Makaroj1988 leaves the table
novoxopersk: folds 
Uncalled bet ($0.60) returned to AndryiHaiduk
AndryiHaiduk collected $0.48 from pot
*** SUMMARY ***
Total pot $0.50 | Rake $0.02 
Board [6s 4d Jd 3c]
Seat 1: zloycooper (small blind) folded on the Turn
Seat 2: Djek300 (big blind) folded before Flop
Seat 3: Dorex2007 folded before Flop (didn't bet)
Seat 4: Any Nox folded before Flop (didn't bet)
Seat 5: novoxopersk folded on the Turn
Seat 6: yjqian23 folded before Flop (didn't bet)
Seat 7: AndryiHaiduk (button) collected ($0.48)



PokerStars Hand #232748832744:  Hold'em No Limit ($0.01/$0.02 USD) - 2022/01/02 10:00:12 PT [2022/01/02 13:00:12 ET]
Table 'Dvorak III' 9-max Seat #1 is the button
Seat 1: zloycooper ($2.15 in chips) 
Seat 2: Djek300 ($3.19 in chips) 
Seat 3: Dorex2007 ($2.61 in chips) 
Seat 4: Any Nox ($2.02 in chips) 
Seat 5: novoxopersk ($2.19 in chips) 
Seat 6: yjqian23 ($1.98 in chips) 
Seat 7: AndryiHaiduk ($1.08 in chips) 
Djek300: posts small blind $0.01
Dorex2007: posts big blind $0.02
*** HOLE CARDS ***
Dealt to Dorex2007 [8c 9s]
Any Nox: folds 
novoxopersk: calls $0.02
yjqian23: folds 
AndryiHaiduk: folds 
zloycooper: folds 
Djek300: folds 
Dorex2007: checks 
*** FLOP *** [7d As Ts]
Dorex2007: checks 
novoxopersk: bets $0.02
Dorex2007: calls $0.02
*** TURN *** [7d As Ts] [Qc]
Dorex2007: checks 
novoxopersk: checks 
*** RIVER *** [7d As Ts Qc] [Kd]
klaus37 joins the table at seat #8 
Dorex2007: bets $0.06
novoxopersk: folds 
Uncalled bet ($0.06) returned to Dorex2007
Dorex2007 collected $0.09 from pot
Dorex2007: doesn't show hand 
*** SUMMARY ***
Total pot $0.09 | Rake $0 
Board [7d As Ts Qc Kd]
Seat 1: zloycooper (button) folded before Flop (didn't bet)
Seat 2: Djek300 (small blind) folded before Flop
Seat 3: Dorex2007 (big blind) collected ($0.09)
Seat 4: Any Nox folded before Flop (didn't bet)
Seat 5: novoxopersk folded on the River
Seat 6: yjqian23 folded before Flop (didn't bet)
Seat 7: AndryiHaiduk folded before Flop (didn't bet)



PokerStars Hand #232748854954:  Hold'em No Limit ($0.01/$0.02 USD) - 2022/01/02 10:01:01 PT [2022/01/02 13:01:01 ET]
Table 'Dvorak III' 9-max Seat #2 is the button
Seat 1: zloycooper ($2.15 in chips) 
Seat 2: Djek300 ($3.18 in chips) 
Seat 3: Dorex2007 ($2.66 in chips) 
Seat 4: Any Nox ($2.02 in chips) 
Seat 5: novoxopersk ($2.15 in chips) 
Seat 6: yjqian23 ($1.98 in chips) 
Seat 7: AndryiHaiduk ($1.08 in chips) 
Dorex2007: posts small blind $0.01
Any Nox: posts big blind $0.02
klaus37: sits out 
*** HOLE CARDS ***
Dealt to Dorex2007 [2h 8d]
novoxopersk: folds 
yjqian23: folds 
AndryiHaiduk: raises $0.04 to $0.06
zloycooper: folds 
Djek300: folds 
Dorex2007: folds 
Any Nox: folds 
Uncalled bet ($0.04) returned to AndryiHaiduk
AndryiHaiduk collected $0.05 from pot
*** SUMMARY ***
Total pot $0.05 | Rake $0 
Seat 1: zloycooper folded before Flop (didn't bet)
Seat 2: Djek300 (button) folded before Flop (didn't bet)
Seat 3: Dorex2007 (small blind) folded before Flop
Seat 4: Any Nox (big blind) folded before Flop
Seat 5: novoxopersk folded before Flop (didn't bet)
Seat 6: yjqian23 folded before Flop (didn't bet)
Seat 7: AndryiHaiduk collected ($0.05)



PokerStars Hand #232748864934:  Hold'em No Limit ($0.01/$0.02 USD) - 2022/01/02 10:01:20 PT [2022/01/02 13:01:20 ET]
Table 'Dvorak III' 9-max Seat #3 is the button
Seat 1: zloycooper ($2.15 in chips) 
Seat 2: Djek300 ($3.18 in chips) 
Seat 3: Dorex2007 ($2.65 in chips) 
Seat 4: Any Nox ($2 in chips) 
Seat 5: novoxopersk ($2.15 in chips) 
Seat 6: yjqian23 ($1.98 in chips) 
Seat 7: AndryiHaiduk ($1.11 in chips) 
Any Nox: posts small blind $0.01
novoxopersk: posts big blind $0.02
klaus37: sits out 
*** HOLE CARDS ***
Dealt to Dorex2007 [2s Qd]
yjqian23: folds 
AndryiHaiduk: folds 
zloycooper: folds 
Djek300: calls $0.02
Dorex2007: folds 
Any Nox: folds 
novoxopersk: checks 
*** FLOP *** [Ac 9c Ts]
novoxopersk: checks 
Djek300: bets $0.02
novoxopersk: calls $0.02
*** TURN *** [Ac 9c Ts] [2h]
novoxopersk: checks 
Djek300: bets $0.04
novoxopersk: folds 
Uncalled bet ($0.04) returned to Djek300
Djek300 collected $0.09 from pot
Djek300: doesn't show hand 
*** SUMMARY ***
Total pot $0.09 | Rake $0 
Board [Ac 9c Ts 2h]
Seat 1: zloycooper folded before Flop (didn't bet)
Seat 2: Djek300 collected ($0.09)
Seat 3: Dorex2007 (button) folded before Flop (didn't bet)
Seat 4: Any Nox (small blind) folded before Flop
Seat 5: novoxopersk (big blind) folded on the Turn
Seat 6: yjqian23 folded before Flop (didn't bet)
Seat 7: AndryiHaiduk folded before Flop (didn't bet)



PokerStars Hand #232748889254:  Hold'em No Limit ($0.01/$0.02 USD) - 2022/01/02 10:02:02 PT [2022/01/02 13:02:02 ET]
Table 'Dvorak III' 9-max Seat #4 is the button
Seat 1: zloycooper ($2.15 in chips) 
Seat 2: Djek300 ($3.23 in chips) 
Seat 3: Dorex2007 ($2.65 in chips) 
Seat 4: Any Nox ($2 in chips) 
Seat 5: novoxopersk ($2.11 in chips) 
Seat 7: AndryiHaiduk ($1.11 in chips) 
novoxopersk: posts small blind $0.01
yjqian23: is sitting out 
AndryiHaiduk: posts big blind $0.02
klaus37: sits out 
*** HOLE CARDS ***
Dealt to Dorex2007 [3d Th]
zloycooper: folds 
Djek300: folds 
yjqian23 leaves the table
Dorex2007: folds 
Any Nox: folds 
novoxopersk: folds 
Uncalled bet ($0.01) returned to AndryiHaiduk
AndryiHaiduk collected $0.02 from pot
*** SUMMARY ***
Total pot $0.02 | Rake $0 
Seat 1: zloycooper folded before Flop (didn't bet)
Seat 2: Djek300 folded before Flop (didn't bet)
Seat 3: Dorex2007 folded before Flop (didn't bet)
Seat 4: Any Nox (button) folded before Flop (didn't bet)
Seat 5: novoxopersk (small blind) folded before Flop
Seat 7: AndryiHaiduk (big blind) collected ($0.02)



PokerStars Hand #232748899208:  Hold'em No Limit ($0.01/$0.02 USD) - 2022/01/02 10:02:19 PT [2022/01/02 13:02:19 ET]
Table 'Dvorak III' 9-max Seat #5 is the button
Seat 1: zloycooper ($2.15 in chips) 
Seat 2: Djek300 ($3.23 in chips) 
Seat 3: Dorex2007 ($2.65 in chips) 
Seat 4: Any Nox ($2 in chips) 
Seat 5: novoxopersk ($2.10 in chips) 
Seat 7: AndryiHaiduk ($1.12 in chips) 
Seat 8: klaus37 ($2 in chips) 
AndryiHaiduk: posts small blind $0.01
klaus37: posts big blind $0.02
*** HOLE CARDS ***
Dealt to Dorex2007 [As Jd]
zloycooper: raises $0.04 to $0.06
Djek300: calls $0.06
Dorex2007: folds 
Any Nox: calls $0.06
novoxopersk: folds 
AndryiHaiduk: folds 
klaus37: folds 
*** FLOP *** [4d 2d 7s]
zloycooper: bets $0.15
Djek300: folds 
Any Nox: folds 
Uncalled bet ($0.15) returned to zloycooper
zloycooper collected $0.20 from pot
zloycooper: doesn't show hand 
*** SUMMARY ***
Total pot $0.21 | Rake $0.01 
Board [4d 2d 7s]
Seat 1: zloycooper collected ($0.20)
Seat 2: Djek300 folded on the Flop
Seat 3: Dorex2007 folded before Flop (didn't bet)
Seat 4: Any Nox folded on the Flop
Seat 5: novoxopersk (button) folded before Flop (didn't bet)
Seat 7: AndryiHaiduk (small blind) folded before Flop
Seat 8: klaus37 (big blind) folded before Flop



PokerStars Hand #232748910352:  Hold'em No Limit ($0.01/$0.02 USD) - 2022/01/02 10:02:39 PT [2022/01/02 13:02:39 ET]
Table 'Dvorak III' 9-max Seat #7 is the button
Seat 1: zloycooper ($2.29 in chips) 
Seat 2: Djek300 ($3.17 in chips) 
Seat 3: Dorex2007 ($2.65 in chips) 
Seat 4: Any Nox ($2 in chips) 
Seat 5: novoxopersk ($2.10 in chips) 
Seat 7: AndryiHaiduk ($1.11 in chips) 
Seat 8: klaus37 ($1.98 in chips) 
klaus37: posts small blind $0.01
zloycooper: posts big blind $0.02
*** HOLE CARDS ***
Dealt to Dorex2007 [2c Ah]
Djek300: calls $0.02
Dorex2007: folds 
Any Nox: folds 
novoxopersk: folds 
AndryiHaiduk: folds 
klaus37: folds 
zloycooper: checks 
*** FLOP *** [Qc 4h 6c]
zloycooper: checks 
Djek300: checks 
*** TURN *** [Qc 4h 6c] [As]
zloycooper: checks 
Djek300: bets $0.02
zloycooper: folds 
Uncalled bet ($0.02) returned to Djek300
Djek300 collected $0.05 from pot
Djek300: doesn't show hand 
*** SUMMARY ***
Total pot $0.05 | Rake $0 
Board [Qc 4h 6c As]
Seat 1: zloycooper (big blind) folded on the Turn
Seat 2: Djek300 collected ($0.05)
Seat 3: Dorex2007 folded before Flop (didn't bet)
Seat 4: Any Nox folded before Flop (didn't bet)
Seat 5: novoxopersk folded before Flop (didn't bet)
Seat 7: AndryiHaiduk (button) folded before Flop (didn't bet)
Seat 8: klaus37 (small blind) folded before Flop



PokerStars Hand #232748936858:  Hold'em No Limit ($0.01/$0.02 USD) - 2022/01/02 10:03:21 PT [2022/01/02 13:03:21 ET]
Table 'Dvorak III' 9-max Seat #8 is the button
Seat 1: zloycooper ($2.27 in chips) 
Seat 2: Djek300 ($3.20 in chips) 
Seat 3: Dorex2007 ($2.65 in chips) 
Seat 4: Any Nox ($2 in chips) 
Seat 5: novoxopersk ($2.10 in chips) 
Seat 7: AndryiHaiduk ($1.11 in chips) 
Seat 8: klaus37 ($1.97 in chips) 
zloycooper: posts small blind $0.01
Djek300: posts big blind $0.02
*** HOLE CARDS ***
Dealt to Dorex2007 [3s 8h]
Dorex2007: folds 
Any Nox: folds 
novoxopersk: folds 
AndryiHaiduk: folds 
klaus37: folds 
zloycooper: raises $0.04 to $0.06
Djek300: folds 
Uncalled bet ($0.04) returned to zloycooper
zloycooper collected $0.04 from pot
zloycooper: doesn't show hand 
*** SUMMARY ***
Total pot $0.04 | Rake $0 
Seat 1: zloycooper (small blind) collected ($0.04)
Seat 2: Djek300 (big blind) folded before Flop
Seat 3: Dorex2007 folded before Flop (didn't bet)
Seat 4: Any Nox folded before Flop (didn't bet)
Seat 5: novoxopersk folded before Flop (didn't bet)
Seat 7: AndryiHaiduk folded before Flop (didn't bet)
Seat 8: klaus37 (button) folded before Flop (didn't bet)



PokerStars Hand #232748949219:  Hold'em No Limit ($0.01/$0.02 USD) - 2022/01/02 10:03:39 PT [2022/01/02 13:03:39 ET]
Table 'Dvorak III' 9-max Seat #1 is the button
Seat 1: zloycooper ($2.29 in chips) 
Seat 2: Djek300 ($3.18 in chips) 
Seat 3: Dorex2007 ($2.65 in chips) 
Seat 4: Any Nox ($2 in chips) 
Seat 5: novoxopersk ($2.10 in chips) 
Seat 7: AndryiHaiduk ($1.11 in chips) 
Seat 8: klaus37 ($1.97 in chips) 
Djek300: posts small blind $0.01
Dorex2007: posts big blind $0.02
*** HOLE CARDS ***
Dealt to Dorex2007 [2c 8c]
Any Nox: folds 
novoxopersk: folds 
AndryiHaiduk: folds 
klaus37: folds 
zloycooper: folds 
Djek300: raises $0.04 to $0.06
Dorex2007: folds 
Uncalled bet ($0.04) returned to Djek300
Djek300 collected $0.04 from pot
Djek300: doesn't show hand 
*** SUMMARY ***
Total pot $0.04 | Rake $0 
Seat 1: zloycooper (button) folded before Flop (didn't bet)
Seat 2: Djek300 (small blind) collected ($0.04)
Seat 3: Dorex2007 (big blind) folded before Flop
Seat 4: Any Nox folded before Flop (didn't bet)
Seat 5: novoxopersk folded before Flop (didn't bet)
Seat 7: AndryiHaiduk folded before Flop (didn't bet)
Seat 8: klaus37 folded before Flop (didn't bet)



PokerStars Hand #232748959554:  Hold'em No Limit ($0.01/$0.02 USD) - 2022/01/02 10:03:55 PT [2022/01/02 13:03:55 ET]
Table 'Dvorak III' 9-max Seat #2 is the button
Seat 1: zloycooper ($2.29 in chips) 
Seat 2: Djek300 ($3.20 in chips) 
Seat 3: Dorex2007 ($2.63 in chips) 
Seat 4: Any Nox ($2 in chips) 
Seat 5: novoxopersk ($2.10 in chips) 
Seat 7: AndryiHaiduk ($1.11 in chips) 
Seat 8: klaus37 ($1.97 in chips) 
Dorex2007: posts small blind $0.01
Any Nox: posts big blind $0.02
*** HOLE CARDS ***
Dealt to Dorex2007 [Ks 6c]
novoxopersk: folds 
AndryiHaiduk: folds 
klaus37: folds 
zloycooper: folds 
Djek300: raises $0.04 to $0.06
Dorex2007: folds 
Any Nox: raises $1.94 to $2 and is all-in
Djek300: folds 
Uncalled bet ($1.94) returned to Any Nox
Any Nox collected $0.13 from pot
*** SUMMARY ***
Total pot $0.13 | Rake $0 
Seat 1: zloycooper folded before Flop (didn't bet)
Seat 2: Djek300 (button) folded before Flop
Seat 3: Dorex2007 (small blind) folded before Flop
Seat 4: Any Nox (big blind) collected ($0.13)
Seat 5: novoxopersk folded before Flop (didn't bet)
Seat 7: AndryiHaiduk folded before Flop (didn't bet)
Seat 8: klaus37 folded before Flop (didn't bet)



PokerStars Hand #232748978265:  Hold'em No Limit ($0.01/$0.02 USD) - 2022/01/02 10:04:25 PT [2022/01/02 13:04:25 ET]
Table 'Dvorak III' 9-max Seat #3 is the button
Seat 1: zloycooper ($2.29 in chips) 
Seat 2: Djek300 ($3.14 in chips) 
Seat 3: Dorex2007 ($2.62 in chips) 
Seat 4: Any Nox ($2.07 in chips) 
Seat 5: novoxopersk ($2.10 in chips) 
Seat 7: AndryiHaiduk ($1.11 in chips) 
Seat 8: klaus37 ($1.97 in chips) 
Any Nox: posts small blind $0.01
novoxopersk: posts big blind $0.02
*** HOLE CARDS ***
Dealt to Dorex2007 [9c 7c]
AndryiHaiduk: folds 
klaus37: folds 
zloycooper: raises $0.04 to $0.06
Djek300: calls $0.06
Dorex2007: folds 
Any Nox: folds 
TheFallen42Qc joins the table at seat #6 
novoxopersk: folds 
*** FLOP *** [8h 2c 7d]
zloycooper: checks 
Djek300: bets $0.09
zloycooper: folds 
Uncalled bet ($0.09) returned to Djek300
Djek300 collected $0.14 from pot
Djek300: doesn't show hand 
*** SUMMARY ***
Total pot $0.15 | Rake $0.01 
Board [8h 2c 7d]
Seat 1: zloycooper folded on the Flop
Seat 2: Djek300 collected ($0.14)
Seat 3: Dorex2007 (button) folded before Flop (didn't bet)
Seat 4: Any Nox (small blind) folded before Flop
Seat 5: novoxopersk (big blind) folded before Flop
Seat 7: AndryiHaiduk folded before Flop (didn't bet)
Seat 8: klaus37 folded before Flop (didn't bet)



PokerStars Hand #232748999672:  Hold'em No Limit ($0.01/$0.02 USD) - 2022/01/02 10:04:58 PT [2022/01/02 13:04:58 ET]
Table 'Dvorak III' 9-max Seat #4 is the button
Seat 1: zloycooper ($2.23 in chips) 
Seat 2: Djek300 ($3.22 in chips) 
Seat 3: Dorex2007 ($2.62 in chips) 
Seat 4: Any Nox ($2.06 in chips) 
Seat 5: novoxopersk ($2.08 in chips) 
Seat 6: TheFallen42Qc ($1.42 in chips) 
Seat 7: AndryiHaiduk ($1.11 in chips) 
Seat 8: klaus37 ($1.97 in chips) 
novoxopersk: posts small blind $0.01
TheFallen42Qc: posts big blind $0.02
*** HOLE CARDS ***
Dealt to Dorex2007 [Kd Ts]
AndryiHaiduk: raises $0.04 to $0.06
klaus37: folds 
zloycooper: folds 
Djek300: folds 
Dorex2007: folds 
Any Nox: folds 
novoxopersk: folds 
TheFallen42Qc: calls $0.04
*** FLOP *** [4h 2d Th]
TheFallen42Qc: checks 
AndryiHaiduk: checks 
*** TURN *** [4h 2d Th] [4s]
TheFallen42Qc: checks 
AndryiHaiduk: checks 
*** RIVER *** [4h 2d Th 4s] [8d]
TheFallen42Qc: bets $0.04
AndryiHaiduk: calls $0.04
*** SHOW DOWN ***
TheFallen42Qc: shows [3d 6c] (a pair of Fours)
AndryiHaiduk: shows [Ks As] (a pair of Fours - Ace kicker)
AndryiHaiduk collected $0.20 from pot
*** SUMMARY ***
Total pot $0.21 | Rake $0.01 
Board [4h 2d Th 4s 8d]
Seat 1: zloycooper folded before Flop (didn't bet)
Seat 2: Djek300 folded before Flop (didn't bet)
Seat 3: Dorex2007 folded before Flop (didn't bet)
Seat 4: Any Nox (button) folded before Flop (didn't bet)
Seat 5: novoxopersk (small blind) folded before Flop
Seat 6: TheFallen42Qc (big blind) showed [3d 6c] and lost with a pair of Fours
Seat 7: AndryiHaiduk showed [Ks As] and won ($0.20) with a pair of Fours
Seat 8: klaus37 folded before Flop (didn't bet)



PokerStars Hand #232749029025:  Hold'em No Limit ($0.01/$0.02 USD) - 2022/01/02 10:05:42 PT [2022/01/02 13:05:42 ET]
Table 'Dvorak III' 9-max Seat #5 is the button
Seat 1: zloycooper ($2.23 in chips) 
Seat 2: Djek300 ($3.22 in chips) 
Seat 3: Dorex2007 ($2.62 in chips) 
Seat 4: Any Nox ($2.06 in chips) 
Seat 5: novoxopersk ($2.07 in chips) 
Seat 6: TheFallen42Qc ($1.32 in chips) 
Seat 7: AndryiHaiduk ($1.21 in chips) 
Seat 8: klaus37 ($1.97 in chips) 
TheFallen42Qc: posts small blind $0.01
AndryiHaiduk: posts big blind $0.02
*** HOLE CARDS ***
Dealt to Dorex2007 [7h 9c]
klaus37: calls $0.02
zloycooper: folds 
Djek300: folds 
Dorex2007: folds 
Any Nox: folds 
novoxopersk: folds 
TheFallen42Qc: calls $0.01
AndryiHaiduk: checks 
*** FLOP *** [2h 6d 2d]
TheFallen42Qc: checks 
AndryiHaiduk: checks 
klaus37: checks 
*** TURN *** [2h 6d 2d] [Js]
TheFallen42Qc: bets $0.06
AndryiHaiduk: folds 
klaus37: folds 
Uncalled bet ($0.06) returned to TheFallen42Qc
TheFallen42Qc collected $0.06 from pot
TheFallen42Qc: doesn't show hand 
*** SUMMARY ***
Total pot $0.06 | Rake $0 
Board [2h 6d 2d Js]
Seat 1: zloycooper folded before Flop (didn't bet)
Seat 2: Djek300 folded before Flop (didn't bet)
Seat 3: Dorex2007 folded before Flop (didn't bet)
Seat 4: Any Nox folded before Flop (didn't bet)
Seat 5: novoxopersk (button) folded before Flop (didn't bet)
Seat 6: TheFallen42Qc (small blind) collected ($0.06)
Seat 7: AndryiHaiduk (big blind) folded on the Turn
Seat 8: klaus37 folded on the Turn



PokerStars Hand #232749058365:  Hold'em No Limit ($0.01/$0.02 USD) - 2022/01/02 10:06:26 PT [2022/01/02 13:06:26 ET]
Table 'Dvorak III' 9-max Seat #6 is the button
Seat 1: zloycooper ($2.23 in chips) 
Seat 2: Djek300 ($3.22 in chips) 
Seat 3: Dorex2007 ($2.62 in chips) 
Seat 4: Any Nox ($2.06 in chips) 
Seat 5: novoxopersk ($2.07 in chips) 
Seat 6: TheFallen42Qc ($1.36 in chips) 
Seat 7: AndryiHaiduk ($1.19 in chips) 
Seat 8: klaus37 ($1.95 in chips) 
AndryiHaiduk: posts small blind $0.01
klaus37: posts big blind $0.02
*** HOLE CARDS ***
Dealt to Dorex2007 [Kd Th]
zloycooper: calls $0.02
Djek300: folds 
Dorex2007: folds 
Any Nox: folds 
novoxopersk: folds 
TheFallen42Qc: calls $0.02
AndryiHaiduk: folds 
klaus37: checks 
*** FLOP *** [6h 2h Ac]
klaus37: checks 
zloycooper: checks 
TheFallen42Qc: checks 
*** TURN *** [6h 2h Ac] [Jc]
klaus37: checks 
zloycooper: checks 
TheFallen42Qc: checks 
*** RIVER *** [6h 2h Ac Jc] [Ad]
klaus37: checks 
zloycooper: checks 
TheFallen42Qc: bets $0.02
klaus37: folds 
zloycooper: calls $0.02
*** SHOW DOWN ***
TheFallen42Qc: shows [3c 7h] (a pair of Aces)
zloycooper: shows [4s 4h] (two pair, Aces and Fours)
zloycooper collected $0.11 from pot
*** SUMMARY ***
Total pot $0.11 | Rake $0 
Board [6h 2h Ac Jc Ad]
Seat 1: zloycooper showed [4s 4h] and won ($0.11) with two pair, Aces and Fours
Seat 2: Djek300 folded before Flop (didn't bet)
Seat 3: Dorex2007 folded before Flop (didn't bet)
Seat 4: Any Nox folded before Flop (didn't bet)
Seat 5: novoxopersk folded before Flop (didn't bet)
Seat 6: TheFallen42Qc (button) showed [3c 7h] and lost with a pair of Aces
Seat 7: AndryiHaiduk (small blind) folded before Flop
Seat 8: klaus37 (big blind) folded on the River



PokerStars Hand #232749105212:  Hold'em No Limit ($0.01/$0.02 USD) - 2022/01/02 10:07:25 PT [2022/01/02 13:07:25 ET]
Table 'Dvorak III' 9-max Seat #7 is the button
Seat 1: zloycooper ($2.30 in chips) 
Seat 2: Djek300 ($3.22 in chips) 
Seat 3: Dorex2007 ($2.62 in chips) 
Seat 4: Any Nox ($2.06 in chips) 
Seat 5: novoxopersk ($2.07 in chips) 
Seat 6: TheFallen42Qc ($1.32 in chips) 
Seat 7: AndryiHaiduk ($1.18 in chips) 
Seat 8: klaus37 ($1.93 in chips) 
klaus37: posts small blind $0.01
zloycooper: posts big blind $0.02
*** HOLE CARDS ***
Dealt to Dorex2007 [7s 4c]
Djek300: folds 
Dorex2007: folds 
Any Nox: folds 
novoxopersk: folds 
TheFallen42Qc: calls $0.02
AndryiHaiduk: raises $0.04 to $0.06
klaus37: folds 
zloycooper: folds 
TheFallen42Qc: calls $0.04
*** FLOP *** [3s 3d 5s]
TheFallen42Qc: checks 
AndryiHaiduk: checks 
*** TURN *** [3s 3d 5s] [5h]
TheFallen42Qc: checks 
AndryiHaiduk: bets $0.14
TheFallen42Qc: folds 
Uncalled bet ($0.14) returned to AndryiHaiduk
AndryiHaiduk collected $0.14 from pot
*** SUMMARY ***
Total pot $0.15 | Rake $0.01 
Board [3s 3d 5s 5h]
Seat 1: zloycooper (big blind) folded before Flop
Seat 2: Djek300 folded before Flop (didn't bet)
Seat 3: Dorex2007 folded before Flop (didn't bet)
Seat 4: Any Nox folded before Flop (didn't bet)
Seat 5: novoxopersk folded before Flop (didn't bet)
Seat 6: TheFallen42Qc folded on the Turn
Seat 7: AndryiHaiduk (button) collected ($0.14)
Seat 8: klaus37 (small blind) folded before Flop



PokerStars Hand #232749134707:  Hold'em No Limit ($0.01/$0.02 USD) - 2022/01/02 10:08:10 PT [2022/01/02 13:08:10 ET]
Table 'Dvorak III' 9-max Seat #8 is the button
Seat 1: zloycooper ($2.28 in chips) 
Seat 2: Djek300 ($3.22 in chips) 
Seat 3: Dorex2007 ($2.62 in chips) 
Seat 4: Any Nox ($2.06 in chips) 
Seat 5: novoxopersk ($2.07 in chips) 
Seat 6: TheFallen42Qc ($1.26 in chips) 
Seat 7: AndryiHaiduk ($1.26 in chips) 
Seat 8: klaus37 ($2 in chips) 
zloycooper: posts small blind $0.01
Djek300: posts big blind $0.02
*** HOLE CARDS ***
Dealt to Dorex2007 [Jh Kh]
Dorex2007: folds 
Any Nox: folds 
novoxopersk: calls $0.02
TheFallen42Qc: calls $0.02
AndryiHaiduk: folds 
klaus37: folds 
zloycooper: calls $0.01
Djek300: checks 
*** FLOP *** [Ad 8c Th]
zloycooper: checks 
Djek300: checks 
novoxopersk: checks 
TheFallen42Qc: checks 
*** TURN *** [Ad 8c Th] [2c]
zloycooper: bets $0.04
Djek300: folds 
novoxopersk: calls $0.04
TheFallen42Qc: folds 
*** RIVER *** [Ad 8c Th 2c] [8d]
zloycooper: checks 
novoxopersk: checks 
*** SHOW DOWN ***
zloycooper: shows [5c 3c] (a pair of Eights)
novoxopersk: shows [6c 4c] (a pair of Eights - Ace+Ten+Six kicker)
novoxopersk collected $0.15 from pot
*** SUMMARY ***
Total pot $0.16 | Rake $0.01 
Board [Ad 8c Th 2c 8d]
Seat 1: zloycooper (small blind) showed [5c 3c] and lost with a pair of Eights
Seat 2: Djek300 (big blind) folded on the Turn
Seat 3: Dorex2007 folded before Flop (didn't bet)
Seat 4: Any Nox folded before Flop (didn't bet)
Seat 5: novoxopersk showed [6c 4c] and won ($0.15) with a pair of Eights
Seat 6: TheFallen42Qc folded on the Turn
Seat 7: AndryiHaiduk folded before Flop (didn't bet)
Seat 8: klaus37 (button) folded before Flop (didn't bet)



PokerStars Hand #232749179394:  Hold'em No Limit ($0.01/$0.02 USD) - 2022/01/02 10:09:18 PT [2022/01/02 13:09:18 ET]
Table 'Dvorak III' 9-max Seat #1 is the button
Seat 1: zloycooper ($2.22 in chips) 
Seat 2: Djek300 ($3.20 in chips) 
Seat 3: Dorex2007 ($2.62 in chips) 
Seat 4: Any Nox ($2.06 in chips) 
Seat 5: novoxopersk ($2.16 in chips) 
Seat 6: TheFallen42Qc ($1.24 in chips) 
Seat 7: AndryiHaiduk ($1.26 in chips) 
Seat 8: klaus37 ($2 in chips) 
Djek300: posts small blind $0.01
Dorex2007: posts big blind $0.02
*** HOLE CARDS ***
Dealt to Dorex2007 [Kd 9h]
Any Nox: folds 
novoxopersk: folds 
TheFallen42Qc: calls $0.02
AndryiHaiduk: folds 
klaus37: calls $0.02
zloycooper: folds 
Djek300: calls $0.01
Dorex2007: checks 
*** FLOP *** [8c 4d 6s]
Djek300: checks 
Dorex2007: checks 
TheFallen42Qc: checks 
klaus37: checks 
*** TURN *** [8c 4d 6s] [5h]
Djek300: checks 
Dorex2007: checks 
TheFallen42Qc: checks 
klaus37: checks 
*** RIVER *** [8c 4d 6s 5h] [9c]
Djek300: checks 
Dorex2007: bets $0.05
TheFallen42Qc: folds 
klaus37: folds 
Djek300: folds 
Uncalled bet ($0.05) returned to Dorex2007
Dorex2007 collected $0.08 from pot
Dorex2007: doesn't show hand 
*** SUMMARY ***
Total pot $0.08 | Rake $0 
Board [8c 4d 6s 5h 9c]
Seat 1: zloycooper (button) folded before Flop (didn't bet)
Seat 2: Djek300 (small blind) folded on the River
Seat 3: Dorex2007 (big blind) collected ($0.08)
Seat 4: Any Nox folded before Flop (didn't bet)
Seat 5: novoxopersk folded before Flop (didn't bet)
Seat 6: TheFallen42Qc folded on the River
Seat 7: AndryiHaiduk folded before Flop (didn't bet)
Seat 8: klaus37 folded on the River



PokerStars Hand #232749221637:  Hold'em No Limit ($0.01/$0.02 USD) - 2022/01/02 10:10:23 PT [2022/01/02 13:10:23 ET]
Table 'Dvorak III' 9-max Seat #2 is the button
Seat 1: zloycooper ($2.22 in chips) 
Seat 2: Djek300 ($3.18 in chips) 
Seat 3: Dorex2007 ($2.68 in chips) 
Seat 4: Any Nox ($2.06 in chips) 
Seat 5: novoxopersk ($2.16 in chips) 
Seat 6: TheFallen42Qc ($1.22 in chips) 
Seat 7: AndryiHaiduk ($1.26 in chips) 
Seat 8: klaus37 ($1.98 in chips) 
Dorex2007: posts small blind $0.01
Any Nox: posts big blind $0.02
jozsi&kati: sits out 
*** HOLE CARDS ***
Dealt to Dorex2007 [8d Th]
novoxopersk: folds 
TheFallen42Qc: calls $0.02
AndryiHaiduk: folds 
klaus37: folds 
zloycooper: folds 
Djek300: folds 
Dorex2007: folds 
Any Nox: checks 
*** FLOP *** [9h 6d Jd]
Any Nox: checks 
TheFallen42Qc: checks 
*** TURN *** [9h 6d Jd] [As]
Any Nox: bets $0.04
TheFallen42Qc: folds 
Uncalled bet ($0.04) returned to Any Nox
Any Nox collected $0.05 from pot
Any Nox: doesn't show hand 
*** SUMMARY ***
Total pot $0.05 | Rake $0 
Board [9h 6d Jd As]
Seat 1: zloycooper folded before Flop (didn't bet)
Seat 2: Djek300 (button) folded before Flop (didn't bet)
Seat 3: Dorex2007 (small blind) folded before Flop
Seat 4: Any Nox (big blind) collected ($0.05)
Seat 5: novoxopersk folded before Flop (didn't bet)
Seat 6: TheFallen42Qc folded on the Turn
Seat 7: AndryiHaiduk folded before Flop (didn't bet)
Seat 8: klaus37 folded before Flop (didn't bet)



PokerStars Hand #232749241154:  Hold'em No Limit ($0.01/$0.02 USD) - 2022/01/02 10:10:52 PT [2022/01/02 13:10:52 ET]
Table 'Dvorak III' 9-max Seat #3 is the button
Seat 1: zloycooper ($2.22 in chips) 
Seat 2: Djek300 ($3.18 in chips) 
Seat 3: Dorex2007 ($2.67 in chips) 
Seat 4: Any Nox ($2.09 in chips) 
Seat 5: novoxopersk ($2.16 in chips) 
Seat 6: TheFallen42Qc ($1.20 in chips) 
Seat 7: AndryiHaiduk ($1.26 in chips) 
Seat 8: klaus37 ($1.98 in chips) 
Any Nox: posts small blind $0.01
novoxopersk: posts big blind $0.02
jozsi&kati: sits out 
*** HOLE CARDS ***
Dealt to Dorex2007 [2c Kh]
TheFallen42Qc: folds 
AndryiHaiduk: folds 
klaus37: folds 
zloycooper: raises $0.05 to $0.07
Djek300: folds 
Dorex2007: folds 
Any Nox: folds 
novoxopersk: calls $0.05
*** FLOP *** [Jh 4h Th]
novoxopersk: checks 
zloycooper: bets $0.11
novoxopersk: folds 
Uncalled bet ($0.11) returned to zloycooper
zloycooper collected $0.14 from pot
zloycooper: doesn't show hand 
*** SUMMARY ***
Total pot $0.15 | Rake $0.01 
Board [Jh 4h Th]
Seat 1: zloycooper collected ($0.14)
Seat 2: Djek300 folded before Flop (didn't bet)
Seat 3: Dorex2007 (button) folded before Flop (didn't bet)
Seat 4: Any Nox (small blind) folded before Flop
Seat 5: novoxopersk (big blind) folded on the Flop
Seat 6: TheFallen42Qc folded before Flop (didn't bet)
Seat 7: AndryiHaiduk folded before Flop (didn't bet)
Seat 8: klaus37 folded before Flop (didn't bet)



PokerStars Hand #232749259365:  Hold'em No Limit ($0.01/$0.02 USD) - 2022/01/02 10:11:20 PT [2022/01/02 13:11:20 ET]
Table 'Dvorak III' 9-max Seat #4 is the button
Seat 1: zloycooper ($2.29 in chips) 
Seat 2: Djek300 ($3.18 in chips) 
Seat 3: Dorex2007 ($2.67 in chips) 
Seat 4: Any Nox ($2.08 in chips) 
Seat 5: novoxopersk ($2.09 in chips) 
Seat 6: TheFallen42Qc ($1.20 in chips) 
Seat 7: AndryiHaiduk ($1.26 in chips) 
Seat 8: klaus37 ($1.98 in chips) 
novoxopersk: posts small blind $0.01
TheFallen42Qc: posts big blind $0.02
jozsi&kati: sits out 
*** HOLE CARDS ***
Dealt to Dorex2007 [5s Qs]
AndryiHaiduk: folds 
klaus37: folds 
zloycooper: folds 
Djek300: folds 
Dorex2007: folds 
Any Nox: folds 
novoxopersk: folds 
Uncalled bet ($0.01) returned to TheFallen42Qc
TheFallen42Qc collected $0.02 from pot
TheFallen42Qc: doesn't show hand 
*** SUMMARY ***
Total pot $0.02 | Rake $0 
Seat 1: zloycooper folded before Flop (didn't bet)
Seat 2: Djek300 folded before Flop (didn't bet)
Seat 3: Dorex2007 folded before Flop (didn't bet)
Seat 4: Any Nox (button) folded before Flop (didn't bet)
Seat 5: novoxopersk (small blind) folded before Flop
Seat 6: TheFallen42Qc (big blind) collected ($0.02)
Seat 7: AndryiHaiduk folded before Flop (didn't bet)
Seat 8: klaus37 folded before Flop (didn't bet)



PokerStars Hand #232749281123:  Hold'em No Limit ($0.01/$0.02 USD) - 2022/01/02 10:11:38 PT [2022/01/02 13:11:38 ET]
Table 'Dvorak III' 9-max Seat #5 is the button
Seat 1: zloycooper ($2.29 in chips) 
Seat 2: Djek300 ($3.18 in chips) 
Seat 3: Dorex2007 ($2.67 in chips) 
Seat 4: Any Nox ($2.08 in chips) 
Seat 5: novoxopersk ($2.08 in chips) 
Seat 6: TheFallen42Qc ($1.21 in chips) 
Seat 7: AndryiHaiduk ($1.26 in chips) 
Seat 8: klaus37 ($1.98 in chips) 
TheFallen42Qc: posts small blind $0.01
AndryiHaiduk: posts big blind $0.02
jozsi&kati: sits out 
*** HOLE CARDS ***
Dealt to Dorex2007 [5c Tc]
klaus37: calls $0.02
zloycooper: folds 
Djek300: folds 
Dorex2007: folds 
Any Nox: folds 
novoxopersk: folds 
TheFallen42Qc: calls $0.01
AndryiHaiduk: checks 
*** FLOP *** [5s 4s 8c]
TheFallen42Qc: checks 
AndryiHaiduk: checks 
klaus37: checks 
*** TURN *** [5s 4s 8c] [Kc]
TheFallen42Qc: bets $0.04
AndryiHaiduk: folds 
klaus37: folds 
Uncalled bet ($0.04) returned to TheFallen42Qc
TheFallen42Qc collected $0.06 from pot
TheFallen42Qc: doesn't show hand 
*** SUMMARY ***
Total pot $0.06 | Rake $0 
Board [5s 4s 8c Kc]
Seat 1: zloycooper folded before Flop (didn't bet)
Seat 2: Djek300 folded before Flop (didn't bet)
Seat 3: Dorex2007 folded before Flop (didn't bet)
Seat 4: Any Nox folded before Flop (didn't bet)
Seat 5: novoxopersk (button) folded before Flop (didn't bet)
Seat 6: TheFallen42Qc (small blind) collected ($0.06)
Seat 7: AndryiHaiduk (big blind) folded on the Turn
Seat 8: klaus37 folded on the Turn



PokerStars Hand #232749311902:  Hold'em No Limit ($0.01/$0.02 USD) - 2022/01/02 10:12:24 PT [2022/01/02 13:12:24 ET]
Table 'Dvorak III' 9-max Seat #6 is the button
Seat 1: zloycooper ($2.29 in chips) 
Seat 2: Djek300 ($3.18 in chips) 
Seat 3: Dorex2007 ($2.67 in chips) 
Seat 4: Any Nox ($2.08 in chips) 
Seat 5: novoxopersk ($2.08 in chips) 
Seat 6: TheFallen42Qc ($1.25 in chips) 
Seat 7: AndryiHaiduk ($1.24 in chips) 
Seat 8: klaus37 ($1.96 in chips) 
AndryiHaiduk: posts small blind $0.01
klaus37: posts big blind $0.02
jozsi&kati: sits out 
*** HOLE CARDS ***
Dealt to Dorex2007 [7h Ks]
zloycooper: folds 
Djek300: folds 
Dorex2007: folds 
Any Nox: folds 
novoxopersk: folds 
TheFallen42Qc: raises $0.02 to $0.04
AndryiHaiduk: folds 
klaus37: calls $0.02
*** FLOP *** [Jd 6c 2c]
klaus37: checks 
TheFallen42Qc: bets $0.04
klaus37: folds 
Uncalled bet ($0.04) returned to TheFallen42Qc
TheFallen42Qc collected $0.09 from pot
TheFallen42Qc: doesn't show hand 
*** SUMMARY ***
Total pot $0.09 | Rake $0 
Board [Jd 6c 2c]
Seat 1: zloycooper folded before Flop (didn't bet)
Seat 2: Djek300 folded before Flop (didn't bet)
Seat 3: Dorex2007 folded before Flop (didn't bet)
Seat 4: Any Nox folded before Flop (didn't bet)
Seat 5: novoxopersk folded before Flop (didn't bet)
Seat 6: TheFallen42Qc (button) collected ($0.09)
Seat 7: AndryiHaiduk (small blind) folded before Flop
Seat 8: klaus37 (big blind) folded on the Flop



PokerStars Hand #232749331621:  Hold'em No Limit ($0.01/$0.02 USD) - 2022/01/02 10:12:54 PT [2022/01/02 13:12:54 ET]
Table 'Dvorak III' 9-max Seat #7 is the button
Seat 1: zloycooper ($2.29 in chips) 
Seat 2: Djek300 ($3.18 in chips) 
Seat 3: Dorex2007 ($2.67 in chips) 
Seat 4: Any Nox ($2.08 in chips) 
Seat 5: novoxopersk ($2.08 in chips) 
Seat 6: TheFallen42Qc ($1.30 in chips) 
Seat 7: AndryiHaiduk ($1.23 in chips) 
Seat 8: klaus37 ($1.92 in chips) 
Seat 9: jozsi&kati ($3.67 in chips) 
klaus37: posts small blind $0.01
jozsi&kati: posts big blind $0.02
*** HOLE CARDS ***
Dealt to Dorex2007 [Jh Jc]
zloycooper: folds 
Djek300: raises $0.08 to $0.10
Dorex2007: folds 
Any Nox: folds 
novoxopersk: folds 
TheFallen42Qc: calls $0.10
AndryiHaiduk: calls $0.10
klaus37: folds 
jozsi&kati: calls $0.08
*** FLOP *** [Kc 6d Ad]
jozsi&kati: checks 
Djek300: checks 
TheFallen42Qc: checks 
AndryiHaiduk: checks 
*** TURN *** [Kc 6d Ad] [Qd]
jozsi&kati: checks 
Djek300: bets $0.27
TheFallen42Qc: raises $0.27 to $0.54
AndryiHaiduk: folds 
jozsi&kati: folds 
Djek300: calls $0.27
*** RIVER *** [Kc 6d Ad Qd] [9s]
Djek300: checks 
TheFallen42Qc: bets $0.66 and is all-in
Djek300: folds 
Uncalled bet ($0.66) returned to TheFallen42Qc
TheFallen42Qc collected $1.44 from pot
TheFallen42Qc: doesn't show hand 
*** SUMMARY ***
Total pot $1.49 | Rake $0.05 
Board [Kc 6d Ad Qd 9s]
Seat 1: zloycooper folded before Flop (didn't bet)
Seat 2: Djek300 folded on the River
Seat 3: Dorex2007 folded before Flop (didn't bet)
Seat 4: Any Nox folded before Flop (didn't bet)
Seat 5: novoxopersk folded before Flop (didn't bet)
Seat 6: TheFallen42Qc collected ($1.44)
Seat 7: AndryiHaiduk (button) folded on the Turn
Seat 8: klaus37 (small blind) folded before Flop
Seat 9: jozsi&kati (big blind) folded on the Turn



PokerStars Hand #232749390803:  Hold'em No Limit ($0.01/$0.02 USD) - 2022/01/02 10:14:24 PT [2022/01/02 13:14:24 ET]
Table 'Dvorak III' 9-max Seat #8 is the button
Seat 1: zloycooper ($2.29 in chips) 
Seat 2: Djek300 ($2.54 in chips) 
Seat 3: Dorex2007 ($2.67 in chips) 
Seat 4: Any Nox ($2.08 in chips) 
Seat 5: novoxopersk ($2.08 in chips) 
Seat 6: TheFallen42Qc ($2.10 in chips) 
Seat 7: AndryiHaiduk ($1.13 in chips) 
Seat 8: klaus37 ($1.91 in chips) 
Seat 9: jozsi&kati ($3.57 in chips) 
jozsi&kati: posts small blind $0.01
zloycooper: posts big blind $0.02
*** HOLE CARDS ***
Dealt to Dorex2007 [2s 5c]
Djek300: calls $0.02
Dorex2007: folds 
Any Nox: folds 
novoxopersk: folds 
TheFallen42Qc: calls $0.02
AndryiHaiduk: folds 
klaus37: folds 
jozsi&kati: calls $0.01
zloycooper: checks 
*** FLOP *** [5d 7h Qs]
jozsi&kati: checks 
zloycooper: checks 
Djek300: checks 
TheFallen42Qc: checks 
*** TURN *** [5d 7h Qs] [Ts]
jozsi&kati: bets $0.04
zloycooper: folds 
Djek300: folds 
TheFallen42Qc: folds 
Uncalled bet ($0.04) returned to jozsi&kati
jozsi&kati collected $0.08 from pot
jozsi&kati: doesn't show hand 
*** SUMMARY ***
Total pot $0.08 | Rake $0 
Board [5d 7h Qs Ts]
Seat 1: zloycooper (big blind) folded on the Turn
Seat 2: Djek300 folded on the Turn
Seat 3: Dorex2007 folded before Flop (didn't bet)
Seat 4: Any Nox folded before Flop (didn't bet)
Seat 5: novoxopersk folded before Flop (didn't bet)
Seat 6: TheFallen42Qc folded on the Turn
Seat 7: AndryiHaiduk folded before Flop (didn't bet)
Seat 8: klaus37 (button) folded before Flop (didn't bet)
Seat 9: jozsi&kati (small blind) collected ($0.08)



PokerStars Hand #232749430498:  Hold'em No Limit ($0.01/$0.02 USD) - 2022/01/02 10:15:24 PT [2022/01/02 13:15:24 ET]
Table 'Dvorak III' 9-max Seat #9 is the button
Seat 1: zloycooper ($2.27 in chips) 
Seat 2: Djek300 ($2.52 in chips) 
Seat 3: Dorex2007 ($2.67 in chips) 
Seat 4: Any Nox ($2.08 in chips) 
Seat 5: novoxopersk ($2.08 in chips) 
Seat 6: TheFallen42Qc ($2.08 in chips) 
Seat 7: AndryiHaiduk ($1.13 in chips) 
Seat 8: klaus37 ($1.91 in chips) 
Seat 9: jozsi&kati ($3.63 in chips) 
zloycooper: posts small blind $0.01
Djek300: posts big blind $0.02
*** HOLE CARDS ***
Dealt to Dorex2007 [6d 2d]
Dorex2007: folds 
Any Nox: folds 
novoxopersk: folds 
TheFallen42Qc: calls $0.02
AndryiHaiduk: folds 
klaus37: calls $0.02
jozsi&kati: folds 
zloycooper: folds 
Djek300: checks 
*** FLOP *** [Ah 2h As]
Djek300: checks 
TheFallen42Qc: bets $0.02
klaus37: folds 
Djek300: folds 
Uncalled bet ($0.02) returned to TheFallen42Qc
TheFallen42Qc collected $0.07 from pot
TheFallen42Qc: doesn't show hand 
*** SUMMARY ***
Total pot $0.07 | Rake $0 
Board [Ah 2h As]
Seat 1: zloycooper (small blind) folded before Flop
Seat 2: Djek300 (big blind) folded on the Flop
Seat 3: Dorex2007 folded before Flop (didn't bet)
Seat 4: Any Nox folded before Flop (didn't bet)
Seat 5: novoxopersk folded before Flop (didn't bet)
Seat 6: TheFallen42Qc collected ($0.07)
Seat 7: AndryiHaiduk folded before Flop (didn't bet)
Seat 8: klaus37 folded on the Flop
Seat 9: jozsi&kati (button) folded before Flop (didn't bet)



PokerStars Hand #232749457014:  Hold'em No Limit ($0.01/$0.02 USD) - 2022/01/02 10:16:05 PT [2022/01/02 13:16:05 ET]
Table 'Dvorak III' 9-max Seat #1 is the button
Seat 1: zloycooper ($2.26 in chips) 
Seat 2: Djek300 ($2.50 in chips) 
Seat 3: Dorex2007 ($2.67 in chips) 
Seat 4: Any Nox ($2.08 in chips) 
Seat 5: novoxopersk ($2.08 in chips) 
Seat 6: TheFallen42Qc ($2.13 in chips) 
Seat 7: AndryiHaiduk ($1.13 in chips) 
Seat 8: klaus37 ($1.89 in chips) 
Seat 9: jozsi&kati ($3.63 in chips) 
Djek300: posts small blind $0.01
Dorex2007: posts big blind $0.02
*** HOLE CARDS ***
Dealt to Dorex2007 [5c 4c]
Any Nox: folds 
novoxopersk: calls $0.02
TheFallen42Qc: calls $0.02
AndryiHaiduk: raises $0.09 to $0.11
klaus37: folds 
jozsi&kati: calls $0.11
zloycooper: folds 
Djek300: folds 
Dorex2007: folds 
novoxopersk: folds 
TheFallen42Qc: calls $0.09
*** FLOP *** [7s 7d Kd]
TheFallen42Qc: bets $0.12
AndryiHaiduk: calls $0.12
jozsi&kati: calls $0.12
*** TURN *** [7s 7d Kd] [9c]
TheFallen42Qc: checks 
novoxopersk leaves the table
AndryiHaiduk: checks 
jozsi&kati: checks 
*** RIVER *** [7s 7d Kd 9c] [5d]
TheFallen42Qc: checks 
AndryiHaiduk: bets $0.71
jozsi&kati: folds 
TheFallen42Qc: folds 
Uncalled bet ($0.71) returned to AndryiHaiduk
AndryiHaiduk collected $0.71 from pot
*** SUMMARY ***
Total pot $0.74 | Rake $0.03 
Board [7s 7d Kd 9c 5d]
Seat 1: zloycooper (button) folded before Flop (didn't bet)
Seat 2: Djek300 (small blind) folded before Flop
Seat 3: Dorex2007 (big blind) folded before Flop
Seat 4: Any Nox folded before Flop (didn't bet)
Seat 5: novoxopersk folded before Flop
Seat 6: TheFallen42Qc folded on the River
Seat 7: AndryiHaiduk collected ($0.71)
Seat 8: klaus37 folded before Flop (didn't bet)
Seat 9: jozsi&kati folded on the River



PokerStars Hand #232749510257:  Hold'em No Limit ($0.01/$0.02 USD) - 2022/01/02 10:17:26 PT [2022/01/02 13:17:26 ET]
Table 'Dvorak III' 9-max Seat #2 is the button
Seat 1: zloycooper ($2.26 in chips) 
Seat 2: Djek300 ($2.49 in chips) 
Seat 3: Dorex2007 ($2.65 in chips) 
Seat 4: Any Nox ($2.08 in chips) 
Seat 7: AndryiHaiduk ($1.61 in chips) 
Seat 8: klaus37 ($1.89 in chips) 
Seat 9: jozsi&kati ($3.40 in chips) 
Dorex2007: posts small blind $0.01
Any Nox: posts big blind $0.02
*** HOLE CARDS ***
Dealt to Dorex2007 [Ts Kd]
AndryiHaiduk: folds 
klaus37: folds 
jozsi&kati: folds 
zloycooper: folds 
Djek300: folds 
Dorex2007: raises $0.02 to $0.04
Any Nox: folds 
Uncalled bet ($0.02) returned to Dorex2007
Dorex2007 collected $0.04 from pot
Dorex2007: doesn't show hand 
*** SUMMARY ***
Total pot $0.04 | Rake $0 
Seat 1: zloycooper folded before Flop (didn't bet)
Seat 2: Djek300 (button) folded before Flop (didn't bet)
Seat 3: Dorex2007 (small blind) collected ($0.04)
Seat 4: Any Nox (big blind) folded before Flop
Seat 7: AndryiHaiduk folded before Flop (didn't bet)
Seat 8: klaus37 folded before Flop (didn't bet)
Seat 9: jozsi&kati folded before Flop (didn't bet)



PokerStars Hand #232749525054:  Hold'em No Limit ($0.01/$0.02 USD) - 2022/01/02 10:17:49 PT [2022/01/02 13:17:49 ET]
Table 'Dvorak III' 9-max Seat #3 is the button
Seat 1: zloycooper ($2.26 in chips) 
Seat 2: Djek300 ($2.49 in chips) 
Seat 3: Dorex2007 ($2.67 in chips) 
Seat 4: Any Nox ($2.06 in chips) 
Seat 7: AndryiHaiduk ($1.61 in chips) 
Seat 8: klaus37 ($1.89 in chips) 
Seat 9: jozsi&kati ($3.40 in chips) 
Any Nox: posts small blind $0.01
AndryiHaiduk: posts big blind $0.02
*** HOLE CARDS ***
Dealt to Dorex2007 [5d Jc]
joop050786 joins the table at seat #5 
klaus37: folds 
jozsi&kati: folds 
zloycooper: raises $0.05 to $0.07
Djek300: folds 
Dorex2007: folds 
Any Nox: folds 
AndryiHaiduk: folds 
Uncalled bet ($0.05) returned to zloycooper
zloycooper collected $0.05 from pot
zloycooper: doesn't show hand 
*** SUMMARY ***
Total pot $0.05 | Rake $0 
Seat 1: zloycooper collected ($0.05)
Seat 2: Djek300 folded before Flop (didn't bet)
Seat 3: Dorex2007 (button) folded before Flop (didn't bet)
Seat 4: Any Nox (small blind) folded before Flop
Seat 7: AndryiHaiduk (big blind) folded before Flop
Seat 8: klaus37 folded before Flop (didn't bet)
Seat 9: jozsi&kati folded before Flop (didn't bet)



PokerStars Hand #232749542153:  Hold'em No Limit ($0.01/$0.02 USD) - 2022/01/02 10:18:15 PT [2022/01/02 13:18:15 ET]
Table 'Dvorak III' 9-max Seat #4 is the button
Seat 1: zloycooper ($2.29 in chips) 
Seat 2: Djek300 ($2.49 in chips) 
Seat 3: Dorex2007 ($2.67 in chips) 
Seat 4: Any Nox ($2.05 in chips) 
Seat 7: AndryiHaiduk ($1.59 in chips) 
Seat 8: klaus37 ($1.89 in chips) 
Seat 9: jozsi&kati ($3.40 in chips) 
AndryiHaiduk: posts small blind $0.01
klaus37: posts big blind $0.02
*** HOLE CARDS ***
Dealt to Dorex2007 [2d 3d]
jozsi&kati: folds 
zloycooper: folds 
Djek300: folds 
Dorex2007: folds 
Any Nox: folds 
AndryiHaiduk: raises $0.04 to $0.06
klaus37: folds 
Uncalled bet ($0.04) returned to AndryiHaiduk
AndryiHaiduk collected $0.04 from pot
*** SUMMARY ***
Total pot $0.04 | Rake $0 
Seat 1: zloycooper folded before Flop (didn't bet)
Seat 2: Djek300 folded before Flop (didn't bet)
Seat 3: Dorex2007 folded before Flop (didn't bet)
Seat 4: Any Nox (button) folded before Flop (didn't bet)
Seat 7: AndryiHaiduk (small blind) collected ($0.04)
Seat 8: klaus37 (big blind) folded before Flop
Seat 9: jozsi&kati folded before Flop (didn't bet)



PokerStars Hand #232749559854:  Hold'em No Limit ($0.01/$0.02 USD) - 2022/01/02 10:18:39 PT [2022/01/02 13:18:39 ET]
Table 'Dvorak III' 9-max Seat #7 is the button
Seat 1: zloycooper ($2.29 in chips) 
Seat 2: Djek300 ($2.49 in chips) 
Seat 3: Dorex2007 ($2.67 in chips) 
Seat 4: Any Nox ($2.05 in chips) 
Seat 7: AndryiHaiduk ($1.61 in chips) 
Seat 8: klaus37 ($1.87 in chips) 
Seat 9: jozsi&kati ($3.40 in chips) 
klaus37: posts small blind $0.01
jozsi&kati: posts big blind $0.02
joop050786: sits out 
*** HOLE CARDS ***
Dealt to Dorex2007 [Jh Qc]
zloycooper: folds 
Djek300: folds 
Dorex2007: raises $0.04 to $0.06
Any Nox: folds 
AndryiHaiduk: folds 
klaus37: folds 
jozsi&kati: folds 
Uncalled bet ($0.04) returned to Dorex2007
Dorex2007 collected $0.05 from pot
Dorex2007: doesn't show hand 
*** SUMMARY ***
Total pot $0.05 | Rake $0 
Seat 1: zloycooper folded before Flop (didn't bet)
Seat 2: Djek300 folded before Flop (didn't bet)
Seat 3: Dorex2007 collected ($0.05)
Seat 4: Any Nox folded before Flop (didn't bet)
Seat 7: AndryiHaiduk (button) folded before Flop (didn't bet)
Seat 8: klaus37 (small blind) folded before Flop
Seat 9: jozsi&kati (big blind) folded before Flop



PokerStars Hand #232749576158:  Hold'em No Limit ($0.01/$0.02 USD) - 2022/01/02 10:19:04 PT [2022/01/02 13:19:04 ET]
Table 'Dvorak III' 9-max Seat #8 is the button
Seat 1: zloycooper ($2.29 in chips) 
Seat 2: Djek300 ($2.49 in chips) 
Seat 3: Dorex2007 ($2.70 in chips) 
Seat 4: Any Nox ($2.05 in chips) 
Seat 7: AndryiHaiduk ($1.61 in chips) 
Seat 8: klaus37 ($1.86 in chips) 
Seat 9: jozsi&kati ($3.38 in chips) 
jozsi&kati: posts small blind $0.01
zloycooper: posts big blind $0.02
joop050786: sits out 
*** HOLE CARDS ***
Dealt to Dorex2007 [9c 6c]
Djek300: folds 
Dorex2007: folds 
Any Nox: folds 
AndryiHaiduk: raises $0.04 to $0.06
klaus37: folds 
jozsi&kati: folds 
zloycooper: folds 
Uncalled bet ($0.04) returned to AndryiHaiduk
AndryiHaiduk collected $0.05 from pot
*** SUMMARY ***
Total pot $0.05 | Rake $0 
Seat 1: zloycooper (big blind) folded before Flop
Seat 2: Djek300 folded before Flop (didn't bet)
Seat 3: Dorex2007 folded before Flop (didn't bet)
Seat 4: Any Nox folded before Flop (didn't bet)
Seat 7: AndryiHaiduk collected ($0.05)
Seat 8: klaus37 (button) folded before Flop (didn't bet)
Seat 9: jozsi&kati (small blind) folded before Flop



PokerStars Hand #232749588789:  Hold'em No Limit ($0.01/$0.02 USD) - 2022/01/02 10:19:23 PT [2022/01/02 13:19:23 ET]
Table 'Dvorak III' 9-max Seat #9 is the button
Seat 1: zloycooper ($2.27 in chips) 
Seat 2: Djek300 ($2.49 in chips) 
Seat 3: Dorex2007 ($2.70 in chips) 
Seat 4: Any Nox ($2.05 in chips) 
Seat 7: AndryiHaiduk ($1.64 in chips) 
Seat 8: klaus37 ($1.86 in chips) 
Seat 9: jozsi&kati ($3.37 in chips) 
zloycooper: posts small blind $0.01
Djek300: posts big blind $0.02
joop050786: sits out 
*** HOLE CARDS ***
Dealt to Dorex2007 [8d Ad]
Dorex2007: calls $0.02
Any Nox: folds 
AndryiHaiduk: folds 
klaus37: folds 
jozsi&kati: folds 
zloycooper: folds 
Djek300: checks 
*** FLOP *** [Tc 3s 9h]
Djek300: checks 
Dorex2007: bets $0.03
Djek300: folds 
Uncalled bet ($0.03) returned to Dorex2007
Dorex2007 collected $0.05 from pot
Dorex2007: doesn't show hand 
*** SUMMARY ***
Total pot $0.05 | Rake $0 
Board [Tc 3s 9h]
Seat 1: zloycooper (small blind) folded before Flop
Seat 2: Djek300 (big blind) folded on the Flop
Seat 3: Dorex2007 collected ($0.05)
Seat 4: Any Nox folded before Flop (didn't bet)
Seat 7: AndryiHaiduk folded before Flop (didn't bet)
Seat 8: klaus37 folded before Flop (didn't bet)
Seat 9: jozsi&kati (button) folded before Flop (didn't bet)



PokerStars Hand #232749605852:  Hold'em No Limit ($0.01/$0.02 USD) - 2022/01/02 10:19:49 PT [2022/01/02 13:19:49 ET]
Table 'Dvorak III' 9-max Seat #1 is the button
Seat 1: zloycooper ($2.26 in chips) 
Seat 2: Djek300 ($2.47 in chips) 
Seat 3: Dorex2007 ($2.73 in chips) 
Seat 4: Any Nox ($2.05 in chips) 
Seat 7: AndryiHaiduk ($1.64 in chips) 
Seat 8: klaus37 ($1.86 in chips) 
Seat 9: jozsi&kati ($3.37 in chips) 
Djek300: posts small blind $0.01
Dorex2007: posts big blind $0.02
joop050786: sits out 
*** HOLE CARDS ***
Dealt to Dorex2007 [Ks 9d]
Any Nox: folds 
AndryiHaiduk: folds 
klaus37: folds 
jozsi&kati: raises $0.04 to $0.06
zloycooper: folds 
Djek300: folds 
Dorex2007: folds 
Uncalled bet ($0.04) returned to jozsi&kati
jozsi&kati collected $0.05 from pot
jozsi&kati: doesn't show hand 
*** SUMMARY ***
Total pot $0.05 | Rake $0 
Seat 1: zloycooper (button) folded before Flop (didn't bet)
Seat 2: Djek300 (small blind) folded before Flop
Seat 3: Dorex2007 (big blind) folded before Flop
Seat 4: Any Nox folded before Flop (didn't bet)
Seat 7: AndryiHaiduk folded before Flop (didn't bet)
Seat 8: klaus37 folded before Flop (didn't bet)
Seat 9: jozsi&kati collected ($0.05)



PokerStars Hand #232749615445:  Hold'em No Limit ($0.01/$0.02 USD) - 2022/01/02 10:20:04 PT [2022/01/02 13:20:04 ET]
Table 'Dvorak III' 9-max Seat #2 is the button
Seat 1: zloycooper ($2.26 in chips) 
Seat 2: Djek300 ($2.46 in chips) 
Seat 3: Dorex2007 ($2.71 in chips) 
Seat 4: Any Nox ($2.05 in chips) 
Seat 7: AndryiHaiduk ($1.64 in chips) 
Seat 8: klaus37 ($1.86 in chips) 
Seat 9: jozsi&kati ($3.40 in chips) 
Dorex2007: posts small blind $0.01
Any Nox: posts big blind $0.02
joop050786: sits out 
*** HOLE CARDS ***
Dealt to Dorex2007 [Ts 8c]
AndryiHaiduk: folds 
klaus37: calls $0.02
jozsi&kati: folds 
zloycooper: folds 
Djek300: folds 
Dorex2007: folds 
Any Nox: checks 
*** FLOP *** [6s Th 3s]
Any Nox: checks 
klaus37: bets $0.05
Any Nox: folds 
Uncalled bet ($0.05) returned to klaus37
klaus37 collected $0.05 from pot
klaus37: doesn't show hand 
*** SUMMARY ***
Total pot $0.05 | Rake $0 
Board [6s Th 3s]
Seat 1: zloycooper folded before Flop (didn't bet)
Seat 2: Djek300 (button) folded before Flop (didn't bet)
Seat 3: Dorex2007 (small blind) folded before Flop
Seat 4: Any Nox (big blind) folded on the Flop
Seat 7: AndryiHaiduk folded before Flop (didn't bet)
Seat 8: klaus37 collected ($0.05)
Seat 9: jozsi&kati folded before Flop (didn't bet)



PokerStars Hand #232749634183:  Hold'em No Limit ($0.01/$0.02 USD) - 2022/01/02 10:20:33 PT [2022/01/02 13:20:33 ET]
Table 'Dvorak III' 9-max Seat #3 is the button
Seat 1: zloycooper ($2.26 in chips) 
Seat 2: Djek300 ($2.46 in chips) 
Seat 3: Dorex2007 ($2.70 in chips) 
Seat 4: Any Nox ($2.03 in chips) 
Seat 5: joop050786 ($2 in chips) 
Seat 7: AndryiHaiduk ($1.64 in chips) 
Seat 8: klaus37 ($1.89 in chips) 
Seat 9: jozsi&kati ($3.40 in chips) 
Any Nox: posts small blind $0.01
joop050786: posts big blind $0.02
*** HOLE CARDS ***
Dealt to Dorex2007 [8c 4c]
AndryiHaiduk: folds 
klaus37: calls $0.02
jozsi&kati: folds 
zloycooper: folds 
Djek300: folds 
Dorex2007: folds 
Any Nox: calls $0.01
joop050786: raises $0.06 to $0.08
klaus37: calls $0.06
Any Nox: folds 
*** FLOP *** [5h 8s Kc]
joop050786: checks 
klaus37: checks 
*** TURN *** [5h 8s Kc] [Qh]
joop050786: checks 
klaus37: checks 
*** RIVER *** [5h 8s Kc Qh] [5s]
joop050786: checks 
klaus37: checks 
*** SHOW DOWN ***
joop050786: shows [9h As] (a pair of Fives)
klaus37: shows [9c 9d] (two pair, Nines and Fives)
klaus37 collected $0.17 from pot
*** SUMMARY ***
Total pot $0.18 | Rake $0.01 
Board [5h 8s Kc Qh 5s]
Seat 1: zloycooper folded before Flop (didn't bet)
Seat 2: Djek300 folded before Flop (didn't bet)
Seat 3: Dorex2007 (button) folded before Flop (didn't bet)
Seat 4: Any Nox (small blind) folded before Flop
Seat 5: joop050786 (big blind) showed [9h As] and lost with a pair of Fives
Seat 7: AndryiHaiduk folded before Flop (didn't bet)
Seat 8: klaus37 showed [9c 9d] and won ($0.17) with two pair, Nines and Fives
Seat 9: jozsi&kati folded before Flop (didn't bet)



PokerStars Hand #232749663036:  Hold'em No Limit ($0.01/$0.02 USD) - 2022/01/02 10:21:17 PT [2022/01/02 13:21:17 ET]
Table 'Dvorak III' 9-max Seat #4 is the button
Seat 1: zloycooper ($2.26 in chips) 
Seat 2: Djek300 ($2.46 in chips) 
Seat 3: Dorex2007 ($2.70 in chips) 
Seat 4: Any Nox ($2.01 in chips) 
Seat 5: joop050786 ($2 in chips) 
Seat 7: AndryiHaiduk ($1.64 in chips) 
Seat 8: klaus37 ($1.98 in chips) 
Seat 9: jozsi&kati ($3.40 in chips) 
joop050786: posts small blind $0.01
AndryiHaiduk: posts big blind $0.02
*** HOLE CARDS ***
Dealt to Dorex2007 [Qs Ac]
klaus37: raises $0.02 to $0.04
jozsi&kati: folds 
zloycooper: folds 
Djek300: folds 
Dorex2007: calls $0.04
Any Nox: folds 
joop050786: folds 
AndryiHaiduk: folds 
*** FLOP *** [Ad Js 4s]
klaus37: bets $0.06
Dorex2007: calls $0.06
*** TURN *** [Ad Js 4s] [4d]
klaus37: bets $0.11
Dorex2007: calls $0.11
*** RIVER *** [Ad Js 4s 4d] [2s]
klaus37: checks 
Dorex2007: bets $0.16
klaus37: calls $0.16
*** SHOW DOWN ***
Dorex2007: shows [Qs Ac] (two pair, Aces and Fours)
klaus37: shows [Ah Qc] (two pair, Aces and Fours)
klaus37 collected $0.37 from pot
Dorex2007 collected $0.37 from pot
*** SUMMARY ***
Total pot $0.77 | Rake $0.03 
Board [Ad Js 4s 4d 2s]
Seat 1: zloycooper folded before Flop (didn't bet)
Seat 2: Djek300 folded before Flop (didn't bet)
Seat 3: Dorex2007 showed [Qs Ac] and won ($0.37) with two pair, Aces and Fours
Seat 4: Any Nox (button) folded before Flop (didn't bet)
Seat 5: joop050786 (small blind) folded before Flop
Seat 7: AndryiHaiduk (big blind) folded before Flop
Seat 8: klaus37 showed [Ah Qc] and won ($0.37) with two pair, Aces and Fours
Seat 9: jozsi&kati folded before Flop (didn't bet)



PokerStars Hand #232749700427:  Hold'em No Limit ($0.01/$0.02 USD) - 2022/01/02 10:22:15 PT [2022/01/02 13:22:15 ET]
Table 'Dvorak III' 9-max Seat #5 is the button
Seat 1: zloycooper ($2.26 in chips) 
Seat 2: Djek300 ($2.46 in chips) 
Seat 3: Dorex2007 ($2.70 in chips) 
Seat 4: Any Nox ($2.01 in chips) 
Seat 5: joop050786 ($2 in chips) 
Seat 7: AndryiHaiduk ($1.62 in chips) 
Seat 8: klaus37 ($1.98 in chips) 
Seat 9: jozsi&kati ($3.40 in chips) 
AndryiHaiduk: posts small blind $0.01
klaus37: posts big blind $0.02
*** HOLE CARDS ***
Dealt to Dorex2007 [Th 6h]
jozsi&kati: folds 
zloycooper: folds 
Djek300: folds 
Dorex2007: folds 
Any Nox: folds 
joop050786: folds 
AndryiHaiduk: folds 
Uncalled bet ($0.01) returned to klaus37
klaus37 collected $0.02 from pot
klaus37: doesn't show hand 
*** SUMMARY ***
Total pot $0.02 | Rake $0 
Seat 1: zloycooper folded before Flop (didn't bet)
Seat 2: Djek300 folded before Flop (didn't bet)
Seat 3: Dorex2007 folded before Flop (didn't bet)
Seat 4: Any Nox folded before Flop (didn't bet)
Seat 5: joop050786 (button) folded before Flop (didn't bet)
Seat 7: AndryiHaiduk (small blind) folded before Flop
Seat 8: klaus37 (big blind) collected ($0.02)
Seat 9: jozsi&kati folded before Flop (didn't bet)



PokerStars Hand #232749711211:  Hold'em No Limit ($0.01/$0.02 USD) - 2022/01/02 10:22:31 PT [2022/01/02 13:22:31 ET]
Table 'Dvorak III' 9-max Seat #7 is the button
Seat 1: zloycooper ($2.26 in chips) 
Seat 2: Djek300 ($2.46 in chips) 
Seat 3: Dorex2007 ($2.70 in chips) 
Seat 4: Any Nox ($2.01 in chips) 
Seat 5: joop050786 ($2 in chips) 
Seat 7: AndryiHaiduk ($1.61 in chips) 
Seat 8: klaus37 ($1.99 in chips) 
Seat 9: jozsi&kati ($3.40 in chips) 
klaus37: posts small blind $0.01
jozsi&kati: posts big blind $0.02
*** HOLE CARDS ***
Dealt to Dorex2007 [Jd Kd]
zloycooper: folds 
Djek300: folds 
Dorex2007: raises $0.02 to $0.04
Any Nox: folds 
joop050786: folds 
AndryiHaiduk: folds 
klaus37: folds 
jozsi&kati: folds 
Uncalled bet ($0.02) returned to Dorex2007
Dorex2007 collected $0.05 from pot
Dorex2007: doesn't show hand 
*** SUMMARY ***
Total pot $0.05 | Rake $0 
Seat 1: zloycooper folded before Flop (didn't bet)
Seat 2: Djek300 folded before Flop (didn't bet)
Seat 3: Dorex2007 collected ($0.05)
Seat 4: Any Nox folded before Flop (didn't bet)
Seat 5: joop050786 folded before Flop (didn't bet)
Seat 7: AndryiHaiduk (button) folded before Flop (didn't bet)
Seat 8: klaus37 (small blind) folded before Flop
Seat 9: jozsi&kati (big blind) folded before Flop



PokerStars Hand #232749724316:  Hold'em No Limit ($0.01/$0.02 USD) - 2022/01/02 10:22:51 PT [2022/01/02 13:22:51 ET]
Table 'Dvorak III' 9-max Seat #8 is the button
Seat 1: zloycooper ($2.26 in chips) 
Seat 2: Djek300 ($2.46 in chips) 
Seat 3: Dorex2007 ($2.73 in chips) 
Seat 4: Any Nox ($2.01 in chips) 
Seat 5: joop050786 ($2 in chips) 
Seat 7: AndryiHaiduk ($1.61 in chips) 
Seat 8: klaus37 ($1.98 in chips) 
Seat 9: jozsi&kati ($3.38 in chips) 
jozsi&kati: posts small blind $0.01
zloycooper: posts big blind $0.02
*** HOLE CARDS ***
Dealt to Dorex2007 [3h Kh]
Djek300: folds 
Dorex2007: folds 
Any Nox: folds 
joop050786: folds 
AndryiHaiduk: folds 
klaus37: folds 
jozsi&kati: folds 
Uncalled bet ($0.01) returned to zloycooper
zloycooper collected $0.02 from pot
zloycooper: doesn't show hand 
*** SUMMARY ***
Total pot $0.02 | Rake $0 
Seat 1: zloycooper (big blind) collected ($0.02)
Seat 2: Djek300 folded before Flop (didn't bet)
Seat 3: Dorex2007 folded before Flop (didn't bet)
Seat 4: Any Nox folded before Flop (didn't bet)
Seat 5: joop050786 folded before Flop (didn't bet)
Seat 7: AndryiHaiduk folded before Flop (didn't bet)
Seat 8: klaus37 (button) folded before Flop (didn't bet)
Seat 9: jozsi&kati (small blind) folded before Flop



PokerStars Hand #232749729677:  Hold'em No Limit ($0.01/$0.02 USD) - 2022/01/02 10:23:00 PT [2022/01/02 13:23:00 ET]
Table 'Dvorak III' 9-max Seat #9 is the button
Seat 1: zloycooper ($2.27 in chips) 
Seat 2: Djek300 ($2.46 in chips) 
Seat 3: Dorex2007 ($2.73 in chips) 
Seat 4: Any Nox ($2.01 in chips) 
Seat 5: joop050786 ($2 in chips) 
Seat 7: AndryiHaiduk ($1.61 in chips) 
Seat 8: klaus37 ($1.98 in chips) 
Seat 9: jozsi&kati ($3.37 in chips) 
zloycooper: posts small blind $0.01
Djek300: posts big blind $0.02
*** HOLE CARDS ***
Dealt to Dorex2007 [6s 7c]
Dorex2007: folds 
Any Nox: folds 
joop050786: folds 
AndryiHaiduk: folds 
klaus37: folds 
jozsi&kati: raises $0.04 to $0.06
zloycooper: folds 
Djek300: folds 
Uncalled bet ($0.04) returned to jozsi&kati
jozsi&kati collected $0.05 from pot
jozsi&kati: doesn't show hand 
*** SUMMARY ***
Total pot $0.05 | Rake $0 
Seat 1: zloycooper (small blind) folded before Flop
Seat 2: Djek300 (big blind) folded before Flop
Seat 3: Dorex2007 folded before Flop (didn't bet)
Seat 4: Any Nox folded before Flop (didn't bet)
Seat 5: joop050786 folded before Flop (didn't bet)
Seat 7: AndryiHaiduk folded before Flop (didn't bet)
Seat 8: klaus37 folded before Flop (didn't bet)
Seat 9: jozsi&kati (button) collected ($0.05)



PokerStars Hand #232749739575:  Hold'em No Limit ($0.01/$0.02 USD) - 2022/01/02 10:23:15 PT [2022/01/02 13:23:15 ET]
Table 'Dvorak III' 9-max Seat #1 is the button
Seat 1: zloycooper ($2.26 in chips) 
Seat 2: Djek300 ($2.44 in chips) 
Seat 3: Dorex2007 ($2.73 in chips) 
Seat 4: Any Nox ($2.01 in chips) 
Seat 5: joop050786 ($2 in chips) 
Seat 6: TheFallen42Qc ($1.90 in chips) 
Seat 7: AndryiHaiduk ($1.61 in chips) 
Seat 8: klaus37 ($1.98 in chips) 
Seat 9: jozsi&kati ($3.40 in chips) 
Djek300: posts small blind $0.01
Dorex2007: posts big blind $0.02
TheFallen42Qc: posts small & big blinds $0.03
*** HOLE CARDS ***
Dealt to Dorex2007 [Td 2s]
Any Nox: folds 
joop050786: folds 
TheFallen42Qc: checks 
AndryiHaiduk: folds 
klaus37: folds 
jozsi&kati: folds 
zloycooper: raises $0.08 to $0.10
Djek300: folds 
Dorex2007: folds 
TheFallen42Qc: folds 
Uncalled bet ($0.08) returned to zloycooper
zloycooper collected $0.08 from pot
zloycooper: doesn't show hand 
*** SUMMARY ***
Total pot $0.08 | Rake $0 
Seat 1: zloycooper (button) collected ($0.08)
Seat 2: Djek300 (small blind) folded before Flop
Seat 3: Dorex2007 (big blind) folded before Flop
Seat 4: Any Nox folded before Flop (didn't bet)
Seat 5: joop050786 folded before Flop (didn't bet)
Seat 6: TheFallen42Qc folded before Flop (didn't bet)
Seat 7: AndryiHaiduk folded before Flop (didn't bet)
Seat 8: klaus37 folded before Flop (didn't bet)
Seat 9: jozsi&kati folded before Flop (didn't bet)



PokerStars Hand #232749755631:  Hold'em No Limit ($0.01/$0.02 USD) - 2022/01/02 10:23:40 PT [2022/01/02 13:23:40 ET]
Table 'Dvorak III' 9-max Seat #2 is the button
Seat 1: zloycooper ($2.32 in chips) 
Seat 2: Djek300 ($2.43 in chips) 
Seat 3: Dorex2007 ($2.71 in chips) 
Seat 4: Any Nox ($2.01 in chips) 
Seat 5: joop050786 ($2 in chips) 
Seat 6: TheFallen42Qc ($1.87 in chips) 
Seat 7: AndryiHaiduk ($1.61 in chips) 
Seat 8: klaus37 ($1.98 in chips) 
Seat 9: jozsi&kati ($3.40 in chips) 
Dorex2007: posts small blind $0.01
Any Nox: posts big blind $0.02
*** HOLE CARDS ***
Dealt to Dorex2007 [Ah Js]
joop050786: folds 
TheFallen42Qc: calls $0.02
AndryiHaiduk: folds 
klaus37: folds 
jozsi&kati: folds 
zloycooper: folds 
Djek300: calls $0.02
Dorex2007: calls $0.01
Any Nox: checks 
*** FLOP *** [7s 9c 7d]
Dorex2007: checks 
Any Nox: checks 
TheFallen42Qc: bets $0.04
Djek300: folds 
Dorex2007: folds 
Any Nox: folds 
Uncalled bet ($0.04) returned to TheFallen42Qc
TheFallen42Qc collected $0.08 from pot
TheFallen42Qc: doesn't show hand 
*** SUMMARY ***
Total pot $0.08 | Rake $0 
Board [7s 9c 7d]
Seat 1: zloycooper folded before Flop (didn't bet)
Seat 2: Djek300 (button) folded on the Flop
Seat 3: Dorex2007 (small blind) folded on the Flop
Seat 4: Any Nox (big blind) folded on the Flop
Seat 5: joop050786 folded before Flop (didn't bet)
Seat 6: TheFallen42Qc collected ($0.08)
Seat 7: AndryiHaiduk folded before Flop (didn't bet)
Seat 8: klaus37 folded before Flop (didn't bet)
Seat 9: jozsi&kati folded before Flop (didn't bet)



PokerStars Hand #232749781472:  Hold'em No Limit ($0.01/$0.02 USD) - 2022/01/02 10:24:20 PT [2022/01/02 13:24:20 ET]
Table 'Dvorak III' 9-max Seat #3 is the button
Seat 1: zloycooper ($2.32 in chips) 
Seat 2: Djek300 ($2.41 in chips) 
Seat 3: Dorex2007 ($2.69 in chips) 
Seat 4: Any Nox ($2 in chips) 
Seat 5: joop050786 ($2 in chips) 
Seat 6: TheFallen42Qc ($1.93 in chips) 
Seat 7: AndryiHaiduk ($1.61 in chips) 
Seat 8: klaus37 ($1.98 in chips) 
Seat 9: jozsi&kati ($3.40 in chips) 
Any Nox: posts small blind $0.01
joop050786: posts big blind $0.02
*** HOLE CARDS ***
Dealt to Dorex2007 [Jh 7c]
TheFallen42Qc: calls $0.02
AndryiHaiduk: raises $0.07 to $0.09
klaus37: folds 
jozsi&kati: folds 
zloycooper: folds 
Djek300: folds 
Dorex2007: folds 
Any Nox: folds 
joop050786: folds 
TheFallen42Qc: calls $0.07
*** FLOP *** [Kc 3s 6h]
TheFallen42Qc: bets $0.06
AndryiHaiduk: raises $1.46 to $1.52 and is all-in
TheFallen42Qc: folds 
Uncalled bet ($1.46) returned to AndryiHaiduk
AndryiHaiduk collected $0.32 from pot
*** SUMMARY ***
Total pot $0.33 | Rake $0.01 
Board [Kc 3s 6h]
Seat 1: zloycooper folded before Flop (didn't bet)
Seat 2: Djek300 folded before Flop (didn't bet)
Seat 3: Dorex2007 (button) folded before Flop (didn't bet)
Seat 4: Any Nox (small blind) folded before Flop
Seat 5: joop050786 (big blind) folded before Flop
Seat 6: TheFallen42Qc folded on the Flop
Seat 7: AndryiHaiduk collected ($0.32)
Seat 8: klaus37 folded before Flop (didn't bet)
Seat 9: jozsi&kati folded before Flop (didn't bet)



PokerStars Hand #232749825131:  Hold'em No Limit ($0.01/$0.02 USD) - 2022/01/02 10:25:28 PT [2022/01/02 13:25:28 ET]
Table 'Dvorak III' 9-max Seat #4 is the button
Seat 1: zloycooper ($2.32 in chips) 
Seat 2: Djek300 ($2.41 in chips) 
Seat 3: Dorex2007 ($2.69 in chips) 
Seat 4: Any Nox ($2 in chips) 
Seat 5: joop050786 ($2 in chips) 
Seat 6: TheFallen42Qc ($1.78 in chips) 
Seat 7: AndryiHaiduk ($1.78 in chips) 
Seat 8: klaus37 ($1.98 in chips) 
Seat 9: jozsi&kati ($3.40 in chips) 
joop050786: posts small blind $0.01
TheFallen42Qc: posts big blind $0.02
*** HOLE CARDS ***
Dealt to Dorex2007 [5s 8d]
AndryiHaiduk: folds 
klaus37: folds 
jozsi&kati: calls $0.02
zloycooper: folds 
Djek300: folds 
Dorex2007: folds 
Any Nox: folds 
joop050786: calls $0.01
TheFallen42Qc: checks 
*** FLOP *** [9c Kd 9h]
joop050786: checks 
TheFallen42Qc: checks 
jozsi&kati: checks 
*** TURN *** [9c Kd 9h] [7d]
joop050786: checks 
TheFallen42Qc: bets $0.08
jozsi&kati: folds 
joop050786: folds 
Uncalled bet ($0.08) returned to TheFallen42Qc
TheFallen42Qc collected $0.06 from pot
TheFallen42Qc: doesn't show hand 
*** SUMMARY ***
Total pot $0.06 | Rake $0 
Board [9c Kd 9h 7d]
Seat 1: zloycooper folded before Flop (didn't bet)
Seat 2: Djek300 folded before Flop (didn't bet)
Seat 3: Dorex2007 folded before Flop (didn't bet)
Seat 4: Any Nox (button) folded before Flop (didn't bet)
Seat 5: joop050786 (small blind) folded on the Turn
Seat 6: TheFallen42Qc (big blind) collected ($0.06)
Seat 7: AndryiHaiduk folded before Flop (didn't bet)
Seat 8: klaus37 folded before Flop (didn't bet)
Seat 9: jozsi&kati folded on the Turn



PokerStars Hand #232749865808:  Hold'em No Limit ($0.01/$0.02 USD) - 2022/01/02 10:26:24 PT [2022/01/02 13:26:24 ET]
Table 'Dvorak III' 9-max Seat #5 is the button
Seat 1: zloycooper ($2.32 in chips) 
Seat 2: Djek300 ($2.41 in chips) 
Seat 3: Dorex2007 ($2.69 in chips) 
Seat 4: Any Nox ($2 in chips) 
Seat 5: joop050786 ($2 in chips) 
Seat 6: TheFallen42Qc ($1.82 in chips) 
Seat 7: AndryiHaiduk ($1.78 in chips) 
Seat 8: klaus37 ($1.98 in chips) 
Seat 9: jozsi&kati ($3.38 in chips) 
TheFallen42Qc: posts small blind $0.01
AndryiHaiduk: posts big blind $0.02
*** HOLE CARDS ***
Dealt to Dorex2007 [9h Kd]
klaus37: raises $0.02 to $0.04
jozsi&kati: folds 
zloycooper: folds 
Djek300: folds 
Dorex2007: folds 
Any Nox: folds 
joop050786: folds 
TheFallen42Qc: calls $0.03
AndryiHaiduk: folds 
*** FLOP *** [9d 9c 6s]
TheFallen42Qc: checks 
klaus37: checks 
*** TURN *** [9d 9c 6s] [3d]
TheFallen42Qc: checks 
klaus37: checks 
*** RIVER *** [9d 9c 6s 3d] [Ts]
TheFallen42Qc: checks 
klaus37: checks 
*** SHOW DOWN ***
TheFallen42Qc: shows [5c 8c] (a pair of Nines)
klaus37: shows [Ac Td] (two pair, Tens and Nines)
klaus37 collected $0.10 from pot
*** SUMMARY ***
Total pot $0.10 | Rake $0 
Board [9d 9c 6s 3d Ts]
Seat 1: zloycooper folded before Flop (didn't bet)
Seat 2: Djek300 folded before Flop (didn't bet)
Seat 3: Dorex2007 folded before Flop (didn't bet)
Seat 4: Any Nox folded before Flop (didn't bet)
Seat 5: joop050786 (button) folded before Flop (didn't bet)
Seat 6: TheFallen42Qc (small blind) showed [5c 8c] and lost with a pair of Nines
Seat 7: AndryiHaiduk (big blind) folded before Flop
Seat 8: klaus37 showed [Ac Td] and won ($0.10) with two pair, Tens and Nines
Seat 9: jozsi&kati folded before Flop (didn't bet)



PokerStars Hand #232749888395:  Hold'em No Limit ($0.01/$0.02 USD) - 2022/01/02 10:26:59 PT [2022/01/02 13:26:59 ET]
Table 'Dvorak III' 9-max Seat #6 is the button
Seat 1: zloycooper ($2.32 in chips) 
Seat 2: Djek300 ($2.41 in chips) 
Seat 3: Dorex2007 ($2.69 in chips) 
Seat 4: Any Nox ($2 in chips) 
Seat 5: joop050786 ($2 in chips) 
Seat 6: TheFallen42Qc ($1.78 in chips) 
Seat 7: AndryiHaiduk ($1.76 in chips) 
Seat 8: klaus37 ($2.04 in chips) 
Seat 9: jozsi&kati ($3.38 in chips) 
AndryiHaiduk: posts small blind $0.01
klaus37: posts big blind $0.02
*** HOLE CARDS ***
Dealt to Dorex2007 [Qd 6d]
jozsi&kati: raises $0.06 to $0.08
zloycooper: folds 
Djek300: folds 
Dorex2007: folds 
Any Nox: folds 
joop050786: folds 
TheFallen42Qc: calls $0.08
AndryiHaiduk: folds 
klaus37: folds 
*** FLOP *** [4s 7d 2s]
jozsi&kati: checks 
TheFallen42Qc: checks 
*** TURN *** [4s 7d 2s] [9d]
jozsi&kati: bets $0.12
TheFallen42Qc: folds 
Uncalled bet ($0.12) returned to jozsi&kati
jozsi&kati collected $0.18 from pot
jozsi&kati: doesn't show hand 
*** SUMMARY ***
Total pot $0.19 | Rake $0.01 
Board [4s 7d 2s 9d]
Seat 1: zloycooper folded before Flop (didn't bet)
Seat 2: Djek300 folded before Flop (didn't bet)
Seat 3: Dorex2007 folded before Flop (didn't bet)
Seat 4: Any Nox folded before Flop (didn't bet)
Seat 5: joop050786 folded before Flop (didn't bet)
Seat 6: TheFallen42Qc (button) folded on the Turn
Seat 7: AndryiHaiduk (small blind) folded before Flop
Seat 8: klaus37 (big blind) folded before Flop
Seat 9: jozsi&kati collected ($0.18)



PokerStars Hand #232749912002:  Hold'em No Limit ($0.01/$0.02 USD) - 2022/01/02 10:27:36 PT [2022/01/02 13:27:36 ET]
Table 'Dvorak III' 9-max Seat #7 is the button
Seat 1: zloycooper ($2.32 in chips) 
Seat 2: Djek300 ($2.41 in chips) 
Seat 3: Dorex2007 ($2.69 in chips) 
Seat 4: Any Nox ($2 in chips) 
Seat 5: joop050786 ($2 in chips) 
Seat 6: TheFallen42Qc ($1.70 in chips) 
Seat 7: AndryiHaiduk ($1.75 in chips) 
Seat 8: klaus37 ($2.02 in chips) 
Seat 9: jozsi&kati ($3.48 in chips) 
klaus37: posts small blind $0.01
jozsi&kati: posts big blind $0.02
*** HOLE CARDS ***
Dealt to Dorex2007 [8s 4s]
zloycooper: folds 
Djek300: folds 
Dorex2007: folds 
Any Nox: folds 
joop050786: folds 
TheFallen42Qc: folds 
AndryiHaiduk: folds 
klaus37: folds 
Uncalled bet ($0.01) returned to jozsi&kati
jozsi&kati collected $0.02 from pot
jozsi&kati: doesn't show hand 
*** SUMMARY ***
Total pot $0.02 | Rake $0 
Seat 1: zloycooper folded before Flop (didn't bet)
Seat 2: Djek300 folded before Flop (didn't bet)
Seat 3: Dorex2007 folded before Flop (didn't bet)
Seat 4: Any Nox folded before Flop (didn't bet)
Seat 5: joop050786 folded before Flop (didn't bet)
Seat 6: TheFallen42Qc folded before Flop (didn't bet)
Seat 7: AndryiHaiduk (button) folded before Flop (didn't bet)
Seat 8: klaus37 (small blind) folded before Flop
Seat 9: jozsi&kati (big blind) collected ($0.02)



PokerStars Hand #232749921853:  Hold'em No Limit ($0.01/$0.02 USD) - 2022/01/02 10:27:51 PT [2022/01/02 13:27:51 ET]
Table 'Dvorak III' 9-max Seat #8 is the button
Seat 1: zloycooper ($2.32 in chips) 
Seat 2: Djek300 ($2.41 in chips) 
Seat 3: Dorex2007 ($2.69 in chips) 
Seat 4: Any Nox ($2 in chips) 
Seat 5: joop050786 ($2 in chips) 
Seat 6: TheFallen42Qc ($1.70 in chips) 
Seat 7: AndryiHaiduk ($1.75 in chips) 
Seat 8: klaus37 ($2.01 in chips) 
Seat 9: jozsi&kati ($3.49 in chips) 
jozsi&kati: posts small blind $0.01
zloycooper: posts big blind $0.02
*** HOLE CARDS ***
Dealt to Dorex2007 [3c 5s]
Djek300: folds 
Dorex2007: folds 
Any Nox: folds 
joop050786: folds 
TheFallen42Qc: calls $0.02
AndryiHaiduk: folds 
klaus37: folds 
jozsi&kati: folds 
zloycooper: checks 
*** FLOP *** [8d Qh 7h]
zloycooper: checks 
TheFallen42Qc: checks 
*** TURN *** [8d Qh 7h] [Tc]
zloycooper: checks 
TheFallen42Qc: bets $0.06
zloycooper: folds 
Uncalled bet ($0.06) returned to TheFallen42Qc
TheFallen42Qc collected $0.05 from pot
TheFallen42Qc: doesn't show hand 
*** SUMMARY ***
Total pot $0.05 | Rake $0 
Board [8d Qh 7h Tc]
Seat 1: zloycooper (big blind) folded on the Turn
Seat 2: Djek300 folded before Flop (didn't bet)
Seat 3: Dorex2007 folded before Flop (didn't bet)
Seat 4: Any Nox folded before Flop (didn't bet)
Seat 5: joop050786 folded before Flop (didn't bet)
Seat 6: TheFallen42Qc collected ($0.05)
Seat 7: AndryiHaiduk folded before Flop (didn't bet)
Seat 8: klaus37 (button) folded before Flop (didn't bet)
Seat 9: jozsi&kati (small blind) folded before Flop



PokerStars Hand #232749955745:  Hold'em No Limit ($0.01/$0.02 USD) - 2022/01/02 10:28:44 PT [2022/01/02 13:28:44 ET]
Table 'Dvorak III' 9-max Seat #9 is the button
Seat 1: zloycooper ($2.30 in chips) 
Seat 2: Djek300 ($2.41 in chips) 
Seat 3: Dorex2007 ($2.69 in chips) 
Seat 4: Any Nox ($2 in chips) 
Seat 5: joop050786 ($2 in chips) 
Seat 6: TheFallen42Qc ($1.73 in chips) 
Seat 7: AndryiHaiduk ($1.75 in chips) 
Seat 8: klaus37 ($2.01 in chips) 
Seat 9: jozsi&kati ($3.48 in chips) 
zloycooper: posts small blind $0.01
Djek300: posts big blind $0.02
*** HOLE CARDS ***
Dealt to Dorex2007 [3c Ks]
Dorex2007: folds 
Any Nox: folds 
joop050786: raises $0.05 to $0.07
TheFallen42Qc: raises $0.05 to $0.12
AndryiHaiduk: folds 
klaus37: folds 
jozsi&kati: calls $0.12
zloycooper: folds 
Djek300: folds 
joop050786: calls $0.05
*** FLOP *** [9s 4h Th]
joop050786: checks 
TheFallen42Qc: checks 
jozsi&kati: bets $0.25
joop050786: calls $0.25
TheFallen42Qc: folds 
*** TURN *** [9s 4h Th] [Jh]
joop050786: checks 
jozsi&kati: checks 
*** RIVER *** [9s 4h Th Jh] [Ts]
joop050786: checks 
jozsi&kati: bets $0.48
joop050786: calls $0.48
*** SHOW DOWN ***
jozsi&kati: shows [Tc 8c] (three of a kind, Tens)
joop050786: mucks hand 
jozsi&kati collected $1.79 from pot
*** SUMMARY ***
Total pot $1.85 | Rake $0.06 
Board [9s 4h Th Jh Ts]
Seat 1: zloycooper (small blind) folded before Flop
Seat 2: Djek300 (big blind) folded before Flop
Seat 3: Dorex2007 folded before Flop (didn't bet)
Seat 4: Any Nox folded before Flop (didn't bet)
Seat 5: joop050786 mucked [Qs Qd]
Seat 6: TheFallen42Qc folded on the Flop
Seat 7: AndryiHaiduk folded before Flop (didn't bet)
Seat 8: klaus37 folded before Flop (didn't bet)
Seat 9: jozsi&kati (button) showed [Tc 8c] and won ($1.79) with three of a kind, Tens



PokerStars Hand #232750001032:  Hold'em No Limit ($0.01/$0.02 USD) - 2022/01/02 10:29:54 PT [2022/01/02 13:29:54 ET]
Table 'Dvorak III' 9-max Seat #1 is the button
Seat 1: zloycooper ($2.29 in chips) 
Seat 2: Djek300 ($2.39 in chips) 
Seat 3: Dorex2007 ($2.69 in chips) 
Seat 4: Any Nox ($2 in chips) 
Seat 5: joop050786 ($2 in chips) 
Seat 6: TheFallen42Qc ($1.61 in chips) 
Seat 7: AndryiHaiduk ($1.75 in chips) 
Seat 8: klaus37 ($2.01 in chips) 
Seat 9: jozsi&kati ($4.42 in chips) 
Djek300: posts small blind $0.01
Dorex2007: posts big blind $0.02
*** HOLE CARDS ***
Dealt to Dorex2007 [3h 2c]
Any Nox: folds 
joop050786: folds 
TheFallen42Qc: calls $0.02
AndryiHaiduk: folds 
klaus37: calls $0.02
jozsi&kati has timed out
jozsi&kati: folds 
zloycooper: folds 
Djek300: folds 
Dorex2007: checks 
*** FLOP *** [4s 4c 2d]
Dorex2007: bets $0.04
TheFallen42Qc: folds 
klaus37: folds 
Uncalled bet ($0.04) returned to Dorex2007
Dorex2007 collected $0.07 from pot
Dorex2007: doesn't show hand 
*** SUMMARY ***
Total pot $0.07 | Rake $0 
Board [4s 4c 2d]
Seat 1: zloycooper (button) folded before Flop (didn't bet)
Seat 2: Djek300 (small blind) folded before Flop
Seat 3: Dorex2007 (big blind) collected ($0.07)
Seat 4: Any Nox folded before Flop (didn't bet)
Seat 5: joop050786 folded before Flop (didn't bet)
Seat 6: TheFallen42Qc folded on the Flop
Seat 7: AndryiHaiduk folded before Flop (didn't bet)
Seat 8: klaus37 folded on the Flop
Seat 9: jozsi&kati folded before Flop (didn't bet)



PokerStars Hand #232750033637:  Hold'em No Limit ($0.01/$0.02 USD) - 2022/01/02 10:30:42 PT [2022/01/02 13:30:42 ET]
Table 'Dvorak III' 9-max Seat #2 is the button
Seat 1: zloycooper ($2.29 in chips) 
Seat 2: Djek300 ($2.38 in chips) 
Seat 3: Dorex2007 ($2.74 in chips) 
Seat 4: Any Nox ($2 in chips) 
Seat 5: joop050786 ($2 in chips) 
Seat 6: TheFallen42Qc ($1.59 in chips) 
Seat 7: AndryiHaiduk ($1.75 in chips) 
Seat 8: klaus37 ($1.99 in chips) 
Dorex2007: posts small blind $0.01
Any Nox: posts big blind $0.02
*** HOLE CARDS ***
Dealt to Dorex2007 [Ts 7c]
joop050786: folds 
TheFallen42Qc: calls $0.02
AndryiHaiduk: folds 
klaus37: folds 
zloycooper: folds 
Djek300: folds 
Dorex2007: folds 
Any Nox: checks 
*** FLOP *** [Ad 5s Kd]
Any Nox: checks 
TheFallen42Qc: checks 
*** TURN *** [Ad 5s Kd] [Ah]
Any Nox: bets $0.03
TheFallen42Qc: calls $0.03
*** RIVER *** [Ad 5s Kd Ah] [3c]
Any Nox: bets $0.07
TheFallen42Qc: raises $0.09 to $0.16
Any Nox: calls $0.09
*** SHOW DOWN ***
TheFallen42Qc: shows [8d 8s] (two pair, Aces and Eights)
Any Nox: shows [2c Ac] (three of a kind, Aces)
Any Nox collected $0.41 from pot
*** SUMMARY ***
Total pot $0.43 | Rake $0.02 
Board [Ad 5s Kd Ah 3c]
Seat 1: zloycooper folded before Flop (didn't bet)
Seat 2: Djek300 (button) folded before Flop (didn't bet)
Seat 3: Dorex2007 (small blind) folded before Flop
Seat 4: Any Nox (big blind) showed [2c Ac] and won ($0.41) with three of a kind, Aces
Seat 5: joop050786 folded before Flop (didn't bet)
Seat 6: TheFallen42Qc showed [8d 8s] and lost with two pair, Aces and Eights
Seat 7: AndryiHaiduk folded before Flop (didn't bet)
Seat 8: klaus37 folded before Flop (didn't bet)



PokerStars Hand #232750064236:  Hold'em No Limit ($0.01/$0.02 USD) - 2022/01/02 10:31:28 PT [2022/01/02 13:31:28 ET]
Table 'Dvorak III' 9-max Seat #3 is the button
Seat 1: zloycooper ($2.29 in chips) 
Seat 2: Djek300 ($2.38 in chips) 
Seat 3: Dorex2007 ($2.73 in chips) 
Seat 4: Any Nox ($2.20 in chips) 
Seat 5: joop050786 ($2 in chips) 
Seat 6: TheFallen42Qc ($1.38 in chips) 
Seat 7: AndryiHaiduk ($1.75 in chips) 
Seat 8: klaus37 ($1.99 in chips) 
Any Nox: posts small blind $0.01
joop050786: posts big blind $0.02
*** HOLE CARDS ***
Dealt to Dorex2007 [Jc 2h]
TheFallen42Qc: calls $0.02
AndryiHaiduk: folds 
klaus37: folds 
zloycooper: folds 
Djek300: calls $0.02
Dorex2007: folds 
Any Nox: raises $0.08 to $0.10
joop050786: folds 
TheFallen42Qc: folds 
Djek300: folds 
Uncalled bet ($0.08) returned to Any Nox
Any Nox collected $0.08 from pot
Any Nox: doesn't show hand 
*** SUMMARY ***
Total pot $0.08 | Rake $0 
Seat 1: zloycooper folded before Flop (didn't bet)
Seat 2: Djek300 folded before Flop
Seat 3: Dorex2007 (button) folded before Flop (didn't bet)
Seat 4: Any Nox (small blind) collected ($0.08)
Seat 5: joop050786 (big blind) folded before Flop
Seat 6: TheFallen42Qc folded before Flop
Seat 7: AndryiHaiduk folded before Flop (didn't bet)
Seat 8: klaus37 folded before Flop (didn't bet)



PokerStars Hand #232750094108:  Hold'em No Limit ($0.01/$0.02 USD) - 2022/01/02 10:32:12 PT [2022/01/02 13:32:12 ET]
Table 'Dvorak III' 9-max Seat #4 is the button
Seat 1: zloycooper ($2.29 in chips) 
Seat 2: Djek300 ($2.36 in chips) 
Seat 3: Dorex2007 ($2.73 in chips) 
Seat 4: Any Nox ($2.26 in chips) 
Seat 5: joop050786 ($2 in chips) 
Seat 6: TheFallen42Qc ($1.36 in chips) 
Seat 7: AndryiHaiduk ($1.75 in chips) 
Seat 8: klaus37 ($1.99 in chips) 
joop050786: posts small blind $0.01
TheFallen42Qc: posts big blind $0.02
*** HOLE CARDS ***
Dealt to Dorex2007 [2h Kd]
AndryiHaiduk: folds 
klaus37: folds 
zloycooper: raises $0.03 to $0.05
Djek300: folds 
Dorex2007: folds 
Any Nox: folds 
joop050786: folds 
TheFallen42Qc: calls $0.03
*** FLOP *** [8h 2c As]
TheFallen42Qc: bets $0.04
zloycooper: raises $0.10 to $0.14
TheFallen42Qc: calls $0.10
*** TURN *** [8h 2c As] [6s]
TheFallen42Qc: bets $0.04
zloycooper: raises $0.23 to $0.27
TheFallen42Qc: calls $0.23
*** RIVER *** [8h 2c As 6s] [3c]
TheFallen42Qc: bets $0.08
zloycooper: calls $0.08
*** SHOW DOWN ***
TheFallen42Qc: shows [6c 6h] (three of a kind, Sixes)
zloycooper: mucks hand 
TheFallen42Qc collected $1.05 from pot
*** SUMMARY ***
Total pot $1.09 | Rake $0.04 
Board [8h 2c As 6s 3c]
Seat 1: zloycooper mucked [Ac 7c]
Seat 2: Djek300 folded before Flop (didn't bet)
Seat 3: Dorex2007 folded before Flop (didn't bet)
Seat 4: Any Nox (button) folded before Flop (didn't bet)
Seat 5: joop050786 (small blind) folded before Flop
Seat 6: TheFallen42Qc (big blind) showed [6c 6h] and won ($1.05) with three of a kind, Sixes
Seat 7: AndryiHaiduk folded before Flop (didn't bet)
Seat 8: klaus37 folded before Flop (didn't bet)



PokerStars Hand #232750131724:  Hold'em No Limit ($0.01/$0.02 USD) - 2022/01/02 10:33:08 PT [2022/01/02 13:33:08 ET]
Table 'Dvorak III' 9-max Seat #5 is the button
Seat 1: zloycooper ($1.75 in chips) 
Seat 2: Djek300 ($2.36 in chips) 
Seat 3: Dorex2007 ($2.73 in chips) 
Seat 4: Any Nox ($2.26 in chips) 
Seat 5: joop050786 ($2 in chips) 
Seat 6: TheFallen42Qc ($1.87 in chips) 
Seat 7: AndryiHaiduk ($1.75 in chips) 
Seat 8: klaus37 ($1.99 in chips) 
TheFallen42Qc: posts small blind $0.01
AndryiHaiduk: posts big blind $0.02
*** HOLE CARDS ***
Dealt to Dorex2007 [4s 2h]
klaus37: folds 
zloycooper: folds 
Djek300: calls $0.02
Dorex2007: folds 
Any Nox: folds 
joop050786: raises $0.04 to $0.06
TheFallen42Qc: calls $0.05
AndryiHaiduk: folds 
Djek300: calls $0.04
*** FLOP *** [7d 8s 8h]
TheFallen42Qc: checks 
Djek300: checks 
joop050786: checks 
*** TURN *** [7d 8s 8h] [7c]
TheFallen42Qc: checks 
Djek300: bets $0.06
joop050786: calls $0.06
TheFallen42Qc: folds 
*** RIVER *** [7d 8s 8h 7c] [Ah]
Djek300: bets $0.08
joop050786: calls $0.08
*** SHOW DOWN ***
Djek300: shows [Ad Jh] (two pair, Aces and Eights)
joop050786: shows [Ac Jd] (two pair, Aces and Eights)
Djek300 collected $0.23 from pot
joop050786 collected $0.23 from pot
*** SUMMARY ***
Total pot $0.48 | Rake $0.02 
Board [7d 8s 8h 7c Ah]
Seat 1: zloycooper folded before Flop (didn't bet)
Seat 2: Djek300 showed [Ad Jh] and won ($0.23) with two pair, Aces and Eights
Seat 3: Dorex2007 folded before Flop (didn't bet)
Seat 4: Any Nox folded before Flop (didn't bet)
Seat 5: joop050786 (button) showed [Ac Jd] and won ($0.23) with two pair, Aces and Eights
Seat 6: TheFallen42Qc (small blind) folded on the Turn
Seat 7: AndryiHaiduk (big blind) folded before Flop
Seat 8: klaus37 folded before Flop (didn't bet)



PokerStars Hand #232750170488:  Hold'em No Limit ($0.01/$0.02 USD) - 2022/01/02 10:34:06 PT [2022/01/02 13:34:06 ET]
Table 'Dvorak III' 9-max Seat #6 is the button
Seat 1: zloycooper ($1.75 in chips) 
Seat 2: Djek300 ($2.39 in chips) 
Seat 3: Dorex2007 ($2.73 in chips) 
Seat 4: Any Nox ($2.26 in chips) 
Seat 5: joop050786 ($2.03 in chips) 
Seat 6: TheFallen42Qc ($1.81 in chips) 
Seat 7: AndryiHaiduk ($1.73 in chips) 
Seat 8: klaus37 ($1.99 in chips) 
AndryiHaiduk: posts small blind $0.01
klaus37: posts big blind $0.02
*** HOLE CARDS ***
Dealt to Dorex2007 [3d 4c]
zloycooper: folds 
Djek300: folds 
Dorex2007: folds 
Any Nox: folds 
joop050786: folds 
TheFallen42Qc: calls $0.02
AndryiHaiduk: folds 
klaus37: checks 
*** FLOP *** [Ad 9h 9s]
klaus37: checks 
TheFallen42Qc: checks 
*** TURN *** [Ad 9h 9s] [As]
klaus37: checks 
TheFallen42Qc: checks 
*** RIVER *** [Ad 9h 9s As] [3h]
klaus37: checks 
TheFallen42Qc: bets $0.02
klaus37: folds 
Uncalled bet ($0.02) returned to TheFallen42Qc
TheFallen42Qc collected $0.05 from pot
TheFallen42Qc: doesn't show hand 
*** SUMMARY ***
Total pot $0.05 | Rake $0 
Board [Ad 9h 9s As 3h]
Seat 1: zloycooper folded before Flop (didn't bet)
Seat 2: Djek300 folded before Flop (didn't bet)
Seat 3: Dorex2007 folded before Flop (didn't bet)
Seat 4: Any Nox folded before Flop (didn't bet)
Seat 5: joop050786 folded before Flop (didn't bet)
Seat 6: TheFallen42Qc (button) collected ($0.05)
Seat 7: AndryiHaiduk (small blind) folded before Flop
Seat 8: klaus37 (big blind) folded on the River



PokerStars Hand #232750202665:  Hold'em No Limit ($0.01/$0.02 USD) - 2022/01/02 10:34:54 PT [2022/01/02 13:34:54 ET]
Table 'Dvorak III' 9-max Seat #7 is the button
Seat 1: zloycooper ($1.75 in chips) 
Seat 2: Djek300 ($2.39 in chips) 
Seat 3: Dorex2007 ($2.73 in chips) 
Seat 4: Any Nox ($2.26 in chips) 
Seat 5: joop050786 ($2.03 in chips) 
Seat 6: TheFallen42Qc ($1.84 in chips) 
Seat 7: AndryiHaiduk ($1.72 in chips) 
Seat 8: klaus37 ($1.97 in chips) 
klaus37: posts small blind $0.01
zloycooper: posts big blind $0.02
*** HOLE CARDS ***
Dealt to Dorex2007 [6s 2d]
Djek300: calls $0.02
Dorex2007: folds 
Any Nox: folds 
joop050786: folds 
TheFallen42Qc: calls $0.02
AndryiHaiduk: folds 
klaus37: calls $0.01
zloycooper: checks 
*** FLOP *** [Tc 3s 5d]
klaus37: checks 
zloycooper: checks 
Djek300: bets $0.05
TheFallen42Qc: calls $0.05
klaus37: folds 
zloycooper: folds 
*** TURN *** [Tc 3s 5d] [5h]
Djek300: checks 
TheFallen42Qc: checks 
*** RIVER *** [Tc 3s 5d 5h] [2c]
Djek300: bets $0.11
TheFallen42Qc: folds 
Uncalled bet ($0.11) returned to Djek300
Djek300 collected $0.17 from pot
Djek300: doesn't show hand 
*** SUMMARY ***
Total pot $0.18 | Rake $0.01 
Board [Tc 3s 5d 5h 2c]
Seat 1: zloycooper (big blind) folded on the Flop
Seat 2: Djek300 collected ($0.17)
Seat 3: Dorex2007 folded before Flop (didn't bet)
Seat 4: Any Nox folded before Flop (didn't bet)
Seat 5: joop050786 folded before Flop (didn't bet)
Seat 6: TheFallen42Qc folded on the River
Seat 7: AndryiHaiduk (button) folded before Flop (didn't bet)
Seat 8: klaus37 (small blind) folded on the Flop



PokerStars Hand #232750242885:  Hold'em No Limit ($0.01/$0.02 USD) - 2022/01/02 10:35:54 PT [2022/01/02 13:35:54 ET]
Table 'Dvorak III' 9-max Seat #8 is the button
Seat 1: zloycooper ($1.73 in chips) 
Seat 2: Djek300 ($2.49 in chips) 
Seat 3: Dorex2007 ($2.73 in chips) 
Seat 4: Any Nox ($2.26 in chips) 
Seat 5: joop050786 ($2.03 in chips) 
Seat 6: TheFallen42Qc ($1.77 in chips) 
Seat 7: AndryiHaiduk ($1.72 in chips) 
Seat 8: klaus37 ($1.95 in chips) 
zloycooper: posts small blind $0.01
Djek300: posts big blind $0.02
*** HOLE CARDS ***
Dealt to Dorex2007 [4s 3c]
Dorex2007: folds 
Any Nox: folds 
joop050786: folds 
TheFallen42Qc: calls $0.02
AndryiHaiduk: folds 
klaus37: folds 
zloycooper: folds 
Djek300: checks 
*** FLOP *** [8c 9d 4d]
Djek300: checks 
TheFallen42Qc: checks 
*** TURN *** [8c 9d 4d] [6s]
Djek300: checks 
TheFallen42Qc: checks 
*** RIVER *** [8c 9d 4d 6s] [Jh]
Djek300: checks 
TheFallen42Qc: bets $0.06
Djek300: folds 
Uncalled bet ($0.06) returned to TheFallen42Qc
TheFallen42Qc collected $0.05 from pot
TheFallen42Qc: doesn't show hand 
*** SUMMARY ***
Total pot $0.05 | Rake $0 
Board [8c 9d 4d 6s Jh]
Seat 1: zloycooper (small blind) folded before Flop
Seat 2: Djek300 (big blind) folded on the River
Seat 3: Dorex2007 folded before Flop (didn't bet)
Seat 4: Any Nox folded before Flop (didn't bet)
Seat 5: joop050786 folded before Flop (didn't bet)
Seat 6: TheFallen42Qc collected ($0.05)
Seat 7: AndryiHaiduk folded before Flop (didn't bet)
Seat 8: klaus37 (button) folded before Flop (didn't bet)



PokerStars Hand #232750277511:  Hold'em No Limit ($0.01/$0.02 USD) - 2022/01/02 10:36:45 PT [2022/01/02 13:36:45 ET]
Table 'Dvorak III' 9-max Seat #1 is the button
Seat 1: zloycooper ($1.72 in chips) 
Seat 2: Djek300 ($2.47 in chips) 
Seat 3: Dorex2007 ($2.73 in chips) 
Seat 4: Any Nox ($2.26 in chips) 
Seat 5: joop050786 ($2.03 in chips) 
Seat 6: TheFallen42Qc ($1.80 in chips) 
Seat 7: AndryiHaiduk ($1.72 in chips) 
Seat 8: klaus37 ($1.95 in chips) 
Djek300: posts small blind $0.01
Dorex2007: posts big blind $0.02
*** HOLE CARDS ***
Dealt to Dorex2007 [6c 8s]
Any Nox: folds 
joop050786: folds 
TheFallen42Qc: calls $0.02
AndryiHaiduk: folds 
klaus37: folds 
zloycooper: folds 
Djek300: folds 
Dorex2007: checks 
*** FLOP *** [Kc 7c Td]
Dorex2007: checks 
TheFallen42Qc: checks 
*** TURN *** [Kc 7c Td] [Ts]
Dorex2007: checks 
TheFallen42Qc: bets $0.04
Dorex2007: folds 
Uncalled bet ($0.04) returned to TheFallen42Qc
TheFallen42Qc collected $0.05 from pot
TheFallen42Qc: doesn't show hand 
*** SUMMARY ***
Total pot $0.05 | Rake $0 
Board [Kc 7c Td Ts]
Seat 1: zloycooper (button) folded before Flop (didn't bet)
Seat 2: Djek300 (small blind) folded before Flop
Seat 3: Dorex2007 (big blind) folded on the Turn
Seat 4: Any Nox folded before Flop (didn't bet)
Seat 5: joop050786 folded before Flop (didn't bet)
Seat 6: TheFallen42Qc collected ($0.05)
Seat 7: AndryiHaiduk folded before Flop (didn't bet)
Seat 8: klaus37 folded before Flop (didn't bet)



PokerStars Hand #232750298159:  Hold'em No Limit ($0.01/$0.02 USD) - 2022/01/02 10:37:16 PT [2022/01/02 13:37:16 ET]
Table 'Dvorak III' 9-max Seat #2 is the button
Seat 1: zloycooper ($1.72 in chips) 
Seat 2: Djek300 ($2.46 in chips) 
Seat 3: Dorex2007 ($2.71 in chips) 
Seat 4: Any Nox ($2.26 in chips) 
Seat 5: joop050786 ($2.03 in chips) 
Seat 6: TheFallen42Qc ($1.83 in chips) 
Seat 7: AndryiHaiduk ($1.72 in chips) 
Seat 8: klaus37 ($1.95 in chips) 
Dorex2007: posts small blind $0.01
Any Nox: posts big blind $0.02
*** HOLE CARDS ***
Dealt to Dorex2007 [9h 5s]
joop050786: folds 
TheFallen42Qc: folds 
AndryiHaiduk: folds 
klaus37: folds 
zloycooper: raises $0.03 to $0.05
Djek300: calls $0.05
Dorex2007: folds 
Any Nox: raises $0.16 to $0.21
zloycooper: folds 
Djek300: calls $0.16
*** FLOP *** [3d Jd Th]
Any Nox: bets $0.31
Djek300: calls $0.31
*** TURN *** [3d Jd Th] [2s]
Any Nox: checks 
Djek300: bets $0.71
Any Nox: raises $1.03 to $1.74 and is all-in
Djek300: folds 
Uncalled bet ($1.03) returned to Any Nox
Any Nox collected $2.43 from pot
Any Nox: doesn't show hand 
*** SUMMARY ***
Total pot $2.52 | Rake $0.09 
Board [3d Jd Th 2s]
Seat 1: zloycooper folded before Flop
Seat 2: Djek300 (button) folded on the Turn
Seat 3: Dorex2007 (small blind) folded before Flop
Seat 4: Any Nox (big blind) collected ($2.43)
Seat 5: joop050786 folded before Flop (didn't bet)
Seat 6: TheFallen42Qc folded before Flop (didn't bet)
Seat 7: AndryiHaiduk folded before Flop (didn't bet)
Seat 8: klaus37 folded before Flop (didn't bet)



PokerStars Hand #232750354280:  Hold'em No Limit ($0.01/$0.02 USD) - 2022/01/02 10:38:40 PT [2022/01/02 13:38:40 ET]
Table 'Dvorak III' 9-max Seat #3 is the button
Seat 1: zloycooper ($1.67 in chips) 
Seat 2: Djek300 ($2 in chips) 
Seat 3: Dorex2007 ($2.70 in chips) 
Seat 4: Any Nox ($3.46 in chips) 
Seat 5: joop050786 ($2.03 in chips) 
Seat 6: TheFallen42Qc ($1.83 in chips) 
Seat 7: AndryiHaiduk ($1.72 in chips) 
Seat 8: klaus37 ($1.95 in chips) 
Any Nox: posts small blind $0.01
joop050786: posts big blind $0.02
*** HOLE CARDS ***
Dealt to Dorex2007 [Qs Kc]
TheFallen42Qc: raises $0.02 to $0.04
AndryiHaiduk: folds 
klaus37: calls $0.04
zloycooper: folds 
Djek300: folds 
Dorex2007: folds 
Any Nox: folds 
joop050786: folds 
*** FLOP *** [Qh 7s 3h]
TheFallen42Qc: checks 
klaus37: checks 
*** TURN *** [Qh 7s 3h] [Jd]
TheFallen42Qc: bets $0.02
klaus37: folds 
Uncalled bet ($0.02) returned to TheFallen42Qc
TheFallen42Qc collected $0.11 from pot
TheFallen42Qc: doesn't show hand 
*** SUMMARY ***
Total pot $0.11 | Rake $0 
Board [Qh 7s 3h Jd]
Seat 1: zloycooper folded before Flop (didn't bet)
Seat 2: Djek300 folded before Flop (didn't bet)
Seat 3: Dorex2007 (button) folded before Flop (didn't bet)
Seat 4: Any Nox (small blind) folded before Flop
Seat 5: joop050786 (big blind) folded before Flop
Seat 6: TheFallen42Qc collected ($0.11)
Seat 7: AndryiHaiduk folded before Flop (didn't bet)
Seat 8: klaus37 folded on the Turn



PokerStars Hand #232750371937:  Hold'em No Limit ($0.01/$0.02 USD) - 2022/01/02 10:39:07 PT [2022/01/02 13:39:07 ET]
Table 'Dvorak III' 9-max Seat #4 is the button
Seat 1: zloycooper ($1.67 in chips) 
Seat 2: Djek300 ($2 in chips) 
Seat 3: Dorex2007 ($2.70 in chips) 
Seat 4: Any Nox ($3.45 in chips) 
Seat 5: joop050786 ($2.01 in chips) 
Seat 6: TheFallen42Qc ($1.90 in chips) 
Seat 7: AndryiHaiduk ($1.72 in chips) 
Seat 8: klaus37 ($1.91 in chips) 
joop050786: posts small blind $0.01
TheFallen42Qc: posts big blind $0.02
*** HOLE CARDS ***
Dealt to Dorex2007 [5h Ah]
AndryiHaiduk: folds 
klaus37: folds 
zloycooper: raises $0.04 to $0.06
Djek300: folds 
Dorex2007: folds 
Any Nox: folds 
joop050786: folds 
TheFallen42Qc: calls $0.04
*** FLOP *** [4c Ac Ks]
TheFallen42Qc: checks 
zloycooper: bets $0.07
TheFallen42Qc: folds 
Uncalled bet ($0.07) returned to zloycooper
zloycooper collected $0.13 from pot
zloycooper: doesn't show hand 
*** SUMMARY ***
Total pot $0.13 | Rake $0 
Board [4c Ac Ks]
Seat 1: zloycooper collected ($0.13)
Seat 2: Djek300 folded before Flop (didn't bet)
Seat 3: Dorex2007 folded before Flop (didn't bet)
Seat 4: Any Nox (button) folded before Flop (didn't bet)
Seat 5: joop050786 (small blind) folded before Flop
Seat 6: TheFallen42Qc (big blind) folded on the Flop
Seat 7: AndryiHaiduk folded before Flop (didn't bet)
Seat 8: klaus37 folded before Flop (didn't bet)



PokerStars Hand #232750400537:  Hold'em No Limit ($0.01/$0.02 USD) - 2022/01/02 10:39:42 PT [2022/01/02 13:39:42 ET]
Table 'Dvorak III' 9-max Seat #5 is the button
Seat 1: zloycooper ($1.74 in chips) 
Seat 2: Djek300 ($2 in chips) 
Seat 3: Dorex2007 ($2.70 in chips) 
Seat 4: Any Nox ($3.45 in chips) 
Seat 5: joop050786 ($2 in chips) 
Seat 6: TheFallen42Qc ($1.84 in chips) 
Seat 7: AndryiHaiduk ($1.72 in chips) 
Seat 8: klaus37 ($1.91 in chips) 
TheFallen42Qc: posts small blind $0.01
AndryiHaiduk: posts big blind $0.02
*** HOLE CARDS ***
Dealt to Dorex2007 [4d 9h]
klaus37: folds 
zloycooper: folds 
Djek300: folds 
Dorex2007: folds 
Any Nox: folds 
joop050786: folds 
TheFallen42Qc: calls $0.01
AndryiHaiduk: checks 
*** FLOP *** [2c Ac 4s]
TheFallen42Qc: bets $0.06
AndryiHaiduk: folds 
Uncalled bet ($0.06) returned to TheFallen42Qc
TheFallen42Qc collected $0.04 from pot
TheFallen42Qc: doesn't show hand 
*** SUMMARY ***
Total pot $0.04 | Rake $0 
Board [2c Ac 4s]
Seat 1: zloycooper folded before Flop (didn't bet)
Seat 2: Djek300 folded before Flop (didn't bet)
Seat 3: Dorex2007 folded before Flop (didn't bet)
Seat 4: Any Nox folded before Flop (didn't bet)
Seat 5: joop050786 (button) folded before Flop (didn't bet)
Seat 6: TheFallen42Qc (small blind) collected ($0.04)
Seat 7: AndryiHaiduk (big blind) folded on the Flop
Seat 8: klaus37 folded before Flop (didn't bet)



PokerStars Hand #232750416339:  Hold'em No Limit ($0.01/$0.02 USD) - 2022/01/02 10:40:05 PT [2022/01/02 13:40:05 ET]
Table 'Dvorak III' 9-max Seat #6 is the button
Seat 1: zloycooper ($1.74 in chips) 
Seat 2: Djek300 ($2 in chips) 
Seat 3: Dorex2007 ($2.70 in chips) 
Seat 4: Any Nox ($3.45 in chips) 
Seat 5: joop050786 ($2 in chips) 
Seat 6: TheFallen42Qc ($1.86 in chips) 
Seat 7: AndryiHaiduk ($1.70 in chips) 
Seat 8: klaus37 ($1.91 in chips) 
AndryiHaiduk: posts small blind $0.01
klaus37: posts big blind $0.02
*** HOLE CARDS ***
Dealt to Dorex2007 [Kd Kh]
zloycooper: folds 
Djek300: folds 
Dorex2007: raises $0.02 to $0.04
Any Nox: folds 
joop050786: folds 
TheFallen42Qc: calls $0.04
AndryiHaiduk: folds 
klaus37: calls $0.02
*** FLOP *** [8s 6d 6h]
klaus37: checks 
Dorex2007: bets $0.13
TheFallen42Qc: folds 
klaus37: folds 
Uncalled bet ($0.13) returned to Dorex2007
Dorex2007 collected $0.13 from pot
Dorex2007: doesn't show hand 
*** SUMMARY ***
Total pot $0.13 | Rake $0 
Board [8s 6d 6h]
Seat 1: zloycooper folded before Flop (didn't bet)
Seat 2: Djek300 folded before Flop (didn't bet)
Seat 3: Dorex2007 collected ($0.13)
Seat 4: Any Nox folded before Flop (didn't bet)
Seat 5: joop050786 folded before Flop (didn't bet)
Seat 6: TheFallen42Qc (button) folded on the Flop
Seat 7: AndryiHaiduk (small blind) folded before Flop
Seat 8: klaus37 (big blind) folded on the Flop



PokerStars Hand #232750450989:  Hold'em No Limit ($0.01/$0.02 USD) - 2022/01/02 10:40:57 PT [2022/01/02 13:40:57 ET]
Table 'Dvorak III' 9-max Seat #7 is the button
Seat 1: zloycooper ($1.74 in chips) 
Seat 2: Djek300 ($2 in chips) 
Seat 3: Dorex2007 ($2.79 in chips) 
Seat 4: Any Nox ($3.45 in chips) 
Seat 5: joop050786 ($2 in chips) 
Seat 6: TheFallen42Qc ($1.82 in chips) 
Seat 7: AndryiHaiduk ($1.69 in chips) 
Seat 8: klaus37 ($1.87 in chips) 
Seat 9: jozsi&kati ($4.42 in chips) 
klaus37: posts small blind $0.01
jozsi&kati: posts big blind $0.02
*** HOLE CARDS ***
Dealt to Dorex2007 [Ts 9c]
zloycooper: folds 
Djek300: raises $0.02 to $0.04
Dorex2007: folds 
Any Nox: folds 
joop050786: folds 
TheFallen42Qc: folds 
AndryiHaiduk: folds 
klaus37: folds 
jozsi&kati has timed out
jozsi&kati: folds 
Uncalled bet ($0.02) returned to Djek300
Djek300 collected $0.05 from pot
Djek300: doesn't show hand 
*** SUMMARY ***
Total pot $0.05 | Rake $0 
Seat 1: zloycooper folded before Flop (didn't bet)
Seat 2: Djek300 collected ($0.05)
Seat 3: Dorex2007 folded before Flop (didn't bet)
Seat 4: Any Nox folded before Flop (didn't bet)
Seat 5: joop050786 folded before Flop (didn't bet)
Seat 6: TheFallen42Qc folded before Flop (didn't bet)
Seat 7: AndryiHaiduk (button) folded before Flop (didn't bet)
Seat 8: klaus37 (small blind) folded before Flop
Seat 9: jozsi&kati (big blind) folded before Flop



PokerStars Hand #232750493504:  Hold'em No Limit ($0.01/$0.02 USD) - 2022/01/02 10:42:00 PT [2022/01/02 13:42:00 ET]
Table 'Dvorak III' 9-max Seat #8 is the button
Seat 1: zloycooper ($1.74 in chips) 
Seat 2: Djek300 ($2.03 in chips) 
Seat 3: Dorex2007 ($2.79 in chips) 
Seat 4: Any Nox ($3.45 in chips) 
Seat 5: joop050786 ($2 in chips) 
Seat 6: TheFallen42Qc ($1.82 in chips) 
Seat 7: AndryiHaiduk ($1.69 in chips) 
Seat 8: klaus37 ($1.86 in chips) 
zloycooper: posts small blind $0.01
Djek300: posts big blind $0.02
*** HOLE CARDS ***
Dealt to Dorex2007 [7d 9c]
Dorex2007: folds 
Any Nox: folds 
joop050786: folds 
TheFallen42Qc: calls $0.02
AndryiHaiduk: folds 
klaus37: calls $0.02
zloycooper: calls $0.01
Djek300: checks 
*** FLOP *** [Tc 9h 2c]
zloycooper: checks 
Djek300: checks 
TheFallen42Qc: bets $0.06
klaus37: calls $0.06
zloycooper: folds 
Djek300: folds 
*** TURN *** [Tc 9h 2c] [5d]
TheFallen42Qc: bets $0.06
klaus37: calls $0.06
*** RIVER *** [Tc 9h 2c 5d] [6d]
TheFallen42Qc: bets $0.06
klaus37: folds [6c]
Uncalled bet ($0.06) returned to TheFallen42Qc
TheFallen42Qc collected $0.31 from pot
TheFallen42Qc: doesn't show hand 
*** SUMMARY ***
Total pot $0.32 | Rake $0.01 
Board [Tc 9h 2c 5d 6d]
Seat 1: zloycooper (small blind) folded on the Flop
Seat 2: Djek300 (big blind) folded on the Flop
Seat 3: Dorex2007 folded before Flop (didn't bet)
Seat 4: Any Nox folded before Flop (didn't bet)
Seat 5: joop050786 folded before Flop (didn't bet)
Seat 6: TheFallen42Qc collected ($0.31)
Seat 7: AndryiHaiduk folded before Flop (didn't bet)
Seat 8: klaus37 (button) folded on the River



PokerStars Hand #232750534643:  Hold'em No Limit ($0.01/$0.02 USD) - 2022/01/02 10:43:02 PT [2022/01/02 13:43:02 ET]
Table 'Dvorak III' 9-max Seat #1 is the button
Seat 1: zloycooper ($1.72 in chips) 
Seat 2: Djek300 ($2.01 in chips) 
Seat 3: Dorex2007 ($2.79 in chips) 
Seat 4: Any Nox ($3.45 in chips) 
Seat 5: joop050786 ($2 in chips) 
Seat 6: TheFallen42Qc ($1.99 in chips) 
Seat 7: AndryiHaiduk ($1.69 in chips) 
Seat 8: klaus37 ($1.72 in chips) 
Djek300: posts small blind $0.01
Dorex2007: posts big blind $0.02
*** HOLE CARDS ***
Dealt to Dorex2007 [3d 2d]
Any Nox: folds 
joop050786: folds 
TheFallen42Qc: raises $0.02 to $0.04
AndryiHaiduk: folds 
klaus37: calls $0.04
zloycooper: folds 
Djek300: folds 
Dorex2007: folds 
*** FLOP *** [Tc 5s 9s]
TheFallen42Qc: bets $0.02
klaus37: raises $0.08 to $0.10
TheFallen42Qc: calls $0.08
*** TURN *** [Tc 5s 9s] [Jh]
TheFallen42Qc: checks 
klaus37: checks 
*** RIVER *** [Tc 5s 9s Jh] [Qh]
TheFallen42Qc: bets $0.10
klaus37: folds 
Uncalled bet ($0.10) returned to TheFallen42Qc
TheFallen42Qc collected $0.30 from pot
TheFallen42Qc: doesn't show hand 
*** SUMMARY ***
Total pot $0.31 | Rake $0.01 
Board [Tc 5s 9s Jh Qh]
Seat 1: zloycooper (button) folded before Flop (didn't bet)
Seat 2: Djek300 (small blind) folded before Flop
Seat 3: Dorex2007 (big blind) folded before Flop
Seat 4: Any Nox folded before Flop (didn't bet)
Seat 5: joop050786 folded before Flop (didn't bet)
Seat 6: TheFallen42Qc collected ($0.30)
Seat 7: AndryiHaiduk folded before Flop (didn't bet)
Seat 8: klaus37 folded on the River



PokerStars Hand #232750570648:  Hold'em No Limit ($0.01/$0.02 USD) - 2022/01/02 10:43:55 PT [2022/01/02 13:43:55 ET]
Table 'Dvorak III' 9-max Seat #2 is the button
Seat 1: zloycooper ($1.72 in chips) 
Seat 2: Djek300 ($2 in chips) 
Seat 3: Dorex2007 ($2.77 in chips) 
Seat 4: Any Nox ($3.45 in chips) 
Seat 5: joop050786 ($2 in chips) 
Seat 6: TheFallen42Qc ($2.15 in chips) 
Seat 7: AndryiHaiduk ($1.69 in chips) 
Seat 8: klaus37 ($1.58 in chips) 
Dorex2007: posts small blind $0.01
Any Nox: posts big blind $0.02
*** HOLE CARDS ***
Dealt to Dorex2007 [6d 3h]
joop050786: folds 
TheFallen42Qc: folds 
AndryiHaiduk: folds 
klaus37: folds 
zloycooper: folds 
Djek300: folds 
Dorex2007: folds 
Uncalled bet ($0.01) returned to Any Nox
Any Nox collected $0.02 from pot
TheFallen42Qc leaves the table
Any Nox: doesn't show hand 
*** SUMMARY ***
Total pot $0.02 | Rake $0 
Seat 1: zloycooper folded before Flop (didn't bet)
Seat 2: Djek300 (button) folded before Flop (didn't bet)
Seat 3: Dorex2007 (small blind) folded before Flop
Seat 4: Any Nox (big blind) collected ($0.02)
Seat 5: joop050786 folded before Flop (didn't bet)
Seat 6: TheFallen42Qc folded before Flop (didn't bet)
Seat 7: AndryiHaiduk folded before Flop (didn't bet)
Seat 8: klaus37 folded before Flop (didn't bet)



PokerStars Hand #232750583436:  Hold'em No Limit ($0.01/$0.02 USD) - 2022/01/02 10:44:15 PT [2022/01/02 13:44:15 ET]
Table 'Dvorak III' 9-max Seat #3 is the button
Seat 1: zloycooper ($1.72 in chips) 
Seat 2: Djek300 ($2 in chips) 
Seat 3: Dorex2007 ($2.76 in chips) 
Seat 4: Any Nox ($3.46 in chips) 
Seat 5: joop050786 ($2 in chips) 
Seat 7: AndryiHaiduk ($1.69 in chips) 
Seat 8: klaus37 ($1.58 in chips) 
Any Nox: posts small blind $0.01
joop050786: posts big blind $0.02
*** HOLE CARDS ***
Dealt to Dorex2007 [Jc Js]
AndryiHaiduk: folds 
klaus37: folds 
zloycooper: folds 
Djek300: calls $0.02
Dorex2007: calls $0.02
Any Nox: calls $0.01
joop050786: checks 
*** FLOP *** [Td Qh Ad]
Any Nox: checks 
joop050786: checks 
Djek300: bets $0.02
Dorex2007: calls $0.02
Any Nox: calls $0.02
joop050786: folds 
*** TURN *** [Td Qh Ad] [4h]
Any Nox: checks 
Djek300: bets $0.02
Dorex2007: calls $0.02
Any Nox: calls $0.02
*** RIVER *** [Td Qh Ad 4h] [9c]
Any Nox: checks 
Djek300: bets $0.02
Dorex2007: folds 
Any Nox: folds 
Uncalled bet ($0.02) returned to Djek300
Djek300 collected $0.19 from pot
Djek300: doesn't show hand 
*** SUMMARY ***
Total pot $0.20 | Rake $0.01 
Board [Td Qh Ad 4h 9c]
Seat 1: zloycooper folded before Flop (didn't bet)
Seat 2: Djek300 collected ($0.19)
Seat 3: Dorex2007 (button) folded on the River
Seat 4: Any Nox (small blind) folded on the River
Seat 5: joop050786 (big blind) folded on the Flop
Seat 7: AndryiHaiduk folded before Flop (didn't bet)
Seat 8: klaus37 folded before Flop (didn't bet)



PokerStars Hand #232750621835:  Hold'em No Limit ($0.01/$0.02 USD) - 2022/01/02 10:45:12 PT [2022/01/02 13:45:12 ET]
Table 'Dvorak III' 9-max Seat #4 is the button
Seat 1: zloycooper ($1.72 in chips) 
Seat 2: Djek300 ($2.13 in chips) 
Seat 3: Dorex2007 ($2.70 in chips) 
Seat 4: Any Nox ($3.40 in chips) 
Seat 5: joop050786 ($2 in chips) 
Seat 7: AndryiHaiduk ($1.69 in chips) 
Seat 8: klaus37 ($1.58 in chips) 
joop050786: posts small blind $0.01
AndryiHaiduk: posts big blind $0.02
*** HOLE CARDS ***
Dealt to Dorex2007 [7h 6s]
klaus37: folds 
zloycooper: folds 
Djek300: folds 
Dorex2007: folds 
Any Nox: folds 
joop050786: folds 
Uncalled bet ($0.01) returned to AndryiHaiduk
AndryiHaiduk collected $0.02 from pot
*** SUMMARY ***
Total pot $0.02 | Rake $0 
Seat 1: zloycooper folded before Flop (didn't bet)
Seat 2: Djek300 folded before Flop (didn't bet)
Seat 3: Dorex2007 folded before Flop (didn't bet)
Seat 4: Any Nox (button) folded before Flop (didn't bet)
Seat 5: joop050786 (small blind) folded before Flop
Seat 7: AndryiHaiduk (big blind) collected ($0.02)
Seat 8: klaus37 folded before Flop (didn't bet)



PokerStars Hand #232750629784:  Hold'em No Limit ($0.01/$0.02 USD) - 2022/01/02 10:45:23 PT [2022/01/02 13:45:23 ET]
Table 'Dvorak III' 9-max Seat #5 is the button
Seat 1: zloycooper ($1.72 in chips) 
Seat 2: Djek300 ($2.13 in chips) 
Seat 3: Dorex2007 ($2.70 in chips) 
Seat 4: Any Nox ($3.40 in chips) 
Seat 5: joop050786 ($2 in chips) 
Seat 7: AndryiHaiduk ($1.70 in chips) 
Seat 8: klaus37 ($1.58 in chips) 
AndryiHaiduk: posts small blind $0.01
klaus37: posts big blind $0.02
*** HOLE CARDS ***
Dealt to Dorex2007 [3h 3c]
zloycooper: folds 
Djek300: folds 
Dorex2007: folds 
Any Nox: folds 
joop050786: folds 
AndryiHaiduk: raises $0.02 to $0.04
klaus37: folds 
Uncalled bet ($0.02) returned to AndryiHaiduk
AndryiHaiduk collected $0.04 from pot
*** SUMMARY ***
Total pot $0.04 | Rake $0 
Seat 1: zloycooper folded before Flop (didn't bet)
Seat 2: Djek300 folded before Flop (didn't bet)
Seat 3: Dorex2007 folded before Flop (didn't bet)
Seat 4: Any Nox folded before Flop (didn't bet)
Seat 5: joop050786 (button) folded before Flop (didn't bet)
Seat 7: AndryiHaiduk (small blind) collected ($0.04)
Seat 8: klaus37 (big blind) folded before Flop



PokerStars Hand #232750641207:  Hold'em No Limit ($0.01/$0.02 USD) - 2022/01/02 10:45:41 PT [2022/01/02 13:45:41 ET]
Table 'Dvorak III' 9-max Seat #7 is the button
Seat 1: zloycooper ($1.72 in chips) 
Seat 2: Djek300 ($2.13 in chips) 
Seat 3: Dorex2007 ($2.70 in chips) 
Seat 4: Any Nox ($3.40 in chips) 
Seat 5: joop050786 ($2 in chips) 
Seat 7: AndryiHaiduk ($1.72 in chips) 
Seat 8: klaus37 ($1.56 in chips) 
klaus37: posts small blind $0.01
zloycooper: posts big blind $0.02
*** HOLE CARDS ***
Dealt to Dorex2007 [Ts Th]
Djek300: calls $0.02
El'Sikora joins the table at seat #6 
Dorex2007: calls $0.02
Any Nox: folds 
joop050786: folds 
AndryiHaiduk: raises $0.04 to $0.06
klaus37: folds 
zloycooper: folds 
Djek300: calls $0.04
Dorex2007: calls $0.04
*** FLOP *** [7d 5h 4s]
Djek300: bets $0.13
Dorex2007: folds 
AndryiHaiduk: folds 
Uncalled bet ($0.13) returned to Djek300
Djek300 collected $0.20 from pot
Djek300: doesn't show hand 
*** SUMMARY ***
Total pot $0.21 | Rake $0.01 
Board [7d 5h 4s]
Seat 1: zloycooper (big blind) folded before Flop
Seat 2: Djek300 collected ($0.20)
Seat 3: Dorex2007 folded on the Flop
Seat 4: Any Nox folded before Flop (didn't bet)
Seat 5: joop050786 folded before Flop (didn't bet)
Seat 7: AndryiHaiduk (button) folded on the Flop
Seat 8: klaus37 (small blind) folded before Flop



PokerStars Hand #232750673135:  Hold'em No Limit ($0.01/$0.02 USD) - 2022/01/02 10:46:28 PT [2022/01/02 13:46:28 ET]
Table 'Dvorak III' 9-max Seat #8 is the button
Seat 1: zloycooper ($1.70 in chips) 
Seat 2: Djek300 ($2.27 in chips) 
Seat 3: Dorex2007 ($2.64 in chips) 
Seat 4: Any Nox ($3.40 in chips) 
Seat 5: joop050786 ($2 in chips) 
Seat 6: El'Sikora ($1.30 in chips) 
Seat 7: AndryiHaiduk ($1.66 in chips) 
Seat 8: klaus37 ($1.55 in chips) 
zloycooper: posts small blind $0.01
Djek300: posts big blind $0.02
El'Sikora: posts big blind $0.02
*** HOLE CARDS ***
Dealt to Dorex2007 [Js Qh]
Dorex2007: folds 
Any Nox: folds 
joop050786: folds 
El'Sikora: checks 
AndryiHaiduk: folds 
klaus37: folds 
zloycooper: calls $0.01
Djek300: checks 
*** FLOP *** [Qc 3c Kc]
zloycooper: bets $0.03
Djek300: folds 
El'Sikora: folds 
Uncalled bet ($0.03) returned to zloycooper
zloycooper collected $0.06 from pot
zloycooper: doesn't show hand 
*** SUMMARY ***
Total pot $0.06 | Rake $0 
Board [Qc 3c Kc]
Seat 1: zloycooper (small blind) collected ($0.06)
Seat 2: Djek300 (big blind) folded on the Flop
Seat 3: Dorex2007 folded before Flop (didn't bet)
Seat 4: Any Nox folded before Flop (didn't bet)
Seat 5: joop050786 folded before Flop (didn't bet)
Seat 6: El'Sikora folded on the Flop (didn't bet)
Seat 7: AndryiHaiduk folded before Flop (didn't bet)
Seat 8: klaus37 (button) folded before Flop (didn't bet)



PokerStars Hand #232750694059:  Hold'em No Limit ($0.01/$0.02 USD) - 2022/01/02 10:47:00 PT [2022/01/02 13:47:00 ET]
Table 'Dvorak III' 9-max Seat #1 is the button
Seat 1: zloycooper ($1.74 in chips) 
Seat 2: Djek300 ($2.25 in chips) 
Seat 3: Dorex2007 ($2.64 in chips) 
Seat 4: Any Nox ($3.40 in chips) 
Seat 5: joop050786 ($2 in chips) 
Seat 6: El'Sikora ($1.28 in chips) 
Seat 7: AndryiHaiduk ($1.66 in chips) 
Seat 8: klaus37 ($1.55 in chips) 
Djek300: posts small blind $0.01
Dorex2007: posts big blind $0.02
jozsi&kati: sits out 
*** HOLE CARDS ***
Dealt to Dorex2007 [3s 4d]
Any Nox: folds 
joop050786: folds 
El'Sikora: folds 
AndryiHaiduk: folds 
klaus37: folds 
zloycooper: folds 
Djek300: folds 
Uncalled bet ($0.01) returned to Dorex2007
Dorex2007 collected $0.02 from pot
Dorex2007: doesn't show hand 
*** SUMMARY ***
Total pot $0.02 | Rake $0 
Seat 1: zloycooper (button) folded before Flop (didn't bet)
Seat 2: Djek300 (small blind) folded before Flop
Seat 3: Dorex2007 (big blind) collected ($0.02)
Seat 4: Any Nox folded before Flop (didn't bet)
Seat 5: joop050786 folded before Flop (didn't bet)
Seat 6: El'Sikora folded before Flop (didn't bet)
Seat 7: AndryiHaiduk folded before Flop (didn't bet)
Seat 8: klaus37 folded before Flop (didn't bet)



PokerStars Hand #232750703981:  Hold'em No Limit ($0.01/$0.02 USD) - 2022/01/02 10:47:14 PT [2022/01/02 13:47:14 ET]
Table 'Dvorak III' 9-max Seat #2 is the button
Seat 1: zloycooper ($1.74 in chips) 
Seat 2: Djek300 ($2.24 in chips) 
Seat 3: Dorex2007 ($2.65 in chips) 
Seat 4: Any Nox ($3.40 in chips) 
Seat 5: joop050786 ($2 in chips) 
Seat 6: El'Sikora ($1.28 in chips) 
Seat 7: AndryiHaiduk ($1.66 in chips) 
Seat 8: klaus37 ($1.55 in chips) 
Dorex2007: posts small blind $0.01
Any Nox: posts big blind $0.02
jozsi&kati: sits out 
*** HOLE CARDS ***
Dealt to Dorex2007 [Qh Ac]
joop050786: folds 
El'Sikora: folds 
AndryiHaiduk: folds 
klaus37: folds 
zloycooper: folds 
Djek300: folds 
Dorex2007: raises $0.04 to $0.06
Any Nox: folds 
Uncalled bet ($0.04) returned to Dorex2007
Dorex2007 collected $0.04 from pot
Dorex2007: doesn't show hand 
*** SUMMARY ***
Total pot $0.04 | Rake $0 
Seat 1: zloycooper folded before Flop (didn't bet)
Seat 2: Djek300 (button) folded before Flop (didn't bet)
Seat 3: Dorex2007 (small blind) collected ($0.04)
Seat 4: Any Nox (big blind) folded before Flop
Seat 5: joop050786 folded before Flop (didn't bet)
Seat 6: El'Sikora folded before Flop (didn't bet)
Seat 7: AndryiHaiduk folded before Flop (didn't bet)
Seat 8: klaus37 folded before Flop (didn't bet)



PokerStars Hand #232750718166:  Hold'em No Limit ($0.01/$0.02 USD) - 2022/01/02 10:47:35 PT [2022/01/02 13:47:35 ET]
Table 'Dvorak III' 9-max Seat #3 is the button
Seat 1: zloycooper ($1.74 in chips) 
Seat 2: Djek300 ($2.24 in chips) 
Seat 3: Dorex2007 ($2.67 in chips) 
Seat 4: Any Nox ($3.38 in chips) 
Seat 5: joop050786 ($2 in chips) 
Seat 6: El'Sikora ($1.28 in chips) 
Seat 7: AndryiHaiduk ($1.66 in chips) 
Seat 8: klaus37 ($1.55 in chips) 
Any Nox: posts small blind $0.01
joop050786: posts big blind $0.02
jozsi&kati: sits out 
*** HOLE CARDS ***
Dealt to Dorex2007 [Qh 2c]
El'Sikora: folds 
AndryiHaiduk: raises $0.04 to $0.06
klaus37: folds 
zloycooper: folds 
Djek300: calls $0.06
Dorex2007: folds 
Any Nox: folds 
joop050786: folds 
*** FLOP *** [6c 8d 8c]
AndryiHaiduk: checks 
Djek300: checks 
*** TURN *** [6c 8d 8c] [5d]
AndryiHaiduk: bets $0.14
Djek300: calls $0.14
*** RIVER *** [6c 8d 8c 5d] [Td]
AndryiHaiduk: checks 
Djek300: checks 
*** SHOW DOWN ***
AndryiHaiduk: shows [7c 7s] (two pair, Eights and Sevens)
Djek300: mucks hand 
AndryiHaiduk collected $0.41 from pot
*** SUMMARY ***
Total pot $0.43 | Rake $0.02 
Board [6c 8d 8c 5d Td]
Seat 1: zloycooper folded before Flop (didn't bet)
Seat 2: Djek300 mucked [4h 4s]
Seat 3: Dorex2007 (button) folded before Flop (didn't bet)
Seat 4: Any Nox (small blind) folded before Flop
Seat 5: joop050786 (big blind) folded before Flop
Seat 6: El'Sikora folded before Flop (didn't bet)
Seat 7: AndryiHaiduk showed [7c 7s] and won ($0.41) with two pair, Eights and Sevens
Seat 8: klaus37 folded before Flop (didn't bet)



PokerStars Hand #232750743397:  Hold'em No Limit ($0.01/$0.02 USD) - 2022/01/02 10:48:13 PT [2022/01/02 13:48:13 ET]
Table 'Dvorak III' 9-max Seat #4 is the button
Seat 1: zloycooper ($1.74 in chips) 
Seat 2: Djek300 ($2.04 in chips) 
Seat 3: Dorex2007 ($2.67 in chips) 
Seat 4: Any Nox ($3.37 in chips) 
Seat 5: joop050786 ($2 in chips) 
Seat 6: El'Sikora ($1.28 in chips) 
Seat 7: AndryiHaiduk ($1.87 in chips) 
Seat 8: klaus37 ($1.55 in chips) 
joop050786: posts small blind $0.01
El'Sikora: posts big blind $0.02
jozsi&kati: sits out 
*** HOLE CARDS ***
Dealt to Dorex2007 [3d 3c]
AndryiHaiduk: raises $0.04 to $0.06
klaus37: folds 
zloycooper: folds 
Djek300: calls $0.06
Dorex2007: folds 
Any Nox: folds 
joop050786: calls $0.05
El'Sikora: folds 
*** FLOP *** [Ac 4d Jc]
joop050786: checks 
AndryiHaiduk: bets $0.20
Djek300: folds 
joop050786: folds 
Uncalled bet ($0.20) returned to AndryiHaiduk
AndryiHaiduk collected $0.19 from pot
*** SUMMARY ***
Total pot $0.20 | Rake $0.01 
Board [Ac 4d Jc]
Seat 1: zloycooper folded before Flop (didn't bet)
Seat 2: Djek300 folded on the Flop
Seat 3: Dorex2007 folded before Flop (didn't bet)
Seat 4: Any Nox (button) folded before Flop (didn't bet)
Seat 5: joop050786 (small blind) folded on the Flop
Seat 6: El'Sikora (big blind) folded before Flop
Seat 7: AndryiHaiduk collected ($0.19)
Seat 8: klaus37 folded before Flop (didn't bet)



PokerStars Hand #232750768804:  Hold'em No Limit ($0.01/$0.02 USD) - 2022/01/02 10:48:51 PT [2022/01/02 13:48:51 ET]
Table 'Dvorak III' 9-max Seat #5 is the button
Seat 1: zloycooper ($1.74 in chips) 
Seat 2: Djek300 ($2 in chips) 
Seat 3: Dorex2007 ($2.67 in chips) 
Seat 4: Any Nox ($3.37 in chips) 
Seat 5: joop050786 ($2 in chips) 
Seat 6: El'Sikora ($1.26 in chips) 
Seat 7: AndryiHaiduk ($2 in chips) 
Seat 8: klaus37 ($1.55 in chips) 
El'Sikora: posts small blind $0.01
AndryiHaiduk: posts big blind $0.02
jozsi&kati: sits out 
*** HOLE CARDS ***
Dealt to Dorex2007 [6h As]
klaus37: folds 
zloycooper: folds 
Djek300: calls $0.02
Dorex2007: folds 
Any Nox: folds 
joop050786: folds 
El'Sikora: calls $0.01
AndryiHaiduk: raises $0.04 to $0.06
Djek300: calls $0.04
El'Sikora: folds 
*** FLOP *** [Qs 6c 3d]
AndryiHaiduk: checks 
Djek300: checks 
*** TURN *** [Qs 6c 3d] [9s]
AndryiHaiduk: checks 
Djek300: checks 
*** RIVER *** [Qs 6c 3d 9s] [Kc]
AndryiHaiduk: checks 
Djek300: bets $0.02
AndryiHaiduk: calls $0.02
*** SHOW DOWN ***
Djek300: shows [Jh Kd] (a pair of Kings)
AndryiHaiduk: mucks hand 
Djek300 collected $0.17 from pot
*** SUMMARY ***
Total pot $0.18 | Rake $0.01 
Board [Qs 6c 3d 9s Kc]
Seat 1: zloycooper folded before Flop (didn't bet)
Seat 2: Djek300 showed [Jh Kd] and won ($0.17) with a pair of Kings
Seat 3: Dorex2007 folded before Flop (didn't bet)
Seat 4: Any Nox folded before Flop (didn't bet)
Seat 5: joop050786 (button) folded before Flop (didn't bet)
Seat 6: El'Sikora (small blind) folded before Flop
Seat 7: AndryiHaiduk (big blind) mucked [7h 7d]
Seat 8: klaus37 folded before Flop (didn't bet)



