PokerStars Hand #224463818133:  Hold'em No Limit ($0.01/$0.02 USD) - 2021/03/04 15:45:22 PT [2021/03/04 18:45:22 ET]
Table 'Patry' 9-max Seat #3 is the button
Seat 1: youngerone84 ($1.36 in chips) 
Seat 2: Dorex2007 ($1.50 in chips) 
Seat 3: sidi0usss ($2 in chips) 
Seat 4: Bobertul ($4.10 in chips) 
Seat 6: tonyarena ($0.91 in chips) 
Seat 8: nopo33 ($2.17 in chips) 
Seat 9: k0vacs ($1.57 in chips) 
Bobertul: posts small blind $0.01
tonyarena: posts big blind $0.02
Parker09SA: sits out 
Dorex2007: posts big blind $0.02
*** HOLE CARDS ***
Dealt to Dorex2007 [5s Kh]
nopo33: folds 
k0vacs: folds 
youngerone84: calls $0.02
Dorex2007: checks 
sidi0usss: folds 
Bobertul: calls $0.01
tonyarena: checks 
*** FLOP *** [Ac 2c Jd]
Bobertul: checks 
tonyarena: checks 
youngerone84: checks 
Dorex2007: checks 
*** TURN *** [Ac 2c Jd] [4d]
Bobertul: checks 
tonyarena: checks 
youngerone84: checks 
Dorex2007: checks 
*** RIVER *** [Ac 2c Jd 4d] [Kc]
Bobertul: checks 
tonyarena: checks 
youngerone84: bets $0.02
Dorex2007: calls $0.02
Bobertul: folds 
tonyarena: folds 
*** SHOW DOWN ***
youngerone84: shows [3c 3h] (a pair of Threes)
Dorex2007: shows [5s Kh] (a pair of Kings)
Dorex2007 collected $0.12 from pot
*** SUMMARY ***
Total pot $0.12 | Rake $0 
Board [Ac 2c Jd 4d Kc]
Seat 1: youngerone84 showed [3c 3h] and lost with a pair of Threes
Seat 2: Dorex2007 showed [5s Kh] and won ($0.12) with a pair of Kings
Seat 3: sidi0usss (button) folded before Flop (didn't bet)
Seat 4: Bobertul (small blind) folded on the River
Seat 6: tonyarena (big blind) folded on the River
Seat 8: nopo33 folded before Flop (didn't bet)
Seat 9: k0vacs folded before Flop (didn't bet)



PokerStars Hand #224463853550:  Hold'em No Limit ($0.01/$0.02 USD) - 2021/03/04 15:46:39 PT [2021/03/04 18:46:39 ET]
Table 'Patry' 9-max Seat #4 is the button
Seat 1: youngerone84 ($1.32 in chips) 
Seat 2: Dorex2007 ($1.58 in chips) 
Seat 3: sidi0usss ($2 in chips) 
Seat 4: Bobertul ($4.08 in chips) 
Seat 6: tonyarena ($0.89 in chips) 
Seat 7: Parker09SA ($2.70 in chips) 
Seat 8: nopo33 ($2.17 in chips) 
Seat 9: k0vacs ($1.57 in chips) 
tonyarena: posts small blind $0.01
Parker09SA: posts big blind $0.02
*** HOLE CARDS ***
Dealt to Dorex2007 [7d 9h]
nopo33: folds 
k0vacs: folds 
youngerone84: calls $0.02
Dorex2007: folds 
sidi0usss: folds 
Bobertul: folds 
tonyarena: calls $0.01
Parker09SA: checks 
*** FLOP *** [2h Td Ac]
tonyarena: checks 
Parker09SA: bets $0.06
youngerone84: folds 
tonyarena: folds 
Uncalled bet ($0.06) returned to Parker09SA
Parker09SA collected $0.06 from pot
Parker09SA: doesn't show hand 
*** SUMMARY ***
Total pot $0.06 | Rake $0 
Board [2h Td Ac]
Seat 1: youngerone84 folded on the Flop
Seat 2: Dorex2007 folded before Flop (didn't bet)
Seat 3: sidi0usss folded before Flop (didn't bet)
Seat 4: Bobertul (button) folded before Flop (didn't bet)
Seat 6: tonyarena (small blind) folded on the Flop
Seat 7: Parker09SA (big blind) collected ($0.06)
Seat 8: nopo33 folded before Flop (didn't bet)
Seat 9: k0vacs folded before Flop (didn't bet)



PokerStars Hand #224463871593:  Hold'em No Limit ($0.01/$0.02 USD) - 2021/03/04 15:47:19 PT [2021/03/04 18:47:19 ET]
Table 'Patry' 9-max Seat #6 is the button
Seat 1: youngerone84 ($1.30 in chips) 
Seat 2: Dorex2007 ($1.58 in chips) 
Seat 3: sidi0usss ($2 in chips) 
Seat 4: Bobertul ($4.08 in chips) 
Seat 6: tonyarena ($0.87 in chips) 
Seat 7: Parker09SA ($2.74 in chips) 
Seat 8: nopo33 ($2.17 in chips) 
Seat 9: k0vacs ($1.57 in chips) 
Parker09SA: posts small blind $0.01
nopo33: posts big blind $0.02
*** HOLE CARDS ***
Dealt to Dorex2007 [Qs Kh]
k0vacs: folds 
youngerone84: folds 
Dorex2007: raises $0.04 to $0.06
sidi0usss: folds 
Bobertul: folds 
tonyarena: folds 
Parker09SA: folds 
nopo33: calls $0.04
*** FLOP *** [As 4s Kc]
nopo33: checks 
Dorex2007: checks 
*** TURN *** [As 4s Kc] [6d]
nopo33: checks 
Dorex2007: bets $0.10
nopo33: folds 
Uncalled bet ($0.10) returned to Dorex2007
Dorex2007 collected $0.13 from pot
Dorex2007: doesn't show hand 
*** SUMMARY ***
Total pot $0.13 | Rake $0 
Board [As 4s Kc 6d]
Seat 1: youngerone84 folded before Flop (didn't bet)
Seat 2: Dorex2007 collected ($0.13)
Seat 3: sidi0usss folded before Flop (didn't bet)
Seat 4: Bobertul folded before Flop (didn't bet)
Seat 6: tonyarena (button) folded before Flop (didn't bet)
Seat 7: Parker09SA (small blind) folded before Flop
Seat 8: nopo33 (big blind) folded on the Turn
Seat 9: k0vacs folded before Flop (didn't bet)



PokerStars Hand #224463898497:  Hold'em No Limit ($0.01/$0.02 USD) - 2021/03/04 15:48:18 PT [2021/03/04 18:48:18 ET]
Table 'Patry' 9-max Seat #7 is the button
Seat 1: youngerone84 ($1.30 in chips) 
Seat 2: Dorex2007 ($1.65 in chips) 
Seat 3: sidi0usss ($2 in chips) 
Seat 4: Bobertul ($4.08 in chips) 
Seat 6: tonyarena ($0.87 in chips) 
Seat 7: Parker09SA ($2.73 in chips) 
Seat 8: nopo33 ($2.11 in chips) 
Seat 9: k0vacs ($1.57 in chips) 
nopo33: posts small blind $0.01
k0vacs: posts big blind $0.02
*** HOLE CARDS ***
Dealt to Dorex2007 [5h 9h]
whatcanido77 joins the table at seat #5 
youngerone84: calls $0.02
Dorex2007: folds 
sidi0usss: folds 
Bobertul: folds 
tonyarena: folds 
Parker09SA: folds 
nopo33: folds 
k0vacs: checks 
*** FLOP *** [7c As 8h]
k0vacs: checks 
youngerone84: checks 
*** TURN *** [7c As 8h] [7d]
k0vacs: checks 
youngerone84: bets $0.03
k0vacs: folds 
Uncalled bet ($0.03) returned to youngerone84
youngerone84 collected $0.05 from pot
youngerone84: doesn't show hand 
*** SUMMARY ***
Total pot $0.05 | Rake $0 
Board [7c As 8h 7d]
Seat 1: youngerone84 collected ($0.05)
Seat 2: Dorex2007 folded before Flop (didn't bet)
Seat 3: sidi0usss folded before Flop (didn't bet)
Seat 4: Bobertul folded before Flop (didn't bet)
Seat 6: tonyarena folded before Flop (didn't bet)
Seat 7: Parker09SA (button) folded before Flop (didn't bet)
Seat 8: nopo33 (small blind) folded before Flop
Seat 9: k0vacs (big blind) folded on the Turn



PokerStars Hand #224463914586:  Hold'em No Limit ($0.01/$0.02 USD) - 2021/03/04 15:48:53 PT [2021/03/04 18:48:53 ET]
Table 'Patry' 9-max Seat #8 is the button
Seat 1: youngerone84 ($1.33 in chips) 
Seat 2: Dorex2007 ($1.65 in chips) 
Seat 3: sidi0usss ($2 in chips) 
Seat 4: Bobertul ($4.08 in chips) 
Seat 5: whatcanido77 ($2 in chips) 
Seat 6: tonyarena ($0.87 in chips) 
Seat 7: Parker09SA ($2.73 in chips) 
Seat 8: nopo33 ($2.10 in chips) 
Seat 9: k0vacs ($1.55 in chips) 
k0vacs: posts small blind $0.01
youngerone84: posts big blind $0.02
whatcanido77: posts big blind $0.02
*** HOLE CARDS ***
Dealt to Dorex2007 [9c Jd]
Dorex2007: folds 
sidi0usss: raises $0.08 to $0.10
Bobertul: folds 
whatcanido77: folds 
tonyarena: folds 
Parker09SA: calls $0.10
nopo33: folds 
k0vacs: folds 
youngerone84: calls $0.08
*** FLOP *** [Js 4h 5h]
youngerone84: checks 
sidi0usss: checks 
Parker09SA: bets $0.16
youngerone84: calls $0.16
sidi0usss: folds 
*** TURN *** [Js 4h 5h] [2s]
youngerone84: checks 
Parker09SA: checks 
*** RIVER *** [Js 4h 5h 2s] [Td]
youngerone84: bets $0.63
Parker09SA: folds 
Uncalled bet ($0.63) returned to youngerone84
youngerone84 collected $0.63 from pot
youngerone84: doesn't show hand 
*** SUMMARY ***
Total pot $0.65 | Rake $0.02 
Board [Js 4h 5h 2s Td]
Seat 1: youngerone84 (big blind) collected ($0.63)
Seat 2: Dorex2007 folded before Flop (didn't bet)
Seat 3: sidi0usss folded on the Flop
Seat 4: Bobertul folded before Flop (didn't bet)
Seat 5: whatcanido77 folded before Flop (didn't bet)
Seat 6: tonyarena folded before Flop (didn't bet)
Seat 7: Parker09SA folded on the River
Seat 8: nopo33 (button) folded before Flop (didn't bet)
Seat 9: k0vacs (small blind) folded before Flop



PokerStars Hand #224463949438:  Hold'em No Limit ($0.01/$0.02 USD) - 2021/03/04 15:50:10 PT [2021/03/04 18:50:10 ET]
Table 'Patry' 9-max Seat #9 is the button
Seat 1: youngerone84 ($1.70 in chips) 
Seat 2: Dorex2007 ($1.65 in chips) 
Seat 3: sidi0usss ($2 in chips) 
Seat 4: Bobertul ($4.08 in chips) 
Seat 5: whatcanido77 ($1.98 in chips) 
Seat 6: tonyarena ($0.87 in chips) 
Seat 7: Parker09SA ($2.47 in chips) 
Seat 8: nopo33 ($2.10 in chips) 
Seat 9: k0vacs ($1.54 in chips) 
youngerone84: posts small blind $0.01
Dorex2007: posts big blind $0.02
*** HOLE CARDS ***
Dealt to Dorex2007 [9h Ts]
sidi0usss: folds 
Bobertul: raises $0.04 to $0.06
whatcanido77: folds 
tonyarena: folds 
Parker09SA: folds 
nopo33: folds 
k0vacs: folds 
youngerone84: calls $0.05
Dorex2007: folds 
*** FLOP *** [Th 3c Jc]
youngerone84: checks 
Bobertul: bets $0.08
youngerone84: calls $0.08
*** TURN *** [Th 3c Jc] [2c]
youngerone84: checks 
Bobertul: checks 
*** RIVER *** [Th 3c Jc 2c] [9c]
youngerone84: bets $0.29
Bobertul: folds 
Uncalled bet ($0.29) returned to youngerone84
youngerone84 collected $0.29 from pot
youngerone84: doesn't show hand 
*** SUMMARY ***
Total pot $0.30 | Rake $0.01 
Board [Th 3c Jc 2c 9c]
Seat 1: youngerone84 (small blind) collected ($0.29)
Seat 2: Dorex2007 (big blind) folded before Flop
Seat 3: sidi0usss folded before Flop (didn't bet)
Seat 4: Bobertul folded on the River
Seat 5: whatcanido77 folded before Flop (didn't bet)
Seat 6: tonyarena folded before Flop (didn't bet)
Seat 7: Parker09SA folded before Flop (didn't bet)
Seat 8: nopo33 folded before Flop (didn't bet)
Seat 9: k0vacs (button) folded before Flop (didn't bet)



PokerStars Hand #224463972455:  Hold'em No Limit ($0.01/$0.02 USD) - 2021/03/04 15:51:01 PT [2021/03/04 18:51:01 ET]
Table 'Patry' 9-max Seat #1 is the button
Seat 1: youngerone84 ($1.85 in chips) 
Seat 2: Dorex2007 ($1.63 in chips) 
Seat 3: sidi0usss ($2 in chips) 
Seat 4: Bobertul ($3.94 in chips) 
Seat 5: whatcanido77 ($1.98 in chips) 
Seat 6: tonyarena ($0.87 in chips) 
Seat 7: Parker09SA ($2.47 in chips) 
Seat 8: nopo33 ($2.10 in chips) 
Seat 9: k0vacs ($1.54 in chips) 
Dorex2007: posts small blind $0.01
sidi0usss: posts big blind $0.02
*** HOLE CARDS ***
Dealt to Dorex2007 [Jc 7d]
Bobertul: folds 
whatcanido77: folds 
tonyarena: folds 
Parker09SA: folds 
nopo33: calls $0.02
k0vacs: folds 
youngerone84: raises $0.02 to $0.04
Dorex2007: folds 
sidi0usss: folds 
nopo33: calls $0.02
*** FLOP *** [Jh Ac 5c]
nopo33: checks 
youngerone84: bets $0.02
nopo33: calls $0.02
*** TURN *** [Jh Ac 5c] [2h]
nopo33: checks 
youngerone84: bets $0.04
nopo33: calls $0.04
*** RIVER *** [Jh Ac 5c 2h] [6c]
nopo33: checks 
youngerone84: bets $0.10
nopo33: calls $0.10
*** SHOW DOWN ***
youngerone84: shows [Kd As] (a pair of Aces)
nopo33: mucks hand 
youngerone84 collected $0.41 from pot
*** SUMMARY ***
Total pot $0.43 | Rake $0.02 
Board [Jh Ac 5c 2h 6c]
Seat 1: youngerone84 (button) showed [Kd As] and won ($0.41) with a pair of Aces
Seat 2: Dorex2007 (small blind) folded before Flop
Seat 3: sidi0usss (big blind) folded before Flop
Seat 4: Bobertul folded before Flop (didn't bet)
Seat 5: whatcanido77 folded before Flop (didn't bet)
Seat 6: tonyarena folded before Flop (didn't bet)
Seat 7: Parker09SA folded before Flop (didn't bet)
Seat 8: nopo33 mucked [Jd Ks]
Seat 9: k0vacs folded before Flop (didn't bet)



PokerStars Hand #224464004646:  Hold'em No Limit ($0.01/$0.02 USD) - 2021/03/04 15:52:14 PT [2021/03/04 18:52:14 ET]
Table 'Patry' 9-max Seat #2 is the button
Seat 1: youngerone84 ($2.06 in chips) 
Seat 2: Dorex2007 ($1.62 in chips) 
Seat 3: sidi0usss ($2 in chips) 
Seat 4: Bobertul ($3.94 in chips) 
Seat 5: whatcanido77 ($1.98 in chips) 
Seat 6: tonyarena ($0.87 in chips) 
Seat 7: Parker09SA ($2.47 in chips) 
Seat 8: nopo33 ($1.90 in chips) 
Seat 9: k0vacs ($1.54 in chips) 
sidi0usss: posts small blind $0.01
Bobertul: posts big blind $0.02
*** HOLE CARDS ***
Dealt to Dorex2007 [4s 6c]
whatcanido77: folds 
tonyarena: folds 
Parker09SA: raises $0.04 to $0.06
nopo33: folds 
k0vacs: folds 
youngerone84: folds 
Dorex2007: folds 
sidi0usss: folds 
Bobertul: folds 
Uncalled bet ($0.04) returned to Parker09SA
Parker09SA collected $0.05 from pot
Parker09SA: doesn't show hand 
*** SUMMARY ***
Total pot $0.05 | Rake $0 
Seat 1: youngerone84 folded before Flop (didn't bet)
Seat 2: Dorex2007 (button) folded before Flop (didn't bet)
Seat 3: sidi0usss (small blind) folded before Flop
Seat 4: Bobertul (big blind) folded before Flop
Seat 5: whatcanido77 folded before Flop (didn't bet)
Seat 6: tonyarena folded before Flop (didn't bet)
Seat 7: Parker09SA collected ($0.05)
Seat 8: nopo33 folded before Flop (didn't bet)
Seat 9: k0vacs folded before Flop (didn't bet)



PokerStars Hand #224464014736:  Hold'em No Limit ($0.01/$0.02 USD) - 2021/03/04 15:52:36 PT [2021/03/04 18:52:36 ET]
Table 'Patry' 9-max Seat #3 is the button
Seat 1: youngerone84 ($2.06 in chips) 
Seat 2: Dorex2007 ($1.62 in chips) 
Seat 3: sidi0usss ($2 in chips) 
Seat 4: Bobertul ($3.92 in chips) 
Seat 5: whatcanido77 ($1.98 in chips) 
Seat 6: tonyarena ($0.87 in chips) 
Seat 7: Parker09SA ($2.50 in chips) 
Seat 8: nopo33 ($1.90 in chips) 
Seat 9: k0vacs ($1.54 in chips) 
Bobertul: posts small blind $0.01
whatcanido77: posts big blind $0.02
*** HOLE CARDS ***
Dealt to Dorex2007 [6c Th]
tonyarena: folds 
Parker09SA: folds 
nopo33: folds 
k0vacs: folds 
youngerone84: calls $0.02
Dorex2007: folds 
sidi0usss: folds 
Bobertul: folds 
whatcanido77: checks 
*** FLOP *** [6h As 5c]
whatcanido77: checks 
youngerone84: checks 
*** TURN *** [6h As 5c] [8c]
whatcanido77: checks 
youngerone84: bets $0.05
whatcanido77: folds 
Uncalled bet ($0.05) returned to youngerone84
youngerone84 collected $0.05 from pot
youngerone84: doesn't show hand 
*** SUMMARY ***
Total pot $0.05 | Rake $0 
Board [6h As 5c 8c]
Seat 1: youngerone84 collected ($0.05)
Seat 2: Dorex2007 folded before Flop (didn't bet)
Seat 3: sidi0usss (button) folded before Flop (didn't bet)
Seat 4: Bobertul (small blind) folded before Flop
Seat 5: whatcanido77 (big blind) folded on the Turn
Seat 6: tonyarena folded before Flop (didn't bet)
Seat 7: Parker09SA folded before Flop (didn't bet)
Seat 8: nopo33 folded before Flop (didn't bet)
Seat 9: k0vacs folded before Flop (didn't bet)



PokerStars Hand #224464034369:  Hold'em No Limit ($0.01/$0.02 USD) - 2021/03/04 15:53:04 PT [2021/03/04 18:53:04 ET]
Table 'Patry' 9-max Seat #4 is the button
Seat 1: youngerone84 ($2.09 in chips) 
Seat 2: Dorex2007 ($1.62 in chips) 
Seat 3: sidi0usss ($2 in chips) 
Seat 4: Bobertul ($3.91 in chips) 
Seat 5: whatcanido77 ($1.96 in chips) 
Seat 6: tonyarena ($0.87 in chips) 
Seat 7: Parker09SA ($2.50 in chips) 
Seat 8: nopo33 ($1.90 in chips) 
Seat 9: k0vacs ($1.54 in chips) 
whatcanido77: posts small blind $0.01
tonyarena: posts big blind $0.02
*** HOLE CARDS ***
Dealt to Dorex2007 [9c Kd]
Parker09SA: folds 
nopo33: folds 
k0vacs: folds 
youngerone84: raises $0.02 to $0.04
Dorex2007: folds 
sidi0usss: folds 
Bobertul: folds 
whatcanido77: calls $0.03
tonyarena: calls $0.02
*** FLOP *** [8h Ah 5s]
whatcanido77: checks 
tonyarena: checks 
youngerone84: checks 
*** TURN *** [8h Ah 5s] [Kh]
whatcanido77: checks 
tonyarena: checks 
youngerone84: checks 
*** RIVER *** [8h Ah 5s Kh] [Tc]
whatcanido77: checks 
tonyarena: checks 
youngerone84: checks 
*** SHOW DOWN ***
whatcanido77: shows [6h 7d] (high card Ace)
tonyarena: mucks hand 
youngerone84: shows [Jc 7c] (high card Ace - King+Jack kicker)
youngerone84 collected $0.12 from pot
*** SUMMARY ***
Total pot $0.12 | Rake $0 
Board [8h Ah 5s Kh Tc]
Seat 1: youngerone84 showed [Jc 7c] and won ($0.12) with high card Ace
Seat 2: Dorex2007 folded before Flop (didn't bet)
Seat 3: sidi0usss folded before Flop (didn't bet)
Seat 4: Bobertul (button) folded before Flop (didn't bet)
Seat 5: whatcanido77 (small blind) showed [6h 7d] and lost with high card Ace
Seat 6: tonyarena (big blind) mucked [4s 3s]
Seat 7: Parker09SA folded before Flop (didn't bet)
Seat 8: nopo33 folded before Flop (didn't bet)
Seat 9: k0vacs folded before Flop (didn't bet)



PokerStars Hand #224464055890:  Hold'em No Limit ($0.01/$0.02 USD) - 2021/03/04 15:53:52 PT [2021/03/04 18:53:52 ET]
Table 'Patry' 9-max Seat #5 is the button
Seat 1: youngerone84 ($2.17 in chips) 
Seat 2: Dorex2007 ($1.62 in chips) 
Seat 3: sidi0usss ($2 in chips) 
Seat 4: Bobertul ($3.91 in chips) 
Seat 5: whatcanido77 ($1.92 in chips) 
Seat 6: tonyarena ($0.83 in chips) 
Seat 7: Parker09SA ($2.50 in chips) 
Seat 8: nopo33 ($1.90 in chips) 
Seat 9: k0vacs ($1.54 in chips) 
tonyarena: posts small blind $0.01
Parker09SA: posts big blind $0.02
*** HOLE CARDS ***
Dealt to Dorex2007 [3d Ts]
nopo33: folds 
k0vacs: folds 
youngerone84: calls $0.02
Dorex2007: folds 
sidi0usss: folds 
Bobertul: raises $0.04 to $0.06
whatcanido77: folds 
tonyarena: folds 
Parker09SA: calls $0.04
youngerone84: calls $0.04
*** FLOP *** [2c 4h As]
Parker09SA: checks 
youngerone84: checks 
Bobertul: bets $0.10
Parker09SA: folds 
youngerone84: calls $0.10
*** TURN *** [2c 4h As] [6d]
youngerone84: checks 
Bobertul: checks 
*** RIVER *** [2c 4h As 6d] [4s]
youngerone84: checks 
Bobertul: checks 
*** SHOW DOWN ***
youngerone84: shows [Td Qd] (a pair of Fours)
Bobertul: shows [Kc 9c] (a pair of Fours - Ace+King kicker)
Bobertul collected $0.38 from pot
*** SUMMARY ***
Total pot $0.39 | Rake $0.01 
Board [2c 4h As 6d 4s]
Seat 1: youngerone84 showed [Td Qd] and lost with a pair of Fours
Seat 2: Dorex2007 folded before Flop (didn't bet)
Seat 3: sidi0usss folded before Flop (didn't bet)
Seat 4: Bobertul showed [Kc 9c] and won ($0.38) with a pair of Fours
Seat 5: whatcanido77 (button) folded before Flop (didn't bet)
Seat 6: tonyarena (small blind) folded before Flop
Seat 7: Parker09SA (big blind) folded on the Flop
Seat 8: nopo33 folded before Flop (didn't bet)
Seat 9: k0vacs folded before Flop (didn't bet)



PokerStars Hand #224464083225:  Hold'em No Limit ($0.01/$0.02 USD) - 2021/03/04 15:54:54 PT [2021/03/04 18:54:54 ET]
Table 'Patry' 9-max Seat #6 is the button
Seat 1: youngerone84 ($2.01 in chips) 
Seat 2: Dorex2007 ($1.62 in chips) 
Seat 3: sidi0usss ($2 in chips) 
Seat 4: Bobertul ($4.13 in chips) 
Seat 5: whatcanido77 ($1.92 in chips) 
Seat 6: tonyarena ($0.82 in chips) 
Seat 7: Parker09SA ($2.44 in chips) 
Seat 8: nopo33 ($1.90 in chips) 
Seat 9: k0vacs ($1.54 in chips) 
Parker09SA: posts small blind $0.01
nopo33: posts big blind $0.02
*** HOLE CARDS ***
Dealt to Dorex2007 [5h Ah]
k0vacs: folds 
youngerone84: folds 
Dorex2007: raises $0.04 to $0.06
sidi0usss: folds 
Bobertul: folds 
youngerone84 leaves the table
whatcanido77: folds 
tonyarena: folds 
Parker09SA: calls $0.05
nopo33: folds 
*** FLOP *** [7h Kd 7d]
rusty438 joins the table at seat #1 
Parker09SA: checks 
Dorex2007: checks 
*** TURN *** [7h Kd 7d] [Qs]
Parker09SA: checks 
Dorex2007: bets $0.11
Parker09SA: calls $0.11
*** RIVER *** [7h Kd 7d Qs] [3h]
Parker09SA: checks 
Dorex2007: bets $0.26
Parker09SA: folds 
Uncalled bet ($0.26) returned to Dorex2007
Dorex2007 collected $0.35 from pot
Dorex2007: doesn't show hand 
*** SUMMARY ***
Total pot $0.36 | Rake $0.01 
Board [7h Kd 7d Qs 3h]
Seat 1: youngerone84 folded before Flop (didn't bet)
Seat 2: Dorex2007 collected ($0.35)
Seat 3: sidi0usss folded before Flop (didn't bet)
Seat 4: Bobertul folded before Flop (didn't bet)
Seat 5: whatcanido77 folded before Flop (didn't bet)
Seat 6: tonyarena (button) folded before Flop (didn't bet)
Seat 7: Parker09SA (small blind) folded on the River
Seat 8: nopo33 (big blind) folded before Flop
Seat 9: k0vacs folded before Flop (didn't bet)



PokerStars Hand #224464105187:  Hold'em No Limit ($0.01/$0.02 USD) - 2021/03/04 15:55:52 PT [2021/03/04 18:55:52 ET]
Table 'Patry' 9-max Seat #7 is the button
Seat 2: Dorex2007 ($1.80 in chips) 
Seat 3: sidi0usss ($2 in chips) 
Seat 4: Bobertul ($4.13 in chips) 
Seat 5: whatcanido77 ($1.92 in chips) 
Seat 6: tonyarena ($0.82 in chips) 
Seat 7: Parker09SA ($2.27 in chips) 
Seat 8: nopo33 ($1.88 in chips) 
Seat 9: k0vacs ($1.54 in chips) 
nopo33: posts small blind $0.01
k0vacs: posts big blind $0.02
rusty438: sits out 
*** HOLE CARDS ***
Dealt to Dorex2007 [Ac 8d]
Dorex2007: folds 
sidi0usss: folds 
Bobertul: folds 
whatcanido77: folds 
tonyarena: raises $0.04 to $0.06
Parker09SA: folds 
nopo33: calls $0.05
k0vacs: calls $0.04
*** FLOP *** [6h 4d 8s]
nopo33: bets $0.09
k0vacs: folds 
tonyarena: folds 
Uncalled bet ($0.09) returned to nopo33
nopo33 collected $0.17 from pot
nopo33: doesn't show hand 
*** SUMMARY ***
Total pot $0.18 | Rake $0.01 
Board [6h 4d 8s]
Seat 2: Dorex2007 folded before Flop (didn't bet)
Seat 3: sidi0usss folded before Flop (didn't bet)
Seat 4: Bobertul folded before Flop (didn't bet)
Seat 5: whatcanido77 folded before Flop (didn't bet)
Seat 6: tonyarena folded on the Flop
Seat 7: Parker09SA (button) folded before Flop (didn't bet)
Seat 8: nopo33 (small blind) collected ($0.17)
Seat 9: k0vacs (big blind) folded on the Flop



PokerStars Hand #224464121380:  Hold'em No Limit ($0.01/$0.02 USD) - 2021/03/04 15:56:39 PT [2021/03/04 18:56:39 ET]
Table 'Patry' 9-max Seat #8 is the button
Seat 1: rusty438 ($1.60 in chips) 
Seat 2: Dorex2007 ($1.80 in chips) 
Seat 3: sidi0usss ($2 in chips) 
Seat 4: Bobertul ($4.13 in chips) 
Seat 5: whatcanido77 ($1.92 in chips) 
Seat 6: tonyarena ($0.76 in chips) 
Seat 7: Parker09SA ($2.27 in chips) 
Seat 8: nopo33 ($1.99 in chips) 
Seat 9: k0vacs ($1.48 in chips) 
k0vacs: posts small blind $0.01
rusty438: posts big blind $0.02
*** HOLE CARDS ***
Dealt to Dorex2007 [Ac 5s]
Dorex2007: folds 
sidi0usss: folds 
Bobertul: folds 
whatcanido77: folds 
tonyarena: folds 
Parker09SA: folds 
nopo33: folds 
k0vacs: folds 
Uncalled bet ($0.01) returned to rusty438
rusty438 collected $0.02 from pot
rusty438: doesn't show hand 
*** SUMMARY ***
Total pot $0.02 | Rake $0 
Seat 1: rusty438 (big blind) collected ($0.02)
Seat 2: Dorex2007 folded before Flop (didn't bet)
Seat 3: sidi0usss folded before Flop (didn't bet)
Seat 4: Bobertul folded before Flop (didn't bet)
Seat 5: whatcanido77 folded before Flop (didn't bet)
Seat 6: tonyarena folded before Flop (didn't bet)
Seat 7: Parker09SA folded before Flop (didn't bet)
Seat 8: nopo33 (button) folded before Flop (didn't bet)
Seat 9: k0vacs (small blind) folded before Flop



PokerStars Hand #224464129172:  Hold'em No Limit ($0.01/$0.02 USD) - 2021/03/04 15:57:01 PT [2021/03/04 18:57:01 ET]
Table 'Patry' 9-max Seat #9 is the button
Seat 2: Dorex2007 ($1.80 in chips) 
Seat 3: sidi0usss ($2 in chips) 
Seat 4: Bobertul ($4.13 in chips) 
Seat 5: whatcanido77 ($1.92 in chips) 
Seat 6: tonyarena ($0.76 in chips) 
Seat 7: Parker09SA ($2.27 in chips) 
Seat 8: nopo33 ($1.99 in chips) 
Seat 9: k0vacs ($1.47 in chips) 
Dorex2007: posts small blind $0.01
sidi0usss: posts big blind $0.02
*** HOLE CARDS ***
Dealt to Dorex2007 [7h 8h]
Bobertul: raises $0.04 to $0.06
whatcanido77: folds 
tonyarena: folds 
Parker09SA: folds 
nopo33: folds 
k0vacs: folds 
Dorex2007: folds 
sidi0usss: folds 
Uncalled bet ($0.04) returned to Bobertul
Bobertul collected $0.05 from pot
Bobertul: doesn't show hand 
*** SUMMARY ***
Total pot $0.05 | Rake $0 
Seat 2: Dorex2007 (small blind) folded before Flop
Seat 3: sidi0usss (big blind) folded before Flop
Seat 4: Bobertul collected ($0.05)
Seat 5: whatcanido77 folded before Flop (didn't bet)
Seat 6: tonyarena folded before Flop (didn't bet)
Seat 7: Parker09SA folded before Flop (didn't bet)
Seat 8: nopo33 folded before Flop (didn't bet)
Seat 9: k0vacs (button) folded before Flop (didn't bet)



PokerStars Hand #224464134926:  Hold'em No Limit ($0.01/$0.02 USD) - 2021/03/04 15:57:18 PT [2021/03/04 18:57:18 ET]
Table 'Patry' 9-max Seat #2 is the button
Seat 2: Dorex2007 ($1.79 in chips) 
Seat 3: sidi0usss ($2 in chips) 
Seat 4: Bobertul ($4.16 in chips) 
Seat 5: whatcanido77 ($1.92 in chips) 
Seat 6: tonyarena ($0.76 in chips) 
Seat 7: Parker09SA ($2.27 in chips) 
Seat 8: nopo33 ($1.99 in chips) 
Seat 9: k0vacs ($1.47 in chips) 
sidi0usss: posts small blind $0.01
Bobertul: posts big blind $0.02
*** HOLE CARDS ***
Dealt to Dorex2007 [6d 4d]
whatcanido77: folds 
tonyarena: calls $0.02
Parker09SA: folds 
nopo33: folds 
k0vacs: raises $0.04 to $0.06
Dorex2007: folds 
sidi0usss: folds 
Bobertul: folds 
tonyarena: calls $0.04
*** FLOP *** [2d 7d Qs]
tonyarena: checks 
k0vacs: checks 
*** TURN *** [2d 7d Qs] [Ts]
tonyarena: bets $0.14
thrmsix joins the table at seat #1 
k0vacs: folds 
Uncalled bet ($0.14) returned to tonyarena
tonyarena collected $0.14 from pot
tonyarena: doesn't show hand 
*** SUMMARY ***
Total pot $0.15 | Rake $0.01 
Board [2d 7d Qs Ts]
Seat 2: Dorex2007 (button) folded before Flop (didn't bet)
Seat 3: sidi0usss (small blind) folded before Flop
Seat 4: Bobertul (big blind) folded before Flop
Seat 5: whatcanido77 folded before Flop (didn't bet)
Seat 6: tonyarena collected ($0.14)
Seat 7: Parker09SA folded before Flop (didn't bet)
Seat 8: nopo33 folded before Flop (didn't bet)
Seat 9: k0vacs folded on the Turn



PokerStars Hand #224464148661:  Hold'em No Limit ($0.01/$0.02 USD) - 2021/03/04 15:57:57 PT [2021/03/04 18:57:57 ET]
Table 'Patry' 9-max Seat #3 is the button
Seat 2: Dorex2007 ($1.79 in chips) 
Seat 3: sidi0usss ($2 in chips) 
Seat 4: Bobertul ($4.14 in chips) 
Seat 5: whatcanido77 ($1.92 in chips) 
Seat 6: tonyarena ($0.84 in chips) 
Seat 7: Parker09SA ($2.27 in chips) 
Seat 8: nopo33 ($1.99 in chips) 
Seat 9: k0vacs ($1.41 in chips) 
Bobertul: posts small blind $0.01
whatcanido77: posts big blind $0.02
thrmsix: sits out 
*** HOLE CARDS ***
Dealt to Dorex2007 [5c 5s]
tonyarena: folds 
Parker09SA: raises $0.04 to $0.06
nopo33: folds 
k0vacs: folds 
Dorex2007: calls $0.06
sidi0usss: folds 
Bobertul: folds 
whatcanido77: calls $0.04
*** FLOP *** [Qd Ac 5d]
whatcanido77: bets $0.09
Parker09SA: folds 
Dorex2007: raises $1.64 to $1.73 and is all-in
whatcanido77: folds 
Uncalled bet ($1.64) returned to Dorex2007
Dorex2007 collected $0.36 from pot
Dorex2007: doesn't show hand 
*** SUMMARY ***
Total pot $0.37 | Rake $0.01 
Board [Qd Ac 5d]
Seat 2: Dorex2007 collected ($0.36)
Seat 3: sidi0usss (button) folded before Flop (didn't bet)
Seat 4: Bobertul (small blind) folded before Flop
Seat 5: whatcanido77 (big blind) folded on the Flop
Seat 6: tonyarena folded before Flop (didn't bet)
Seat 7: Parker09SA folded on the Flop
Seat 8: nopo33 folded before Flop (didn't bet)
Seat 9: k0vacs folded before Flop (didn't bet)



PokerStars Hand #224464166603:  Hold'em No Limit ($0.01/$0.02 USD) - 2021/03/04 15:58:50 PT [2021/03/04 18:58:50 ET]
Table 'Patry' 9-max Seat #4 is the button
Seat 2: Dorex2007 ($2 in chips) 
Seat 3: sidi0usss ($2 in chips) 
Seat 4: Bobertul ($4.13 in chips) 
Seat 5: whatcanido77 ($1.77 in chips) 
Seat 6: tonyarena ($0.84 in chips) 
Seat 7: Parker09SA ($2.21 in chips) 
Seat 8: nopo33 ($1.99 in chips) 
Seat 9: k0vacs ($1.41 in chips) 
whatcanido77: posts small blind $0.01
tonyarena: posts big blind $0.02
thrmsix: sits out 
*** HOLE CARDS ***
Dealt to Dorex2007 [Kd 2s]
Parker09SA: folds 
nopo33: folds 
k0vacs: folds 
Dorex2007: folds 
sidi0usss: raises $0.04 to $0.06
Bobertul: calls $0.06
whatcanido77: folds 
tonyarena: calls $0.04
*** FLOP *** [5c 3s Ts]
tonyarena: bets $0.10
sidi0usss: raises $0.16 to $0.26
Bobertul: folds 
tonyarena: folds 
Uncalled bet ($0.16) returned to sidi0usss
sidi0usss collected $0.38 from pot
sidi0usss: doesn't show hand 
*** SUMMARY ***
Total pot $0.39 | Rake $0.01 
Board [5c 3s Ts]
Seat 2: Dorex2007 folded before Flop (didn't bet)
Seat 3: sidi0usss collected ($0.38)
Seat 4: Bobertul (button) folded on the Flop
Seat 5: whatcanido77 (small blind) folded before Flop
Seat 6: tonyarena (big blind) folded on the Flop
Seat 7: Parker09SA folded before Flop (didn't bet)
Seat 8: nopo33 folded before Flop (didn't bet)
Seat 9: k0vacs folded before Flop (didn't bet)



PokerStars Hand #224464193320:  Hold'em No Limit ($0.01/$0.02 USD) - 2021/03/04 16:00:07 PT [2021/03/04 19:00:07 ET]
Table 'Patry' 9-max Seat #5 is the button
Seat 2: Dorex2007 ($2 in chips) 
Seat 3: sidi0usss ($2.22 in chips) 
Seat 4: Bobertul ($4.07 in chips) 
Seat 5: whatcanido77 ($1.76 in chips) 
Seat 6: tonyarena ($0.68 in chips) 
Seat 7: Parker09SA ($2.21 in chips) 
Seat 8: nopo33 ($1.99 in chips) 
Seat 9: k0vacs ($1.41 in chips) 
tonyarena: posts small blind $0.01
Parker09SA: posts big blind $0.02
thrmsix: sits out 
*** HOLE CARDS ***
Dealt to Dorex2007 [4s Js]
nopo33: folds 
k0vacs has timed out
k0vacs: folds 
Dorex2007: folds 
sidi0usss: folds 
Bobertul: folds 
whatcanido77: raises $0.04 to $0.06
tonyarena: folds 
Parker09SA: folds 
Uncalled bet ($0.04) returned to whatcanido77
whatcanido77 collected $0.05 from pot
*** SUMMARY ***
Total pot $0.05 | Rake $0 
Seat 2: Dorex2007 folded before Flop (didn't bet)
Seat 3: sidi0usss folded before Flop (didn't bet)
Seat 4: Bobertul folded before Flop (didn't bet)
Seat 5: whatcanido77 (button) collected ($0.05)
Seat 6: tonyarena (small blind) folded before Flop
Seat 7: Parker09SA (big blind) folded before Flop
Seat 8: nopo33 folded before Flop (didn't bet)
Seat 9: k0vacs folded before Flop (didn't bet)



PokerStars Hand #224464215856:  Hold'em No Limit ($0.01/$0.02 USD) - 2021/03/04 16:00:42 PT [2021/03/04 19:00:42 ET]
Table 'Patry' 9-max Seat #6 is the button
Seat 1: thrmsix ($2 in chips) 
Seat 2: Dorex2007 ($2 in chips) 
Seat 3: sidi0usss ($2.22 in chips) 
Seat 4: Bobertul ($4.07 in chips) 
Seat 5: whatcanido77 ($1.79 in chips) 
Seat 6: tonyarena ($0.67 in chips) 
Seat 7: Parker09SA ($2.19 in chips) 
Parker09SA: posts small blind $0.01
nopo33: is sitting out 
thrmsix: posts big blind $0.02
*** HOLE CARDS ***
Dealt to Dorex2007 [7s Jc]
Dorex2007: folds 
nopo33 leaves the table
sidi0usss: folds 
Bobertul: folds 
whatcanido77: raises $0.04 to $0.06
tonyarena: folds 
Parker09SA: folds 
thrmsix: folds 
Uncalled bet ($0.04) returned to whatcanido77
whatcanido77 collected $0.05 from pot
*** SUMMARY ***
Total pot $0.05 | Rake $0 
Seat 1: thrmsix (big blind) folded before Flop
Seat 2: Dorex2007 folded before Flop (didn't bet)
Seat 3: sidi0usss folded before Flop (didn't bet)
Seat 4: Bobertul folded before Flop (didn't bet)
Seat 5: whatcanido77 collected ($0.05)
Seat 6: tonyarena (button) folded before Flop (didn't bet)
Seat 7: Parker09SA (small blind) folded before Flop



PokerStars Hand #224464226576:  Hold'em No Limit ($0.01/$0.02 USD) - 2021/03/04 16:01:10 PT [2021/03/04 19:01:10 ET]
Table 'Patry' 9-max Seat #7 is the button
Seat 1: thrmsix ($1.98 in chips) 
Seat 2: Dorex2007 ($2 in chips) 
Seat 3: sidi0usss ($2.22 in chips) 
Seat 4: Bobertul ($4.07 in chips) 
Seat 5: whatcanido77 ($1.82 in chips) 
Seat 6: tonyarena ($0.67 in chips) 
Seat 7: Parker09SA ($2.18 in chips) 
thrmsix: posts small blind $0.01
Dorex2007: posts big blind $0.02
*** HOLE CARDS ***
Dealt to Dorex2007 [2s 6d]
sidi0usss: raises $0.04 to $0.06
Bobertul: folds 
whatcanido77: folds 
tonyarena: folds 
Parker09SA: folds 
thrmsix: folds 
Dorex2007: folds 
Uncalled bet ($0.04) returned to sidi0usss
sidi0usss collected $0.05 from pot
sidi0usss: doesn't show hand 
*** SUMMARY ***
Total pot $0.05 | Rake $0 
Seat 1: thrmsix (small blind) folded before Flop
Seat 2: Dorex2007 (big blind) folded before Flop
Seat 3: sidi0usss collected ($0.05)
Seat 4: Bobertul folded before Flop (didn't bet)
Seat 5: whatcanido77 folded before Flop (didn't bet)
Seat 6: tonyarena folded before Flop (didn't bet)
Seat 7: Parker09SA (button) folded before Flop (didn't bet)



PokerStars Hand #224464240182:  Hold'em No Limit ($0.01/$0.02 USD) - 2021/03/04 16:01:43 PT [2021/03/04 19:01:43 ET]
Table 'Patry' 9-max Seat #1 is the button
Seat 1: thrmsix ($1.97 in chips) 
Seat 2: Dorex2007 ($1.98 in chips) 
Seat 3: sidi0usss ($2.25 in chips) 
Seat 4: Bobertul ($4.07 in chips) 
Seat 5: whatcanido77 ($1.82 in chips) 
Seat 6: tonyarena ($0.67 in chips) 
Seat 7: Parker09SA ($2.18 in chips) 
Dorex2007: posts small blind $0.01
sidi0usss: posts big blind $0.02
k0vacs: sits out 
*** HOLE CARDS ***
Dealt to Dorex2007 [2d 8s]
Bobertul: folds 
whatcanido77: folds 
tonyarena: calls $0.02
Parker09SA: folds 
thrmsix: raises $0.07 to $0.09
Dorex2007: folds 
sidi0usss: calls $0.07
tonyarena: calls $0.07
*** FLOP *** [2s 4h 5h]
sidi0usss: checks 
tonyarena: checks 
thrmsix: checks 
*** TURN *** [2s 4h 5h] [Qh]
sidi0usss: bets $0.10
tonyarena: folds 
thrmsix: calls $0.10
*** RIVER *** [2s 4h 5h Qh] [7c]
sidi0usss: bets $0.66
thrmsix: calls $0.66
*** SHOW DOWN ***
sidi0usss: shows [Th 9h] (a flush, Queen high)
thrmsix: shows [3h Kh] (a flush, King high)
thrmsix collected $1.74 from pot
*** SUMMARY ***
Total pot $1.80 | Rake $0.06 
Board [2s 4h 5h Qh 7c]
Seat 1: thrmsix (button) showed [3h Kh] and won ($1.74) with a flush, King high
Seat 2: Dorex2007 (small blind) folded before Flop
Seat 3: sidi0usss (big blind) showed [Th 9h] and lost with a flush, Queen high
Seat 4: Bobertul folded before Flop (didn't bet)
Seat 5: whatcanido77 folded before Flop (didn't bet)
Seat 6: tonyarena folded on the Turn
Seat 7: Parker09SA folded before Flop (didn't bet)



PokerStars Hand #224464270638:  Hold'em No Limit ($0.01/$0.02 USD) - 2021/03/04 16:02:54 PT [2021/03/04 19:02:54 ET]
Table 'Patry' 9-max Seat #2 is the button
Seat 1: thrmsix ($2.86 in chips) 
Seat 2: Dorex2007 ($1.97 in chips) 
Seat 3: sidi0usss ($2 in chips) 
Seat 4: Bobertul ($4.07 in chips) 
Seat 5: whatcanido77 ($1.82 in chips) 
Seat 6: tonyarena ($0.58 in chips) 
Seat 7: Parker09SA ($2.18 in chips) 
sidi0usss: posts small blind $0.01
Bobertul: posts big blind $0.02
k0vacs: sits out 
*** HOLE CARDS ***
Dealt to Dorex2007 [6c Td]
whatcanido77: folds 
tonyarena: calls $0.02
Parker09SA: folds 
thrmsix: raises $0.07 to $0.09
Dorex2007: folds 
sidi0usss: folds 
Bobertul: folds 
tonyarena: calls $0.07
*** FLOP *** [Qs 8c Qc]
tonyarena: checks 
thrmsix: checks 
*** TURN *** [Qs 8c Qc] [Kh]
tonyarena: bets $0.49 and is all-in
thrmsix: folds 
Uncalled bet ($0.49) returned to tonyarena
tonyarena collected $0.20 from pot
tonyarena: doesn't show hand 
*** SUMMARY ***
Total pot $0.21 | Rake $0.01 
Board [Qs 8c Qc Kh]
Seat 1: thrmsix folded on the Turn
Seat 2: Dorex2007 (button) folded before Flop (didn't bet)
Seat 3: sidi0usss (small blind) folded before Flop
Seat 4: Bobertul (big blind) folded before Flop
Seat 5: whatcanido77 folded before Flop (didn't bet)
Seat 6: tonyarena collected ($0.20)
Seat 7: Parker09SA folded before Flop (didn't bet)



PokerStars Hand #224464292578:  Hold'em No Limit ($0.01/$0.02 USD) - 2021/03/04 16:03:45 PT [2021/03/04 19:03:45 ET]
Table 'Patry' 9-max Seat #3 is the button
Seat 1: thrmsix ($2.77 in chips) 
Seat 2: Dorex2007 ($1.97 in chips) 
Seat 3: sidi0usss ($2 in chips) 
Seat 4: Bobertul ($4.05 in chips) 
Seat 5: whatcanido77 ($1.82 in chips) 
Seat 6: tonyarena ($0.69 in chips) 
Seat 7: Parker09SA ($2.18 in chips) 
Bobertul: posts small blind $0.01
whatcanido77: posts big blind $0.02
k0vacs: sits out 
*** HOLE CARDS ***
Dealt to Dorex2007 [As Js]
pokerbrat723 joins the table at seat #8 
tonyarena: folds 
Parker09SA: folds 
thrmsix: folds 
Dorex2007: raises $0.06 to $0.08
sidi0usss: calls $0.08
Bobertul: folds 
whatcanido77: folds 
*** FLOP *** [7d Qs 4h]
Dorex2007: bets $0.14
sidi0usss: folds 
Uncalled bet ($0.14) returned to Dorex2007
Dorex2007 collected $0.18 from pot
Dorex2007: doesn't show hand 
*** SUMMARY ***
Total pot $0.19 | Rake $0.01 
Board [7d Qs 4h]
Seat 1: thrmsix folded before Flop (didn't bet)
Seat 2: Dorex2007 collected ($0.18)
Seat 3: sidi0usss (button) folded on the Flop
Seat 4: Bobertul (small blind) folded before Flop
Seat 5: whatcanido77 (big blind) folded before Flop
Seat 6: tonyarena folded before Flop (didn't bet)
Seat 7: Parker09SA folded before Flop (didn't bet)



PokerStars Hand #224464310759:  Hold'em No Limit ($0.01/$0.02 USD) - 2021/03/04 16:04:28 PT [2021/03/04 19:04:28 ET]
Table 'Patry' 9-max Seat #4 is the button
Seat 1: thrmsix ($2.77 in chips) 
Seat 2: Dorex2007 ($2.07 in chips) 
Seat 3: sidi0usss ($2 in chips) 
Seat 4: Bobertul ($4.04 in chips) 
Seat 5: whatcanido77 ($1.80 in chips) 
Seat 6: tonyarena ($0.69 in chips) 
Seat 7: Parker09SA ($2.18 in chips) 
whatcanido77: posts small blind $0.01
tonyarena: posts big blind $0.02
pokerbrat723: sits out 
k0vacs: sits out 
*** HOLE CARDS ***
Dealt to Dorex2007 [6h 6d]
Parker09SA: folds 
thrmsix: folds 
Dorex2007: calls $0.02
sidi0usss: folds 
Bobertul: folds 
whatcanido77: calls $0.01
tonyarena: checks 
*** FLOP *** [3d Tc 6c]
whatcanido77: bets $0.03
tonyarena: folds 
Dorex2007: raises $0.03 to $0.06
whatcanido77: calls $0.03
*** TURN *** [3d Tc 6c] [Qd]
whatcanido77: checks 
Dorex2007: bets $0.17
whatcanido77: calls $0.17
*** RIVER *** [3d Tc 6c Qd] [8d]
whatcanido77: bets $0.25
Dorex2007: raises $0.51 to $0.76
whatcanido77: folds 
Uncalled bet ($0.51) returned to Dorex2007
Dorex2007 collected $0.98 from pot
Dorex2007: doesn't show hand 
*** SUMMARY ***
Total pot $1.02 | Rake $0.04 
Board [3d Tc 6c Qd 8d]
Seat 1: thrmsix folded before Flop (didn't bet)
Seat 2: Dorex2007 collected ($0.98)
Seat 3: sidi0usss folded before Flop (didn't bet)
Seat 4: Bobertul (button) folded before Flop (didn't bet)
Seat 5: whatcanido77 (small blind) folded on the River
Seat 6: tonyarena (big blind) folded on the Flop
Seat 7: Parker09SA folded before Flop (didn't bet)



PokerStars Hand #224464355116:  Hold'em No Limit ($0.01/$0.02 USD) - 2021/03/04 16:06:12 PT [2021/03/04 19:06:12 ET]
Table 'Patry' 9-max Seat #5 is the button
Seat 1: thrmsix ($2.77 in chips) 
Seat 2: Dorex2007 ($2.55 in chips) 
Seat 3: sidi0usss ($2 in chips) 
Seat 4: Bobertul ($4.04 in chips) 
Seat 5: whatcanido77 ($1.30 in chips) 
Seat 6: tonyarena ($0.67 in chips) 
Seat 7: Parker09SA ($2.18 in chips) 
tonyarena: posts small blind $0.01
Parker09SA: posts big blind $0.02
pokerbrat723: sits out 
k0vacs: sits out 
*** HOLE CARDS ***
Dealt to Dorex2007 [2c 3c]
thrmsix: folds 
Dorex2007: folds 
sidi0usss: raises $0.04 to $0.06
Bobertul: folds 
whatcanido77: calls $0.06
tonyarena: calls $0.05
Parker09SA: folds 
*** FLOP *** [Jc Kh 5h]
tonyarena: checks 
sidi0usss: checks 
whatcanido77: checks 
*** TURN *** [Jc Kh 5h] [3s]
tonyarena: bets $0.14
sidi0usss: folds 
whatcanido77: folds 
Uncalled bet ($0.14) returned to tonyarena
tonyarena collected $0.19 from pot
tonyarena: doesn't show hand 
*** SUMMARY ***
Total pot $0.20 | Rake $0.01 
Board [Jc Kh 5h 3s]
Seat 1: thrmsix folded before Flop (didn't bet)
Seat 2: Dorex2007 folded before Flop (didn't bet)
Seat 3: sidi0usss folded on the Turn
Seat 4: Bobertul folded before Flop (didn't bet)
Seat 5: whatcanido77 (button) folded on the Turn
Seat 6: tonyarena (small blind) collected ($0.19)
Seat 7: Parker09SA (big blind) folded before Flop



PokerStars Hand #224464375358:  Hold'em No Limit ($0.01/$0.02 USD) - 2021/03/04 16:07:00 PT [2021/03/04 19:07:00 ET]
Table 'Patry' 9-max Seat #6 is the button
Seat 1: thrmsix ($2.77 in chips) 
Seat 2: Dorex2007 ($2.55 in chips) 
Seat 3: sidi0usss ($2 in chips) 
Seat 4: Bobertul ($4.04 in chips) 
Seat 5: whatcanido77 ($1.24 in chips) 
Seat 6: tonyarena ($0.80 in chips) 
Seat 7: Parker09SA ($2.16 in chips) 
Seat 8: pokerbrat723 ($1.60 in chips) 
Parker09SA: posts small blind $0.01
pokerbrat723: posts big blind $0.02
k0vacs: sits out 
*** HOLE CARDS ***
Dealt to Dorex2007 [2s 4c]
thrmsix: folds 
Dorex2007: folds 
sidi0usss: raises $0.04 to $0.06
Bobertul: folds 
whatcanido77: calls $0.06
tonyarena: folds 
Parker09SA: folds 
pokerbrat723: folds 
*** FLOP *** [9s 8h 4d]
sidi0usss: checks 
whatcanido77: bets $0.07
sidi0usss: folds 
Uncalled bet ($0.07) returned to whatcanido77
whatcanido77 collected $0.14 from pot
whatcanido77: doesn't show hand 
*** SUMMARY ***
Total pot $0.15 | Rake $0.01 
Board [9s 8h 4d]
Seat 1: thrmsix folded before Flop (didn't bet)
Seat 2: Dorex2007 folded before Flop (didn't bet)
Seat 3: sidi0usss folded on the Flop
Seat 4: Bobertul folded before Flop (didn't bet)
Seat 5: whatcanido77 collected ($0.14)
Seat 6: tonyarena (button) folded before Flop (didn't bet)
Seat 7: Parker09SA (small blind) folded before Flop
Seat 8: pokerbrat723 (big blind) folded before Flop



PokerStars Hand #224464386333:  Hold'em No Limit ($0.01/$0.02 USD) - 2021/03/04 16:07:26 PT [2021/03/04 19:07:26 ET]
Table 'Patry' 9-max Seat #7 is the button
Seat 1: thrmsix ($2.77 in chips) 
Seat 2: Dorex2007 ($2.55 in chips) 
Seat 3: sidi0usss ($2 in chips) 
Seat 4: Bobertul ($4.04 in chips) 
Seat 5: whatcanido77 ($1.32 in chips) 
Seat 6: tonyarena ($0.80 in chips) 
Seat 7: Parker09SA ($2.15 in chips) 
Seat 8: pokerbrat723 ($1.58 in chips) 
Seat 9: k0vacs ($1.41 in chips) 
pokerbrat723: posts small blind $0.01
k0vacs: posts big blind $0.02
*** HOLE CARDS ***
Dealt to Dorex2007 [Qs 3c]
thrmsix: folds 
Dorex2007: folds 
sidi0usss: raises $0.04 to $0.06
Bobertul: folds 
whatcanido77: calls $0.06
tonyarena: calls $0.06
Parker09SA: folds 
pokerbrat723: folds 
k0vacs: folds 
*** FLOP *** [Ad 4h 5s]
sidi0usss: bets $0.07
whatcanido77: calls $0.07
tonyarena: raises $0.41 to $0.48
sidi0usss: folds 
whatcanido77: folds 
Uncalled bet ($0.41) returned to tonyarena
tonyarena collected $0.41 from pot
tonyarena: doesn't show hand 
*** SUMMARY ***
Total pot $0.42 | Rake $0.01 
Board [Ad 4h 5s]
Seat 1: thrmsix folded before Flop (didn't bet)
Seat 2: Dorex2007 folded before Flop (didn't bet)
Seat 3: sidi0usss folded on the Flop
Seat 4: Bobertul folded before Flop (didn't bet)
Seat 5: whatcanido77 folded on the Flop
Seat 6: tonyarena collected ($0.41)
Seat 7: Parker09SA (button) folded before Flop (didn't bet)
Seat 8: pokerbrat723 (small blind) folded before Flop
Seat 9: k0vacs (big blind) folded before Flop



PokerStars Hand #224464403383:  Hold'em No Limit ($0.01/$0.02 USD) - 2021/03/04 16:08:06 PT [2021/03/04 19:08:06 ET]
Table 'Patry' 9-max Seat #8 is the button
Seat 1: thrmsix ($2.77 in chips) 
Seat 2: Dorex2007 ($2.55 in chips) 
Seat 3: sidi0usss ($2 in chips) 
Seat 4: Bobertul ($4.04 in chips) 
Seat 5: whatcanido77 ($1.19 in chips) 
Seat 6: tonyarena ($1.08 in chips) 
Seat 7: Parker09SA ($2.15 in chips) 
Seat 8: pokerbrat723 ($1.57 in chips) 
Seat 9: k0vacs ($1.39 in chips) 
k0vacs: posts small blind $0.01
thrmsix: posts big blind $0.02
*** HOLE CARDS ***
Dealt to Dorex2007 [4c Qh]
Dorex2007: folds 
sidi0usss: folds 
Bobertul: folds 
whatcanido77: folds 
tonyarena: calls $0.02
Parker09SA: folds 
pokerbrat723: folds 
k0vacs: calls $0.01
thrmsix: checks 
*** FLOP *** [Js 5h Jc]
k0vacs: checks 
thrmsix: checks 
tonyarena: bets $0.06
k0vacs: folds 
thrmsix: calls $0.06
*** TURN *** [Js 5h Jc] [Ks]
thrmsix: checks 
tonyarena: checks 
*** RIVER *** [Js 5h Jc Ks] [2c]
thrmsix: bets $0.12
tonyarena: folds 
Uncalled bet ($0.12) returned to thrmsix
thrmsix collected $0.17 from pot
thrmsix: doesn't show hand 
*** SUMMARY ***
Total pot $0.18 | Rake $0.01 
Board [Js 5h Jc Ks 2c]
Seat 1: thrmsix (big blind) collected ($0.17)
Seat 2: Dorex2007 folded before Flop (didn't bet)
Seat 3: sidi0usss folded before Flop (didn't bet)
Seat 4: Bobertul folded before Flop (didn't bet)
Seat 5: whatcanido77 folded before Flop (didn't bet)
Seat 6: tonyarena folded on the River
Seat 7: Parker09SA folded before Flop (didn't bet)
Seat 8: pokerbrat723 (button) folded before Flop (didn't bet)
Seat 9: k0vacs (small blind) folded on the Flop



PokerStars Hand #224464435268:  Hold'em No Limit ($0.01/$0.02 USD) - 2021/03/04 16:09:13 PT [2021/03/04 19:09:13 ET]
Table 'Patry' 9-max Seat #9 is the button
Seat 1: thrmsix ($2.86 in chips) 
Seat 2: Dorex2007 ($2.55 in chips) 
Seat 3: sidi0usss ($2 in chips) 
Seat 4: Bobertul ($4.04 in chips) 
Seat 5: whatcanido77 ($1.19 in chips) 
Seat 6: tonyarena ($1 in chips) 
Seat 7: Parker09SA ($2.15 in chips) 
Seat 8: pokerbrat723 ($1.57 in chips) 
Seat 9: k0vacs ($1.37 in chips) 
thrmsix: posts small blind $0.01
Dorex2007: posts big blind $0.02
*** HOLE CARDS ***
Dealt to Dorex2007 [5h 7c]
sidi0usss: folds 
Bobertul: folds 
whatcanido77: calls $0.02
tonyarena: folds 
Parker09SA: folds 
pokerbrat723: calls $0.02
k0vacs: raises $0.04 to $0.06
thrmsix: folds 
Dorex2007: folds 
whatcanido77: calls $0.04
pokerbrat723: calls $0.04
*** FLOP *** [Ac Jh 8s]
whatcanido77: checks 
pokerbrat723: checks 
k0vacs: checks 
*** TURN *** [Ac Jh 8s] [Th]
whatcanido77: bets $0.02
pokerbrat723: calls $0.02
k0vacs: raises $0.10 to $0.12
whatcanido77: folds 
pokerbrat723: calls $0.10
*** RIVER *** [Ac Jh 8s Th] [6h]
pokerbrat723: checks 
k0vacs: bets $0.14
pokerbrat723: calls $0.14
*** SHOW DOWN ***
k0vacs: shows [Kd Qh] (a straight, Ten to Ace)
pokerbrat723: mucks hand 
k0vacs collected $0.72 from pot
*** SUMMARY ***
Total pot $0.75 | Rake $0.03 
Board [Ac Jh 8s Th 6h]
Seat 1: thrmsix (small blind) folded before Flop
Seat 2: Dorex2007 (big blind) folded before Flop
Seat 3: sidi0usss folded before Flop (didn't bet)
Seat 4: Bobertul folded before Flop (didn't bet)
Seat 5: whatcanido77 folded on the Turn
Seat 6: tonyarena folded before Flop (didn't bet)
Seat 7: Parker09SA folded before Flop (didn't bet)
Seat 8: pokerbrat723 mucked [9h Jd]
Seat 9: k0vacs (button) showed [Kd Qh] and won ($0.72) with a straight, Ten to Ace



PokerStars Hand #224464460719:  Hold'em No Limit ($0.01/$0.02 USD) - 2021/03/04 16:10:13 PT [2021/03/04 19:10:13 ET]
Table 'Patry' 9-max Seat #1 is the button
Seat 1: thrmsix ($2.85 in chips) 
Seat 2: Dorex2007 ($2.53 in chips) 
Seat 3: sidi0usss ($2 in chips) 
Seat 4: Bobertul ($4.04 in chips) 
Seat 5: whatcanido77 ($1.11 in chips) 
Seat 6: tonyarena ($1 in chips) 
Seat 7: Parker09SA ($2.15 in chips) 
Seat 8: pokerbrat723 ($1.25 in chips) 
Seat 9: k0vacs ($1.77 in chips) 
Dorex2007: posts small blind $0.01
sidi0usss: posts big blind $0.02
*** HOLE CARDS ***
Dealt to Dorex2007 [8s 5s]
Bobertul: folds 
whatcanido77: folds 
tonyarena: folds 
Parker09SA: folds 
pokerbrat723: calls $0.02
k0vacs: raises $0.04 to $0.06
thrmsix: folds 
Dorex2007: folds 
sidi0usss: calls $0.04
pokerbrat723: raises $1.19 to $1.25 and is all-in
k0vacs: folds 
sidi0usss: folds 
Uncalled bet ($1.19) returned to pokerbrat723
pokerbrat723 collected $0.19 from pot
*** SUMMARY ***
Total pot $0.19 | Rake $0 
Seat 1: thrmsix (button) folded before Flop (didn't bet)
Seat 2: Dorex2007 (small blind) folded before Flop
Seat 3: sidi0usss (big blind) folded before Flop
Seat 4: Bobertul folded before Flop (didn't bet)
Seat 5: whatcanido77 folded before Flop (didn't bet)
Seat 6: tonyarena folded before Flop (didn't bet)
Seat 7: Parker09SA folded before Flop (didn't bet)
Seat 8: pokerbrat723 collected ($0.19)
Seat 9: k0vacs folded before Flop



PokerStars Hand #224464481057:  Hold'em No Limit ($0.01/$0.02 USD) - 2021/03/04 16:11:02 PT [2021/03/04 19:11:02 ET]
Table 'Patry' 9-max Seat #2 is the button
Seat 1: thrmsix ($2.85 in chips) 
Seat 2: Dorex2007 ($2.52 in chips) 
Seat 3: sidi0usss ($2 in chips) 
Seat 4: Bobertul ($4.04 in chips) 
Seat 5: whatcanido77 ($1.11 in chips) 
Seat 6: tonyarena ($1 in chips) 
Seat 7: Parker09SA ($2.15 in chips) 
Seat 8: pokerbrat723 ($1.38 in chips) 
Seat 9: k0vacs ($1.71 in chips) 
sidi0usss: posts small blind $0.01
Bobertul: posts big blind $0.02
*** HOLE CARDS ***
Dealt to Dorex2007 [2s Ks]
whatcanido77: raises $0.02 to $0.04
tonyarena: folds 
Parker09SA: folds 
pokerbrat723: folds 
k0vacs: folds 
thrmsix: folds 
Dorex2007: folds 
sidi0usss: calls $0.03
Bobertul: folds 
*** FLOP *** [4c Qh 4h]
sidi0usss: checks 
whatcanido77: checks 
*** TURN *** [4c Qh 4h] [7d]
sidi0usss: checks 
whatcanido77: checks 
*** RIVER *** [4c Qh 4h 7d] [Qc]
sidi0usss: checks 
whatcanido77: checks 
*** SHOW DOWN ***
sidi0usss: shows [Jc Th] (two pair, Queens and Fours)
whatcanido77: shows [9s Ac] (two pair, Queens and Fours - Ace kicker)
whatcanido77 collected $0.10 from pot
*** SUMMARY ***
Total pot $0.10 | Rake $0 
Board [4c Qh 4h 7d Qc]
Seat 1: thrmsix folded before Flop (didn't bet)
Seat 2: Dorex2007 (button) folded before Flop (didn't bet)
Seat 3: sidi0usss (small blind) showed [Jc Th] and lost with two pair, Queens and Fours
Seat 4: Bobertul (big blind) folded before Flop
Seat 5: whatcanido77 showed [9s Ac] and won ($0.10) with two pair, Queens and Fours
Seat 6: tonyarena folded before Flop (didn't bet)
Seat 7: Parker09SA folded before Flop (didn't bet)
Seat 8: pokerbrat723 folded before Flop (didn't bet)
Seat 9: k0vacs folded before Flop (didn't bet)



PokerStars Hand #224464494259:  Hold'em No Limit ($0.01/$0.02 USD) - 2021/03/04 16:11:33 PT [2021/03/04 19:11:33 ET]
Table 'Patry' 9-max Seat #3 is the button
Seat 1: thrmsix ($2.85 in chips) 
Seat 2: Dorex2007 ($2.52 in chips) 
Seat 3: sidi0usss ($2 in chips) 
Seat 4: Bobertul ($4.02 in chips) 
Seat 6: tonyarena ($1 in chips) 
Seat 7: Parker09SA ($2.15 in chips) 
Seat 8: pokerbrat723 ($1.38 in chips) 
Seat 9: k0vacs ($1.71 in chips) 
Bobertul: posts small blind $0.01
whatcanido77: is sitting out 
tonyarena: posts big blind $0.02
*** HOLE CARDS ***
Dealt to Dorex2007 [Qh 3h]
Parker09SA: folds 
whatcanido77 leaves the table
pokerbrat723: calls $0.02
k0vacs: folds 
thrmsix: folds 
Dorex2007: folds 
sidi0usss: raises $0.08 to $0.10
Bobertul: calls $0.09
tonyarena: folds 
pokerbrat723: calls $0.08
*** FLOP *** [3s Ac Kd]
Bobertul: checks 
pokerbrat723: checks 
sidi0usss: bets $0.10
Bobertul: calls $0.10
pokerbrat723: calls $0.10
*** TURN *** [3s Ac Kd] [Ts]
Bobertul: checks 
pokerbrat723: checks 
sidi0usss: checks 
*** RIVER *** [3s Ac Kd Ts] [Qd]
Bobertul: bets $0.18
pokerbrat723: folds 
sidi0usss: folds 
Uncalled bet ($0.18) returned to Bobertul
Bobertul collected $0.60 from pot
Bobertul: doesn't show hand 
*** SUMMARY ***
Total pot $0.62 | Rake $0.02 
Board [3s Ac Kd Ts Qd]
Seat 1: thrmsix folded before Flop (didn't bet)
Seat 2: Dorex2007 folded before Flop (didn't bet)
Seat 3: sidi0usss (button) folded on the River
Seat 4: Bobertul (small blind) collected ($0.60)
Seat 6: tonyarena (big blind) folded before Flop
Seat 7: Parker09SA folded before Flop (didn't bet)
Seat 8: pokerbrat723 folded on the River
Seat 9: k0vacs folded before Flop (didn't bet)



PokerStars Hand #224464526104:  Hold'em No Limit ($0.01/$0.02 USD) - 2021/03/04 16:12:50 PT [2021/03/04 19:12:50 ET]
Table 'Patry' 9-max Seat #4 is the button
Seat 1: thrmsix ($2.85 in chips) 
Seat 2: Dorex2007 ($2.52 in chips) 
Seat 3: sidi0usss ($2 in chips) 
Seat 4: Bobertul ($4.42 in chips) 
Seat 6: tonyarena ($0.98 in chips) 
Seat 7: Parker09SA ($2.15 in chips) 
Seat 8: pokerbrat723 ($1.18 in chips) 
Seat 9: k0vacs ($1.71 in chips) 
tonyarena: posts small blind $0.01
Parker09SA: posts big blind $0.02
*** HOLE CARDS ***
Dealt to Dorex2007 [6h 3h]
dboulay1979 joins the table at seat #5 
pokerbrat723: folds 
k0vacs: folds 
thrmsix: raises $0.04 to $0.06
Dorex2007: folds 
sidi0usss: folds 
Bobertul: folds 
tonyarena: folds 
Parker09SA: calls $0.04
*** FLOP *** [5s Th 9c]
Parker09SA: checks 
thrmsix: checks 
*** TURN *** [5s Th 9c] [Ad]
Parker09SA: checks 
thrmsix: bets $0.04
Parker09SA: folds 
Uncalled bet ($0.04) returned to thrmsix
thrmsix collected $0.13 from pot
thrmsix: doesn't show hand 
*** SUMMARY ***
Total pot $0.13 | Rake $0 
Board [5s Th 9c Ad]
Seat 1: thrmsix collected ($0.13)
Seat 2: Dorex2007 folded before Flop (didn't bet)
Seat 3: sidi0usss folded before Flop (didn't bet)
Seat 4: Bobertul (button) folded before Flop (didn't bet)
Seat 6: tonyarena (small blind) folded before Flop
Seat 7: Parker09SA (big blind) folded on the Turn
Seat 8: pokerbrat723 folded before Flop (didn't bet)
Seat 9: k0vacs folded before Flop (didn't bet)



PokerStars Hand #224464544071:  Hold'em No Limit ($0.01/$0.02 USD) - 2021/03/04 16:13:33 PT [2021/03/04 19:13:33 ET]
Table 'Patry' 9-max Seat #6 is the button
Seat 1: thrmsix ($2.92 in chips) 
Seat 2: Dorex2007 ($2.52 in chips) 
Seat 3: sidi0usss ($2 in chips) 
Seat 4: Bobertul ($4.42 in chips) 
Seat 5: dboulay1979 ($2 in chips) 
Seat 6: tonyarena ($0.97 in chips) 
Seat 7: Parker09SA ($2.09 in chips) 
Seat 8: pokerbrat723 ($1.18 in chips) 
Seat 9: k0vacs ($1.71 in chips) 
Parker09SA: posts small blind $0.01
pokerbrat723: posts big blind $0.02
dboulay1979: posts big blind $0.02
*** HOLE CARDS ***
Dealt to Dorex2007 [Ad Kd]
k0vacs: raises $0.03 to $0.05
thrmsix: folds 
Dorex2007: raises $0.09 to $0.14
sidi0usss: folds 
Bobertul: folds 
dboulay1979: folds 
tonyarena: folds 
Parker09SA: folds 
pokerbrat723: folds 
k0vacs: folds 
Uncalled bet ($0.09) returned to Dorex2007
Dorex2007 collected $0.15 from pot
Dorex2007: doesn't show hand 
*** SUMMARY ***
Total pot $0.15 | Rake $0 
Seat 1: thrmsix folded before Flop (didn't bet)
Seat 2: Dorex2007 collected ($0.15)
Seat 3: sidi0usss folded before Flop (didn't bet)
Seat 4: Bobertul folded before Flop (didn't bet)
Seat 5: dboulay1979 folded before Flop (didn't bet)
Seat 6: tonyarena (button) folded before Flop (didn't bet)
Seat 7: Parker09SA (small blind) folded before Flop
Seat 8: pokerbrat723 (big blind) folded before Flop
Seat 9: k0vacs folded before Flop



PokerStars Hand #224464555131:  Hold'em No Limit ($0.01/$0.02 USD) - 2021/03/04 16:14:00 PT [2021/03/04 19:14:00 ET]
Table 'Patry' 9-max Seat #7 is the button
Seat 1: thrmsix ($2.92 in chips) 
Seat 2: Dorex2007 ($2.62 in chips) 
Seat 3: sidi0usss ($2 in chips) 
Seat 4: Bobertul ($4.42 in chips) 
Seat 5: dboulay1979 ($2 in chips) 
Seat 6: tonyarena ($0.97 in chips) 
Seat 7: Parker09SA ($2.08 in chips) 
Seat 8: pokerbrat723 ($1.16 in chips) 
Seat 9: k0vacs ($1.66 in chips) 
pokerbrat723: posts small blind $0.01
k0vacs: posts big blind $0.02
*** HOLE CARDS ***
Dealt to Dorex2007 [4s 4d]
thrmsix: folds 
Dorex2007: calls $0.02
sidi0usss: folds 
Bobertul: folds 
dboulay1979: folds 
tonyarena: folds 
Parker09SA: folds 
pokerbrat723: calls $0.01
k0vacs: checks 
*** FLOP *** [5c Qd 2h]
pokerbrat723: checks 
k0vacs: checks 
Dorex2007: bets $0.05
pokerbrat723: folds 
k0vacs: calls $0.05
*** TURN *** [5c Qd 2h] [9d]
k0vacs: checks 
Dorex2007: checks 
*** RIVER *** [5c Qd 2h 9d] [9s]
k0vacs: checks 
Dorex2007: bets $0.15
k0vacs: calls $0.15
*** SHOW DOWN ***
Dorex2007: shows [4s 4d] (two pair, Nines and Fours)
k0vacs: shows [7s 7h] (two pair, Nines and Sevens)
k0vacs collected $0.44 from pot
*** SUMMARY ***
Total pot $0.46 | Rake $0.02 
Board [5c Qd 2h 9d 9s]
Seat 1: thrmsix folded before Flop (didn't bet)
Seat 2: Dorex2007 showed [4s 4d] and lost with two pair, Nines and Fours
Seat 3: sidi0usss folded before Flop (didn't bet)
Seat 4: Bobertul folded before Flop (didn't bet)
Seat 5: dboulay1979 folded before Flop (didn't bet)
Seat 6: tonyarena folded before Flop (didn't bet)
Seat 7: Parker09SA (button) folded before Flop (didn't bet)
Seat 8: pokerbrat723 (small blind) folded on the Flop
Seat 9: k0vacs (big blind) showed [7s 7h] and won ($0.44) with two pair, Nines and Sevens



PokerStars Hand #224464574446:  Hold'em No Limit ($0.01/$0.02 USD) - 2021/03/04 16:14:47 PT [2021/03/04 19:14:47 ET]
Table 'Patry' 9-max Seat #8 is the button
Seat 1: thrmsix ($2.92 in chips) 
Seat 2: Dorex2007 ($2.40 in chips) 
Seat 3: sidi0usss ($2 in chips) 
Seat 4: Bobertul ($4.42 in chips) 
Seat 5: dboulay1979 ($2 in chips) 
Seat 6: tonyarena ($0.97 in chips) 
Seat 7: Parker09SA ($2.08 in chips) 
Seat 8: pokerbrat723 ($1.14 in chips) 
Seat 9: k0vacs ($1.88 in chips) 
k0vacs: posts small blind $0.01
thrmsix: posts big blind $0.02
*** HOLE CARDS ***
Dealt to Dorex2007 [6s 5s]
Dorex2007: calls $0.02
sidi0usss: folds 
Bobertul: folds 
dboulay1979: folds 
tonyarena: folds 
Parker09SA: folds 
pokerbrat723: calls $0.02
k0vacs: calls $0.01
thrmsix: checks 
*** FLOP *** [Qd Qh Th]
k0vacs: checks 
thrmsix: checks 
Dorex2007: checks 
pokerbrat723: checks 
*** TURN *** [Qd Qh Th] [Tc]
k0vacs: checks 
thrmsix: checks 
Dorex2007: checks 
pokerbrat723: checks 
*** RIVER *** [Qd Qh Th Tc] [7s]
k0vacs: checks 
thrmsix: checks 
Dorex2007: checks 
pokerbrat723: checks 
*** SHOW DOWN ***
k0vacs: shows [4d 3d] (two pair, Queens and Tens)
thrmsix: shows [8c 8s] (two pair, Queens and Tens - Eight kicker)
Dorex2007: mucks hand 
pokerbrat723: mucks hand 
thrmsix collected $0.08 from pot
*** SUMMARY ***
Total pot $0.08 | Rake $0 
Board [Qd Qh Th Tc 7s]
Seat 1: thrmsix (big blind) showed [8c 8s] and won ($0.08) with two pair, Queens and Tens
Seat 2: Dorex2007 mucked [6s 5s]
Seat 3: sidi0usss folded before Flop (didn't bet)
Seat 4: Bobertul folded before Flop (didn't bet)
Seat 5: dboulay1979 folded before Flop (didn't bet)
Seat 6: tonyarena folded before Flop (didn't bet)
Seat 7: Parker09SA folded before Flop (didn't bet)
Seat 8: pokerbrat723 (button) mucked [4h 3h]
Seat 9: k0vacs (small blind) showed [4d 3d] and lost with two pair, Queens and Tens



PokerStars Hand #224464600505:  Hold'em No Limit ($0.01/$0.02 USD) - 2021/03/04 16:15:50 PT [2021/03/04 19:15:50 ET]
Table 'Patry' 9-max Seat #9 is the button
Seat 1: thrmsix ($2.98 in chips) 
Seat 2: Dorex2007 ($2.38 in chips) 
Seat 3: sidi0usss ($2 in chips) 
Seat 4: Bobertul ($4.42 in chips) 
Seat 5: dboulay1979 ($2 in chips) 
Seat 6: tonyarena ($0.97 in chips) 
Seat 7: Parker09SA ($2.08 in chips) 
Seat 8: pokerbrat723 ($1.12 in chips) 
Seat 9: k0vacs ($1.86 in chips) 
thrmsix: posts small blind $0.01
Dorex2007: posts big blind $0.02
*** HOLE CARDS ***
Dealt to Dorex2007 [Ac 4c]
sidi0usss: folds 
Bobertul: folds 
dboulay1979: folds 
tonyarena: folds 
Parker09SA: folds 
pokerbrat723: folds 
k0vacs: raises $0.03 to $0.05
thrmsix: folds 
Dorex2007: calls $0.03
*** FLOP *** [7s 8c 6c]
Dorex2007: checks 
k0vacs: bets $0.10
Dorex2007: calls $0.10
*** TURN *** [7s 8c 6c] [8d]
Dorex2007: checks 
k0vacs: bets $0.30
Dorex2007: calls $0.30
*** RIVER *** [7s 8c 6c 8d] [6d]
Dorex2007: bets $0.88
k0vacs: calls $0.88
*** SHOW DOWN ***
Dorex2007: shows [Ac 4c] (two pair, Eights and Sixes)
k0vacs: shows [9s Th] (a straight, Six to Ten)
k0vacs collected $2.58 from pot
*** SUMMARY ***
Total pot $2.67 | Rake $0.09 
Board [7s 8c 6c 8d 6d]
Seat 1: thrmsix (small blind) folded before Flop
Seat 2: Dorex2007 (big blind) showed [Ac 4c] and lost with two pair, Eights and Sixes
Seat 3: sidi0usss folded before Flop (didn't bet)
Seat 4: Bobertul folded before Flop (didn't bet)
Seat 5: dboulay1979 folded before Flop (didn't bet)
Seat 6: tonyarena folded before Flop (didn't bet)
Seat 7: Parker09SA folded before Flop (didn't bet)
Seat 8: pokerbrat723 folded before Flop (didn't bet)
Seat 9: k0vacs (button) showed [9s Th] and won ($2.58) with a straight, Six to Ten



PokerStars Hand #224464642588:  Hold'em No Limit ($0.01/$0.02 USD) - 2021/03/04 16:17:10 PT [2021/03/04 19:17:10 ET]
Table 'Patry' 9-max Seat #1 is the button
Seat 1: thrmsix ($2.97 in chips) 
Seat 2: Dorex2007 ($1.05 in chips) 
Seat 3: sidi0usss ($2 in chips) 
Seat 4: Bobertul ($4.42 in chips) 
Seat 5: dboulay1979 ($2 in chips) 
Seat 6: tonyarena ($0.97 in chips) 
Seat 7: Parker09SA ($2.08 in chips) 
Seat 8: pokerbrat723 ($1.12 in chips) 
Seat 9: k0vacs ($3.11 in chips) 
Dorex2007: posts small blind $0.01
sidi0usss: posts big blind $0.02
*** HOLE CARDS ***
Dealt to Dorex2007 [Kc Qh]
Bobertul: folds 
dboulay1979: folds 
tonyarena: folds 
Parker09SA has timed out
Parker09SA: folds 
pokerbrat723: folds 
k0vacs: raises $0.03 to $0.05
thrmsix: folds 
Dorex2007: calls $0.04
sidi0usss: calls $0.03
*** FLOP *** [Jc 8s Ks]
Dorex2007: checks 
sidi0usss: checks 
k0vacs: bets $0.10
Dorex2007: raises $0.16 to $0.26
sidi0usss: folds 
k0vacs: raises $2.80 to $3.06 and is all-in
Dorex2007: calls $0.74 and is all-in
Uncalled bet ($2.06) returned to k0vacs
*** TURN *** [Jc 8s Ks] [8h]
*** RIVER *** [Jc 8s Ks 8h] [3d]
*** SHOW DOWN ***
Dorex2007: shows [Kc Qh] (two pair, Kings and Eights)
k0vacs: shows [Ad Kd] (two pair, Kings and Eights - Ace kicker)
k0vacs cashed out the hand for $1.75 | Cash Out Fee $0.02
*** SUMMARY ***
Total pot $2.15 | Rake $0.08 
Board [Jc 8s Ks 8h 3d]
Seat 1: thrmsix (button) folded before Flop (didn't bet)
Seat 2: Dorex2007 (small blind) showed [Kc Qh] and lost with two pair, Kings and Eights
Seat 3: sidi0usss (big blind) folded on the Flop
Seat 4: Bobertul folded before Flop (didn't bet)
Seat 5: dboulay1979 folded before Flop (didn't bet)
Seat 6: tonyarena folded before Flop (didn't bet)
Seat 7: Parker09SA folded before Flop (didn't bet)
Seat 8: pokerbrat723 folded before Flop (didn't bet)
Seat 9: k0vacs showed [Ad Kd] and won ($2.07) with two pair, Kings and Eights (pot not awarded as player cashed out)



PokerStars Hand #224464676326:  Hold'em No Limit ($0.01/$0.02 USD) - 2021/03/04 16:18:32 PT [2021/03/04 19:18:32 ET]
Table 'Patry' 9-max Seat #2 is the button
Seat 1: thrmsix ($2.97 in chips) 
Seat 2: Dorex2007 ($0.80 in chips) 
Seat 3: sidi0usss ($2 in chips) 
Seat 4: Bobertul ($4.42 in chips) 
Seat 5: dboulay1979 ($2 in chips) 
Seat 6: tonyarena ($0.97 in chips) 
Seat 8: pokerbrat723 ($1.12 in chips) 
Seat 9: k0vacs ($3.81 in chips) 
sidi0usss: posts small blind $0.01
Bobertul: posts big blind $0.02
*** HOLE CARDS ***
Dealt to Dorex2007 [8d 9h]
dboulay1979: folds 
tonyarena has timed out
tonyarena: folds 
pokerbrat723: raises $0.05 to $0.07
k0vacs: folds 
thrmsix: folds 
Dorex2007: folds 
sidi0usss: folds 
Bobertul: folds 
Uncalled bet ($0.05) returned to pokerbrat723
pokerbrat723 collected $0.05 from pot
*** SUMMARY ***
Total pot $0.05 | Rake $0 
Seat 1: thrmsix folded before Flop (didn't bet)
Seat 2: Dorex2007 (button) folded before Flop (didn't bet)
Seat 3: sidi0usss (small blind) folded before Flop
Seat 4: Bobertul (big blind) folded before Flop
Seat 5: dboulay1979 folded before Flop (didn't bet)
Seat 6: tonyarena folded before Flop (didn't bet)
Seat 8: pokerbrat723 collected ($0.05)
Seat 9: k0vacs folded before Flop (didn't bet)



PokerStars Hand #224464686671:  Hold'em No Limit ($0.01/$0.02 USD) - 2021/03/04 16:18:57 PT [2021/03/04 19:18:57 ET]
Table 'Patry' 9-max Seat #3 is the button
Seat 1: thrmsix ($2.97 in chips) 
Seat 2: Dorex2007 ($1.60 in chips) 
Seat 3: sidi0usss ($2 in chips) 
Seat 4: Bobertul ($4.40 in chips) 
Seat 5: dboulay1979 ($2 in chips) 
Seat 6: tonyarena ($0.97 in chips) 
Seat 8: pokerbrat723 ($1.15 in chips) 
Seat 9: k0vacs ($3.81 in chips) 
Bobertul: posts small blind $0.01
dboulay1979: posts big blind $0.02
*** HOLE CARDS ***
Dealt to Dorex2007 [Kd Jd]
tonyarena: calls $0.02
pokerbrat723: calls $0.02
k0vacs: folds 
thrmsix: folds 
Dorex2007: raises $0.04 to $0.06
sidi0usss: folds 
Bobertul: folds 
dboulay1979: calls $0.04
tonyarena: calls $0.04
pokerbrat723: calls $0.04
*** FLOP *** [Ks 2c Qs]
dboulay1979: checks 
tonyarena: checks 
pokerbrat723: checks 
Dorex2007: bets $0.18
dboulay1979: folds 
tonyarena: folds 
pokerbrat723: folds 
Uncalled bet ($0.18) returned to Dorex2007
Dorex2007 collected $0.24 from pot
Dorex2007: doesn't show hand 
*** SUMMARY ***
Total pot $0.25 | Rake $0.01 
Board [Ks 2c Qs]
Seat 1: thrmsix folded before Flop (didn't bet)
Seat 2: Dorex2007 collected ($0.24)
Seat 3: sidi0usss (button) folded before Flop (didn't bet)
Seat 4: Bobertul (small blind) folded before Flop
Seat 5: dboulay1979 (big blind) folded on the Flop
Seat 6: tonyarena folded on the Flop
Seat 8: pokerbrat723 folded on the Flop
Seat 9: k0vacs folded before Flop (didn't bet)



PokerStars Hand #224464710162:  Hold'em No Limit ($0.01/$0.02 USD) - 2021/03/04 16:19:55 PT [2021/03/04 19:19:55 ET]
Table 'Patry' 9-max Seat #4 is the button
Seat 1: thrmsix ($2.97 in chips) 
Seat 2: Dorex2007 ($1.78 in chips) 
Seat 3: sidi0usss ($2 in chips) 
Seat 4: Bobertul ($4.39 in chips) 
Seat 5: dboulay1979 ($2 in chips) 
Seat 6: tonyarena ($0.91 in chips) 
Seat 8: pokerbrat723 ($1.09 in chips) 
Seat 9: k0vacs ($3.81 in chips) 
dboulay1979: posts small blind $0.01
tonyarena: posts big blind $0.02
*** HOLE CARDS ***
Dealt to Dorex2007 [Jh 4h]
pokerbrat723: calls $0.02
k0vacs: folds 
thrmsix: folds 
Dorex2007: folds 
sidi0usss: folds 
Bobertul: folds 
dboulay1979: calls $0.01
tonyarena: checks 
*** FLOP *** [4d Qc 9c]
dboulay1979: checks 
tonyarena: checks 
pokerbrat723: checks 
*** TURN *** [4d Qc 9c] [Qs]
dboulay1979: checks 
tonyarena: checks 
pokerbrat723: checks 
*** RIVER *** [4d Qc 9c Qs] [Ad]
dboulay1979: checks 
tonyarena: checks 
pokerbrat723: checks 
*** SHOW DOWN ***
dboulay1979: shows [3d 5d] (a pair of Queens)
tonyarena: shows [Ks 8s] (a pair of Queens - Ace+King kicker)
pokerbrat723: mucks hand 
tonyarena collected $0.06 from pot
*** SUMMARY ***
Total pot $0.06 | Rake $0 
Board [4d Qc 9c Qs Ad]
Seat 1: thrmsix folded before Flop (didn't bet)
Seat 2: Dorex2007 folded before Flop (didn't bet)
Seat 3: sidi0usss folded before Flop (didn't bet)
Seat 4: Bobertul (button) folded before Flop (didn't bet)
Seat 5: dboulay1979 (small blind) showed [3d 5d] and lost with a pair of Queens
Seat 6: tonyarena (big blind) showed [Ks 8s] and won ($0.06) with a pair of Queens
Seat 8: pokerbrat723 mucked [6h 8h]
Seat 9: k0vacs folded before Flop (didn't bet)



PokerStars Hand #224464727051:  Hold'em No Limit ($0.01/$0.02 USD) - 2021/03/04 16:20:37 PT [2021/03/04 19:20:37 ET]
Table 'Patry' 9-max Seat #5 is the button
Seat 1: thrmsix ($2.97 in chips) 
Seat 2: Dorex2007 ($1.78 in chips) 
Seat 3: sidi0usss ($2 in chips) 
Seat 4: Bobertul ($4.39 in chips) 
Seat 5: dboulay1979 ($2 in chips) 
Seat 6: tonyarena ($0.95 in chips) 
Seat 8: pokerbrat723 ($1.07 in chips) 
Seat 9: k0vacs ($3.81 in chips) 
tonyarena: posts small blind $0.01
pokerbrat723: posts big blind $0.02
*** HOLE CARDS ***
Dealt to Dorex2007 [7c 5d]
k0vacs: folds 
thrmsix: folds 
Dorex2007: folds 
sidi0usss has timed out
sidi0usss: folds 
Bobertul: folds 
dboulay1979: raises $0.04 to $0.06
tonyarena: folds 
pokerbrat723: calls $0.04
*** FLOP *** [6h 7h 4c]
pokerbrat723: bets $1.01 and is all-in
dboulay1979: folds 
Uncalled bet ($1.01) returned to pokerbrat723
pokerbrat723 collected $0.13 from pot
*** SUMMARY ***
Total pot $0.13 | Rake $0 
Board [6h 7h 4c]
Seat 1: thrmsix folded before Flop (didn't bet)
Seat 2: Dorex2007 folded before Flop (didn't bet)
Seat 3: sidi0usss folded before Flop (didn't bet)
Seat 4: Bobertul folded before Flop (didn't bet)
Seat 5: dboulay1979 (button) folded on the Flop
Seat 6: tonyarena (small blind) folded before Flop
Seat 8: pokerbrat723 (big blind) collected ($0.13)
Seat 9: k0vacs folded before Flop (didn't bet)



PokerStars Hand #224464742802:  Hold'em No Limit ($0.01/$0.02 USD) - 2021/03/04 16:21:16 PT [2021/03/04 19:21:16 ET]
Table 'Patry' 9-max Seat #6 is the button
Seat 1: thrmsix ($2.97 in chips) 
Seat 2: Dorex2007 ($1.78 in chips) 
Seat 3: sidi0usss ($2 in chips) 
Seat 4: Bobertul ($4.39 in chips) 
Seat 5: dboulay1979 ($2 in chips) 
Seat 6: tonyarena ($0.94 in chips) 
Seat 8: pokerbrat723 ($1.14 in chips) 
Seat 9: k0vacs ($3.81 in chips) 
pokerbrat723: posts small blind $0.01
k0vacs: posts big blind $0.02
*** HOLE CARDS ***
Dealt to Dorex2007 [9c Ad]
thrmsix: folds 
Dorex2007: calls $0.02
sidi0usss: folds 
Bobertul: raises $0.04 to $0.06
dboulay1979: calls $0.06
tonyarena: folds 
pokerbrat723: folds 
k0vacs: calls $0.04
Dorex2007: calls $0.04
*** FLOP *** [6s Kh 4d]
k0vacs: checks 
Dorex2007: checks 
Bobertul: checks 
dboulay1979: checks 
*** TURN *** [6s Kh 4d] [Ah]
k0vacs: checks 
Dorex2007: checks 
Bobertul: checks 
dboulay1979: checks 
*** RIVER *** [6s Kh 4d Ah] [Jd]
k0vacs: checks 
Dorex2007: checks 
Bobertul: bets $0.07
dboulay1979: folds 
k0vacs: folds 
Dorex2007: calls $0.07
*** SHOW DOWN ***
Bobertul: shows [9h Jh] (a pair of Jacks)
Dorex2007: shows [9c Ad] (a pair of Aces)
Dorex2007 collected $0.38 from pot
*** SUMMARY ***
Total pot $0.39 | Rake $0.01 
Board [6s Kh 4d Ah Jd]
Seat 1: thrmsix folded before Flop (didn't bet)
Seat 2: Dorex2007 showed [9c Ad] and won ($0.38) with a pair of Aces
Seat 3: sidi0usss folded before Flop (didn't bet)
Seat 4: Bobertul showed [9h Jh] and lost with a pair of Jacks
Seat 5: dboulay1979 folded on the River
Seat 6: tonyarena (button) folded before Flop (didn't bet)
Seat 8: pokerbrat723 (small blind) folded before Flop
Seat 9: k0vacs (big blind) folded on the River



PokerStars Hand #224464766055:  Hold'em No Limit ($0.01/$0.02 USD) - 2021/03/04 16:22:14 PT [2021/03/04 19:22:14 ET]
Table 'Patry' 9-max Seat #8 is the button
Seat 1: thrmsix ($2.97 in chips) 
Seat 2: Dorex2007 ($2.03 in chips) 
Seat 3: sidi0usss ($2 in chips) 
Seat 4: Bobertul ($4.26 in chips) 
Seat 5: dboulay1979 ($2 in chips) 
Seat 6: tonyarena ($0.94 in chips) 
Seat 8: pokerbrat723 ($1.13 in chips) 
Seat 9: k0vacs ($3.75 in chips) 
k0vacs: posts small blind $0.01
thrmsix: posts big blind $0.02
*** HOLE CARDS ***
Dealt to Dorex2007 [2c Tc]
Dorex2007: folds 
sidi0usss: folds 
Bobertul: folds 
dboulay1979: calls $0.02
tonyarena: calls $0.02
pokerbrat723: folds 
k0vacs: calls $0.01
thrmsix: checks 
*** FLOP *** [Td 3h Js]
k0vacs: checks 
thrmsix: checks 
dboulay1979: checks 
tonyarena: checks 
*** TURN *** [Td 3h Js] [Ac]
k0vacs: checks 
thrmsix: checks 
dboulay1979: checks 
tonyarena: checks 
*** RIVER *** [Td 3h Js Ac] [6d]
k0vacs: checks 
thrmsix: checks 
dboulay1979: checks 
tonyarena: bets $0.08
k0vacs: folds 
thrmsix: folds 
dboulay1979: folds 
Uncalled bet ($0.08) returned to tonyarena
tonyarena collected $0.08 from pot
tonyarena: doesn't show hand 
*** SUMMARY ***
Total pot $0.08 | Rake $0 
Board [Td 3h Js Ac 6d]
Seat 1: thrmsix (big blind) folded on the River
Seat 2: Dorex2007 folded before Flop (didn't bet)
Seat 3: sidi0usss folded before Flop (didn't bet)
Seat 4: Bobertul folded before Flop (didn't bet)
Seat 5: dboulay1979 folded on the River
Seat 6: tonyarena collected ($0.08)
Seat 8: pokerbrat723 (button) folded before Flop (didn't bet)
Seat 9: k0vacs (small blind) folded on the River



PokerStars Hand #224464804727:  Hold'em No Limit ($0.01/$0.02 USD) - 2021/03/04 16:23:39 PT [2021/03/04 19:23:39 ET]
Table 'Patry' 9-max Seat #9 is the button
Seat 1: thrmsix ($2.95 in chips) 
Seat 2: Dorex2007 ($2.03 in chips) 
Seat 3: sidi0usss ($2 in chips) 
Seat 4: Bobertul ($4.26 in chips) 
Seat 5: dboulay1979 ($2 in chips) 
Seat 6: tonyarena ($1 in chips) 
Seat 8: pokerbrat723 ($1.13 in chips) 
Seat 9: k0vacs ($3.73 in chips) 
thrmsix: posts small blind $0.01
Dorex2007: posts big blind $0.02
*** HOLE CARDS ***
Dealt to Dorex2007 [Jh 5h]
sidi0usss: folds 
Bobertul: raises $0.04 to $0.06
dboulay1979: calls $0.06
tonyarena: folds 
pokerbrat723: folds 
k0vacs: folds 
thrmsix: folds 
Dorex2007: folds 
*** FLOP *** [3c 2c 5c]
Bobertul: checks 
dboulay1979: checks 
*** TURN *** [3c 2c 5c] [Qd]
Bobertul: checks 
dboulay1979: checks 
*** RIVER *** [3c 2c 5c Qd] [7c]
Bobertul: checks 
dboulay1979: bets $0.11
Bobertul: folds 
Uncalled bet ($0.11) returned to dboulay1979
dboulay1979 collected $0.14 from pot
dboulay1979: doesn't show hand 
*** SUMMARY ***
Total pot $0.15 | Rake $0.01 
Board [3c 2c 5c Qd 7c]
Seat 1: thrmsix (small blind) folded before Flop
Seat 2: Dorex2007 (big blind) folded before Flop
Seat 3: sidi0usss folded before Flop (didn't bet)
Seat 4: Bobertul folded on the River
Seat 5: dboulay1979 collected ($0.14)
Seat 6: tonyarena folded before Flop (didn't bet)
Seat 8: pokerbrat723 folded before Flop (didn't bet)
Seat 9: k0vacs (button) folded before Flop (didn't bet)



PokerStars Hand #224464819547:  Hold'em No Limit ($0.01/$0.02 USD) - 2021/03/04 16:24:16 PT [2021/03/04 19:24:16 ET]
Table 'Patry' 9-max Seat #1 is the button
Seat 1: thrmsix ($2.94 in chips) 
Seat 2: Dorex2007 ($2.01 in chips) 
Seat 3: sidi0usss ($2 in chips) 
Seat 4: Bobertul ($4.20 in chips) 
Seat 5: dboulay1979 ($2.08 in chips) 
Seat 6: tonyarena ($1 in chips) 
Seat 8: pokerbrat723 ($1.13 in chips) 
Seat 9: k0vacs ($3.73 in chips) 
Dorex2007: posts small blind $0.01
sidi0usss: posts big blind $0.02
*** HOLE CARDS ***
Dealt to Dorex2007 [Ad 4h]
Bobertul: folds 
dboulay1979: calls $0.02
tonyarena: folds 
pokerbrat723: calls $0.02
k0vacs: folds 
thrmsix: calls $0.02
Dorex2007: calls $0.01
sidi0usss: checks 
*** FLOP *** [Ks Qh Qs]
Dorex2007: checks 
sidi0usss: checks 
dboulay1979: checks 
pokerbrat723: checks 
thrmsix: checks 
*** TURN *** [Ks Qh Qs] [2c]
Dorex2007: checks 
sidi0usss: checks 
dboulay1979: checks 
pokerbrat723: checks 
thrmsix: checks 
*** RIVER *** [Ks Qh Qs 2c] [Js]
Dorex2007: checks 
sidi0usss: checks 
dboulay1979: checks 
pokerbrat723: bets $0.10
thrmsix: folds 
Dorex2007: folds 
sidi0usss: folds 
dboulay1979: folds 
Uncalled bet ($0.10) returned to pokerbrat723
pokerbrat723 collected $0.10 from pot
*** SUMMARY ***
Total pot $0.10 | Rake $0 
Board [Ks Qh Qs 2c Js]
Seat 1: thrmsix (button) folded on the River
Seat 2: Dorex2007 (small blind) folded on the River
Seat 3: sidi0usss (big blind) folded on the River
Seat 4: Bobertul folded before Flop (didn't bet)
Seat 5: dboulay1979 folded on the River
Seat 6: tonyarena folded before Flop (didn't bet)
Seat 8: pokerbrat723 collected ($0.10)
Seat 9: k0vacs folded before Flop (didn't bet)



PokerStars Hand #224464846826:  Hold'em No Limit ($0.01/$0.02 USD) - 2021/03/04 16:25:24 PT [2021/03/04 19:25:24 ET]
Table 'Patry' 9-max Seat #2 is the button
Seat 1: thrmsix ($2.92 in chips) 
Seat 2: Dorex2007 ($1.99 in chips) 
Seat 3: sidi0usss ($2 in chips) 
Seat 4: Bobertul ($4.20 in chips) 
Seat 5: dboulay1979 ($2.06 in chips) 
Seat 6: tonyarena ($1 in chips) 
Seat 8: pokerbrat723 ($1.21 in chips) 
Seat 9: k0vacs ($3.73 in chips) 
sidi0usss: posts small blind $0.01
Bobertul: posts big blind $0.02
Parker09SA: sits out 
*** HOLE CARDS ***
Dealt to Dorex2007 [9h 8c]
dboulay1979: calls $0.02
tonyarena: calls $0.02
pokerbrat723: calls $0.02
k0vacs: raises $0.08 to $0.10
thrmsix: folds 
Dorex2007: folds 
sidi0usss: folds 
Bobertul: folds 
dboulay1979: calls $0.08
tonyarena: folds 
pokerbrat723: calls $0.08
*** FLOP *** [Js 6c 2h]
dboulay1979: checks 
pokerbrat723: checks 
k0vacs: checks 
*** TURN *** [Js 6c 2h] [6h]
dboulay1979: bets $0.17
pokerbrat723: folds 
k0vacs: folds 
Uncalled bet ($0.17) returned to dboulay1979
dboulay1979 collected $0.34 from pot
dboulay1979: doesn't show hand 
*** SUMMARY ***
Total pot $0.35 | Rake $0.01 
Board [Js 6c 2h 6h]
Seat 1: thrmsix folded before Flop (didn't bet)
Seat 2: Dorex2007 (button) folded before Flop (didn't bet)
Seat 3: sidi0usss (small blind) folded before Flop
Seat 4: Bobertul (big blind) folded before Flop
Seat 5: dboulay1979 collected ($0.34)
Seat 6: tonyarena folded before Flop
Seat 8: pokerbrat723 folded on the Turn
Seat 9: k0vacs folded on the Turn



PokerStars Hand #224464862916:  Hold'em No Limit ($0.01/$0.02 USD) - 2021/03/04 16:26:04 PT [2021/03/04 19:26:04 ET]
Table 'Patry' 9-max Seat #3 is the button
Seat 1: thrmsix ($2.92 in chips) 
Seat 2: Dorex2007 ($1.99 in chips) 
Seat 3: sidi0usss ($2 in chips) 
Seat 4: Bobertul ($4.18 in chips) 
Seat 6: tonyarena ($0.98 in chips) 
Seat 8: pokerbrat723 ($1.11 in chips) 
Seat 9: k0vacs ($3.63 in chips) 
Bobertul: posts small blind $0.01
tonyarena: posts big blind $0.02
Parker09SA: sits out 
*** HOLE CARDS ***
Dealt to Dorex2007 [6d 2h]
pokerbrat723: folds 
k0vacs: folds 
thrmsix: folds 
Dorex2007: folds 
sidi0usss: folds 
Bobertul: folds 
Uncalled bet ($0.01) returned to tonyarena
tonyarena collected $0.02 from pot
tonyarena: doesn't show hand 
*** SUMMARY ***
Total pot $0.02 | Rake $0 
Seat 1: thrmsix folded before Flop (didn't bet)
Seat 2: Dorex2007 folded before Flop (didn't bet)
Seat 3: sidi0usss (button) folded before Flop (didn't bet)
Seat 4: Bobertul (small blind) folded before Flop
Seat 6: tonyarena (big blind) collected ($0.02)
Seat 8: pokerbrat723 folded before Flop (didn't bet)
Seat 9: k0vacs folded before Flop (didn't bet)



PokerStars Hand #224464869107:  Hold'em No Limit ($0.01/$0.02 USD) - 2021/03/04 16:26:21 PT [2021/03/04 19:26:21 ET]
Table 'Patry' 9-max Seat #4 is the button
Seat 1: thrmsix ($2.92 in chips) 
Seat 2: Dorex2007 ($1.99 in chips) 
Seat 3: sidi0usss ($2 in chips) 
Seat 4: Bobertul ($4.17 in chips) 
Seat 6: tonyarena ($0.99 in chips) 
Seat 7: Parker09SA ($2.08 in chips) 
Seat 8: pokerbrat723 ($1.11 in chips) 
Seat 9: k0vacs ($3.63 in chips) 
tonyarena: posts small blind $0.01
Parker09SA: posts big blind $0.02
*** HOLE CARDS ***
Dealt to Dorex2007 [4d 8h]
pokerbrat723: folds 
k0vacs: folds 
thrmsix: raises $0.04 to $0.06
Dorex2007: folds 
sidi0usss: folds 
Bobertul: calls $0.06
tonyarena: calls $0.05
Parker09SA: calls $0.04
*** FLOP *** [Js Ah Qh]
dboulay1979 leaves the table
tonyarena: checks 
Parker09SA: checks 
alfcapone87 joins the table at seat #5 
thrmsix: bets $0.23
Bobertul: folds 
tonyarena: folds 
Parker09SA: calls $0.23
*** TURN *** [Js Ah Qh] [3s]
Parker09SA: checks 
thrmsix: bets $0.20
Parker09SA: calls $0.20
*** RIVER *** [Js Ah Qh 3s] [9c]
Parker09SA: bets $1.59 and is all-in
thrmsix: calls $1.59
*** SHOW DOWN ***
Parker09SA: shows [8s Ts] (a straight, Eight to Queen)
thrmsix: shows [Ac Qd] (two pair, Aces and Queens)
Parker09SA collected $4.13 from pot
*** SUMMARY ***
Total pot $4.28 | Rake $0.15 
Board [Js Ah Qh 3s 9c]
Seat 1: thrmsix showed [Ac Qd] and lost with two pair, Aces and Queens
Seat 2: Dorex2007 folded before Flop (didn't bet)
Seat 3: sidi0usss folded before Flop (didn't bet)
Seat 4: Bobertul (button) folded on the Flop
Seat 6: tonyarena (small blind) folded on the Flop
Seat 7: Parker09SA (big blind) showed [8s Ts] and won ($4.13) with a straight, Eight to Queen
Seat 8: pokerbrat723 folded before Flop (didn't bet)
Seat 9: k0vacs folded before Flop (didn't bet)



PokerStars Hand #224464903403:  Hold'em No Limit ($0.01/$0.02 USD) - 2021/03/04 16:27:48 PT [2021/03/04 19:27:48 ET]
Table 'Patry' 9-max Seat #6 is the button
Seat 1: thrmsix ($0.84 in chips) 
Seat 2: Dorex2007 ($1.99 in chips) 
Seat 3: sidi0usss ($2 in chips) 
Seat 4: Bobertul ($4.11 in chips) 
Seat 6: tonyarena ($0.93 in chips) 
Seat 7: Parker09SA ($4.13 in chips) 
Seat 8: pokerbrat723 ($1.11 in chips) 
Seat 9: k0vacs ($3.63 in chips) 
Parker09SA: posts small blind $0.01
pokerbrat723: posts big blind $0.02
alfcapone87: sits out 
*** HOLE CARDS ***
Dealt to Dorex2007 [9d 5s]
k0vacs: folds 
thrmsix: folds 
Dorex2007: folds 
sidi0usss: raises $0.04 to $0.06
Bobertul: folds 
tonyarena: folds 
Parker09SA: folds 
pokerbrat723: folds 
Uncalled bet ($0.04) returned to sidi0usss
sidi0usss collected $0.05 from pot
sidi0usss: doesn't show hand 
*** SUMMARY ***
Total pot $0.05 | Rake $0 
Seat 1: thrmsix folded before Flop (didn't bet)
Seat 2: Dorex2007 folded before Flop (didn't bet)
Seat 3: sidi0usss collected ($0.05)
Seat 4: Bobertul folded before Flop (didn't bet)
Seat 6: tonyarena (button) folded before Flop (didn't bet)
Seat 7: Parker09SA (small blind) folded before Flop
Seat 8: pokerbrat723 (big blind) folded before Flop
Seat 9: k0vacs folded before Flop (didn't bet)



PokerStars Hand #224464909627:  Hold'em No Limit ($0.01/$0.02 USD) - 2021/03/04 16:28:04 PT [2021/03/04 19:28:04 ET]
Table 'Patry' 9-max Seat #7 is the button
Seat 1: thrmsix ($0.84 in chips) 
Seat 2: Dorex2007 ($1.99 in chips) 
Seat 3: sidi0usss ($2.03 in chips) 
Seat 4: Bobertul ($4.11 in chips) 
Seat 6: tonyarena ($0.93 in chips) 
Seat 7: Parker09SA ($4.12 in chips) 
Seat 8: pokerbrat723 ($1.09 in chips) 
Seat 9: k0vacs ($3.63 in chips) 
pokerbrat723: posts small blind $0.01
k0vacs: posts big blind $0.02
alfcapone87: sits out 
*** HOLE CARDS ***
Dealt to Dorex2007 [5c 6c]
thrmsix: folds 
Dorex2007: folds 
sidi0usss: folds 
Bobertul: raises $0.04 to $0.06
tonyarena: folds 
Parker09SA: folds 
pokerbrat723: folds 
k0vacs: folds 
Uncalled bet ($0.04) returned to Bobertul
Bobertul collected $0.05 from pot
Bobertul: doesn't show hand 
*** SUMMARY ***
Total pot $0.05 | Rake $0 
Seat 1: thrmsix folded before Flop (didn't bet)
Seat 2: Dorex2007 folded before Flop (didn't bet)
Seat 3: sidi0usss folded before Flop (didn't bet)
Seat 4: Bobertul collected ($0.05)
Seat 6: tonyarena folded before Flop (didn't bet)
Seat 7: Parker09SA (button) folded before Flop (didn't bet)
Seat 8: pokerbrat723 (small blind) folded before Flop
Seat 9: k0vacs (big blind) folded before Flop



PokerStars Hand #224464916016:  Hold'em No Limit ($0.01/$0.02 USD) - 2021/03/04 16:28:21 PT [2021/03/04 19:28:21 ET]
Table 'Patry' 9-max Seat #8 is the button
Seat 1: thrmsix ($0.84 in chips) 
Seat 2: Dorex2007 ($1.99 in chips) 
Seat 3: sidi0usss ($2.03 in chips) 
Seat 4: Bobertul ($4.14 in chips) 
Seat 6: tonyarena ($0.93 in chips) 
Seat 7: Parker09SA ($4.12 in chips) 
Seat 8: pokerbrat723 ($1.08 in chips) 
Seat 9: k0vacs ($3.61 in chips) 
k0vacs: posts small blind $0.01
thrmsix: posts big blind $0.02
alfcapone87: sits out 
*** HOLE CARDS ***
Dealt to Dorex2007 [5d 3d]
Dorex2007: folds 
sidi0usss: folds 
Bobertul: folds 
tonyarena: calls $0.02
Parker09SA: folds 
pokerbrat723: folds 
k0vacs: calls $0.01
thrmsix: checks 
*** FLOP *** [7d 6c Ks]
k0vacs: checks 
thrmsix: checks 
tonyarena: bets $0.06
k0vacs: folds 
thrmsix: folds 
Uncalled bet ($0.06) returned to tonyarena
tonyarena collected $0.06 from pot
tonyarena: doesn't show hand 
*** SUMMARY ***
Total pot $0.06 | Rake $0 
Board [7d 6c Ks]
Seat 1: thrmsix (big blind) folded on the Flop
Seat 2: Dorex2007 folded before Flop (didn't bet)
Seat 3: sidi0usss folded before Flop (didn't bet)
Seat 4: Bobertul folded before Flop (didn't bet)
Seat 6: tonyarena collected ($0.06)
Seat 7: Parker09SA folded before Flop (didn't bet)
Seat 8: pokerbrat723 (button) folded before Flop (didn't bet)
Seat 9: k0vacs (small blind) folded on the Flop



PokerStars Hand #224464930477:  Hold'em No Limit ($0.01/$0.02 USD) - 2021/03/04 16:28:57 PT [2021/03/04 19:28:57 ET]
Table 'Patry' 9-max Seat #9 is the button
Seat 1: thrmsix ($0.82 in chips) 
Seat 2: Dorex2007 ($1.99 in chips) 
Seat 3: sidi0usss ($2.03 in chips) 
Seat 4: Bobertul ($4.14 in chips) 
Seat 6: tonyarena ($0.97 in chips) 
Seat 7: Parker09SA ($4.12 in chips) 
Seat 8: pokerbrat723 ($1.08 in chips) 
Seat 9: k0vacs ($3.59 in chips) 
thrmsix: posts small blind $0.01
Dorex2007: posts big blind $0.02
alfcapone87: sits out 
*** HOLE CARDS ***
Dealt to Dorex2007 [5c 9d]
sidi0usss: folds 
Bobertul: folds 
tonyarena: calls $0.02
Parker09SA: folds 
pokerbrat723: calls $0.02
k0vacs: folds 
thrmsix: folds 
Dorex2007: checks 
*** FLOP *** [Qs 6s Qd]
Dorex2007: checks 
tonyarena: checks 
pokerbrat723: checks 
*** TURN *** [Qs 6s Qd] [Ad]
Dorex2007: checks 
tonyarena: checks 
pokerbrat723: bets $0.02
Dorex2007: folds 
tonyarena: calls $0.02
*** RIVER *** [Qs 6s Qd Ad] [Ts]
tonyarena: checks 
pokerbrat723: checks 
*** SHOW DOWN ***
tonyarena: shows [Kc Tc] (two pair, Queens and Tens)
pokerbrat723: shows [6d Ac] (two pair, Aces and Queens)
pokerbrat723 collected $0.11 from pot
*** SUMMARY ***
Total pot $0.11 | Rake $0 
Board [Qs 6s Qd Ad Ts]
Seat 1: thrmsix (small blind) folded before Flop
Seat 2: Dorex2007 (big blind) folded on the Turn
Seat 3: sidi0usss folded before Flop (didn't bet)
Seat 4: Bobertul folded before Flop (didn't bet)
Seat 6: tonyarena showed [Kc Tc] and lost with two pair, Queens and Tens
Seat 7: Parker09SA folded before Flop (didn't bet)
Seat 8: pokerbrat723 showed [6d Ac] and won ($0.11) with two pair, Aces and Queens
Seat 9: k0vacs (button) folded before Flop (didn't bet)



PokerStars Hand #224464948700:  Hold'em No Limit ($0.01/$0.02 USD) - 2021/03/04 16:29:44 PT [2021/03/04 19:29:44 ET]
Table 'Patry' 9-max Seat #1 is the button
Seat 1: thrmsix ($0.81 in chips) 
Seat 2: Dorex2007 ($1.97 in chips) 
Seat 3: sidi0usss ($2.03 in chips) 
Seat 4: Bobertul ($4.14 in chips) 
Seat 6: tonyarena ($0.93 in chips) 
Seat 7: Parker09SA ($4.12 in chips) 
Seat 8: pokerbrat723 ($1.15 in chips) 
Seat 9: k0vacs ($3.59 in chips) 
Dorex2007: posts small blind $0.01
sidi0usss: posts big blind $0.02
alfcapone87: sits out 
*** HOLE CARDS ***
Dealt to Dorex2007 [7c 3s]
Bobertul: raises $0.04 to $0.06
tonyarena: folds 
Parker09SA: calls $0.06
pokerbrat723: folds 
k0vacs: folds 
thrmsix: folds 
Dorex2007: folds 
sidi0usss: calls $0.04
*** FLOP *** [2s 2c Jc]
sidi0usss: checks 
Bobertul: bets $0.10
Parker09SA: folds 
sidi0usss: folds 
Uncalled bet ($0.10) returned to Bobertul
Bobertul collected $0.18 from pot
Bobertul: doesn't show hand 
*** SUMMARY ***
Total pot $0.19 | Rake $0.01 
Board [2s 2c Jc]
Seat 1: thrmsix (button) folded before Flop (didn't bet)
Seat 2: Dorex2007 (small blind) folded before Flop
Seat 3: sidi0usss (big blind) folded on the Flop
Seat 4: Bobertul collected ($0.18)
Seat 6: tonyarena folded before Flop (didn't bet)
Seat 7: Parker09SA folded on the Flop
Seat 8: pokerbrat723 folded before Flop (didn't bet)
Seat 9: k0vacs folded before Flop (didn't bet)



PokerStars Hand #224464961041:  Hold'em No Limit ($0.01/$0.02 USD) - 2021/03/04 16:30:15 PT [2021/03/04 19:30:15 ET]
Table 'Patry' 9-max Seat #2 is the button
Seat 1: thrmsix ($0.81 in chips) 
Seat 2: Dorex2007 ($1.96 in chips) 
Seat 3: sidi0usss ($2 in chips) 
Seat 4: Bobertul ($4.26 in chips) 
Seat 6: tonyarena ($0.93 in chips) 
Seat 7: Parker09SA ($4.06 in chips) 
Seat 8: pokerbrat723 ($1.15 in chips) 
Seat 9: k0vacs ($3.59 in chips) 
sidi0usss: posts small blind $0.01
Bobertul: posts big blind $0.02
alfcapone87: sits out 
*** HOLE CARDS ***
Dealt to Dorex2007 [5h Ac]
tonyarena: calls $0.02
Parker09SA: folds 
pokerbrat723: folds 
k0vacs: folds 
thrmsix: folds 
Dorex2007: folds 
sidi0usss: calls $0.01
Bobertul: checks 
*** FLOP *** [3h Ks Qh]
sidi0usss: checks 
Bobertul: checks 
tonyarena: bets $0.06
sidi0usss: folds 
Bobertul: folds 
Uncalled bet ($0.06) returned to tonyarena
tonyarena collected $0.06 from pot
tonyarena: doesn't show hand 
*** SUMMARY ***
Total pot $0.06 | Rake $0 
Board [3h Ks Qh]
Seat 1: thrmsix folded before Flop (didn't bet)
Seat 2: Dorex2007 (button) folded before Flop (didn't bet)
Seat 3: sidi0usss (small blind) folded on the Flop
Seat 4: Bobertul (big blind) folded on the Flop
Seat 6: tonyarena collected ($0.06)
Seat 7: Parker09SA folded before Flop (didn't bet)
Seat 8: pokerbrat723 folded before Flop (didn't bet)
Seat 9: k0vacs folded before Flop (didn't bet)



PokerStars Hand #224464978576:  Hold'em No Limit ($0.01/$0.02 USD) - 2021/03/04 16:31:00 PT [2021/03/04 19:31:00 ET]
Table 'Patry' 9-max Seat #3 is the button
Seat 1: thrmsix ($0.81 in chips) 
Seat 2: Dorex2007 ($1.96 in chips) 
Seat 3: sidi0usss ($2 in chips) 
Seat 4: Bobertul ($4.24 in chips) 
Seat 5: alfcapone87 ($2 in chips) 
Seat 6: tonyarena ($0.97 in chips) 
Seat 7: Parker09SA ($4.06 in chips) 
Seat 8: pokerbrat723 ($1.15 in chips) 
Seat 9: k0vacs ($3.59 in chips) 
Bobertul: posts small blind $0.01
alfcapone87: posts big blind $0.02
*** HOLE CARDS ***
Dealt to Dorex2007 [Qh Kh]
tonyarena: folds 
Parker09SA: folds 
pokerbrat723: calls $0.02
k0vacs: folds 
thrmsix: folds 
Dorex2007: raises $0.04 to $0.06
sidi0usss: folds 
Bobertul: folds 
alfcapone87: folds 
pokerbrat723: calls $0.04
*** FLOP *** [9s 7h Jh]
pokerbrat723: checks 
Dorex2007: bets $0.14
pokerbrat723: folds 
Uncalled bet ($0.14) returned to Dorex2007
Dorex2007 collected $0.14 from pot
Dorex2007: doesn't show hand 
*** SUMMARY ***
Total pot $0.15 | Rake $0.01 
Board [9s 7h Jh]
Seat 1: thrmsix folded before Flop (didn't bet)
Seat 2: Dorex2007 collected ($0.14)
Seat 3: sidi0usss (button) folded before Flop (didn't bet)
Seat 4: Bobertul (small blind) folded before Flop
Seat 5: alfcapone87 (big blind) folded before Flop
Seat 6: tonyarena folded before Flop (didn't bet)
Seat 7: Parker09SA folded before Flop (didn't bet)
Seat 8: pokerbrat723 folded on the Flop
Seat 9: k0vacs folded before Flop (didn't bet)



PokerStars Hand #224464994355:  Hold'em No Limit ($0.01/$0.02 USD) - 2021/03/04 16:31:41 PT [2021/03/04 19:31:41 ET]
Table 'Patry' 9-max Seat #4 is the button
Seat 1: thrmsix ($0.81 in chips) 
Seat 2: Dorex2007 ($2.04 in chips) 
Seat 3: sidi0usss ($2 in chips) 
Seat 4: Bobertul ($4.23 in chips) 
Seat 5: alfcapone87 ($2 in chips) 
Seat 6: tonyarena ($0.97 in chips) 
Seat 7: Parker09SA ($4.06 in chips) 
Seat 8: pokerbrat723 ($1.09 in chips) 
Seat 9: k0vacs ($3.59 in chips) 
alfcapone87: posts small blind $0.01
tonyarena: posts big blind $0.02
*** HOLE CARDS ***
Dealt to Dorex2007 [9h 3s]
Parker09SA: folds 
pokerbrat723: folds 
k0vacs: folds 
thrmsix: folds 
Dorex2007: folds 
sidi0usss: raises $0.04 to $0.06
Bobertul: calls $0.06
alfcapone87: folds 
tonyarena: calls $0.04
*** FLOP *** [As 7d Jd]
tonyarena: checks 
sidi0usss: checks 
Bobertul: checks 
*** TURN *** [As 7d Jd] [Ks]
tonyarena: bets $0.12
sidi0usss: folds 
Bobertul: folds 
Uncalled bet ($0.12) returned to tonyarena
tonyarena collected $0.18 from pot
tonyarena: doesn't show hand 
*** SUMMARY ***
Total pot $0.19 | Rake $0.01 
Board [As 7d Jd Ks]
Seat 1: thrmsix folded before Flop (didn't bet)
Seat 2: Dorex2007 folded before Flop (didn't bet)
Seat 3: sidi0usss folded on the Turn
Seat 4: Bobertul (button) folded on the Turn
Seat 5: alfcapone87 (small blind) folded before Flop
Seat 6: tonyarena (big blind) collected ($0.18)
Seat 7: Parker09SA folded before Flop (didn't bet)
Seat 8: pokerbrat723 folded before Flop (didn't bet)
Seat 9: k0vacs folded before Flop (didn't bet)



PokerStars Hand #224465012320:  Hold'em No Limit ($0.01/$0.02 USD) - 2021/03/04 16:32:16 PT [2021/03/04 19:32:16 ET]
Table 'Patry' 9-max Seat #5 is the button
Seat 1: thrmsix ($0.81 in chips) 
Seat 2: Dorex2007 ($2.04 in chips) 
Seat 3: sidi0usss ($2 in chips) 
Seat 4: Bobertul ($4.17 in chips) 
Seat 5: alfcapone87 ($2 in chips) 
Seat 6: tonyarena ($1.09 in chips) 
Seat 7: Parker09SA ($4.06 in chips) 
Seat 8: pokerbrat723 ($1.09 in chips) 
Seat 9: k0vacs ($3.59 in chips) 
tonyarena: posts small blind $0.01
Parker09SA: posts big blind $0.02
*** HOLE CARDS ***
Dealt to Dorex2007 [9s 5h]
pokerbrat723: calls $0.02
k0vacs: folds 
thrmsix: folds 
Dorex2007: folds 
sidi0usss: folds 
Bobertul: folds 
alfcapone87: folds 
tonyarena: calls $0.01
Parker09SA: checks 
*** FLOP *** [Th 4s 4c]
tonyarena: checks 
Parker09SA: bets $0.06
pokerbrat723: folds 
tonyarena: folds 
Uncalled bet ($0.06) returned to Parker09SA
Parker09SA collected $0.06 from pot
Parker09SA: doesn't show hand 
*** SUMMARY ***
Total pot $0.06 | Rake $0 
Board [Th 4s 4c]
Seat 1: thrmsix folded before Flop (didn't bet)
Seat 2: Dorex2007 folded before Flop (didn't bet)
Seat 3: sidi0usss folded before Flop (didn't bet)
Seat 4: Bobertul folded before Flop (didn't bet)
Seat 5: alfcapone87 (button) folded before Flop (didn't bet)
Seat 6: tonyarena (small blind) folded on the Flop
Seat 7: Parker09SA (big blind) collected ($0.06)
Seat 8: pokerbrat723 folded on the Flop
Seat 9: k0vacs folded before Flop (didn't bet)



PokerStars Hand #224465033363:  Hold'em No Limit ($0.01/$0.02 USD) - 2021/03/04 16:33:10 PT [2021/03/04 19:33:10 ET]
Table 'Patry' 9-max Seat #6 is the button
Seat 1: thrmsix ($0.81 in chips) 
Seat 2: Dorex2007 ($2.04 in chips) 
Seat 3: sidi0usss ($2 in chips) 
Seat 4: Bobertul ($4.17 in chips) 
Seat 5: alfcapone87 ($2 in chips) 
Seat 6: tonyarena ($1.07 in chips) 
Seat 7: Parker09SA ($4.10 in chips) 
Seat 8: pokerbrat723 ($1.07 in chips) 
Seat 9: k0vacs ($3.59 in chips) 
Parker09SA: posts small blind $0.01
pokerbrat723: posts big blind $0.02
*** HOLE CARDS ***
Dealt to Dorex2007 [Kc Ks]
k0vacs: raises $0.03 to $0.05
thrmsix: folds 
Dorex2007: raises $0.05 to $0.10
sidi0usss: folds 
Bobertul: folds 
alfcapone87: folds 
sidi0usss leaves the table
tonyarena: folds 
Parker09SA: folds 
pokerbrat723: folds 
k0vacs: calls $0.05
*** FLOP *** [7h 8c 5d]
k0vacs: checks 
Dorex2007: bets $0.17
k0vacs: calls $0.17
*** TURN *** [7h 8c 5d] [7c]
k0vacs: checks 
PotwinMiss joins the table at seat #3 
Dorex2007: bets $0.88
k0vacs: folds 
Uncalled bet ($0.88) returned to Dorex2007
Dorex2007 collected $0.55 from pot
Dorex2007: doesn't show hand 
*** SUMMARY ***
Total pot $0.57 | Rake $0.02 
Board [7h 8c 5d 7c]
Seat 1: thrmsix folded before Flop (didn't bet)
Seat 2: Dorex2007 collected ($0.55)
Seat 3: sidi0usss folded before Flop (didn't bet)
Seat 4: Bobertul folded before Flop (didn't bet)
Seat 5: alfcapone87 folded before Flop (didn't bet)
Seat 6: tonyarena (button) folded before Flop (didn't bet)
Seat 7: Parker09SA (small blind) folded before Flop
Seat 8: pokerbrat723 (big blind) folded before Flop
Seat 9: k0vacs folded on the Turn



PokerStars Hand #224465060599:  Hold'em No Limit ($0.01/$0.02 USD) - 2021/03/04 16:34:03 PT [2021/03/04 19:34:03 ET]
Table 'Patry' 9-max Seat #7 is the button
Seat 1: thrmsix ($0.81 in chips) 
Seat 2: Dorex2007 ($2.32 in chips) 
Seat 4: Bobertul ($4.17 in chips) 
Seat 5: alfcapone87 ($2 in chips) 
Seat 6: tonyarena ($1.07 in chips) 
Seat 7: Parker09SA ($4.09 in chips) 
Seat 8: pokerbrat723 ($1.05 in chips) 
Seat 9: k0vacs ($3.32 in chips) 
pokerbrat723: posts small blind $0.01
k0vacs: posts big blind $0.02
PotwinMiss: sits out 
*** HOLE CARDS ***
Dealt to Dorex2007 [8s Kh]
thrmsix: folds 
Dorex2007: folds 
Bobertul: folds 
alfcapone87: folds 
tonyarena: folds 
PotwinMiss is disconnected 
Parker09SA has timed out
Parker09SA: folds 
pokerbrat723: calls $0.01
k0vacs: checks 
*** FLOP *** [Kc Jd 4s]
pokerbrat723: checks 
k0vacs: checks 
*** TURN *** [Kc Jd 4s] [3s]
pokerbrat723: bets $0.02
k0vacs: folds 
Uncalled bet ($0.02) returned to pokerbrat723
pokerbrat723 collected $0.04 from pot
*** SUMMARY ***
Total pot $0.04 | Rake $0 
Board [Kc Jd 4s 3s]
Seat 1: thrmsix folded before Flop (didn't bet)
Seat 2: Dorex2007 folded before Flop (didn't bet)
Seat 4: Bobertul folded before Flop (didn't bet)
Seat 5: alfcapone87 folded before Flop (didn't bet)
Seat 6: tonyarena folded before Flop (didn't bet)
Seat 7: Parker09SA (button) folded before Flop (didn't bet)
Seat 8: pokerbrat723 (small blind) collected ($0.04)
Seat 9: k0vacs (big blind) folded on the Turn



PokerStars Hand #224465076713:  Hold'em No Limit ($0.01/$0.02 USD) - 2021/03/04 16:34:44 PT [2021/03/04 19:34:44 ET]
Table 'Patry' 9-max Seat #8 is the button
Seat 1: thrmsix ($0.81 in chips) 
Seat 2: Dorex2007 ($2.32 in chips) 
Seat 4: Bobertul ($4.17 in chips) 
Seat 5: alfcapone87 ($2 in chips) 
Seat 6: tonyarena ($1.07 in chips) 
Seat 7: Parker09SA ($4.09 in chips) 
Seat 8: pokerbrat723 ($1.07 in chips) 
Seat 9: k0vacs ($3.30 in chips) 
k0vacs: posts small blind $0.01
thrmsix: posts big blind $0.02
PotwinMiss: sits out 
*** HOLE CARDS ***
Dealt to Dorex2007 [Kc 5h]
Dorex2007: folds 
Bobertul: folds 
alfcapone87: folds 
tonyarena: folds 
Parker09SA: folds 
pokerbrat723: calls $0.02
k0vacs: folds 
thrmsix: checks 
*** FLOP *** [Jh 3c 9d]
thrmsix: checks 
pokerbrat723: checks 
*** TURN *** [Jh 3c 9d] [Ts]
thrmsix: checks 
pokerbrat723: bets $0.02
thrmsix: calls $0.02
*** RIVER *** [Jh 3c 9d Ts] [Ah]
thrmsix: checks 
pokerbrat723: checks 
*** SHOW DOWN ***
thrmsix: shows [Qd 7h] (high card Ace)
pokerbrat723: shows [Qh Td] (a pair of Tens)
pokerbrat723 collected $0.09 from pot
*** SUMMARY ***
Total pot $0.09 | Rake $0 
Board [Jh 3c 9d Ts Ah]
Seat 1: thrmsix (big blind) showed [Qd 7h] and lost with high card Ace
Seat 2: Dorex2007 folded before Flop (didn't bet)
Seat 4: Bobertul folded before Flop (didn't bet)
Seat 5: alfcapone87 folded before Flop (didn't bet)
Seat 6: tonyarena folded before Flop (didn't bet)
Seat 7: Parker09SA folded before Flop (didn't bet)
Seat 8: pokerbrat723 (button) showed [Qh Td] and won ($0.09) with a pair of Tens
Seat 9: k0vacs (small blind) folded before Flop



PokerStars Hand #224465090357:  Hold'em No Limit ($0.01/$0.02 USD) - 2021/03/04 16:35:20 PT [2021/03/04 19:35:20 ET]
Table 'Patry' 9-max Seat #9 is the button
Seat 1: thrmsix ($0.77 in chips) 
Seat 2: Dorex2007 ($2.32 in chips) 
Seat 4: Bobertul ($4.17 in chips) 
Seat 5: alfcapone87 ($2 in chips) 
Seat 6: tonyarena ($1.07 in chips) 
Seat 7: Parker09SA ($4.09 in chips) 
Seat 8: pokerbrat723 ($1.12 in chips) 
Seat 9: k0vacs ($3.29 in chips) 
thrmsix: posts small blind $0.01
Dorex2007: posts big blind $0.02
PotwinMiss: sits out 
*** HOLE CARDS ***
Dealt to Dorex2007 [5d 9c]
Bobertul: folds 
alfcapone87 has timed out
alfcapone87: folds 
tonyarena: folds 
Parker09SA: raises $0.02 to $0.04
pokerbrat723: folds 
k0vacs: folds 
thrmsix: folds 
Dorex2007: folds 
Uncalled bet ($0.02) returned to Parker09SA
Parker09SA collected $0.05 from pot
Parker09SA: doesn't show hand 
*** SUMMARY ***
Total pot $0.05 | Rake $0 
Seat 1: thrmsix (small blind) folded before Flop
Seat 2: Dorex2007 (big blind) folded before Flop
Seat 4: Bobertul folded before Flop (didn't bet)
Seat 5: alfcapone87 folded before Flop (didn't bet)
Seat 6: tonyarena folded before Flop (didn't bet)
Seat 7: Parker09SA collected ($0.05)
Seat 8: pokerbrat723 folded before Flop (didn't bet)
Seat 9: k0vacs (button) folded before Flop (didn't bet)



PokerStars Hand #224465101200:  Hold'em No Limit ($0.01/$0.02 USD) - 2021/03/04 16:35:48 PT [2021/03/04 19:35:48 ET]
Table 'Patry' 9-max Seat #1 is the button
Seat 1: thrmsix ($0.76 in chips) 
Seat 2: Dorex2007 ($2.30 in chips) 
Seat 3: PotwinMiss ($0.80 in chips) 
Seat 4: Bobertul ($4.17 in chips) 
Seat 6: tonyarena ($1.07 in chips) 
Seat 7: Parker09SA ($4.12 in chips) 
Seat 8: pokerbrat723 ($1.12 in chips) 
Seat 9: k0vacs ($3.29 in chips) 
Dorex2007: posts small blind $0.01
PotwinMiss: posts big blind $0.02
*** HOLE CARDS ***
Dealt to Dorex2007 [5c Td]
Bobertul: folds 
tonyarena: calls $0.02
Parker09SA: folds 
pokerbrat723: folds 
k0vacs: raises $0.03 to $0.05
thrmsix: folds 
Dorex2007: folds 
PotwinMiss: folds 
tonyarena: calls $0.03
*** FLOP *** [Js 5h Ah]
tonyarena: checks 
k0vacs: bets $0.06
tonyarena: raises $0.06 to $0.12
k0vacs: folds 
Uncalled bet ($0.06) returned to tonyarena
tonyarena collected $0.24 from pot
tonyarena: doesn't show hand 
*** SUMMARY ***
Total pot $0.25 | Rake $0.01 
Board [Js 5h Ah]
Seat 1: thrmsix (button) folded before Flop (didn't bet)
Seat 2: Dorex2007 (small blind) folded before Flop
Seat 3: PotwinMiss (big blind) folded before Flop
Seat 4: Bobertul folded before Flop (didn't bet)
Seat 6: tonyarena collected ($0.24)
Seat 7: Parker09SA folded before Flop (didn't bet)
Seat 8: pokerbrat723 folded before Flop (didn't bet)
Seat 9: k0vacs folded on the Flop



PokerStars Hand #224465119920:  Hold'em No Limit ($0.01/$0.02 USD) - 2021/03/04 16:36:37 PT [2021/03/04 19:36:37 ET]
Table 'Patry' 9-max Seat #2 is the button
Seat 1: thrmsix ($0.76 in chips) 
Seat 2: Dorex2007 ($2.29 in chips) 
Seat 3: PotwinMiss ($0.78 in chips) 
Seat 4: Bobertul ($4.17 in chips) 
Seat 5: alfcapone87 ($2 in chips) 
Seat 6: tonyarena ($1.20 in chips) 
Seat 7: Parker09SA ($4.12 in chips) 
Seat 8: pokerbrat723 ($1.12 in chips) 
Seat 9: k0vacs ($3.18 in chips) 
PotwinMiss: posts small blind $0.01
Bobertul: posts big blind $0.02
*** HOLE CARDS ***
Dealt to Dorex2007 [Jc Tc]
alfcapone87: folds 
tonyarena: calls $0.02
Parker09SA: folds 
pokerbrat723: calls $0.02
k0vacs: folds 
thrmsix: folds 
Dorex2007: calls $0.02
PotwinMiss: calls $0.01
Bobertul: checks 
*** FLOP *** [Kh 2d 9c]
PotwinMiss: checks 
Bobertul: checks 
tonyarena: checks 
pokerbrat723: checks 
Dorex2007: checks 
*** TURN *** [Kh 2d 9c] [Ts]
PotwinMiss: checks 
Bobertul: checks 
tonyarena: checks 
pokerbrat723: checks 
Dorex2007: checks 
*** RIVER *** [Kh 2d 9c Ts] [6h]
PotwinMiss: bets $0.02
Bobertul: raises $0.08 to $0.10
tonyarena: folds 
pokerbrat723: calls $0.10
Dorex2007: folds 
PotwinMiss: folds 
*** SHOW DOWN ***
Bobertul: shows [8h 7h] (a straight, Six to Ten)
pokerbrat723: mucks hand 
Bobertul collected $0.31 from pot
*** SUMMARY ***
Total pot $0.32 | Rake $0.01 
Board [Kh 2d 9c Ts 6h]
Seat 1: thrmsix folded before Flop (didn't bet)
Seat 2: Dorex2007 (button) folded on the River
Seat 3: PotwinMiss (small blind) folded on the River
Seat 4: Bobertul (big blind) showed [8h 7h] and won ($0.31) with a straight, Six to Ten
Seat 5: alfcapone87 folded before Flop (didn't bet)
Seat 6: tonyarena folded on the River
Seat 7: Parker09SA folded before Flop (didn't bet)
Seat 8: pokerbrat723 mucked [Qh Th]
Seat 9: k0vacs folded before Flop (didn't bet)



PokerStars Hand #224465146149:  Hold'em No Limit ($0.01/$0.02 USD) - 2021/03/04 16:37:47 PT [2021/03/04 19:37:47 ET]
Table 'Patry' 9-max Seat #3 is the button
Seat 1: thrmsix ($0.76 in chips) 
Seat 2: Dorex2007 ($2.27 in chips) 
Seat 3: PotwinMiss ($0.74 in chips) 
Seat 4: Bobertul ($4.36 in chips) 
Seat 5: alfcapone87 ($2 in chips) 
Seat 6: tonyarena ($1.18 in chips) 
Seat 7: Parker09SA ($4.12 in chips) 
Seat 8: pokerbrat723 ($1 in chips) 
Seat 9: k0vacs ($3.18 in chips) 
Bobertul: posts small blind $0.01
alfcapone87: posts big blind $0.02
*** HOLE CARDS ***
Dealt to Dorex2007 [Kh 6c]
tonyarena: calls $0.02
Parker09SA has timed out
Parker09SA: folds 
pokerbrat723: folds 
k0vacs: calls $0.02
thrmsix: folds 
Dorex2007: folds 
PotwinMiss: folds 
Bobertul: raises $0.04 to $0.06
alfcapone87: folds 
tonyarena: calls $0.04
k0vacs: calls $0.04
*** FLOP *** [7c Ac 3s]
Bobertul: checks 
tonyarena: bets $0.14
k0vacs: folds 
Bobertul: folds 
Uncalled bet ($0.14) returned to tonyarena
tonyarena collected $0.19 from pot
tonyarena: doesn't show hand 
*** SUMMARY ***
Total pot $0.20 | Rake $0.01 
Board [7c Ac 3s]
Seat 1: thrmsix folded before Flop (didn't bet)
Seat 2: Dorex2007 folded before Flop (didn't bet)
Seat 3: PotwinMiss (button) folded before Flop (didn't bet)
Seat 4: Bobertul (small blind) folded on the Flop
Seat 5: alfcapone87 (big blind) folded before Flop
Seat 6: tonyarena collected ($0.19)
Seat 7: Parker09SA folded before Flop (didn't bet)
Seat 8: pokerbrat723 folded before Flop (didn't bet)
Seat 9: k0vacs folded on the Flop



PokerStars Hand #224465166173:  Hold'em No Limit ($0.01/$0.02 USD) - 2021/03/04 16:38:40 PT [2021/03/04 19:38:40 ET]
Table 'Patry' 9-max Seat #4 is the button
Seat 1: thrmsix ($0.76 in chips) 
Seat 2: Dorex2007 ($2.27 in chips) 
Seat 3: PotwinMiss ($0.74 in chips) 
Seat 4: Bobertul ($4.30 in chips) 
Seat 5: alfcapone87 ($2 in chips) 
Seat 6: tonyarena ($1.31 in chips) 
Seat 7: Parker09SA ($4.12 in chips) 
Seat 8: pokerbrat723 ($1 in chips) 
Seat 9: k0vacs ($3.12 in chips) 
alfcapone87: posts small blind $0.01
tonyarena: posts big blind $0.02
*** HOLE CARDS ***
Dealt to Dorex2007 [2h Qs]
Parker09SA: raises $0.04 to $0.06
pokerbrat723: folds 
k0vacs: folds 
thrmsix: folds 
Dorex2007: folds 
PotwinMiss has timed out
PotwinMiss: folds 
Bobertul: calls $0.06
alfcapone87: calls $0.05
tonyarena: folds 
*** FLOP *** [9s Ad 6s]
alfcapone87: checks 
Parker09SA: bets $0.19
Bobertul: folds 
alfcapone87: folds 
Uncalled bet ($0.19) returned to Parker09SA
Parker09SA collected $0.19 from pot
Parker09SA: doesn't show hand 
*** SUMMARY ***
Total pot $0.20 | Rake $0.01 
Board [9s Ad 6s]
Seat 1: thrmsix folded before Flop (didn't bet)
Seat 2: Dorex2007 folded before Flop (didn't bet)
Seat 3: PotwinMiss folded before Flop (didn't bet)
Seat 4: Bobertul (button) folded on the Flop
Seat 5: alfcapone87 (small blind) folded on the Flop
Seat 6: tonyarena (big blind) folded before Flop
Seat 7: Parker09SA collected ($0.19)
Seat 8: pokerbrat723 folded before Flop (didn't bet)
Seat 9: k0vacs folded before Flop (didn't bet)



PokerStars Hand #224465181895:  Hold'em No Limit ($0.01/$0.02 USD) - 2021/03/04 16:39:22 PT [2021/03/04 19:39:22 ET]
Table 'Patry' 9-max Seat #5 is the button
Seat 1: thrmsix ($0.76 in chips) 
Seat 2: Dorex2007 ($2.27 in chips) 
Seat 3: PotwinMiss ($0.74 in chips) 
Seat 4: Bobertul ($4.24 in chips) 
Seat 5: alfcapone87 ($2 in chips) 
Seat 6: tonyarena ($1.29 in chips) 
Seat 7: Parker09SA ($4.25 in chips) 
Seat 8: pokerbrat723 ($1 in chips) 
Seat 9: k0vacs ($3.12 in chips) 
tonyarena: posts small blind $0.01
Parker09SA: posts big blind $0.02
*** HOLE CARDS ***
Dealt to Dorex2007 [4d 6h]
pokerbrat723: folds 
k0vacs: folds 
thrmsix: folds 
Dorex2007: folds 
pokerbrat723 leaves the table
PotwinMiss: calls $0.02
JohnWolfgang joins the table at seat #8 
Bobertul: raises $0.04 to $0.06
alfcapone87: calls $0.06
tonyarena: folds 
Parker09SA: calls $0.04
PotwinMiss: calls $0.04
*** FLOP *** [3c 2s 8s]
Parker09SA: checks 
PotwinMiss: checks 
Bobertul: checks 
alfcapone87: checks 
*** TURN *** [3c 2s 8s] [6s]
Parker09SA: checks 
PotwinMiss: checks 
Bobertul: checks 
alfcapone87: checks 
*** RIVER *** [3c 2s 8s 6s] [Ah]
Parker09SA: bets $0.02
PotwinMiss: folds 
Bobertul: folds 
alfcapone87: folds 
Uncalled bet ($0.02) returned to Parker09SA
Parker09SA collected $0.24 from pot
Parker09SA: doesn't show hand 
*** SUMMARY ***
Total pot $0.25 | Rake $0.01 
Board [3c 2s 8s 6s Ah]
Seat 1: thrmsix folded before Flop (didn't bet)
Seat 2: Dorex2007 folded before Flop (didn't bet)
Seat 3: PotwinMiss folded on the River
Seat 4: Bobertul folded on the River
Seat 5: alfcapone87 (button) folded on the River
Seat 6: tonyarena (small blind) folded before Flop
Seat 7: Parker09SA (big blind) collected ($0.24)
Seat 8: pokerbrat723 folded before Flop (didn't bet)
Seat 9: k0vacs folded before Flop (didn't bet)



PokerStars Hand #224465209716:  Hold'em No Limit ($0.01/$0.02 USD) - 2021/03/04 16:40:32 PT [2021/03/04 19:40:32 ET]
Table 'Patry' 9-max Seat #6 is the button
Seat 1: thrmsix ($0.76 in chips) 
Seat 2: Dorex2007 ($2.27 in chips) 
Seat 3: PotwinMiss ($0.68 in chips) 
Seat 4: Bobertul ($4.18 in chips) 
Seat 5: alfcapone87 ($2 in chips) 
Seat 6: tonyarena ($1.28 in chips) 
Seat 7: Parker09SA ($4.43 in chips) 
Seat 8: JohnWolfgang ($2 in chips) 
Seat 9: k0vacs ($3.12 in chips) 
Parker09SA: posts small blind $0.01
JohnWolfgang: posts big blind $0.02
*** HOLE CARDS ***
Dealt to Dorex2007 [5c 8s]
k0vacs: calls $0.02
thrmsix: folds 
Dorex2007: folds 
PotwinMiss: folds 
Bobertul: folds 
alfcapone87: folds 
tonyarena: calls $0.02
Parker09SA: folds 
JohnWolfgang: checks 
*** FLOP *** [7c Kc As]
JohnWolfgang: checks 
k0vacs: checks 
tonyarena: bets $0.07
JohnWolfgang: calls $0.07
k0vacs: folds 
*** TURN *** [7c Kc As] [Jd]
JohnWolfgang: checks 
tonyarena: bets $0.12
JohnWolfgang: calls $0.12
*** RIVER *** [7c Kc As Jd] [8h]
JohnWolfgang: bets $0.14
tonyarena: calls $0.14
*** SHOW DOWN ***
JohnWolfgang: shows [6c 2c] (high card Ace)
tonyarena: shows [Ah Td] (a pair of Aces)
tonyarena collected $0.70 from pot
*** SUMMARY ***
Total pot $0.73 | Rake $0.03 
Board [7c Kc As Jd 8h]
Seat 1: thrmsix folded before Flop (didn't bet)
Seat 2: Dorex2007 folded before Flop (didn't bet)
Seat 3: PotwinMiss folded before Flop (didn't bet)
Seat 4: Bobertul folded before Flop (didn't bet)
Seat 5: alfcapone87 folded before Flop (didn't bet)
Seat 6: tonyarena (button) showed [Ah Td] and won ($0.70) with a pair of Aces
Seat 7: Parker09SA (small blind) folded before Flop
Seat 8: JohnWolfgang (big blind) showed [6c 2c] and lost with high card Ace
Seat 9: k0vacs folded on the Flop



PokerStars Hand #224465239763:  Hold'em No Limit ($0.01/$0.02 USD) - 2021/03/04 16:41:53 PT [2021/03/04 19:41:53 ET]
Table 'Patry' 9-max Seat #7 is the button
Seat 1: thrmsix ($0.76 in chips) 
Seat 2: Dorex2007 ($2.27 in chips) 
Seat 3: PotwinMiss ($0.68 in chips) 
Seat 4: Bobertul ($4.18 in chips) 
Seat 5: alfcapone87 ($2 in chips) 
Seat 6: tonyarena ($1.63 in chips) 
Seat 7: Parker09SA ($4.42 in chips) 
Seat 8: JohnWolfgang ($1.65 in chips) 
Seat 9: k0vacs ($3.10 in chips) 
JohnWolfgang: posts small blind $0.01
k0vacs: posts big blind $0.02
*** HOLE CARDS ***
Dealt to Dorex2007 [9d 8c]
thrmsix: folds 
Dorex2007: folds 
PotwinMiss: calls $0.02
Bobertul: raises $0.04 to $0.06
alfcapone87: raises $0.17 to $0.23
tonyarena: folds 
Parker09SA: folds 
JohnWolfgang: folds 
k0vacs: folds 
PotwinMiss: folds 
Bobertul: folds 
Uncalled bet ($0.17) returned to alfcapone87
alfcapone87 collected $0.17 from pot
alfcapone87: doesn't show hand 
*** SUMMARY ***
Total pot $0.17 | Rake $0 
Seat 1: thrmsix folded before Flop (didn't bet)
Seat 2: Dorex2007 folded before Flop (didn't bet)
Seat 3: PotwinMiss folded before Flop
Seat 4: Bobertul folded before Flop
Seat 5: alfcapone87 collected ($0.17)
Seat 6: tonyarena folded before Flop (didn't bet)
Seat 7: Parker09SA (button) folded before Flop (didn't bet)
Seat 8: JohnWolfgang (small blind) folded before Flop
Seat 9: k0vacs (big blind) folded before Flop



PokerStars Hand #224465248156:  Hold'em No Limit ($0.01/$0.02 USD) - 2021/03/04 16:42:16 PT [2021/03/04 19:42:16 ET]
Table 'Patry' 9-max Seat #8 is the button
Seat 1: thrmsix ($0.76 in chips) 
Seat 2: Dorex2007 ($2.27 in chips) 
Seat 3: PotwinMiss ($0.66 in chips) 
Seat 4: Bobertul ($4.12 in chips) 
Seat 5: alfcapone87 ($2.11 in chips) 
Seat 6: tonyarena ($1.63 in chips) 
Seat 7: Parker09SA ($4.42 in chips) 
Seat 8: JohnWolfgang ($1.64 in chips) 
Seat 9: k0vacs ($3.08 in chips) 
k0vacs: posts small blind $0.01
thrmsix: posts big blind $0.02
*** HOLE CARDS ***
Dealt to Dorex2007 [2h 3d]
Dorex2007: folds 
PotwinMiss: calls $0.02
Bobertul: raises $0.04 to $0.06
alfcapone87: calls $0.06
tonyarena: raises $0.04 to $0.10
Parker09SA: folds 
JohnWolfgang: folds 
k0vacs: folds 
thrmsix: folds 
PotwinMiss: calls $0.08
Bobertul: calls $0.04
alfcapone87: calls $0.04
*** FLOP *** [9d Qh 7s]
PotwinMiss: bets $0.04
Bobertul: folds 
alfcapone87: raises $0.37 to $0.41
tonyarena: raises $0.64 to $1.05
PotwinMiss: calls $0.52 and is all-in
alfcapone87: raises $0.64 to $1.69
tonyarena: calls $0.48 and is all-in
Uncalled bet ($0.16) returned to alfcapone87
*** TURN *** [9d Qh 7s] [3c]
*** RIVER *** [9d Qh 7s 3c] [Tc]
*** SHOW DOWN ***
alfcapone87: shows [Ac Qc] (a pair of Queens)
tonyarena: shows [Ks Kh] (a pair of Kings)
tonyarena collected $1.87 from side pot
PotwinMiss: shows [Ad As] (a pair of Aces)
PotwinMiss collected $2.04 from main pot
*** SUMMARY ***
Total pot $4.05 Main pot $2.04. Side pot $1.87. | Rake $0.14 
Board [9d Qh 7s 3c Tc]
Seat 1: thrmsix (big blind) folded before Flop
Seat 2: Dorex2007 folded before Flop (didn't bet)
Seat 3: PotwinMiss showed [Ad As] and won ($2.04) with a pair of Aces
Seat 4: Bobertul folded on the Flop
Seat 5: alfcapone87 showed [Ac Qc] and lost with a pair of Queens
Seat 6: tonyarena showed [Ks Kh] and won ($1.87) with a pair of Kings
Seat 7: Parker09SA folded before Flop (didn't bet)
Seat 8: JohnWolfgang (button) folded before Flop (didn't bet)
Seat 9: k0vacs (small blind) folded before Flop



PokerStars Hand #224465286856:  Hold'em No Limit ($0.01/$0.02 USD) - 2021/03/04 16:43:49 PT [2021/03/04 19:43:49 ET]
Table 'Patry' 9-max Seat #9 is the button
Seat 1: thrmsix ($0.74 in chips) 
Seat 2: Dorex2007 ($2.27 in chips) 
Seat 3: PotwinMiss ($2.04 in chips) 
Seat 4: Bobertul ($4.02 in chips) 
Seat 5: alfcapone87 ($2 in chips) 
Seat 6: tonyarena ($1.87 in chips) 
Seat 7: Parker09SA ($4.42 in chips) 
Seat 8: JohnWolfgang ($1.64 in chips) 
Seat 9: k0vacs ($3.07 in chips) 
thrmsix: posts small blind $0.01
Dorex2007: posts big blind $0.02
*** HOLE CARDS ***
Dealt to Dorex2007 [Qc 4h]
PotwinMiss: calls $0.02
Bobertul: raises $0.04 to $0.06
alfcapone87: calls $0.06
tonyarena: folds 
Parker09SA: folds 
tonyarena leaves the table
JohnWolfgang: folds 
k0vacs: folds 
thrmsix: folds 
Dorex2007: folds 
PotwinMiss: calls $0.04
*** FLOP *** [9h Th Tc]
PotwinMiss: checks 
Bobertul: bets $0.11
alfcapone87: calls $0.11
PotwinMiss: folds 
*** TURN *** [9h Th Tc] [7d]
Bobertul: checks 
alfcapone87: bets $0.22
Bobertul: folds 
Uncalled bet ($0.22) returned to alfcapone87
alfcapone87 collected $0.41 from pot
alfcapone87: doesn't show hand 
*** SUMMARY ***
Total pot $0.43 | Rake $0.02 
Board [9h Th Tc 7d]
Seat 1: thrmsix (small blind) folded before Flop
Seat 2: Dorex2007 (big blind) folded before Flop
Seat 3: PotwinMiss folded on the Flop
Seat 4: Bobertul folded on the Turn
Seat 5: alfcapone87 collected ($0.41)
Seat 6: tonyarena folded before Flop (didn't bet)
Seat 7: Parker09SA folded before Flop (didn't bet)
Seat 8: JohnWolfgang folded before Flop (didn't bet)
Seat 9: k0vacs (button) folded before Flop (didn't bet)



PokerStars Hand #224465305429:  Hold'em No Limit ($0.01/$0.02 USD) - 2021/03/04 16:44:39 PT [2021/03/04 19:44:39 ET]
Table 'Patry' 9-max Seat #1 is the button
Seat 1: thrmsix ($0.73 in chips) 
Seat 2: Dorex2007 ($2.25 in chips) 
Seat 3: PotwinMiss ($1.98 in chips) 
Seat 4: Bobertul ($3.85 in chips) 
Seat 5: alfcapone87 ($2.24 in chips) 
Seat 7: Parker09SA ($4.42 in chips) 
Seat 8: JohnWolfgang ($1.64 in chips) 
Seat 9: k0vacs ($3.07 in chips) 
Dorex2007: posts small blind $0.01
PotwinMiss: posts big blind $0.02
*** HOLE CARDS ***
Dealt to Dorex2007 [4d 5d]
Bobertul: raises $0.04 to $0.06
alfcapone87: folds 
Parker09SA: folds 
JohnWolfgang: folds 
k0vacs: folds 
thrmsix: folds 
Dorex2007: folds 
PotwinMiss: calls $0.04
*** FLOP *** [Js Ah 4s]
PotwinMiss: bets $0.02
Bobertul: raises $0.05 to $0.07
leonardo380 joins the table at seat #6 
PotwinMiss: folds 
Uncalled bet ($0.05) returned to Bobertul
Bobertul collected $0.16 from pot
Bobertul: doesn't show hand 
*** SUMMARY ***
Total pot $0.17 | Rake $0.01 
Board [Js Ah 4s]
Seat 1: thrmsix (button) folded before Flop (didn't bet)
Seat 2: Dorex2007 (small blind) folded before Flop
Seat 3: PotwinMiss (big blind) folded on the Flop
Seat 4: Bobertul collected ($0.16)
Seat 5: alfcapone87 folded before Flop (didn't bet)
Seat 7: Parker09SA folded before Flop (didn't bet)
Seat 8: JohnWolfgang folded before Flop (didn't bet)
Seat 9: k0vacs folded before Flop (didn't bet)



PokerStars Hand #224465316318:  Hold'em No Limit ($0.01/$0.02 USD) - 2021/03/04 16:45:09 PT [2021/03/04 19:45:09 ET]
Table 'Patry' 9-max Seat #2 is the button
Seat 1: thrmsix ($0.73 in chips) 
Seat 2: Dorex2007 ($2.24 in chips) 
Seat 3: PotwinMiss ($1.90 in chips) 
Seat 4: Bobertul ($3.93 in chips) 
Seat 5: alfcapone87 ($2.24 in chips) 
Seat 7: Parker09SA ($4.42 in chips) 
Seat 8: JohnWolfgang ($1.64 in chips) 
Seat 9: k0vacs ($3.07 in chips) 
PotwinMiss: posts small blind $0.01
Bobertul: posts big blind $0.02
leonardo380: sits out 
*** HOLE CARDS ***
Dealt to Dorex2007 [6s Tc]
alfcapone87: folds 
Parker09SA has timed out
Parker09SA: folds 
JohnWolfgang: folds 
k0vacs: raises $0.03 to $0.05
thrmsix: calls $0.05
Dorex2007: folds 
PotwinMiss: folds 
Bobertul: folds 
*** FLOP *** [7d 7s Qd]
k0vacs: checks 
thrmsix: checks 
*** TURN *** [7d 7s Qd] [Td]
k0vacs: checks 
thrmsix: bets $0.04
k0vacs: folds 
Uncalled bet ($0.04) returned to thrmsix
thrmsix collected $0.13 from pot
thrmsix: doesn't show hand 
*** SUMMARY ***
Total pot $0.13 | Rake $0 
Board [7d 7s Qd Td]
Seat 1: thrmsix collected ($0.13)
Seat 2: Dorex2007 (button) folded before Flop (didn't bet)
Seat 3: PotwinMiss (small blind) folded before Flop
Seat 4: Bobertul (big blind) folded before Flop
Seat 5: alfcapone87 folded before Flop (didn't bet)
Seat 7: Parker09SA folded before Flop (didn't bet)
Seat 8: JohnWolfgang folded before Flop (didn't bet)
Seat 9: k0vacs folded on the Turn



PokerStars Hand #224465335973:  Hold'em No Limit ($0.01/$0.02 USD) - 2021/03/04 16:46:01 PT [2021/03/04 19:46:01 ET]
Table 'Patry' 9-max Seat #3 is the button
Seat 1: thrmsix ($0.81 in chips) 
Seat 2: Dorex2007 ($2.24 in chips) 
Seat 3: PotwinMiss ($1.89 in chips) 
Seat 4: Bobertul ($3.91 in chips) 
Seat 5: alfcapone87 ($2.24 in chips) 
Seat 7: Parker09SA ($4.42 in chips) 
Seat 8: JohnWolfgang ($1.64 in chips) 
Seat 9: k0vacs ($3.02 in chips) 
Bobertul: posts small blind $0.01
alfcapone87: posts big blind $0.02
leonardo380: sits out 
*** HOLE CARDS ***
Dealt to Dorex2007 [7d Qs]
Parker09SA has timed out
Parker09SA: folds 
JohnWolfgang: folds 
k0vacs: raises $0.03 to $0.05
thrmsix: folds 
Dorex2007: folds 
PotwinMiss: folds 
Bobertul: folds 
alfcapone87: folds 
Uncalled bet ($0.03) returned to k0vacs
k0vacs collected $0.05 from pot
*** SUMMARY ***
Total pot $0.05 | Rake $0 
Seat 1: thrmsix folded before Flop (didn't bet)
Seat 2: Dorex2007 folded before Flop (didn't bet)
Seat 3: PotwinMiss (button) folded before Flop (didn't bet)
Seat 4: Bobertul (small blind) folded before Flop
Seat 5: alfcapone87 (big blind) folded before Flop
Seat 7: Parker09SA folded before Flop (didn't bet)
Seat 8: JohnWolfgang folded before Flop (didn't bet)
Seat 9: k0vacs collected ($0.05)



PokerStars Hand #224465347270:  Hold'em No Limit ($0.01/$0.02 USD) - 2021/03/04 16:46:29 PT [2021/03/04 19:46:29 ET]
Table 'Patry' 9-max Seat #4 is the button
Seat 1: thrmsix ($0.81 in chips) 
Seat 2: Dorex2007 ($2.24 in chips) 
Seat 3: PotwinMiss ($1.89 in chips) 
Seat 4: Bobertul ($3.90 in chips) 
Seat 5: alfcapone87 ($2.22 in chips) 
Seat 6: leonardo380 ($1.60 in chips) 
Seat 7: Parker09SA ($4.42 in chips) 
Seat 8: JohnWolfgang ($1.64 in chips) 
Seat 9: k0vacs ($3.05 in chips) 
alfcapone87: posts small blind $0.01
leonardo380: posts big blind $0.02
*** HOLE CARDS ***
Dealt to Dorex2007 [8c 6h]
Parker09SA: folds 
JohnWolfgang: folds 
k0vacs: folds 
thrmsix: folds 
Dorex2007: folds 
PotwinMiss: calls $0.02
Bobertul: raises $0.04 to $0.06
alfcapone87: folds 
leonardo380: folds 
PotwinMiss: calls $0.04
*** FLOP *** [7c 5s Qh]
PotwinMiss: checks 
Bobertul: bets $0.08
PotwinMiss: calls $0.08
*** TURN *** [7c 5s Qh] [Jh]
PotwinMiss: checks 
Bobertul: checks 
*** RIVER *** [7c 5s Qh Jh] [Qs]
PotwinMiss: bets $0.06
Bobertul: folds 
Uncalled bet ($0.06) returned to PotwinMiss
PotwinMiss collected $0.30 from pot
PotwinMiss: doesn't show hand 
*** SUMMARY ***
Total pot $0.31 | Rake $0.01 
Board [7c 5s Qh Jh Qs]
Seat 1: thrmsix folded before Flop (didn't bet)
Seat 2: Dorex2007 folded before Flop (didn't bet)
Seat 3: PotwinMiss collected ($0.30)
Seat 4: Bobertul (button) folded on the River
Seat 5: alfcapone87 (small blind) folded before Flop
Seat 6: leonardo380 (big blind) folded before Flop
Seat 7: Parker09SA folded before Flop (didn't bet)
Seat 8: JohnWolfgang folded before Flop (didn't bet)
Seat 9: k0vacs folded before Flop (didn't bet)



PokerStars Hand #224465370235:  Hold'em No Limit ($0.01/$0.02 USD) - 2021/03/04 16:47:23 PT [2021/03/04 19:47:23 ET]
Table 'Patry' 9-max Seat #5 is the button
Seat 1: thrmsix ($0.81 in chips) 
Seat 2: Dorex2007 ($2.24 in chips) 
Seat 3: PotwinMiss ($2.05 in chips) 
Seat 4: Bobertul ($3.76 in chips) 
Seat 5: alfcapone87 ($2.21 in chips) 
Seat 6: leonardo380 ($1.58 in chips) 
Seat 7: Parker09SA ($4.42 in chips) 
Seat 8: JohnWolfgang ($1.64 in chips) 
Seat 9: k0vacs ($3.05 in chips) 
leonardo380: posts small blind $0.01
Parker09SA: posts big blind $0.02
*** HOLE CARDS ***
Dealt to Dorex2007 [8c Kd]
JohnWolfgang: folds 
k0vacs has timed out
k0vacs: folds 
thrmsix: folds 
Dorex2007: folds 
PotwinMiss: folds 
Bobertul: folds 
alfcapone87: folds 
leonardo380: folds 
Uncalled bet ($0.01) returned to Parker09SA
leonardo380 leaves the table
Parker09SA collected $0.02 from pot
Parker09SA: doesn't show hand 
*** SUMMARY ***
Total pot $0.02 | Rake $0 
Seat 1: thrmsix folded before Flop (didn't bet)
Seat 2: Dorex2007 folded before Flop (didn't bet)
Seat 3: PotwinMiss folded before Flop (didn't bet)
Seat 4: Bobertul folded before Flop (didn't bet)
Seat 5: alfcapone87 (button) folded before Flop (didn't bet)
Seat 6: leonardo380 (small blind) folded before Flop
Seat 7: Parker09SA (big blind) collected ($0.02)
Seat 8: JohnWolfgang folded before Flop (didn't bet)
Seat 9: k0vacs folded before Flop (didn't bet)



PokerStars Hand #224465380747:  Hold'em No Limit ($0.01/$0.02 USD) - 2021/03/04 16:47:51 PT [2021/03/04 19:47:51 ET]
Table 'Patry' 9-max Seat #7 is the button
Seat 1: thrmsix ($0.81 in chips) 
Seat 2: Dorex2007 ($2.24 in chips) 
Seat 3: PotwinMiss ($2.05 in chips) 
Seat 4: Bobertul ($3.76 in chips) 
Seat 5: alfcapone87 ($2.21 in chips) 
Seat 7: Parker09SA ($4.43 in chips) 
Seat 8: JohnWolfgang ($1.64 in chips) 
JohnWolfgang: posts small blind $0.01
thrmsix: posts big blind $0.02
*** HOLE CARDS ***
Dealt to Dorex2007 [4c 3d]
Dorex2007: folds 
PotwinMiss: calls $0.02
Bobertul: folds 
alfcapone87: calls $0.02
Parker09SA: folds 
JohnWolfgang: calls $0.01
thrmsix: checks 
*** FLOP *** [9h Ts 8c]
JohnWolfgang: bets $0.05
thrmsix: calls $0.05
PotwinMiss: calls $0.05
alfcapone87: folds 
*** TURN *** [9h Ts 8c] [Ad]
JohnWolfgang: bets $0.14
thrmsix: folds 
PotwinMiss: calls $0.14
*** RIVER *** [9h Ts 8c Ad] [6h]
JohnWolfgang: bets $0.26
PotwinMiss: calls $0.26
*** SHOW DOWN ***
JohnWolfgang: shows [Qd 6c] (a pair of Sixes)
PotwinMiss: shows [Kh Ah] (a pair of Aces)
PotwinMiss collected $0.99 from pot
*** SUMMARY ***
Total pot $1.03 | Rake $0.04 
Board [9h Ts 8c Ad 6h]
Seat 1: thrmsix (big blind) folded on the Turn
Seat 2: Dorex2007 folded before Flop (didn't bet)
Seat 3: PotwinMiss showed [Kh Ah] and won ($0.99) with a pair of Aces
Seat 4: Bobertul folded before Flop (didn't bet)
Seat 5: alfcapone87 folded on the Flop
Seat 7: Parker09SA (button) folded before Flop (didn't bet)
Seat 8: JohnWolfgang (small blind) showed [Qd 6c] and lost with a pair of Sixes



PokerStars Hand #224465418001:  Hold'em No Limit ($0.01/$0.02 USD) - 2021/03/04 16:49:12 PT [2021/03/04 19:49:12 ET]
Table 'Patry' 9-max Seat #8 is the button
Seat 1: thrmsix ($0.74 in chips) 
Seat 2: Dorex2007 ($2.24 in chips) 
Seat 3: PotwinMiss ($2.57 in chips) 
Seat 4: Bobertul ($3.76 in chips) 
Seat 5: alfcapone87 ($2.19 in chips) 
Seat 7: Parker09SA ($4.43 in chips) 
Seat 8: JohnWolfgang ($1.17 in chips) 
thrmsix: posts small blind $0.01
Dorex2007: posts big blind $0.02
*** HOLE CARDS ***
Dealt to Dorex2007 [5s Qs]
causavera joins the table at seat #6 
PotwinMiss: folds 
Bobertul: raises $0.04 to $0.06
alfcapone87: folds 
Parker09SA: calls $0.06
JohnWolfgang: raises $0.06 to $0.12
thrmsix: folds 
Dorex2007: folds 
Bobertul: calls $0.06
Parker09SA: calls $0.06
*** FLOP *** [7s 5d 2s]
Bobertul: checks 
Parker09SA: checks 
JohnWolfgang: bets $0.26
Bobertul: folds 
Parker09SA: folds 
Uncalled bet ($0.26) returned to JohnWolfgang
JohnWolfgang collected $0.38 from pot
JohnWolfgang: doesn't show hand 
*** SUMMARY ***
Total pot $0.39 | Rake $0.01 
Board [7s 5d 2s]
Seat 1: thrmsix (small blind) folded before Flop
Seat 2: Dorex2007 (big blind) folded before Flop
Seat 3: PotwinMiss folded before Flop (didn't bet)
Seat 4: Bobertul folded on the Flop
Seat 5: alfcapone87 folded before Flop (didn't bet)
Seat 7: Parker09SA folded on the Flop
Seat 8: JohnWolfgang (button) collected ($0.38)



PokerStars Hand #224465439430:  Hold'em No Limit ($0.01/$0.02 USD) - 2021/03/04 16:50:11 PT [2021/03/04 19:50:11 ET]
Table 'Patry' 9-max Seat #1 is the button
Seat 1: thrmsix ($2 in chips) 
Seat 2: Dorex2007 ($2.22 in chips) 
Seat 3: PotwinMiss ($2.57 in chips) 
Seat 4: Bobertul ($3.64 in chips) 
Seat 5: alfcapone87 ($2.19 in chips) 
Seat 7: Parker09SA ($4.31 in chips) 
Seat 8: JohnWolfgang ($1.43 in chips) 
Dorex2007: posts small blind $0.01
PotwinMiss: posts big blind $0.02
causavera: sits out 
k0vacs: sits out 
*** HOLE CARDS ***
Dealt to Dorex2007 [3h 6d]
Bobertul: raises $0.04 to $0.06
alfcapone87: folds 
Parker09SA: calls $0.06
JohnWolfgang: folds 
thrmsix: folds 
Dorex2007: folds 
PotwinMiss: folds 
*** FLOP *** [Th Td 7h]
Bobertul: checks 
Parker09SA: checks 
*** TURN *** [Th Td 7h] [3d]
Bobertul: bets $0.08
Parker09SA: folds 
Uncalled bet ($0.08) returned to Bobertul
Bobertul collected $0.14 from pot
Bobertul: doesn't show hand 
*** SUMMARY ***
Total pot $0.15 | Rake $0.01 
Board [Th Td 7h 3d]
Seat 1: thrmsix (button) folded before Flop (didn't bet)
Seat 2: Dorex2007 (small blind) folded before Flop
Seat 3: PotwinMiss (big blind) folded before Flop
Seat 4: Bobertul collected ($0.14)
Seat 5: alfcapone87 folded before Flop (didn't bet)
Seat 7: Parker09SA folded on the Turn
Seat 8: JohnWolfgang folded before Flop (didn't bet)



PokerStars Hand #224465455955:  Hold'em No Limit ($0.01/$0.02 USD) - 2021/03/04 16:50:57 PT [2021/03/04 19:50:57 ET]
Table 'Patry' 9-max Seat #2 is the button
Seat 1: thrmsix ($2 in chips) 
Seat 2: Dorex2007 ($2.21 in chips) 
Seat 3: PotwinMiss ($2.55 in chips) 
Seat 4: Bobertul ($3.72 in chips) 
Seat 5: alfcapone87 ($2.19 in chips) 
Seat 7: Parker09SA ($4.25 in chips) 
Seat 8: JohnWolfgang ($1.43 in chips) 
PotwinMiss: posts small blind $0.01
Bobertul: posts big blind $0.02
causavera: sits out 
k0vacs: sits out 
*** HOLE CARDS ***
Dealt to Dorex2007 [9d 9s]
alfcapone87: folds 
Parker09SA: folds 
JohnWolfgang: folds 
thrmsix: raises $0.04 to $0.06
Dorex2007: calls $0.06
PotwinMiss: folds 
Bobertul: folds 
*** FLOP *** [Qd Kh 7h]
thrmsix: bets $0.06
Dorex2007: folds 
Uncalled bet ($0.06) returned to thrmsix
thrmsix collected $0.14 from pot
thrmsix: doesn't show hand 
*** SUMMARY ***
Total pot $0.15 | Rake $0.01 
Board [Qd Kh 7h]
Seat 1: thrmsix collected ($0.14)
Seat 2: Dorex2007 (button) folded on the Flop
Seat 3: PotwinMiss (small blind) folded before Flop
Seat 4: Bobertul (big blind) folded before Flop
Seat 5: alfcapone87 folded before Flop (didn't bet)
Seat 7: Parker09SA folded before Flop (didn't bet)
Seat 8: JohnWolfgang folded before Flop (didn't bet)



PokerStars Hand #224465477375:  Hold'em No Limit ($0.01/$0.02 USD) - 2021/03/04 16:51:55 PT [2021/03/04 19:51:55 ET]
Table 'Patry' 9-max Seat #3 is the button
Seat 1: thrmsix ($2.08 in chips) 
Seat 2: Dorex2007 ($2.15 in chips) 
Seat 3: PotwinMiss ($2.54 in chips) 
Seat 4: Bobertul ($3.70 in chips) 
Seat 5: alfcapone87 ($2.19 in chips) 
Seat 7: Parker09SA ($4.25 in chips) 
Seat 8: JohnWolfgang ($1.43 in chips) 
Bobertul: posts small blind $0.01
alfcapone87: posts big blind $0.02
causavera: sits out 
k0vacs: sits out 
*** HOLE CARDS ***
Dealt to Dorex2007 [4h 4s]
Parker09SA: folds 
JohnWolfgang: folds 
thrmsix: folds 
Dorex2007: calls $0.02
PotwinMiss: calls $0.02
Bobertul: raises $0.04 to $0.06
alfcapone87: calls $0.04
Dorex2007: calls $0.04
PotwinMiss: calls $0.04
*** FLOP *** [Ks 5d Kh]
Bobertul: checks 
alfcapone87: checks 
Dorex2007: checks 
PotwinMiss: checks 
*** TURN *** [Ks 5d Kh] [Qs]
Bobertul: checks 
alfcapone87: checks 
Dorex2007: bets $0.10
PotwinMiss: calls $0.10
Bobertul: folds 
alfcapone87: folds 
*** RIVER *** [Ks 5d Kh Qs] [5h]
Dorex2007: checks 
PotwinMiss: bets $0.14
Dorex2007: folds 
Uncalled bet ($0.14) returned to PotwinMiss
PotwinMiss collected $0.42 from pot
PotwinMiss: doesn't show hand 
*** SUMMARY ***
Total pot $0.44 | Rake $0.02 
Board [Ks 5d Kh Qs 5h]
Seat 1: thrmsix folded before Flop (didn't bet)
Seat 2: Dorex2007 folded on the River
Seat 3: PotwinMiss (button) collected ($0.42)
Seat 4: Bobertul (small blind) folded on the Turn
Seat 5: alfcapone87 (big blind) folded on the Turn
Seat 7: Parker09SA folded before Flop (didn't bet)
Seat 8: JohnWolfgang folded before Flop (didn't bet)



PokerStars Hand #224465506466:  Hold'em No Limit ($0.01/$0.02 USD) - 2021/03/04 16:53:06 PT [2021/03/04 19:53:06 ET]
Table 'Patry' 9-max Seat #4 is the button
Seat 1: thrmsix ($2.08 in chips) 
Seat 2: Dorex2007 ($1.99 in chips) 
Seat 3: PotwinMiss ($2.80 in chips) 
Seat 4: Bobertul ($3.64 in chips) 
Seat 5: alfcapone87 ($2.13 in chips) 
Seat 6: causavera ($0.80 in chips) 
Seat 7: Parker09SA ($4.25 in chips) 
Seat 8: JohnWolfgang ($1.43 in chips) 
alfcapone87: posts small blind $0.01
causavera: posts big blind $0.02
k0vacs: sits out 
*** HOLE CARDS ***
Dealt to Dorex2007 [8h Kd]
Parker09SA: folds 
JohnWolfgang: folds 
thrmsix: folds 
Dorex2007: folds 
PotwinMiss: calls $0.02
Bobertul: folds 
alfcapone87: calls $0.01
causavera: checks 
*** FLOP *** [Th 3d 5c]
alfcapone87: checks 
causavera: checks 
PotwinMiss: checks 
*** TURN *** [Th 3d 5c] [Td]
alfcapone87: checks 
causavera: checks 
PotwinMiss: checks 
*** RIVER *** [Th 3d 5c Td] [7d]
alfcapone87: checks 
causavera: checks 
PotwinMiss: checks 
*** SHOW DOWN ***
alfcapone87: shows [8s Js] (a pair of Tens)
causavera: mucks hand 
PotwinMiss: shows [Qd Ah] (a pair of Tens - Ace kicker)
PotwinMiss collected $0.06 from pot
*** SUMMARY ***
Total pot $0.06 | Rake $0 
Board [Th 3d 5c Td 7d]
Seat 1: thrmsix folded before Flop (didn't bet)
Seat 2: Dorex2007 folded before Flop (didn't bet)
Seat 3: PotwinMiss showed [Qd Ah] and won ($0.06) with a pair of Tens
Seat 4: Bobertul (button) folded before Flop (didn't bet)
Seat 5: alfcapone87 (small blind) showed [8s Js] and lost with a pair of Tens
Seat 6: causavera (big blind) mucked [2s 9c]
Seat 7: Parker09SA folded before Flop (didn't bet)
Seat 8: JohnWolfgang folded before Flop (didn't bet)



PokerStars Hand #224465522368:  Hold'em No Limit ($0.01/$0.02 USD) - 2021/03/04 16:53:38 PT [2021/03/04 19:53:38 ET]
Table 'Patry' 9-max Seat #5 is the button
Seat 1: thrmsix ($2.08 in chips) 
Seat 2: Dorex2007 ($1.99 in chips) 
Seat 3: PotwinMiss ($2.84 in chips) 
Seat 4: Bobertul ($3.64 in chips) 
Seat 5: alfcapone87 ($2.11 in chips) 
Seat 6: causavera ($0.78 in chips) 
Seat 7: Parker09SA ($4.25 in chips) 
Seat 8: JohnWolfgang ($1.43 in chips) 
causavera: posts small blind $0.01
Parker09SA: posts big blind $0.02
k0vacs: sits out 
*** HOLE CARDS ***
Dealt to Dorex2007 [3h Kh]
JohnWolfgang: raises $0.02 to $0.04
thrmsix: folds 
Dorex2007: folds 
PotwinMiss: folds 
Bobertul: folds 
alfcapone87: calls $0.04
causavera: folds 
Parker09SA: calls $0.02
*** FLOP *** [4h Jd Qc]
Parker09SA: checks 
JohnWolfgang: bets $0.08
alfcapone87: folds 
Parker09SA: folds 
Uncalled bet ($0.08) returned to JohnWolfgang
JohnWolfgang collected $0.13 from pot
JohnWolfgang: doesn't show hand 
*** SUMMARY ***
Total pot $0.13 | Rake $0 
Board [4h Jd Qc]
Seat 1: thrmsix folded before Flop (didn't bet)
Seat 2: Dorex2007 folded before Flop (didn't bet)
Seat 3: PotwinMiss folded before Flop (didn't bet)
Seat 4: Bobertul folded before Flop (didn't bet)
Seat 5: alfcapone87 (button) folded on the Flop
Seat 6: causavera (small blind) folded before Flop
Seat 7: Parker09SA (big blind) folded on the Flop
Seat 8: JohnWolfgang collected ($0.13)



PokerStars Hand #224465535303:  Hold'em No Limit ($0.01/$0.02 USD) - 2021/03/04 16:54:14 PT [2021/03/04 19:54:14 ET]
Table 'Patry' 9-max Seat #6 is the button
Seat 1: thrmsix ($2.08 in chips) 
Seat 2: Dorex2007 ($1.99 in chips) 
Seat 3: PotwinMiss ($2.84 in chips) 
Seat 4: Bobertul ($3.64 in chips) 
Seat 5: alfcapone87 ($2.07 in chips) 
Seat 6: causavera ($0.77 in chips) 
Seat 7: Parker09SA ($4.21 in chips) 
Seat 8: JohnWolfgang ($1.52 in chips) 
Parker09SA: posts small blind $0.01
JohnWolfgang: posts big blind $0.02
k0vacs: sits out 
*** HOLE CARDS ***
Dealt to Dorex2007 [3h 7h]
thrmsix: folds 
Dorex2007: folds 
PotwinMiss: folds 
Bobertul: folds 
alfcapone87: folds 
causavera: calls $0.02
Parker09SA: folds 
JohnWolfgang: checks 
*** FLOP *** [5s Ah Jd]
JohnWolfgang: checks 
causavera: checks 
*** TURN *** [5s Ah Jd] [Qc]
JohnWolfgang: checks 
causavera: checks 
*** RIVER *** [5s Ah Jd Qc] [Ts]
JohnWolfgang: bets $0.03
causavera: calls $0.03
*** SHOW DOWN ***
JohnWolfgang: shows [3c Tc] (a pair of Tens)
causavera: shows [8d Td] (a pair of Tens)
JohnWolfgang collected $0.06 from pot
causavera collected $0.05 from pot
*** SUMMARY ***
Total pot $0.11 | Rake $0 
Board [5s Ah Jd Qc Ts]
Seat 1: thrmsix folded before Flop (didn't bet)
Seat 2: Dorex2007 folded before Flop (didn't bet)
Seat 3: PotwinMiss folded before Flop (didn't bet)
Seat 4: Bobertul folded before Flop (didn't bet)
Seat 5: alfcapone87 folded before Flop (didn't bet)
Seat 6: causavera (button) showed [8d Td] and won ($0.05) with a pair of Tens
Seat 7: Parker09SA (small blind) folded before Flop
Seat 8: JohnWolfgang (big blind) showed [3c Tc] and won ($0.06) with a pair of Tens



PokerStars Hand #224465551270:  Hold'em No Limit ($0.01/$0.02 USD) - 2021/03/04 16:54:59 PT [2021/03/04 19:54:59 ET]
Table 'Patry' 9-max Seat #7 is the button
Seat 1: thrmsix ($2.08 in chips) 
Seat 2: Dorex2007 ($1.99 in chips) 
Seat 3: PotwinMiss ($2.84 in chips) 
Seat 4: Bobertul ($3.64 in chips) 
Seat 5: alfcapone87 ($2.07 in chips) 
Seat 6: causavera ($0.77 in chips) 
Seat 7: Parker09SA ($4.20 in chips) 
Seat 8: JohnWolfgang ($1.53 in chips) 
Seat 9: k0vacs ($3.05 in chips) 
JohnWolfgang: posts small blind $0.01
k0vacs: posts big blind $0.02
*** HOLE CARDS ***
Dealt to Dorex2007 [8h 5d]
thrmsix: folds 
Dorex2007: folds 
PotwinMiss: calls $0.02
Bobertul: raises $0.04 to $0.06
alfcapone87: folds 
causavera: folds 
Parker09SA: calls $0.06
JohnWolfgang: folds 
k0vacs: calls $0.04
PotwinMiss: calls $0.04
*** FLOP *** [Jc Tc Qh]
k0vacs: checks 
PotwinMiss: checks 
Bobertul: bets $0.13
Parker09SA: folds 
k0vacs: calls $0.13
PotwinMiss: folds 
*** TURN *** [Jc Tc Qh] [7s]
k0vacs: checks 
Bobertul: bets $0.27
k0vacs: folds 
Uncalled bet ($0.27) returned to Bobertul
Bobertul collected $0.49 from pot
Bobertul: doesn't show hand 
*** SUMMARY ***
Total pot $0.51 | Rake $0.02 
Board [Jc Tc Qh 7s]
Seat 1: thrmsix folded before Flop (didn't bet)
Seat 2: Dorex2007 folded before Flop (didn't bet)
Seat 3: PotwinMiss folded on the Flop
Seat 4: Bobertul collected ($0.49)
Seat 5: alfcapone87 folded before Flop (didn't bet)
Seat 6: causavera folded before Flop (didn't bet)
Seat 7: Parker09SA (button) folded on the Flop
Seat 8: JohnWolfgang (small blind) folded before Flop
Seat 9: k0vacs (big blind) folded on the Turn



PokerStars Hand #224465570918:  Hold'em No Limit ($0.01/$0.02 USD) - 2021/03/04 16:56:04 PT [2021/03/04 19:56:04 ET]
Table 'Patry' 9-max Seat #8 is the button
Seat 1: thrmsix ($2.08 in chips) 
Seat 2: Dorex2007 ($1.99 in chips) 
Seat 3: PotwinMiss ($2.78 in chips) 
Seat 4: Bobertul ($3.94 in chips) 
Seat 5: alfcapone87 ($2.07 in chips) 
Seat 6: causavera ($0.77 in chips) 
Seat 7: Parker09SA ($4.14 in chips) 
Seat 8: JohnWolfgang ($1.52 in chips) 
Seat 9: k0vacs ($2.86 in chips) 
k0vacs: posts small blind $0.01
thrmsix: posts big blind $0.02
*** HOLE CARDS ***
Dealt to Dorex2007 [8c 8h]
Dorex2007: calls $0.02
PotwinMiss: calls $0.02
Bobertul: raises $0.04 to $0.06
alfcapone87: folds 
causavera: calls $0.06
Parker09SA: folds 
JohnWolfgang: folds 
k0vacs: calls $0.05
thrmsix: folds 
Dorex2007: calls $0.04
PotwinMiss: calls $0.04
*** FLOP *** [7s 2c Jd]
k0vacs: bets $0.20
Dorex2007: folds 
PotwinMiss: folds 
Bobertul: folds 
causavera: folds 
Uncalled bet ($0.20) returned to k0vacs
k0vacs collected $0.31 from pot
*** SUMMARY ***
Total pot $0.32 | Rake $0.01 
Board [7s 2c Jd]
Seat 1: thrmsix (big blind) folded before Flop
Seat 2: Dorex2007 folded on the Flop
Seat 3: PotwinMiss folded on the Flop
Seat 4: Bobertul folded on the Flop
Seat 5: alfcapone87 folded before Flop (didn't bet)
Seat 6: causavera folded on the Flop
Seat 7: Parker09SA folded before Flop (didn't bet)
Seat 8: JohnWolfgang (button) folded before Flop (didn't bet)
Seat 9: k0vacs (small blind) collected ($0.31)



PokerStars Hand #224465588276:  Hold'em No Limit ($0.01/$0.02 USD) - 2021/03/04 16:57:05 PT [2021/03/04 19:57:05 ET]
Table 'Patry' 9-max Seat #9 is the button
Seat 1: thrmsix ($2.06 in chips) 
Seat 2: Dorex2007 ($1.93 in chips) 
Seat 3: PotwinMiss ($2.72 in chips) 
Seat 4: Bobertul ($3.88 in chips) 
Seat 5: alfcapone87 ($2.07 in chips) 
Seat 6: causavera ($0.71 in chips) 
Seat 7: Parker09SA ($4.14 in chips) 
Seat 8: JohnWolfgang ($1.52 in chips) 
Seat 9: k0vacs ($3.11 in chips) 
thrmsix: posts small blind $0.01
Dorex2007: posts big blind $0.02
*** HOLE CARDS ***
Dealt to Dorex2007 [5s Qd]
PotwinMiss: folds 
Bobertul: folds 
alfcapone87: folds 
causavera: folds 
Parker09SA: folds 
JohnWolfgang: folds 
k0vacs: raises $0.03 to $0.05
thrmsix: folds 
Dorex2007: calls $0.03
*** FLOP *** [4c Jc 3c]
Dorex2007: checks 
k0vacs: checks 
*** TURN *** [4c Jc 3c] [6s]
Dorex2007: checks 
k0vacs: checks 
*** RIVER *** [4c Jc 3c 6s] [7d]
Dorex2007: bets $0.06
k0vacs: calls $0.06
*** SHOW DOWN ***
Dorex2007: shows [5s Qd] (a straight, Three to Seven)
k0vacs: mucks hand 
Dorex2007 collected $0.22 from pot
*** SUMMARY ***
Total pot $0.23 | Rake $0.01 
Board [4c Jc 3c 6s 7d]
Seat 1: thrmsix (small blind) folded before Flop
Seat 2: Dorex2007 (big blind) showed [5s Qd] and won ($0.22) with a straight, Three to Seven
Seat 3: PotwinMiss folded before Flop (didn't bet)
Seat 4: Bobertul folded before Flop (didn't bet)
Seat 5: alfcapone87 folded before Flop (didn't bet)
Seat 6: causavera folded before Flop (didn't bet)
Seat 7: Parker09SA folded before Flop (didn't bet)
Seat 8: JohnWolfgang folded before Flop (didn't bet)
Seat 9: k0vacs (button) mucked [7h Kh]



PokerStars Hand #224465606865:  Hold'em No Limit ($0.01/$0.02 USD) - 2021/03/04 16:58:11 PT [2021/03/04 19:58:11 ET]
Table 'Patry' 9-max Seat #1 is the button
Seat 1: thrmsix ($2.05 in chips) 
Seat 2: Dorex2007 ($2.04 in chips) 
Seat 3: PotwinMiss ($2.72 in chips) 
Seat 4: Bobertul ($3.88 in chips) 
Seat 5: alfcapone87 ($2.07 in chips) 
Seat 6: causavera ($0.71 in chips) 
Seat 7: Parker09SA ($4.14 in chips) 
Seat 8: JohnWolfgang ($1.52 in chips) 
Seat 9: k0vacs ($3 in chips) 
Dorex2007: posts small blind $0.01
PotwinMiss: posts big blind $0.02
*** HOLE CARDS ***
Dealt to Dorex2007 [Qs Ad]
Bobertul: folds 
alfcapone87: folds 
causavera: calls $0.02
Parker09SA: calls $0.02
JohnWolfgang: folds 
k0vacs: raises $0.04 to $0.06
thrmsix: folds 
Dorex2007: calls $0.05
PotwinMiss: folds 
causavera: raises $0.04 to $0.10
Parker09SA: calls $0.08
k0vacs: calls $0.04
Dorex2007: calls $0.04
*** FLOP *** [Ks Jd 6c]
Dorex2007: checks 
causavera: bets $0.06
Parker09SA: calls $0.06
k0vacs: calls $0.06
Dorex2007: calls $0.06
*** TURN *** [Ks Jd 6c] [9c]
Dorex2007: checks 
causavera: checks 
Parker09SA: checks 
k0vacs: bets $0.34
Dorex2007: folds 
causavera: calls $0.34
Parker09SA: folds 
*** RIVER *** [Ks Jd 6c 9c] [7c]
causavera: checks 
k0vacs: bets $0.22
causavera: calls $0.21 and is all-in
Uncalled bet ($0.01) returned to k0vacs
*** SHOW DOWN ***
k0vacs: shows [Kc 9h] (two pair, Kings and Nines)
causavera: shows [Jc 7s] (two pair, Jacks and Sevens)
k0vacs collected $1.70 from pot
*** SUMMARY ***
Total pot $1.76 | Rake $0.06 
Board [Ks Jd 6c 9c 7c]
Seat 1: thrmsix (button) folded before Flop (didn't bet)
Seat 2: Dorex2007 (small blind) folded on the Turn
Seat 3: PotwinMiss (big blind) folded before Flop
Seat 4: Bobertul folded before Flop (didn't bet)
Seat 5: alfcapone87 folded before Flop (didn't bet)
Seat 6: causavera showed [Jc 7s] and lost with two pair, Jacks and Sevens
Seat 7: Parker09SA folded on the Turn
Seat 8: JohnWolfgang folded before Flop (didn't bet)
Seat 9: k0vacs showed [Kc 9h] and won ($1.70) with two pair, Kings and Nines



PokerStars Hand #224465660249:  Hold'em No Limit ($0.01/$0.02 USD) - 2021/03/04 17:00:41 PT [2021/03/04 20:00:41 ET]
Table 'Patry' 9-max Seat #2 is the button
Seat 1: thrmsix ($2.05 in chips) 
Seat 2: Dorex2007 ($1.88 in chips) 
Seat 3: PotwinMiss ($2.70 in chips) 
Seat 4: Bobertul ($3.88 in chips) 
Seat 5: alfcapone87 ($2.07 in chips) 
Seat 7: Parker09SA ($3.98 in chips) 
Seat 8: JohnWolfgang ($1.52 in chips) 
Seat 9: k0vacs ($3.99 in chips) 
PotwinMiss: posts small blind $0.01
Bobertul: posts big blind $0.02
*** HOLE CARDS ***
Dealt to Dorex2007 [4d 7c]
alfcapone87: raises $0.04 to $0.06
causavera leaves the table
Parker09SA: folds 
Aresden219611 joins the table at seat #6 
JohnWolfgang: raises $0.06 to $0.12
k0vacs: folds 
thrmsix: folds 
Dorex2007: folds 
PotwinMiss: calls $0.11
Bobertul: folds 
alfcapone87: calls $0.06
*** FLOP *** [Qs 7h 8h]
PotwinMiss: checks 
alfcapone87: bets $0.16
JohnWolfgang: raises $0.16 to $0.32
PotwinMiss: folds 
alfcapone87: calls $0.16
*** TURN *** [Qs 7h 8h] [5h]
alfcapone87: checks 
JohnWolfgang: bets $1.08 and is all-in
alfcapone87: folds 
Uncalled bet ($1.08) returned to JohnWolfgang
JohnWolfgang collected $0.98 from pot
JohnWolfgang: doesn't show hand 
*** SUMMARY ***
Total pot $1.02 | Rake $0.04 
Board [Qs 7h 8h 5h]
Seat 1: thrmsix folded before Flop (didn't bet)
Seat 2: Dorex2007 (button) folded before Flop (didn't bet)
Seat 3: PotwinMiss (small blind) folded on the Flop
Seat 4: Bobertul (big blind) folded before Flop
Seat 5: alfcapone87 folded on the Turn
Seat 7: Parker09SA folded before Flop (didn't bet)
Seat 8: JohnWolfgang collected ($0.98)
Seat 9: k0vacs folded before Flop (didn't bet)



PokerStars Hand #224465693295:  Hold'em No Limit ($0.01/$0.02 USD) - 2021/03/04 17:02:17 PT [2021/03/04 20:02:17 ET]
Table 'Patry' 9-max Seat #3 is the button
Seat 1: thrmsix ($2.05 in chips) 
Seat 2: Dorex2007 ($1.88 in chips) 
Seat 3: PotwinMiss ($2.58 in chips) 
Seat 4: Bobertul ($3.86 in chips) 
Seat 5: alfcapone87 ($2 in chips) 
Seat 6: Aresden219611 ($1.52 in chips) 
Seat 7: Parker09SA ($3.98 in chips) 
Seat 8: JohnWolfgang ($2.06 in chips) 
Seat 9: k0vacs ($3.99 in chips) 
Bobertul: posts small blind $0.01
alfcapone87: posts big blind $0.02
Aresden219611: posts big blind $0.02
*** HOLE CARDS ***
Dealt to Dorex2007 [Kc 2s]
Aresden219611: checks 
Parker09SA: folds 
JohnWolfgang: folds 
k0vacs: folds 
thrmsix: folds 
Dorex2007: folds 
PotwinMiss: calls $0.02
Bobertul: folds 
alfcapone87: checks 
*** FLOP *** [2h 9s Kd]
alfcapone87: checks 
Aresden219611: checks 
PotwinMiss: bets $0.02
alfcapone87: calls $0.02
Aresden219611: folds 
*** TURN *** [2h 9s Kd] [7s]
alfcapone87: checks 
PotwinMiss: bets $0.02
alfcapone87: calls $0.02
*** RIVER *** [2h 9s Kd 7s] [Td]
alfcapone87: checks 
PotwinMiss: bets $0.06
alfcapone87: calls $0.06
*** SHOW DOWN ***
PotwinMiss: shows [Jh Kh] (a pair of Kings)
alfcapone87: mucks hand 
PotwinMiss collected $0.26 from pot
*** SUMMARY ***
Total pot $0.27 | Rake $0.01 
Board [2h 9s Kd 7s Td]
Seat 1: thrmsix folded before Flop (didn't bet)
Seat 2: Dorex2007 folded before Flop (didn't bet)
Seat 3: PotwinMiss (button) showed [Jh Kh] and won ($0.26) with a pair of Kings
Seat 4: Bobertul (small blind) folded before Flop
Seat 5: alfcapone87 (big blind) mucked [Tc Qs]
Seat 6: Aresden219611 folded on the Flop (didn't bet)
Seat 7: Parker09SA folded before Flop (didn't bet)
Seat 8: JohnWolfgang folded before Flop (didn't bet)
Seat 9: k0vacs folded before Flop (didn't bet)



PokerStars Hand #224465708161:  Hold'em No Limit ($0.01/$0.02 USD) - 2021/03/04 17:02:52 PT [2021/03/04 20:02:52 ET]
Table 'Patry' 9-max Seat #4 is the button
Seat 1: thrmsix ($2.05 in chips) 
Seat 2: Dorex2007 ($1.88 in chips) 
Seat 3: PotwinMiss ($2.72 in chips) 
Seat 4: Bobertul ($3.85 in chips) 
Seat 5: alfcapone87 ($2 in chips) 
Seat 6: Aresden219611 ($1.50 in chips) 
Seat 7: Parker09SA ($3.98 in chips) 
Seat 8: JohnWolfgang ($2.06 in chips) 
Seat 9: k0vacs ($3.99 in chips) 
alfcapone87: posts small blind $0.01
Aresden219611: posts big blind $0.02
*** HOLE CARDS ***
Dealt to Dorex2007 [5s Jh]
Parker09SA: folds 
JohnWolfgang: raises $0.02 to $0.04
k0vacs: folds 
thrmsix: calls $0.04
Dorex2007: folds 
PotwinMiss: calls $0.04
Bobertul: folds 
alfcapone87: folds 
Aresden219611: raises $0.08 to $0.12
JohnWolfgang: calls $0.08
thrmsix: calls $0.08
PotwinMiss: calls $0.08
*** FLOP *** [9d Kh 5c]
Aresden219611: bets $0.10
JohnWolfgang: calls $0.10
thrmsix: folds 
PotwinMiss: folds 
*** TURN *** [9d Kh 5c] [4s]
Aresden219611: bets $0.10
JohnWolfgang: calls $0.10
*** RIVER *** [9d Kh 5c 4s] [7s]
Aresden219611: checks 
JohnWolfgang: bets $0.34
Aresden219611: folds 
Uncalled bet ($0.34) returned to JohnWolfgang
JohnWolfgang collected $0.86 from pot
JohnWolfgang: doesn't show hand 
*** SUMMARY ***
Total pot $0.89 | Rake $0.03 
Board [9d Kh 5c 4s 7s]
Seat 1: thrmsix folded on the Flop
Seat 2: Dorex2007 folded before Flop (didn't bet)
Seat 3: PotwinMiss folded on the Flop
Seat 4: Bobertul (button) folded before Flop (didn't bet)
Seat 5: alfcapone87 (small blind) folded before Flop
Seat 6: Aresden219611 (big blind) folded on the River
Seat 7: Parker09SA folded before Flop (didn't bet)
Seat 8: JohnWolfgang collected ($0.86)
Seat 9: k0vacs folded before Flop (didn't bet)



PokerStars Hand #224465734735:  Hold'em No Limit ($0.01/$0.02 USD) - 2021/03/04 17:04:06 PT [2021/03/04 20:04:06 ET]
Table 'Patry' 9-max Seat #5 is the button
Seat 1: thrmsix ($1.93 in chips) 
Seat 2: Dorex2007 ($1.88 in chips) 
Seat 3: PotwinMiss ($2.60 in chips) 
Seat 4: Bobertul ($3.85 in chips) 
Seat 5: alfcapone87 ($2 in chips) 
Seat 6: Aresden219611 ($1.18 in chips) 
Seat 8: JohnWolfgang ($2.60 in chips) 
Seat 9: k0vacs ($3.99 in chips) 
Aresden219611: posts small blind $0.01
Parker09SA: is sitting out 
JohnWolfgang: posts big blind $0.02
*** HOLE CARDS ***
Dealt to Dorex2007 [Qd 2d]
Parker09SA leaves the table
k0vacs: raises $0.04 to $0.06
thrmsix: folds 
Dorex2007: folds 
PotwinMiss: folds 
Bobertul: calls $0.06
alfcapone87: calls $0.06
Aresden219611: folds 
JohnWolfgang: calls $0.04
*** FLOP *** [2c Jh 8s]
JohnWolfgang: checks 
k0vacs: checks 
Bobertul: checks 
alfcapone87: checks 
*** TURN *** [2c Jh 8s] [Ks]
JohnWolfgang: checks 
Scotter6267 joins the table at seat #7 
k0vacs: bets $0.14
Bobertul: calls $0.14
alfcapone87: folds 
JohnWolfgang: folds 
*** RIVER *** [2c Jh 8s Ks] [Js]
k0vacs: checks 
Bobertul: bets $0.15
k0vacs: calls $0.15
*** SHOW DOWN ***
Bobertul: shows [6h Kh] (two pair, Kings and Jacks)
k0vacs: shows [Ah Kd] (two pair, Kings and Jacks - Ace kicker)
k0vacs collected $0.80 from pot
*** SUMMARY ***
Total pot $0.83 | Rake $0.03 
Board [2c Jh 8s Ks Js]
Seat 1: thrmsix folded before Flop (didn't bet)
Seat 2: Dorex2007 folded before Flop (didn't bet)
Seat 3: PotwinMiss folded before Flop (didn't bet)
Seat 4: Bobertul showed [6h Kh] and lost with two pair, Kings and Jacks
Seat 5: alfcapone87 (button) folded on the Turn
Seat 6: Aresden219611 (small blind) folded before Flop
Seat 8: JohnWolfgang (big blind) folded on the Turn
Seat 9: k0vacs showed [Ah Kd] and won ($0.80) with two pair, Kings and Jacks



PokerStars Hand #224465760151:  Hold'em No Limit ($0.01/$0.02 USD) - 2021/03/04 17:05:17 PT [2021/03/04 20:05:17 ET]
Table 'Patry' 9-max Seat #6 is the button
Seat 1: thrmsix ($1.93 in chips) 
Seat 2: Dorex2007 ($1.88 in chips) 
Seat 3: PotwinMiss ($2.60 in chips) 
Seat 4: Bobertul ($3.50 in chips) 
Seat 5: alfcapone87 ($2 in chips) 
Seat 6: Aresden219611 ($1.17 in chips) 
Seat 8: JohnWolfgang ($2.54 in chips) 
Seat 9: k0vacs ($4.44 in chips) 
JohnWolfgang: posts small blind $0.01
k0vacs: posts big blind $0.02
*** HOLE CARDS ***
Dealt to Dorex2007 [Jd 2h]
thrmsix: folds 
Dorex2007: folds 
PotwinMiss: calls $0.02
Bobertul: folds 
alfcapone87: folds 
Aresden219611: folds 
JohnWolfgang: calls $0.01
k0vacs: checks 
*** FLOP *** [Jc Js 2d]
JohnWolfgang: checks 
k0vacs: checks 
PotwinMiss: checks 
*** TURN *** [Jc Js 2d] [5c]
JohnWolfgang: checks 
k0vacs: checks 
PotwinMiss: bets $0.02
JohnWolfgang: folds 
k0vacs: folds 
Uncalled bet ($0.02) returned to PotwinMiss
PotwinMiss collected $0.06 from pot
PotwinMiss: doesn't show hand 
*** SUMMARY ***
Total pot $0.06 | Rake $0 
Board [Jc Js 2d 5c]
Seat 1: thrmsix folded before Flop (didn't bet)
Seat 2: Dorex2007 folded before Flop (didn't bet)
Seat 3: PotwinMiss collected ($0.06)
Seat 4: Bobertul folded before Flop (didn't bet)
Seat 5: alfcapone87 folded before Flop (didn't bet)
Seat 6: Aresden219611 (button) folded before Flop (didn't bet)
Seat 8: JohnWolfgang (small blind) folded on the Turn
Seat 9: k0vacs (big blind) folded on the Turn



PokerStars Hand #224465775847:  Hold'em No Limit ($0.01/$0.02 USD) - 2021/03/04 17:06:01 PT [2021/03/04 20:06:01 ET]
Table 'Patry' 9-max Seat #8 is the button
Seat 1: thrmsix ($1.93 in chips) 
Seat 2: Dorex2007 ($1.88 in chips) 
Seat 3: PotwinMiss ($2.64 in chips) 
Seat 4: Bobertul ($3.50 in chips) 
Seat 5: alfcapone87 ($2 in chips) 
Seat 6: Aresden219611 ($1.17 in chips) 
Seat 8: JohnWolfgang ($2.52 in chips) 
Seat 9: k0vacs ($4.42 in chips) 
k0vacs: posts small blind $0.01
thrmsix: posts big blind $0.02
Scotter6267: sits out 
*** HOLE CARDS ***
Dealt to Dorex2007 [9c Qc]
Dorex2007: calls $0.02
PotwinMiss: calls $0.02
Bobertul: folds 
alfcapone87: folds 
Aresden219611: raises $0.02 to $0.04
JohnWolfgang: folds 
k0vacs: folds 
thrmsix: folds 
Dorex2007: calls $0.02
PotwinMiss: calls $0.02
*** FLOP *** [2s Ah Qh]
Dorex2007: bets $0.11
PotwinMiss: folds 
Aresden219611: folds 
Uncalled bet ($0.11) returned to Dorex2007
Dorex2007 collected $0.14 from pot
Dorex2007: doesn't show hand 
*** SUMMARY ***
Total pot $0.15 | Rake $0.01 
Board [2s Ah Qh]
Seat 1: thrmsix (big blind) folded before Flop
Seat 2: Dorex2007 collected ($0.14)
Seat 3: PotwinMiss folded on the Flop
Seat 4: Bobertul folded before Flop (didn't bet)
Seat 5: alfcapone87 folded before Flop (didn't bet)
Seat 6: Aresden219611 folded on the Flop
Seat 8: JohnWolfgang (button) folded before Flop (didn't bet)
Seat 9: k0vacs (small blind) folded before Flop



PokerStars Hand #224465786501:  Hold'em No Limit ($0.01/$0.02 USD) - 2021/03/04 17:06:31 PT [2021/03/04 20:06:31 ET]
Table 'Patry' 9-max Seat #9 is the button
Seat 1: thrmsix ($1.91 in chips) 
Seat 2: Dorex2007 ($1.98 in chips) 
Seat 3: PotwinMiss ($2.60 in chips) 
Seat 4: Bobertul ($3.50 in chips) 
Seat 5: alfcapone87 ($2 in chips) 
Seat 6: Aresden219611 ($1.13 in chips) 
Seat 7: Scotter6267 ($0.80 in chips) 
Seat 8: JohnWolfgang ($2.52 in chips) 
Seat 9: k0vacs ($4.41 in chips) 
thrmsix: posts small blind $0.01
Dorex2007: posts big blind $0.02
Scotter6267: posts big blind $0.02
*** HOLE CARDS ***
Dealt to Dorex2007 [4s Ah]
PotwinMiss: folds 
Bobertul: raises $0.04 to $0.06
alfcapone87: folds 
Aresden219611: calls $0.06
Scotter6267: calls $0.04
JohnWolfgang: calls $0.06
k0vacs: folds 
thrmsix: calls $0.05
Dorex2007: folds 
*** FLOP *** [6d 3h Jd]
thrmsix: checks 
Bobertul: checks 
Aresden219611: checks 
Scotter6267: checks 
JohnWolfgang: bets $0.16
thrmsix: folds 
Bobertul: calls $0.16
Aresden219611: folds 
Scotter6267: folds 
*** TURN *** [6d 3h Jd] [2d]
Bobertul: checks 
JohnWolfgang: bets $0.26
Bobertul: calls $0.26
*** RIVER *** [6d 3h Jd 2d] [Ks]
Bobertul: checks 
JohnWolfgang: checks 
*** SHOW DOWN ***
Bobertul: shows [4h 5h] (a straight, Deuce to Six)
JohnWolfgang: mucks hand 
Bobertul collected $1.12 from pot
*** SUMMARY ***
Total pot $1.16 | Rake $0.04 
Board [6d 3h Jd 2d Ks]
Seat 1: thrmsix (small blind) folded on the Flop
Seat 2: Dorex2007 (big blind) folded before Flop
Seat 3: PotwinMiss folded before Flop (didn't bet)
Seat 4: Bobertul showed [4h 5h] and won ($1.12) with a straight, Deuce to Six
Seat 5: alfcapone87 folded before Flop (didn't bet)
Seat 6: Aresden219611 folded on the Flop
Seat 7: Scotter6267 folded on the Flop
Seat 8: JohnWolfgang mucked [Jh 9d]
Seat 9: k0vacs (button) folded before Flop (didn't bet)



PokerStars Hand #224465818048:  Hold'em No Limit ($0.01/$0.02 USD) - 2021/03/04 17:07:57 PT [2021/03/04 20:07:57 ET]
Table 'Patry' 9-max Seat #1 is the button
Seat 1: thrmsix ($1.85 in chips) 
Seat 2: Dorex2007 ($1.96 in chips) 
Seat 3: PotwinMiss ($2.60 in chips) 
Seat 4: Bobertul ($4.14 in chips) 
Seat 5: alfcapone87 ($2 in chips) 
Seat 6: Aresden219611 ($1.07 in chips) 
Seat 7: Scotter6267 ($0.74 in chips) 
Seat 8: JohnWolfgang ($2.04 in chips) 
Seat 9: k0vacs ($4.41 in chips) 
Dorex2007: posts small blind $0.01
PotwinMiss: posts big blind $0.02
*** HOLE CARDS ***
Dealt to Dorex2007 [Jd 5d]
Bobertul: folds 
alfcapone87: folds 
Aresden219611: raises $0.08 to $0.10
Scotter6267: folds 
JohnWolfgang: folds 
k0vacs: folds 
thrmsix: folds 
Dorex2007: folds 
PotwinMiss: folds 
Uncalled bet ($0.08) returned to Aresden219611
Aresden219611 collected $0.05 from pot
Aresden219611: doesn't show hand 
*** SUMMARY ***
Total pot $0.05 | Rake $0 
Seat 1: thrmsix (button) folded before Flop (didn't bet)
Seat 2: Dorex2007 (small blind) folded before Flop
Seat 3: PotwinMiss (big blind) folded before Flop
Seat 4: Bobertul folded before Flop (didn't bet)
Seat 5: alfcapone87 folded before Flop (didn't bet)
Seat 6: Aresden219611 collected ($0.05)
Seat 7: Scotter6267 folded before Flop (didn't bet)
Seat 8: JohnWolfgang folded before Flop (didn't bet)
Seat 9: k0vacs folded before Flop (didn't bet)



PokerStars Hand #224465825107:  Hold'em No Limit ($0.01/$0.02 USD) - 2021/03/04 17:08:17 PT [2021/03/04 20:08:17 ET]
Table 'Patry' 9-max Seat #2 is the button
Seat 1: thrmsix ($1.85 in chips) 
Seat 2: Dorex2007 ($1.95 in chips) 
Seat 3: PotwinMiss ($2.58 in chips) 
Seat 4: Bobertul ($4.14 in chips) 
Seat 5: alfcapone87 ($2 in chips) 
Seat 6: Aresden219611 ($1.10 in chips) 
Seat 7: Scotter6267 ($0.74 in chips) 
Seat 8: JohnWolfgang ($2.04 in chips) 
Seat 9: k0vacs ($4.41 in chips) 
PotwinMiss: posts small blind $0.01
Bobertul: posts big blind $0.02
*** HOLE CARDS ***
Dealt to Dorex2007 [8h 6d]
alfcapone87: folds 
Aresden219611: calls $0.02
Scotter6267: folds 
JohnWolfgang: folds 
k0vacs: folds 
thrmsix: raises $0.07 to $0.09
Dorex2007: folds 
PotwinMiss: folds 
Bobertul: folds 
Aresden219611: calls $0.07
*** FLOP *** [7c Th Kd]
Aresden219611: checks 
thrmsix: bets $0.14
Aresden219611: folds 
Uncalled bet ($0.14) returned to thrmsix
thrmsix collected $0.20 from pot
thrmsix: doesn't show hand 
*** SUMMARY ***
Total pot $0.21 | Rake $0.01 
Board [7c Th Kd]
Seat 1: thrmsix collected ($0.20)
Seat 2: Dorex2007 (button) folded before Flop (didn't bet)
Seat 3: PotwinMiss (small blind) folded before Flop
Seat 4: Bobertul (big blind) folded before Flop
Seat 5: alfcapone87 folded before Flop (didn't bet)
Seat 6: Aresden219611 folded on the Flop
Seat 7: Scotter6267 folded before Flop (didn't bet)
Seat 8: JohnWolfgang folded before Flop (didn't bet)
Seat 9: k0vacs folded before Flop (didn't bet)



PokerStars Hand #224465837404:  Hold'em No Limit ($0.01/$0.02 USD) - 2021/03/04 17:08:51 PT [2021/03/04 20:08:51 ET]
Table 'Patry' 9-max Seat #3 is the button
Seat 1: thrmsix ($1.96 in chips) 
Seat 2: Dorex2007 ($1.95 in chips) 
Seat 3: PotwinMiss ($2.57 in chips) 
Seat 4: Bobertul ($4.12 in chips) 
Seat 5: alfcapone87 ($2 in chips) 
Seat 6: Aresden219611 ($1.01 in chips) 
Seat 7: Scotter6267 ($0.74 in chips) 
Seat 8: JohnWolfgang ($2.04 in chips) 
Seat 9: k0vacs ($4.41 in chips) 
Bobertul: posts small blind $0.01
alfcapone87: posts big blind $0.02
*** HOLE CARDS ***
Dealt to Dorex2007 [6s 5h]
Aresden219611: folds 
Scotter6267: calls $0.02
JohnWolfgang: calls $0.02
k0vacs: folds 
thrmsix: folds 
Dorex2007: folds 
PotwinMiss: calls $0.02
Bobertul: folds 
alfcapone87: checks 
*** FLOP *** [Jd 3s Jc]
alfcapone87: checks 
Scotter6267: checks 
JohnWolfgang: checks 
PotwinMiss: checks 
*** TURN *** [Jd 3s Jc] [Qc]
alfcapone87: checks 
Scotter6267: checks 
JohnWolfgang: bets $0.04
PotwinMiss: folds 
alfcapone87: folds 
Scotter6267: calls $0.04
*** RIVER *** [Jd 3s Jc Qc] [Kc]
Scotter6267: bets $0.26
JohnWolfgang: folds 
Uncalled bet ($0.26) returned to Scotter6267
Scotter6267 collected $0.16 from pot
Scotter6267: doesn't show hand 
*** SUMMARY ***
Total pot $0.17 | Rake $0.01 
Board [Jd 3s Jc Qc Kc]
Seat 1: thrmsix folded before Flop (didn't bet)
Seat 2: Dorex2007 folded before Flop (didn't bet)
Seat 3: PotwinMiss (button) folded on the Turn
Seat 4: Bobertul (small blind) folded before Flop
Seat 5: alfcapone87 (big blind) folded on the Turn
Seat 6: Aresden219611 folded before Flop (didn't bet)
Seat 7: Scotter6267 collected ($0.16)
Seat 8: JohnWolfgang folded on the River
Seat 9: k0vacs folded before Flop (didn't bet)



PokerStars Hand #224465866992:  Hold'em No Limit ($0.01/$0.02 USD) - 2021/03/04 17:10:02 PT [2021/03/04 20:10:02 ET]
Table 'Patry' 9-max Seat #4 is the button
Seat 1: thrmsix ($1.96 in chips) 
Seat 2: Dorex2007 ($1.95 in chips) 
Seat 3: PotwinMiss ($2.55 in chips) 
Seat 4: Bobertul ($4.11 in chips) 
Seat 5: alfcapone87 ($2 in chips) 
Seat 6: Aresden219611 ($1.01 in chips) 
Seat 7: Scotter6267 ($0.84 in chips) 
Seat 8: JohnWolfgang ($1.98 in chips) 
Seat 9: k0vacs ($4.41 in chips) 
alfcapone87: posts small blind $0.01
Aresden219611: posts big blind $0.02
*** HOLE CARDS ***
Dealt to Dorex2007 [8d 5d]
Scotter6267: calls $0.02
JohnWolfgang: calls $0.02
k0vacs: folds 
thrmsix: calls $0.02
Dorex2007: folds 
PotwinMiss: folds 
Bobertul: folds 
alfcapone87: calls $0.01
Aresden219611: checks 
*** FLOP *** [3h 4s 4h]
alfcapone87: checks 
Aresden219611: bets $0.02
PotwinMiss leaves the table
Scotter6267: calls $0.02
JohnWolfgang: calls $0.02
thrmsix: calls $0.02
alfcapone87: folds 
*** TURN *** [3h 4s 4h] [3d]
Aresden219611: bets $0.02
Scotter6267: calls $0.02
JohnWolfgang: folds 
thrmsix: calls $0.02
*** RIVER *** [3h 4s 4h 3d] [Ts]
Aresden219611: checks 
POLLO ISRA75 joins the table at seat #3 
Scotter6267: checks 
thrmsix: bets $0.23
Aresden219611: folds 
Scotter6267: folds 
Uncalled bet ($0.23) returned to thrmsix
thrmsix collected $0.23 from pot
thrmsix: doesn't show hand 
*** SUMMARY ***
Total pot $0.24 | Rake $0.01 
Board [3h 4s 4h 3d Ts]
Seat 1: thrmsix collected ($0.23)
Seat 2: Dorex2007 folded before Flop (didn't bet)
Seat 3: PotwinMiss folded before Flop (didn't bet)
Seat 4: Bobertul (button) folded before Flop (didn't bet)
Seat 5: alfcapone87 (small blind) folded on the Flop
Seat 6: Aresden219611 (big blind) folded on the River
Seat 7: Scotter6267 folded on the River
Seat 8: JohnWolfgang folded on the Turn
Seat 9: k0vacs folded before Flop (didn't bet)



PokerStars Hand #224465889027:  Hold'em No Limit ($0.01/$0.02 USD) - 2021/03/04 17:11:04 PT [2021/03/04 20:11:04 ET]
Table 'Patry' 9-max Seat #5 is the button
Seat 1: thrmsix ($2.13 in chips) 
Seat 2: Dorex2007 ($1.95 in chips) 
Seat 4: Bobertul ($4.11 in chips) 
Seat 5: alfcapone87 ($2 in chips) 
Seat 6: Aresden219611 ($0.95 in chips) 
Seat 7: Scotter6267 ($0.78 in chips) 
Seat 8: JohnWolfgang ($1.94 in chips) 
Seat 9: k0vacs ($4.41 in chips) 
Aresden219611: posts small blind $0.01
Scotter6267: posts big blind $0.02
POLLO ISRA75: sits out 
*** HOLE CARDS ***
Dealt to Dorex2007 [6d 2s]
JohnWolfgang: folds 
k0vacs: folds 
thrmsix: raises $0.04 to $0.06
Dorex2007: folds 
Bobertul: calls $0.06
alfcapone87: folds 
Aresden219611: folds 
Scotter6267: calls $0.04
*** FLOP *** [Kc Jc Kd]
Scotter6267: checks 
thrmsix: bets $0.06
Bobertul: calls $0.06
Scotter6267: folds 
*** TURN *** [Kc Jc Kd] [9d]
thrmsix: bets $0.10
Bobertul: calls $0.10
*** RIVER *** [Kc Jc Kd 9d] [Ac]
thrmsix: bets $0.80
Bobertul: calls $0.80
*** SHOW DOWN ***
thrmsix: shows [Jd Ks] (a full house, Kings full of Jacks)
Bobertul: mucks hand 
thrmsix collected $2.04 from pot
*** SUMMARY ***
Total pot $2.11 | Rake $0.07 
Board [Kc Jc Kd 9d Ac]
Seat 1: thrmsix showed [Jd Ks] and won ($2.04) with a full house, Kings full of Jacks
Seat 2: Dorex2007 folded before Flop (didn't bet)
Seat 4: Bobertul mucked [7c 6c]
Seat 5: alfcapone87 (button) folded before Flop (didn't bet)
Seat 6: Aresden219611 (small blind) folded before Flop
Seat 7: Scotter6267 (big blind) folded on the Flop
Seat 8: JohnWolfgang folded before Flop (didn't bet)
Seat 9: k0vacs folded before Flop (didn't bet)



PokerStars Hand #224465914211:  Hold'em No Limit ($0.01/$0.02 USD) - 2021/03/04 17:12:16 PT [2021/03/04 20:12:16 ET]
Table 'Patry' 9-max Seat #6 is the button
Seat 1: thrmsix ($3.15 in chips) 
Seat 2: Dorex2007 ($1.95 in chips) 
Seat 3: POLLO ISRA75 ($1.82 in chips) 
Seat 4: Bobertul ($3.09 in chips) 
Seat 5: alfcapone87 ($2 in chips) 
Seat 6: Aresden219611 ($0.94 in chips) 
Seat 7: Scotter6267 ($0.72 in chips) 
Seat 8: JohnWolfgang ($1.94 in chips) 
Seat 9: k0vacs ($4.41 in chips) 
Scotter6267: posts small blind $0.01
JohnWolfgang: posts big blind $0.02
POLLO ISRA75: posts big blind $0.02
*** HOLE CARDS ***
Dealt to Dorex2007 [8h Ac]
k0vacs: folds 
thrmsix: folds 
Dorex2007: folds 
POLLO ISRA75: checks 
Bobertul: folds 
alfcapone87: folds 
Aresden219611: folds 
Scotter6267: calls $0.01
JohnWolfgang: checks 
*** FLOP *** [5d Jc 2c]
Scotter6267: checks 
JohnWolfgang: checks 
POLLO ISRA75: bets $0.06
Scotter6267: folds 
JohnWolfgang: folds 
Uncalled bet ($0.06) returned to POLLO ISRA75
POLLO ISRA75 collected $0.06 from pot
POLLO ISRA75: doesn't show hand 
*** SUMMARY ***
Total pot $0.06 | Rake $0 
Board [5d Jc 2c]
Seat 1: thrmsix folded before Flop (didn't bet)
Seat 2: Dorex2007 folded before Flop (didn't bet)
Seat 3: POLLO ISRA75 collected ($0.06)
Seat 4: Bobertul folded before Flop (didn't bet)
Seat 5: alfcapone87 folded before Flop (didn't bet)
Seat 6: Aresden219611 (button) folded before Flop (didn't bet)
Seat 7: Scotter6267 (small blind) folded on the Flop
Seat 8: JohnWolfgang (big blind) folded on the Flop
Seat 9: k0vacs folded before Flop (didn't bet)



PokerStars Hand #224465932093:  Hold'em No Limit ($0.01/$0.02 USD) - 2021/03/04 17:13:07 PT [2021/03/04 20:13:07 ET]
Table 'Patry' 9-max Seat #7 is the button
Seat 1: thrmsix ($3.15 in chips) 
Seat 2: Dorex2007 ($1.95 in chips) 
Seat 3: POLLO ISRA75 ($1.86 in chips) 
Seat 4: Bobertul ($3.09 in chips) 
Seat 5: alfcapone87 ($2 in chips) 
Seat 6: Aresden219611 ($0.94 in chips) 
Seat 7: Scotter6267 ($0.70 in chips) 
Seat 8: JohnWolfgang ($1.92 in chips) 
Seat 9: k0vacs ($4.41 in chips) 
JohnWolfgang: posts small blind $0.01
k0vacs: posts big blind $0.02
*** HOLE CARDS ***
Dealt to Dorex2007 [4s Jd]
thrmsix: folds 
thrmsix leaves the table
Dorex2007: folds 
POLLO ISRA75: folds 
Bobertul: raises $0.04 to $0.06
alfcapone87 has timed out
alfcapone87: folds 
Aresden219611: folds 
Scotter6267: folds 
alfcapone87 leaves the table
JohnWolfgang: folds 
k0vacs: folds 
Uncalled bet ($0.04) returned to Bobertul
Bobertul collected $0.05 from pot
Bobertul: doesn't show hand 
*** SUMMARY ***
Total pot $0.05 | Rake $0 
Seat 1: thrmsix folded before Flop (didn't bet)
Seat 2: Dorex2007 folded before Flop (didn't bet)
Seat 3: POLLO ISRA75 folded before Flop (didn't bet)
Seat 4: Bobertul collected ($0.05)
Seat 5: alfcapone87 folded before Flop (didn't bet)
Seat 6: Aresden219611 folded before Flop (didn't bet)
Seat 7: Scotter6267 (button) folded before Flop (didn't bet)
Seat 8: JohnWolfgang (small blind) folded before Flop
Seat 9: k0vacs (big blind) folded before Flop



PokerStars Hand #224465944642:  Hold'em No Limit ($0.01/$0.02 USD) - 2021/03/04 17:13:43 PT [2021/03/04 20:13:43 ET]
Table 'Patry' 9-max Seat #8 is the button
Seat 2: Dorex2007 ($1.95 in chips) 
Seat 3: POLLO ISRA75 ($1.86 in chips) 
Seat 4: Bobertul ($3.12 in chips) 
Seat 6: Aresden219611 ($0.94 in chips) 
Seat 7: Scotter6267 ($0.70 in chips) 
Seat 8: JohnWolfgang ($1.91 in chips) 
Seat 9: k0vacs ($4.39 in chips) 
k0vacs: posts small blind $0.01
Dorex2007: posts big blind $0.02
*** HOLE CARDS ***
Dealt to Dorex2007 [6s Ts]
POLLO ISRA75: folds 
Bobertul: folds 
Aresden219611: raises $0.08 to $0.10
Scotter6267: folds 
moneen15 joins the table at seat #5 
JohnWolfgang: folds 
k0vacs: folds 
Dorex2007: folds 
Uncalled bet ($0.08) returned to Aresden219611
Aresden219611 collected $0.05 from pot
Aresden219611: doesn't show hand 
*** SUMMARY ***
Total pot $0.05 | Rake $0 
Seat 2: Dorex2007 (big blind) folded before Flop
Seat 3: POLLO ISRA75 folded before Flop (didn't bet)
Seat 4: Bobertul folded before Flop (didn't bet)
Seat 6: Aresden219611 collected ($0.05)
Seat 7: Scotter6267 folded before Flop (didn't bet)
Seat 8: JohnWolfgang (button) folded before Flop (didn't bet)
Seat 9: k0vacs (small blind) folded before Flop



PokerStars Hand #224465949693:  Hold'em No Limit ($0.01/$0.02 USD) - 2021/03/04 17:13:57 PT [2021/03/04 20:13:57 ET]
Table 'Patry' 9-max Seat #9 is the button
Seat 2: Dorex2007 ($1.93 in chips) 
Seat 3: POLLO ISRA75 ($1.86 in chips) 
Seat 4: Bobertul ($3.12 in chips) 
Seat 6: Aresden219611 ($0.97 in chips) 
Seat 7: Scotter6267 ($0.70 in chips) 
Seat 8: JohnWolfgang ($1.91 in chips) 
Seat 9: k0vacs ($4.38 in chips) 
Dorex2007: posts small blind $0.01
POLLO ISRA75: posts big blind $0.02
moneen15: sits out 
*** HOLE CARDS ***
Dealt to Dorex2007 [8d Ts]
Bobertul: folds 
Aresden219611: calls $0.02
Scotter6267: folds 
JohnWolfgang: folds 
k0vacs: folds 
Dorex2007: calls $0.01
POLLO ISRA75: checks 
*** FLOP *** [2s As 3h]
123LADY123 joins the table at seat #1 
Dorex2007: checks 
POLLO ISRA75: checks 
Aresden219611: checks 
*** TURN *** [2s As 3h] [5h]
Dorex2007: checks 
POLLO ISRA75: bets $0.03
Aresden219611: raises $0.03 to $0.06
Dorex2007: folds 
POLLO ISRA75: calls $0.03
*** RIVER *** [2s As 3h 5h] [Qd]
POLLO ISRA75: bets $0.09
Aresden219611: raises $0.09 to $0.18
POLLO ISRA75: calls $0.09
*** SHOW DOWN ***
Aresden219611: shows [4d 7d] (a straight, Ace to Five)
POLLO ISRA75: mucks hand 
Aresden219611 collected $0.52 from pot
*** SUMMARY ***
Total pot $0.54 | Rake $0.02 
Board [2s As 3h 5h Qd]
Seat 2: Dorex2007 (small blind) folded on the Turn
Seat 3: POLLO ISRA75 (big blind) mucked [2h 5d]
Seat 4: Bobertul folded before Flop (didn't bet)
Seat 6: Aresden219611 showed [4d 7d] and won ($0.52) with a straight, Ace to Five
Seat 7: Scotter6267 folded before Flop (didn't bet)
Seat 8: JohnWolfgang folded before Flop (didn't bet)
Seat 9: k0vacs (button) folded before Flop (didn't bet)



PokerStars Hand #224465984434:  Hold'em No Limit ($0.01/$0.02 USD) - 2021/03/04 17:15:37 PT [2021/03/04 20:15:37 ET]
Table 'Patry' 9-max Seat #2 is the button
Seat 1: 123LADY123 ($1.50 in chips) 
Seat 2: Dorex2007 ($1.91 in chips) 
Seat 3: POLLO ISRA75 ($1.60 in chips) 
Seat 4: Bobertul ($3.12 in chips) 
Seat 6: Aresden219611 ($1.23 in chips) 
Seat 7: Scotter6267 ($0.70 in chips) 
Seat 8: JohnWolfgang ($1.91 in chips) 
Seat 9: k0vacs ($4.38 in chips) 
POLLO ISRA75: posts small blind $0.01
Bobertul: posts big blind $0.02
moneen15: sits out 
123LADY123: posts big blind $0.02
*** HOLE CARDS ***
Dealt to Dorex2007 [4c 2s]
Aresden219611: calls $0.02
Scotter6267: calls $0.02
JohnWolfgang: folds 
k0vacs: folds 
123LADY123: checks 
Dorex2007: folds 
POLLO ISRA75: folds 
Bobertul: checks 
*** FLOP *** [3d As Kc]
Bobertul: checks 
Aresden219611: checks 
Scotter6267: bets $0.06
123LADY123: calls $0.06
Bobertul: calls $0.06
Aresden219611: folds 
*** TURN *** [3d As Kc] [9d]
Bobertul: checks 
Scotter6267: bets $0.10
123LADY123: folds 
Bobertul: calls $0.10
*** RIVER *** [3d As Kc 9d] [Qs]
Bobertul: checks 
Scotter6267: checks 
*** SHOW DOWN ***
Bobertul: shows [Tc Ad] (a pair of Aces)
Scotter6267: shows [Td Ah] (a pair of Aces)
Bobertul collected $0.23 from pot
Scotter6267 collected $0.22 from pot
*** SUMMARY ***
Total pot $0.47 | Rake $0.02 
Board [3d As Kc 9d Qs]
Seat 1: 123LADY123 folded on the Turn
Seat 2: Dorex2007 (button) folded before Flop (didn't bet)
Seat 3: POLLO ISRA75 (small blind) folded before Flop
Seat 4: Bobertul (big blind) showed [Tc Ad] and won ($0.23) with a pair of Aces
Seat 6: Aresden219611 folded on the Flop
Seat 7: Scotter6267 showed [Td Ah] and won ($0.22) with a pair of Aces
Seat 8: JohnWolfgang folded before Flop (didn't bet)
Seat 9: k0vacs folded before Flop (didn't bet)



PokerStars Hand #224466009202:  Hold'em No Limit ($0.01/$0.02 USD) - 2021/03/04 17:16:25 PT [2021/03/04 20:16:25 ET]
Table 'Patry' 9-max Seat #3 is the button
Seat 1: 123LADY123 ($1.42 in chips) 
Seat 2: Dorex2007 ($1.91 in chips) 
Seat 3: POLLO ISRA75 ($1.59 in chips) 
Seat 4: Bobertul ($3.17 in chips) 
Seat 5: moneen15 ($0.80 in chips) 
Seat 6: Aresden219611 ($1.21 in chips) 
Seat 7: Scotter6267 ($0.74 in chips) 
Seat 8: JohnWolfgang ($1.91 in chips) 
Seat 9: k0vacs ($4.38 in chips) 
Bobertul: posts small blind $0.01
moneen15: posts big blind $0.02
*** HOLE CARDS ***
Dealt to Dorex2007 [Ad 3c]
Aresden219611: folds 
Scotter6267: folds 
JohnWolfgang: raises $0.02 to $0.04
k0vacs: raises $0.06 to $0.10
123LADY123: raises $1.32 to $1.42 and is all-in
Dorex2007: folds 
POLLO ISRA75: folds 
Bobertul: folds 
moneen15: folds 
JohnWolfgang: calls $1.38
k0vacs: folds 
*** FLOP *** [9c 4h Jd]
*** TURN *** [9c 4h Jd] [2c]
*** RIVER *** [9c 4h Jd 2c] [9d]
*** SHOW DOWN ***
JohnWolfgang: shows [8c Ac] (a pair of Nines)
123LADY123: shows [As Ah] (two pair, Aces and Nines)
123LADY123 cashed out the hand for $2.49 | Cash Out Fee $0.03
*** SUMMARY ***
Total pot $2.97 | Rake $0.10 
Board [9c 4h Jd 2c 9d]
Seat 1: 123LADY123 showed [As Ah] and won ($2.87) with two pair, Aces and Nines (pot not awarded as player cashed out)
Seat 2: Dorex2007 folded before Flop (didn't bet)
Seat 3: POLLO ISRA75 (button) folded before Flop (didn't bet)
Seat 4: Bobertul (small blind) folded before Flop
Seat 5: moneen15 (big blind) folded before Flop
Seat 6: Aresden219611 folded before Flop (didn't bet)
Seat 7: Scotter6267 folded before Flop (didn't bet)
Seat 8: JohnWolfgang showed [8c Ac] and lost with a pair of Nines
Seat 9: k0vacs folded before Flop



PokerStars Hand #224466048377:  Hold'em No Limit ($0.01/$0.02 USD) - 2021/03/04 17:17:25 PT [2021/03/04 20:17:25 ET]
Table 'Patry' 9-max Seat #4 is the button
Seat 1: 123LADY123 ($2.49 in chips) 
Seat 2: Dorex2007 ($1.91 in chips) 
Seat 3: POLLO ISRA75 ($1.59 in chips) 
Seat 4: Bobertul ($3.16 in chips) 
Seat 5: moneen15 ($0.78 in chips) 
Seat 6: Aresden219611 ($1.21 in chips) 
Seat 7: Scotter6267 ($0.74 in chips) 
Seat 8: JohnWolfgang ($0.49 in chips) 
Seat 9: k0vacs ($4.28 in chips) 
moneen15: posts small blind $0.01
Aresden219611: posts big blind $0.02
*** HOLE CARDS ***
Dealt to Dorex2007 [Jc Js]
Scotter6267: folds 
JohnWolfgang: folds 
k0vacs: folds 
123LADY123: folds 
Dorex2007: raises $0.04 to $0.06
POLLO ISRA75: folds 
Bobertul: folds 
moneen15: folds 
Aresden219611: calls $0.04
*** FLOP *** [Td Ts 4s]
Aresden219611: bets $0.02
Dorex2007: raises $0.13 to $0.15
Aresden219611: folds 
Uncalled bet ($0.13) returned to Dorex2007
Dorex2007 collected $0.16 from pot
Dorex2007: doesn't show hand 
*** SUMMARY ***
Total pot $0.17 | Rake $0.01 
Board [Td Ts 4s]
Seat 1: 123LADY123 folded before Flop (didn't bet)
Seat 2: Dorex2007 collected ($0.16)
Seat 3: POLLO ISRA75 folded before Flop (didn't bet)
Seat 4: Bobertul (button) folded before Flop (didn't bet)
Seat 5: moneen15 (small blind) folded before Flop
Seat 6: Aresden219611 (big blind) folded on the Flop
Seat 7: Scotter6267 folded before Flop (didn't bet)
Seat 8: JohnWolfgang folded before Flop (didn't bet)
Seat 9: k0vacs folded before Flop (didn't bet)



PokerStars Hand #224466061246:  Hold'em No Limit ($0.01/$0.02 USD) - 2021/03/04 17:18:02 PT [2021/03/04 20:18:02 ET]
Table 'Patry' 9-max Seat #5 is the button
Seat 1: 123LADY123 ($2.49 in chips) 
Seat 2: Dorex2007 ($1.99 in chips) 
Seat 3: POLLO ISRA75 ($1.59 in chips) 
Seat 4: Bobertul ($3.16 in chips) 
Seat 5: moneen15 ($0.77 in chips) 
Seat 6: Aresden219611 ($1.13 in chips) 
Seat 7: Scotter6267 ($0.74 in chips) 
Seat 8: JohnWolfgang ($0.49 in chips) 
Seat 9: k0vacs ($4.28 in chips) 
Aresden219611: posts small blind $0.01
Scotter6267: posts big blind $0.02
*** HOLE CARDS ***
Dealt to Dorex2007 [2s 2d]
JohnWolfgang: calls $0.02
k0vacs: folds 
123LADY123: folds 
Dorex2007: calls $0.02
POLLO ISRA75: folds 
Bobertul: folds 
moneen15: folds 
Aresden219611: calls $0.01
Scotter6267: checks 
*** FLOP *** [4s Ad 9d]
Aresden219611: checks 
Scotter6267: checks 
JohnWolfgang: checks 
Dorex2007: checks 
*** TURN *** [4s Ad 9d] [6d]
Aresden219611: bets $0.04
Scotter6267: calls $0.04
JohnWolfgang: calls $0.04
Dorex2007: folds 
*** RIVER *** [4s Ad 9d 6d] [3h]
Aresden219611: checks 
Scotter6267: checks 
JohnWolfgang: bets $0.11
Aresden219611: folds 
Scotter6267: calls $0.11
*** SHOW DOWN ***
JohnWolfgang: shows [8d Kd] (a flush, Ace high)
Scotter6267: mucks hand 
JohnWolfgang collected $0.41 from pot
*** SUMMARY ***
Total pot $0.42 | Rake $0.01 
Board [4s Ad 9d 6d 3h]
Seat 1: 123LADY123 folded before Flop (didn't bet)
Seat 2: Dorex2007 folded on the Turn
Seat 3: POLLO ISRA75 folded before Flop (didn't bet)
Seat 4: Bobertul folded before Flop (didn't bet)
Seat 5: moneen15 (button) folded before Flop (didn't bet)
Seat 6: Aresden219611 (small blind) folded on the River
Seat 7: Scotter6267 (big blind) mucked [Ah 3d]
Seat 8: JohnWolfgang showed [8d Kd] and won ($0.41) with a flush, Ace high
Seat 9: k0vacs folded before Flop (didn't bet)



PokerStars Hand #224466083295:  Hold'em No Limit ($0.01/$0.02 USD) - 2021/03/04 17:19:05 PT [2021/03/04 20:19:05 ET]
Table 'Patry' 9-max Seat #6 is the button
Seat 1: 123LADY123 ($2.49 in chips) 
Seat 2: Dorex2007 ($1.97 in chips) 
Seat 3: POLLO ISRA75 ($1.59 in chips) 
Seat 4: Bobertul ($3.16 in chips) 
Seat 5: moneen15 ($0.77 in chips) 
Seat 6: Aresden219611 ($1.07 in chips) 
Seat 7: Scotter6267 ($0.57 in chips) 
Seat 8: JohnWolfgang ($0.73 in chips) 
Seat 9: k0vacs ($4.28 in chips) 
Scotter6267: posts small blind $0.01
JohnWolfgang: posts big blind $0.02
*** HOLE CARDS ***
Dealt to Dorex2007 [Tc 9d]
k0vacs: folds 
123LADY123: folds 
Dorex2007: folds 
POLLO ISRA75 has timed out
POLLO ISRA75: folds 
Bobertul: folds 
moneen15: folds 
Aresden219611: calls $0.02
POLLO ISRA75 is disconnected 
Scotter6267: calls $0.01
JohnWolfgang: checks 
*** FLOP *** [3s 9c 7d]
Scotter6267: checks 
JohnWolfgang: checks 
Aresden219611: checks 
*** TURN *** [3s 9c 7d] [4s]
Scotter6267: checks 
JohnWolfgang: checks 
Aresden219611: bets $0.02
Scotter6267: calls $0.02
JohnWolfgang: folds 
*** RIVER *** [3s 9c 7d 4s] [8h]
Scotter6267: checks 
Aresden219611: bets $0.02
Scotter6267: calls $0.02
*** SHOW DOWN ***
Aresden219611: shows [7s 6h] (a pair of Sevens)
Scotter6267: shows [Js 8d] (a pair of Eights)
Scotter6267 collected $0.14 from pot
*** SUMMARY ***
Total pot $0.14 | Rake $0 
Board [3s 9c 7d 4s 8h]
Seat 1: 123LADY123 folded before Flop (didn't bet)
Seat 2: Dorex2007 folded before Flop (didn't bet)
Seat 3: POLLO ISRA75 folded before Flop (didn't bet)
Seat 4: Bobertul folded before Flop (didn't bet)
Seat 5: moneen15 folded before Flop (didn't bet)
Seat 6: Aresden219611 (button) showed [7s 6h] and lost with a pair of Sevens
Seat 7: Scotter6267 (small blind) showed [Js 8d] and won ($0.14) with a pair of Eights
Seat 8: JohnWolfgang (big blind) folded on the Turn
Seat 9: k0vacs folded before Flop (didn't bet)



PokerStars Hand #224466112731:  Hold'em No Limit ($0.01/$0.02 USD) - 2021/03/04 17:20:29 PT [2021/03/04 20:20:29 ET]
Table 'Patry' 9-max Seat #7 is the button
Seat 1: 123LADY123 ($2.49 in chips) 
Seat 2: Dorex2007 ($1.97 in chips) 
Seat 3: POLLO ISRA75 ($1.59 in chips) 
Seat 4: Bobertul ($3.16 in chips) 
Seat 5: moneen15 ($0.77 in chips) 
Seat 6: Aresden219611 ($1.01 in chips) 
Seat 7: Scotter6267 ($0.65 in chips) 
Seat 8: JohnWolfgang ($0.71 in chips) 
Seat 9: k0vacs ($4.28 in chips) 
JohnWolfgang: posts small blind $0.01
k0vacs: posts big blind $0.02
*** HOLE CARDS ***
Dealt to Dorex2007 [2h 9s]
123LADY123: calls $0.02
Dorex2007: folds 
POLLO ISRA75 has timed out
POLLO ISRA75: folds 
Bobertul: folds 
moneen15: raises $0.04 to $0.06
Aresden219611: calls $0.06
Scotter6267: folds 
JohnWolfgang: folds 
k0vacs: folds 
123LADY123: calls $0.04
*** FLOP *** [Kd 7d 8s]
123LADY123: checks 
moneen15: checks 
Aresden219611: checks 
*** TURN *** [Kd 7d 8s] [9c]
123LADY123: bets $0.10
moneen15: calls $0.10
Aresden219611: calls $0.10
*** RIVER *** [Kd 7d 8s 9c] [Td]
123LADY123: checks 
moneen15: bets $0.61 and is all-in
Aresden219611: raises $0.24 to $0.85 and is all-in
123LADY123: folds 
Uncalled bet ($0.24) returned to Aresden219611
*** SHOW DOWN ***
Aresden219611: shows [Jd Qh] (a straight, Nine to King)
moneen15: shows [3c Jc] (a straight, Seven to Jack)
Aresden219611 collected $1.67 from pot
*** SUMMARY ***
Total pot $1.73 | Rake $0.06 
Board [Kd 7d 8s 9c Td]
Seat 1: 123LADY123 folded on the River
Seat 2: Dorex2007 folded before Flop (didn't bet)
Seat 3: POLLO ISRA75 folded before Flop (didn't bet)
Seat 4: Bobertul folded before Flop (didn't bet)
Seat 5: moneen15 showed [3c Jc] and lost with a straight, Seven to Jack
Seat 6: Aresden219611 showed [Jd Qh] and won ($1.67) with a straight, Nine to King
Seat 7: Scotter6267 (button) folded before Flop (didn't bet)
Seat 8: JohnWolfgang (small blind) folded before Flop
Seat 9: k0vacs (big blind) folded before Flop



PokerStars Hand #224466142325:  Hold'em No Limit ($0.01/$0.02 USD) - 2021/03/04 17:21:54 PT [2021/03/04 20:21:54 ET]
Table 'Patry' 9-max Seat #8 is the button
Seat 1: 123LADY123 ($2.33 in chips) 
Seat 2: Dorex2007 ($1.97 in chips) 
Seat 3: POLLO ISRA75 ($1.59 in chips) 
Seat 4: Bobertul ($3.16 in chips) 
Seat 6: Aresden219611 ($1.91 in chips) 
Seat 7: Scotter6267 ($0.65 in chips) 
Seat 8: JohnWolfgang ($0.70 in chips) 
Seat 9: k0vacs ($4.26 in chips) 
k0vacs: posts small blind $0.01
123LADY123: posts big blind $0.02
*** HOLE CARDS ***
Dealt to Dorex2007 [Ad 7h]
Dorex2007: folds 
POLLO ISRA75: folds 
Bobertul: folds 
moneen15 leaves the table
Aresden219611: calls $0.02
Scotter6267: folds 
JohnWolfgang: raises $0.04 to $0.06
k0vacs: folds 
123LADY123: folds 
Aresden219611: calls $0.04
*** FLOP *** [Tc 4s 6c]
darlok79 joins the table at seat #5 
Aresden219611: bets $0.02
JohnWolfgang: raises $0.06 to $0.08
Aresden219611: folds 
Uncalled bet ($0.06) returned to JohnWolfgang
JohnWolfgang collected $0.18 from pot
JohnWolfgang: doesn't show hand 
*** SUMMARY ***
Total pot $0.19 | Rake $0.01 
Board [Tc 4s 6c]
Seat 1: 123LADY123 (big blind) folded before Flop
Seat 2: Dorex2007 folded before Flop (didn't bet)
Seat 3: POLLO ISRA75 folded before Flop (didn't bet)
Seat 4: Bobertul folded before Flop (didn't bet)
Seat 6: Aresden219611 folded on the Flop
Seat 7: Scotter6267 folded before Flop (didn't bet)
Seat 8: JohnWolfgang (button) collected ($0.18)
Seat 9: k0vacs (small blind) folded before Flop



PokerStars Hand #224466156850:  Hold'em No Limit ($0.01/$0.02 USD) - 2021/03/04 17:22:35 PT [2021/03/04 20:22:35 ET]
Table 'Patry' 9-max Seat #9 is the button
Seat 1: 123LADY123 ($2.31 in chips) 
Seat 2: Dorex2007 ($1.97 in chips) 
Seat 3: POLLO ISRA75 ($1.59 in chips) 
Seat 4: Bobertul ($3.16 in chips) 
Seat 5: darlok79 ($1.06 in chips) 
Seat 6: Aresden219611 ($1.83 in chips) 
Seat 7: Scotter6267 ($0.65 in chips) 
Seat 8: JohnWolfgang ($0.80 in chips) 
Seat 9: k0vacs ($4.25 in chips) 
123LADY123: posts small blind $0.01
Dorex2007: posts big blind $0.02
darlok79: posts big blind $0.02
*** HOLE CARDS ***
Dealt to Dorex2007 [2s 7d]
POLLO ISRA75 has timed out
POLLO ISRA75: folds 
Bobertul: folds 
darlok79: checks 
Aresden219611: folds 
Scotter6267: raises $0.02 to $0.04
JohnWolfgang: calls $0.04
k0vacs: folds 
123LADY123: calls $0.03
Dorex2007: folds 
darlok79: calls $0.02
*** FLOP *** [4d Ks 8h]
123LADY123: checks 
darlok79: checks 
Scotter6267: bets $0.02
JohnWolfgang: calls $0.02
123LADY123: calls $0.02
darlok79: folds 
*** TURN *** [4d Ks 8h] [Jc]
123LADY123: checks 
Scotter6267: bets $0.10
JohnWolfgang: folds 
123LADY123: folds 
Uncalled bet ($0.10) returned to Scotter6267
Scotter6267 collected $0.23 from pot
Scotter6267: doesn't show hand 
*** SUMMARY ***
Total pot $0.24 | Rake $0.01 
Board [4d Ks 8h Jc]
Seat 1: 123LADY123 (small blind) folded on the Turn
Seat 2: Dorex2007 (big blind) folded before Flop
Seat 3: POLLO ISRA75 folded before Flop (didn't bet)
Seat 4: Bobertul folded before Flop (didn't bet)
Seat 5: darlok79 folded on the Flop
Seat 6: Aresden219611 folded before Flop (didn't bet)
Seat 7: Scotter6267 collected ($0.23)
Seat 8: JohnWolfgang folded on the Turn
Seat 9: k0vacs (button) folded before Flop (didn't bet)



PokerStars Hand #224466180342:  Hold'em No Limit ($0.01/$0.02 USD) - 2021/03/04 17:23:43 PT [2021/03/04 20:23:43 ET]
Table 'Patry' 9-max Seat #1 is the button
Seat 1: 123LADY123 ($2.25 in chips) 
Seat 2: Dorex2007 ($1.95 in chips) 
Seat 4: Bobertul ($3.16 in chips) 
Seat 5: darlok79 ($1.02 in chips) 
Seat 6: Aresden219611 ($1.83 in chips) 
Seat 7: Scotter6267 ($0.82 in chips) 
Seat 8: JohnWolfgang ($0.74 in chips) 
Seat 9: k0vacs ($4.25 in chips) 
Dorex2007: posts small blind $0.01
POLLO ISRA75 has timed out
POLLO ISRA75: is sitting out 
Bobertul: posts big blind $0.02
*** HOLE CARDS ***
Dealt to Dorex2007 [Kh 3s]
darlok79: calls $0.02
Aresden219611: calls $0.02
Scotter6267: calls $0.02
JohnWolfgang: calls $0.02
k0vacs: raises $0.04 to $0.06
123LADY123: folds 
Dorex2007: folds 
Bobertul: folds 
darlok79: raises $0.21 to $0.27
Aresden219611: calls $0.25
Scotter6267: folds 
JohnWolfgang: folds 
k0vacs: folds 
*** FLOP *** [Jh Js Td]
Bobertul leaves the table
darlok79: bets $0.75 and is all-in
puton jacket joins the table at seat #4 
Aresden219611: folds 
Uncalled bet ($0.75) returned to darlok79
darlok79 collected $0.65 from pot
darlok79: doesn't show hand 
*** SUMMARY ***
Total pot $0.67 | Rake $0.02 
Board [Jh Js Td]
Seat 1: 123LADY123 (button) folded before Flop (didn't bet)
Seat 2: Dorex2007 (small blind) folded before Flop
Seat 4: Bobertul (big blind) folded before Flop
Seat 5: darlok79 collected ($0.65)
Seat 6: Aresden219611 folded on the Flop
Seat 7: Scotter6267 folded before Flop
Seat 8: JohnWolfgang folded before Flop
Seat 9: k0vacs folded before Flop



PokerStars Hand #224466200154:  Hold'em No Limit ($0.01/$0.02 USD) - 2021/03/04 17:24:40 PT [2021/03/04 20:24:40 ET]
Table 'Patry' 9-max Seat #2 is the button
Seat 1: 123LADY123 ($2.25 in chips) 
Seat 2: Dorex2007 ($1.94 in chips) 
Seat 5: darlok79 ($1.40 in chips) 
Seat 6: Aresden219611 ($1.56 in chips) 
Seat 7: Scotter6267 ($0.80 in chips) 
Seat 8: JohnWolfgang ($0.72 in chips) 
Seat 9: k0vacs ($4.19 in chips) 
darlok79: posts small blind $0.01
Aresden219611: posts big blind $0.02
*** HOLE CARDS ***
Dealt to Dorex2007 [7h Tc]
Scotter6267: folds 
JohnWolfgang: folds 
k0vacs: raises $0.03 to $0.05
123LADY123: folds 
Dorex2007: folds 
darlok79: calls $0.04
Aresden219611: calls $0.03
*** FLOP *** [Ts 4d 2h]
darlok79: checks 
Aresden219611: checks 
k0vacs: bets $0.08
darlok79: folds 
Aresden219611: folds 
Uncalled bet ($0.08) returned to k0vacs
k0vacs collected $0.14 from pot
*** SUMMARY ***
Total pot $0.15 | Rake $0.01 
Board [Ts 4d 2h]
Seat 1: 123LADY123 folded before Flop (didn't bet)
Seat 2: Dorex2007 (button) folded before Flop (didn't bet)
Seat 5: darlok79 (small blind) folded on the Flop
Seat 6: Aresden219611 (big blind) folded on the Flop
Seat 7: Scotter6267 folded before Flop (didn't bet)
Seat 8: JohnWolfgang folded before Flop (didn't bet)
Seat 9: k0vacs collected ($0.14)



PokerStars Hand #224466214630:  Hold'em No Limit ($0.01/$0.02 USD) - 2021/03/04 17:25:22 PT [2021/03/04 20:25:22 ET]
Table 'Patry' 9-max Seat #5 is the button
Seat 1: 123LADY123 ($2.25 in chips) 
Seat 2: Dorex2007 ($1.94 in chips) 
Seat 5: darlok79 ($1.35 in chips) 
Seat 6: Aresden219611 ($1.51 in chips) 
Seat 7: Scotter6267 ($0.80 in chips) 
Seat 8: JohnWolfgang ($0.72 in chips) 
Seat 9: k0vacs ($4.28 in chips) 
Aresden219611: posts small blind $0.01
Scotter6267: posts big blind $0.02
POLLO ISRA75: sits out 
puton jacket: sits out 
*** HOLE CARDS ***
Dealt to Dorex2007 [As 2c]
JohnWolfgang: folds 
k0vacs: folds 
123LADY123: folds 
Dorex2007: folds 
darlok79: raises $0.04 to $0.06
Aresden219611: folds 
Scotter6267: calls $0.04
*** FLOP *** [Td 3s Qh]
Scotter6267: checks 
darlok79: bets $0.13
Scotter6267: folds 
Uncalled bet ($0.13) returned to darlok79
darlok79 collected $0.13 from pot
darlok79: doesn't show hand 
*** SUMMARY ***
Total pot $0.13 | Rake $0 
Board [Td 3s Qh]
Seat 1: 123LADY123 folded before Flop (didn't bet)
Seat 2: Dorex2007 folded before Flop (didn't bet)
Seat 5: darlok79 (button) collected ($0.13)
Seat 6: Aresden219611 (small blind) folded before Flop
Seat 7: Scotter6267 (big blind) folded on the Flop
Seat 8: JohnWolfgang folded before Flop (didn't bet)
Seat 9: k0vacs folded before Flop (didn't bet)



PokerStars Hand #224466228777:  Hold'em No Limit ($0.01/$0.02 USD) - 2021/03/04 17:26:03 PT [2021/03/04 20:26:03 ET]
Table 'Patry' 9-max Seat #6 is the button
Seat 1: 123LADY123 ($2.25 in chips) 
Seat 2: Dorex2007 ($1.94 in chips) 
Seat 3: POLLO ISRA75 ($1.59 in chips) 
Seat 4: puton jacket ($1.60 in chips) 
Seat 5: darlok79 ($1.42 in chips) 
Seat 6: Aresden219611 ($1.50 in chips) 
Seat 7: Scotter6267 ($0.74 in chips) 
Seat 8: JohnWolfgang ($0.72 in chips) 
Seat 9: k0vacs ($4.28 in chips) 
Scotter6267: posts small blind $0.01
JohnWolfgang: posts big blind $0.02
POLLO ISRA75: posts small & big blinds $0.03
puton jacket: posts big blind $0.02
*** HOLE CARDS ***
Dealt to Dorex2007 [Kd 8d]
k0vacs: calls $0.02
123LADY123: folds 
Dorex2007: folds 
POLLO ISRA75: checks 
puton jacket: checks 
darlok79: folds 
Aresden219611: folds 
Scotter6267: calls $0.01
JohnWolfgang: raises $0.04 to $0.06
k0vacs: calls $0.04
POLLO ISRA75: folds 
puton jacket: folds 
Scotter6267: calls $0.04
*** FLOP *** [2h Kc 5s]
Scotter6267: checks 
JohnWolfgang: bets $0.20
k0vacs: calls $0.20
Scotter6267: folds 
*** TURN *** [2h Kc 5s] [Qc]
JohnWolfgang: bets $0.46 and is all-in
k0vacs: calls $0.46
*** RIVER *** [2h Kc 5s Qc] [9d]
*** SHOW DOWN ***
JohnWolfgang: shows [9h 9c] (three of a kind, Nines)
k0vacs: shows [3s 3h] (a pair of Threes)
JohnWolfgang collected $1.50 from pot
k0vacs cashed out the hand for $0.06
*** SUMMARY ***
Total pot $1.55 | Rake $0.05 
Board [2h Kc 5s Qc 9d]
Seat 1: 123LADY123 folded before Flop (didn't bet)
Seat 2: Dorex2007 folded before Flop (didn't bet)
Seat 3: POLLO ISRA75 folded before Flop (didn't bet)
Seat 4: puton jacket folded before Flop (didn't bet)
Seat 5: darlok79 folded before Flop (didn't bet)
Seat 6: Aresden219611 (button) folded before Flop (didn't bet)
Seat 7: Scotter6267 (small blind) folded on the Flop
Seat 8: JohnWolfgang (big blind) showed [9h 9c] and won ($1.50) with three of a kind, Nines
Seat 9: k0vacs showed [3s 3h] and lost with a pair of Threes (cashed out).



PokerStars Hand #224466257124:  Hold'em No Limit ($0.01/$0.02 USD) - 2021/03/04 17:27:25 PT [2021/03/04 20:27:25 ET]
Table 'Patry' 9-max Seat #7 is the button
Seat 1: 123LADY123 ($2.25 in chips) 
Seat 2: Dorex2007 ($1.94 in chips) 
Seat 3: POLLO ISRA75 ($1.56 in chips) 
Seat 4: puton jacket ($1.58 in chips) 
Seat 5: darlok79 ($1.42 in chips) 
Seat 6: Aresden219611 ($1.50 in chips) 
Seat 7: Scotter6267 ($0.68 in chips) 
Seat 8: JohnWolfgang ($1.50 in chips) 
Seat 9: k0vacs ($3.62 in chips) 
JohnWolfgang: posts small blind $0.01
k0vacs: posts big blind $0.02
*** HOLE CARDS ***
Dealt to Dorex2007 [Ah Td]
123LADY123: folds 
Dorex2007: raises $0.02 to $0.04
POLLO ISRA75: folds 
puton jacket: calls $0.04
darlok79: calls $0.04
Aresden219611: folds 
Scotter6267: folds 
JohnWolfgang: folds 
k0vacs: calls $0.02
*** FLOP *** [6s 4h 7c]
k0vacs: checks 
Dorex2007: checks 
puton jacket: bets $0.06
darlok79: calls $0.06
k0vacs: folds 
Dorex2007: folds 
*** TURN *** [6s 4h 7c] [Kh]
puton jacket: checks 
darlok79: checks 
*** RIVER *** [6s 4h 7c Kh] [Qh]
puton jacket: checks 
darlok79: checks 
*** SHOW DOWN ***
puton jacket: shows [Th 7s] (a pair of Sevens)
darlok79: mucks hand 
puton jacket collected $0.28 from pot
*** SUMMARY ***
Total pot $0.29 | Rake $0.01 
Board [6s 4h 7c Kh Qh]
Seat 1: 123LADY123 folded before Flop (didn't bet)
Seat 2: Dorex2007 folded on the Flop
Seat 3: POLLO ISRA75 folded before Flop (didn't bet)
Seat 4: puton jacket showed [Th 7s] and won ($0.28) with a pair of Sevens
Seat 5: darlok79 mucked [6c Ad]
Seat 6: Aresden219611 folded before Flop (didn't bet)
Seat 7: Scotter6267 (button) folded before Flop (didn't bet)
Seat 8: JohnWolfgang (small blind) folded before Flop
Seat 9: k0vacs (big blind) folded on the Flop



PokerStars Hand #224466276520:  Hold'em No Limit ($0.01/$0.02 USD) - 2021/03/04 17:28:22 PT [2021/03/04 20:28:22 ET]
Table 'Patry' 9-max Seat #8 is the button
Seat 1: 123LADY123 ($2.25 in chips) 
Seat 2: Dorex2007 ($1.90 in chips) 
Seat 3: POLLO ISRA75 ($1.56 in chips) 
Seat 4: puton jacket ($1.76 in chips) 
Seat 5: darlok79 ($1.32 in chips) 
Seat 6: Aresden219611 ($1.50 in chips) 
Seat 7: Scotter6267 ($0.68 in chips) 
Seat 8: JohnWolfgang ($1.49 in chips) 
Seat 9: k0vacs ($3.58 in chips) 
k0vacs: posts small blind $0.01
123LADY123: posts big blind $0.02
*** HOLE CARDS ***
Dealt to Dorex2007 [Qd 3h]
Dorex2007: folds 
POLLO ISRA75: folds 
puton jacket: folds 
darlok79: calls $0.02
Aresden219611: calls $0.02
Scotter6267: folds 
puton jacket leaves the table
JohnWolfgang: raises $0.04 to $0.06
s_nami_bog38 joins the table at seat #4 
k0vacs: raises $0.34 to $0.40
123LADY123: folds 
darlok79: folds 
Aresden219611: folds 
JohnWolfgang: folds 
Uncalled bet ($0.34) returned to k0vacs
k0vacs collected $0.18 from pot
*** SUMMARY ***
Total pot $0.18 | Rake $0 
Seat 1: 123LADY123 (big blind) folded before Flop
Seat 2: Dorex2007 folded before Flop (didn't bet)
Seat 3: POLLO ISRA75 folded before Flop (didn't bet)
Seat 4: puton jacket folded before Flop (didn't bet)
Seat 5: darlok79 folded before Flop
Seat 6: Aresden219611 folded before Flop
Seat 7: Scotter6267 folded before Flop (didn't bet)
Seat 8: JohnWolfgang (button) folded before Flop
Seat 9: k0vacs (small blind) collected ($0.18)



PokerStars Hand #224466293219:  Hold'em No Limit ($0.01/$0.02 USD) - 2021/03/04 17:29:11 PT [2021/03/04 20:29:11 ET]
Table 'Patry' 9-max Seat #9 is the button
Seat 1: 123LADY123 ($2.23 in chips) 
Seat 2: Dorex2007 ($1.90 in chips) 
Seat 3: POLLO ISRA75 ($1.56 in chips) 
Seat 5: darlok79 ($1.30 in chips) 
Seat 6: Aresden219611 ($1.48 in chips) 
Seat 7: Scotter6267 ($0.68 in chips) 
Seat 8: JohnWolfgang ($1.43 in chips) 
Seat 9: k0vacs ($3.70 in chips) 
123LADY123: posts small blind $0.01
Dorex2007: posts big blind $0.02
s_nami_bog38: sits out 
*** HOLE CARDS ***
Dealt to Dorex2007 [Jd Ah]
POLLO ISRA75: calls $0.02
darlok79: raises $0.04 to $0.06
Aresden219611: calls $0.06
Scotter6267: folds 
JohnWolfgang: folds 
k0vacs: folds 
123LADY123: folds 
Dorex2007: calls $0.04
POLLO ISRA75: calls $0.04
*** FLOP *** [Tc 9d 2h]
Dorex2007: checks 
POLLO ISRA75: checks 
darlok79: bets $0.24
Aresden219611: calls $0.24
Dorex2007: folds 
POLLO ISRA75: raises $0.48 to $0.72
darlok79: raises $0.52 to $1.24 and is all-in
Aresden219611: folds 
POLLO ISRA75: calls $0.52
*** TURN *** [Tc 9d 2h] [4c]
*** RIVER *** [Tc 9d 2h 4c] [5d]
*** SHOW DOWN ***
POLLO ISRA75: shows [9c 9s] (three of a kind, Nines)
darlok79: shows [8h Qc] (high card Queen)
POLLO ISRA75 cashed out the hand for $2.41 | Cash Out Fee $0.02
*** SUMMARY ***
Total pot $2.97 | Rake $0.10 
Board [Tc 9d 2h 4c 5d]
Seat 1: 123LADY123 (small blind) folded before Flop
Seat 2: Dorex2007 (big blind) folded on the Flop
Seat 3: POLLO ISRA75 showed [9c 9s] and won ($2.87) with three of a kind, Nines (pot not awarded as player cashed out)
Seat 5: darlok79 showed [8h Qc] and lost with high card Queen
Seat 6: Aresden219611 folded on the Flop
Seat 7: Scotter6267 folded before Flop (didn't bet)
Seat 8: JohnWolfgang folded before Flop (didn't bet)
Seat 9: k0vacs (button) folded before Flop (didn't bet)



PokerStars Hand #224466327486:  Hold'em No Limit ($0.01/$0.02 USD) - 2021/03/04 17:30:35 PT [2021/03/04 20:30:35 ET]
Table 'Patry' 9-max Seat #1 is the button
Seat 1: 123LADY123 ($2.22 in chips) 
Seat 2: Dorex2007 ($1.84 in chips) 
Seat 3: POLLO ISRA75 ($2.67 in chips) 
Seat 6: Aresden219611 ($1.18 in chips) 
Seat 7: Scotter6267 ($0.68 in chips) 
Seat 8: JohnWolfgang ($1.43 in chips) 
Seat 9: k0vacs ($3.70 in chips) 
Dorex2007: posts small blind $0.01
POLLO ISRA75: posts big blind $0.02
s_nami_bog38: sits out 
*** HOLE CARDS ***
Dealt to Dorex2007 [5c 9s]
Aresden219611: calls $0.02
darlok79 leaves the table
Scotter6267: folds 
JohnWolfgang: folds 
wodkasdzusom joins the table at seat #5 
k0vacs: raises $0.03 to $0.05
123LADY123: calls $0.05
Dorex2007 said, "wth?"
Dorex2007: folds 
POLLO ISRA75: folds 
Aresden219611: calls $0.03
*** FLOP *** [4c Qh Jd]
Aresden219611: checks 
k0vacs: checks 
123LADY123: checks 
*** TURN *** [4c Qh Jd] [4d]
Aresden219611: checks 
k0vacs: bets $0.06
123LADY123: folds 
Aresden219611: folds 
Uncalled bet ($0.06) returned to k0vacs
k0vacs collected $0.17 from pot
*** SUMMARY ***
Total pot $0.18 | Rake $0.01 
Board [4c Qh Jd 4d]
Seat 1: 123LADY123 (button) folded on the Turn
Seat 2: Dorex2007 (small blind) folded before Flop
Seat 3: POLLO ISRA75 (big blind) folded before Flop
Seat 6: Aresden219611 folded on the Turn
Seat 7: Scotter6267 folded before Flop (didn't bet)
Seat 8: JohnWolfgang folded before Flop (didn't bet)
Seat 9: k0vacs collected ($0.17)



PokerStars Hand #224466345420:  Hold'em No Limit ($0.01/$0.02 USD) - 2021/03/04 17:31:28 PT [2021/03/04 20:31:28 ET]
Table 'Patry' 9-max Seat #2 is the button
Seat 1: 123LADY123 ($2.17 in chips) 
Seat 2: Dorex2007 ($1.83 in chips) 
Seat 3: POLLO ISRA75 ($2.65 in chips) 
Seat 4: s_nami_bog38 ($2 in chips) 
Seat 6: Aresden219611 ($1.13 in chips) 
Seat 7: Scotter6267 ($0.68 in chips) 
Seat 8: JohnWolfgang ($1.43 in chips) 
Seat 9: k0vacs ($3.82 in chips) 
POLLO ISRA75: posts small blind $0.01
s_nami_bog38: posts big blind $0.02
wodkasdzusom: sits out 
*** HOLE CARDS ***
Dealt to Dorex2007 [2d Qh]
Aresden219611: calls $0.02
Scotter6267: folds 
JohnWolfgang: folds 
k0vacs: folds 
123LADY123: folds 
Dorex2007: folds 
POLLO ISRA75: calls $0.01
s_nami_bog38: checks 
*** FLOP *** [6s Kc 7d]
POLLO ISRA75: checks 
s_nami_bog38: checks 
Aresden219611: checks 
*** TURN *** [6s Kc 7d] [9d]
POLLO ISRA75: checks 
s_nami_bog38: checks 
Aresden219611: checks 
*** RIVER *** [6s Kc 7d 9d] [Ah]
k0vacs leaves the table
POLLO ISRA75: bets $2.56
s_nami_bog38: folds 
Aresden219611: folds 
Uncalled bet ($2.56) returned to POLLO ISRA75
POLLO ISRA75 collected $0.06 from pot
*** SUMMARY ***
Total pot $0.06 | Rake $0 
Board [6s Kc 7d 9d Ah]
Seat 1: 123LADY123 folded before Flop (didn't bet)
Seat 2: Dorex2007 (button) folded before Flop (didn't bet)
Seat 3: POLLO ISRA75 (small blind) collected ($0.06)
Seat 4: s_nami_bog38 (big blind) folded on the River
Seat 6: Aresden219611 folded on the River
Seat 7: Scotter6267 folded before Flop (didn't bet)
Seat 8: JohnWolfgang folded before Flop (didn't bet)
Seat 9: k0vacs folded before Flop (didn't bet)



PokerStars Hand #224466371555:  Hold'em No Limit ($0.01/$0.02 USD) - 2021/03/04 17:32:20 PT [2021/03/04 20:32:20 ET]
Table 'Patry' 9-max Seat #3 is the button
Seat 1: 123LADY123 ($2.17 in chips) 
Seat 2: Dorex2007 ($1.83 in chips) 
Seat 3: POLLO ISRA75 ($2.69 in chips) 
Seat 4: s_nami_bog38 ($1.98 in chips) 
Seat 5: wodkasdzusom ($2 in chips) 
Seat 6: Aresden219611 ($1.11 in chips) 
Seat 7: Scotter6267 ($0.68 in chips) 
Seat 8: JohnWolfgang ($1.43 in chips) 
s_nami_bog38: posts small blind $0.01
wodkasdzusom: posts big blind $0.02
*** HOLE CARDS ***
Dealt to Dorex2007 [3h Kc]
Aresden219611: calls $0.02
Scotter6267: calls $0.02
JohnWolfgang: raises $0.04 to $0.06
123LADY123: folds 
Dorex2007: folds 
POLLO ISRA75: folds 
s_nami_bog38: folds 
wodkasdzusom: folds 
Aresden219611: calls $0.04
Scotter6267: calls $0.04
*** FLOP *** [8s 9c 5h]
SUPERFISH35 joins the table at seat #9 
Aresden219611: checks 
Scotter6267: checks 
JohnWolfgang: checks 
*** TURN *** [8s 9c 5h] [2s]
Aresden219611: checks 
Scotter6267: checks 
JohnWolfgang: bets $0.12
Aresden219611: folds 
Scotter6267: folds 
Uncalled bet ($0.12) returned to JohnWolfgang
JohnWolfgang collected $0.20 from pot
JohnWolfgang: doesn't show hand 
*** SUMMARY ***
Total pot $0.21 | Rake $0.01 
Board [8s 9c 5h 2s]
Seat 1: 123LADY123 folded before Flop (didn't bet)
Seat 2: Dorex2007 folded before Flop (didn't bet)
Seat 3: POLLO ISRA75 (button) folded before Flop (didn't bet)
Seat 4: s_nami_bog38 (small blind) folded before Flop
Seat 5: wodkasdzusom (big blind) folded before Flop
Seat 6: Aresden219611 folded on the Turn
Seat 7: Scotter6267 folded on the Turn
Seat 8: JohnWolfgang collected ($0.20)



PokerStars Hand #224466393745:  Hold'em No Limit ($0.01/$0.02 USD) - 2021/03/04 17:33:25 PT [2021/03/04 20:33:25 ET]
Table 'Patry' 9-max Seat #4 is the button
Seat 1: 123LADY123 ($2.17 in chips) 
Seat 2: Dorex2007 ($1.83 in chips) 
Seat 3: POLLO ISRA75 ($2.69 in chips) 
Seat 4: s_nami_bog38 ($1.97 in chips) 
Seat 5: wodkasdzusom ($1.98 in chips) 
Seat 6: Aresden219611 ($1.05 in chips) 
Seat 7: Scotter6267 ($0.62 in chips) 
Seat 8: JohnWolfgang ($1.57 in chips) 
wodkasdzusom: posts small blind $0.01
Aresden219611: posts big blind $0.02
*** HOLE CARDS ***
Dealt to Dorex2007 [Ah Js]
Scotter6267: folds 
JohnWolfgang: folds 
123LADY123 has timed out
123LADY123: folds 
Dorex2007: raises $0.04 to $0.06
POLLO ISRA75 has timed out
POLLO ISRA75: folds 
s_nami_bog38: folds 
wodkasdzusom: folds 
Aresden219611: calls $0.04
*** FLOP *** [3s Qd 5c]
123LADY123 leaves the table
Aresden219611: checks 
Dorex2007: checks 
*** TURN *** [3s Qd 5c] [2c]
Aresden219611: bets $0.02
Alexsabur joins the table at seat #1 
Dorex2007: calls $0.02
*** RIVER *** [3s Qd 5c 2c] [Jc]
Aresden219611: bets $0.04
Dorex2007: calls $0.04
*** SHOW DOWN ***
Aresden219611: shows [Kh 8h] (high card King)
Dorex2007: shows [Ah Js] (a pair of Jacks)
Dorex2007 collected $0.24 from pot
*** SUMMARY ***
Total pot $0.25 | Rake $0.01 
Board [3s Qd 5c 2c Jc]
Seat 1: 123LADY123 folded before Flop (didn't bet)
Seat 2: Dorex2007 showed [Ah Js] and won ($0.24) with a pair of Jacks
Seat 3: POLLO ISRA75 folded before Flop (didn't bet)
Seat 4: s_nami_bog38 (button) folded before Flop (didn't bet)
Seat 5: wodkasdzusom (small blind) folded before Flop
Seat 6: Aresden219611 (big blind) showed [Kh 8h] and lost with high card King
Seat 7: Scotter6267 folded before Flop (didn't bet)
Seat 8: JohnWolfgang folded before Flop (didn't bet)



