PokerStars Hand #226760328680:  Hold'em No Limit ($0.01/$0.02 USD) - 2021/05/14 15:17:00 PT [2021/05/14 18:17:00 ET]
Table 'Elephenor II' 9-max Seat #1 is the button
Seat 1: fincherback ($1.55 in chips) 
Seat 2: kreator1984 ($1.78 in chips) 
Seat 4: Dorex2007 ($2 in chips) 
Seat 5: bmwmann8 ($5.89 in chips) 
Seat 6: nicks33906 ($1.38 in chips) 
Seat 7: schwitzenCS ($2.53 in chips) 
Seat 8: Set Out ($2 in chips) 
Seat 9: boy_poker76 ($5.22 in chips) 
kreator1984: posts small blind $0.01
Dorex2007: posts big blind $0.02
*** HOLE CARDS ***
Dealt to Dorex2007 [Ks 4h]
bmwmann8: calls $0.02
nicks33906: raises $0.02 to $0.04
schwitzenCS: folds 
Set Out: folds 
boy_poker76: folds 
fincherback: raises $0.02 to $0.06
kreator1984: folds 
Dorex2007: folds 
bmwmann8: calls $0.04
nicks33906: raises $0.16 to $0.22
fincherback: calls $0.16
bmwmann8: folds 
*** FLOP *** [Th 6s 4s]
nicks33906: bets $0.22
fincherback: calls $0.22
*** TURN *** [Th 6s 4s] [9c]
nicks33906: checks 
fincherback: bets $0.50
nicks33906: calls $0.50
*** RIVER *** [Th 6s 4s 9c] [3h]
nicks33906: checks 
fincherback: bets $0.61 and is all-in
nicks33906: calls $0.44 and is all-in
Uncalled bet ($0.17) returned to fincherback
*** SHOW DOWN ***
fincherback: shows [Kh Ad] (high card Ace)
nicks33906: shows [6c Ac] (a pair of Sixes)
nicks33906 collected $2.75 from pot
*** SUMMARY ***
Total pot $2.85 | Rake $0.10 
Board [Th 6s 4s 9c 3h]
Seat 1: fincherback (button) showed [Kh Ad] and lost with high card Ace
Seat 2: kreator1984 (small blind) folded before Flop
Seat 4: Dorex2007 (big blind) folded before Flop
Seat 5: bmwmann8 folded before Flop
Seat 6: nicks33906 showed [6c Ac] and won ($2.75) with a pair of Sixes
Seat 7: schwitzenCS folded before Flop (didn't bet)
Seat 8: Set Out folded before Flop (didn't bet)
Seat 9: boy_poker76 folded before Flop (didn't bet)



PokerStars Hand #226760358350:  Hold'em No Limit ($0.01/$0.02 USD) - 2021/05/14 15:18:00 PT [2021/05/14 18:18:00 ET]
Table 'Elephenor II' 9-max Seat #2 is the button
Seat 1: fincherback ($0.17 in chips) 
Seat 2: kreator1984 ($1.77 in chips) 
Seat 4: Dorex2007 ($1.98 in chips) 
Seat 5: bmwmann8 ($5.83 in chips) 
Seat 6: nicks33906 ($2.75 in chips) 
Seat 7: schwitzenCS ($2.53 in chips) 
Seat 8: Set Out ($2 in chips) 
Seat 9: boy_poker76 ($5.22 in chips) 
Dorex2007: posts small blind $0.01
bmwmann8: posts big blind $0.02
*** HOLE CARDS ***
Dealt to Dorex2007 [Qh 8s]
nicks33906: raises $0.02 to $0.04
schwitzenCS: folds 
Set Out: folds 
boy_poker76: folds 
fincherback: folds 
kreator1984: calls $0.04
Dorex2007: folds 
bmwmann8: calls $0.02
*** FLOP *** [5c 2c Js]
bmwmann8: checks 
nicks33906: bets $0.06
kreator1984: folds 
bmwmann8: folds 
Uncalled bet ($0.06) returned to nicks33906
nicks33906 collected $0.13 from pot
nicks33906: doesn't show hand 
*** SUMMARY ***
Total pot $0.13 | Rake $0 
Board [5c 2c Js]
Seat 1: fincherback folded before Flop (didn't bet)
Seat 2: kreator1984 (button) folded on the Flop
Seat 4: Dorex2007 (small blind) folded before Flop
Seat 5: bmwmann8 (big blind) folded on the Flop
Seat 6: nicks33906 collected ($0.13)
Seat 7: schwitzenCS folded before Flop (didn't bet)
Seat 8: Set Out folded before Flop (didn't bet)
Seat 9: boy_poker76 folded before Flop (didn't bet)



PokerStars Hand #226760375724:  Hold'em No Limit ($0.01/$0.02 USD) - 2021/05/14 15:18:36 PT [2021/05/14 18:18:36 ET]
Table 'Elephenor II' 9-max Seat #4 is the button
Seat 1: fincherback ($2 in chips) 
Seat 2: kreator1984 ($1.73 in chips) 
Seat 4: Dorex2007 ($1.97 in chips) 
Seat 5: bmwmann8 ($5.79 in chips) 
Seat 6: nicks33906 ($2.84 in chips) 
Seat 7: schwitzenCS ($2.53 in chips) 
Seat 8: Set Out ($2 in chips) 
Seat 9: boy_poker76 ($5.22 in chips) 
bmwmann8: posts small blind $0.01
nicks33906: posts big blind $0.02
*** HOLE CARDS ***
Dealt to Dorex2007 [7s Jh]
schwitzenCS: folds 
Set Out: folds 
boy_poker76: folds 
fincherback: raises $0.04 to $0.06
kreator1984: calls $0.06
Dorex2007: folds 
bmwmann8: folds 
nicks33906: calls $0.04
*** FLOP *** [4d Ah 8d]
nicks33906: bets $0.06
fincherback: raises $0.10 to $0.16
kreator1984: calls $0.16
nicks33906: calls $0.10
*** TURN *** [4d Ah 8d] [Kh]
nicks33906: checks 
fincherback: bets $0.33
kreator1984: folds 
nicks33906: folds 
Uncalled bet ($0.33) returned to fincherback
fincherback collected $0.65 from pot
fincherback: doesn't show hand 
*** SUMMARY ***
Total pot $0.67 | Rake $0.02 
Board [4d Ah 8d Kh]
Seat 1: fincherback collected ($0.65)
Seat 2: kreator1984 folded on the Turn
Seat 4: Dorex2007 (button) folded before Flop (didn't bet)
Seat 5: bmwmann8 (small blind) folded before Flop
Seat 6: nicks33906 (big blind) folded on the Turn
Seat 7: schwitzenCS folded before Flop (didn't bet)
Seat 8: Set Out folded before Flop (didn't bet)
Seat 9: boy_poker76 folded before Flop (didn't bet)



PokerStars Hand #226760406504:  Hold'em No Limit ($0.01/$0.02 USD) - 2021/05/14 15:19:39 PT [2021/05/14 18:19:39 ET]
Table 'Elephenor II' 9-max Seat #5 is the button
Seat 1: fincherback ($2.43 in chips) 
Seat 2: kreator1984 ($2 in chips) 
Seat 4: Dorex2007 ($1.97 in chips) 
Seat 5: bmwmann8 ($5.78 in chips) 
Seat 6: nicks33906 ($2.62 in chips) 
Seat 7: schwitzenCS ($2.53 in chips) 
Seat 8: Set Out ($2 in chips) 
Seat 9: boy_poker76 ($5.22 in chips) 
nicks33906: posts small blind $0.01
schwitzenCS: posts big blind $0.02
*** HOLE CARDS ***
Dealt to Dorex2007 [5s 3h]
Set Out: folds 
boy_poker76: folds 
fincherback: folds 
kreator1984: folds 
Dorex2007: folds 
bmwmann8: folds 
nicks33906: calls $0.01
schwitzenCS: checks 
*** FLOP *** [Kh 6c Td]
nicks33906: checks 
schwitzenCS: bets $0.02
nicks33906: folds 
Uncalled bet ($0.02) returned to schwitzenCS
schwitzenCS collected $0.04 from pot
schwitzenCS: doesn't show hand 
*** SUMMARY ***
Total pot $0.04 | Rake $0 
Board [Kh 6c Td]
Seat 1: fincherback folded before Flop (didn't bet)
Seat 2: kreator1984 folded before Flop (didn't bet)
Seat 4: Dorex2007 folded before Flop (didn't bet)
Seat 5: bmwmann8 (button) folded before Flop (didn't bet)
Seat 6: nicks33906 (small blind) folded on the Flop
Seat 7: schwitzenCS (big blind) collected ($0.04)
Seat 8: Set Out folded before Flop (didn't bet)
Seat 9: boy_poker76 folded before Flop (didn't bet)



PokerStars Hand #226760422256:  Hold'em No Limit ($0.01/$0.02 USD) - 2021/05/14 15:20:08 PT [2021/05/14 18:20:08 ET]
Table 'Elephenor II' 9-max Seat #6 is the button
Seat 1: fincherback ($2.43 in chips) 
Seat 2: kreator1984 ($2 in chips) 
Seat 4: Dorex2007 ($1.97 in chips) 
Seat 5: bmwmann8 ($5.78 in chips) 
Seat 6: nicks33906 ($2.60 in chips) 
Seat 7: schwitzenCS ($2.55 in chips) 
Seat 8: Set Out ($2 in chips) 
Seat 9: boy_poker76 ($5.22 in chips) 
schwitzenCS: posts small blind $0.01
Set Out: posts big blind $0.02
*** HOLE CARDS ***
Dealt to Dorex2007 [9c Ts]
boy_poker76: folds 
fincherback: folds 
kreator1984: folds 
Dorex2007: folds 
bmwmann8: calls $0.02
nicks33906: folds 
schwitzenCS: calls $0.01
Set Out: checks 
*** FLOP *** [9s 8d 7d]
schwitzenCS: checks 
Set Out: bets $0.04
bmwmann8: calls $0.04
schwitzenCS: calls $0.04
*** TURN *** [9s 8d 7d] [Jh]
schwitzenCS: checks 
Set Out: checks 
bmwmann8: bets $0.10
schwitzenCS: folds 
Ainyr1993 leaves the table
Set Out: folds 
Uncalled bet ($0.10) returned to bmwmann8
bmwmann8 collected $0.17 from pot
bmwmann8: doesn't show hand 
*** SUMMARY ***
Total pot $0.18 | Rake $0.01 
Board [9s 8d 7d Jh]
Seat 1: fincherback folded before Flop (didn't bet)
Seat 2: kreator1984 folded before Flop (didn't bet)
Seat 4: Dorex2007 folded before Flop (didn't bet)
Seat 5: bmwmann8 collected ($0.17)
Seat 6: nicks33906 (button) folded before Flop (didn't bet)
Seat 7: schwitzenCS (small blind) folded on the Turn
Seat 8: Set Out (big blind) folded on the Turn
Seat 9: boy_poker76 folded before Flop (didn't bet)



PokerStars Hand #226760438689:  Hold'em No Limit ($0.01/$0.02 USD) - 2021/05/14 15:20:42 PT [2021/05/14 18:20:42 ET]
Table 'Elephenor II' 9-max Seat #7 is the button
Seat 1: fincherback ($2.43 in chips) 
Seat 2: kreator1984 ($2 in chips) 
Seat 4: Dorex2007 ($1.97 in chips) 
Seat 5: bmwmann8 ($5.89 in chips) 
Seat 6: nicks33906 ($2.60 in chips) 
Seat 7: schwitzenCS ($2.49 in chips) 
Seat 8: Set Out ($2 in chips) 
Seat 9: boy_poker76 ($5.22 in chips) 
Set Out: posts small blind $0.01
boy_poker76: posts big blind $0.02
*** HOLE CARDS ***
Dealt to Dorex2007 [3s Ts]
fincherback: folds 
kreator1984: folds 
Dorex2007: folds 
bmwmann8: raises $0.02 to $0.04
nicks33906: folds 
schwitzenCS: calls $0.04
Set Out: folds 
boy_poker76: raises $0.08 to $0.12
bmwmann8: calls $0.08
schwitzenCS: calls $0.08
*** FLOP *** [As 9h 2s]
boy_poker76: bets $0.22
bmwmann8: folds 
schwitzenCS: folds 
Uncalled bet ($0.22) returned to boy_poker76
boy_poker76 collected $0.36 from pot
boy_poker76: doesn't show hand 
*** SUMMARY ***
Total pot $0.37 | Rake $0.01 
Board [As 9h 2s]
Seat 1: fincherback folded before Flop (didn't bet)
Seat 2: kreator1984 folded before Flop (didn't bet)
Seat 4: Dorex2007 folded before Flop (didn't bet)
Seat 5: bmwmann8 folded on the Flop
Seat 6: nicks33906 folded before Flop (didn't bet)
Seat 7: schwitzenCS (button) folded on the Flop
Seat 8: Set Out (small blind) folded before Flop
Seat 9: boy_poker76 (big blind) collected ($0.36)



PokerStars Hand #226760463960:  Hold'em No Limit ($0.01/$0.02 USD) - 2021/05/14 15:21:34 PT [2021/05/14 18:21:34 ET]
Table 'Elephenor II' 9-max Seat #8 is the button
Seat 1: fincherback ($2.43 in chips) 
Seat 2: kreator1984 ($2 in chips) 
Seat 4: Dorex2007 ($1.97 in chips) 
Seat 5: bmwmann8 ($5.77 in chips) 
Seat 6: nicks33906 ($2.60 in chips) 
Seat 7: schwitzenCS ($2.37 in chips) 
Seat 8: Set Out ($2 in chips) 
Seat 9: boy_poker76 ($5.46 in chips) 
boy_poker76: posts small blind $0.01
fincherback: posts big blind $0.02
*** HOLE CARDS ***
Dealt to Dorex2007 [6d Js]
kreator1984: folds 
Dorex2007: folds 
bmwmann8: calls $0.02
nicks33906: folds 
schwitzenCS: folds 
Set Out: folds 
boy_poker76: folds 
fincherback: checks 
*** FLOP *** [Th As Ks]
fincherback: checks 
bmwmann8: bets $0.04
fincherback: folds 
Uncalled bet ($0.04) returned to bmwmann8
bmwmann8 collected $0.05 from pot
bmwmann8: doesn't show hand 
*** SUMMARY ***
Total pot $0.05 | Rake $0 
Board [Th As Ks]
Seat 1: fincherback (big blind) folded on the Flop
Seat 2: kreator1984 folded before Flop (didn't bet)
Seat 4: Dorex2007 folded before Flop (didn't bet)
Seat 5: bmwmann8 collected ($0.05)
Seat 6: nicks33906 folded before Flop (didn't bet)
Seat 7: schwitzenCS folded before Flop (didn't bet)
Seat 8: Set Out (button) folded before Flop (didn't bet)
Seat 9: boy_poker76 (small blind) folded before Flop



PokerStars Hand #226760480234:  Hold'em No Limit ($0.01/$0.02 USD) - 2021/05/14 15:22:08 PT [2021/05/14 18:22:08 ET]
Table 'Elephenor II' 9-max Seat #9 is the button
Seat 1: fincherback ($2.41 in chips) 
Seat 2: kreator1984 ($2 in chips) 
Seat 4: Dorex2007 ($1.97 in chips) 
Seat 5: bmwmann8 ($5.80 in chips) 
Seat 6: nicks33906 ($2.60 in chips) 
Seat 7: schwitzenCS ($2.37 in chips) 
Seat 8: Set Out ($2 in chips) 
Seat 9: boy_poker76 ($5.45 in chips) 
fincherback: posts small blind $0.01
kreator1984: posts big blind $0.02
*** HOLE CARDS ***
Dealt to Dorex2007 [5c Ac]
Dorex2007: raises $0.04 to $0.06
bmwmann8: calls $0.06
nicks33906: calls $0.06
schwitzenCS: folds 
amataco1 joins the table at seat #3 
Set Out: folds 
boy_poker76: calls $0.06
fincherback: calls $0.05
kreator1984: raises $1.94 to $2 and is all-in
Dorex2007: folds 
bmwmann8: folds 
nicks33906: folds 
boy_poker76: folds 
fincherback: calls $1.94
*** FLOP *** [6h 8s 4h]
*** TURN *** [6h 8s 4h] [8h]
*** RIVER *** [6h 8s 4h 8h] [Ts]
*** SHOW DOWN ***
fincherback: shows [Kh Ad] (a pair of Eights)
kreator1984: shows [Th Td] (a full house, Tens full of Eights)
kreator1984 collected $4.09 from pot
fincherback cashed out the hand for $1.77 | Cash Out Fee $0.02
*** SUMMARY ***
Total pot $4.24 | Rake $0.15 
Board [6h 8s 4h 8h Ts]
Seat 1: fincherback (small blind) showed [Kh Ad] and lost with a pair of Eights (cashed out).
Seat 2: kreator1984 (big blind) showed [Th Td] and won ($4.09) with a full house, Tens full of Eights
Seat 4: Dorex2007 folded before Flop
Seat 5: bmwmann8 folded before Flop
Seat 6: nicks33906 folded before Flop
Seat 7: schwitzenCS folded before Flop (didn't bet)
Seat 8: Set Out folded before Flop (didn't bet)
Seat 9: boy_poker76 (button) folded before Flop



PokerStars Hand #226760507152:  Hold'em No Limit ($0.01/$0.02 USD) - 2021/05/14 15:23:04 PT [2021/05/14 18:23:04 ET]
Table 'Elephenor II' 9-max Seat #1 is the button
Seat 1: fincherback ($2.18 in chips) 
Seat 2: kreator1984 ($4.09 in chips) 
Seat 3: amataco1 ($1.60 in chips) 
Seat 4: Dorex2007 ($1.91 in chips) 
Seat 5: bmwmann8 ($5.74 in chips) 
Seat 6: nicks33906 ($2.54 in chips) 
Seat 7: schwitzenCS ($2.37 in chips) 
Seat 8: Set Out ($2 in chips) 
Seat 9: boy_poker76 ($5.39 in chips) 
kreator1984: posts small blind $0.01
amataco1: posts big blind $0.02
*** HOLE CARDS ***
Dealt to Dorex2007 [7c 9d]
Dorex2007: folds 
bmwmann8: folds 
nicks33906: raises $0.02 to $0.04
schwitzenCS: raises $0.08 to $0.12
Set Out: calls $0.12
boy_poker76: folds 
fincherback: folds 
kreator1984: folds 
amataco1: folds 
nicks33906: calls $0.08
*** FLOP *** [4h 5s Js]
nicks33906: checks 
schwitzenCS: bets $0.16
Set Out: folds 
nicks33906: calls $0.16
*** TURN *** [4h 5s Js] [5c]
nicks33906: bets $0.28
schwitzenCS: calls $0.28
*** RIVER *** [4h 5s Js 5c] [Ad]
nicks33906: bets $1.98 and is all-in
schwitzenCS: folds 
Uncalled bet ($1.98) returned to nicks33906
nicks33906 collected $1.23 from pot
nicks33906: doesn't show hand 
*** SUMMARY ***
Total pot $1.27 | Rake $0.04 
Board [4h 5s Js 5c Ad]
Seat 1: fincherback (button) folded before Flop (didn't bet)
Seat 2: kreator1984 (small blind) folded before Flop
Seat 3: amataco1 (big blind) folded before Flop
Seat 4: Dorex2007 folded before Flop (didn't bet)
Seat 5: bmwmann8 folded before Flop (didn't bet)
Seat 6: nicks33906 collected ($1.23)
Seat 7: schwitzenCS folded on the River
Seat 8: Set Out folded on the Flop
Seat 9: boy_poker76 folded before Flop (didn't bet)



PokerStars Hand #226760541592:  Hold'em No Limit ($0.01/$0.02 USD) - 2021/05/14 15:24:17 PT [2021/05/14 18:24:17 ET]
Table 'Elephenor II' 9-max Seat #2 is the button
Seat 1: fincherback ($2.18 in chips) 
Seat 2: kreator1984 ($4.08 in chips) 
Seat 3: amataco1 ($1.58 in chips) 
Seat 4: Dorex2007 ($1.91 in chips) 
Seat 5: bmwmann8 ($5.74 in chips) 
Seat 6: nicks33906 ($3.21 in chips) 
Seat 7: schwitzenCS ($1.81 in chips) 
Seat 8: Set Out ($2 in chips) 
Seat 9: boy_poker76 ($5.39 in chips) 
amataco1: posts small blind $0.01
Dorex2007: posts big blind $0.02
*** HOLE CARDS ***
Dealt to Dorex2007 [5s 7s]
bmwmann8: folds 
nicks33906: calls $0.02
schwitzenCS: calls $0.02
Set Out: folds 
nicks33906 said, "Fullhouse"
boy_poker76 has timed out
boy_poker76: folds 
fincherback: folds 
kreator1984: calls $0.02
amataco1: calls $0.01
Dorex2007: checks 
*** FLOP *** [2h 6s Jd]
amataco1: checks 
Dorex2007: checks 
nicks33906: bets $0.04
schwitzenCS: folds 
kreator1984: folds 
amataco1: folds 
Dorex2007: folds 
Uncalled bet ($0.04) returned to nicks33906
nicks33906 collected $0.10 from pot
nicks33906: doesn't show hand 
*** SUMMARY ***
Total pot $0.10 | Rake $0 
Board [2h 6s Jd]
Seat 1: fincherback folded before Flop (didn't bet)
Seat 2: kreator1984 (button) folded on the Flop
Seat 3: amataco1 (small blind) folded on the Flop
Seat 4: Dorex2007 (big blind) folded on the Flop
Seat 5: bmwmann8 folded before Flop (didn't bet)
Seat 6: nicks33906 collected ($0.10)
Seat 7: schwitzenCS folded on the Flop
Seat 8: Set Out folded before Flop (didn't bet)
Seat 9: boy_poker76 folded before Flop (didn't bet)



PokerStars Hand #226760570314:  Hold'em No Limit ($0.01/$0.02 USD) - 2021/05/14 15:25:18 PT [2021/05/14 18:25:18 ET]
Table 'Elephenor II' 9-max Seat #3 is the button
Seat 1: fincherback ($2.18 in chips) 
Seat 2: kreator1984 ($4.06 in chips) 
Seat 3: amataco1 ($1.56 in chips) 
Seat 4: Dorex2007 ($1.89 in chips) 
Seat 5: bmwmann8 ($5.74 in chips) 
Seat 6: nicks33906 ($3.29 in chips) 
Seat 7: schwitzenCS ($1.79 in chips) 
Seat 8: Set Out ($2 in chips) 
Seat 9: boy_poker76 ($5.39 in chips) 
Dorex2007: posts small blind $0.01
bmwmann8: posts big blind $0.02
*** HOLE CARDS ***
Dealt to Dorex2007 [6s 7h]
nicks33906: raises $0.04 to $0.06
schwitzenCS: folds 
Set Out: folds 
boy_poker76: folds 
fincherback: folds 
kreator1984: folds 
amataco1: folds 
Dorex2007: folds 
bmwmann8: calls $0.04
*** FLOP *** [2s 6d 4h]
bmwmann8: checks 
nicks33906: bets $0.08
bmwmann8: calls $0.08
*** TURN *** [2s 6d 4h] [7d]
bmwmann8: bets $0.20
nicks33906: calls $0.20
*** RIVER *** [2s 6d 4h 7d] [9h]
bmwmann8: bets $0.40
nicks33906: folds [3c 3d]
Uncalled bet ($0.40) returned to bmwmann8
bmwmann8 collected $0.67 from pot
bmwmann8: doesn't show hand 
*** SUMMARY ***
Total pot $0.69 | Rake $0.02 
Board [2s 6d 4h 7d 9h]
Seat 1: fincherback folded before Flop (didn't bet)
Seat 2: kreator1984 folded before Flop (didn't bet)
Seat 3: amataco1 (button) folded before Flop (didn't bet)
Seat 4: Dorex2007 (small blind) folded before Flop
Seat 5: bmwmann8 (big blind) collected ($0.67)
Seat 6: nicks33906 folded on the River
Seat 7: schwitzenCS folded before Flop (didn't bet)
Seat 8: Set Out folded before Flop (didn't bet)
Seat 9: boy_poker76 folded before Flop (didn't bet)



PokerStars Hand #226760601081:  Hold'em No Limit ($0.01/$0.02 USD) - 2021/05/14 15:26:16 PT [2021/05/14 18:26:16 ET]
Table 'Elephenor II' 9-max Seat #4 is the button
Seat 1: fincherback ($2.18 in chips) 
Seat 2: kreator1984 ($4.06 in chips) 
Seat 3: amataco1 ($1.56 in chips) 
Seat 4: Dorex2007 ($1.88 in chips) 
Seat 5: bmwmann8 ($6.07 in chips) 
Seat 6: nicks33906 ($2.95 in chips) 
Seat 7: schwitzenCS ($1.79 in chips) 
Seat 8: Set Out ($2 in chips) 
Seat 9: boy_poker76 ($5.39 in chips) 
bmwmann8: posts small blind $0.01
nicks33906: posts big blind $0.02
*** HOLE CARDS ***
Dealt to Dorex2007 [Qd 7s]
schwitzenCS: folds 
Set Out: folds 
boy_poker76: folds 
fincherback: raises $0.02 to $0.04
kreator1984: calls $0.04
amataco1: folds 
Dorex2007: folds 
bmwmann8: folds 
nicks33906: raises $0.02 to $0.06
fincherback: calls $0.02
kreator1984: calls $0.02
*** FLOP *** [7d 9c 8h]
nicks33906: bets $0.10
fincherback: calls $0.10
kreator1984: calls $0.10
*** TURN *** [7d 9c 8h] [Qc]
nicks33906: checks 
fincherback: bets $0.24
kreator1984: calls $0.24
nicks33906: folds 
*** RIVER *** [7d 9c 8h Qc] [4s]
fincherback: bets $0.34
kreator1984: calls $0.34
*** SHOW DOWN ***
fincherback: shows [Tc Qs] (a pair of Queens)
kreator1984: shows [Ah Qh] (a pair of Queens - Ace kicker)
kreator1984 collected $1.59 from pot
*** SUMMARY ***
Total pot $1.65 | Rake $0.06 
Board [7d 9c 8h Qc 4s]
Seat 1: fincherback showed [Tc Qs] and lost with a pair of Queens
Seat 2: kreator1984 showed [Ah Qh] and won ($1.59) with a pair of Queens
Seat 3: amataco1 folded before Flop (didn't bet)
Seat 4: Dorex2007 (button) folded before Flop (didn't bet)
Seat 5: bmwmann8 (small blind) folded before Flop
Seat 6: nicks33906 (big blind) folded on the Turn
Seat 7: schwitzenCS folded before Flop (didn't bet)
Seat 8: Set Out folded before Flop (didn't bet)
Seat 9: boy_poker76 folded before Flop (didn't bet)



PokerStars Hand #226760632484:  Hold'em No Limit ($0.01/$0.02 USD) - 2021/05/14 15:27:22 PT [2021/05/14 18:27:22 ET]
Table 'Elephenor II' 9-max Seat #5 is the button
Seat 1: fincherback ($1.44 in chips) 
Seat 2: kreator1984 ($4.91 in chips) 
Seat 3: amataco1 ($1.56 in chips) 
Seat 4: Dorex2007 ($1.88 in chips) 
Seat 5: bmwmann8 ($6.06 in chips) 
Seat 6: nicks33906 ($2.79 in chips) 
Seat 7: schwitzenCS ($1.79 in chips) 
Seat 8: Set Out ($2 in chips) 
Seat 9: boy_poker76 ($5.39 in chips) 
nicks33906: posts small blind $0.01
schwitzenCS: posts big blind $0.02
*** HOLE CARDS ***
Dealt to Dorex2007 [Tc 4h]
Set Out: folds 
boy_poker76: folds 
fincherback: raises $0.04 to $0.06
kreator1984: folds 
amataco1: folds 
Dorex2007: folds 
bmwmann8: folds 
nicks33906: raises $0.16 to $0.22
schwitzenCS: folds 
fincherback: calls $0.16
*** FLOP *** [2s Ks 4s]
nicks33906: checks 
fincherback: bets $0.22
nicks33906: calls $0.22
*** TURN *** [2s Ks 4s] [3s]
nicks33906: checks 
fincherback: checks 
*** RIVER *** [2s Ks 4s 3s] [5d]
nicks33906: bets $0.36
fincherback: calls $0.36
*** SHOW DOWN ***
nicks33906: shows [3c As] (a flush, Ace high)
fincherback: mucks hand 
nicks33906 collected $1.56 from pot
*** SUMMARY ***
Total pot $1.62 | Rake $0.06 
Board [2s Ks 4s 3s 5d]
Seat 1: fincherback mucked [Qh Kc]
Seat 2: kreator1984 folded before Flop (didn't bet)
Seat 3: amataco1 folded before Flop (didn't bet)
Seat 4: Dorex2007 folded before Flop (didn't bet)
Seat 5: bmwmann8 (button) folded before Flop (didn't bet)
Seat 6: nicks33906 (small blind) showed [3c As] and won ($1.56) with a flush, Ace high
Seat 7: schwitzenCS (big blind) folded before Flop
Seat 8: Set Out folded before Flop (didn't bet)
Seat 9: boy_poker76 folded before Flop (didn't bet)



PokerStars Hand #226760655025:  Hold'em No Limit ($0.01/$0.02 USD) - 2021/05/14 15:28:10 PT [2021/05/14 18:28:10 ET]
Table 'Elephenor II' 9-max Seat #6 is the button
Seat 1: fincherback ($0.64 in chips) 
Seat 2: kreator1984 ($4.91 in chips) 
Seat 3: amataco1 ($1.56 in chips) 
Seat 4: Dorex2007 ($1.88 in chips) 
Seat 5: bmwmann8 ($6.06 in chips) 
Seat 6: nicks33906 ($3.55 in chips) 
Seat 7: schwitzenCS ($1.77 in chips) 
Seat 8: Set Out ($2 in chips) 
Seat 9: boy_poker76 ($5.39 in chips) 
schwitzenCS: posts small blind $0.01
Set Out: posts big blind $0.02
*** HOLE CARDS ***
Dealt to Dorex2007 [Jd 7d]
boy_poker76: raises $0.04 to $0.06
bmwmann8 said, "NH"
fincherback: folds 
kreator1984: folds 
amataco1: folds 
Dorex2007: folds 
bmwmann8: folds 
nicks33906: folds 
schwitzenCS: folds 
Set Out: folds 
Uncalled bet ($0.04) returned to boy_poker76
boy_poker76 collected $0.05 from pot
boy_poker76: doesn't show hand 
*** SUMMARY ***
Total pot $0.05 | Rake $0 
Seat 1: fincherback folded before Flop (didn't bet)
Seat 2: kreator1984 folded before Flop (didn't bet)
Seat 3: amataco1 folded before Flop (didn't bet)
Seat 4: Dorex2007 folded before Flop (didn't bet)
Seat 5: bmwmann8 folded before Flop (didn't bet)
Seat 6: nicks33906 (button) folded before Flop (didn't bet)
Seat 7: schwitzenCS (small blind) folded before Flop
Seat 8: Set Out (big blind) folded before Flop
Seat 9: boy_poker76 collected ($0.05)



PokerStars Hand #226760663228:  Hold'em No Limit ($0.01/$0.02 USD) - 2021/05/14 15:28:28 PT [2021/05/14 18:28:28 ET]
Table 'Elephenor II' 9-max Seat #7 is the button
Seat 1: fincherback ($1.44 in chips) 
Seat 2: kreator1984 ($4.91 in chips) 
Seat 3: amataco1 ($1.56 in chips) 
Seat 4: Dorex2007 ($1.88 in chips) 
Seat 5: bmwmann8 ($6.06 in chips) 
Seat 6: nicks33906 ($3.55 in chips) 
Seat 7: schwitzenCS ($1.76 in chips) 
Seat 8: Set Out ($2 in chips) 
Seat 9: boy_poker76 ($5.42 in chips) 
Set Out: posts small blind $0.01
boy_poker76: posts big blind $0.02
*** HOLE CARDS ***
Dealt to Dorex2007 [Ks 9c]
nicks33906 said, "TY"
fincherback: folds 
kreator1984: raises $0.04 to $0.06
amataco1: folds 
Dorex2007: folds 
bmwmann8: folds 
nicks33906: folds 
schwitzenCS: calls $0.06
Set Out: folds 
boy_poker76: folds 
*** FLOP *** [Qd Ah 2h]
kreator1984: bets $0.08
schwitzenCS: folds 
Uncalled bet ($0.08) returned to kreator1984
kreator1984 collected $0.14 from pot
kreator1984: doesn't show hand 
*** SUMMARY ***
Total pot $0.15 | Rake $0.01 
Board [Qd Ah 2h]
Seat 1: fincherback folded before Flop (didn't bet)
Seat 2: kreator1984 collected ($0.14)
Seat 3: amataco1 folded before Flop (didn't bet)
Seat 4: Dorex2007 folded before Flop (didn't bet)
Seat 5: bmwmann8 folded before Flop (didn't bet)
Seat 6: nicks33906 folded before Flop (didn't bet)
Seat 7: schwitzenCS (button) folded on the Flop
Seat 8: Set Out (small blind) folded before Flop
Seat 9: boy_poker76 (big blind) folded before Flop



PokerStars Hand #226760680131:  Hold'em No Limit ($0.01/$0.02 USD) - 2021/05/14 15:29:04 PT [2021/05/14 18:29:04 ET]
Table 'Elephenor II' 9-max Seat #8 is the button
Seat 1: fincherback ($1.44 in chips) 
Seat 2: kreator1984 ($4.99 in chips) 
Seat 3: amataco1 ($1.56 in chips) 
Seat 4: Dorex2007 ($1.88 in chips) 
Seat 5: bmwmann8 ($6.06 in chips) 
Seat 6: nicks33906 ($3.55 in chips) 
Seat 7: schwitzenCS ($1.70 in chips) 
Seat 8: Set Out ($2 in chips) 
Seat 9: boy_poker76 ($5.40 in chips) 
boy_poker76: posts small blind $0.01
fincherback: posts big blind $0.02
*** HOLE CARDS ***
Dealt to Dorex2007 [3c 2c]
kreator1984: raises $0.04 to $0.06
amataco1: calls $0.06
Dorex2007: folds 
bmwmann8: folds 
nicks33906: calls $0.06
schwitzenCS: folds 
Set Out: calls $0.06
boy_poker76: raises $0.12 to $0.18
fincherback: folds 
kreator1984: raises $0.18 to $0.36
amataco1: folds 
nicks33906: folds 
Set Out: folds 
boy_poker76: calls $0.18
*** FLOP *** [Ts 2h Jd]
boy_poker76: checks 
kreator1984: bets $0.30
boy_poker76: folds 
Uncalled bet ($0.30) returned to kreator1984
kreator1984 collected $0.89 from pot
kreator1984: doesn't show hand 
*** SUMMARY ***
Total pot $0.92 | Rake $0.03 
Board [Ts 2h Jd]
Seat 1: fincherback (big blind) folded before Flop
Seat 2: kreator1984 collected ($0.89)
Seat 3: amataco1 folded before Flop
Seat 4: Dorex2007 folded before Flop (didn't bet)
Seat 5: bmwmann8 folded before Flop (didn't bet)
Seat 6: nicks33906 folded before Flop
Seat 7: schwitzenCS folded before Flop (didn't bet)
Seat 8: Set Out (button) folded before Flop
Seat 9: boy_poker76 (small blind) folded on the Flop



PokerStars Hand #226760708041:  Hold'em No Limit ($0.01/$0.02 USD) - 2021/05/14 15:30:04 PT [2021/05/14 18:30:04 ET]
Table 'Elephenor II' 9-max Seat #9 is the button
Seat 1: fincherback ($1.42 in chips) 
Seat 2: kreator1984 ($5.52 in chips) 
Seat 3: amataco1 ($1.50 in chips) 
Seat 4: Dorex2007 ($1.88 in chips) 
Seat 5: bmwmann8 ($6.06 in chips) 
Seat 6: nicks33906 ($3.49 in chips) 
Seat 7: schwitzenCS ($1.70 in chips) 
Seat 8: Set Out ($2 in chips) 
Seat 9: boy_poker76 ($5.04 in chips) 
fincherback: posts small blind $0.01
kreator1984: posts big blind $0.02
*** HOLE CARDS ***
Dealt to Dorex2007 [8d Jh]
amataco1: folds 
Dorex2007: folds 
bmwmann8: folds 
nicks33906: calls $0.02
schwitzenCS: folds 
Set Out: folds 
boy_poker76: folds 
fincherback: calls $0.01
kreator1984: checks 
*** FLOP *** [5c 6h Kc]
fincherback: checks 
kreator1984: checks 
nicks33906: bets $0.04
fincherback: calls $0.04
kreator1984: folds 
*** TURN *** [5c 6h Kc] [8c]
fincherback: checks 
nicks33906: bets $0.06
fincherback: calls $0.06
*** RIVER *** [5c 6h Kc 8c] [3s]
fincherback: checks 
nicks33906: bets $0.10
fincherback: calls $0.10
*** SHOW DOWN ***
nicks33906: shows [Tc 4c] (a flush, King high)
fincherback: mucks hand 
nicks33906 collected $0.44 from pot
*** SUMMARY ***
Total pot $0.46 | Rake $0.02 
Board [5c 6h Kc 8c 3s]
Seat 1: fincherback (small blind) mucked [6d Ah]
Seat 2: kreator1984 (big blind) folded on the Flop
Seat 3: amataco1 folded before Flop (didn't bet)
Seat 4: Dorex2007 folded before Flop (didn't bet)
Seat 5: bmwmann8 folded before Flop (didn't bet)
Seat 6: nicks33906 showed [Tc 4c] and won ($0.44) with a flush, King high
Seat 7: schwitzenCS folded before Flop (didn't bet)
Seat 8: Set Out folded before Flop (didn't bet)
Seat 9: boy_poker76 (button) folded before Flop (didn't bet)



PokerStars Hand #226760738049:  Hold'em No Limit ($0.01/$0.02 USD) - 2021/05/14 15:31:07 PT [2021/05/14 18:31:07 ET]
Table 'Elephenor II' 9-max Seat #1 is the button
Seat 1: fincherback ($1.20 in chips) 
Seat 2: kreator1984 ($5.50 in chips) 
Seat 3: amataco1 ($1.50 in chips) 
Seat 4: Dorex2007 ($1.88 in chips) 
Seat 5: bmwmann8 ($6.06 in chips) 
Seat 6: nicks33906 ($3.71 in chips) 
Seat 7: schwitzenCS ($1.70 in chips) 
Seat 8: Set Out ($2 in chips) 
Seat 9: boy_poker76 ($5.04 in chips) 
kreator1984: posts small blind $0.01
amataco1: posts big blind $0.02
*** HOLE CARDS ***
Dealt to Dorex2007 [4d Kc]
Dorex2007: folds 
bmwmann8: calls $0.02
nicks33906: raises $0.02 to $0.04
schwitzenCS: folds 
Set Out: folds 
boy_poker76: folds 
fincherback has timed out
fincherback: folds 
kreator1984: folds 
amataco1: calls $0.02
bmwmann8: calls $0.02
*** FLOP *** [Ks Tc 6h]
amataco1: checks 
bmwmann8: checks 
nicks33906: bets $0.08
amataco1: calls $0.08
bmwmann8: folds 
*** TURN *** [Ks Tc 6h] [Qc]
amataco1: checks 
nicks33906: checks 
*** RIVER *** [Ks Tc 6h Qc] [3s]
amataco1: checks 
nicks33906: checks 
*** SHOW DOWN ***
amataco1: shows [Th 7h] (a pair of Tens)
nicks33906: mucks hand 
amataco1 collected $0.28 from pot
*** SUMMARY ***
Total pot $0.29 | Rake $0.01 
Board [Ks Tc 6h Qc 3s]
Seat 1: fincherback (button) folded before Flop (didn't bet)
Seat 2: kreator1984 (small blind) folded before Flop
Seat 3: amataco1 (big blind) showed [Th 7h] and won ($0.28) with a pair of Tens
Seat 4: Dorex2007 folded before Flop (didn't bet)
Seat 5: bmwmann8 folded on the Flop
Seat 6: nicks33906 mucked [4h 4s]
Seat 7: schwitzenCS folded before Flop (didn't bet)
Seat 8: Set Out folded before Flop (didn't bet)
Seat 9: boy_poker76 folded before Flop (didn't bet)



PokerStars Hand #226760778600:  Hold'em No Limit ($0.01/$0.02 USD) - 2021/05/14 15:32:33 PT [2021/05/14 18:32:33 ET]
Table 'Elephenor II' 9-max Seat #2 is the button
Seat 1: fincherback ($1.20 in chips) 
Seat 2: kreator1984 ($5.49 in chips) 
Seat 3: amataco1 ($1.66 in chips) 
Seat 4: Dorex2007 ($1.88 in chips) 
Seat 5: bmwmann8 ($6.02 in chips) 
Seat 6: nicks33906 ($3.59 in chips) 
Seat 7: schwitzenCS ($1.70 in chips) 
Seat 8: Set Out ($2 in chips) 
Seat 9: boy_poker76 ($5.04 in chips) 
amataco1: posts small blind $0.01
Dorex2007: posts big blind $0.02
*** HOLE CARDS ***
Dealt to Dorex2007 [2s 8h]
bmwmann8: folds 
nicks33906: folds 
schwitzenCS: raises $0.03 to $0.05
Set Out: raises $0.13 to $0.18
nicks33906 leaves the table
mataski joins the table at seat #6 
boy_poker76: folds 
fincherback: folds 
kreator1984: folds 
kreator1984 leaves the table
amataco1: folds 
Dorex2007: folds 
schwitzenCS: calls $0.13
*** FLOP *** [5c 4h 2d]
schwitzenCS: bets $0.14
kreator1984 joins the table at seat #2 
Set Out: calls $0.14
*** TURN *** [5c 4h 2d] [Ts]
kreator1984 leaves the table
schwitzenCS: checks 
Set Out: checks 
*** RIVER *** [5c 4h 2d Ts] [7c]
schwitzenCS: bets $0.20
Set Out: folds 
Uncalled bet ($0.20) returned to schwitzenCS
schwitzenCS collected $0.65 from pot
schwitzenCS: doesn't show hand 
*** SUMMARY ***
Total pot $0.67 | Rake $0.02 
Board [5c 4h 2d Ts 7c]
Seat 1: fincherback folded before Flop (didn't bet)
Seat 2: kreator1984 (button) folded before Flop (didn't bet)
Seat 3: amataco1 (small blind) folded before Flop
Seat 4: Dorex2007 (big blind) folded before Flop
Seat 5: bmwmann8 folded before Flop (didn't bet)
Seat 6: nicks33906 folded before Flop (didn't bet)
Seat 7: schwitzenCS collected ($0.65)
Seat 8: Set Out folded on the River
Seat 9: boy_poker76 folded before Flop (didn't bet)



PokerStars Hand #226760807680:  Hold'em No Limit ($0.01/$0.02 USD) - 2021/05/14 15:33:34 PT [2021/05/14 18:33:34 ET]
Table 'Elephenor II' 9-max Seat #3 is the button
Seat 1: fincherback ($1.20 in chips) 
Seat 3: amataco1 ($1.65 in chips) 
Seat 4: Dorex2007 ($1.86 in chips) 
Seat 5: bmwmann8 ($6.02 in chips) 
Seat 7: schwitzenCS ($2.03 in chips) 
Seat 8: Set Out ($2 in chips) 
Seat 9: boy_poker76 ($5.04 in chips) 
Dorex2007: posts small blind $0.01
bmwmann8: posts big blind $0.02
mataski: sits out 
*** HOLE CARDS ***
Dealt to Dorex2007 [Jh 7s]
schwitzenCS: folds 
Set Out: folds 
elpela2000 joins the table at seat #2 
boy_poker76: raises $0.04 to $0.06
fincherback: folds 
amataco1: folds 
Dorex2007: folds 
bmwmann8: folds 
Uncalled bet ($0.04) returned to boy_poker76
boy_poker76 collected $0.05 from pot
boy_poker76: doesn't show hand 
*** SUMMARY ***
Total pot $0.05 | Rake $0 
Seat 1: fincherback folded before Flop (didn't bet)
Seat 3: amataco1 (button) folded before Flop (didn't bet)
Seat 4: Dorex2007 (small blind) folded before Flop
Seat 5: bmwmann8 (big blind) folded before Flop
Seat 7: schwitzenCS folded before Flop (didn't bet)
Seat 8: Set Out folded before Flop (didn't bet)
Seat 9: boy_poker76 collected ($0.05)



PokerStars Hand #226760817843:  Hold'em No Limit ($0.01/$0.02 USD) - 2021/05/14 15:33:56 PT [2021/05/14 18:33:56 ET]
Table 'Elephenor II' 9-max Seat #4 is the button
Seat 1: fincherback ($1.20 in chips) 
Seat 2: elpela2000 ($2 in chips) 
Seat 3: amataco1 ($1.65 in chips) 
Seat 4: Dorex2007 ($1.85 in chips) 
Seat 5: bmwmann8 ($6 in chips) 
Seat 6: mataski ($2 in chips) 
Seat 7: schwitzenCS ($2.03 in chips) 
Seat 8: Set Out ($2 in chips) 
Seat 9: boy_poker76 ($5.07 in chips) 
bmwmann8: posts small blind $0.01
mataski: posts big blind $0.02
elpela2000: posts big blind $0.02
*** HOLE CARDS ***
Dealt to Dorex2007 [Qd Kc]
schwitzenCS: folds 
Set Out: folds 
boy_poker76: folds 
fincherback: folds 
elpela2000: raises $0.04 to $0.06
amataco1: folds 
Dorex2007: calls $0.06
bmwmann8: folds 
mataski: folds 
*** FLOP *** [5c Td 8c]
elpela2000: checks 
Dorex2007: bets $0.09
elpela2000: calls $0.09
*** TURN *** [5c Td 8c] [Ks]
elpela2000: checks 
Dorex2007: bets $0.38
elpela2000: folds 
Uncalled bet ($0.38) returned to Dorex2007
Dorex2007 collected $0.32 from pot
Dorex2007: doesn't show hand 
*** SUMMARY ***
Total pot $0.33 | Rake $0.01 
Board [5c Td 8c Ks]
Seat 1: fincherback folded before Flop (didn't bet)
Seat 2: elpela2000 folded on the Turn
Seat 3: amataco1 folded before Flop (didn't bet)
Seat 4: Dorex2007 (button) collected ($0.32)
Seat 5: bmwmann8 (small blind) folded before Flop
Seat 6: mataski (big blind) folded before Flop
Seat 7: schwitzenCS folded before Flop (didn't bet)
Seat 8: Set Out folded before Flop (didn't bet)
Seat 9: boy_poker76 folded before Flop (didn't bet)



PokerStars Hand #226760863737:  Hold'em No Limit ($0.01/$0.02 USD) - 2021/05/14 15:35:16 PT [2021/05/14 18:35:16 ET]
Table 'Elephenor II' 9-max Seat #5 is the button
Seat 1: fincherback ($1.20 in chips) 
Seat 2: elpela2000 ($1.85 in chips) 
Seat 3: amataco1 ($1.65 in chips) 
Seat 4: Dorex2007 ($2.02 in chips) 
Seat 5: bmwmann8 ($5.99 in chips) 
Seat 6: mataski ($1.98 in chips) 
Seat 7: schwitzenCS ($2.03 in chips) 
Seat 8: Set Out ($2 in chips) 
Seat 9: boy_poker76 ($5.07 in chips) 
mataski: posts small blind $0.01
schwitzenCS: posts big blind $0.02
*** HOLE CARDS ***
Dealt to Dorex2007 [3c As]
Set Out: folds 
boy_poker76: folds 
fincherback: folds 
elpela2000: raises $0.04 to $0.06
amataco1: folds 
Dorex2007: folds 
bmwmann8: folds 
mataski: folds 
schwitzenCS: calls $0.04
*** FLOP *** [5d 3d 5s]
schwitzenCS: checks 
elpela2000: bets $0.10
schwitzenCS: calls $0.10
*** TURN *** [5d 3d 5s] [Kc]
schwitzenCS: bets $0.11
elpela2000: calls $0.11
*** RIVER *** [5d 3d 5s Kc] [3s]
schwitzenCS: checks 
elpela2000: bets $0.40
schwitzenCS: calls $0.40
*** SHOW DOWN ***
elpela2000: shows [Kh Ks] (a full house, Kings full of Fives)
schwitzenCS: mucks hand 
elpela2000 collected $1.30 from pot
*** SUMMARY ***
Total pot $1.35 | Rake $0.05 
Board [5d 3d 5s Kc 3s]
Seat 1: fincherback folded before Flop (didn't bet)
Seat 2: elpela2000 showed [Kh Ks] and won ($1.30) with a full house, Kings full of Fives
Seat 3: amataco1 folded before Flop (didn't bet)
Seat 4: Dorex2007 folded before Flop (didn't bet)
Seat 5: bmwmann8 (button) folded before Flop (didn't bet)
Seat 6: mataski (small blind) folded before Flop
Seat 7: schwitzenCS (big blind) mucked [Td Kd]
Seat 8: Set Out folded before Flop (didn't bet)
Seat 9: boy_poker76 folded before Flop (didn't bet)



PokerStars Hand #226760890718:  Hold'em No Limit ($0.01/$0.02 USD) - 2021/05/14 15:36:14 PT [2021/05/14 18:36:14 ET]
Table 'Elephenor II' 9-max Seat #6 is the button
Seat 1: fincherback ($1.20 in chips) 
Seat 2: elpela2000 ($2.48 in chips) 
Seat 3: amataco1 ($1.65 in chips) 
Seat 4: Dorex2007 ($2.02 in chips) 
Seat 5: bmwmann8 ($5.99 in chips) 
Seat 6: mataski ($1.97 in chips) 
Seat 7: schwitzenCS ($1.36 in chips) 
Seat 8: Set Out ($2 in chips) 
Seat 9: boy_poker76 ($5.07 in chips) 
schwitzenCS: posts small blind $0.01
Set Out: posts big blind $0.02
*** HOLE CARDS ***
Dealt to Dorex2007 [Td Ac]
boy_poker76 has timed out
boy_poker76: folds 
fincherback: folds 
elpela2000: folds 
amataco1: calls $0.02
Dorex2007: raises $0.04 to $0.06
bmwmann8: folds 
mataski: folds 
schwitzenCS: folds 
Set Out: folds 
amataco1: calls $0.04
*** FLOP *** [6h 4c 5s]
amataco1: checks 
Dorex2007: bets $0.14
amataco1: folds 
Uncalled bet ($0.14) returned to Dorex2007
Dorex2007 collected $0.14 from pot
Dorex2007: doesn't show hand 
*** SUMMARY ***
Total pot $0.15 | Rake $0.01 
Board [6h 4c 5s]
Seat 1: fincherback folded before Flop (didn't bet)
Seat 2: elpela2000 folded before Flop (didn't bet)
Seat 3: amataco1 folded on the Flop
Seat 4: Dorex2007 collected ($0.14)
Seat 5: bmwmann8 folded before Flop (didn't bet)
Seat 6: mataski (button) folded before Flop (didn't bet)
Seat 7: schwitzenCS (small blind) folded before Flop
Seat 8: Set Out (big blind) folded before Flop
Seat 9: boy_poker76 folded before Flop (didn't bet)



PokerStars Hand #226760926285:  Hold'em No Limit ($0.01/$0.02 USD) - 2021/05/14 15:37:11 PT [2021/05/14 18:37:11 ET]
Table 'Elephenor II' 9-max Seat #7 is the button
Seat 1: fincherback ($1.20 in chips) 
Seat 2: elpela2000 ($2.48 in chips) 
Seat 3: amataco1 ($1.59 in chips) 
Seat 4: Dorex2007 ($2.10 in chips) 
Seat 5: bmwmann8 ($5.99 in chips) 
Seat 6: mataski ($1.97 in chips) 
Seat 7: schwitzenCS ($1.35 in chips) 
Seat 8: Set Out ($2 in chips) 
Seat 9: boy_poker76 ($5.07 in chips) 
Set Out: posts small blind $0.01
boy_poker76: posts big blind $0.02
*** HOLE CARDS ***
Dealt to Dorex2007 [5h 4d]
fincherback: folds 
elpela2000: raises $0.04 to $0.06
amataco1: calls $0.06
Dorex2007: folds 
bmwmann8: folds 
mataski: raises $0.06 to $0.12
schwitzenCS: folds 
Set Out: folds 
boy_poker76: folds 
elpela2000: calls $0.06
amataco1: calls $0.06
*** FLOP *** [4h Th Qh]
elpela2000: bets $0.13
amataco1: folds 
mataski: calls $0.13
*** TURN *** [4h Th Qh] [Tc]
elpela2000: checks 
boy_poker76 is disconnected 
mataski: checks 
*** RIVER *** [4h Th Qh Tc] [5d]
elpela2000: checks 
mataski: bets $0.32
elpela2000: folds 
Uncalled bet ($0.32) returned to mataski
mataski collected $0.63 from pot
mataski: doesn't show hand 
*** SUMMARY ***
Total pot $0.65 | Rake $0.02 
Board [4h Th Qh Tc 5d]
Seat 1: fincherback folded before Flop (didn't bet)
Seat 2: elpela2000 folded on the River
Seat 3: amataco1 folded on the Flop
Seat 4: Dorex2007 folded before Flop (didn't bet)
Seat 5: bmwmann8 folded before Flop (didn't bet)
Seat 6: mataski collected ($0.63)
Seat 7: schwitzenCS (button) folded before Flop (didn't bet)
Seat 8: Set Out (small blind) folded before Flop
Seat 9: boy_poker76 (big blind) folded before Flop



PokerStars Hand #226760958556:  Hold'em No Limit ($0.01/$0.02 USD) - 2021/05/14 15:38:21 PT [2021/05/14 18:38:21 ET]
Table 'Elephenor II' 9-max Seat #8 is the button
Seat 1: fincherback ($1.20 in chips) 
Seat 2: elpela2000 ($2.23 in chips) 
Seat 3: amataco1 ($1.47 in chips) 
Seat 4: Dorex2007 ($2.10 in chips) 
Seat 5: bmwmann8 ($5.99 in chips) 
Seat 6: mataski ($2.35 in chips) 
Seat 7: schwitzenCS ($1.35 in chips) 
Seat 8: Set Out ($2 in chips) 
Seat 9: boy_poker76 ($5.05 in chips) 
boy_poker76: posts small blind $0.01
fincherback: posts big blind $0.02
*** HOLE CARDS ***
Dealt to Dorex2007 [9h 4h]
elpela2000: raises $0.04 to $0.06
amataco1: folds 
Dorex2007: folds 
bmwmann8: folds 
mataski: folds 
schwitzenCS: folds 
Set Out: folds 
boy_poker76: raises $0.12 to $0.18
fincherback: folds 
elpela2000: raises $0.38 to $0.56
boy_poker76: raises $4.49 to $5.05 and is all-in
elpela2000: calls $1.67 and is all-in
Uncalled bet ($2.82) returned to boy_poker76
*** FLOP *** [Td 4d 9s]
*** TURN *** [Td 4d 9s] [Th]
*** RIVER *** [Td 4d 9s Th] [Qd]
*** SHOW DOWN ***
boy_poker76: shows [Ah As] (two pair, Aces and Tens)
elpela2000: shows [Kh Ks] (two pair, Kings and Tens)
boy_poker76 collected $4.32 from pot
*** SUMMARY ***
Total pot $4.48 | Rake $0.16 
Board [Td 4d 9s Th Qd]
Seat 1: fincherback (big blind) folded before Flop
Seat 2: elpela2000 showed [Kh Ks] and lost with two pair, Kings and Tens
Seat 3: amataco1 folded before Flop (didn't bet)
Seat 4: Dorex2007 folded before Flop (didn't bet)
Seat 5: bmwmann8 folded before Flop (didn't bet)
Seat 6: mataski folded before Flop (didn't bet)
Seat 7: schwitzenCS folded before Flop (didn't bet)
Seat 8: Set Out (button) folded before Flop (didn't bet)
Seat 9: boy_poker76 (small blind) showed [Ah As] and won ($4.32) with two pair, Aces and Tens



PokerStars Hand #226760999705:  Hold'em No Limit ($0.01/$0.02 USD) - 2021/05/14 15:39:50 PT [2021/05/14 18:39:50 ET]
Table 'Elephenor II' 9-max Seat #1 is the button
Seat 1: fincherback ($1.18 in chips) 
Seat 3: amataco1 ($1.47 in chips) 
Seat 4: Dorex2007 ($2.10 in chips) 
Seat 5: bmwmann8 ($5.99 in chips) 
Seat 6: mataski ($2.35 in chips) 
Seat 7: schwitzenCS ($1.35 in chips) 
Seat 8: Set Out ($2 in chips) 
amataco1: posts small blind $0.01
Dorex2007: posts big blind $0.02
*** HOLE CARDS ***
Dealt to Dorex2007 [3h 5h]
bmwmann8: raises $0.02 to $0.04
mataski: folds 
schwitzenCS: folds 
Set Out: folds 
fincherback: folds 
amataco1: folds 
Dorex2007: folds 
Uncalled bet ($0.02) returned to bmwmann8
bmwmann8 collected $0.05 from pot
bmwmann8: doesn't show hand 
*** SUMMARY ***
Total pot $0.05 | Rake $0 
Seat 1: fincherback (button) folded before Flop (didn't bet)
Seat 3: amataco1 (small blind) folded before Flop
Seat 4: Dorex2007 (big blind) folded before Flop
Seat 5: bmwmann8 collected ($0.05)
Seat 6: mataski folded before Flop (didn't bet)
Seat 7: schwitzenCS folded before Flop (didn't bet)
Seat 8: Set Out folded before Flop (didn't bet)



PokerStars Hand #226761006698:  Hold'em No Limit ($0.01/$0.02 USD) - 2021/05/14 15:40:05 PT [2021/05/14 18:40:05 ET]
Table 'Elephenor II' 9-max Seat #3 is the button
Seat 1: fincherback ($1.18 in chips) 
Seat 2: elpela2000 ($2 in chips) 
Seat 3: amataco1 ($1.46 in chips) 
Seat 4: Dorex2007 ($2.08 in chips) 
Seat 5: bmwmann8 ($6.02 in chips) 
Seat 6: mataski ($2.35 in chips) 
Seat 7: schwitzenCS ($1.35 in chips) 
Seat 8: Set Out ($2 in chips) 
Dorex2007: posts small blind $0.01
bmwmann8: posts big blind $0.02
elpela2000: posts small blind $0.01
*** HOLE CARDS ***
Dealt to Dorex2007 [2s 4d]
mataski: folds 
schwitzenCS: folds 
Set Out: folds 
fincherback: folds 
elpela2000: raises $0.04 to $0.06
amataco1: folds 
Dorex2007: folds 
bmwmann8: folds 
Uncalled bet ($0.04) returned to elpela2000
elpela2000 collected $0.06 from pot
*** SUMMARY ***
Total pot $0.06 | Rake $0 
Seat 1: fincherback folded before Flop (didn't bet)
Seat 2: elpela2000 collected ($0.06)
Seat 3: amataco1 (button) folded before Flop (didn't bet)
Seat 4: Dorex2007 (small blind) folded before Flop
Seat 5: bmwmann8 (big blind) folded before Flop
Seat 6: mataski folded before Flop (didn't bet)
Seat 7: schwitzenCS folded before Flop (didn't bet)
Seat 8: Set Out folded before Flop (didn't bet)



PokerStars Hand #226761016870:  Hold'em No Limit ($0.01/$0.02 USD) - 2021/05/14 15:40:27 PT [2021/05/14 18:40:27 ET]
Table 'Elephenor II' 9-max Seat #4 is the button
Seat 1: fincherback ($1.18 in chips) 
Seat 2: elpela2000 ($2.03 in chips) 
Seat 3: amataco1 ($1.46 in chips) 
Seat 4: Dorex2007 ($2.07 in chips) 
Seat 5: bmwmann8 ($6 in chips) 
Seat 6: mataski ($2.35 in chips) 
Seat 7: schwitzenCS ($1.35 in chips) 
Seat 8: Set Out ($2 in chips) 
bmwmann8: posts small blind $0.01
mataski: posts big blind $0.02
*** HOLE CARDS ***
Dealt to Dorex2007 [Th 6h]
schwitzenCS: folds 
Set Out: folds 
fincherback: folds 
elpela2000: raises $0.04 to $0.06
amataco1: folds 
Dorex2007: folds 
bmwmann8: folds 
mataski: folds 
Uncalled bet ($0.04) returned to elpela2000
elpela2000 collected $0.05 from pot
*** SUMMARY ***
Total pot $0.05 | Rake $0 
Seat 1: fincherback folded before Flop (didn't bet)
Seat 2: elpela2000 collected ($0.05)
Seat 3: amataco1 folded before Flop (didn't bet)
Seat 4: Dorex2007 (button) folded before Flop (didn't bet)
Seat 5: bmwmann8 (small blind) folded before Flop
Seat 6: mataski (big blind) folded before Flop
Seat 7: schwitzenCS folded before Flop (didn't bet)
Seat 8: Set Out folded before Flop (didn't bet)



PokerStars Hand #226761026170:  Hold'em No Limit ($0.01/$0.02 USD) - 2021/05/14 15:40:47 PT [2021/05/14 18:40:47 ET]
Table 'Elephenor II' 9-max Seat #5 is the button
Seat 1: fincherback ($1.18 in chips) 
Seat 2: elpela2000 ($2.06 in chips) 
Seat 3: amataco1 ($1.46 in chips) 
Seat 4: Dorex2007 ($2.07 in chips) 
Seat 5: bmwmann8 ($5.99 in chips) 
Seat 6: mataski ($2.33 in chips) 
Seat 7: schwitzenCS ($1.35 in chips) 
Seat 8: Set Out ($2 in chips) 
mataski: posts small blind $0.01
schwitzenCS: posts big blind $0.02
*** HOLE CARDS ***
Dealt to Dorex2007 [8c 3s]
Set Out: folds 
fincherback: folds 
elpela2000: folds 
amataco1: folds 
Dorex2007: folds 
bmwmann8: raises $0.02 to $0.04
mataski: folds 
schwitzenCS: folds 
Uncalled bet ($0.02) returned to bmwmann8
bmwmann8 collected $0.05 from pot
bmwmann8: doesn't show hand 
*** SUMMARY ***
Total pot $0.05 | Rake $0 
Seat 1: fincherback folded before Flop (didn't bet)
Seat 2: elpela2000 folded before Flop (didn't bet)
Seat 3: amataco1 folded before Flop (didn't bet)
Seat 4: Dorex2007 folded before Flop (didn't bet)
Seat 5: bmwmann8 (button) collected ($0.05)
Seat 6: mataski (small blind) folded before Flop
Seat 7: schwitzenCS (big blind) folded before Flop
Seat 8: Set Out folded before Flop (didn't bet)



PokerStars Hand #226761036465:  Hold'em No Limit ($0.01/$0.02 USD) - 2021/05/14 15:41:10 PT [2021/05/14 18:41:10 ET]
Table 'Elephenor II' 9-max Seat #6 is the button
Seat 1: fincherback ($1.18 in chips) 
Seat 2: elpela2000 ($2.06 in chips) 
Seat 3: amataco1 ($1.46 in chips) 
Seat 4: Dorex2007 ($2.07 in chips) 
Seat 5: bmwmann8 ($6.02 in chips) 
Seat 6: mataski ($2.32 in chips) 
Seat 7: schwitzenCS ($1.33 in chips) 
schwitzenCS: posts small blind $0.01
Set Out: is sitting out 
fincherback: posts big blind $0.02
*** HOLE CARDS ***
Dealt to Dorex2007 [Kh Ac]
Set Out leaves the table
kreator1984 joins the table at seat #8 
elpela2000: folds 
amataco1: folds 
Dorex2007: raises $0.04 to $0.06
bmwmann8: folds 
mataski: folds 
schwitzenCS: folds 
fincherback: folds 
Uncalled bet ($0.04) returned to Dorex2007
Dorex2007 collected $0.05 from pot
Dorex2007: doesn't show hand 
*** SUMMARY ***
Total pot $0.05 | Rake $0 
Seat 1: fincherback (big blind) folded before Flop
Seat 2: elpela2000 folded before Flop (didn't bet)
Seat 3: amataco1 folded before Flop (didn't bet)
Seat 4: Dorex2007 collected ($0.05)
Seat 5: bmwmann8 folded before Flop (didn't bet)
Seat 6: mataski (button) folded before Flop (didn't bet)
Seat 7: schwitzenCS (small blind) folded before Flop



PokerStars Hand #226761043927:  Hold'em No Limit ($0.01/$0.02 USD) - 2021/05/14 15:41:26 PT [2021/05/14 18:41:26 ET]
Table 'Elephenor II' 9-max Seat #7 is the button
Seat 1: fincherback ($1.16 in chips) 
Seat 2: elpela2000 ($2.06 in chips) 
Seat 3: amataco1 ($1.46 in chips) 
Seat 4: Dorex2007 ($2.10 in chips) 
Seat 5: bmwmann8 ($6.02 in chips) 
Seat 6: mataski ($2.32 in chips) 
Seat 7: schwitzenCS ($1.32 in chips) 
fincherback: posts small blind $0.01
elpela2000: posts big blind $0.02
*** HOLE CARDS ***
Dealt to Dorex2007 [8h Ts]
amataco1: folds 
Dorex2007: folds 
bmwmann8: folds 
mataski: folds 
schwitzenCS: folds 
fincherback: folds 
Uncalled bet ($0.01) returned to elpela2000
elpela2000 collected $0.02 from pot
*** SUMMARY ***
Total pot $0.02 | Rake $0 
Seat 1: fincherback (small blind) folded before Flop
Seat 2: elpela2000 (big blind) collected ($0.02)
Seat 3: amataco1 folded before Flop (didn't bet)
Seat 4: Dorex2007 folded before Flop (didn't bet)
Seat 5: bmwmann8 folded before Flop (didn't bet)
Seat 6: mataski folded before Flop (didn't bet)
Seat 7: schwitzenCS (button) folded before Flop (didn't bet)



PokerStars Hand #226761051949:  Hold'em No Limit ($0.01/$0.02 USD) - 2021/05/14 15:41:43 PT [2021/05/14 18:41:43 ET]
Table 'Elephenor II' 9-max Seat #1 is the button
Seat 1: fincherback ($1.15 in chips) 
Seat 2: elpela2000 ($2.07 in chips) 
Seat 3: amataco1 ($1.46 in chips) 
Seat 4: Dorex2007 ($2.10 in chips) 
Seat 5: bmwmann8 ($6.02 in chips) 
Seat 6: mataski ($2.32 in chips) 
Seat 7: schwitzenCS ($1.32 in chips) 
elpela2000: posts small blind $0.01
amataco1: posts big blind $0.02
kreator1984: sits out 
*** HOLE CARDS ***
Dealt to Dorex2007 [3d 3h]
Dorex2007: folds 
bmwmann8: calls $0.02
mataski: raises $0.02 to $0.04
schwitzenCS: folds 
fincherback: folds 
elpela2000: calls $0.03
amataco1: calls $0.02
bmwmann8: calls $0.02
*** FLOP *** [8s 4h 5d]
elpela2000: bets $0.11
amataco1: folds 
bmwmann8: folds 
mataski: folds 
Uncalled bet ($0.11) returned to elpela2000
elpela2000 collected $0.15 from pot
*** SUMMARY ***
Total pot $0.16 | Rake $0.01 
Board [8s 4h 5d]
Seat 1: fincherback (button) folded before Flop (didn't bet)
Seat 2: elpela2000 (small blind) collected ($0.15)
Seat 3: amataco1 (big blind) folded on the Flop
Seat 4: Dorex2007 folded before Flop (didn't bet)
Seat 5: bmwmann8 folded on the Flop
Seat 6: mataski folded on the Flop
Seat 7: schwitzenCS folded before Flop (didn't bet)



PokerStars Hand #226761073652:  Hold'em No Limit ($0.01/$0.02 USD) - 2021/05/14 15:42:31 PT [2021/05/14 18:42:31 ET]
Table 'Elephenor II' 9-max Seat #2 is the button
Seat 1: fincherback ($1.15 in chips) 
Seat 2: elpela2000 ($2.18 in chips) 
Seat 3: amataco1 ($1.42 in chips) 
Seat 4: Dorex2007 ($2.10 in chips) 
Seat 5: bmwmann8 ($5.98 in chips) 
Seat 6: mataski ($2.28 in chips) 
Seat 7: schwitzenCS ($1.32 in chips) 
amataco1: posts small blind $0.01
Dorex2007: posts big blind $0.02
kreator1984: sits out 
*** HOLE CARDS ***
Dealt to Dorex2007 [2d 4h]
bmwmann8: raises $0.04 to $0.06
mataski: folds 
schwitzenCS: folds 
fincherback: folds 
elpela2000: calls $0.06
amataco1: folds 
Dorex2007: folds 
*** FLOP *** [6d 4d 8d]
bmwmann8: bets $0.02
elpela2000: folds 
Uncalled bet ($0.02) returned to bmwmann8
bmwmann8 collected $0.14 from pot
bmwmann8: doesn't show hand 
*** SUMMARY ***
Total pot $0.15 | Rake $0.01 
Board [6d 4d 8d]
Seat 1: fincherback folded before Flop (didn't bet)
Seat 2: elpela2000 (button) folded on the Flop
Seat 3: amataco1 (small blind) folded before Flop
Seat 4: Dorex2007 (big blind) folded before Flop
Seat 5: bmwmann8 collected ($0.14)
Seat 6: mataski folded before Flop (didn't bet)
Seat 7: schwitzenCS folded before Flop (didn't bet)



PokerStars Hand #226761087910:  Hold'em No Limit ($0.01/$0.02 USD) - 2021/05/14 15:43:02 PT [2021/05/14 18:43:02 ET]
Table 'Elephenor II' 9-max Seat #3 is the button
Seat 1: fincherback ($1.15 in chips) 
Seat 2: elpela2000 ($2.12 in chips) 
Seat 3: amataco1 ($1.41 in chips) 
Seat 4: Dorex2007 ($2.08 in chips) 
Seat 5: bmwmann8 ($6.06 in chips) 
Seat 6: mataski ($2.28 in chips) 
Seat 7: schwitzenCS ($1.32 in chips) 
Dorex2007: posts small blind $0.01
bmwmann8: posts big blind $0.02
kreator1984: sits out 
*** HOLE CARDS ***
Dealt to Dorex2007 [3d 4c]
mataski: folds 
schwitzenCS is disconnected 
schwitzenCS has timed out while being disconnected
schwitzenCS: folds 
fincherback: folds 
elpela2000: folds 
amataco1: folds 
Dorex2007: folds 
Uncalled bet ($0.01) returned to bmwmann8
bmwmann8 collected $0.02 from pot
bmwmann8: doesn't show hand 
*** SUMMARY ***
Total pot $0.02 | Rake $0 
Seat 1: fincherback folded before Flop (didn't bet)
Seat 2: elpela2000 folded before Flop (didn't bet)
Seat 3: amataco1 (button) folded before Flop (didn't bet)
Seat 4: Dorex2007 (small blind) folded before Flop
Seat 5: bmwmann8 (big blind) collected ($0.02)
Seat 6: mataski folded before Flop (didn't bet)
Seat 7: schwitzenCS folded before Flop (didn't bet)



PokerStars Hand #226761102900:  Hold'em No Limit ($0.01/$0.02 USD) - 2021/05/14 15:43:35 PT [2021/05/14 18:43:35 ET]
Table 'Elephenor II' 9-max Seat #4 is the button
Seat 1: fincherback ($1.15 in chips) 
Seat 2: elpela2000 ($2.12 in chips) 
Seat 3: amataco1 ($1.41 in chips) 
Seat 4: Dorex2007 ($2.07 in chips) 
Seat 5: bmwmann8 ($6.07 in chips) 
Seat 6: mataski ($2.28 in chips) 
bmwmann8: posts small blind $0.01
mataski: posts big blind $0.02
kreator1984: sits out 
*** HOLE CARDS ***
Dealt to Dorex2007 [6d Qd]
fincherback: folds 
elpela2000: folds 
amataco1: folds 
Dorex2007: raises $0.04 to $0.06
bmwmann8: folds 
mataski: folds 
Uncalled bet ($0.04) returned to Dorex2007
Dorex2007 collected $0.05 from pot
Dorex2007: doesn't show hand 
*** SUMMARY ***
Total pot $0.05 | Rake $0 
Seat 1: fincherback folded before Flop (didn't bet)
Seat 2: elpela2000 folded before Flop (didn't bet)
Seat 3: amataco1 folded before Flop (didn't bet)
Seat 4: Dorex2007 (button) collected ($0.05)
Seat 5: bmwmann8 (small blind) folded before Flop
Seat 6: mataski (big blind) folded before Flop



PokerStars Hand #226761113838:  Hold'em No Limit ($0.01/$0.02 USD) - 2021/05/14 15:43:59 PT [2021/05/14 18:43:59 ET]
Table 'Elephenor II' 9-max Seat #5 is the button
Seat 1: fincherback ($1.15 in chips) 
Seat 2: elpela2000 ($2.12 in chips) 
Seat 3: amataco1 ($1.41 in chips) 
Seat 4: Dorex2007 ($2.10 in chips) 
Seat 5: bmwmann8 ($6.06 in chips) 
Seat 6: mataski ($2.26 in chips) 
Seat 8: kreator1984 ($5.49 in chips) 
mataski: posts small blind $0.01
kreator1984: posts big blind $0.02
boy_poker76: sits out 
*** HOLE CARDS ***
Dealt to Dorex2007 [6h Kd]
fincherback: folds 
elpela2000: folds 
amataco1: folds 
Dorex2007: folds 
bmwmann8: calls $0.02
mataski: folds 
kreator1984: checks 
*** FLOP *** [2s Kc 8c]
kreator1984: checks 
bmwmann8: checks 
*** TURN *** [2s Kc 8c] [7d]
kreator1984: bets $0.05
bmwmann8: folds 
Uncalled bet ($0.05) returned to kreator1984
kreator1984 collected $0.05 from pot
kreator1984: doesn't show hand 
*** SUMMARY ***
Total pot $0.05 | Rake $0 
Board [2s Kc 8c 7d]
Seat 1: fincherback folded before Flop (didn't bet)
Seat 2: elpela2000 folded before Flop (didn't bet)
Seat 3: amataco1 folded before Flop (didn't bet)
Seat 4: Dorex2007 folded before Flop (didn't bet)
Seat 5: bmwmann8 (button) folded on the Turn
Seat 6: mataski (small blind) folded before Flop
Seat 8: kreator1984 (big blind) collected ($0.05)



PokerStars Hand #226761124493:  Hold'em No Limit ($0.01/$0.02 USD) - 2021/05/14 15:44:22 PT [2021/05/14 18:44:22 ET]
Table 'Elephenor II' 9-max Seat #6 is the button
Seat 1: fincherback ($1.15 in chips) 
Seat 2: elpela2000 ($2.12 in chips) 
Seat 3: amataco1 ($1.41 in chips) 
Seat 4: Dorex2007 ($2.10 in chips) 
Seat 5: bmwmann8 ($6.04 in chips) 
Seat 6: mataski ($2.25 in chips) 
Seat 8: kreator1984 ($5.52 in chips) 
Seat 9: boy_poker76 ($7.14 in chips) 
kreator1984: posts small blind $0.01
boy_poker76: posts big blind $0.02
*** HOLE CARDS ***
Dealt to Dorex2007 [5h Js]
fincherback: folds 
elpela2000: folds 
amataco1: folds 
Dorex2007: folds 
bmwmann8: calls $0.02
mataski: folds 
kreator1984: raises $0.08 to $0.10
boy_poker76: folds 
bmwmann8: folds 
Uncalled bet ($0.08) returned to kreator1984
kreator1984 collected $0.06 from pot
kreator1984: doesn't show hand 
*** SUMMARY ***
Total pot $0.06 | Rake $0 
Seat 1: fincherback folded before Flop (didn't bet)
Seat 2: elpela2000 folded before Flop (didn't bet)
Seat 3: amataco1 folded before Flop (didn't bet)
Seat 4: Dorex2007 folded before Flop (didn't bet)
Seat 5: bmwmann8 folded before Flop
Seat 6: mataski (button) folded before Flop (didn't bet)
Seat 8: kreator1984 (small blind) collected ($0.06)
Seat 9: boy_poker76 (big blind) folded before Flop



PokerStars Hand #226761136399:  Hold'em No Limit ($0.01/$0.02 USD) - 2021/05/14 15:44:49 PT [2021/05/14 18:44:49 ET]
Table 'Elephenor II' 9-max Seat #8 is the button
Seat 1: fincherback ($1.15 in chips) 
Seat 2: elpela2000 ($2.12 in chips) 
Seat 3: amataco1 ($1.41 in chips) 
Seat 4: Dorex2007 ($2.10 in chips) 
Seat 5: bmwmann8 ($6.02 in chips) 
Seat 6: mataski ($2.25 in chips) 
Seat 8: kreator1984 ($5.56 in chips) 
Seat 9: boy_poker76 ($7.12 in chips) 
boy_poker76: posts small blind $0.01
fincherback: posts big blind $0.02
*** HOLE CARDS ***
Dealt to Dorex2007 [Ks Jc]
elpela2000: folds 
amataco1: folds 
Dorex2007: raises $0.04 to $0.06
bmwmann8: folds 
mataski: folds 
kreator1984: folds 
kreator1984 leaves the table
boy_poker76: raises $0.09 to $0.15
fincherback: folds 
Dorex2007: folds 
Uncalled bet ($0.09) returned to boy_poker76
boy_poker76 collected $0.14 from pot
boy_poker76: doesn't show hand 
*** SUMMARY ***
Total pot $0.14 | Rake $0 
Seat 1: fincherback (big blind) folded before Flop
Seat 2: elpela2000 folded before Flop (didn't bet)
Seat 3: amataco1 folded before Flop (didn't bet)
Seat 4: Dorex2007 folded before Flop
Seat 5: bmwmann8 folded before Flop (didn't bet)
Seat 6: mataski folded before Flop (didn't bet)
Seat 8: kreator1984 (button) folded before Flop (didn't bet)
Seat 9: boy_poker76 (small blind) collected ($0.14)



PokerStars Hand #226761150890:  Hold'em No Limit ($0.01/$0.02 USD) - 2021/05/14 15:45:21 PT [2021/05/14 18:45:21 ET]
Table 'Elephenor II' 9-max Seat #9 is the button
Seat 1: fincherback ($1.13 in chips) 
Seat 2: elpela2000 ($2.12 in chips) 
Seat 3: amataco1 ($1.41 in chips) 
Seat 4: Dorex2007 ($2.04 in chips) 
Seat 5: bmwmann8 ($6.02 in chips) 
Seat 6: mataski ($2.25 in chips) 
Seat 9: boy_poker76 ($7.20 in chips) 
fincherback: posts small blind $0.01
elpela2000: posts big blind $0.02
schwitzenCS: sits out 
*** HOLE CARDS ***
Dealt to Dorex2007 [Jh Ac]
amataco1: calls $0.02
Dorex2007: raises $0.04 to $0.06
bmwmann8: folds 
mataski: calls $0.06
schwitzenCS leaves the table
boy_poker76: calls $0.06
fincherback: calls $0.05
elpela2000: folds 
amataco1: calls $0.04
*** FLOP *** [Tc 5d 2h]
fincherback: checks 
amataco1: checks 
Dorex2007: bets $0.16
mataski: calls $0.16
boy_poker76: folds 
fincherback: folds 
amataco1: calls $0.16
*** TURN *** [Tc 5d 2h] [9h]
amataco1: checks 
Dorex2007: checks 
mataski: bets $0.08
amataco1: calls $0.08
Dorex2007: calls $0.08
*** RIVER *** [Tc 5d 2h 9h] [Ks]
amataco1: checks 
Dorex2007: bets $1
mataski: folds 
amataco1: folds 
Uncalled bet ($1) returned to Dorex2007
Dorex2007 collected $1 from pot
Dorex2007: doesn't show hand 
*** SUMMARY ***
Total pot $1.04 | Rake $0.04 
Board [Tc 5d 2h 9h Ks]
Seat 1: fincherback (small blind) folded on the Flop
Seat 2: elpela2000 (big blind) folded before Flop
Seat 3: amataco1 folded on the River
Seat 4: Dorex2007 collected ($1)
Seat 5: bmwmann8 folded before Flop (didn't bet)
Seat 6: mataski folded on the River
Seat 9: boy_poker76 (button) folded on the Flop



PokerStars Hand #226761191544:  Hold'em No Limit ($0.01/$0.02 USD) - 2021/05/14 15:46:51 PT [2021/05/14 18:46:51 ET]
Table 'Elephenor II' 9-max Seat #1 is the button
Seat 1: fincherback ($1.07 in chips) 
Seat 2: elpela2000 ($2.10 in chips) 
Seat 3: amataco1 ($1.11 in chips) 
Seat 4: Dorex2007 ($2.74 in chips) 
Seat 5: bmwmann8 ($6.02 in chips) 
Seat 6: mataski ($1.95 in chips) 
Seat 9: boy_poker76 ($7.14 in chips) 
elpela2000: posts small blind $0.01
amataco1: posts big blind $0.02
*** HOLE CARDS ***
Dealt to Dorex2007 [7h 8h]
Dorex2007: calls $0.02
bmwmann8: calls $0.02
mataski: folds 
boy_poker76: folds 
fincherback: folds 
elpela2000: folds 
amataco1: checks 
*** FLOP *** [4s 2d 2h]
amataco1: checks 
Dorex2007: checks 
bmwmann8: checks 
*** TURN *** [4s 2d 2h] [Qh]
amataco1: checks 
Dei Filius joins the table at seat #8 
Dorex2007: checks 
bmwmann8: checks 
*** RIVER *** [4s 2d 2h Qh] [7c]
tokyojoe90 joins the table at seat #7 
amataco1: checks 
Dorex2007: bets $0.04
bmwmann8: folds 
amataco1: folds 
Uncalled bet ($0.04) returned to Dorex2007
Dorex2007 collected $0.07 from pot
Dorex2007: doesn't show hand 
*** SUMMARY ***
Total pot $0.07 | Rake $0 
Board [4s 2d 2h Qh 7c]
Seat 1: fincherback (button) folded before Flop (didn't bet)
Seat 2: elpela2000 (small blind) folded before Flop
Seat 3: amataco1 (big blind) folded on the River
Seat 4: Dorex2007 collected ($0.07)
Seat 5: bmwmann8 folded on the River
Seat 6: mataski folded before Flop (didn't bet)
Seat 9: boy_poker76 folded before Flop (didn't bet)



PokerStars Hand #226761211704:  Hold'em No Limit ($0.01/$0.02 USD) - 2021/05/14 15:47:36 PT [2021/05/14 18:47:36 ET]
Table 'Elephenor II' 9-max Seat #2 is the button
Seat 1: fincherback ($1.07 in chips) 
Seat 2: elpela2000 ($2.09 in chips) 
Seat 3: amataco1 ($1.09 in chips) 
Seat 4: Dorex2007 ($2.79 in chips) 
Seat 5: bmwmann8 ($6 in chips) 
Seat 6: mataski ($1.95 in chips) 
Seat 8: Dei Filius ($1.60 in chips) 
Seat 9: boy_poker76 ($7.14 in chips) 
amataco1: posts small blind $0.01
Dorex2007: posts big blind $0.02
tokyojoe90: sits out 
Dei Filius: posts big blind $0.02
*** HOLE CARDS ***
Dealt to Dorex2007 [Jd 3c]
bmwmann8: folds 
mataski: folds 
Dei Filius: checks 
boy_poker76: folds 
fincherback: folds 
elpela2000: folds 
amataco1: calls $0.01
Dorex2007: checks 
*** FLOP *** [Js 6c Td]
amataco1: checks 
Dorex2007: checks 
Dei Filius: checks 
*** TURN *** [Js 6c Td] [5h]
amataco1: checks 
Dorex2007: checks 
Dei Filius: bets $0.02
amataco1: calls $0.02
Dorex2007: calls $0.02
*** RIVER *** [Js 6c Td 5h] [Qc]
amataco1: checks 
Dorex2007: checks 
Dei Filius: checks 
*** SHOW DOWN ***
amataco1: shows [Ad Qs] (a pair of Queens)
Dorex2007: mucks hand 
Dei Filius: mucks hand 
amataco1 collected $0.12 from pot
*** SUMMARY ***
Total pot $0.12 | Rake $0 
Board [Js 6c Td 5h Qc]
Seat 1: fincherback folded before Flop (didn't bet)
Seat 2: elpela2000 (button) folded before Flop (didn't bet)
Seat 3: amataco1 (small blind) showed [Ad Qs] and won ($0.12) with a pair of Queens
Seat 4: Dorex2007 (big blind) mucked [Jd 3c]
Seat 5: bmwmann8 folded before Flop (didn't bet)
Seat 6: mataski folded before Flop (didn't bet)
Seat 8: Dei Filius mucked [6d 3h]
Seat 9: boy_poker76 folded before Flop (didn't bet)



PokerStars Hand #226761229143:  Hold'em No Limit ($0.01/$0.02 USD) - 2021/05/14 15:48:15 PT [2021/05/14 18:48:15 ET]
Table 'Elephenor II' 9-max Seat #3 is the button
Seat 1: fincherback ($1.07 in chips) 
Seat 2: elpela2000 ($2.09 in chips) 
Seat 3: amataco1 ($1.17 in chips) 
Seat 4: Dorex2007 ($2.75 in chips) 
Seat 5: bmwmann8 ($6 in chips) 
Seat 6: mataski ($1.95 in chips) 
Seat 8: Dei Filius ($1.56 in chips) 
Seat 9: boy_poker76 ($7.14 in chips) 
Dorex2007: posts small blind $0.01
bmwmann8: posts big blind $0.02
tokyojoe90: sits out 
*** HOLE CARDS ***
Dealt to Dorex2007 [As Kc]
mataski: folds 
Dei Filius: folds 
boy_poker76: folds 
fincherback: folds 
elpela2000: folds 
amataco1: folds 
Dorex2007: raises $0.06 to $0.08
bmwmann8: folds 
Uncalled bet ($0.06) returned to Dorex2007
Dorex2007 collected $0.04 from pot
Dorex2007: doesn't show hand 
*** SUMMARY ***
Total pot $0.04 | Rake $0 
Seat 1: fincherback folded before Flop (didn't bet)
Seat 2: elpela2000 folded before Flop (didn't bet)
Seat 3: amataco1 (button) folded before Flop (didn't bet)
Seat 4: Dorex2007 (small blind) collected ($0.04)
Seat 5: bmwmann8 (big blind) folded before Flop
Seat 6: mataski folded before Flop (didn't bet)
Seat 8: Dei Filius folded before Flop (didn't bet)
Seat 9: boy_poker76 folded before Flop (didn't bet)



PokerStars Hand #226761240871:  Hold'em No Limit ($0.01/$0.02 USD) - 2021/05/14 15:48:41 PT [2021/05/14 18:48:41 ET]
Table 'Elephenor II' 9-max Seat #4 is the button
Seat 1: fincherback ($1.07 in chips) 
Seat 2: elpela2000 ($2.09 in chips) 
Seat 3: amataco1 ($1.17 in chips) 
Seat 4: Dorex2007 ($2.77 in chips) 
Seat 5: bmwmann8 ($5.98 in chips) 
Seat 6: mataski ($1.95 in chips) 
Seat 8: Dei Filius ($1.56 in chips) 
Seat 9: boy_poker76 ($7.14 in chips) 
bmwmann8: posts small blind $0.01
mataski: posts big blind $0.02
tokyojoe90: sits out 
*** HOLE CARDS ***
Dealt to Dorex2007 [9c Ks]
Dei Filius: folds 
boy_poker76: folds 
fincherback: folds 
elpela2000: folds 
amataco1: folds 
Dorex2007: raises $0.04 to $0.06
bmwmann8: folds 
mataski: folds 
Uncalled bet ($0.04) returned to Dorex2007
Dorex2007 collected $0.05 from pot
Dorex2007: doesn't show hand 
*** SUMMARY ***
Total pot $0.05 | Rake $0 
Seat 1: fincherback folded before Flop (didn't bet)
Seat 2: elpela2000 folded before Flop (didn't bet)
Seat 3: amataco1 folded before Flop (didn't bet)
Seat 4: Dorex2007 (button) collected ($0.05)
Seat 5: bmwmann8 (small blind) folded before Flop
Seat 6: mataski (big blind) folded before Flop
Seat 8: Dei Filius folded before Flop (didn't bet)
Seat 9: boy_poker76 folded before Flop (didn't bet)



PokerStars Hand #226761251460:  Hold'em No Limit ($0.01/$0.02 USD) - 2021/05/14 15:49:05 PT [2021/05/14 18:49:05 ET]
Table 'Elephenor II' 9-max Seat #5 is the button
Seat 1: fincherback ($1.07 in chips) 
Seat 2: elpela2000 ($2.09 in chips) 
Seat 3: amataco1 ($1.17 in chips) 
Seat 4: Dorex2007 ($2.80 in chips) 
Seat 5: bmwmann8 ($5.97 in chips) 
Seat 6: mataski ($1.93 in chips) 
Seat 7: tokyojoe90 ($0.80 in chips) 
Seat 8: Dei Filius ($1.56 in chips) 
Seat 9: boy_poker76 ($7.14 in chips) 
mataski: posts small blind $0.01
tokyojoe90: posts big blind $0.02
*** HOLE CARDS ***
Dealt to Dorex2007 [4c 5h]
Dei Filius: folds 
boy_poker76: folds 
fincherback: folds 
elpela2000: folds 
amataco1: folds 
Dorex2007: folds 
bmwmann8: folds 
mataski: folds 
Uncalled bet ($0.01) returned to tokyojoe90
tokyojoe90 collected $0.02 from pot
tokyojoe90: doesn't show hand 
*** SUMMARY ***
Total pot $0.02 | Rake $0 
Seat 1: fincherback folded before Flop (didn't bet)
Seat 2: elpela2000 folded before Flop (didn't bet)
Seat 3: amataco1 folded before Flop (didn't bet)
Seat 4: Dorex2007 folded before Flop (didn't bet)
Seat 5: bmwmann8 (button) folded before Flop (didn't bet)
Seat 6: mataski (small blind) folded before Flop
Seat 7: tokyojoe90 (big blind) collected ($0.02)
Seat 8: Dei Filius folded before Flop (didn't bet)
Seat 9: boy_poker76 folded before Flop (didn't bet)



PokerStars Hand #226761261230:  Hold'em No Limit ($0.01/$0.02 USD) - 2021/05/14 15:49:27 PT [2021/05/14 18:49:27 ET]
Table 'Elephenor II' 9-max Seat #6 is the button
Seat 1: fincherback ($1.07 in chips) 
Seat 2: elpela2000 ($2.09 in chips) 
Seat 3: amataco1 ($1.17 in chips) 
Seat 4: Dorex2007 ($2.80 in chips) 
Seat 5: bmwmann8 ($5.97 in chips) 
Seat 6: mataski ($1.92 in chips) 
Seat 7: tokyojoe90 ($0.81 in chips) 
Seat 8: Dei Filius ($1.56 in chips) 
Seat 9: boy_poker76 ($7.14 in chips) 
tokyojoe90: posts small blind $0.01
Dei Filius: posts big blind $0.02
*** HOLE CARDS ***
Dealt to Dorex2007 [7s Ad]
boy_poker76: folds 
fincherback: raises $0.02 to $0.04
elpela2000: folds 
amataco1: folds 
Dorex2007: folds 
bmwmann8: folds 
mataski: folds 
tokyojoe90: calls $0.03
Dei Filius: calls $0.02
*** FLOP *** [9s 2s 9h]
tokyojoe90: checks 
Dei Filius: checks 
fincherback: bets $0.06
tokyojoe90: folds 
Dei Filius: folds 
Uncalled bet ($0.06) returned to fincherback
fincherback collected $0.12 from pot
fincherback: doesn't show hand 
*** SUMMARY ***
Total pot $0.12 | Rake $0 
Board [9s 2s 9h]
Seat 1: fincherback collected ($0.12)
Seat 2: elpela2000 folded before Flop (didn't bet)
Seat 3: amataco1 folded before Flop (didn't bet)
Seat 4: Dorex2007 folded before Flop (didn't bet)
Seat 5: bmwmann8 folded before Flop (didn't bet)
Seat 6: mataski (button) folded before Flop (didn't bet)
Seat 7: tokyojoe90 (small blind) folded on the Flop
Seat 8: Dei Filius (big blind) folded on the Flop
Seat 9: boy_poker76 folded before Flop (didn't bet)



PokerStars Hand #226761276586:  Hold'em No Limit ($0.01/$0.02 USD) - 2021/05/14 15:50:02 PT [2021/05/14 18:50:02 ET]
Table 'Elephenor II' 9-max Seat #7 is the button
Seat 1: fincherback ($1.15 in chips) 
Seat 2: elpela2000 ($2.09 in chips) 
Seat 3: amataco1 ($1.17 in chips) 
Seat 4: Dorex2007 ($2.80 in chips) 
Seat 5: bmwmann8 ($5.97 in chips) 
Seat 6: mataski ($1.92 in chips) 
Seat 7: tokyojoe90 ($0.77 in chips) 
Seat 8: Dei Filius ($1.52 in chips) 
Seat 9: boy_poker76 ($7.14 in chips) 
Dei Filius: posts small blind $0.01
boy_poker76: posts big blind $0.02
*** HOLE CARDS ***
Dealt to Dorex2007 [6h Jc]
fincherback: folds 
elpela2000: raises $0.04 to $0.06
amataco1: folds 
Dorex2007: folds 
bmwmann8: folds 
mataski: folds 
tokyojoe90: folds 
Dei Filius: folds 
boy_poker76: folds 
Uncalled bet ($0.04) returned to elpela2000
elpela2000 collected $0.05 from pot
*** SUMMARY ***
Total pot $0.05 | Rake $0 
Seat 1: fincherback folded before Flop (didn't bet)
Seat 2: elpela2000 collected ($0.05)
Seat 3: amataco1 folded before Flop (didn't bet)
Seat 4: Dorex2007 folded before Flop (didn't bet)
Seat 5: bmwmann8 folded before Flop (didn't bet)
Seat 6: mataski folded before Flop (didn't bet)
Seat 7: tokyojoe90 (button) folded before Flop (didn't bet)
Seat 8: Dei Filius (small blind) folded before Flop
Seat 9: boy_poker76 (big blind) folded before Flop



PokerStars Hand #226761288501:  Hold'em No Limit ($0.01/$0.02 USD) - 2021/05/14 15:50:28 PT [2021/05/14 18:50:28 ET]
Table 'Elephenor II' 9-max Seat #8 is the button
Seat 1: fincherback ($1.15 in chips) 
Seat 2: elpela2000 ($2.12 in chips) 
Seat 3: amataco1 ($1.17 in chips) 
Seat 4: Dorex2007 ($2.80 in chips) 
Seat 5: bmwmann8 ($5.97 in chips) 
Seat 6: mataski ($1.92 in chips) 
Seat 7: tokyojoe90 ($0.77 in chips) 
Seat 8: Dei Filius ($1.51 in chips) 
Seat 9: boy_poker76 ($7.12 in chips) 
boy_poker76: posts small blind $0.01
fincherback: posts big blind $0.02
*** HOLE CARDS ***
Dealt to Dorex2007 [8c Jh]
elpela2000: folds 
amataco1: folds 
Dorex2007: folds 
bmwmann8: raises $0.02 to $0.04
mataski: calls $0.04
tokyojoe90: folds 
Dei Filius: folds 
boy_poker76: calls $0.03
fincherback: folds 
*** FLOP *** [5c 7d Kd]
boy_poker76: checks 
bmwmann8: checks 
mataski: bets $0.07
boy_poker76: folds 
bmwmann8: folds 
Uncalled bet ($0.07) returned to mataski
mataski collected $0.14 from pot
mataski: doesn't show hand 
*** SUMMARY ***
Total pot $0.14 | Rake $0 
Board [5c 7d Kd]
Seat 1: fincherback (big blind) folded before Flop
Seat 2: elpela2000 folded before Flop (didn't bet)
Seat 3: amataco1 folded before Flop (didn't bet)
Seat 4: Dorex2007 folded before Flop (didn't bet)
Seat 5: bmwmann8 folded on the Flop
Seat 6: mataski collected ($0.14)
Seat 7: tokyojoe90 folded before Flop (didn't bet)
Seat 8: Dei Filius (button) folded before Flop (didn't bet)
Seat 9: boy_poker76 (small blind) folded on the Flop



PokerStars Hand #226761308552:  Hold'em No Limit ($0.01/$0.02 USD) - 2021/05/14 15:51:14 PT [2021/05/14 18:51:14 ET]
Table 'Elephenor II' 9-max Seat #9 is the button
Seat 1: fincherback ($1.13 in chips) 
Seat 2: elpela2000 ($2.12 in chips) 
Seat 3: amataco1 ($1.17 in chips) 
Seat 4: Dorex2007 ($2.80 in chips) 
Seat 5: bmwmann8 ($5.93 in chips) 
Seat 6: mataski ($2.02 in chips) 
Seat 7: tokyojoe90 ($0.77 in chips) 
Seat 8: Dei Filius ($1.51 in chips) 
Seat 9: boy_poker76 ($7.08 in chips) 
fincherback: posts small blind $0.01
elpela2000: posts big blind $0.02
*** HOLE CARDS ***
Dealt to Dorex2007 [Ac Th]
amataco1: folds 
Dorex2007: folds 
bmwmann8: raises $0.04 to $0.06
mataski: folds 
tokyojoe90: folds 
Dei Filius: folds 
boy_poker76: folds 
fincherback: calls $0.05
elpela2000: folds 
*** FLOP *** [2s 6h Jd]
fincherback: checks 
bmwmann8: bets $0.07
fincherback: calls $0.07
*** TURN *** [2s 6h Jd] [Qd]
fincherback: checks 
bmwmann8: bets $0.16
fincherback: folds 
Uncalled bet ($0.16) returned to bmwmann8
bmwmann8 collected $0.27 from pot
bmwmann8: doesn't show hand 
*** SUMMARY ***
Total pot $0.28 | Rake $0.01 
Board [2s 6h Jd Qd]
Seat 1: fincherback (small blind) folded on the Turn
Seat 2: elpela2000 (big blind) folded before Flop
Seat 3: amataco1 folded before Flop (didn't bet)
Seat 4: Dorex2007 folded before Flop (didn't bet)
Seat 5: bmwmann8 collected ($0.27)
Seat 6: mataski folded before Flop (didn't bet)
Seat 7: tokyojoe90 folded before Flop (didn't bet)
Seat 8: Dei Filius folded before Flop (didn't bet)
Seat 9: boy_poker76 (button) folded before Flop (didn't bet)



PokerStars Hand #226761329514:  Hold'em No Limit ($0.01/$0.02 USD) - 2021/05/14 15:52:02 PT [2021/05/14 18:52:02 ET]
Table 'Elephenor II' 9-max Seat #1 is the button
Seat 1: fincherback ($1 in chips) 
Seat 2: elpela2000 ($2.10 in chips) 
Seat 3: amataco1 ($1.17 in chips) 
Seat 4: Dorex2007 ($2.80 in chips) 
Seat 5: bmwmann8 ($6.07 in chips) 
Seat 6: mataski ($2.02 in chips) 
Seat 7: tokyojoe90 ($0.77 in chips) 
Seat 8: Dei Filius ($1.51 in chips) 
Seat 9: boy_poker76 ($7.08 in chips) 
elpela2000: posts small blind $0.01
amataco1: posts big blind $0.02
*** HOLE CARDS ***
Dealt to Dorex2007 [Kd 7h]
Dorex2007: folds 
bmwmann8: folds 
mataski: folds 
tokyojoe90: folds 
Dei Filius: raises $0.02 to $0.04
boy_poker76: folds 
fincherback: folds 
elpela2000: folds 
amataco1: folds 
Uncalled bet ($0.02) returned to Dei Filius
Dei Filius collected $0.05 from pot
Dei Filius: doesn't show hand 
*** SUMMARY ***
Total pot $0.05 | Rake $0 
Seat 1: fincherback (button) folded before Flop (didn't bet)
Seat 2: elpela2000 (small blind) folded before Flop
Seat 3: amataco1 (big blind) folded before Flop
Seat 4: Dorex2007 folded before Flop (didn't bet)
Seat 5: bmwmann8 folded before Flop (didn't bet)
Seat 6: mataski folded before Flop (didn't bet)
Seat 7: tokyojoe90 folded before Flop (didn't bet)
Seat 8: Dei Filius collected ($0.05)
Seat 9: boy_poker76 folded before Flop (didn't bet)



PokerStars Hand #226761340815:  Hold'em No Limit ($0.01/$0.02 USD) - 2021/05/14 15:52:27 PT [2021/05/14 18:52:27 ET]
Table 'Elephenor II' 9-max Seat #2 is the button
Seat 1: fincherback ($1 in chips) 
Seat 2: elpela2000 ($2.09 in chips) 
Seat 3: amataco1 ($1.15 in chips) 
Seat 4: Dorex2007 ($2.80 in chips) 
Seat 5: bmwmann8 ($6.07 in chips) 
Seat 6: mataski ($2.02 in chips) 
Seat 7: tokyojoe90 ($0.77 in chips) 
Seat 8: Dei Filius ($1.54 in chips) 
Seat 9: boy_poker76 ($7.08 in chips) 
amataco1: posts small blind $0.01
Dorex2007: posts big blind $0.02
*** HOLE CARDS ***
Dealt to Dorex2007 [5h 7d]
bmwmann8: raises $0.02 to $0.04
mataski: folds 
tokyojoe90: folds 
Dei Filius: folds 
boy_poker76: folds 
fincherback: folds 
elpela2000: folds 
amataco1: calls $0.03
Dorex2007: folds 
*** FLOP *** [8c 2d 8d]
amataco1: checks 
bmwmann8: bets $0.05
amataco1: calls $0.05
*** TURN *** [8c 2d 8d] [2s]
amataco1: checks 
bmwmann8: bets $0.10
amataco1: calls $0.10
*** RIVER *** [8c 2d 8d 2s] [4s]
amataco1: checks 
bmwmann8: checks 
*** SHOW DOWN ***
amataco1: shows [Qc As] (two pair, Eights and Deuces)
bmwmann8: shows [Js Ad] (two pair, Eights and Deuces)
amataco1 collected $0.20 from pot
bmwmann8 collected $0.19 from pot
*** SUMMARY ***
Total pot $0.40 | Rake $0.01 
Board [8c 2d 8d 2s 4s]
Seat 1: fincherback folded before Flop (didn't bet)
Seat 2: elpela2000 (button) folded before Flop (didn't bet)
Seat 3: amataco1 (small blind) showed [Qc As] and won ($0.20) with two pair, Eights and Deuces
Seat 4: Dorex2007 (big blind) folded before Flop
Seat 5: bmwmann8 showed [Js Ad] and won ($0.19) with two pair, Eights and Deuces
Seat 6: mataski folded before Flop (didn't bet)
Seat 7: tokyojoe90 folded before Flop (didn't bet)
Seat 8: Dei Filius folded before Flop (didn't bet)
Seat 9: boy_poker76 folded before Flop (didn't bet)



PokerStars Hand #226761361846:  Hold'em No Limit ($0.01/$0.02 USD) - 2021/05/14 15:53:15 PT [2021/05/14 18:53:15 ET]
Table 'Elephenor II' 9-max Seat #3 is the button
Seat 1: fincherback ($1 in chips) 
Seat 2: elpela2000 ($2.09 in chips) 
Seat 3: amataco1 ($1.16 in chips) 
Seat 4: Dorex2007 ($2.78 in chips) 
Seat 5: bmwmann8 ($6.07 in chips) 
Seat 6: mataski ($2.02 in chips) 
Seat 7: tokyojoe90 ($0.77 in chips) 
Seat 8: Dei Filius ($1.54 in chips) 
Seat 9: boy_poker76 ($7.08 in chips) 
Dorex2007: posts small blind $0.01
bmwmann8: posts big blind $0.02
*** HOLE CARDS ***
Dealt to Dorex2007 [8c 4c]
mataski: folds 
tokyojoe90: calls $0.02
Dei Filius: folds 
boy_poker76: folds 
fincherback: folds 
elpela2000: folds 
amataco1: calls $0.02
Dorex2007: calls $0.01
bmwmann8: checks 
*** FLOP *** [Th Ks 6d]
Dorex2007: checks 
bmwmann8: checks 
tokyojoe90: checks 
amataco1: checks 
*** TURN *** [Th Ks 6d] [8h]
Dorex2007: checks 
bmwmann8: checks 
tokyojoe90: checks 
amataco1: checks 
*** RIVER *** [Th Ks 6d 8h] [4d]
Dorex2007: bets $0.10
bmwmann8: folds 
tokyojoe90: raises $0.26 to $0.36
amataco1: folds 
Dorex2007: raises $0.80 to $1.16
tokyojoe90: calls $0.39 and is all-in
Uncalled bet ($0.41) returned to Dorex2007
*** SHOW DOWN ***
Dorex2007: shows [8c 4c] (two pair, Eights and Fours)
tokyojoe90: shows [7s 9s] (a straight, Six to Ten)
tokyojoe90 collected $1.52 from pot
*** SUMMARY ***
Total pot $1.58 | Rake $0.06 
Board [Th Ks 6d 8h 4d]
Seat 1: fincherback folded before Flop (didn't bet)
Seat 2: elpela2000 folded before Flop (didn't bet)
Seat 3: amataco1 (button) folded on the River
Seat 4: Dorex2007 (small blind) showed [8c 4c] and lost with two pair, Eights and Fours
Seat 5: bmwmann8 (big blind) folded on the River
Seat 6: mataski folded before Flop (didn't bet)
Seat 7: tokyojoe90 showed [7s 9s] and won ($1.52) with a straight, Six to Ten
Seat 8: Dei Filius folded before Flop (didn't bet)
Seat 9: boy_poker76 folded before Flop (didn't bet)



PokerStars Hand #226761397676:  Hold'em No Limit ($0.01/$0.02 USD) - 2021/05/14 15:54:38 PT [2021/05/14 18:54:38 ET]
Table 'Elephenor II' 9-max Seat #4 is the button
Seat 1: fincherback ($1 in chips) 
Seat 2: elpela2000 ($2.09 in chips) 
Seat 3: amataco1 ($1.14 in chips) 
Seat 4: Dorex2007 ($2.01 in chips) 
Seat 5: bmwmann8 ($6.05 in chips) 
Seat 6: mataski ($2.02 in chips) 
Seat 7: tokyojoe90 ($1.52 in chips) 
Seat 8: Dei Filius ($1.54 in chips) 
Seat 9: boy_poker76 ($7.08 in chips) 
bmwmann8: posts small blind $0.01
mataski: posts big blind $0.02
*** HOLE CARDS ***
Dealt to Dorex2007 [Jd As]
tokyojoe90: folds 
Dei Filius: folds 
boy_poker76: folds 
fincherback: raises $0.04 to $0.06
elpela2000: folds 
amataco1: calls $0.06
Dorex2007: calls $0.06
bmwmann8: calls $0.05
mataski: calls $0.04
*** FLOP *** [Qd Qs 8h]
bmwmann8: checks 
mataski: checks 
fincherback: checks 
amataco1: checks 
Dorex2007: checks 
*** TURN *** [Qd Qs 8h] [4d]
bmwmann8: checks 
mataski: checks 
fincherback: bets $0.15
amataco1: folds 
Dorex2007: folds 
bmwmann8: folds 
mataski: folds 
Uncalled bet ($0.15) returned to fincherback
fincherback collected $0.29 from pot
fincherback: doesn't show hand 
*** SUMMARY ***
Total pot $0.30 | Rake $0.01 
Board [Qd Qs 8h 4d]
Seat 1: fincherback collected ($0.29)
Seat 2: elpela2000 folded before Flop (didn't bet)
Seat 3: amataco1 folded on the Turn
Seat 4: Dorex2007 (button) folded on the Turn
Seat 5: bmwmann8 (small blind) folded on the Turn
Seat 6: mataski (big blind) folded on the Turn
Seat 7: tokyojoe90 folded before Flop (didn't bet)
Seat 8: Dei Filius folded before Flop (didn't bet)
Seat 9: boy_poker76 folded before Flop (didn't bet)



PokerStars Hand #226761435503:  Hold'em No Limit ($0.01/$0.02 USD) - 2021/05/14 15:55:53 PT [2021/05/14 18:55:53 ET]
Table 'Elephenor II' 9-max Seat #5 is the button
Seat 1: fincherback ($1.23 in chips) 
Seat 2: elpela2000 ($2.09 in chips) 
Seat 3: amataco1 ($1.08 in chips) 
Seat 4: Dorex2007 ($1.95 in chips) 
Seat 5: bmwmann8 ($5.99 in chips) 
Seat 6: mataski ($1.96 in chips) 
Seat 7: tokyojoe90 ($1.52 in chips) 
Seat 8: Dei Filius ($1.54 in chips) 
Seat 9: boy_poker76 ($7.08 in chips) 
mataski: posts small blind $0.01
tokyojoe90: posts big blind $0.02
*** HOLE CARDS ***
Dealt to Dorex2007 [5d 4h]
Dei Filius: folds 
boy_poker76: folds 
fincherback: folds 
elpela2000: calls $0.02
amataco1: calls $0.02
Dorex2007: folds 
bmwmann8: folds 
mataski: calls $0.01
tokyojoe90: checks 
*** FLOP *** [6d Ts Qc]
mataski: checks 
tokyojoe90: checks 
elpela2000: checks 
amataco1: checks 
*** TURN *** [6d Ts Qc] [9d]
mataski: bets $0.04
tokyojoe90: folds 
elpela2000: calls $0.04
amataco1: calls $0.04
*** RIVER *** [6d Ts Qc 9d] [8s]
mataski: bets $0.10
elpela2000: folds 
amataco1: raises $0.10 to $0.20
mataski: calls $0.10
*** SHOW DOWN ***
amataco1: shows [7s 7h] (a straight, Six to Ten)
mataski: mucks hand 
amataco1 collected $0.58 from pot
*** SUMMARY ***
Total pot $0.60 | Rake $0.02 
Board [6d Ts Qc 9d 8s]
Seat 1: fincherback folded before Flop (didn't bet)
Seat 2: elpela2000 folded on the River
Seat 3: amataco1 showed [7s 7h] and won ($0.58) with a straight, Six to Ten
Seat 4: Dorex2007 folded before Flop (didn't bet)
Seat 5: bmwmann8 (button) folded before Flop (didn't bet)
Seat 6: mataski (small blind) mucked [6h 6s]
Seat 7: tokyojoe90 (big blind) folded on the Turn
Seat 8: Dei Filius folded before Flop (didn't bet)
Seat 9: boy_poker76 folded before Flop (didn't bet)



PokerStars Hand #226761461260:  Hold'em No Limit ($0.01/$0.02 USD) - 2021/05/14 15:57:09 PT [2021/05/14 18:57:09 ET]
Table 'Elephenor II' 9-max Seat #6 is the button
Seat 1: fincherback ($1.23 in chips) 
Seat 2: elpela2000 ($2.03 in chips) 
Seat 3: amataco1 ($1.40 in chips) 
Seat 4: Dorex2007 ($1.95 in chips) 
Seat 5: bmwmann8 ($5.99 in chips) 
Seat 6: mataski ($1.70 in chips) 
Seat 7: tokyojoe90 ($1.50 in chips) 
Seat 8: Dei Filius ($1.54 in chips) 
Seat 9: boy_poker76 ($7.08 in chips) 
tokyojoe90: posts small blind $0.01
Dei Filius: posts big blind $0.02
*** HOLE CARDS ***
Dealt to Dorex2007 [6d 3h]
boy_poker76: folds 
fincherback: raises $0.04 to $0.06
elpela2000: calls $0.06
amataco1: folds 
Dorex2007: folds 
bmwmann8: calls $0.06
mataski: folds 
tokyojoe90: calls $0.05
Dei Filius: folds 
*** FLOP *** [As 2d 4s]
tokyojoe90: checks 
fincherback: bets $0.13
elpela2000: folds 
bmwmann8: folds 
tokyojoe90: raises $0.51 to $0.64
fincherback: calls $0.51
*** TURN *** [As 2d 4s] [Ah]
tokyojoe90: bets $0.80 and is all-in
fincherback: calls $0.53 and is all-in
Uncalled bet ($0.27) returned to tokyojoe90
*** RIVER *** [As 2d 4s Ah] [Jh]
*** SHOW DOWN ***
tokyojoe90: shows [2h 2c] (a full house, Deuces full of Aces)
fincherback: shows [5d Ad] (three of a kind, Aces)
tokyojoe90 cashed out the hand for $2.10 | Cash Out Fee $0.02
*** SUMMARY ***
Total pot $2.60 | Rake $0.09 
Board [As 2d 4s Ah Jh]
Seat 1: fincherback showed [5d Ad] and lost with three of a kind, Aces
Seat 2: elpela2000 folded on the Flop
Seat 3: amataco1 folded before Flop (didn't bet)
Seat 4: Dorex2007 folded before Flop (didn't bet)
Seat 5: bmwmann8 folded on the Flop
Seat 6: mataski (button) folded before Flop (didn't bet)
Seat 7: tokyojoe90 (small blind) showed [2h 2c] and won ($2.51) with a full house, Deuces full of Aces (pot not awarded as player cashed out)
Seat 8: Dei Filius (big blind) folded before Flop
Seat 9: boy_poker76 folded before Flop (didn't bet)



PokerStars Hand #226761499604:  Hold'em No Limit ($0.01/$0.02 USD) - 2021/05/14 15:59:03 PT [2021/05/14 18:59:03 ET]
Table 'Elephenor II' 9-max Seat #8 is the button
Seat 1: maral567 ($2 in chips) 
Seat 2: elpela2000 ($1.97 in chips) 
Seat 3: amataco1 ($1.40 in chips) 
Seat 4: Dorex2007 ($1.95 in chips) 
Seat 5: bmwmann8 ($5.93 in chips) 
Seat 6: mataski ($1.68 in chips) 
Seat 7: tokyojoe90 ($2.37 in chips) 
Seat 8: Dei Filius ($1.56 in chips) 
Seat 9: boy_poker76 ($7.06 in chips) 
boy_poker76: posts small blind $0.01
maral567: posts big blind $0.02
*** HOLE CARDS ***
Dealt to Dorex2007 [9c 7d]
elpela2000: folds 
amataco1: calls $0.02
Dorex2007: folds 
bmwmann8: folds 
mataski: folds 
tokyojoe90: folds 
Dei Filius: calls $0.02
boy_poker76: folds 
maral567: checks 
*** FLOP *** [Jd As 2c]
maral567: checks 
amataco1: checks 
Dei Filius: bets $0.02
maral567: folds 
amataco1: calls $0.02
*** TURN *** [Jd As 2c] [4c]
amataco1: checks 
Dei Filius: checks 
*** RIVER *** [Jd As 2c 4c] [3s]
amataco1: checks 
Dei Filius: bets $0.06
amataco1: calls $0.06
*** SHOW DOWN ***
Dei Filius: shows [Kd Th] (high card Ace)
amataco1: shows [Js Ks] (a pair of Jacks)
amataco1 collected $0.22 from pot
*** SUMMARY ***
Total pot $0.23 | Rake $0.01 
Board [Jd As 2c 4c 3s]
Seat 1: maral567 (big blind) folded on the Flop
Seat 2: elpela2000 folded before Flop (didn't bet)
Seat 3: amataco1 showed [Js Ks] and won ($0.22) with a pair of Jacks
Seat 4: Dorex2007 folded before Flop (didn't bet)
Seat 5: bmwmann8 folded before Flop (didn't bet)
Seat 6: mataski folded before Flop (didn't bet)
Seat 7: tokyojoe90 folded before Flop (didn't bet)
Seat 8: Dei Filius (button) showed [Kd Th] and lost with high card Ace
Seat 9: boy_poker76 (small blind) folded before Flop



PokerStars Hand #226761525721:  Hold'em No Limit ($0.01/$0.02 USD) - 2021/05/14 16:00:18 PT [2021/05/14 19:00:18 ET]
Table 'Elephenor II' 9-max Seat #9 is the button
Seat 1: maral567 ($1.98 in chips) 
Seat 2: elpela2000 ($1.97 in chips) 
Seat 3: amataco1 ($1.52 in chips) 
Seat 4: Dorex2007 ($1.95 in chips) 
Seat 5: bmwmann8 ($5.93 in chips) 
Seat 6: mataski ($1.68 in chips) 
Seat 7: tokyojoe90 ($2.37 in chips) 
Seat 8: Dei Filius ($1.46 in chips) 
Seat 9: boy_poker76 ($7.05 in chips) 
maral567: posts small blind $0.01
elpela2000: posts big blind $0.02
*** HOLE CARDS ***
Dealt to Dorex2007 [2d Qh]
amataco1: calls $0.02
Dorex2007: folds 
bmwmann8: calls $0.02
mataski: folds 
tokyojoe90: folds 
Dei Filius: folds 
boy_poker76: folds 
maral567: calls $0.01
elpela2000: checks 
*** FLOP *** [Tc Ad Kh]
maral567: checks 
elpela2000: checks 
amataco1: checks 
bmwmann8: checks 
*** TURN *** [Tc Ad Kh] [9h]
maral567: checks 
elpela2000: checks 
amataco1: checks 
bmwmann8: checks 
*** RIVER *** [Tc Ad Kh 9h] [8h]
maral567: checks 
elpela2000: checks 
amataco1: checks 
bmwmann8: checks 
*** SHOW DOWN ***
maral567: shows [Kc Js] (a pair of Kings)
elpela2000: mucks hand 
amataco1: shows [As Kd] (two pair, Aces and Kings)
bmwmann8: mucks hand 
amataco1 collected $0.08 from pot
*** SUMMARY ***
Total pot $0.08 | Rake $0 
Board [Tc Ad Kh 9h 8h]
Seat 1: maral567 (small blind) showed [Kc Js] and lost with a pair of Kings
Seat 2: elpela2000 (big blind) mucked [4s 5s]
Seat 3: amataco1 showed [As Kd] and won ($0.08) with two pair, Aces and Kings
Seat 4: Dorex2007 folded before Flop (didn't bet)
Seat 5: bmwmann8 mucked [8s 6h]
Seat 6: mataski folded before Flop (didn't bet)
Seat 7: tokyojoe90 folded before Flop (didn't bet)
Seat 8: Dei Filius folded before Flop (didn't bet)
Seat 9: boy_poker76 (button) folded before Flop (didn't bet)



PokerStars Hand #226761554961:  Hold'em No Limit ($0.01/$0.02 USD) - 2021/05/14 16:01:23 PT [2021/05/14 19:01:23 ET]
Table 'Elephenor II' 9-max Seat #1 is the button
Seat 1: maral567 ($1.96 in chips) 
Seat 2: elpela2000 ($1.95 in chips) 
Seat 3: amataco1 ($1.58 in chips) 
Seat 4: Dorex2007 ($1.95 in chips) 
Seat 5: bmwmann8 ($5.91 in chips) 
Seat 6: mataski ($1.68 in chips) 
Seat 7: tokyojoe90 ($2.37 in chips) 
Seat 8: Dei Filius ($1.46 in chips) 
Seat 9: boy_poker76 ($7.05 in chips) 
elpela2000: posts small blind $0.01
amataco1: posts big blind $0.02
*** HOLE CARDS ***
Dealt to Dorex2007 [4h Tc]
Dorex2007: folds 
bmwmann8: folds 
mataski: folds 
tokyojoe90: folds 
Dei Filius: calls $0.02
boy_poker76: raises $0.05 to $0.07
maral567: folds 
elpela2000: folds 
amataco1: folds 
Dei Filius: calls $0.05
*** FLOP *** [Kc 4c 4s]
Dei Filius: checks 
boy_poker76: checks 
*** TURN *** [Kc 4c 4s] [Ad]
Dei Filius: checks 
boy_poker76: checks 
*** RIVER *** [Kc 4c 4s Ad] [7h]
Dei Filius: checks 
boy_poker76: checks 
*** SHOW DOWN ***
Dei Filius: shows [Qc Jh] (a pair of Fours)
boy_poker76: mucks hand 
Dei Filius collected $0.16 from pot
*** SUMMARY ***
Total pot $0.17 | Rake $0.01 
Board [Kc 4c 4s Ad 7h]
Seat 1: maral567 (button) folded before Flop (didn't bet)
Seat 2: elpela2000 (small blind) folded before Flop
Seat 3: amataco1 (big blind) folded before Flop
Seat 4: Dorex2007 folded before Flop (didn't bet)
Seat 5: bmwmann8 folded before Flop (didn't bet)
Seat 6: mataski folded before Flop (didn't bet)
Seat 7: tokyojoe90 folded before Flop (didn't bet)
Seat 8: Dei Filius showed [Qc Jh] and won ($0.16) with a pair of Fours
Seat 9: boy_poker76 mucked [Td Jd]



PokerStars Hand #226761587370:  Hold'em No Limit ($0.01/$0.02 USD) - 2021/05/14 16:02:40 PT [2021/05/14 19:02:40 ET]
Table 'Elephenor II' 9-max Seat #2 is the button
Seat 1: maral567 ($1.96 in chips) 
Seat 2: elpela2000 ($1.94 in chips) 
Seat 3: amataco1 ($1.56 in chips) 
Seat 4: Dorex2007 ($1.95 in chips) 
Seat 5: bmwmann8 ($5.91 in chips) 
Seat 6: mataski ($1.68 in chips) 
Seat 7: tokyojoe90 ($2.37 in chips) 
Seat 8: Dei Filius ($1.55 in chips) 
Seat 9: boy_poker76 ($6.98 in chips) 
amataco1: posts small blind $0.01
Dorex2007: posts big blind $0.02
*** HOLE CARDS ***
Dealt to Dorex2007 [3s 8h]
bmwmann8: calls $0.02
mataski: folds 
tokyojoe90: calls $0.02
Dei Filius: calls $0.02
boy_poker76: folds 
maral567: folds 
elpela2000: folds 
amataco1: calls $0.01
Dorex2007: checks 
*** FLOP *** [5s Kd Qc]
amataco1: checks 
Dorex2007: checks 
bmwmann8: checks 
tokyojoe90: checks 
Dei Filius: checks 
*** TURN *** [5s Kd Qc] [8c]
amataco1: checks 
Dorex2007: checks 
bmwmann8: checks 
tokyojoe90: checks 
Dei Filius: checks 
*** RIVER *** [5s Kd Qc 8c] [Th]
amataco1: checks 
Dorex2007: checks 
bmwmann8: checks 
tokyojoe90: checks 
Dei Filius: checks 
*** SHOW DOWN ***
amataco1: shows [7c 8s] (a pair of Eights)
Dorex2007: shows [3s 8h] (a pair of Eights)
bmwmann8: mucks hand 
tokyojoe90: mucks hand 
Dei Filius: mucks hand 
amataco1 collected $0.05 from pot
Dorex2007 collected $0.05 from pot
*** SUMMARY ***
Total pot $0.10 | Rake $0 
Board [5s Kd Qc 8c Th]
Seat 1: maral567 folded before Flop (didn't bet)
Seat 2: elpela2000 (button) folded before Flop (didn't bet)
Seat 3: amataco1 (small blind) showed [7c 8s] and won ($0.05) with a pair of Eights
Seat 4: Dorex2007 (big blind) showed [3s 8h] and won ($0.05) with a pair of Eights
Seat 5: bmwmann8 mucked [5h As]
Seat 6: mataski folded before Flop (didn't bet)
Seat 7: tokyojoe90 mucked [Ad 2d]
Seat 8: Dei Filius mucked [3d 3c]
Seat 9: boy_poker76 folded before Flop (didn't bet)



PokerStars Hand #226761623064:  Hold'em No Limit ($0.01/$0.02 USD) - 2021/05/14 16:04:04 PT [2021/05/14 19:04:04 ET]
Table 'Elephenor II' 9-max Seat #3 is the button
Seat 1: maral567 ($1.96 in chips) 
Seat 2: elpela2000 ($1.94 in chips) 
Seat 3: amataco1 ($1.59 in chips) 
Seat 4: Dorex2007 ($1.98 in chips) 
Seat 5: bmwmann8 ($5.89 in chips) 
Seat 6: mataski ($1.68 in chips) 
Seat 7: tokyojoe90 ($2.35 in chips) 
Seat 8: Dei Filius ($1.53 in chips) 
Seat 9: boy_poker76 ($6.98 in chips) 
Dorex2007: posts small blind $0.01
bmwmann8: posts big blind $0.02
*** HOLE CARDS ***
Dealt to Dorex2007 [As Qh]
mataski: folds 
tokyojoe90: folds 
Dei Filius: folds 
boy_poker76: raises $0.05 to $0.07
maral567: folds 
elpela2000: folds 
amataco1: folds 
Dorex2007: calls $0.06
bmwmann8: folds 
*** FLOP *** [5h Kd Qc]
Dorex2007: checks 
boy_poker76: bets $0.08
Dorex2007: raises $0.12 to $0.20
boy_poker76: calls $0.12
*** TURN *** [5h Kd Qc] [Qd]
Dorex2007: checks 
boy_poker76: checks 
*** RIVER *** [5h Kd Qc Qd] [5d]
Dorex2007: bets $0.54
boy_poker76: folds 
Uncalled bet ($0.54) returned to Dorex2007
Dorex2007 collected $0.54 from pot
Dorex2007: doesn't show hand 
*** SUMMARY ***
Total pot $0.56 | Rake $0.02 
Board [5h Kd Qc Qd 5d]
Seat 1: maral567 folded before Flop (didn't bet)
Seat 2: elpela2000 folded before Flop (didn't bet)
Seat 3: amataco1 (button) folded before Flop (didn't bet)
Seat 4: Dorex2007 (small blind) collected ($0.54)
Seat 5: bmwmann8 (big blind) folded before Flop
Seat 6: mataski folded before Flop (didn't bet)
Seat 7: tokyojoe90 folded before Flop (didn't bet)
Seat 8: Dei Filius folded before Flop (didn't bet)
Seat 9: boy_poker76 folded on the River



PokerStars Hand #226761672318:  Hold'em No Limit ($0.01/$0.02 USD) - 2021/05/14 16:06:00 PT [2021/05/14 19:06:00 ET]
Table 'Elephenor II' 9-max Seat #4 is the button
Seat 1: maral567 ($1.96 in chips) 
Seat 2: elpela2000 ($1.94 in chips) 
Seat 3: amataco1 ($1.59 in chips) 
Seat 4: Dorex2007 ($2.25 in chips) 
Seat 5: bmwmann8 ($5.87 in chips) 
Seat 6: mataski ($1.68 in chips) 
Seat 7: tokyojoe90 ($2.35 in chips) 
Seat 8: Dei Filius ($1.53 in chips) 
Seat 9: boy_poker76 ($6.71 in chips) 
bmwmann8: posts small blind $0.01
mataski: posts big blind $0.02
*** HOLE CARDS ***
Dealt to Dorex2007 [4c 6c]
tokyojoe90: folds 
tokyojoe90 leaves the table
Dei Filius: folds 
boy_poker76: folds 
maral567: folds 
elpela2000: folds 
amataco1: calls $0.02
Dorex2007: folds 
bmwmann8: folds 
mataski: checks 
*** FLOP *** [9s Kc Jd]
mataski: checks 
amataco1: checks 
*** TURN *** [9s Kc Jd] [7d]
mataski: bets $0.02
amataco1: calls $0.02
*** RIVER *** [9s Kc Jd 7d] [8s]
mataski: bets $0.09
amataco1: calls $0.09
*** SHOW DOWN ***
mataski: shows [9h Js] (two pair, Jacks and Nines)
amataco1: shows [7h Kh] (two pair, Kings and Sevens)
amataco1 collected $0.26 from pot
*** SUMMARY ***
Total pot $0.27 | Rake $0.01 
Board [9s Kc Jd 7d 8s]
Seat 1: maral567 folded before Flop (didn't bet)
Seat 2: elpela2000 folded before Flop (didn't bet)
Seat 3: amataco1 showed [7h Kh] and won ($0.26) with two pair, Kings and Sevens
Seat 4: Dorex2007 (button) folded before Flop (didn't bet)
Seat 5: bmwmann8 (small blind) folded before Flop
Seat 6: mataski (big blind) showed [9h Js] and lost with two pair, Jacks and Nines
Seat 7: tokyojoe90 folded before Flop (didn't bet)
Seat 8: Dei Filius folded before Flop (didn't bet)
Seat 9: boy_poker76 folded before Flop (didn't bet)



PokerStars Hand #226761695935:  Hold'em No Limit ($0.01/$0.02 USD) - 2021/05/14 16:06:49 PT [2021/05/14 19:06:49 ET]
Table 'Elephenor II' 9-max Seat #5 is the button
Seat 1: maral567 ($1.96 in chips) 
Seat 2: elpela2000 ($1.94 in chips) 
Seat 3: amataco1 ($1.72 in chips) 
Seat 4: Dorex2007 ($2.25 in chips) 
Seat 5: bmwmann8 ($5.86 in chips) 
Seat 6: mataski ($1.55 in chips) 
Seat 8: Dei Filius ($1.53 in chips) 
Seat 9: boy_poker76 ($6.71 in chips) 
mataski: posts small blind $0.01
Dei Filius: posts big blind $0.02
*** HOLE CARDS ***
Dealt to Dorex2007 [9s 2d]
boy_poker76: folds 
maral567: folds 
elpela2000: folds 
amataco1: folds 
Dorex2007: folds 
bmwmann8: calls $0.02
mataski: folds 
Dei Filius: checks 
*** FLOP *** [7d 8d Jd]
Dei Filius: checks 
bmwmann8: checks 
*** TURN *** [7d 8d Jd] [Js]
Dei Filius: bets $0.02
bmwmann8: calls $0.02
*** RIVER *** [7d 8d Jd Js] [Qs]
Dei Filius: bets $0.02
bmwmann8: calls $0.02
*** SHOW DOWN ***
Dei Filius: shows [4s Jc] (three of a kind, Jacks)
bmwmann8: mucks hand 
Dei Filius collected $0.13 from pot
*** SUMMARY ***
Total pot $0.13 | Rake $0 
Board [7d 8d Jd Js Qs]
Seat 1: maral567 folded before Flop (didn't bet)
Seat 2: elpela2000 folded before Flop (didn't bet)
Seat 3: amataco1 folded before Flop (didn't bet)
Seat 4: Dorex2007 folded before Flop (didn't bet)
Seat 5: bmwmann8 (button) mucked [7s Ks]
Seat 6: mataski (small blind) folded before Flop
Seat 8: Dei Filius (big blind) showed [4s Jc] and won ($0.13) with three of a kind, Jacks
Seat 9: boy_poker76 folded before Flop (didn't bet)



PokerStars Hand #226761715181:  Hold'em No Limit ($0.01/$0.02 USD) - 2021/05/14 16:07:35 PT [2021/05/14 19:07:35 ET]
Table 'Elephenor II' 9-max Seat #6 is the button
Seat 1: maral567 ($1.96 in chips) 
Seat 2: elpela2000 ($1.94 in chips) 
Seat 3: amataco1 ($1.72 in chips) 
Seat 4: Dorex2007 ($2.25 in chips) 
Seat 5: bmwmann8 ($5.80 in chips) 
Seat 6: mataski ($1.54 in chips) 
Seat 8: Dei Filius ($1.60 in chips) 
Seat 9: boy_poker76 ($6.71 in chips) 
Dei Filius: posts small blind $0.01
boy_poker76: posts big blind $0.02
*** HOLE CARDS ***
Dealt to Dorex2007 [2d 5s]
maral567: folds 
elpela2000: folds 
amataco1: calls $0.02
Dorex2007: folds 
bmwmann8: calls $0.02
mataski: folds 
77Thiago77 joins the table at seat #7 
Dei Filius: calls $0.01
boy_poker76: checks 
*** FLOP *** [Jd 4s 6h]
Dei Filius: checks 
boy_poker76: checks 
amataco1: checks 
bmwmann8: bets $0.02
Dei Filius: folds 
boy_poker76: calls $0.02
amataco1: calls $0.02
*** TURN *** [Jd 4s 6h] [2h]
boy_poker76: checks 
amataco1: checks 
bmwmann8: bets $0.06
boy_poker76: calls $0.06
amataco1: folds 
*** RIVER *** [Jd 4s 6h 2h] [Td]
boy_poker76: checks 
bmwmann8: checks 
*** SHOW DOWN ***
boy_poker76: shows [6d Ad] (a pair of Sixes)
bmwmann8: mucks hand 
boy_poker76 collected $0.25 from pot
*** SUMMARY ***
Total pot $0.26 | Rake $0.01 
Board [Jd 4s 6h 2h Td]
Seat 1: maral567 folded before Flop (didn't bet)
Seat 2: elpela2000 folded before Flop (didn't bet)
Seat 3: amataco1 folded on the Turn
Seat 4: Dorex2007 folded before Flop (didn't bet)
Seat 5: bmwmann8 mucked [8s 6s]
Seat 6: mataski (button) folded before Flop (didn't bet)
Seat 8: Dei Filius (small blind) folded on the Flop
Seat 9: boy_poker76 (big blind) showed [6d Ad] and won ($0.25) with a pair of Sixes



PokerStars Hand #226761747477:  Hold'em No Limit ($0.01/$0.02 USD) - 2021/05/14 16:08:52 PT [2021/05/14 19:08:52 ET]
Table 'Elephenor II' 9-max Seat #8 is the button
Seat 1: maral567 ($1.96 in chips) 
Seat 2: elpela2000 ($1.94 in chips) 
Seat 3: amataco1 ($1.68 in chips) 
Seat 4: Dorex2007 ($2.25 in chips) 
Seat 5: bmwmann8 ($5.70 in chips) 
Seat 6: mataski ($1.54 in chips) 
Seat 7: 77Thiago77 ($1 in chips) 
Seat 8: Dei Filius ($1.58 in chips) 
Seat 9: boy_poker76 ($6.86 in chips) 
boy_poker76: posts small blind $0.01
maral567: posts big blind $0.02
77Thiago77: posts big blind $0.02
*** HOLE CARDS ***
Dealt to Dorex2007 [7c 8d]
elpela2000: raises $0.04 to $0.06
amataco1: calls $0.06
Dorex2007: folds 
bmwmann8: folds 
mataski: folds 
77Thiago77: raises $0.12 to $0.18
Dei Filius: folds 
boy_poker76: folds 
maral567: folds 
elpela2000: calls $0.12
amataco1: folds 
*** FLOP *** [Js 6s Ts]
elpela2000: checks 
77Thiago77: bets $0.22
elpela2000: folds 
Uncalled bet ($0.22) returned to 77Thiago77
77Thiago77 collected $0.43 from pot
*** SUMMARY ***
Total pot $0.45 | Rake $0.02 
Board [Js 6s Ts]
Seat 1: maral567 (big blind) folded before Flop
Seat 2: elpela2000 folded on the Flop
Seat 3: amataco1 folded before Flop
Seat 4: Dorex2007 folded before Flop (didn't bet)
Seat 5: bmwmann8 folded before Flop (didn't bet)
Seat 6: mataski folded before Flop (didn't bet)
Seat 7: 77Thiago77 collected ($0.43)
Seat 8: Dei Filius (button) folded before Flop (didn't bet)
Seat 9: boy_poker76 (small blind) folded before Flop



PokerStars Hand #226761772380:  Hold'em No Limit ($0.01/$0.02 USD) - 2021/05/14 16:09:52 PT [2021/05/14 19:09:52 ET]
Table 'Elephenor II' 9-max Seat #9 is the button
Seat 1: maral567 ($1.94 in chips) 
Seat 2: elpela2000 ($1.76 in chips) 
Seat 3: amataco1 ($1.62 in chips) 
Seat 4: Dorex2007 ($2.25 in chips) 
Seat 6: mataski ($1.54 in chips) 
Seat 7: 77Thiago77 ($1.25 in chips) 
Seat 8: Dei Filius ($1.58 in chips) 
Seat 9: boy_poker76 ($6.85 in chips) 
maral567: posts small blind $0.01
elpela2000: posts big blind $0.02
*** HOLE CARDS ***
Dealt to Dorex2007 [Kd Kc]
amataco1: folds 
Dorex2007: raises $0.04 to $0.06
mataski: folds 
77Thiago77: folds 
Dei Filius: folds 
boy_poker76: folds 
maral567: calls $0.05
elpela2000: folds 
*** FLOP *** [4d Tc 9d]
maral567: checks 
Dorex2007: bets $0.14
maral567: calls $0.14
*** TURN *** [4d Tc 9d] [9c]
maral567: checks 
Dorex2007: checks 
*** RIVER *** [4d Tc 9d 9c] [9s]
maral567: checks 
Dorex2007: bets $0.41
maral567: folds 
Uncalled bet ($0.41) returned to Dorex2007
Dorex2007 collected $0.41 from pot
Dorex2007: doesn't show hand 
*** SUMMARY ***
Total pot $0.42 | Rake $0.01 
Board [4d Tc 9d 9c 9s]
Seat 1: maral567 (small blind) folded on the River
Seat 2: elpela2000 (big blind) folded before Flop
Seat 3: amataco1 folded before Flop (didn't bet)
Seat 4: Dorex2007 collected ($0.41)
Seat 6: mataski folded before Flop (didn't bet)
Seat 7: 77Thiago77 folded before Flop (didn't bet)
Seat 8: Dei Filius folded before Flop (didn't bet)
Seat 9: boy_poker76 (button) folded before Flop (didn't bet)



PokerStars Hand #226761794807:  Hold'em No Limit ($0.01/$0.02 USD) - 2021/05/14 16:10:46 PT [2021/05/14 19:10:46 ET]
Table 'Elephenor II' 9-max Seat #1 is the button
Seat 1: maral567 ($1.74 in chips) 
Seat 2: elpela2000 ($1.74 in chips) 
Seat 3: amataco1 ($1.62 in chips) 
Seat 4: Dorex2007 ($2.46 in chips) 
Seat 6: mataski ($1.54 in chips) 
Seat 7: 77Thiago77 ($1.25 in chips) 
Seat 8: Dei Filius ($1.58 in chips) 
Seat 9: boy_poker76 ($6.85 in chips) 
elpela2000: posts small blind $0.01
amataco1: posts big blind $0.02
*** HOLE CARDS ***
Dealt to Dorex2007 [7h Kd]
Dorex2007: folds 
mataski: folds 
77Thiago77: raises $0.02 to $0.04
Dei Filius: folds 
boy_poker76: folds 
maral567: folds 
elpela2000: raises $0.02 to $0.06
amataco1: folds 
77Thiago77: calls $0.02
*** FLOP *** [8d 8s 4s]
elpela2000: checks 
77Thiago77: checks 
*** TURN *** [8d 8s 4s] [Kc]
elpela2000: checks 
77Thiago77: bets $0.07
elpela2000: folds 
Uncalled bet ($0.07) returned to 77Thiago77
77Thiago77 collected $0.14 from pot
*** SUMMARY ***
Total pot $0.14 | Rake $0 
Board [8d 8s 4s Kc]
Seat 1: maral567 (button) folded before Flop (didn't bet)
Seat 2: elpela2000 (small blind) folded on the Turn
Seat 3: amataco1 (big blind) folded before Flop
Seat 4: Dorex2007 folded before Flop (didn't bet)
Seat 6: mataski folded before Flop (didn't bet)
Seat 7: 77Thiago77 collected ($0.14)
Seat 8: Dei Filius folded before Flop (didn't bet)
Seat 9: boy_poker76 folded before Flop (didn't bet)



