PokerStars Hand #238018561655:  Hold'em No Limit ($0.05/$0.10 USD) - 2022/08/15 21:00:17 PT [2022/08/16 0:00:17 ET]
Table 'Vanadis III' 9-max Seat #6 is the button
Seat 1: fantom20620 ($10 in chips) 
Seat 2: Kironen ($4 in chips) 
Seat 3: rake23 ($10.41 in chips) 
Seat 5: miamigreen ($13.73 in chips) 
Seat 6: Count Mole ($10.11 in chips) 
Seat 7: scott m22 ($13.14 in chips) 
Seat 8: Ryan_Lap ($10.51 in chips) 
Seat 9: Dorex2007 ($14.16 in chips) 
scott m22: posts small blind $0.05
Ryan_Lap: posts big blind $0.10
Kironen: posts big blind $0.10
*** HOLE CARDS ***
Dealt to Dorex2007 [2s 3s]
Dorex2007: folds 
fantom20620: folds 
Kironen: checks 
rake23: folds 
miamigreen: raises $0.30 to $0.40
Count Mole: raises $0.80 to $1.20
scott m22: folds 
coltyboy27 joins the table at seat #4 
Ryan_Lap: folds 
Kironen: folds 
miamigreen: folds 
Uncalled bet ($0.80) returned to Count Mole
Count Mole collected $1.05 from pot
Count Mole: doesn't show hand 
*** SUMMARY ***
Total pot $1.05 | Rake $0 
Seat 1: fantom20620 folded before Flop (didn't bet)
Seat 2: Kironen folded before Flop (didn't bet)
Seat 3: rake23 folded before Flop (didn't bet)
Seat 5: miamigreen folded before Flop
Seat 6: Count Mole (button) collected ($1.05)
Seat 7: scott m22 (small blind) folded before Flop
Seat 8: Ryan_Lap (big blind) folded before Flop
Seat 9: Dorex2007 folded before Flop (didn't bet)



PokerStars Hand #238018567669:  Hold'em No Limit ($0.05/$0.10 USD) - 2022/08/15 21:01:09 PT [2022/08/16 0:01:09 ET]
Table 'Vanadis III' 9-max Seat #7 is the button
Seat 1: fantom20620 ($10 in chips) 
Seat 2: Kironen ($3.90 in chips) 
Seat 3: rake23 ($10.41 in chips) 
Seat 4: coltyboy27 ($10 in chips) 
Seat 5: miamigreen ($13.33 in chips) 
Seat 6: Count Mole ($10.76 in chips) 
Seat 7: scott m22 ($13.09 in chips) 
Seat 8: Ryan_Lap ($10.41 in chips) 
Seat 9: Dorex2007 ($14.16 in chips) 
Ryan_Lap: posts small blind $0.05
Dorex2007: posts big blind $0.10
coltyboy27: posts big blind $0.10
*** HOLE CARDS ***
Dealt to Dorex2007 [Ad 6h]
fantom20620: folds 
Kironen: folds 
rake23: raises $0.20 to $0.30
coltyboy27: folds 
miamigreen: folds 
Count Mole: folds 
scott m22: folds 
Ryan_Lap: folds 
Dorex2007: folds 
Uncalled bet ($0.20) returned to rake23
rake23 collected $0.35 from pot
rake23: doesn't show hand 
*** SUMMARY ***
Total pot $0.35 | Rake $0 
Seat 1: fantom20620 folded before Flop (didn't bet)
Seat 2: Kironen folded before Flop (didn't bet)
Seat 3: rake23 collected ($0.35)
Seat 4: coltyboy27 folded before Flop (didn't bet)
Seat 5: miamigreen folded before Flop (didn't bet)
Seat 6: Count Mole folded before Flop (didn't bet)
Seat 7: scott m22 (button) folded before Flop (didn't bet)
Seat 8: Ryan_Lap (small blind) folded before Flop
Seat 9: Dorex2007 (big blind) folded before Flop



PokerStars Hand #238018569425:  Hold'em No Limit ($0.05/$0.10 USD) - 2022/08/15 21:01:24 PT [2022/08/16 0:01:24 ET]
Table 'Vanadis III' 9-max Seat #8 is the button
Seat 1: fantom20620 ($10 in chips) 
Seat 2: Kironen ($3.90 in chips) 
Seat 3: rake23 ($10.66 in chips) 
Seat 4: coltyboy27 ($9.90 in chips) 
Seat 5: miamigreen ($13.33 in chips) 
Seat 6: Count Mole ($10.76 in chips) 
Seat 7: scott m22 ($13.09 in chips) 
Seat 8: Ryan_Lap ($10.36 in chips) 
Seat 9: Dorex2007 ($14.06 in chips) 
Dorex2007: posts small blind $0.05
fantom20620: posts big blind $0.10
*** HOLE CARDS ***
Dealt to Dorex2007 [7s 7d]
Kironen: folds 
rake23: folds 
coltyboy27: folds 
miamigreen: folds 
Count Mole: folds 
scott m22: folds 
Ryan_Lap: folds 
Dorex2007: calls $0.05
fantom20620: checks 
*** FLOP *** [7c 8s 9d]
Dorex2007: bets $0.13
fantom20620: folds 
Uncalled bet ($0.13) returned to Dorex2007
Dorex2007 collected $0.19 from pot
Dorex2007: doesn't show hand 
*** SUMMARY ***
Total pot $0.20 | Rake $0.01 
Board [7c 8s 9d]
Seat 1: fantom20620 (big blind) folded on the Flop
Seat 2: Kironen folded before Flop (didn't bet)
Seat 3: rake23 folded before Flop (didn't bet)
Seat 4: coltyboy27 folded before Flop (didn't bet)
Seat 5: miamigreen folded before Flop (didn't bet)
Seat 6: Count Mole folded before Flop (didn't bet)
Seat 7: scott m22 folded before Flop (didn't bet)
Seat 8: Ryan_Lap (button) folded before Flop (didn't bet)
Seat 9: Dorex2007 (small blind) collected ($0.19)



PokerStars Hand #238018572344:  Hold'em No Limit ($0.05/$0.10 USD) - 2022/08/15 21:01:46 PT [2022/08/16 0:01:46 ET]
Table 'Vanadis III' 9-max Seat #9 is the button
Seat 1: fantom20620 ($10 in chips) 
Seat 2: Kironen ($3.90 in chips) 
Seat 3: rake23 ($10.66 in chips) 
Seat 4: coltyboy27 ($9.90 in chips) 
Seat 5: miamigreen ($13.33 in chips) 
Seat 6: Count Mole ($10.76 in chips) 
Seat 7: scott m22 ($13.09 in chips) 
Seat 8: Ryan_Lap ($10.36 in chips) 
Seat 9: Dorex2007 ($14.15 in chips) 
fantom20620: posts small blind $0.05
Kironen: posts big blind $0.10
*** HOLE CARDS ***
Dealt to Dorex2007 [5s Kd]
rake23: folds 
coltyboy27: folds 
miamigreen: folds 
Count Mole: folds 
scott m22: raises $0.30 to $0.40
Ryan_Lap: calls $0.40
Dorex2007: folds 
fantom20620: folds 
Kironen: calls $0.30
*** FLOP *** [5d Ts 8s]
Kironen: bets $3.50 and is all-in
scott m22: calls $3.50
Ryan_Lap: folds 
*** TURN *** [5d Ts 8s] [9c]
*** RIVER *** [5d Ts 8s 9c] [2c]
*** SHOW DOWN ***
Kironen: shows [9h 9d] (three of a kind, Nines)
scott m22: shows [Qd Td] (a pair of Tens)
Kironen collected $7.88 from pot
*** SUMMARY ***
Total pot $8.25 | Rake $0.37 
Board [5d Ts 8s 9c 2c]
Seat 1: fantom20620 (small blind) folded before Flop
Seat 2: Kironen (big blind) showed [9h 9d] and won ($7.88) with three of a kind, Nines
Seat 3: rake23 folded before Flop (didn't bet)
Seat 4: coltyboy27 folded before Flop (didn't bet)
Seat 5: miamigreen folded before Flop (didn't bet)
Seat 6: Count Mole folded before Flop (didn't bet)
Seat 7: scott m22 showed [Qd Td] and lost with a pair of Tens
Seat 8: Ryan_Lap folded on the Flop
Seat 9: Dorex2007 (button) folded before Flop (didn't bet)



PokerStars Hand #238018577221:  Hold'em No Limit ($0.05/$0.10 USD) - 2022/08/15 21:02:27 PT [2022/08/16 0:02:27 ET]
Table 'Vanadis III' 9-max Seat #1 is the button
Seat 1: fantom20620 ($10 in chips) 
Seat 2: Kironen ($7.88 in chips) 
Seat 3: rake23 ($10.66 in chips) 
Seat 4: coltyboy27 ($9.90 in chips) 
Seat 6: Count Mole ($10.76 in chips) 
Seat 7: scott m22 ($9.19 in chips) 
Seat 8: Ryan_Lap ($9.96 in chips) 
Seat 9: Dorex2007 ($14.15 in chips) 
Kironen: posts small blind $0.05
rake23: posts big blind $0.10
*** HOLE CARDS ***
Dealt to Dorex2007 [2c Ah]
coltyboy27: folds 
Count Mole: folds 
scott m22: folds 
Ryan_Lap: folds 
Dorex2007: folds 
fantom20620: raises $0.15 to $0.25
Kironen: calls $0.20
rake23: folds 
*** FLOP *** [Jh 7h 4h]
Kironen: checks 
fantom20620: checks 
*** TURN *** [Jh 7h 4h] [Qd]
Kironen: checks 
fantom20620: checks 
*** RIVER *** [Jh 7h 4h Qd] [9d]
Kironen: checks 
fantom20620: checks 
*** SHOW DOWN ***
Kironen: shows [9h 6s] (a pair of Nines)
fantom20620: mucks hand 
Kironen collected $0.57 from pot
*** SUMMARY ***
Total pot $0.60 | Rake $0.03 
Board [Jh 7h 4h Qd 9d]
Seat 1: fantom20620 (button) mucked [7s Ac]
Seat 2: Kironen (small blind) showed [9h 6s] and won ($0.57) with a pair of Nines
Seat 3: rake23 (big blind) folded before Flop
Seat 4: coltyboy27 folded before Flop (didn't bet)
Seat 6: Count Mole folded before Flop (didn't bet)
Seat 7: scott m22 folded before Flop (didn't bet)
Seat 8: Ryan_Lap folded before Flop (didn't bet)
Seat 9: Dorex2007 folded before Flop (didn't bet)



PokerStars Hand #238018581901:  Hold'em No Limit ($0.05/$0.10 USD) - 2022/08/15 21:03:04 PT [2022/08/16 0:03:04 ET]
Table 'Vanadis III' 9-max Seat #2 is the button
Seat 1: fantom20620 ($10 in chips) 
Seat 2: Kironen ($8.20 in chips) 
Seat 3: rake23 ($10.56 in chips) 
Seat 4: coltyboy27 ($9.90 in chips) 
Seat 6: Count Mole ($10.76 in chips) 
Seat 7: scott m22 ($9.19 in chips) 
Seat 8: Ryan_Lap ($9.96 in chips) 
Seat 9: Dorex2007 ($14.15 in chips) 
rake23: posts small blind $0.05
coltyboy27: posts big blind $0.10
*** HOLE CARDS ***
Dealt to Dorex2007 [6h 9h]
Count Mole: folds 
scott m22: calls $0.10
Ryan_Lap is disconnected 
Ryan_Lap has timed out while being disconnected
Ryan_Lap: folds 
Dorex2007: folds 
fantom20620: folds 
Kironen: calls $0.10
rake23: folds 
coltyboy27: checks 
*** FLOP *** [8d 4d 9c]
coltyboy27: checks 
scott m22: bets $0.26
Kironen: folds 
coltyboy27: folds 
Uncalled bet ($0.26) returned to scott m22
scott m22 collected $0.33 from pot
*** SUMMARY ***
Total pot $0.35 | Rake $0.02 
Board [8d 4d 9c]
Seat 1: fantom20620 folded before Flop (didn't bet)
Seat 2: Kironen (button) folded on the Flop
Seat 3: rake23 (small blind) folded before Flop
Seat 4: coltyboy27 (big blind) folded on the Flop
Seat 6: Count Mole folded before Flop (didn't bet)
Seat 7: scott m22 collected ($0.33)
Seat 8: Ryan_Lap folded before Flop (didn't bet)
Seat 9: Dorex2007 folded before Flop (didn't bet)



PokerStars Hand #238018591448:  Hold'em No Limit ($0.05/$0.10 USD) - 2022/08/15 21:04:22 PT [2022/08/16 0:04:22 ET]
Table 'Vanadis III' 9-max Seat #3 is the button
Seat 1: fantom20620 ($10 in chips) 
Seat 2: Kironen ($8.10 in chips) 
Seat 3: rake23 ($10.51 in chips) 
Seat 4: coltyboy27 ($9.80 in chips) 
Seat 5: miamigreen ($13.33 in chips) 
Seat 6: Count Mole ($10.76 in chips) 
Seat 7: scott m22 ($9.42 in chips) 
Seat 9: Dorex2007 ($14.15 in chips) 
coltyboy27: posts small blind $0.05
miamigreen: posts big blind $0.10
*** HOLE CARDS ***
Dealt to Dorex2007 [Jd 7s]
Count Mole: folds 
scott m22: folds 
Dorex2007: folds 
fantom20620: folds 
Kironen: calls $0.10
rake23: folds 
coltyboy27: calls $0.05
miamigreen: checks 
*** FLOP *** [2s 9c 7d]
coltyboy27: bets $0.10
miamigreen: folds 
Kironen: calls $0.10
*** TURN *** [2s 9c 7d] [As]
coltyboy27: bets $0.24
Kironen: calls $0.24
*** RIVER *** [2s 9c 7d As] [6d]
coltyboy27: checks 
Kironen: bets $0.94
coltyboy27: calls $0.94
*** SHOW DOWN ***
Kironen: shows [6s 9h] (two pair, Nines and Sixes)
coltyboy27: mucks hand 
Kironen collected $2.73 from pot
*** SUMMARY ***
Total pot $2.86 | Rake $0.13 
Board [2s 9c 7d As 6d]
Seat 1: fantom20620 folded before Flop (didn't bet)
Seat 2: Kironen showed [6s 9h] and won ($2.73) with two pair, Nines and Sixes
Seat 3: rake23 (button) folded before Flop (didn't bet)
Seat 4: coltyboy27 (small blind) mucked [9s 3s]
Seat 5: miamigreen (big blind) folded on the Flop
Seat 6: Count Mole folded before Flop (didn't bet)
Seat 7: scott m22 folded before Flop (didn't bet)
Seat 9: Dorex2007 folded before Flop (didn't bet)



PokerStars Hand #238018599929:  Hold'em No Limit ($0.05/$0.10 USD) - 2022/08/15 21:05:30 PT [2022/08/16 0:05:30 ET]
Table 'Vanadis III' 9-max Seat #4 is the button
Seat 1: fantom20620 ($10 in chips) 
Seat 2: Kironen ($9.45 in chips) 
Seat 3: rake23 ($10.51 in chips) 
Seat 4: coltyboy27 ($8.42 in chips) 
Seat 5: miamigreen ($13.23 in chips) 
Seat 6: Count Mole ($10.76 in chips) 
Seat 7: scott m22 ($9.42 in chips) 
Seat 9: Dorex2007 ($14.15 in chips) 
miamigreen: posts small blind $0.05
Count Mole: posts big blind $0.10
*** HOLE CARDS ***
Dealt to Dorex2007 [6h 5s]
scott m22: calls $0.10
Dorex2007: folds 
fantom20620: raises $0.30 to $0.40
Kironen: folds 
rake23: folds 
coltyboy27: folds 
miamigreen: folds 
Count Mole: folds 
scott m22: calls $0.30
*** FLOP *** [5c Kc Js]
scott m22: checks 
fantom20620: bets $0.72
scott m22: folds 
Uncalled bet ($0.72) returned to fantom20620
fantom20620 collected $0.91 from pot
fantom20620: doesn't show hand 
*** SUMMARY ***
Total pot $0.95 | Rake $0.04 
Board [5c Kc Js]
Seat 1: fantom20620 collected ($0.91)
Seat 2: Kironen folded before Flop (didn't bet)
Seat 3: rake23 folded before Flop (didn't bet)
Seat 4: coltyboy27 (button) folded before Flop (didn't bet)
Seat 5: miamigreen (small blind) folded before Flop
Seat 6: Count Mole (big blind) folded before Flop
Seat 7: scott m22 folded on the Flop
Seat 9: Dorex2007 folded before Flop (didn't bet)



PokerStars Hand #238018604818:  Hold'em No Limit ($0.05/$0.10 USD) - 2022/08/15 21:06:10 PT [2022/08/16 0:06:10 ET]
Table 'Vanadis III' 9-max Seat #5 is the button
Seat 1: fantom20620 ($10.51 in chips) 
Seat 2: Kironen ($9.45 in chips) 
Seat 3: rake23 ($10.51 in chips) 
Seat 4: coltyboy27 ($8.42 in chips) 
Seat 5: miamigreen ($13.18 in chips) 
Seat 6: Count Mole ($10.66 in chips) 
Seat 7: scott m22 ($9.02 in chips) 
Seat 9: Dorex2007 ($14.15 in chips) 
Count Mole: posts small blind $0.05
scott m22: posts big blind $0.10
*** HOLE CARDS ***
Dealt to Dorex2007 [4d 4h]
Dorex2007: calls $0.10
fantom20620: folds 
Kironen: calls $0.10
rake23: folds 
coltyboy27: folds 
miamigreen: folds 
Count Mole: folds 
scott m22: checks 
*** FLOP *** [Ah Jc 3d]
scott m22: checks 
Dorex2007: checks 
Kironen: checks 
*** TURN *** [Ah Jc 3d] [Kc]
scott m22: bets $0.26
Dorex2007: folds 
Kironen: calls $0.26
*** RIVER *** [Ah Jc 3d Kc] [6h]
scott m22: bets $0.51
Kironen: folds 
Uncalled bet ($0.51) returned to scott m22
scott m22 collected $0.83 from pot
*** SUMMARY ***
Total pot $0.87 | Rake $0.04 
Board [Ah Jc 3d Kc 6h]
Seat 1: fantom20620 folded before Flop (didn't bet)
Seat 2: Kironen folded on the River
Seat 3: rake23 folded before Flop (didn't bet)
Seat 4: coltyboy27 folded before Flop (didn't bet)
Seat 5: miamigreen (button) folded before Flop (didn't bet)
Seat 6: Count Mole (small blind) folded before Flop
Seat 7: scott m22 (big blind) collected ($0.83)
Seat 9: Dorex2007 folded on the Turn



PokerStars Hand #238018612346:  Hold'em No Limit ($0.05/$0.10 USD) - 2022/08/15 21:07:12 PT [2022/08/16 0:07:12 ET]
Table 'Vanadis III' 9-max Seat #6 is the button
Seat 1: fantom20620 ($10.51 in chips) 
Seat 2: Kironen ($9.09 in chips) 
Seat 3: rake23 ($10.51 in chips) 
Seat 4: coltyboy27 ($8.42 in chips) 
Seat 5: miamigreen ($13.18 in chips) 
Seat 6: Count Mole ($10.61 in chips) 
Seat 7: scott m22 ($9.49 in chips) 
Seat 9: Dorex2007 ($14.05 in chips) 
scott m22: posts small blind $0.05
Dorex2007: posts big blind $0.10
*** HOLE CARDS ***
Dealt to Dorex2007 [7c 2d]
fantom20620: folds 
Kironen: calls $0.10
rake23: folds 
coltyboy27: raises $0.20 to $0.30
miamigreen: folds 
Count Mole: folds 
scott m22: folds 
Dorex2007: folds 
Kironen: calls $0.20
*** FLOP *** [Ts 2s 9c]
Kironen: checks 
coltyboy27: checks 
*** TURN *** [Ts 2s 9c] [7s]
Kironen: checks 
coltyboy27: checks 
*** RIVER *** [Ts 2s 9c 7s] [7h]
Kironen: checks 
coltyboy27: checks 
*** SHOW DOWN ***
Kironen: shows [Qc Tc] (two pair, Tens and Sevens)
coltyboy27: mucks hand 
Kironen collected $0.72 from pot
*** SUMMARY ***
Total pot $0.75 | Rake $0.03 
Board [Ts 2s 9c 7s 7h]
Seat 1: fantom20620 folded before Flop (didn't bet)
Seat 2: Kironen showed [Qc Tc] and won ($0.72) with two pair, Tens and Sevens
Seat 3: rake23 folded before Flop (didn't bet)
Seat 4: coltyboy27 mucked [Js Ad]
Seat 5: miamigreen folded before Flop (didn't bet)
Seat 6: Count Mole (button) folded before Flop (didn't bet)
Seat 7: scott m22 (small blind) folded before Flop
Seat 9: Dorex2007 (big blind) folded before Flop



PokerStars Hand #238018618225:  Hold'em No Limit ($0.05/$0.10 USD) - 2022/08/15 21:08:00 PT [2022/08/16 0:08:00 ET]
Table 'Vanadis III' 9-max Seat #7 is the button
Seat 1: fantom20620 ($10.51 in chips) 
Seat 2: Kironen ($9.51 in chips) 
Seat 3: rake23 ($10.51 in chips) 
Seat 4: coltyboy27 ($8.12 in chips) 
Seat 5: miamigreen ($13.18 in chips) 
Seat 6: Count Mole ($10.61 in chips) 
Seat 7: scott m22 ($9.44 in chips) 
Seat 9: Dorex2007 ($13.95 in chips) 
Dorex2007: posts small blind $0.05
fantom20620: posts big blind $0.10
*** HOLE CARDS ***
Dealt to Dorex2007 [8s 7s]
Kironen: folds 
rake23: folds 
coltyboy27: folds 
miamigreen: raises $0.13 to $0.23
Count Mole: folds 
scott m22: folds 
Dorex2007: folds 
fantom20620: folds 
Uncalled bet ($0.13) returned to miamigreen
miamigreen collected $0.25 from pot
miamigreen: doesn't show hand 
*** SUMMARY ***
Total pot $0.25 | Rake $0 
Seat 1: fantom20620 (big blind) folded before Flop
Seat 2: Kironen folded before Flop (didn't bet)
Seat 3: rake23 folded before Flop (didn't bet)
Seat 4: coltyboy27 folded before Flop (didn't bet)
Seat 5: miamigreen collected ($0.25)
Seat 6: Count Mole folded before Flop (didn't bet)
Seat 7: scott m22 (button) folded before Flop (didn't bet)
Seat 9: Dorex2007 (small blind) folded before Flop



PokerStars Hand #238018620816:  Hold'em No Limit ($0.05/$0.10 USD) - 2022/08/15 21:08:21 PT [2022/08/16 0:08:21 ET]
Table 'Vanadis III' 9-max Seat #9 is the button
Seat 1: fantom20620 ($10.41 in chips) 
Seat 2: Kironen ($9.51 in chips) 
Seat 3: rake23 ($10.51 in chips) 
Seat 4: coltyboy27 ($8.12 in chips) 
Seat 5: miamigreen ($13.33 in chips) 
Seat 6: Count Mole ($10.61 in chips) 
Seat 7: scott m22 ($9.44 in chips) 
Seat 9: Dorex2007 ($13.90 in chips) 
fantom20620: posts small blind $0.05
Kironen: posts big blind $0.10
*** HOLE CARDS ***
Dealt to Dorex2007 [Kh 4c]
rake23: folds 
coltyboy27: folds 
miamigreen: folds 
Count Mole: folds 
scott m22: folds 
Dorex2007: folds 
fantom20620: folds 
Uncalled bet ($0.05) returned to Kironen
Kironen collected $0.10 from pot
*** SUMMARY ***
Total pot $0.10 | Rake $0 
Seat 1: fantom20620 (small blind) folded before Flop
Seat 2: Kironen (big blind) collected ($0.10)
Seat 3: rake23 folded before Flop (didn't bet)
Seat 4: coltyboy27 folded before Flop (didn't bet)
Seat 5: miamigreen folded before Flop (didn't bet)
Seat 6: Count Mole folded before Flop (didn't bet)
Seat 7: scott m22 folded before Flop (didn't bet)
Seat 9: Dorex2007 (button) folded before Flop (didn't bet)



PokerStars Hand #238018622522:  Hold'em No Limit ($0.05/$0.10 USD) - 2022/08/15 21:08:35 PT [2022/08/16 0:08:35 ET]
Table 'Vanadis III' 9-max Seat #1 is the button
Seat 1: fantom20620 ($10.36 in chips) 
Seat 2: Kironen ($9.56 in chips) 
Seat 3: rake23 ($10.51 in chips) 
Seat 4: coltyboy27 ($8.12 in chips) 
Seat 5: miamigreen ($13.33 in chips) 
Seat 6: Count Mole ($10.61 in chips) 
Seat 7: scott m22 ($9.44 in chips) 
Seat 9: Dorex2007 ($13.90 in chips) 
Kironen: posts small blind $0.05
rake23: posts big blind $0.10
*** HOLE CARDS ***
Dealt to Dorex2007 [Qd Jc]
coltyboy27: raises $0.20 to $0.30
miamigreen: folds 
Count Mole: folds 
scott m22: calls $0.30
Dorex2007: folds 
fantom20620: folds 
Kironen: calls $0.25
rake23: folds 
*** FLOP *** [Kd As 3h]
Kironen: checks 
coltyboy27: bets $0.30
scott m22: folds 
Kironen: folds 
Uncalled bet ($0.30) returned to coltyboy27
coltyboy27 collected $0.96 from pot
*** SUMMARY ***
Total pot $1 | Rake $0.04 
Board [Kd As 3h]
Seat 1: fantom20620 (button) folded before Flop (didn't bet)
Seat 2: Kironen (small blind) folded on the Flop
Seat 3: rake23 (big blind) folded before Flop
Seat 4: coltyboy27 collected ($0.96)
Seat 5: miamigreen folded before Flop (didn't bet)
Seat 6: Count Mole folded before Flop (didn't bet)
Seat 7: scott m22 folded on the Flop
Seat 9: Dorex2007 folded before Flop (didn't bet)



PokerStars Hand #238018626756:  Hold'em No Limit ($0.05/$0.10 USD) - 2022/08/15 21:09:11 PT [2022/08/16 0:09:11 ET]
Table 'Vanadis III' 9-max Seat #2 is the button
Seat 1: fantom20620 ($10.36 in chips) 
Seat 2: Kironen ($9.26 in chips) 
Seat 3: rake23 ($10.41 in chips) 
Seat 4: coltyboy27 ($8.78 in chips) 
Seat 5: miamigreen ($13.33 in chips) 
Seat 6: Count Mole ($10.61 in chips) 
Seat 7: scott m22 ($9.14 in chips) 
Seat 9: Dorex2007 ($13.90 in chips) 
rake23: posts small blind $0.05
coltyboy27: posts big blind $0.10
*** HOLE CARDS ***
Dealt to Dorex2007 [2h 3h]
miamigreen: folds 
Count Mole: folds 
scott m22: folds 
Dorex2007: folds 
fantom20620: folds 
Kironen: folds 
rake23: folds 
Uncalled bet ($0.05) returned to coltyboy27
coltyboy27 collected $0.10 from pot
*** SUMMARY ***
Total pot $0.10 | Rake $0 
Seat 1: fantom20620 folded before Flop (didn't bet)
Seat 2: Kironen (button) folded before Flop (didn't bet)
Seat 3: rake23 (small blind) folded before Flop
Seat 4: coltyboy27 (big blind) collected ($0.10)
Seat 5: miamigreen folded before Flop (didn't bet)
Seat 6: Count Mole folded before Flop (didn't bet)
Seat 7: scott m22 folded before Flop (didn't bet)
Seat 9: Dorex2007 folded before Flop (didn't bet)



PokerStars Hand #238018628007:  Hold'em No Limit ($0.05/$0.10 USD) - 2022/08/15 21:09:21 PT [2022/08/16 0:09:21 ET]
Table 'Vanadis III' 9-max Seat #3 is the button
Seat 1: fantom20620 ($10.36 in chips) 
Seat 2: Kironen ($9.26 in chips) 
Seat 3: rake23 ($10.36 in chips) 
Seat 4: coltyboy27 ($8.83 in chips) 
Seat 5: miamigreen ($13.33 in chips) 
Seat 6: Count Mole ($10.61 in chips) 
Seat 7: scott m22 ($9.14 in chips) 
Seat 9: Dorex2007 ($13.90 in chips) 
coltyboy27: posts small blind $0.05
miamigreen: posts big blind $0.10
*** HOLE CARDS ***
Dealt to Dorex2007 [2s Jc]
Count Mole: folds 
scott m22: folds 
Dorex2007: folds 
fantom20620: folds 
Kironen: calls $0.10
rake23: folds 
coltyboy27: calls $0.05
miamigreen: checks 
*** FLOP *** [9c Ks 6s]
coltyboy27: checks 
miamigreen: checks 
Kironen: bets $0.10
coltyboy27: folds 
miamigreen: folds 
Uncalled bet ($0.10) returned to Kironen
Kironen collected $0.29 from pot
*** SUMMARY ***
Total pot $0.30 | Rake $0.01 
Board [9c Ks 6s]
Seat 1: fantom20620 folded before Flop (didn't bet)
Seat 2: Kironen collected ($0.29)
Seat 3: rake23 (button) folded before Flop (didn't bet)
Seat 4: coltyboy27 (small blind) folded on the Flop
Seat 5: miamigreen (big blind) folded on the Flop
Seat 6: Count Mole folded before Flop (didn't bet)
Seat 7: scott m22 folded before Flop (didn't bet)
Seat 9: Dorex2007 folded before Flop (didn't bet)



PokerStars Hand #238018632040:  Hold'em No Limit ($0.05/$0.10 USD) - 2022/08/15 21:09:55 PT [2022/08/16 0:09:55 ET]
Table 'Vanadis III' 9-max Seat #4 is the button
Seat 1: fantom20620 ($10.36 in chips) 
Seat 2: Kironen ($9.45 in chips) 
Seat 3: rake23 ($10.36 in chips) 
Seat 4: coltyboy27 ($8.73 in chips) 
Seat 5: miamigreen ($13.23 in chips) 
Seat 6: Count Mole ($10.61 in chips) 
Seat 7: scott m22 ($9.14 in chips) 
Seat 9: Dorex2007 ($13.90 in chips) 
miamigreen: posts small blind $0.05
Count Mole: posts big blind $0.10
*** HOLE CARDS ***
Dealt to Dorex2007 [2c 5s]
scott m22: folds 
Dorex2007: folds 
fantom20620: folds 
Kironen: calls $0.10
rake23: folds 
coltyboy27: raises $0.20 to $0.30
miamigreen: folds 
Count Mole: calls $0.20
Kironen: calls $0.20
*** FLOP *** [5c 9h Kc]
Count Mole: checks 
Kironen: checks 
fantom20620 leaves the table
coltyboy27: bets $0.30
corazzanahue joins the table at seat #1 
Count Mole: folds 
Kironen: calls $0.30
*** TURN *** [5c 9h Kc] [Qc]
Kironen: checks 
coltyboy27: bets $1.20
Kironen: folds 
Uncalled bet ($1.20) returned to coltyboy27
coltyboy27 collected $1.48 from pot
*** SUMMARY ***
Total pot $1.55 | Rake $0.07 
Board [5c 9h Kc Qc]
Seat 1: fantom20620 folded before Flop (didn't bet)
Seat 2: Kironen folded on the Turn
Seat 3: rake23 folded before Flop (didn't bet)
Seat 4: coltyboy27 (button) collected ($1.48)
Seat 5: miamigreen (small blind) folded before Flop
Seat 6: Count Mole (big blind) folded on the Flop
Seat 7: scott m22 folded before Flop (didn't bet)
Seat 9: Dorex2007 folded before Flop (didn't bet)



PokerStars Hand #238018643252:  Hold'em No Limit ($0.05/$0.10 USD) - 2022/08/15 21:11:27 PT [2022/08/16 0:11:27 ET]
Table 'Vanadis III' 9-max Seat #5 is the button
Seat 2: Kironen ($8.85 in chips) 
Seat 3: rake23 ($10.36 in chips) 
Seat 4: coltyboy27 ($9.61 in chips) 
Seat 5: miamigreen ($13.18 in chips) 
Seat 6: Count Mole ($10.31 in chips) 
Seat 7: scott m22 ($9.14 in chips) 
Seat 9: Dorex2007 ($13.90 in chips) 
Count Mole: posts small blind $0.05
scott m22: posts big blind $0.10
corazzanahue: sits out 
*** HOLE CARDS ***
Dealt to Dorex2007 [Ks Ac]
Dorex2007: raises $0.30 to $0.40
Kironen: folds 
rake23: folds 
coltyboy27: folds 
miamigreen: folds 
Count Mole: folds 
scott m22: folds 
Uncalled bet ($0.30) returned to Dorex2007
Dorex2007 collected $0.25 from pot
Dorex2007: doesn't show hand 
*** SUMMARY ***
Total pot $0.25 | Rake $0 
Seat 2: Kironen folded before Flop (didn't bet)
Seat 3: rake23 folded before Flop (didn't bet)
Seat 4: coltyboy27 folded before Flop (didn't bet)
Seat 5: miamigreen (button) folded before Flop (didn't bet)
Seat 6: Count Mole (small blind) folded before Flop
Seat 7: scott m22 (big blind) folded before Flop
Seat 9: Dorex2007 collected ($0.25)



PokerStars Hand #238018645754:  Hold'em No Limit ($0.05/$0.10 USD) - 2022/08/15 21:11:48 PT [2022/08/16 0:11:48 ET]
Table 'Vanadis III' 9-max Seat #6 is the button
Seat 1: corazzanahue ($9.11 in chips) 
Seat 2: Kironen ($8.85 in chips) 
Seat 3: rake23 ($10.36 in chips) 
Seat 4: coltyboy27 ($9.61 in chips) 
Seat 5: miamigreen ($13.18 in chips) 
Seat 6: Count Mole ($10.26 in chips) 
Seat 7: scott m22 ($9.04 in chips) 
Seat 9: Dorex2007 ($14.05 in chips) 
scott m22: posts small blind $0.05
Dorex2007: posts big blind $0.10
corazzanahue: posts big blind $0.10
*** HOLE CARDS ***
Dealt to Dorex2007 [Th Ts]
corazzanahue: checks 
Kironen: raises $0.20 to $0.30
rake23: folds 
coltyboy27: folds 
miamigreen: folds 
Count Mole: folds 
scott m22: calls $0.25
Dorex2007: calls $0.20
corazzanahue: calls $0.20
*** FLOP *** [4h Jd Kd]
scott m22: checks 
Dorex2007: checks 
corazzanahue: bets $0.81
Ryan_Lap is disconnected 
Kironen: folds 
scott m22: calls $0.81
Dorex2007: folds 
*** TURN *** [4h Jd Kd] [Qs]
scott m22: checks 
corazzanahue: bets $2
scott m22: calls $2
*** RIVER *** [4h Jd Kd Qs] [3c]
scott m22: checks 
corazzanahue: bets $6 and is all-in
scott m22: calls $5.93 and is all-in
Uncalled bet ($0.07) returned to corazzanahue
*** SHOW DOWN ***
corazzanahue: shows [Jc 3s] (two pair, Jacks and Threes)
scott m22: shows [Qh Ah] (a pair of Queens)
corazzanahue collected $17.84 from pot
*** SUMMARY ***
Total pot $18.68 | Rake $0.84 
Board [4h Jd Kd Qs 3c]
Seat 1: corazzanahue showed [Jc 3s] and won ($17.84) with two pair, Jacks and Threes
Seat 2: Kironen folded on the Flop
Seat 3: rake23 folded before Flop (didn't bet)
Seat 4: coltyboy27 folded before Flop (didn't bet)
Seat 5: miamigreen folded before Flop (didn't bet)
Seat 6: Count Mole (button) folded before Flop (didn't bet)
Seat 7: scott m22 (small blind) showed [Qh Ah] and lost with a pair of Queens
Seat 9: Dorex2007 (big blind) folded on the Flop



PokerStars Hand #238018656348:  Hold'em No Limit ($0.05/$0.10 USD) - 2022/08/15 21:13:14 PT [2022/08/16 0:13:14 ET]
Table 'Vanadis III' 9-max Seat #9 is the button
Seat 1: corazzanahue ($17.91 in chips) 
Seat 2: Kironen ($8.55 in chips) 
Seat 3: rake23 ($10.36 in chips) 
Seat 4: coltyboy27 ($9.61 in chips) 
Seat 5: miamigreen ($13.18 in chips) 
Seat 6: Count Mole ($10.26 in chips) 
Seat 9: Dorex2007 ($13.75 in chips) 
corazzanahue: posts small blind $0.05
Kironen: posts big blind $0.10
Ryan_Lap has timed out while disconnected
Ryan_Lap: is sitting out 
*** HOLE CARDS ***
Dealt to Dorex2007 [6s Kh]
rake23: folds 
scott m22 leaves the table
coltyboy27: folds 
miamigreen: folds 
Count Mole: folds 
Dorex2007: folds 
corazzanahue: calls $0.05
Kironen: checks 
*** FLOP *** [5h 8h 4h]
corazzanahue: checks 
Kironen: bets $0.10
corazzanahue: folds 
Uncalled bet ($0.10) returned to Kironen
Kironen collected $0.19 from pot
*** SUMMARY ***
Total pot $0.20 | Rake $0.01 
Board [5h 8h 4h]
Seat 1: corazzanahue (small blind) folded on the Flop
Seat 2: Kironen (big blind) collected ($0.19)
Seat 3: rake23 folded before Flop (didn't bet)
Seat 4: coltyboy27 folded before Flop (didn't bet)
Seat 5: miamigreen folded before Flop (didn't bet)
Seat 6: Count Mole folded before Flop (didn't bet)
Seat 9: Dorex2007 (button) folded before Flop (didn't bet)



PokerStars Hand #238018661842:  Hold'em No Limit ($0.05/$0.10 USD) - 2022/08/15 21:13:55 PT [2022/08/16 0:13:55 ET]
Table 'Vanadis III' 9-max Seat #1 is the button
Seat 1: corazzanahue ($17.81 in chips) 
Seat 2: Kironen ($8.64 in chips) 
Seat 3: rake23 ($10.36 in chips) 
Seat 4: coltyboy27 ($9.61 in chips) 
Seat 5: miamigreen ($13.18 in chips) 
Seat 6: Count Mole ($10.26 in chips) 
Seat 9: Dorex2007 ($13.75 in chips) 
Kironen: posts small blind $0.05
rake23: posts big blind $0.10
*** HOLE CARDS ***
Dealt to Dorex2007 [9h Jh]
coltyboy27: folds 
miamigreen: folds 
Count Mole: raises $0.20 to $0.30
Dorex2007: folds 
corazzanahue: folds 
Kironen: calls $0.25
rake23: folds 
*** FLOP *** [2c Tc 5c]
Kironen: checks 
Count Mole: checks 
*** TURN *** [2c Tc 5c] [8c]
Kironen: checks 
Count Mole: checks 
*** RIVER *** [2c Tc 5c 8c] [9c]
Kironen: checks 
Count Mole: checks 
*** SHOW DOWN ***
Kironen: shows [Qd 3d] (a flush, Ten high)
Count Mole: shows [Ad 2d] (a flush, Ten high)
Kironen collected $0.34 from pot
Count Mole collected $0.33 from pot
*** SUMMARY ***
Total pot $0.70 | Rake $0.03 
Board [2c Tc 5c 8c 9c]
Seat 1: corazzanahue (button) folded before Flop (didn't bet)
Seat 2: Kironen (small blind) showed [Qd 3d] and won ($0.34) with a flush, Ten high
Seat 3: rake23 (big blind) folded before Flop
Seat 4: coltyboy27 folded before Flop (didn't bet)
Seat 5: miamigreen folded before Flop (didn't bet)
Seat 6: Count Mole showed [Ad 2d] and won ($0.33) with a flush, Ten high
Seat 9: Dorex2007 folded before Flop (didn't bet)



PokerStars Hand #238018668012:  Hold'em No Limit ($0.05/$0.10 USD) - 2022/08/15 21:14:46 PT [2022/08/16 0:14:46 ET]
Table 'Vanadis III' 9-max Seat #2 is the button
Seat 1: corazzanahue ($17.81 in chips) 
Seat 2: Kironen ($8.68 in chips) 
Seat 3: rake23 ($10.26 in chips) 
Seat 4: coltyboy27 ($9.61 in chips) 
Seat 5: miamigreen ($13.18 in chips) 
Seat 6: Count Mole ($10.29 in chips) 
Seat 9: Dorex2007 ($13.75 in chips) 
rake23: posts small blind $0.05
coltyboy27: posts big blind $0.10
*** HOLE CARDS ***
Dealt to Dorex2007 [4d 5h]
miamigreen: folds 
Count Mole: raises $0.20 to $0.30
Dorex2007: folds 
corazzanahue: folds 
Kironen: folds 
rake23: folds 
corazzanahue leaves the table
coltyboy27: folds 
Uncalled bet ($0.20) returned to Count Mole
Count Mole collected $0.25 from pot
Count Mole: doesn't show hand 
*** SUMMARY ***
Total pot $0.25 | Rake $0 
Seat 1: corazzanahue folded before Flop (didn't bet)
Seat 2: Kironen (button) folded before Flop (didn't bet)
Seat 3: rake23 (small blind) folded before Flop
Seat 4: coltyboy27 (big blind) folded before Flop
Seat 5: miamigreen folded before Flop (didn't bet)
Seat 6: Count Mole collected ($0.25)
Seat 9: Dorex2007 folded before Flop (didn't bet)



PokerStars Hand #238018670835:  Hold'em No Limit ($0.05/$0.10 USD) - 2022/08/15 21:15:06 PT [2022/08/16 0:15:06 ET]
Table 'Vanadis III' 9-max Seat #3 is the button
Seat 2: Kironen ($8.68 in chips) 
Seat 3: rake23 ($10.21 in chips) 
Seat 4: coltyboy27 ($9.51 in chips) 
Seat 5: miamigreen ($13.18 in chips) 
Seat 6: Count Mole ($10.44 in chips) 
Seat 9: Dorex2007 ($13.75 in chips) 
coltyboy27: posts small blind $0.05
miamigreen: posts big blind $0.10
*** HOLE CARDS ***
Dealt to Dorex2007 [6h Qs]
Count Mole: folds 
Dorex2007: folds 
hoperydys joins the table at seat #1 
Kironen: raises $0.10 to $0.20
rake23: folds 
coltyboy27: folds 
miamigreen: calls $0.10
*** FLOP *** [Ks Kh 8h]
miamigreen: checks 
morningsky29 joins the table at seat #7 
Kironen: checks 
*** TURN *** [Ks Kh 8h] [9s]
miamigreen: bets $0.21
Kironen: calls $0.21
*** RIVER *** [Ks Kh 8h 9s] [9c]
miamigreen: checks 
Kironen: checks 
*** SHOW DOWN ***
miamigreen: shows [9h 3c] (a full house, Nines full of Kings)
Kironen: mucks hand 
miamigreen collected $0.83 from pot
*** SUMMARY ***
Total pot $0.87 | Rake $0.04 
Board [Ks Kh 8h 9s 9c]
Seat 2: Kironen mucked [Ah Tc]
Seat 3: rake23 (button) folded before Flop (didn't bet)
Seat 4: coltyboy27 (small blind) folded before Flop
Seat 5: miamigreen (big blind) showed [9h 3c] and won ($0.83) with a full house, Nines full of Kings
Seat 6: Count Mole folded before Flop (didn't bet)
Seat 9: Dorex2007 folded before Flop (didn't bet)



PokerStars Hand #238018675464:  Hold'em No Limit ($0.05/$0.10 USD) - 2022/08/15 21:15:44 PT [2022/08/16 0:15:44 ET]
Table 'Vanadis III' 9-max Seat #4 is the button
Seat 1: hoperydys ($10 in chips) 
Seat 2: Kironen ($8.27 in chips) 
Seat 3: rake23 ($10.21 in chips) 
Seat 4: coltyboy27 ($9.46 in chips) 
Seat 5: miamigreen ($13.60 in chips) 
Seat 6: Count Mole ($10.44 in chips) 
Seat 9: Dorex2007 ($13.75 in chips) 
miamigreen: posts small blind $0.05
Count Mole: posts big blind $0.10
morningsky29: sits out 
hoperydys: posts big blind $0.10
*** HOLE CARDS ***
Dealt to Dorex2007 [9h Jh]
Dorex2007: raises $0.10 to $0.20
hoperydys: folds 
Kironen: calls $0.20
rake23: folds 
coltyboy27: folds 
miamigreen: folds 
Count Mole: calls $0.10
*** FLOP *** [Qd 2h Jd]
Count Mole: bets $0.48
Dorex2007: folds 
Kironen: folds 
Uncalled bet ($0.48) returned to Count Mole
Count Mole collected $0.72 from pot
Count Mole: doesn't show hand 
*** SUMMARY ***
Total pot $0.75 | Rake $0.03 
Board [Qd 2h Jd]
Seat 1: hoperydys folded before Flop (didn't bet)
Seat 2: Kironen folded on the Flop
Seat 3: rake23 folded before Flop (didn't bet)
Seat 4: coltyboy27 (button) folded before Flop (didn't bet)
Seat 5: miamigreen (small blind) folded before Flop
Seat 6: Count Mole (big blind) collected ($0.72)
Seat 9: Dorex2007 folded on the Flop



PokerStars Hand #238018680359:  Hold'em No Limit ($0.05/$0.10 USD) - 2022/08/15 21:16:18 PT [2022/08/16 0:16:18 ET]
Table 'Vanadis III' 9-max Seat #5 is the button
Seat 1: hoperydys ($9.90 in chips) 
Seat 2: Kironen ($8.07 in chips) 
Seat 3: rake23 ($10.21 in chips) 
Seat 4: coltyboy27 ($9.46 in chips) 
Seat 5: miamigreen ($13.55 in chips) 
Seat 6: Count Mole ($10.96 in chips) 
Seat 7: morningsky29 ($10 in chips) 
Seat 9: Dorex2007 ($13.55 in chips) 
Count Mole: posts small blind $0.05
morningsky29: posts big blind $0.10
*** HOLE CARDS ***
Dealt to Dorex2007 [5d 3c]
Dorex2007: folds 
hoperydys: folds 
Kironen: folds 
rake23: folds 
coltyboy27: folds 
miamigreen: raises $0.13 to $0.23
Count Mole: folds 
morningsky29: folds 
Uncalled bet ($0.13) returned to miamigreen
miamigreen collected $0.25 from pot
miamigreen: doesn't show hand 
*** SUMMARY ***
Total pot $0.25 | Rake $0 
Seat 1: hoperydys folded before Flop (didn't bet)
Seat 2: Kironen folded before Flop (didn't bet)
Seat 3: rake23 folded before Flop (didn't bet)
Seat 4: coltyboy27 folded before Flop (didn't bet)
Seat 5: miamigreen (button) collected ($0.25)
Seat 6: Count Mole (small blind) folded before Flop
Seat 7: morningsky29 (big blind) folded before Flop
Seat 9: Dorex2007 folded before Flop (didn't bet)



PokerStars Hand #238018686837:  Hold'em No Limit ($0.05/$0.10 USD) - 2022/08/15 21:17:11 PT [2022/08/16 0:17:11 ET]
Table 'Vanadis III' 9-max Seat #6 is the button
Seat 1: hoperydys ($9.90 in chips) 
Seat 2: Kironen ($8.07 in chips) 
Seat 3: rake23 ($10.21 in chips) 
Seat 4: coltyboy27 ($9.46 in chips) 
Seat 5: miamigreen ($13.70 in chips) 
Seat 6: Count Mole ($10.91 in chips) 
Seat 7: morningsky29 ($9.90 in chips) 
Seat 9: Dorex2007 ($13.55 in chips) 
morningsky29: posts small blind $0.05
Dorex2007: posts big blind $0.10
*** HOLE CARDS ***
Dealt to Dorex2007 [Th 6h]
hoperydys: folds 
Kironen: raises $0.10 to $0.20
rake23: folds 
coltyboy27: calls $0.20
miamigreen: raises $1 to $1.20
Count Mole: folds 
morningsky29: folds 
Dorex2007: folds 
Kironen: calls $1
coltyboy27: folds 
*** FLOP *** [4s Td 4d]
Kironen: checks 
miamigreen: bets $1.31
Kironen: folds 
Uncalled bet ($1.31) returned to miamigreen
miamigreen collected $2.63 from pot
miamigreen: doesn't show hand 
*** SUMMARY ***
Total pot $2.75 | Rake $0.12 
Board [4s Td 4d]
Seat 1: hoperydys folded before Flop (didn't bet)
Seat 2: Kironen folded on the Flop
Seat 3: rake23 folded before Flop (didn't bet)
Seat 4: coltyboy27 folded before Flop
Seat 5: miamigreen collected ($2.63)
Seat 6: Count Mole (button) folded before Flop (didn't bet)
Seat 7: morningsky29 (small blind) folded before Flop
Seat 9: Dorex2007 (big blind) folded before Flop



PokerStars Hand #238018693314:  Hold'em No Limit ($0.05/$0.10 USD) - 2022/08/15 21:18:05 PT [2022/08/16 0:18:05 ET]
Table 'Vanadis III' 9-max Seat #7 is the button
Seat 1: hoperydys ($9.90 in chips) 
Seat 2: Kironen ($6.87 in chips) 
Seat 3: rake23 ($10.21 in chips) 
Seat 4: coltyboy27 ($9.26 in chips) 
Seat 5: miamigreen ($15.13 in chips) 
Seat 6: Count Mole ($10.91 in chips) 
Seat 7: morningsky29 ($9.85 in chips) 
Seat 9: Dorex2007 ($13.45 in chips) 
Dorex2007: posts small blind $0.05
hoperydys: posts big blind $0.10
*** HOLE CARDS ***
Dealt to Dorex2007 [Tc 2h]
Kironen: folds 
rake23: folds 
coltyboy27: folds 
miamigreen: folds 
Count Mole: raises $0.20 to $0.30
morningsky29: calls $0.30
Dorex2007: folds 
hoperydys: calls $0.20
*** FLOP *** [3s 8s Ks]
hoperydys: checks 
Count Mole: checks 
morningsky29: checks 
*** TURN *** [3s 8s Ks] [8c]
hoperydys: checks 
Count Mole: checks 
morningsky29: checks 
*** RIVER *** [3s 8s Ks 8c] [3h]
hoperydys: checks 
Count Mole: checks 
morningsky29: checks 
*** SHOW DOWN ***
hoperydys: shows [6d 7d] (two pair, Eights and Threes)
Count Mole: shows [Jc Jh] (two pair, Jacks and Eights)
morningsky29: mucks hand 
Count Mole collected $0.91 from pot
*** SUMMARY ***
Total pot $0.95 | Rake $0.04 
Board [3s 8s Ks 8c 3h]
Seat 1: hoperydys (big blind) showed [6d 7d] and lost with two pair, Eights and Threes
Seat 2: Kironen folded before Flop (didn't bet)
Seat 3: rake23 folded before Flop (didn't bet)
Seat 4: coltyboy27 folded before Flop (didn't bet)
Seat 5: miamigreen folded before Flop (didn't bet)
Seat 6: Count Mole showed [Jc Jh] and won ($0.91) with two pair, Jacks and Eights
Seat 7: morningsky29 (button) mucked [4d 4c]
Seat 9: Dorex2007 (small blind) folded before Flop



PokerStars Hand #238018701304:  Hold'em No Limit ($0.05/$0.10 USD) - 2022/08/15 21:19:11 PT [2022/08/16 0:19:11 ET]
Table 'Vanadis III' 9-max Seat #9 is the button
Seat 1: hoperydys ($9.60 in chips) 
Seat 2: Kironen ($6.87 in chips) 
Seat 3: rake23 ($10.21 in chips) 
Seat 4: coltyboy27 ($9.26 in chips) 
Seat 5: miamigreen ($15.13 in chips) 
Seat 6: Count Mole ($11.52 in chips) 
Seat 7: morningsky29 ($9.55 in chips) 
Seat 9: Dorex2007 ($13.40 in chips) 
hoperydys: posts small blind $0.05
Kironen: posts big blind $0.10
*** HOLE CARDS ***
Dealt to Dorex2007 [5h Tc]
rake23: folds 
coltyboy27: folds 
miamigreen: folds 
Count Mole: folds 
morningsky29: folds 
Dorex2007: folds 
hoperydys: raises $0.30 to $0.40
Kironen: calls $0.30
*** FLOP *** [Ah 8s Qs]
hoperydys: bets $0.48
Kironen: calls $0.48
*** TURN *** [Ah 8s Qs] [5s]
hoperydys: bets $0.84
Kironen: folds 
Uncalled bet ($0.84) returned to hoperydys
hoperydys collected $1.68 from pot
*** SUMMARY ***
Total pot $1.76 | Rake $0.08 
Board [Ah 8s Qs 5s]
Seat 1: hoperydys (small blind) collected ($1.68)
Seat 2: Kironen (big blind) folded on the Turn
Seat 3: rake23 folded before Flop (didn't bet)
Seat 4: coltyboy27 folded before Flop (didn't bet)
Seat 5: miamigreen folded before Flop (didn't bet)
Seat 6: Count Mole folded before Flop (didn't bet)
Seat 7: morningsky29 folded before Flop (didn't bet)
Seat 9: Dorex2007 (button) folded before Flop (didn't bet)



PokerStars Hand #238018713409:  Hold'em No Limit ($0.05/$0.10 USD) - 2022/08/15 21:19:51 PT [2022/08/16 0:19:51 ET]
Table 'Vanadis III' 9-max Seat #1 is the button
Seat 1: hoperydys ($10.40 in chips) 
Seat 2: Kironen ($5.99 in chips) 
Seat 3: rake23 ($10.21 in chips) 
Seat 4: coltyboy27 ($9.26 in chips) 
Seat 5: miamigreen ($15.13 in chips) 
Seat 6: Count Mole ($11.52 in chips) 
Seat 7: morningsky29 ($9.55 in chips) 
Seat 9: Dorex2007 ($13.40 in chips) 
Kironen: posts small blind $0.05
rake23: posts big blind $0.10
*** HOLE CARDS ***
Dealt to Dorex2007 [Ac 5d]
coltyboy27: folds 
miamigreen: folds 
Count Mole: folds 
morningsky29: folds 
Dorex2007: folds 
hoperydys: raises $0.25 to $0.35
Kironen: calls $0.30
rake23: folds 
*** FLOP *** [5s 3d 9h]
Kironen: checks 
hoperydys: checks 
*** TURN *** [5s 3d 9h] [As]
Kironen: checks 
hoperydys: bets $0.76
Kironen: folds 
Uncalled bet ($0.76) returned to hoperydys
hoperydys collected $0.76 from pot
*** SUMMARY ***
Total pot $0.80 | Rake $0.04 
Board [5s 3d 9h As]
Seat 1: hoperydys (button) collected ($0.76)
Seat 2: Kironen (small blind) folded on the Turn
Seat 3: rake23 (big blind) folded before Flop
Seat 4: coltyboy27 folded before Flop (didn't bet)
Seat 5: miamigreen folded before Flop (didn't bet)
Seat 6: Count Mole folded before Flop (didn't bet)
Seat 7: morningsky29 folded before Flop (didn't bet)
Seat 9: Dorex2007 folded before Flop (didn't bet)



PokerStars Hand #238018717847:  Hold'em No Limit ($0.05/$0.10 USD) - 2022/08/15 21:20:28 PT [2022/08/16 0:20:28 ET]
Table 'Vanadis III' 9-max Seat #2 is the button
Seat 1: hoperydys ($10.81 in chips) 
Seat 2: Kironen ($5.64 in chips) 
Seat 3: rake23 ($10.11 in chips) 
Seat 4: coltyboy27 ($9.26 in chips) 
Seat 5: miamigreen ($15.13 in chips) 
Seat 6: Count Mole ($11.52 in chips) 
Seat 7: morningsky29 ($9.55 in chips) 
Seat 9: Dorex2007 ($13.40 in chips) 
rake23: posts small blind $0.05
coltyboy27: posts big blind $0.10
*** HOLE CARDS ***
Dealt to Dorex2007 [Kc 4s]
miamigreen: folds 
Count Mole: folds 
morningsky29: folds 
Dorex2007: folds 
hoperydys: folds 
Kironen: calls $0.10
rake23: folds 
coltyboy27: raises $0.20 to $0.30
Kironen: calls $0.20
*** FLOP *** [9d 5c 8s]
coltyboy27: bets $0.31
Kironen: calls $0.31
*** TURN *** [9d 5c 8s] [6d]
coltyboy27: bets $0.70
Kironen: raises $4.33 to $5.03 and is all-in
coltyboy27: folds 
Uncalled bet ($4.33) returned to Kironen
Kironen collected $2.55 from pot
*** SUMMARY ***
Total pot $2.67 | Rake $0.12 
Board [9d 5c 8s 6d]
Seat 1: hoperydys folded before Flop (didn't bet)
Seat 2: Kironen (button) collected ($2.55)
Seat 3: rake23 (small blind) folded before Flop
Seat 4: coltyboy27 (big blind) folded on the Turn
Seat 5: miamigreen folded before Flop (didn't bet)
Seat 6: Count Mole folded before Flop (didn't bet)
Seat 7: morningsky29 folded before Flop (didn't bet)
Seat 9: Dorex2007 folded before Flop (didn't bet)



PokerStars Hand #238018725583:  Hold'em No Limit ($0.05/$0.10 USD) - 2022/08/15 21:21:34 PT [2022/08/16 0:21:34 ET]
Table 'Vanadis III' 9-max Seat #3 is the button
Seat 1: hoperydys ($10.81 in chips) 
Seat 2: Kironen ($6.88 in chips) 
Seat 3: rake23 ($10.06 in chips) 
Seat 4: coltyboy27 ($7.95 in chips) 
Seat 5: miamigreen ($15.13 in chips) 
Seat 6: Count Mole ($11.52 in chips) 
Seat 7: morningsky29 ($9.55 in chips) 
Seat 9: Dorex2007 ($13.40 in chips) 
coltyboy27: posts small blind $0.05
miamigreen: posts big blind $0.10
*** HOLE CARDS ***
Dealt to Dorex2007 [4s 4d]
Count Mole: folds 
morningsky29: folds 
Dorex2007: calls $0.10
hoperydys: calls $0.10
Kironen: calls $0.10
rake23: folds 
coltyboy27: raises $0.20 to $0.30
miamigreen: folds 
Dorex2007: calls $0.20
hoperydys: calls $0.20
Kironen: calls $0.20
*** FLOP *** [3c Ah 3h]
coltyboy27: checks 
Dorex2007: checks 
hoperydys: checks 
Kironen: checks 
*** TURN *** [3c Ah 3h] [2d]
coltyboy27: bets $0.62
Dorex2007: folds 
hoperydys: folds 
Kironen: calls $0.62
*** RIVER *** [3c Ah 3h 2d] [Jc]
Ryan_Lap leaves the table
hot big fish joins the table at seat #8 
coltyboy27: bets $1.21
Kironen: calls $1.21
*** SHOW DOWN ***
coltyboy27: shows [Qh Qc] (two pair, Queens and Threes)
Kironen: shows [Ac 5s] (two pair, Aces and Threes)
Kironen collected $4.74 from pot
*** SUMMARY ***
Total pot $4.96 | Rake $0.22 
Board [3c Ah 3h 2d Jc]
Seat 1: hoperydys folded on the Turn
Seat 2: Kironen showed [Ac 5s] and won ($4.74) with two pair, Aces and Threes
Seat 3: rake23 (button) folded before Flop (didn't bet)
Seat 4: coltyboy27 (small blind) showed [Qh Qc] and lost with two pair, Queens and Threes
Seat 5: miamigreen (big blind) folded before Flop
Seat 6: Count Mole folded before Flop (didn't bet)
Seat 7: morningsky29 folded before Flop (didn't bet)
Seat 9: Dorex2007 folded on the Turn



PokerStars Hand #238018735333:  Hold'em No Limit ($0.05/$0.10 USD) - 2022/08/15 21:22:56 PT [2022/08/16 0:22:56 ET]
Table 'Vanadis III' 9-max Seat #4 is the button
Seat 1: hoperydys ($10.51 in chips) 
Seat 2: Kironen ($9.49 in chips) 
Seat 3: rake23 ($10.06 in chips) 
Seat 4: coltyboy27 ($5.82 in chips) 
Seat 5: miamigreen ($15.03 in chips) 
Seat 6: Count Mole ($11.52 in chips) 
Seat 7: morningsky29 ($9.55 in chips) 
Seat 9: Dorex2007 ($13.10 in chips) 
miamigreen: posts small blind $0.05
Count Mole: posts big blind $0.10
hot big fish is connected 
hot big fish: sits out 
*** HOLE CARDS ***
Dealt to Dorex2007 [6h Js]
morningsky29: folds 
Dorex2007: folds 
hoperydys: raises $0.25 to $0.35
Kironen: calls $0.35
rake23: folds 
coltyboy27: folds 
miamigreen: folds 
Count Mole: folds 
*** FLOP *** [5c Ts Kd]
hoperydys: bets $0.40
Kironen: folds 
Uncalled bet ($0.40) returned to hoperydys
hoperydys collected $0.81 from pot
*** SUMMARY ***
Total pot $0.85 | Rake $0.04 
Board [5c Ts Kd]
Seat 1: hoperydys collected ($0.81)
Seat 2: Kironen folded on the Flop
Seat 3: rake23 folded before Flop (didn't bet)
Seat 4: coltyboy27 (button) folded before Flop (didn't bet)
Seat 5: miamigreen (small blind) folded before Flop
Seat 6: Count Mole (big blind) folded before Flop
Seat 7: morningsky29 folded before Flop (didn't bet)
Seat 9: Dorex2007 folded before Flop (didn't bet)



PokerStars Hand #238018739177:  Hold'em No Limit ($0.05/$0.10 USD) - 2022/08/15 21:23:28 PT [2022/08/16 0:23:28 ET]
Table 'Vanadis III' 9-max Seat #5 is the button
Seat 1: hoperydys ($10.97 in chips) 
Seat 2: Kironen ($9.14 in chips) 
Seat 3: rake23 ($10.06 in chips) 
Seat 4: coltyboy27 ($5.82 in chips) 
Seat 5: miamigreen ($14.98 in chips) 
Seat 6: Count Mole ($11.42 in chips) 
Seat 7: morningsky29 ($9.55 in chips) 
Seat 9: Dorex2007 ($13.10 in chips) 
Count Mole: posts small blind $0.05
morningsky29: posts big blind $0.10
hot big fish: sits out 
*** HOLE CARDS ***
Dealt to Dorex2007 [Js 7s]
Dorex2007: folds 
hoperydys: raises $0.20 to $0.30
Kironen: calls $0.30
rake23: folds 
coltyboy27: folds 
miamigreen: folds 
Count Mole: folds 
morningsky29: calls $0.20
*** FLOP *** [9s Tc Qh]
morningsky29: checks 
hoperydys: bets $0.45
Kironen: calls $0.45
morningsky29: calls $0.45
*** TURN *** [9s Tc Qh] [3c]
morningsky29: checks 
hoperydys: bets $2
Kironen: folds 
morningsky29: folds 
Uncalled bet ($2) returned to hoperydys
hoperydys collected $2.20 from pot
*** SUMMARY ***
Total pot $2.30 | Rake $0.10 
Board [9s Tc Qh 3c]
Seat 1: hoperydys collected ($2.20)
Seat 2: Kironen folded on the Turn
Seat 3: rake23 folded before Flop (didn't bet)
Seat 4: coltyboy27 folded before Flop (didn't bet)
Seat 5: miamigreen (button) folded before Flop (didn't bet)
Seat 6: Count Mole (small blind) folded before Flop
Seat 7: morningsky29 (big blind) folded on the Turn
Seat 9: Dorex2007 folded before Flop (didn't bet)



PokerStars Hand #238018745075:  Hold'em No Limit ($0.05/$0.10 USD) - 2022/08/15 21:24:17 PT [2022/08/16 0:24:17 ET]
Table 'Vanadis III' 9-max Seat #6 is the button
Seat 1: hoperydys ($12.42 in chips) 
Seat 2: Kironen ($8.39 in chips) 
Seat 3: rake23 ($10.06 in chips) 
Seat 4: coltyboy27 ($5.82 in chips) 
Seat 5: miamigreen ($14.98 in chips) 
Seat 6: Count Mole ($11.37 in chips) 
Seat 7: morningsky29 ($8.80 in chips) 
Seat 8: hot big fish ($8 in chips) 
Seat 9: Dorex2007 ($13.10 in chips) 
morningsky29: posts small blind $0.05
hot big fish: posts big blind $0.10
*** HOLE CARDS ***
Dealt to Dorex2007 [2s Js]
Dorex2007: folds 
hoperydys: folds 
Kironen: folds 
Kironen leaves the table
rake23: folds 
coltyboy27: folds 
miamigreen: raises $0.13 to $0.23
Count Mole: folds 
morningsky29: folds 
hot big fish: folds 
Uncalled bet ($0.13) returned to miamigreen
miamigreen collected $0.25 from pot
miamigreen: doesn't show hand 
*** SUMMARY ***
Total pot $0.25 | Rake $0 
Seat 1: hoperydys folded before Flop (didn't bet)
Seat 2: Kironen folded before Flop (didn't bet)
Seat 3: rake23 folded before Flop (didn't bet)
Seat 4: coltyboy27 folded before Flop (didn't bet)
Seat 5: miamigreen collected ($0.25)
Seat 6: Count Mole (button) folded before Flop (didn't bet)
Seat 7: morningsky29 (small blind) folded before Flop
Seat 8: hot big fish (big blind) folded before Flop
Seat 9: Dorex2007 folded before Flop (didn't bet)



PokerStars Hand #238018748283:  Hold'em No Limit ($0.05/$0.10 USD) - 2022/08/15 21:24:44 PT [2022/08/16 0:24:44 ET]
Table 'Vanadis III' 9-max Seat #7 is the button
Seat 1: hoperydys ($12.42 in chips) 
Seat 3: rake23 ($10.06 in chips) 
Seat 4: coltyboy27 ($5.82 in chips) 
Seat 5: miamigreen ($15.13 in chips) 
Seat 6: Count Mole ($11.37 in chips) 
Seat 7: morningsky29 ($8.75 in chips) 
Seat 8: hot big fish ($7.90 in chips) 
Seat 9: Dorex2007 ($13.10 in chips) 
hot big fish: posts small blind $0.05
Dorex2007: posts big blind $0.10
*** HOLE CARDS ***
Dealt to Dorex2007 [Js 2d]
hoperydys: raises $0.20 to $0.30
rake23: folds 
coltyboy27: folds 
miamigreen: calls $0.30
Count Mole: folds 
morningsky29: folds 
hot big fish: folds 
Dorex2007: folds 
*** FLOP *** [Ts 9c 4s]
hoperydys: bets $0.36
miamigreen: calls $0.36
*** TURN *** [Ts 9c 4s] [8s]
hoperydys: checks 
miamigreen: bets $0.70
hoperydys: calls $0.70
*** RIVER *** [Ts 9c 4s 8s] [Th]
hoperydys: bets $1.37
miamigreen: folds 
Uncalled bet ($1.37) returned to hoperydys
Templar85 joins the table at seat #2 
hoperydys collected $2.74 from pot
*** SUMMARY ***
Total pot $2.87 | Rake $0.13 
Board [Ts 9c 4s 8s Th]
Seat 1: hoperydys collected ($2.74)
Seat 3: rake23 folded before Flop (didn't bet)
Seat 4: coltyboy27 folded before Flop (didn't bet)
Seat 5: miamigreen folded on the River
Seat 6: Count Mole folded before Flop (didn't bet)
Seat 7: morningsky29 (button) folded before Flop (didn't bet)
Seat 8: hot big fish (small blind) folded before Flop
Seat 9: Dorex2007 (big blind) folded before Flop



PokerStars Hand #238018754643:  Hold'em No Limit ($0.05/$0.10 USD) - 2022/08/15 21:25:38 PT [2022/08/16 0:25:38 ET]
Table 'Vanadis III' 9-max Seat #8 is the button
Seat 1: hoperydys ($13.80 in chips) 
Seat 3: rake23 ($10.06 in chips) 
Seat 4: coltyboy27 ($5.82 in chips) 
Seat 5: miamigreen ($13.77 in chips) 
Seat 6: Count Mole ($11.37 in chips) 
Seat 7: morningsky29 ($8.75 in chips) 
Seat 8: hot big fish ($7.85 in chips) 
Seat 9: Dorex2007 ($13 in chips) 
Dorex2007: posts small blind $0.05
hoperydys: posts big blind $0.10
Templar85 has timed out
Templar85: is sitting out 
*** HOLE CARDS ***
Dealt to Dorex2007 [Jd 5s]
rake23: folds 
coltyboy27: raises $0.20 to $0.30
miamigreen: folds 
Count Mole: raises $0.60 to $0.90
morningsky29: folds 
hot big fish: folds 
Dorex2007: folds 
hoperydys: calls $0.80
coltyboy27: raises $1.40 to $2.30
Count Mole: calls $1.40
hoperydys: folds 
*** FLOP *** [Th 7d 6h]
coltyboy27: bets $1.90
Count Mole: raises $1.90 to $3.80
coltyboy27: calls $1.62 and is all-in
Uncalled bet ($0.28) returned to Count Mole
*** TURN *** [Th 7d 6h] [8d]
*** RIVER *** [Th 7d 6h 8d] [Qh]
*** SHOW DOWN ***
coltyboy27: shows [Kh Ks] (a pair of Kings)
Count Mole: shows [Tc Ts] (three of a kind, Tens)
Count Mole collected $12.02 from pot
*** SUMMARY ***
Total pot $12.59 | Rake $0.57 
Board [Th 7d 6h 8d Qh]
Seat 1: hoperydys (big blind) folded before Flop
Seat 3: rake23 folded before Flop (didn't bet)
Seat 4: coltyboy27 showed [Kh Ks] and lost with a pair of Kings
Seat 5: miamigreen folded before Flop (didn't bet)
Seat 6: Count Mole showed [Tc Ts] and won ($12.02) with three of a kind, Tens
Seat 7: morningsky29 folded before Flop (didn't bet)
Seat 8: hot big fish (button) folded before Flop (didn't bet)
Seat 9: Dorex2007 (small blind) folded before Flop



PokerStars Hand #238018765351:  Hold'em No Limit ($0.05/$0.10 USD) - 2022/08/15 21:27:08 PT [2022/08/16 0:27:08 ET]
Table 'Vanadis III' 9-max Seat #9 is the button
Seat 1: hoperydys ($12.90 in chips) 
Seat 5: miamigreen ($13.77 in chips) 
Seat 6: Count Mole ($17.57 in chips) 
Seat 7: morningsky29 ($8.75 in chips) 
Seat 8: hot big fish ($7.85 in chips) 
Seat 9: Dorex2007 ($12.95 in chips) 
hoperydys: posts small blind $0.05
rake23: is sitting out 
miamigreen: posts big blind $0.10
*** HOLE CARDS ***
Dealt to Dorex2007 [Ad 3s]
rake23 leaves the table
Count Mole: folds 
morningsky29: folds 
hot big fish: calls $0.10
Dorex2007: folds 
hoperydys: folds 
coltyboy27 leaves the table
miamigreen: checks 
*** FLOP *** [Qd 9h 5c]
vkorgik joins the table at seat #3 
miamigreen: checks 
hot big fish: checks 
*** TURN *** [Qd 9h 5c] [5d]
miamigreen: checks 
hot big fish: bets $0.24
miamigreen: folds 
Uncalled bet ($0.24) returned to hot big fish
hot big fish collected $0.24 from pot
hot big fish: doesn't show hand 
*** SUMMARY ***
Total pot $0.25 | Rake $0.01 
Board [Qd 9h 5c 5d]
Seat 1: hoperydys (small blind) folded before Flop
Seat 5: miamigreen (big blind) folded on the Turn
Seat 6: Count Mole folded before Flop (didn't bet)
Seat 7: morningsky29 folded before Flop (didn't bet)
Seat 8: hot big fish collected ($0.24)
Seat 9: Dorex2007 (button) folded before Flop (didn't bet)



PokerStars Hand #238018768806:  Hold'em No Limit ($0.05/$0.10 USD) - 2022/08/15 21:27:36 PT [2022/08/16 0:27:36 ET]
Table 'Vanadis III' 9-max Seat #1 is the button
Seat 1: hoperydys ($12.85 in chips) 
Seat 5: miamigreen ($13.67 in chips) 
Seat 6: Count Mole ($17.57 in chips) 
Seat 7: morningsky29 ($8.75 in chips) 
Seat 8: hot big fish ($7.99 in chips) 
Seat 9: Dorex2007 ($12.95 in chips) 
miamigreen: posts small blind $0.05
Count Mole: posts big blind $0.10
*** HOLE CARDS ***
Dealt to Dorex2007 [7h 8h]
morningsky29: folds 
hot big fish: folds 
Dorex2007: folds 
hoperydys: folds 
miamigreen: raises $0.13 to $0.23
Count Mole: calls $0.13
*** FLOP *** [Ac Ad 9d]
miamigreen: checks 
Count Mole: checks 
*** TURN *** [Ac Ad 9d] [8d]
miamigreen: bets $0.22
Count Mole: calls $0.22
*** RIVER *** [Ac Ad 9d 8d] [4h]
osaboy joins the table at seat #4 
miamigreen: checks 
Count Mole: checks 
*** SHOW DOWN ***
miamigreen: shows [5c 5d] (two pair, Aces and Fives)
Count Mole: mucks hand 
miamigreen collected $0.86 from pot
*** SUMMARY ***
Total pot $0.90 | Rake $0.04 
Board [Ac Ad 9d 8d 4h]
Seat 1: hoperydys (button) folded before Flop (didn't bet)
Seat 5: miamigreen (small blind) showed [5c 5d] and won ($0.86) with two pair, Aces and Fives
Seat 6: Count Mole (big blind) mucked [Jh Th]
Seat 7: morningsky29 folded before Flop (didn't bet)
Seat 8: hot big fish folded before Flop (didn't bet)
Seat 9: Dorex2007 folded before Flop (didn't bet)



PokerStars Hand #238018773345:  Hold'em No Limit ($0.05/$0.10 USD) - 2022/08/15 21:28:14 PT [2022/08/16 0:28:14 ET]
Table 'Vanadis III' 9-max Seat #5 is the button
Seat 1: hoperydys ($12.85 in chips) 
Seat 5: miamigreen ($14.08 in chips) 
Seat 6: Count Mole ($17.12 in chips) 
Seat 7: morningsky29 ($8.75 in chips) 
Seat 8: hot big fish ($7.99 in chips) 
Seat 9: Dorex2007 ($12.95 in chips) 
Count Mole: posts small blind $0.05
morningsky29: posts big blind $0.10
vkorgik: sits out 
osaboy: sits out 
*** HOLE CARDS ***
Dealt to Dorex2007 [8c 7h]
hot big fish: folds 
Dorex2007: folds 
hoperydys: folds 
miamigreen: raises $0.13 to $0.23
Count Mole: folds 
morningsky29: folds 
Uncalled bet ($0.13) returned to miamigreen
miamigreen collected $0.25 from pot
miamigreen: doesn't show hand 
*** SUMMARY ***
Total pot $0.25 | Rake $0 
Seat 1: hoperydys folded before Flop (didn't bet)
Seat 5: miamigreen (button) collected ($0.25)
Seat 6: Count Mole (small blind) folded before Flop
Seat 7: morningsky29 (big blind) folded before Flop
Seat 8: hot big fish folded before Flop (didn't bet)
Seat 9: Dorex2007 folded before Flop (didn't bet)



PokerStars Hand #238018774841:  Hold'em No Limit ($0.05/$0.10 USD) - 2022/08/15 21:28:27 PT [2022/08/16 0:28:27 ET]
Table 'Vanadis III' 9-max Seat #6 is the button
Seat 1: hoperydys ($12.85 in chips) 
Seat 5: miamigreen ($14.23 in chips) 
Seat 6: Count Mole ($17.07 in chips) 
Seat 7: morningsky29 ($8.65 in chips) 
Seat 8: hot big fish ($7.99 in chips) 
Seat 9: Dorex2007 ($12.95 in chips) 
morningsky29: posts small blind $0.05
hot big fish: posts big blind $0.10
vkorgik: sits out 
osaboy: sits out 
*** HOLE CARDS ***
Dealt to Dorex2007 [Kd 2c]
Dorex2007: folds 
hoperydys: folds 
miamigreen: folds 
Count Mole: raises $0.20 to $0.30
morningsky29: folds 
hot big fish: calls $0.20
*** FLOP *** [Ks Ac 8s]
hot big fish: bets $0.10
Count Mole: calls $0.10
*** TURN *** [Ks Ac 8s] [Tc]
hot big fish: checks 
Count Mole: checks 
*** RIVER *** [Ks Ac 8s Tc] [4c]
hot big fish: checks 
Count Mole: bets $0.20
hot big fish: folds 
Uncalled bet ($0.20) returned to Count Mole
Count Mole collected $0.81 from pot
Count Mole: doesn't show hand 
*** SUMMARY ***
Total pot $0.85 | Rake $0.04 
Board [Ks Ac 8s Tc 4c]
Seat 1: hoperydys folded before Flop (didn't bet)
Seat 5: miamigreen folded before Flop (didn't bet)
Seat 6: Count Mole (button) collected ($0.81)
Seat 7: morningsky29 (small blind) folded before Flop
Seat 8: hot big fish (big blind) folded on the River
Seat 9: Dorex2007 folded before Flop (didn't bet)



PokerStars Hand #238018780475:  Hold'em No Limit ($0.05/$0.10 USD) - 2022/08/15 21:29:14 PT [2022/08/16 0:29:14 ET]
Table 'Vanadis III' 9-max Seat #7 is the button
Seat 1: hoperydys ($12.85 in chips) 
Seat 5: miamigreen ($14.23 in chips) 
Seat 6: Count Mole ($17.48 in chips) 
Seat 7: morningsky29 ($8.60 in chips) 
Seat 8: hot big fish ($7.59 in chips) 
Seat 9: Dorex2007 ($12.95 in chips) 
hot big fish: posts small blind $0.05
Dorex2007: posts big blind $0.10
vkorgik: sits out 
osaboy: sits out 
*** HOLE CARDS ***
Dealt to Dorex2007 [7s Kd]
hoperydys: folds 
miamigreen: folds 
Count Mole: folds 
morningsky29: raises $0.20 to $0.30
hot big fish: calls $0.25
Dorex2007: folds 
*** FLOP *** [6h 4d Ac]
hot big fish: checks 
morningsky29: checks 
*** TURN *** [6h 4d Ac] [6d]
hot big fish: bets $0.50
morningsky29: calls $0.50
*** RIVER *** [6h 4d Ac 6d] [2h]
hot big fish: checks 
morningsky29: checks 
*** SHOW DOWN ***
hot big fish: shows [Qc Ad] (two pair, Aces and Sixes)
morningsky29: mucks hand 
hot big fish collected $1.62 from pot
*** SUMMARY ***
Total pot $1.70 | Rake $0.08 
Board [6h 4d Ac 6d 2h]
Seat 1: hoperydys folded before Flop (didn't bet)
Seat 5: miamigreen folded before Flop (didn't bet)
Seat 6: Count Mole folded before Flop (didn't bet)
Seat 7: morningsky29 (button) mucked [3h 3d]
Seat 8: hot big fish (small blind) showed [Qc Ad] and won ($1.62) with two pair, Aces and Sixes
Seat 9: Dorex2007 (big blind) folded before Flop



PokerStars Hand #238018794598:  Hold'em No Limit ($0.05/$0.10 USD) - 2022/08/15 21:29:55 PT [2022/08/16 0:29:55 ET]
Table 'Vanadis III' 9-max Seat #8 is the button
Seat 1: hoperydys ($12.85 in chips) 
Seat 5: miamigreen ($14.23 in chips) 
Seat 6: Count Mole ($17.48 in chips) 
Seat 7: morningsky29 ($7.80 in chips) 
Seat 8: hot big fish ($8.41 in chips) 
Seat 9: Dorex2007 ($12.85 in chips) 
Dorex2007: posts small blind $0.05
hoperydys: posts big blind $0.10
Templar85: sits out 
vkorgik: sits out 
osaboy: sits out 
*** HOLE CARDS ***
Dealt to Dorex2007 [Ah 5h]
miamigreen: raises $0.13 to $0.23
Count Mole: folds 
morningsky29: calls $0.23
hot big fish: folds 
Dorex2007: folds 
hoperydys: folds 
*** FLOP *** [4h 9h 6d]
miamigreen: bets $0.29
morningsky29: calls $0.29
*** TURN *** [4h 9h 6d] [8s]
miamigreen: bets $0.57
morningsky29: calls $0.57
*** RIVER *** [4h 9h 6d 8s] [Kc]
miamigreen: bets $1.11
morningsky29: folds 
Uncalled bet ($1.11) returned to miamigreen
miamigreen collected $2.23 from pot
miamigreen: doesn't show hand 
*** SUMMARY ***
Total pot $2.33 | Rake $0.10 
Board [4h 9h 6d 8s Kc]
Seat 1: hoperydys (big blind) folded before Flop
Seat 5: miamigreen collected ($2.23)
Seat 6: Count Mole folded before Flop (didn't bet)
Seat 7: morningsky29 folded on the River
Seat 8: hot big fish (button) folded before Flop (didn't bet)
Seat 9: Dorex2007 (small blind) folded before Flop



PokerStars Hand #238018801343:  Hold'em No Limit ($0.05/$0.10 USD) - 2022/08/15 21:30:53 PT [2022/08/16 0:30:53 ET]
Table 'Vanadis III' 9-max Seat #9 is the button
Seat 1: hoperydys ($12.75 in chips) 
Seat 2: Templar85 ($10 in chips) 
Seat 5: miamigreen ($15.37 in chips) 
Seat 6: Count Mole ($17.48 in chips) 
Seat 7: morningsky29 ($6.71 in chips) 
Seat 8: hot big fish ($8.41 in chips) 
Seat 9: Dorex2007 ($12.80 in chips) 
hoperydys: posts small blind $0.05
Templar85: posts big blind $0.10
vkorgik: sits out 
osaboy: sits out 
*** HOLE CARDS ***
Dealt to Dorex2007 [2s 3c]
miamigreen: folds 
Count Mole: folds 
morningsky29: folds 
hot big fish: folds 
Dorex2007: folds 
hoperydys: folds 
Uncalled bet ($0.05) returned to Templar85
Templar85 collected $0.10 from pot
Templar85: doesn't show hand 
*** SUMMARY ***
Total pot $0.10 | Rake $0 
Seat 1: hoperydys (small blind) folded before Flop
Seat 2: Templar85 (big blind) collected ($0.10)
Seat 5: miamigreen folded before Flop (didn't bet)
Seat 6: Count Mole folded before Flop (didn't bet)
Seat 7: morningsky29 folded before Flop (didn't bet)
Seat 8: hot big fish folded before Flop (didn't bet)
Seat 9: Dorex2007 (button) folded before Flop (didn't bet)



PokerStars Hand #238018803437:  Hold'em No Limit ($0.05/$0.10 USD) - 2022/08/15 21:31:10 PT [2022/08/16 0:31:10 ET]
Table 'Vanadis III' 9-max Seat #1 is the button
Seat 1: hoperydys ($12.70 in chips) 
Seat 2: Templar85 ($10.05 in chips) 
Seat 3: vkorgik ($5 in chips) 
Seat 5: miamigreen ($15.37 in chips) 
Seat 6: Count Mole ($17.48 in chips) 
Seat 7: morningsky29 ($6.71 in chips) 
Seat 8: hot big fish ($8.41 in chips) 
Seat 9: Dorex2007 ($12.80 in chips) 
Templar85: posts small blind $0.05
vkorgik: posts big blind $0.10
osaboy: sits out 
*** HOLE CARDS ***
Dealt to Dorex2007 [9h Qd]
miamigreen: folds 
Count Mole: raises $0.20 to $0.30
morningsky29: folds 
hot big fish: calls $0.30
Dorex2007: folds 
hoperydys: folds 
Templar85: folds 
morningsky29 leaves the table
vkorgik: folds 
*** FLOP *** [Kd 6d 2d]
Count Mole: checks 
hot big fish: checks 
*** TURN *** [Kd 6d 2d] [9s]
Count Mole: bets $0.10
hot big fish: calls $0.10
*** RIVER *** [Kd 6d 2d 9s] [3h]
Count Mole: checks 
hot big fish: checks 
*** SHOW DOWN ***
Count Mole: shows [Ac 9c] (a pair of Nines)
hot big fish: shows [Jh Js] (a pair of Jacks)
hot big fish collected $0.91 from pot
*** SUMMARY ***
Total pot $0.95 | Rake $0.04 
Board [Kd 6d 2d 9s 3h]
Seat 1: hoperydys (button) folded before Flop (didn't bet)
Seat 2: Templar85 (small blind) folded before Flop
Seat 3: vkorgik (big blind) folded before Flop
Seat 5: miamigreen folded before Flop (didn't bet)
Seat 6: Count Mole showed [Ac 9c] and lost with a pair of Nines
Seat 7: morningsky29 folded before Flop (didn't bet)
Seat 8: hot big fish showed [Jh Js] and won ($0.91) with a pair of Jacks
Seat 9: Dorex2007 folded before Flop (didn't bet)



PokerStars Hand #238018808574:  Hold'em No Limit ($0.05/$0.10 USD) - 2022/08/15 21:31:54 PT [2022/08/16 0:31:54 ET]
Table 'Vanadis III' 9-max Seat #2 is the button
Seat 1: hoperydys ($12.70 in chips) 
Seat 2: Templar85 ($10 in chips) 
Seat 3: vkorgik ($5 in chips) 
Seat 4: osaboy ($10 in chips) 
Seat 5: miamigreen ($15.37 in chips) 
Seat 6: Count Mole ($17.08 in chips) 
Seat 8: hot big fish ($8.92 in chips) 
Seat 9: Dorex2007 ($12.80 in chips) 
vkorgik: posts small blind $0.05
osaboy: posts big blind $0.10
*** HOLE CARDS ***
Dealt to Dorex2007 [5c 9h]
miamigreen: folds 
Count Mole: folds 
hot big fish: folds 
Dorex2007: folds 
hoperydys: folds 
Templar85: raises $0.10 to $0.20
vkorgik: folds 
osaboy: raises $0.40 to $0.60
Templar85: folds 
Uncalled bet ($0.40) returned to osaboy
osaboy collected $0.45 from pot
osaboy: doesn't show hand 
*** SUMMARY ***
Total pot $0.45 | Rake $0 
Seat 1: hoperydys folded before Flop (didn't bet)
Seat 2: Templar85 (button) folded before Flop
Seat 3: vkorgik (small blind) folded before Flop
Seat 4: osaboy (big blind) collected ($0.45)
Seat 5: miamigreen folded before Flop (didn't bet)
Seat 6: Count Mole folded before Flop (didn't bet)
Seat 8: hot big fish folded before Flop (didn't bet)
Seat 9: Dorex2007 folded before Flop (didn't bet)



PokerStars Hand #238018820327:  Hold'em No Limit ($0.05/$0.10 USD) - 2022/08/15 21:32:32 PT [2022/08/16 0:32:32 ET]
Table 'Vanadis III' 9-max Seat #3 is the button
Seat 1: hoperydys ($12.70 in chips) 
Seat 2: Templar85 ($10 in chips) 
Seat 3: vkorgik ($5 in chips) 
Seat 4: osaboy ($10.25 in chips) 
Seat 5: miamigreen ($15.37 in chips) 
Seat 6: Count Mole ($17.08 in chips) 
Seat 8: hot big fish ($8.92 in chips) 
Seat 9: Dorex2007 ($12.80 in chips) 
osaboy: posts small blind $0.05
miamigreen: posts big blind $0.10
*** HOLE CARDS ***
Dealt to Dorex2007 [Kh 2s]
Count Mole: folds 
hot big fish: folds 
Dorex2007: folds 
hoperydys: raises $0.25 to $0.35
Templar85: folds 
vkorgik: folds 
osaboy: folds 
miamigreen: calls $0.25
*** FLOP *** [Ac Th 3s]
miamigreen: checks 
hoperydys: bets $0.36
miamigreen: calls $0.36
*** TURN *** [Ac Th 3s] [6s]
miamigreen: checks 
hoperydys: checks 
*** RIVER *** [Ac Th 3s 6s] [6d]
miamigreen: bets $0.70
hoperydys: calls $0.70
*** SHOW DOWN ***
miamigreen: shows [Js 8h] (a pair of Sixes)
hoperydys: shows [9h 9d] (two pair, Nines and Sixes)
hoperydys collected $2.74 from pot
*** SUMMARY ***
Total pot $2.87 | Rake $0.13 
Board [Ac Th 3s 6s 6d]
Seat 1: hoperydys showed [9h 9d] and won ($2.74) with two pair, Nines and Sixes
Seat 2: Templar85 folded before Flop (didn't bet)
Seat 3: vkorgik (button) folded before Flop (didn't bet)
Seat 4: osaboy (small blind) folded before Flop
Seat 5: miamigreen (big blind) showed [Js 8h] and lost with a pair of Sixes
Seat 6: Count Mole folded before Flop (didn't bet)
Seat 8: hot big fish folded before Flop (didn't bet)
Seat 9: Dorex2007 folded before Flop (didn't bet)



PokerStars Hand #238018825430:  Hold'em No Limit ($0.05/$0.10 USD) - 2022/08/15 21:33:16 PT [2022/08/16 0:33:16 ET]
Table 'Vanadis III' 9-max Seat #4 is the button
Seat 1: hoperydys ($14.03 in chips) 
Seat 2: Templar85 ($10 in chips) 
Seat 3: vkorgik ($5 in chips) 
Seat 4: osaboy ($10.20 in chips) 
Seat 5: miamigreen ($13.96 in chips) 
Seat 6: Count Mole ($17.08 in chips) 
Seat 8: hot big fish ($8.92 in chips) 
Seat 9: Dorex2007 ($12.80 in chips) 
miamigreen: posts small blind $0.05
Count Mole: posts big blind $0.10
*** HOLE CARDS ***
Dealt to Dorex2007 [4d 6d]
hot big fish: folds 
Dorex2007: folds 
hoperydys: calls $0.10
Templar85: folds 
vkorgik: folds 
osaboy: raises $0.30 to $0.40
miamigreen: folds 
Count Mole: folds 
hoperydys: calls $0.30
*** FLOP *** [Ks 3h 3c]
hoperydys: checks 
osaboy: bets $0.45
hoperydys: folds 
Uncalled bet ($0.45) returned to osaboy
osaboy collected $0.91 from pot
osaboy: doesn't show hand 
*** SUMMARY ***
Total pot $0.95 | Rake $0.04 
Board [Ks 3h 3c]
Seat 1: hoperydys folded on the Flop
Seat 2: Templar85 folded before Flop (didn't bet)
Seat 3: vkorgik folded before Flop (didn't bet)
Seat 4: osaboy (button) collected ($0.91)
Seat 5: miamigreen (small blind) folded before Flop
Seat 6: Count Mole (big blind) folded before Flop
Seat 8: hot big fish folded before Flop (didn't bet)
Seat 9: Dorex2007 folded before Flop (didn't bet)



PokerStars Hand #238018832984:  Hold'em No Limit ($0.05/$0.10 USD) - 2022/08/15 21:34:22 PT [2022/08/16 0:34:22 ET]
Table 'Vanadis III' 9-max Seat #5 is the button
Seat 1: hoperydys ($13.63 in chips) 
Seat 2: Templar85 ($10 in chips) 
Seat 3: vkorgik ($5 in chips) 
Seat 4: osaboy ($10.71 in chips) 
Seat 5: miamigreen ($13.91 in chips) 
Seat 6: Count Mole ($16.98 in chips) 
Seat 8: hot big fish ($8.92 in chips) 
Seat 9: Dorex2007 ($12.80 in chips) 
Count Mole: posts small blind $0.05
hot big fish: posts big blind $0.10
*** HOLE CARDS ***
Dealt to Dorex2007 [9h 4c]
Dorex2007: folds 
hoperydys: folds 
Templar85: folds 
vkorgik: folds 
osaboy: folds 
miamigreen: raises $0.13 to $0.23
Count Mole: folds 
hot big fish: folds 
Uncalled bet ($0.13) returned to miamigreen
miamigreen collected $0.25 from pot
miamigreen: doesn't show hand 
*** SUMMARY ***
Total pot $0.25 | Rake $0 
Seat 1: hoperydys folded before Flop (didn't bet)
Seat 2: Templar85 folded before Flop (didn't bet)
Seat 3: vkorgik folded before Flop (didn't bet)
Seat 4: osaboy folded before Flop (didn't bet)
Seat 5: miamigreen (button) collected ($0.25)
Seat 6: Count Mole (small blind) folded before Flop
Seat 8: hot big fish (big blind) folded before Flop
Seat 9: Dorex2007 folded before Flop (didn't bet)



PokerStars Hand #238018835243:  Hold'em No Limit ($0.05/$0.10 USD) - 2022/08/15 21:34:41 PT [2022/08/16 0:34:41 ET]
Table 'Vanadis III' 9-max Seat #6 is the button
Seat 1: hoperydys ($13.63 in chips) 
Seat 2: Templar85 ($10 in chips) 
Seat 3: vkorgik ($5 in chips) 
Seat 4: osaboy ($10.71 in chips) 
Seat 5: miamigreen ($14.06 in chips) 
Seat 6: Count Mole ($16.93 in chips) 
Seat 8: hot big fish ($8.82 in chips) 
Seat 9: Dorex2007 ($12.80 in chips) 
hot big fish: posts small blind $0.05
Dorex2007: posts big blind $0.10
*** HOLE CARDS ***
Dealt to Dorex2007 [Ad Jc]
hoperydys: calls $0.10
Templar85: folds 
vkorgik: raises $0.30 to $0.40
osaboy: folds 
miamigreen: folds 
Count Mole: folds 
hot big fish: folds 
Dorex2007: calls $0.30
hoperydys: calls $0.30
*** FLOP *** [8s 6d 9c]
Dorex2007: checks 
hoperydys: checks 
vkorgik: bets $0.65
Dorex2007: folds 
hoperydys: folds 
Uncalled bet ($0.65) returned to vkorgik
vkorgik collected $1.19 from pot
vkorgik: doesn't show hand 
*** SUMMARY ***
Total pot $1.25 | Rake $0.06 
Board [8s 6d 9c]
Seat 1: hoperydys folded on the Flop
Seat 2: Templar85 folded before Flop (didn't bet)
Seat 3: vkorgik collected ($1.19)
Seat 4: osaboy folded before Flop (didn't bet)
Seat 5: miamigreen folded before Flop (didn't bet)
Seat 6: Count Mole (button) folded before Flop (didn't bet)
Seat 8: hot big fish (small blind) folded before Flop
Seat 9: Dorex2007 (big blind) folded on the Flop



PokerStars Hand #238018840451:  Hold'em No Limit ($0.05/$0.10 USD) - 2022/08/15 21:35:26 PT [2022/08/16 0:35:26 ET]
Table 'Vanadis III' 9-max Seat #8 is the button
Seat 1: hoperydys ($13.23 in chips) 
Seat 2: Templar85 ($10 in chips) 
Seat 3: vkorgik ($5.79 in chips) 
Seat 4: osaboy ($10.71 in chips) 
Seat 5: miamigreen ($14.06 in chips) 
Seat 6: Count Mole ($16.93 in chips) 
Seat 8: hot big fish ($8.77 in chips) 
Seat 9: Dorex2007 ($12.40 in chips) 
Dorex2007: posts small blind $0.05
hoperydys: posts big blind $0.10
*** HOLE CARDS ***
Dealt to Dorex2007 [4h 8s]
Templar85: folds 
vkorgik: folds 
osaboy: raises $0.30 to $0.40
miamigreen: folds 
Count Mole: folds 
hot big fish: folds 
Dorex2007: folds 
hoperydys: calls $0.30
*** FLOP *** [Kh Tc 4s]
hoperydys: checks 
osaboy: bets $0.40
hoperydys: calls $0.40
*** TURN *** [Kh Tc 4s] [8c]
hoperydys: checks 
osaboy: checks 
*** RIVER *** [Kh Tc 4s 8c] [5s]
hoperydys: checks 
Gh0or joins the table at seat #7 
osaboy: checks 
*** SHOW DOWN ***
hoperydys: shows [Jc 9c] (high card King)
osaboy: shows [6s 6c] (a pair of Sixes)
osaboy collected $1.58 from pot
*** SUMMARY ***
Total pot $1.65 | Rake $0.07 
Board [Kh Tc 4s 8c 5s]
Seat 1: hoperydys (big blind) showed [Jc 9c] and lost with high card King
Seat 2: Templar85 folded before Flop (didn't bet)
Seat 3: vkorgik folded before Flop (didn't bet)
Seat 4: osaboy showed [6s 6c] and won ($1.58) with a pair of Sixes
Seat 5: miamigreen folded before Flop (didn't bet)
Seat 6: Count Mole folded before Flop (didn't bet)
Seat 8: hot big fish (button) folded before Flop (didn't bet)
Seat 9: Dorex2007 (small blind) folded before Flop



PokerStars Hand #238018847672:  Hold'em No Limit ($0.05/$0.10 USD) - 2022/08/15 21:36:29 PT [2022/08/16 0:36:29 ET]
Table 'Vanadis III' 9-max Seat #9 is the button
Seat 1: hoperydys ($12.43 in chips) 
Seat 2: Templar85 ($10 in chips) 
Seat 3: vkorgik ($5.79 in chips) 
Seat 4: osaboy ($11.49 in chips) 
Seat 5: miamigreen ($14.06 in chips) 
Seat 6: Count Mole ($16.93 in chips) 
Seat 8: hot big fish ($8.77 in chips) 
Seat 9: Dorex2007 ($12.35 in chips) 
hoperydys: posts small blind $0.05
Templar85: posts big blind $0.10
Gh0or: sits out 
*** HOLE CARDS ***
Dealt to Dorex2007 [Kd 6s]
vkorgik: folds 
osaboy: folds 
miamigreen: folds 
Count Mole: folds 
hot big fish: folds 
Dorex2007: folds 
hoperydys: calls $0.05
Templar85: checks 
*** FLOP *** [3c 8c Kh]
hoperydys: checks 
Templar85: bets $0.13
hoperydys: folds 
Uncalled bet ($0.13) returned to Templar85
Templar85 collected $0.19 from pot
Templar85: doesn't show hand 
*** SUMMARY ***
Total pot $0.20 | Rake $0.01 
Board [3c 8c Kh]
Seat 1: hoperydys (small blind) folded on the Flop
Seat 2: Templar85 (big blind) collected ($0.19)
Seat 3: vkorgik folded before Flop (didn't bet)
Seat 4: osaboy folded before Flop (didn't bet)
Seat 5: miamigreen folded before Flop (didn't bet)
Seat 6: Count Mole folded before Flop (didn't bet)
Seat 8: hot big fish folded before Flop (didn't bet)
Seat 9: Dorex2007 (button) folded before Flop (didn't bet)



PokerStars Hand #238018850388:  Hold'em No Limit ($0.05/$0.10 USD) - 2022/08/15 21:36:53 PT [2022/08/16 0:36:53 ET]
Table 'Vanadis III' 9-max Seat #1 is the button
Seat 1: hoperydys ($12.33 in chips) 
Seat 2: Templar85 ($10.09 in chips) 
Seat 3: vkorgik ($5.79 in chips) 
Seat 4: osaboy ($11.49 in chips) 
Seat 5: miamigreen ($14.06 in chips) 
Seat 6: Count Mole ($16.93 in chips) 
Seat 8: hot big fish ($8.77 in chips) 
Seat 9: Dorex2007 ($12.35 in chips) 
Templar85: posts small blind $0.05
vkorgik: posts big blind $0.10
Gh0or: sits out 
*** HOLE CARDS ***
Dealt to Dorex2007 [6c 4h]
osaboy: folds 
miamigreen: folds 
Count Mole: folds 
hot big fish: calls $0.10
Dorex2007: folds 
hoperydys: folds 
Templar85: folds 
vkorgik: checks 
*** FLOP *** [6s 8c 3d]
vkorgik: checks 
hot big fish: bets $0.24
vkorgik: folds 
Uncalled bet ($0.24) returned to hot big fish
hot big fish collected $0.24 from pot
hot big fish: doesn't show hand 
*** SUMMARY ***
Total pot $0.25 | Rake $0.01 
Board [6s 8c 3d]
Seat 1: hoperydys (button) folded before Flop (didn't bet)
Seat 2: Templar85 (small blind) folded before Flop
Seat 3: vkorgik (big blind) folded on the Flop
Seat 4: osaboy folded before Flop (didn't bet)
Seat 5: miamigreen folded before Flop (didn't bet)
Seat 6: Count Mole folded before Flop (didn't bet)
Seat 8: hot big fish collected ($0.24)
Seat 9: Dorex2007 folded before Flop (didn't bet)



PokerStars Hand #238018854438:  Hold'em No Limit ($0.05/$0.10 USD) - 2022/08/15 21:37:28 PT [2022/08/16 0:37:28 ET]
Table 'Vanadis III' 9-max Seat #2 is the button
Seat 1: hoperydys ($12.33 in chips) 
Seat 2: Templar85 ($10.04 in chips) 
Seat 3: vkorgik ($5.69 in chips) 
Seat 4: osaboy ($11.49 in chips) 
Seat 5: miamigreen ($14.06 in chips) 
Seat 6: Count Mole ($16.93 in chips) 
Seat 8: hot big fish ($8.91 in chips) 
Seat 9: Dorex2007 ($12.35 in chips) 
vkorgik: posts small blind $0.05
osaboy: posts big blind $0.10
Gh0or: sits out 
*** HOLE CARDS ***
Dealt to Dorex2007 [6s Ts]
miamigreen: raises $0.13 to $0.23
Count Mole: calls $0.23
hot big fish: calls $0.23
Dorex2007: folds 
hoperydys: folds 
Templar85: calls $0.23
vkorgik: folds 
osaboy: folds 
*** FLOP *** [Tc Jc Ad]
miamigreen: bets $0.68
Count Mole: folds 
hot big fish: folds 
Templar85: calls $0.68
*** TURN *** [Tc Jc Ad] [2d]
miamigreen: bets $2.32
Templar85: raises $3.68 to $6
miamigreen: raises $7.15 to $13.15 and is all-in
Templar85: calls $3.13 and is all-in
Uncalled bet ($4.02) returned to miamigreen
*** RIVER *** [Tc Jc Ad 2d] [Ks]
*** SHOW DOWN ***
miamigreen: shows [Td Th] (three of a kind, Tens)
Templar85: shows [Qc Kc] (a straight, Ten to Ace)
Templar85 collected $19.76 from pot
*** SUMMARY ***
Total pot $20.69 | Rake $0.93 
Board [Tc Jc Ad 2d Ks]
Seat 1: hoperydys folded before Flop (didn't bet)
Seat 2: Templar85 (button) showed [Qc Kc] and won ($19.76) with a straight, Ten to Ace
Seat 3: vkorgik (small blind) folded before Flop
Seat 4: osaboy (big blind) folded before Flop
Seat 5: miamigreen showed [Td Th] and lost with three of a kind, Tens
Seat 6: Count Mole folded on the Flop
Seat 8: hot big fish folded on the Flop
Seat 9: Dorex2007 folded before Flop (didn't bet)



PokerStars Hand #238018863854:  Hold'em No Limit ($0.05/$0.10 USD) - 2022/08/15 21:38:49 PT [2022/08/16 0:38:49 ET]
Table 'Vanadis III' 9-max Seat #3 is the button
Seat 1: hoperydys ($12.33 in chips) 
Seat 2: Templar85 ($19.76 in chips) 
Seat 3: vkorgik ($5.64 in chips) 
Seat 4: osaboy ($11.39 in chips) 
Seat 5: miamigreen ($4.02 in chips) 
Seat 6: Count Mole ($16.70 in chips) 
Seat 8: hot big fish ($8.68 in chips) 
Seat 9: Dorex2007 ($12.35 in chips) 
osaboy: posts small blind $0.05
miamigreen: posts big blind $0.10
Gh0or: sits out 
*** HOLE CARDS ***
Dealt to Dorex2007 [3d Ad]
Count Mole: folds 
hot big fish: folds 
Dorex2007: calls $0.10
hoperydys: folds 
Templar85: folds 
vkorgik: folds 
osaboy: folds 
miamigreen: checks 
*** FLOP *** [3s Js 2c]
miamigreen: checks 
Dorex2007: bets $0.16
miamigreen: calls $0.16
*** TURN *** [3s Js 2c] [Qs]
miamigreen: checks 
Dorex2007: checks 
*** RIVER *** [3s Js 2c Qs] [Ac]
miamigreen: bets $3.76 and is all-in
Dorex2007: folds 
Uncalled bet ($3.76) returned to miamigreen
miamigreen collected $0.54 from pot
miamigreen: doesn't show hand 
*** SUMMARY ***
Total pot $0.57 | Rake $0.03 
Board [3s Js 2c Qs Ac]
Seat 1: hoperydys folded before Flop (didn't bet)
Seat 2: Templar85 folded before Flop (didn't bet)
Seat 3: vkorgik (button) folded before Flop (didn't bet)
Seat 4: osaboy (small blind) folded before Flop
Seat 5: miamigreen (big blind) collected ($0.54)
Seat 6: Count Mole folded before Flop (didn't bet)
Seat 8: hot big fish folded before Flop (didn't bet)
Seat 9: Dorex2007 folded on the River



PokerStars Hand #238018869988:  Hold'em No Limit ($0.05/$0.10 USD) - 2022/08/15 21:39:42 PT [2022/08/16 0:39:42 ET]
Table 'Vanadis III' 9-max Seat #4 is the button
Seat 1: hoperydys ($12.33 in chips) 
Seat 2: Templar85 ($19.76 in chips) 
Seat 3: vkorgik ($5.64 in chips) 
Seat 4: osaboy ($11.34 in chips) 
Seat 5: miamigreen ($4.30 in chips) 
Seat 6: Count Mole ($16.70 in chips) 
Seat 8: hot big fish ($8.68 in chips) 
Seat 9: Dorex2007 ($12.09 in chips) 
miamigreen: posts small blind $0.05
Count Mole: posts big blind $0.10
Gh0or: sits out 
*** HOLE CARDS ***
Dealt to Dorex2007 [7c Jd]
hot big fish: folds 
Dorex2007: folds 
hoperydys: folds 
Templar85: folds 
vkorgik: folds 
osaboy: raises $0.30 to $0.40
miamigreen: folds 
Count Mole: folds 
Uncalled bet ($0.30) returned to osaboy
osaboy collected $0.25 from pot
osaboy: doesn't show hand 
*** SUMMARY ***
Total pot $0.25 | Rake $0 
Seat 1: hoperydys folded before Flop (didn't bet)
Seat 2: Templar85 folded before Flop (didn't bet)
Seat 3: vkorgik folded before Flop (didn't bet)
Seat 4: osaboy (button) collected ($0.25)
Seat 5: miamigreen (small blind) folded before Flop
Seat 6: Count Mole (big blind) folded before Flop
Seat 8: hot big fish folded before Flop (didn't bet)
Seat 9: Dorex2007 folded before Flop (didn't bet)



PokerStars Hand #238018872939:  Hold'em No Limit ($0.05/$0.10 USD) - 2022/08/15 21:40:07 PT [2022/08/16 0:40:07 ET]
Table 'Vanadis III' 9-max Seat #5 is the button
Seat 1: hoperydys ($12.33 in chips) 
Seat 2: Templar85 ($19.76 in chips) 
Seat 3: vkorgik ($5.64 in chips) 
Seat 4: osaboy ($11.49 in chips) 
Seat 5: miamigreen ($4.25 in chips) 
Seat 6: Count Mole ($16.60 in chips) 
Seat 7: Gh0or ($10 in chips) 
Seat 8: hot big fish ($8.68 in chips) 
Seat 9: Dorex2007 ($12.09 in chips) 
Count Mole: posts small blind $0.05
Gh0or: posts big blind $0.10
*** HOLE CARDS ***
Dealt to Dorex2007 [8c 3h]
hot big fish: raises $0.10 to $0.20
Dorex2007: folds 
hoperydys: folds 
Templar85: calls $0.20
vkorgik: folds 
osaboy: folds 
miamigreen: folds 
Count Mole: folds 
Gh0or: calls $0.10
*** FLOP *** [8s 9h 8d]
Gh0or: checks 
hot big fish: checks 
Templar85: bets $0.31
Gh0or: calls $0.31
hot big fish: folds 
*** TURN *** [8s 9h 8d] [2s]
Gh0or: checks 
Templar85: checks 
*** RIVER *** [8s 9h 8d 2s] [9c]
Gh0or: checks 
Templar85: checks 
*** SHOW DOWN ***
Gh0or: shows [Kh Ks] (two pair, Kings and Nines)
Templar85: mucks hand 
Gh0or collected $1.21 from pot
*** SUMMARY ***
Total pot $1.27 | Rake $0.06 
Board [8s 9h 8d 2s 9c]
Seat 1: hoperydys folded before Flop (didn't bet)
Seat 2: Templar85 mucked [5h 5s]
Seat 3: vkorgik folded before Flop (didn't bet)
Seat 4: osaboy folded before Flop (didn't bet)
Seat 5: miamigreen (button) folded before Flop (didn't bet)
Seat 6: Count Mole (small blind) folded before Flop
Seat 7: Gh0or (big blind) showed [Kh Ks] and won ($1.21) with two pair, Kings and Nines
Seat 8: hot big fish folded on the Flop
Seat 9: Dorex2007 folded before Flop (didn't bet)



PokerStars Hand #238018880417:  Hold'em No Limit ($0.05/$0.10 USD) - 2022/08/15 21:41:13 PT [2022/08/16 0:41:13 ET]
Table 'Vanadis III' 9-max Seat #6 is the button
Seat 1: hoperydys ($12.33 in chips) 
Seat 2: Templar85 ($19.25 in chips) 
Seat 3: vkorgik ($5.64 in chips) 
Seat 4: osaboy ($11.49 in chips) 
Seat 5: miamigreen ($4.25 in chips) 
Seat 6: Count Mole ($16.55 in chips) 
Seat 7: Gh0or ($10.70 in chips) 
Seat 8: hot big fish ($8.48 in chips) 
Seat 9: Dorex2007 ($12.09 in chips) 
Gh0or: posts small blind $0.05
hot big fish: posts big blind $0.10
*** HOLE CARDS ***
Dealt to Dorex2007 [Ah 8d]
Dorex2007: folds 
hoperydys: folds 
Templar85: folds 
vkorgik: folds 
osaboy: folds 
miamigreen: folds 
Count Mole: folds 
Gh0or: raises $0.20 to $0.30
hot big fish: folds 
Uncalled bet ($0.20) returned to Gh0or
Gh0or collected $0.20 from pot
Gh0or: doesn't show hand 
*** SUMMARY ***
Total pot $0.20 | Rake $0 
Seat 1: hoperydys folded before Flop (didn't bet)
Seat 2: Templar85 folded before Flop (didn't bet)
Seat 3: vkorgik folded before Flop (didn't bet)
Seat 4: osaboy folded before Flop (didn't bet)
Seat 5: miamigreen folded before Flop (didn't bet)
Seat 6: Count Mole (button) folded before Flop (didn't bet)
Seat 7: Gh0or (small blind) collected ($0.20)
Seat 8: hot big fish (big blind) folded before Flop
Seat 9: Dorex2007 folded before Flop (didn't bet)



PokerStars Hand #238018882989:  Hold'em No Limit ($0.05/$0.10 USD) - 2022/08/15 21:41:35 PT [2022/08/16 0:41:35 ET]
Table 'Vanadis III' 9-max Seat #7 is the button
Seat 1: hoperydys ($12.33 in chips) 
Seat 2: Templar85 ($19.25 in chips) 
Seat 3: vkorgik ($5.64 in chips) 
Seat 4: osaboy ($11.49 in chips) 
Seat 5: miamigreen ($4.25 in chips) 
Seat 6: Count Mole ($16.55 in chips) 
Seat 7: Gh0or ($10.80 in chips) 
Seat 8: hot big fish ($8.38 in chips) 
Seat 9: Dorex2007 ($12.09 in chips) 
hot big fish: posts small blind $0.05
Dorex2007: posts big blind $0.10
*** HOLE CARDS ***
Dealt to Dorex2007 [2d 8d]
hoperydys: calls $0.10
Templar85: folds 
vkorgik: folds 
osaboy: folds 
miamigreen: folds 
Count Mole: folds 
Gh0or: folds 
hot big fish: folds 
Dorex2007: checks 
*** FLOP *** [Kd Ts 6h]
Dorex2007: checks 
hoperydys: checks 
*** TURN *** [Kd Ts 6h] [4c]
Dorex2007: checks 
hoperydys: checks 
*** RIVER *** [Kd Ts 6h 4c] [3c]
Dorex2007: checks 
hoperydys: checks 
*** SHOW DOWN ***
Dorex2007: shows [2d 8d] (high card King)
hoperydys: shows [6d 7d] (a pair of Sixes)
hoperydys collected $0.24 from pot
*** SUMMARY ***
Total pot $0.25 | Rake $0.01 
Board [Kd Ts 6h 4c 3c]
Seat 1: hoperydys showed [6d 7d] and won ($0.24) with a pair of Sixes
Seat 2: Templar85 folded before Flop (didn't bet)
Seat 3: vkorgik folded before Flop (didn't bet)
Seat 4: osaboy folded before Flop (didn't bet)
Seat 5: miamigreen folded before Flop (didn't bet)
Seat 6: Count Mole folded before Flop (didn't bet)
Seat 7: Gh0or (button) folded before Flop (didn't bet)
Seat 8: hot big fish (small blind) folded before Flop
Seat 9: Dorex2007 (big blind) showed [2d 8d] and lost with high card King



PokerStars Hand #238018891360:  Hold'em No Limit ($0.05/$0.10 USD) - 2022/08/15 21:42:50 PT [2022/08/16 0:42:50 ET]
Table 'Vanadis III' 9-max Seat #8 is the button
Seat 1: hoperydys ($12.47 in chips) 
Seat 2: Templar85 ($19.25 in chips) 
Seat 3: vkorgik ($5.64 in chips) 
Seat 4: osaboy ($11.49 in chips) 
Seat 5: miamigreen ($4.25 in chips) 
Seat 6: Count Mole ($16.55 in chips) 
Seat 7: Gh0or ($10.80 in chips) 
Seat 8: hot big fish ($8.33 in chips) 
Seat 9: Dorex2007 ($11.99 in chips) 
Dorex2007: posts small blind $0.05
hoperydys: posts big blind $0.10
*** HOLE CARDS ***
Dealt to Dorex2007 [Ad 7s]
Templar85: folds 
vkorgik: folds 
osaboy: folds 
miamigreen: raises $0.13 to $0.23
Count Mole: folds 
Gh0or: folds 
hot big fish: folds 
Dorex2007: folds 
hoperydys: folds 
Uncalled bet ($0.13) returned to miamigreen
miamigreen collected $0.25 from pot
miamigreen: doesn't show hand 
*** SUMMARY ***
Total pot $0.25 | Rake $0 
Seat 1: hoperydys (big blind) folded before Flop
Seat 2: Templar85 folded before Flop (didn't bet)
Seat 3: vkorgik folded before Flop (didn't bet)
Seat 4: osaboy folded before Flop (didn't bet)
Seat 5: miamigreen collected ($0.25)
Seat 6: Count Mole folded before Flop (didn't bet)
Seat 7: Gh0or folded before Flop (didn't bet)
Seat 8: hot big fish (button) folded before Flop (didn't bet)
Seat 9: Dorex2007 (small blind) folded before Flop



PokerStars Hand #238018894254:  Hold'em No Limit ($0.05/$0.10 USD) - 2022/08/15 21:43:15 PT [2022/08/16 0:43:15 ET]
Table 'Vanadis III' 9-max Seat #9 is the button
Seat 1: hoperydys ($12.37 in chips) 
Seat 2: Templar85 ($19.25 in chips) 
Seat 3: vkorgik ($5.64 in chips) 
Seat 4: osaboy ($11.49 in chips) 
Seat 5: miamigreen ($4.40 in chips) 
Seat 6: Count Mole ($16.55 in chips) 
Seat 7: Gh0or ($10.80 in chips) 
Seat 8: hot big fish ($8.33 in chips) 
Seat 9: Dorex2007 ($11.94 in chips) 
hoperydys: posts small blind $0.05
Templar85: posts big blind $0.10
*** HOLE CARDS ***
Dealt to Dorex2007 [Th 3s]
vkorgik: folds 
osaboy: folds 
miamigreen: folds 
Count Mole: folds 
Gh0or: folds 
hot big fish: calls $0.10
Dorex2007: folds 
hoperydys: raises $0.30 to $0.40
Templar85: folds 
hot big fish: folds 
Uncalled bet ($0.30) returned to hoperydys
hoperydys collected $0.30 from pot
*** SUMMARY ***
Total pot $0.30 | Rake $0 
Seat 1: hoperydys (small blind) collected ($0.30)
Seat 2: Templar85 (big blind) folded before Flop
Seat 3: vkorgik folded before Flop (didn't bet)
Seat 4: osaboy folded before Flop (didn't bet)
Seat 5: miamigreen folded before Flop (didn't bet)
Seat 6: Count Mole folded before Flop (didn't bet)
Seat 7: Gh0or folded before Flop (didn't bet)
Seat 8: hot big fish folded before Flop
Seat 9: Dorex2007 (button) folded before Flop (didn't bet)



PokerStars Hand #238018896463:  Hold'em No Limit ($0.05/$0.10 USD) - 2022/08/15 21:43:34 PT [2022/08/16 0:43:34 ET]
Table 'Vanadis III' 9-max Seat #1 is the button
Seat 1: hoperydys ($12.57 in chips) 
Seat 2: Templar85 ($19.15 in chips) 
Seat 3: vkorgik ($5.64 in chips) 
Seat 4: osaboy ($11.49 in chips) 
Seat 5: miamigreen ($4.40 in chips) 
Seat 6: Count Mole ($16.55 in chips) 
Seat 7: Gh0or ($10.80 in chips) 
Seat 8: hot big fish ($8.23 in chips) 
Seat 9: Dorex2007 ($11.94 in chips) 
Templar85: posts small blind $0.05
vkorgik: posts big blind $0.10
*** HOLE CARDS ***
Dealt to Dorex2007 [5c 9d]
osaboy: folds 
miamigreen: raises $0.13 to $0.23
Count Mole: folds 
Gh0or: folds 
hot big fish: folds 
Dorex2007: folds 
hoperydys: folds 
Templar85: folds 
vkorgik: folds 
Uncalled bet ($0.13) returned to miamigreen
miamigreen collected $0.25 from pot
miamigreen: doesn't show hand 
*** SUMMARY ***
Total pot $0.25 | Rake $0 
Seat 1: hoperydys (button) folded before Flop (didn't bet)
Seat 2: Templar85 (small blind) folded before Flop
Seat 3: vkorgik (big blind) folded before Flop
Seat 4: osaboy folded before Flop (didn't bet)
Seat 5: miamigreen collected ($0.25)
Seat 6: Count Mole folded before Flop (didn't bet)
Seat 7: Gh0or folded before Flop (didn't bet)
Seat 8: hot big fish folded before Flop (didn't bet)
Seat 9: Dorex2007 folded before Flop (didn't bet)



PokerStars Hand #238018900667:  Hold'em No Limit ($0.05/$0.10 USD) - 2022/08/15 21:44:10 PT [2022/08/16 0:44:10 ET]
Table 'Vanadis III' 9-max Seat #2 is the button
Seat 1: hoperydys ($12.57 in chips) 
Seat 2: Templar85 ($19.10 in chips) 
Seat 3: vkorgik ($5.54 in chips) 
Seat 4: osaboy ($11.49 in chips) 
Seat 5: miamigreen ($4.55 in chips) 
Seat 6: Count Mole ($16.55 in chips) 
Seat 7: Gh0or ($10.80 in chips) 
Seat 8: hot big fish ($8.23 in chips) 
Seat 9: Dorex2007 ($11.94 in chips) 
vkorgik: posts small blind $0.05
osaboy: posts big blind $0.10
*** HOLE CARDS ***
Dealt to Dorex2007 [3s 2c]
miamigreen: folds 
Count Mole: folds 
Gh0or: calls $0.10
hot big fish: calls $0.10
Dorex2007: folds 
hoperydys: folds 
Templar85: folds 
vkorgik: folds 
osaboy: checks 
*** FLOP *** [4h 6c 2h]
osaboy: checks 
Gh0or: bets $0.10
hot big fish: calls $0.10
osaboy: folds 
*** TURN *** [4h 6c 2h] [Jh]
Gh0or: checks 
hot big fish: bets $0.53
Gh0or: calls $0.53
*** RIVER *** [4h 6c 2h Jh] [9h]
Gh0or: bets $0.30
hot big fish: raises $0.30 to $0.60
Gh0or: raises $0.70 to $1.30
hot big fish: folds 
Uncalled bet ($0.70) returned to Gh0or
Gh0or collected $2.68 from pot
Gh0or: doesn't show hand 
*** SUMMARY ***
Total pot $2.81 | Rake $0.13 
Board [4h 6c 2h Jh 9h]
Seat 1: hoperydys folded before Flop (didn't bet)
Seat 2: Templar85 (button) folded before Flop (didn't bet)
Seat 3: vkorgik (small blind) folded before Flop
Seat 4: osaboy (big blind) folded on the Flop
Seat 5: miamigreen folded before Flop (didn't bet)
Seat 6: Count Mole folded before Flop (didn't bet)
Seat 7: Gh0or collected ($2.68)
Seat 8: hot big fish folded on the River
Seat 9: Dorex2007 folded before Flop (didn't bet)



PokerStars Hand #238018915383:  Hold'em No Limit ($0.05/$0.10 USD) - 2022/08/15 21:46:18 PT [2022/08/16 0:46:18 ET]
Table 'Vanadis III' 9-max Seat #3 is the button
Seat 1: hoperydys ($12.57 in chips) 
Seat 2: Templar85 ($19.10 in chips) 
Seat 3: vkorgik ($5.49 in chips) 
Seat 4: osaboy ($11.39 in chips) 
Seat 5: miamigreen ($4.55 in chips) 
Seat 6: Count Mole ($16.55 in chips) 
Seat 7: Gh0or ($12.15 in chips) 
Seat 8: hot big fish ($6.90 in chips) 
Seat 9: Dorex2007 ($11.94 in chips) 
osaboy: posts small blind $0.05
miamigreen: posts big blind $0.10
*** HOLE CARDS ***
Dealt to Dorex2007 [7c Ks]
Count Mole: folds 
Gh0or: folds 
hot big fish: calls $0.10
Dorex2007: folds 
hoperydys: folds 
Templar85: folds 
vkorgik: folds 
osaboy: folds 
miamigreen: raises $0.60 to $0.70
hot big fish: folds 
Uncalled bet ($0.60) returned to miamigreen
miamigreen collected $0.25 from pot
miamigreen: doesn't show hand 
*** SUMMARY ***
Total pot $0.25 | Rake $0 
Seat 1: hoperydys folded before Flop (didn't bet)
Seat 2: Templar85 folded before Flop (didn't bet)
Seat 3: vkorgik (button) folded before Flop (didn't bet)
Seat 4: osaboy (small blind) folded before Flop
Seat 5: miamigreen (big blind) collected ($0.25)
Seat 6: Count Mole folded before Flop (didn't bet)
Seat 7: Gh0or folded before Flop (didn't bet)
Seat 8: hot big fish folded before Flop
Seat 9: Dorex2007 folded before Flop (didn't bet)



PokerStars Hand #238018919026:  Hold'em No Limit ($0.05/$0.10 USD) - 2022/08/15 21:46:50 PT [2022/08/16 0:46:50 ET]
Table 'Vanadis III' 9-max Seat #4 is the button
Seat 1: hoperydys ($12.57 in chips) 
Seat 2: Templar85 ($19.10 in chips) 
Seat 3: vkorgik ($5.49 in chips) 
Seat 4: osaboy ($11.34 in chips) 
Seat 5: miamigreen ($4.70 in chips) 
Seat 6: Count Mole ($16.55 in chips) 
Seat 7: Gh0or ($12.15 in chips) 
Seat 8: hot big fish ($6.80 in chips) 
Seat 9: Dorex2007 ($11.94 in chips) 
miamigreen: posts small blind $0.05
Count Mole: posts big blind $0.10
*** HOLE CARDS ***
Dealt to Dorex2007 [7s Qs]
Gh0or: folds 
hot big fish: folds 
Dorex2007: folds 
hoperydys has timed out
hoperydys: folds 
Templar85: folds 
vkorgik: folds 
osaboy: folds 
miamigreen: folds 
Uncalled bet ($0.05) returned to Count Mole
Count Mole collected $0.10 from pot
Count Mole: doesn't show hand 
*** SUMMARY ***
Total pot $0.10 | Rake $0 
Seat 1: hoperydys folded before Flop (didn't bet)
Seat 2: Templar85 folded before Flop (didn't bet)
Seat 3: vkorgik folded before Flop (didn't bet)
Seat 4: osaboy (button) folded before Flop (didn't bet)
Seat 5: miamigreen (small blind) folded before Flop
Seat 6: Count Mole (big blind) collected ($0.10)
Seat 7: Gh0or folded before Flop (didn't bet)
Seat 8: hot big fish folded before Flop (didn't bet)
Seat 9: Dorex2007 folded before Flop (didn't bet)



PokerStars Hand #238018922871:  Hold'em No Limit ($0.05/$0.10 USD) - 2022/08/15 21:47:24 PT [2022/08/16 0:47:24 ET]
Table 'Vanadis III' 9-max Seat #5 is the button
Seat 2: Templar85 ($19.10 in chips) 
Seat 3: vkorgik ($5.49 in chips) 
Seat 4: osaboy ($11.34 in chips) 
Seat 5: miamigreen ($4.65 in chips) 
Seat 6: Count Mole ($16.60 in chips) 
Seat 7: Gh0or ($12.15 in chips) 
Seat 8: hot big fish ($6.80 in chips) 
Seat 9: Dorex2007 ($11.94 in chips) 
Count Mole: posts small blind $0.05
Gh0or: posts big blind $0.10
*** HOLE CARDS ***
Dealt to Dorex2007 [9h Kh]
hot big fish: folds 
Dorex2007: calls $0.10
Templar85: raises $0.30 to $0.40
vkorgik: folds 
osaboy: folds 
miamigreen: folds 
Count Mole: folds 
Gh0or: folds 
Dorex2007: folds 
Uncalled bet ($0.30) returned to Templar85
Templar85 collected $0.35 from pot
Templar85: doesn't show hand 
*** SUMMARY ***
Total pot $0.35 | Rake $0 
Seat 2: Templar85 collected ($0.35)
Seat 3: vkorgik folded before Flop (didn't bet)
Seat 4: osaboy folded before Flop (didn't bet)
Seat 5: miamigreen (button) folded before Flop (didn't bet)
Seat 6: Count Mole (small blind) folded before Flop
Seat 7: Gh0or (big blind) folded before Flop
Seat 8: hot big fish folded before Flop (didn't bet)
Seat 9: Dorex2007 folded before Flop



PokerStars Hand #238018933310:  Hold'em No Limit ($0.05/$0.10 USD) - 2022/08/15 21:48:01 PT [2022/08/16 0:48:01 ET]
Table 'Vanadis III' 9-max Seat #6 is the button
Seat 2: Templar85 ($19.35 in chips) 
Seat 3: vkorgik ($5.49 in chips) 
Seat 4: osaboy ($11.34 in chips) 
Seat 5: miamigreen ($4.65 in chips) 
Seat 6: Count Mole ($16.55 in chips) 
Seat 7: Gh0or ($12.05 in chips) 
Seat 8: hot big fish ($6.80 in chips) 
Seat 9: Dorex2007 ($11.84 in chips) 
Gh0or: posts small blind $0.05
hot big fish: posts big blind $0.10
*** HOLE CARDS ***
Dealt to Dorex2007 [Ts 8c]
Dorex2007: folds 
Templar85: folds 
vkorgik: raises $0.13 to $0.23
osaboy: folds 
miamigreen: folds 
Count Mole: folds 
Gh0or: folds 
hot big fish: calls $0.13
*** FLOP *** [2d 6h Jh]
hot big fish: checks 
vkorgik: bets $0.37
hot big fish: calls $0.37
*** TURN *** [2d 6h Jh] [4d]
hot big fish: checks 
vkorgik: bets $1.49
hot big fish: calls $1.49
*** RIVER *** [2d 6h Jh 4d] [8h]
hot big fish: bets $1.80
vkorgik: calls $1.80
*** SHOW DOWN ***
hot big fish: shows [4h Ah] (a flush, Ace high)
vkorgik: mucks hand 
hot big fish collected $7.48 from pot
*** SUMMARY ***
Total pot $7.83 | Rake $0.35 
Board [2d 6h Jh 4d 8h]
Seat 2: Templar85 folded before Flop (didn't bet)
Seat 3: vkorgik mucked [Jd Jc]
Seat 4: osaboy folded before Flop (didn't bet)
Seat 5: miamigreen folded before Flop (didn't bet)
Seat 6: Count Mole (button) folded before Flop (didn't bet)
Seat 7: Gh0or (small blind) folded before Flop
Seat 8: hot big fish (big blind) showed [4h Ah] and won ($7.48) with a flush, Ace high
Seat 9: Dorex2007 folded before Flop (didn't bet)



PokerStars Hand #238018948258:  Hold'em No Limit ($0.05/$0.10 USD) - 2022/08/15 21:50:14 PT [2022/08/16 0:50:14 ET]
Table 'Vanadis III' 9-max Seat #7 is the button
Seat 1: hoperydys ($12.57 in chips) 
Seat 2: Templar85 ($19.35 in chips) 
Seat 3: vkorgik ($5 in chips) 
Seat 4: osaboy ($11.34 in chips) 
Seat 5: miamigreen ($4.65 in chips) 
Seat 6: Count Mole ($16.55 in chips) 
Seat 7: Gh0or ($12 in chips) 
Seat 8: hot big fish ($10.39 in chips) 
Seat 9: Dorex2007 ($11.84 in chips) 
hot big fish: posts small blind $0.05
Dorex2007: posts big blind $0.10
*** HOLE CARDS ***
Dealt to Dorex2007 [3s Ac]
hoperydys: folds 
Templar85: folds 
vkorgik: folds 
osaboy: folds 
miamigreen: raises $0.13 to $0.23
Count Mole: folds 
Gh0or: folds 
hot big fish: folds 
Dorex2007: folds 
Uncalled bet ($0.13) returned to miamigreen
miamigreen collected $0.25 from pot
miamigreen: doesn't show hand 
*** SUMMARY ***
Total pot $0.25 | Rake $0 
Seat 1: hoperydys folded before Flop (didn't bet)
Seat 2: Templar85 folded before Flop (didn't bet)
Seat 3: vkorgik folded before Flop (didn't bet)
Seat 4: osaboy folded before Flop (didn't bet)
Seat 5: miamigreen collected ($0.25)
Seat 6: Count Mole folded before Flop (didn't bet)
Seat 7: Gh0or (button) folded before Flop (didn't bet)
Seat 8: hot big fish (small blind) folded before Flop
Seat 9: Dorex2007 (big blind) folded before Flop



PokerStars Hand #238018951141:  Hold'em No Limit ($0.05/$0.10 USD) - 2022/08/15 21:50:40 PT [2022/08/16 0:50:40 ET]
Table 'Vanadis III' 9-max Seat #8 is the button
Seat 1: hoperydys ($12.57 in chips) 
Seat 2: Templar85 ($19.35 in chips) 
Seat 3: vkorgik ($5 in chips) 
Seat 4: osaboy ($11.34 in chips) 
Seat 5: miamigreen ($4.80 in chips) 
Seat 6: Count Mole ($16.55 in chips) 
Seat 7: Gh0or ($12 in chips) 
Seat 8: hot big fish ($10.34 in chips) 
Seat 9: Dorex2007 ($11.74 in chips) 
Dorex2007: posts small blind $0.05
hoperydys: posts big blind $0.10
*** HOLE CARDS ***
Dealt to Dorex2007 [8h As]
Templar85: folds 
vkorgik: folds 
osaboy: folds 
miamigreen: folds 
Count Mole: raises $0.20 to $0.30
Gh0or: folds 
hot big fish: folds 
Dorex2007: folds 
hoperydys: folds 
Uncalled bet ($0.20) returned to Count Mole
Count Mole collected $0.25 from pot
Count Mole: doesn't show hand 
*** SUMMARY ***
Total pot $0.25 | Rake $0 
Seat 1: hoperydys (big blind) folded before Flop
Seat 2: Templar85 folded before Flop (didn't bet)
Seat 3: vkorgik folded before Flop (didn't bet)
Seat 4: osaboy folded before Flop (didn't bet)
Seat 5: miamigreen folded before Flop (didn't bet)
Seat 6: Count Mole collected ($0.25)
Seat 7: Gh0or folded before Flop (didn't bet)
Seat 8: hot big fish (button) folded before Flop (didn't bet)
Seat 9: Dorex2007 (small blind) folded before Flop



PokerStars Hand #238018953962:  Hold'em No Limit ($0.05/$0.10 USD) - 2022/08/15 21:51:05 PT [2022/08/16 0:51:05 ET]
Table 'Vanadis III' 9-max Seat #9 is the button
Seat 1: hoperydys ($12.47 in chips) 
Seat 2: Templar85 ($19.35 in chips) 
Seat 3: vkorgik ($5 in chips) 
Seat 4: osaboy ($11.34 in chips) 
Seat 5: miamigreen ($4.80 in chips) 
Seat 6: Count Mole ($16.70 in chips) 
Seat 7: Gh0or ($12 in chips) 
Seat 8: hot big fish ($10.34 in chips) 
Seat 9: Dorex2007 ($11.69 in chips) 
hoperydys: posts small blind $0.05
Templar85: posts big blind $0.10
*** HOLE CARDS ***
Dealt to Dorex2007 [6h As]
vkorgik: folds 
osaboy: folds 
miamigreen: raises $0.13 to $0.23
Count Mole: folds 
Gh0or: folds 
hot big fish: calls $0.23
Dorex2007: folds 
hoperydys: folds 
Templar85: folds 
*** FLOP *** [3d Ks Th]
miamigreen: bets $0.29
hot big fish: calls $0.29
*** TURN *** [3d Ks Th] [2c]
miamigreen: checks 
hot big fish: checks 
*** RIVER *** [3d Ks Th 2c] [Tc]
miamigreen: checks 
hot big fish: checks 
*** SHOW DOWN ***
miamigreen: shows [5d Ad] (a pair of Tens)
hot big fish: shows [Kh Jc] (two pair, Kings and Tens)
hot big fish collected $1.14 from pot
*** SUMMARY ***
Total pot $1.19 | Rake $0.05 
Board [3d Ks Th 2c Tc]
Seat 1: hoperydys (small blind) folded before Flop
Seat 2: Templar85 (big blind) folded before Flop
Seat 3: vkorgik folded before Flop (didn't bet)
Seat 4: osaboy folded before Flop (didn't bet)
Seat 5: miamigreen showed [5d Ad] and lost with a pair of Tens
Seat 6: Count Mole folded before Flop (didn't bet)
Seat 7: Gh0or folded before Flop (didn't bet)
Seat 8: hot big fish showed [Kh Jc] and won ($1.14) with two pair, Kings and Tens
Seat 9: Dorex2007 (button) folded before Flop (didn't bet)



PokerStars Hand #238018959734:  Hold'em No Limit ($0.05/$0.10 USD) - 2022/08/15 21:51:57 PT [2022/08/16 0:51:57 ET]
Table 'Vanadis III' 9-max Seat #1 is the button
Seat 1: hoperydys ($12.42 in chips) 
Seat 2: Templar85 ($19.25 in chips) 
Seat 4: osaboy ($11.34 in chips) 
Seat 5: miamigreen ($4.28 in chips) 
Seat 6: Count Mole ($16.70 in chips) 
Seat 7: Gh0or ($12 in chips) 
Seat 8: hot big fish ($10.96 in chips) 
Seat 9: Dorex2007 ($11.69 in chips) 
Templar85: posts small blind $0.05
vkorgik: is sitting out 
osaboy: posts big blind $0.10
*** HOLE CARDS ***
Dealt to Dorex2007 [Kh Js]
miamigreen: folds 
Count Mole: folds 
Gh0or: folds 
hot big fish: folds 
Dorex2007: raises $0.10 to $0.20
hoperydys: folds 
Templar85: folds 
osaboy: folds 
Uncalled bet ($0.10) returned to Dorex2007
Dorex2007 collected $0.25 from pot
Dorex2007: doesn't show hand 
*** SUMMARY ***
Total pot $0.25 | Rake $0 
Seat 1: hoperydys (button) folded before Flop (didn't bet)
Seat 2: Templar85 (small blind) folded before Flop
Seat 4: osaboy (big blind) folded before Flop
Seat 5: miamigreen folded before Flop (didn't bet)
Seat 6: Count Mole folded before Flop (didn't bet)
Seat 7: Gh0or folded before Flop (didn't bet)
Seat 8: hot big fish folded before Flop (didn't bet)
Seat 9: Dorex2007 collected ($0.25)



PokerStars Hand #238018962940:  Hold'em No Limit ($0.05/$0.10 USD) - 2022/08/15 21:52:26 PT [2022/08/16 0:52:26 ET]
Table 'Vanadis III' 9-max Seat #2 is the button
Seat 1: hoperydys ($12.42 in chips) 
Seat 2: Templar85 ($19.20 in chips) 
Seat 4: osaboy ($11.24 in chips) 
Seat 5: miamigreen ($4.28 in chips) 
Seat 6: Count Mole ($16.70 in chips) 
Seat 7: Gh0or ($12 in chips) 
Seat 8: hot big fish ($10.96 in chips) 
Seat 9: Dorex2007 ($11.84 in chips) 
osaboy: posts small blind $0.05
miamigreen: posts big blind $0.10
*** HOLE CARDS ***
Dealt to Dorex2007 [Ts Tc]
Count Mole: folds 
Gh0or: folds 
hot big fish: calls $0.10
Dorex2007: calls $0.10
hoperydys: raises $0.45 to $0.55
Templar85: folds 
osaboy: folds 
miamigreen: folds 
hot big fish: folds 
Dorex2007: calls $0.45
*** FLOP *** [Qh 8d 9d]
Dorex2007: checks 
hoperydys: bets $1.29
Dorex2007: folds 
Uncalled bet ($1.29) returned to hoperydys
hoperydys collected $1.29 from pot
*** SUMMARY ***
Total pot $1.35 | Rake $0.06 
Board [Qh 8d 9d]
Seat 1: hoperydys collected ($1.29)
Seat 2: Templar85 (button) folded before Flop (didn't bet)
Seat 4: osaboy (small blind) folded before Flop
Seat 5: miamigreen (big blind) folded before Flop
Seat 6: Count Mole folded before Flop (didn't bet)
Seat 7: Gh0or folded before Flop (didn't bet)
Seat 8: hot big fish folded before Flop
Seat 9: Dorex2007 folded on the Flop



PokerStars Hand #238018968888:  Hold'em No Limit ($0.05/$0.10 USD) - 2022/08/15 21:53:19 PT [2022/08/16 0:53:19 ET]
Table 'Vanadis III' 9-max Seat #4 is the button
Seat 1: hoperydys ($13.16 in chips) 
Seat 2: Templar85 ($19.20 in chips) 
Seat 4: osaboy ($11.19 in chips) 
Seat 5: miamigreen ($4.18 in chips) 
Seat 6: Count Mole ($16.70 in chips) 
Seat 7: Gh0or ($12 in chips) 
Seat 8: hot big fish ($10.86 in chips) 
Seat 9: Dorex2007 ($11.29 in chips) 
miamigreen: posts small blind $0.05
Count Mole: posts big blind $0.10
*** HOLE CARDS ***
Dealt to Dorex2007 [Th Kc]
Gh0or: folds 
hot big fish: folds 
Gh0or leaves the table
Dorex2007: calls $0.10
hoperydys: folds 
Templar85: folds 
osaboy: raises $0.30 to $0.40
miamigreen: folds 
Count Mole: calls $0.30
Dorex2007: calls $0.30
*** FLOP *** [3h 2s 5s]
Count Mole: bets $0.59
Dorex2007: folds 
osaboy: folds 
Uncalled bet ($0.59) returned to Count Mole
Count Mole collected $1.19 from pot
Count Mole: doesn't show hand 
*** SUMMARY ***
Total pot $1.25 | Rake $0.06 
Board [3h 2s 5s]
Seat 1: hoperydys folded before Flop (didn't bet)
Seat 2: Templar85 folded before Flop (didn't bet)
Seat 4: osaboy (button) folded on the Flop
Seat 5: miamigreen (small blind) folded before Flop
Seat 6: Count Mole (big blind) collected ($1.19)
Seat 7: Gh0or folded before Flop (didn't bet)
Seat 8: hot big fish folded before Flop (didn't bet)
Seat 9: Dorex2007 folded on the Flop



PokerStars Hand #238018974624:  Hold'em No Limit ($0.05/$0.10 USD) - 2022/08/15 21:54:11 PT [2022/08/16 0:54:11 ET]
Table 'Vanadis III' 9-max Seat #5 is the button
Seat 1: hoperydys ($13.16 in chips) 
Seat 2: Templar85 ($19.20 in chips) 
Seat 4: osaboy ($10.79 in chips) 
Seat 5: miamigreen ($4.13 in chips) 
Seat 6: Count Mole ($17.49 in chips) 
Seat 8: hot big fish ($10.86 in chips) 
Seat 9: Dorex2007 ($10.89 in chips) 
Count Mole: posts small blind $0.05
hot big fish: posts big blind $0.10
*** HOLE CARDS ***
Dealt to Dorex2007 [8h 3c]
Dorex2007: folds 
hoperydys: raises $0.25 to $0.35
Templar85: folds 
osaboy: calls $0.35
miamigreen: folds 
Count Mole: calls $0.30
hot big fish: folds 
*** FLOP *** [2d Jc Kd]
Count Mole: checks 
hoperydys: bets $0.55
osaboy: calls $0.55
Count Mole: folds 
*** TURN *** [2d Jc Kd] [Td]
hoperydys: bets $1.07
osaboy: folds 
Uncalled bet ($1.07) returned to hoperydys
hoperydys collected $2.15 from pot
*** SUMMARY ***
Total pot $2.25 | Rake $0.10 
Board [2d Jc Kd Td]
Seat 1: hoperydys collected ($2.15)
Seat 2: Templar85 folded before Flop (didn't bet)
Seat 4: osaboy folded on the Turn
Seat 5: miamigreen (button) folded before Flop (didn't bet)
Seat 6: Count Mole (small blind) folded on the Flop
Seat 8: hot big fish (big blind) folded before Flop
Seat 9: Dorex2007 folded before Flop (didn't bet)



PokerStars Hand #238018979840:  Hold'em No Limit ($0.05/$0.10 USD) - 2022/08/15 21:54:59 PT [2022/08/16 0:54:59 ET]
Table 'Vanadis III' 9-max Seat #6 is the button
Seat 1: hoperydys ($14.41 in chips) 
Seat 2: Templar85 ($19.20 in chips) 
Seat 4: osaboy ($9.89 in chips) 
Seat 5: miamigreen ($4.13 in chips) 
Seat 6: Count Mole ($17.14 in chips) 
Seat 8: hot big fish ($10.76 in chips) 
Seat 9: Dorex2007 ($10.89 in chips) 
hot big fish: posts small blind $0.05
Dorex2007: posts big blind $0.10
*** HOLE CARDS ***
Dealt to Dorex2007 [4d Ah]
hoperydys: folds 
Templar85: folds 
osaboy: folds 
miamigreen: raises $0.13 to $0.23
Count Mole: raises $0.67 to $0.90
hot big fish: folds 
Dorex2007: folds 
miamigreen: folds 
Uncalled bet ($0.67) returned to Count Mole
Count Mole collected $0.61 from pot
Count Mole: doesn't show hand 
*** SUMMARY ***
Total pot $0.61 | Rake $0 
Seat 1: hoperydys folded before Flop (didn't bet)
Seat 2: Templar85 folded before Flop (didn't bet)
Seat 4: osaboy folded before Flop (didn't bet)
Seat 5: miamigreen folded before Flop
Seat 6: Count Mole (button) collected ($0.61)
Seat 8: hot big fish (small blind) folded before Flop
Seat 9: Dorex2007 (big blind) folded before Flop



PokerStars Hand #238018982305:  Hold'em No Limit ($0.05/$0.10 USD) - 2022/08/15 21:55:23 PT [2022/08/16 0:55:23 ET]
Table 'Vanadis III' 9-max Seat #8 is the button
Seat 1: hoperydys ($14.41 in chips) 
Seat 2: Templar85 ($19.20 in chips) 
Seat 4: osaboy ($10 in chips) 
Seat 5: miamigreen ($3.90 in chips) 
Seat 6: Count Mole ($17.52 in chips) 
Seat 8: hot big fish ($10.71 in chips) 
Seat 9: Dorex2007 ($10.79 in chips) 
Dorex2007: posts small blind $0.05
hoperydys: posts big blind $0.10
*** HOLE CARDS ***
Dealt to Dorex2007 [3c Td]
Templar85: folds 
osaboy: folds 
miamigreen: raises $0.20 to $0.30
Count Mole: raises $0.60 to $0.90
hot big fish: folds 
Dorex2007: folds 
hoperydys: folds 
Gh0or joins the table at seat #7 
miamigreen: raises $1.20 to $2.10
Count Mole: calls $1.20
*** FLOP *** [6h 6d 5c]
miamigreen: bets $1.80 and is all-in
Count Mole: calls $1.80
*** TURN *** [6h 6d 5c] [5s]
*** RIVER *** [6h 6d 5c 5s] [9h]
*** SHOW DOWN ***
miamigreen: shows [Kd Kc] (two pair, Kings and Sixes)
Count Mole: shows [Jh Qh] (two pair, Sixes and Fives)
miamigreen collected $7.59 from pot
*** SUMMARY ***
Total pot $7.95 | Rake $0.36 
Board [6h 6d 5c 5s 9h]
Seat 1: hoperydys (big blind) folded before Flop
Seat 2: Templar85 folded before Flop (didn't bet)
Seat 4: osaboy folded before Flop (didn't bet)
Seat 5: miamigreen showed [Kd Kc] and won ($7.59) with two pair, Kings and Sixes
Seat 6: Count Mole showed [Jh Qh] and lost with two pair, Sixes and Fives
Seat 8: hot big fish (button) folded before Flop (didn't bet)
Seat 9: Dorex2007 (small blind) folded before Flop



PokerStars Hand #238018987624:  Hold'em No Limit ($0.05/$0.10 USD) - 2022/08/15 21:56:18 PT [2022/08/16 0:56:18 ET]
Table 'Vanadis III' 9-max Seat #9 is the button
Seat 1: hoperydys ($14.31 in chips) 
Seat 2: Templar85 ($19.20 in chips) 
Seat 4: osaboy ($10 in chips) 
Seat 5: miamigreen ($7.59 in chips) 
Seat 6: Count Mole ($13.62 in chips) 
Seat 8: hot big fish ($10.71 in chips) 
Seat 9: Dorex2007 ($10.74 in chips) 
hoperydys: posts small blind $0.05
Templar85: posts big blind $0.10
Gh0or: sits out 
*** HOLE CARDS ***
Dealt to Dorex2007 [6c As]
osaboy: folds 
miamigreen: folds 
Count Mole: folds 
hot big fish: folds 
Dorex2007: folds 
hoperydys: calls $0.05
Templar85: checks 
*** FLOP *** [5h 6s Jd]
hoperydys: bets $0.20
Templar85: folds 
Uncalled bet ($0.20) returned to hoperydys
hoperydys collected $0.19 from pot
*** SUMMARY ***
Total pot $0.20 | Rake $0.01 
Board [5h 6s Jd]
Seat 1: hoperydys (small blind) collected ($0.19)
Seat 2: Templar85 (big blind) folded on the Flop
Seat 4: osaboy folded before Flop (didn't bet)
Seat 5: miamigreen folded before Flop (didn't bet)
Seat 6: Count Mole folded before Flop (didn't bet)
Seat 8: hot big fish folded before Flop (didn't bet)
Seat 9: Dorex2007 (button) folded before Flop (didn't bet)



PokerStars Hand #238018990347:  Hold'em No Limit ($0.05/$0.10 USD) - 2022/08/15 21:56:46 PT [2022/08/16 0:56:46 ET]
Table 'Vanadis III' 9-max Seat #1 is the button
Seat 1: hoperydys ($14.40 in chips) 
Seat 2: Templar85 ($19.10 in chips) 
Seat 4: osaboy ($10 in chips) 
Seat 5: miamigreen ($7.59 in chips) 
Seat 6: Count Mole ($13.62 in chips) 
Seat 8: hot big fish ($10.71 in chips) 
Seat 9: Dorex2007 ($10.74 in chips) 
Templar85: posts small blind $0.05
osaboy: posts big blind $0.10
Gh0or: sits out 
*** HOLE CARDS ***
Dealt to Dorex2007 [3c 2d]
miamigreen: folds 
Count Mole: folds 
hot big fish: folds 
Dorex2007: folds 
hoperydys: raises $0.25 to $0.35
Templar85: folds 
osaboy: folds 
Uncalled bet ($0.25) returned to hoperydys
hoperydys collected $0.25 from pot
*** SUMMARY ***
Total pot $0.25 | Rake $0 
Seat 1: hoperydys (button) collected ($0.25)
Seat 2: Templar85 (small blind) folded before Flop
Seat 4: osaboy (big blind) folded before Flop
Seat 5: miamigreen folded before Flop (didn't bet)
Seat 6: Count Mole folded before Flop (didn't bet)
Seat 8: hot big fish folded before Flop (didn't bet)
Seat 9: Dorex2007 folded before Flop (didn't bet)



PokerStars Hand #238018991703:  Hold'em No Limit ($0.05/$0.10 USD) - 2022/08/15 21:57:00 PT [2022/08/16 0:57:00 ET]
Table 'Vanadis III' 9-max Seat #2 is the button
Seat 1: hoperydys ($14.55 in chips) 
Seat 2: Templar85 ($19.05 in chips) 
Seat 4: osaboy ($9.90 in chips) 
Seat 5: miamigreen ($7.59 in chips) 
Seat 6: Count Mole ($13.62 in chips) 
Seat 8: hot big fish ($10.71 in chips) 
Seat 9: Dorex2007 ($10.74 in chips) 
osaboy: posts small blind $0.05
miamigreen: posts big blind $0.10
Gh0or: sits out 
*** HOLE CARDS ***
Dealt to Dorex2007 [7s 3h]
Count Mole: folds 
hot big fish: folds 
Dorex2007: folds 
Count Mole leaves the table
hoperydys: raises $0.25 to $0.35
Templar85: folds 
osaboy: folds 
miamigreen: folds 
Uncalled bet ($0.25) returned to hoperydys
hoperydys collected $0.25 from pot
*** SUMMARY ***
Total pot $0.25 | Rake $0 
Seat 1: hoperydys collected ($0.25)
Seat 2: Templar85 (button) folded before Flop (didn't bet)
Seat 4: osaboy (small blind) folded before Flop
Seat 5: miamigreen (big blind) folded before Flop
Seat 6: Count Mole folded before Flop (didn't bet)
Seat 8: hot big fish folded before Flop (didn't bet)
Seat 9: Dorex2007 folded before Flop (didn't bet)



PokerStars Hand #238018993302:  Hold'em No Limit ($0.05/$0.10 USD) - 2022/08/15 21:57:16 PT [2022/08/16 0:57:16 ET]
Table 'Vanadis III' 9-max Seat #4 is the button
Seat 1: hoperydys ($14.70 in chips) 
Seat 2: Templar85 ($19.05 in chips) 
Seat 4: osaboy ($9.85 in chips) 
Seat 5: miamigreen ($7.49 in chips) 
Seat 7: Gh0or ($12 in chips) 
Seat 8: hot big fish ($10.71 in chips) 
Seat 9: Dorex2007 ($10.74 in chips) 
miamigreen: posts small blind $0.05
Gh0or: posts big blind $0.10
*** HOLE CARDS ***
Dealt to Dorex2007 [9s 6c]
lister3k joins the table at seat #6 
hot big fish: raises $0.10 to $0.20
Dorex2007: folds 
hoperydys: folds 
Templar85: folds 
osaboy: folds 
miamigreen: folds 
Gh0or: calls $0.10
*** FLOP *** [Qc 4d 2c]
Gh0or: bets $0.10
hot big fish: calls $0.10
*** TURN *** [Qc 4d 2c] [Js]
Gh0or: checks 
hot big fish: bets $0.31
Gh0or: calls $0.31
*** RIVER *** [Qc 4d 2c Js] [7c]
Gh0or: checks 
hot big fish: checks 
*** SHOW DOWN ***
Gh0or: shows [Qh 7d] (two pair, Queens and Sevens)
hot big fish: mucks hand 
Gh0or collected $1.21 from pot
*** SUMMARY ***
Total pot $1.27 | Rake $0.06 
Board [Qc 4d 2c Js 7c]
Seat 1: hoperydys folded before Flop (didn't bet)
Seat 2: Templar85 folded before Flop (didn't bet)
Seat 4: osaboy (button) folded before Flop (didn't bet)
Seat 5: miamigreen (small blind) folded before Flop
Seat 7: Gh0or (big blind) showed [Qh 7d] and won ($1.21) with two pair, Queens and Sevens
Seat 8: hot big fish mucked [As Jd]
Seat 9: Dorex2007 folded before Flop (didn't bet)



