PokerStars Hand #238014584487:  Hold'em No Limit ($0.05/$0.10 USD) - 2022/08/15 15:53:31 PT [2022/08/15 18:53:31 ET]
Table 'Houzeau III' 9-max Seat #4 is the button
Seat 2: l_success_l ($10.15 in chips) 
Seat 3: DominatorCH ($7.86 in chips) 
Seat 4: RossTislav ($7.25 in chips) 
Seat 5: ymmo7 ($12.08 in chips) 
Seat 6: Dorex2007 ($10 in chips) 
Seat 7: Tornadoxxx27 ($12.75 in chips) 
Seat 8: Danil27 ($31.51 in chips) 
Seat 9: Franco Worteks ($1.53 in chips) 
ymmo7: posts small blind $0.05
Dorex2007: posts big blind $0.10
*** HOLE CARDS ***
Dealt to Dorex2007 [4s 8s]
Tornadoxxx27: folds 
Danil27: folds 
Franco Worteks: folds 
l_success_l: folds 
DominatorCH: folds 
RossTislav: raises $0.15 to $0.25
ymmo7: folds 
Dorex2007: folds 
Uncalled bet ($0.15) returned to RossTislav
RossTislav collected $0.25 from pot
RossTislav: doesn't show hand 
*** SUMMARY ***
Total pot $0.25 | Rake $0 
Seat 2: l_success_l folded before Flop (didn't bet)
Seat 3: DominatorCH folded before Flop (didn't bet)
Seat 4: RossTislav (button) collected ($0.25)
Seat 5: ymmo7 (small blind) folded before Flop
Seat 6: Dorex2007 (big blind) folded before Flop
Seat 7: Tornadoxxx27 folded before Flop (didn't bet)
Seat 8: Danil27 folded before Flop (didn't bet)
Seat 9: Franco Worteks folded before Flop (didn't bet)



PokerStars Hand #238014602654:  Hold'em No Limit ($0.05/$0.10 USD) - 2022/08/15 15:54:33 PT [2022/08/15 18:54:33 ET]
Table 'Houzeau III' 9-max Seat #5 is the button
Seat 2: l_success_l ($10.15 in chips) 
Seat 3: DominatorCH ($7.86 in chips) 
Seat 4: RossTislav ($7.40 in chips) 
Seat 5: ymmo7 ($12.03 in chips) 
Seat 6: Dorex2007 ($10 in chips) 
Seat 8: Danil27 ($31.51 in chips) 
Seat 9: Franco Worteks ($1.53 in chips) 
Dorex2007: posts small blind $0.05
Danil27: posts big blind $0.10
*** HOLE CARDS ***
Dealt to Dorex2007 [Qd 5s]
Franco Worteks: folds 
l_success_l: folds 
DominatorCH: folds 
RossTislav: folds 
ymmo7: raises $0.15 to $0.25
Dorex2007: folds 
Danil27: calls $0.15
*** FLOP *** [2d 9h 4c]
Danil27: checks 
ymmo7: bets $0.30
shank72 joins the table at seat #1 
Danil27: calls $0.30
*** TURN *** [2d 9h 4c] [Tc]
Danil27: checks 
ymmo7: checks 
*** RIVER *** [2d 9h 4c Tc] [9d]
Danil27: bets $0.70
ymmo7: calls $0.70
l_success_l leaves the table
*** SHOW DOWN ***
Danil27: shows [Qh Js] (a pair of Nines)
ymmo7: shows [6s 6d] (two pair, Nines and Sixes)
ymmo7 collected $2.44 from pot
*** SUMMARY ***
Total pot $2.55 | Rake $0.11 
Board [2d 9h 4c Tc 9d]
Seat 2: l_success_l folded before Flop (didn't bet)
Seat 3: DominatorCH folded before Flop (didn't bet)
Seat 4: RossTislav folded before Flop (didn't bet)
Seat 5: ymmo7 (button) showed [6s 6d] and won ($2.44) with two pair, Nines and Sixes
Seat 6: Dorex2007 (small blind) folded before Flop
Seat 8: Danil27 (big blind) showed [Qh Js] and lost with a pair of Nines
Seat 9: Franco Worteks folded before Flop (didn't bet)



PokerStars Hand #238014618504:  Hold'em No Limit ($0.05/$0.10 USD) - 2022/08/15 15:55:29 PT [2022/08/15 18:55:29 ET]
Table 'Houzeau III' 9-max Seat #6 is the button
Seat 1: shank72 ($8 in chips) 
Seat 3: DominatorCH ($7.86 in chips) 
Seat 4: RossTislav ($7.40 in chips) 
Seat 5: ymmo7 ($13.22 in chips) 
Seat 6: Dorex2007 ($10 in chips) 
Seat 8: Danil27 ($30.26 in chips) 
Seat 9: Franco Worteks ($1.53 in chips) 
Danil27: posts small blind $0.05
Franco Worteks: posts big blind $0.10
shank72: posts big blind $0.10
*** HOLE CARDS ***
Dealt to Dorex2007 [Th Js]
shank72: checks 
DominatorCH: folds 
Tornadoxxx27 leaves the table
RossTislav: raises $0.35 to $0.45
ymmo7: folds 
Dorex2007: folds 
Danil27: folds 
Franco Worteks: folds 
shank72: folds 
Uncalled bet ($0.35) returned to RossTislav
RossTislav collected $0.35 from pot
*** SUMMARY ***
Total pot $0.35 | Rake $0 
Seat 1: shank72 folded before Flop (didn't bet)
Seat 3: DominatorCH folded before Flop (didn't bet)
Seat 4: RossTislav collected ($0.35)
Seat 5: ymmo7 folded before Flop (didn't bet)
Seat 6: Dorex2007 (button) folded before Flop (didn't bet)
Seat 8: Danil27 (small blind) folded before Flop
Seat 9: Franco Worteks (big blind) folded before Flop



PokerStars Hand #238014626502:  Hold'em No Limit ($0.05/$0.10 USD) - 2022/08/15 15:56:03 PT [2022/08/15 18:56:03 ET]
Table 'Houzeau III' 9-max Seat #8 is the button
Seat 1: shank72 ($7.90 in chips) 
Seat 3: DominatorCH ($7.86 in chips) 
Seat 4: RossTislav ($7.65 in chips) 
Seat 5: ymmo7 ($13.22 in chips) 
Seat 6: Dorex2007 ($10 in chips) 
Seat 8: Danil27 ($30.21 in chips) 
Seat 9: Franco Worteks ($1.43 in chips) 
Franco Worteks: posts small blind $0.05
shank72: posts big blind $0.10
*** HOLE CARDS ***
Dealt to Dorex2007 [7h 9d]
DominatorCH: folds 
RossTislav: folds 
ymmo7: folds 
Dorex2007: folds 
Danil27: raises $0.10 to $0.20
Franco Worteks: calls $0.15
shank72: folds 
*** FLOP *** [Qd 5c Ac]
Franco Worteks: checks 
shank72 leaves the table
Danil27: bets $0.24
Franco Worteks: folds 
Uncalled bet ($0.24) returned to Danil27
Danil27 collected $0.48 from pot
Danil27: doesn't show hand 
*** SUMMARY ***
Total pot $0.50 | Rake $0.02 
Board [Qd 5c Ac]
Seat 1: shank72 (big blind) folded before Flop
Seat 3: DominatorCH folded before Flop (didn't bet)
Seat 4: RossTislav folded before Flop (didn't bet)
Seat 5: ymmo7 folded before Flop (didn't bet)
Seat 6: Dorex2007 folded before Flop (didn't bet)
Seat 8: Danil27 (button) collected ($0.48)
Seat 9: Franco Worteks (small blind) folded on the Flop



PokerStars Hand #238014633154:  Hold'em No Limit ($0.05/$0.10 USD) - 2022/08/15 15:56:30 PT [2022/08/15 18:56:30 ET]
Table 'Houzeau III' 9-max Seat #9 is the button
Seat 3: DominatorCH ($7.86 in chips) 
Seat 6: Dorex2007 ($10 in chips) 
Seat 8: Danil27 ($30.49 in chips) 
Seat 9: Franco Worteks ($1.23 in chips) 
DominatorCH: posts small blind $0.05
RossTislav: is sitting out 
ymmo7: is sitting out 
Dorex2007: posts big blind $0.10
*** HOLE CARDS ***
Dealt to Dorex2007 [5d 9s]
RossTislav leaves the table
Danil27: folds 
Franco Worteks: calls $0.10
DominatorCH: folds 
Dorex2007: checks 
*** FLOP *** [Kh Kd Js]
Dorex2007: checks 
Franco Worteks: bets $0.16
Dorex2007: folds 
Uncalled bet ($0.16) returned to Franco Worteks
Franco Worteks collected $0.24 from pot
Franco Worteks: doesn't show hand 
*** SUMMARY ***
Total pot $0.25 | Rake $0.01 
Board [Kh Kd Js]
Seat 3: DominatorCH (small blind) folded before Flop
Seat 6: Dorex2007 (big blind) folded on the Flop
Seat 8: Danil27 folded before Flop (didn't bet)
Seat 9: Franco Worteks (button) collected ($0.24)



PokerStars Hand #238014639049:  Hold'em No Limit ($0.05/$0.10 USD) - 2022/08/15 15:56:54 PT [2022/08/15 18:56:54 ET]
Table 'Houzeau III' 9-max Seat #3 is the button
Seat 3: DominatorCH ($7.81 in chips) 
Seat 6: Dorex2007 ($10 in chips) 
Seat 8: Danil27 ($30.49 in chips) 
Dorex2007: posts small blind $0.05
Danil27: posts big blind $0.10
*** HOLE CARDS ***
Dealt to Dorex2007 [Qs Jc]
DominatorCH: folds 
DominatorCH leaves the table
Dorex2007: raises $0.10 to $0.20
Franco Worteks leaves the table
Danil27: raises $0.50 to $0.70
Dorex2007: calls $0.50
*** FLOP *** [Qd Ad 8d]
Dorex2007: bets $0.89
Danil27: calls $0.89
*** TURN *** [Qd Ad 8d] [Jd]
Dorex2007: bets $1.52
ymmo7 leaves the table
Danil27: folds 
Uncalled bet ($1.52) returned to Dorex2007
Dorex2007 collected $3.04 from pot
Dorex2007: doesn't show hand 
*** SUMMARY ***
Total pot $3.18 | Rake $0.14 
Board [Qd Ad 8d Jd]
Seat 3: DominatorCH (button) folded before Flop (didn't bet)
Seat 6: Dorex2007 (small blind) collected ($3.04)
Seat 8: Danil27 (big blind) folded on the Turn



