PokerStars Hand #234645553351:  Hold'em No Limit ($0.01/$0.02 USD) - 2022/03/07 21:00:20 PT [2022/03/08 0:00:20 ET]
Table 'Volpecula III' 9-max Seat #7 is the button
Seat 1: Dorex2007 ($2 in chips) 
Seat 2: aslanturc ($2.04 in chips) 
Seat 3: tutjak ($2 in chips) 
Seat 4: Bumbu506 ($3.61 in chips) 
Seat 5: MattyB214 ($1.98 in chips) 
Seat 6: 415bigb ($2.14 in chips) 
Seat 7: Nora-AWP ($1.14 in chips) 
Seat 8: abufirs ($5.16 in chips) 
Seat 9: edoschenko ($3.08 in chips) 
abufirs: posts small blind $0.01
edoschenko: posts big blind $0.02
*** HOLE CARDS ***
Dealt to Dorex2007 [Jc Jh]
Dorex2007: raises $0.04 to $0.06
aslanturc: folds 
tutjak: folds 
Bumbu506: calls $0.06
MattyB214: folds 
415bigb: folds 
Nora-AWP: folds 
abufirs: folds 
edoschenko: folds 
*** FLOP *** [Qc 5s 3c]
Dorex2007: checks 
Bumbu506: bets $0.07
Dorex2007: folds 
Uncalled bet ($0.07) returned to Bumbu506
Bumbu506 collected $0.14 from pot
Bumbu506: doesn't show hand 
*** SUMMARY ***
Total pot $0.15 | Rake $0.01 
Board [Qc 5s 3c]
Seat 1: Dorex2007 folded on the Flop
Seat 2: aslanturc folded before Flop (didn't bet)
Seat 3: tutjak folded before Flop (didn't bet)
Seat 4: Bumbu506 collected ($0.14)
Seat 5: MattyB214 folded before Flop (didn't bet)
Seat 6: 415bigb folded before Flop (didn't bet)
Seat 7: Nora-AWP (button) folded before Flop (didn't bet)
Seat 8: abufirs (small blind) folded before Flop
Seat 9: edoschenko (big blind) folded before Flop



PokerStars Hand #234645557510:  Hold'em No Limit ($0.01/$0.02 USD) - 2022/03/07 21:00:52 PT [2022/03/08 0:00:52 ET]
Table 'Volpecula III' 9-max Seat #8 is the button
Seat 1: Dorex2007 ($2 in chips) 
Seat 2: aslanturc ($2.04 in chips) 
Seat 3: tutjak ($2 in chips) 
Seat 4: Bumbu506 ($3.69 in chips) 
Seat 5: MattyB214 ($1.98 in chips) 
Seat 6: 415bigb ($2.14 in chips) 
Seat 7: Nora-AWP ($1.14 in chips) 
Seat 8: abufirs ($5.15 in chips) 
Seat 9: edoschenko ($3.06 in chips) 
edoschenko: posts small blind $0.01
Dorex2007: posts big blind $0.02
*** HOLE CARDS ***
Dealt to Dorex2007 [Ks 7c]
aslanturc: folds 
tutjak: folds 
Bumbu506: calls $0.02
MattyB214: raises $0.02 to $0.04
415bigb: calls $0.04
Nora-AWP: calls $0.04
abufirs: folds 
edoschenko: folds 
Dorex2007: calls $0.02
Bumbu506: calls $0.02
*** FLOP *** [Qc 3h 8s]
Dorex2007: checks 
Bumbu506: checks 
MattyB214: checks 
415bigb: checks 
Nora-AWP: checks 
*** TURN *** [Qc 3h 8s] [2s]
Dorex2007: checks 
Bumbu506: checks 
MattyB214: bets $0.05
415bigb: folds 
Nora-AWP: calls $0.05
Dorex2007: folds 
Bumbu506: calls $0.05
*** RIVER *** [Qc 3h 8s 2s] [4s]
Bumbu506: checks 
MattyB214: bets $0.10
Nora-AWP: folds 
Bumbu506: raises $0.10 to $0.20
MattyB214: calls $0.10
*** SHOW DOWN ***
Bumbu506: shows [3s As] (a flush, Ace high)
MattyB214: mucks hand 
Bumbu506 collected $0.73 from pot
*** SUMMARY ***
Total pot $0.76 | Rake $0.03 
Board [Qc 3h 8s 2s 4s]
Seat 1: Dorex2007 (big blind) folded on the Turn
Seat 2: aslanturc folded before Flop (didn't bet)
Seat 3: tutjak folded before Flop (didn't bet)
Seat 4: Bumbu506 showed [3s As] and won ($0.73) with a flush, Ace high
Seat 5: MattyB214 mucked [2h 2c]
Seat 6: 415bigb folded on the Turn
Seat 7: Nora-AWP folded on the River
Seat 8: abufirs (button) folded before Flop (didn't bet)
Seat 9: edoschenko (small blind) folded before Flop



PokerStars Hand #234645568628:  Hold'em No Limit ($0.01/$0.02 USD) - 2022/03/07 21:02:14 PT [2022/03/08 0:02:14 ET]
Table 'Volpecula III' 9-max Seat #1 is the button
Seat 1: Dorex2007 ($2 in chips) 
Seat 2: aslanturc ($2.04 in chips) 
Seat 3: tutjak ($2 in chips) 
Seat 4: Bumbu506 ($4.13 in chips) 
Seat 5: MattyB214 ($1.69 in chips) 
Seat 6: 415bigb ($2.10 in chips) 
Seat 7: Nora-AWP ($1.05 in chips) 
Seat 8: abufirs ($5.15 in chips) 
aslanturc: posts small blind $0.01
tutjak: posts big blind $0.02
*** HOLE CARDS ***
Dealt to Dorex2007 [4d Kd]
Bumbu506: raises $0.02 to $0.04
MattyB214: folds 
415bigb: folds 
Nora-AWP: folds 
abufirs: calls $0.04
Dorex2007: folds 
aslanturc: calls $0.03
tutjak: folds 
*** FLOP *** [9h Kh 6c]
aslanturc: checks 
Bumbu506: checks 
abufirs: bets $0.08
aslanturc: folds 
Bumbu506: calls $0.08
*** TURN *** [9h Kh 6c] [Qh]
Bumbu506: checks 
abufirs: checks 
*** RIVER *** [9h Kh 6c Qh] [3h]
Bumbu506: bets $0.15
abufirs: folds 
Uncalled bet ($0.15) returned to Bumbu506
Bumbu506 collected $0.29 from pot
Bumbu506: doesn't show hand 
*** SUMMARY ***
Total pot $0.30 | Rake $0.01 
Board [9h Kh 6c Qh 3h]
Seat 1: Dorex2007 (button) folded before Flop (didn't bet)
Seat 2: aslanturc (small blind) folded on the Flop
Seat 3: tutjak (big blind) folded before Flop
Seat 4: Bumbu506 collected ($0.29)
Seat 5: MattyB214 folded before Flop (didn't bet)
Seat 6: 415bigb folded before Flop (didn't bet)
Seat 7: Nora-AWP folded before Flop (didn't bet)
Seat 8: abufirs folded on the River



PokerStars Hand #234645582294:  Hold'em No Limit ($0.01/$0.02 USD) - 2022/03/07 21:03:55 PT [2022/03/08 0:03:55 ET]
Table 'Volpecula III' 9-max Seat #2 is the button
Seat 1: Dorex2007 ($2 in chips) 
Seat 2: aslanturc ($2 in chips) 
Seat 3: tutjak ($2 in chips) 
Seat 4: Bumbu506 ($4.30 in chips) 
Seat 5: MattyB214 ($1.69 in chips) 
Seat 6: 415bigb ($2.10 in chips) 
Seat 7: Nora-AWP ($1.05 in chips) 
Seat 8: abufirs ($5.03 in chips) 
tutjak: posts small blind $0.01
Bumbu506: posts big blind $0.02
*** HOLE CARDS ***
Dealt to Dorex2007 [5s 2c]
MattyB214: folds 
415bigb: folds 
Nora-AWP: folds 
abufirs: folds 
Dorex2007: folds 
aslanturc: folds 
tutjak: folds 
Uncalled bet ($0.01) returned to Bumbu506
Bumbu506 collected $0.02 from pot
Bumbu506: doesn't show hand 
*** SUMMARY ***
Total pot $0.02 | Rake $0 
Seat 1: Dorex2007 folded before Flop (didn't bet)
Seat 2: aslanturc (button) folded before Flop (didn't bet)
Seat 3: tutjak (small blind) folded before Flop
Seat 4: Bumbu506 (big blind) collected ($0.02)
Seat 5: MattyB214 folded before Flop (didn't bet)
Seat 6: 415bigb folded before Flop (didn't bet)
Seat 7: Nora-AWP folded before Flop (didn't bet)
Seat 8: abufirs folded before Flop (didn't bet)



PokerStars Hand #234645583621:  Hold'em No Limit ($0.01/$0.02 USD) - 2022/03/07 21:04:04 PT [2022/03/08 0:04:04 ET]
Table 'Volpecula III' 9-max Seat #3 is the button
Seat 1: Dorex2007 ($2 in chips) 
Seat 2: aslanturc ($2 in chips) 
Seat 3: tutjak ($2 in chips) 
Seat 4: Bumbu506 ($4.31 in chips) 
Seat 5: MattyB214 ($1.69 in chips) 
Seat 6: 415bigb ($2.10 in chips) 
Seat 7: Nora-AWP ($1.05 in chips) 
Seat 8: abufirs ($5.03 in chips) 
Bumbu506: posts small blind $0.01
MattyB214: posts big blind $0.02
*** HOLE CARDS ***
Dealt to Dorex2007 [7c 2c]
415bigb: folds 
Nora-AWP: folds 
abufirs: folds 
Dorex2007: folds 
aslanturc: folds 
tutjak: folds 
Bumbu506: raises $0.02 to $0.04
MattyB214: folds 
Uncalled bet ($0.02) returned to Bumbu506
Bumbu506 collected $0.04 from pot
Bumbu506: doesn't show hand 
*** SUMMARY ***
Total pot $0.04 | Rake $0 
Seat 1: Dorex2007 folded before Flop (didn't bet)
Seat 2: aslanturc folded before Flop (didn't bet)
Seat 3: tutjak (button) folded before Flop (didn't bet)
Seat 4: Bumbu506 (small blind) collected ($0.04)
Seat 5: MattyB214 (big blind) folded before Flop
Seat 6: 415bigb folded before Flop (didn't bet)
Seat 7: Nora-AWP folded before Flop (didn't bet)
Seat 8: abufirs folded before Flop (didn't bet)



PokerStars Hand #234645585694:  Hold'em No Limit ($0.01/$0.02 USD) - 2022/03/07 21:04:19 PT [2022/03/08 0:04:19 ET]
Table 'Volpecula III' 9-max Seat #4 is the button
Seat 1: Dorex2007 ($2 in chips) 
Seat 2: aslanturc ($2 in chips) 
Seat 3: tutjak ($2 in chips) 
Seat 4: Bumbu506 ($4.33 in chips) 
Seat 5: MattyB214 ($1.67 in chips) 
Seat 6: 415bigb ($2.10 in chips) 
Seat 7: Nora-AWP ($1.05 in chips) 
Seat 8: abufirs ($5.03 in chips) 
MattyB214: posts small blind $0.01
415bigb: posts big blind $0.02
*** HOLE CARDS ***
Dealt to Dorex2007 [8d Ks]
Nora-AWP: folds 
abufirs: folds 
Dorex2007: folds 
aslanturc: folds 
Nora-AWP leaves the table
tutjak: folds 
Bumbu506: folds 
MattyB214: folds 
Uncalled bet ($0.01) returned to 415bigb
415bigb collected $0.02 from pot
415bigb: doesn't show hand 
*** SUMMARY ***
Total pot $0.02 | Rake $0 
Seat 1: Dorex2007 folded before Flop (didn't bet)
Seat 2: aslanturc folded before Flop (didn't bet)
Seat 3: tutjak folded before Flop (didn't bet)
Seat 4: Bumbu506 (button) folded before Flop (didn't bet)
Seat 5: MattyB214 (small blind) folded before Flop
Seat 6: 415bigb (big blind) collected ($0.02)
Seat 7: Nora-AWP folded before Flop (didn't bet)
Seat 8: abufirs folded before Flop (didn't bet)



PokerStars Hand #234645587638:  Hold'em No Limit ($0.01/$0.02 USD) - 2022/03/07 21:04:33 PT [2022/03/08 0:04:33 ET]
Table 'Volpecula III' 9-max Seat #5 is the button
Seat 1: Dorex2007 ($2 in chips) 
Seat 2: aslanturc ($2 in chips) 
Seat 3: tutjak ($2 in chips) 
Seat 4: Bumbu506 ($4.33 in chips) 
Seat 5: MattyB214 ($1.66 in chips) 
Seat 6: 415bigb ($2.11 in chips) 
Seat 8: abufirs ($5.03 in chips) 
415bigb: posts small blind $0.01
abufirs: posts big blind $0.02
*** HOLE CARDS ***
Dealt to Dorex2007 [Ad 3s]
Dorex2007: folds 
aslanturc: folds 
tutjak: folds 
Bumbu506: calls $0.02
MattyB214: calls $0.02
floproyalking87 joins the table at seat #7 
415bigb: calls $0.01
abufirs: checks 
*** FLOP *** [7c Qc 9d]
415bigb: checks 
abufirs: checks 
Bumbu506: checks 
MattyB214: checks 
*** TURN *** [7c Qc 9d] [9c]
floproyalking87 is disconnected 
415bigb: checks 
abufirs: checks 
Bumbu506: bets $0.08
MattyB214: folds 
415bigb: folds 
abufirs: folds 
Uncalled bet ($0.08) returned to Bumbu506
Bumbu506 collected $0.08 from pot
Bumbu506: doesn't show hand 
*** SUMMARY ***
Total pot $0.08 | Rake $0 
Board [7c Qc 9d 9c]
Seat 1: Dorex2007 folded before Flop (didn't bet)
Seat 2: aslanturc folded before Flop (didn't bet)
Seat 3: tutjak folded before Flop (didn't bet)
Seat 4: Bumbu506 collected ($0.08)
Seat 5: MattyB214 (button) folded on the Turn
Seat 6: 415bigb (small blind) folded on the Turn
Seat 8: abufirs (big blind) folded on the Turn



PokerStars Hand #234645594571:  Hold'em No Limit ($0.01/$0.02 USD) - 2022/03/07 21:05:24 PT [2022/03/08 0:05:24 ET]
Table 'Volpecula III' 9-max Seat #6 is the button
Seat 1: Dorex2007 ($2 in chips) 
Seat 2: aslanturc ($2 in chips) 
Seat 3: tutjak ($2 in chips) 
Seat 4: Bumbu506 ($4.39 in chips) 
Seat 5: MattyB214 ($1.64 in chips) 
Seat 6: 415bigb ($2.09 in chips) 
Seat 8: abufirs ($5.01 in chips) 
abufirs: posts small blind $0.01
Dorex2007: posts big blind $0.02
*** HOLE CARDS ***
Dealt to Dorex2007 [Jc 6s]
aslanturc: raises $0.04 to $0.06
tutjak: folds 
Bumbu506: calls $0.06
MattyB214: folds 
415bigb: calls $0.06
abufirs: folds 
Dorex2007: folds 
*** FLOP *** [3c 7c 3h]
aslanturc: bets $0.20
Bumbu506: folds 
415bigb: folds 
Uncalled bet ($0.20) returned to aslanturc
aslanturc collected $0.20 from pot
aslanturc: doesn't show hand 
*** SUMMARY ***
Total pot $0.21 | Rake $0.01 
Board [3c 7c 3h]
Seat 1: Dorex2007 (big blind) folded before Flop
Seat 2: aslanturc collected ($0.20)
Seat 3: tutjak folded before Flop (didn't bet)
Seat 4: Bumbu506 folded on the Flop
Seat 5: MattyB214 folded before Flop (didn't bet)
Seat 6: 415bigb (button) folded on the Flop
Seat 8: abufirs (small blind) folded before Flop



PokerStars Hand #234645600935:  Hold'em No Limit ($0.01/$0.02 USD) - 2022/03/07 21:06:10 PT [2022/03/08 0:06:10 ET]
Table 'Volpecula III' 9-max Seat #8 is the button
Seat 1: Dorex2007 ($2 in chips) 
Seat 2: aslanturc ($2.14 in chips) 
Seat 3: tutjak ($2 in chips) 
Seat 4: Bumbu506 ($4.33 in chips) 
Seat 5: MattyB214 ($1.64 in chips) 
Seat 6: 415bigb ($2.03 in chips) 
Seat 7: floproyalking87 ($1.86 in chips) 
Seat 8: abufirs ($5 in chips) 
Dorex2007: posts small blind $0.01
aslanturc: posts big blind $0.02
floproyalking87: posts big blind $0.02
*** HOLE CARDS ***
Dealt to Dorex2007 [9h 6h]
tutjak: folds 
Bumbu506: calls $0.02
MattyB214: folds 
415bigb: folds 
floproyalking87: checks 
abufirs: calls $0.02
Dorex2007: folds 
aslanturc: checks 
*** FLOP *** [Ah Jd 7h]
aslanturc: checks 
Bumbu506: bets $0.09
floproyalking87: folds 
abufirs: calls $0.09
aslanturc: folds 
*** TURN *** [Ah Jd 7h] [9c]
Bumbu506: checks 
abufirs: bets $0.13
Bumbu506: folds 
Uncalled bet ($0.13) returned to abufirs
abufirs collected $0.26 from pot
abufirs: doesn't show hand 
*** SUMMARY ***
Total pot $0.27 | Rake $0.01 
Board [Ah Jd 7h 9c]
Seat 1: Dorex2007 (small blind) folded before Flop
Seat 2: aslanturc (big blind) folded on the Flop
Seat 3: tutjak folded before Flop (didn't bet)
Seat 4: Bumbu506 folded on the Turn
Seat 5: MattyB214 folded before Flop (didn't bet)
Seat 6: 415bigb folded before Flop (didn't bet)
Seat 7: floproyalking87 folded on the Flop (didn't bet)
Seat 8: abufirs (button) collected ($0.26)



PokerStars Hand #234645607661:  Hold'em No Limit ($0.01/$0.02 USD) - 2022/03/07 21:06:58 PT [2022/03/08 0:06:58 ET]
Table 'Volpecula III' 9-max Seat #1 is the button
Seat 1: Dorex2007 ($2 in chips) 
Seat 2: aslanturc ($2.12 in chips) 
Seat 3: tutjak ($2 in chips) 
Seat 4: Bumbu506 ($4.22 in chips) 
Seat 5: MattyB214 ($1.64 in chips) 
Seat 6: 415bigb ($2.03 in chips) 
Seat 7: floproyalking87 ($1.84 in chips) 
Seat 8: abufirs ($5.15 in chips) 
aslanturc: posts small blind $0.01
tutjak: posts big blind $0.02
*** HOLE CARDS ***
Dealt to Dorex2007 [Ah Jc]
Bumbu506: calls $0.02
MattyB214: folds 
415bigb: raises $0.04 to $0.06
floproyalking87: calls $0.06
abufirs: folds 
Dorex2007: calls $0.06
aslanturc: folds 
tutjak: folds 
Bumbu506: raises $0.12 to $0.18
415bigb: calls $0.12
floproyalking87: calls $0.12
Dorex2007: folds 
*** FLOP *** [6c 7s Qd]
Bumbu506: checks 
415bigb: checks 
floproyalking87: bets $0.30
Bumbu506: calls $0.30
415bigb: folds 
*** TURN *** [6c 7s Qd] [7h]
Bumbu506: checks 
floproyalking87: checks 
*** RIVER *** [6c 7s Qd 7h] [3s]
Bumbu506: bets $0.60
floproyalking87: folds 
Uncalled bet ($0.60) returned to Bumbu506
Bumbu506 collected $1.19 from pot
Bumbu506: doesn't show hand 
*** SUMMARY ***
Total pot $1.23 | Rake $0.04 
Board [6c 7s Qd 7h 3s]
Seat 1: Dorex2007 (button) folded before Flop
Seat 2: aslanturc (small blind) folded before Flop
Seat 3: tutjak (big blind) folded before Flop
Seat 4: Bumbu506 collected ($1.19)
Seat 5: MattyB214 folded before Flop (didn't bet)
Seat 6: 415bigb folded on the Flop
Seat 7: floproyalking87 folded on the River
Seat 8: abufirs folded before Flop (didn't bet)



PokerStars Hand #234645619931:  Hold'em No Limit ($0.01/$0.02 USD) - 2022/03/07 21:08:28 PT [2022/03/08 0:08:28 ET]
Table 'Volpecula III' 9-max Seat #2 is the button
Seat 1: Dorex2007 ($2 in chips) 
Seat 2: aslanturc ($2.11 in chips) 
Seat 3: tutjak ($2 in chips) 
Seat 4: Bumbu506 ($4.93 in chips) 
Seat 5: MattyB214 ($1.64 in chips) 
Seat 6: 415bigb ($1.85 in chips) 
Seat 7: floproyalking87 ($1.36 in chips) 
Seat 8: abufirs ($5.15 in chips) 
tutjak: posts small blind $0.01
Bumbu506: posts big blind $0.02
*** HOLE CARDS ***
Dealt to Dorex2007 [3h Kc]
MattyB214: folds 
415bigb: raises $0.02 to $0.04
floproyalking87: folds 
abufirs: calls $0.04
Dorex2007: folds 
aslanturc: folds 
tutjak: folds 
Bumbu506: calls $0.02
*** FLOP *** [8s Th 8h]
Bumbu506: bets $0.13
415bigb: folds 
abufirs: calls $0.13
*** TURN *** [8s Th 8h] [6s]
Bumbu506: bets $0.19
abufirs: folds 
Uncalled bet ($0.19) returned to Bumbu506
Bumbu506 collected $0.38 from pot
Bumbu506: doesn't show hand 
*** SUMMARY ***
Total pot $0.39 | Rake $0.01 
Board [8s Th 8h 6s]
Seat 1: Dorex2007 folded before Flop (didn't bet)
Seat 2: aslanturc (button) folded before Flop (didn't bet)
Seat 3: tutjak (small blind) folded before Flop
Seat 4: Bumbu506 (big blind) collected ($0.38)
Seat 5: MattyB214 folded before Flop (didn't bet)
Seat 6: 415bigb folded on the Flop
Seat 7: floproyalking87 folded before Flop (didn't bet)
Seat 8: abufirs folded on the Turn



PokerStars Hand #234645628339:  Hold'em No Limit ($0.01/$0.02 USD) - 2022/03/07 21:09:31 PT [2022/03/08 0:09:31 ET]
Table 'Volpecula III' 9-max Seat #3 is the button
Seat 1: Dorex2007 ($2 in chips) 
Seat 2: aslanturc ($2.11 in chips) 
Seat 3: tutjak ($2 in chips) 
Seat 4: Bumbu506 ($5.14 in chips) 
Seat 5: MattyB214 ($1.64 in chips) 
Seat 6: 415bigb ($1.81 in chips) 
Seat 7: floproyalking87 ($1.36 in chips) 
Seat 8: abufirs ($4.98 in chips) 
Bumbu506: posts small blind $0.01
MattyB214: posts big blind $0.02
*** HOLE CARDS ***
Dealt to Dorex2007 [Qs 7s]
415bigb: folds 
floproyalking87: folds 
abufirs: folds 
Dorex2007: folds 
aslanturc: folds 
tutjak: raises $0.06 to $0.08
Bumbu506: raises $0.06 to $0.14
MattyB214: folds 
tutjak: raises $0.28 to $0.42
Bumbu506: calls $0.28
*** FLOP *** [Ts 3s Jh]
Bumbu506: checks 
tutjak: bets $0.78
Bumbu506: folds 
Uncalled bet ($0.78) returned to tutjak
tutjak collected $0.83 from pot
tutjak: doesn't show hand 
*** SUMMARY ***
Total pot $0.86 | Rake $0.03 
Board [Ts 3s Jh]
Seat 1: Dorex2007 folded before Flop (didn't bet)
Seat 2: aslanturc folded before Flop (didn't bet)
Seat 3: tutjak (button) collected ($0.83)
Seat 4: Bumbu506 (small blind) folded on the Flop
Seat 5: MattyB214 (big blind) folded before Flop
Seat 6: 415bigb folded before Flop (didn't bet)
Seat 7: floproyalking87 folded before Flop (didn't bet)
Seat 8: abufirs folded before Flop (didn't bet)



PokerStars Hand #234645633949:  Hold'em No Limit ($0.01/$0.02 USD) - 2022/03/07 21:10:12 PT [2022/03/08 0:10:12 ET]
Table 'Volpecula III' 9-max Seat #4 is the button
Seat 1: Dorex2007 ($2 in chips) 
Seat 2: aslanturc ($2.11 in chips) 
Seat 3: tutjak ($2.41 in chips) 
Seat 4: Bumbu506 ($4.72 in chips) 
Seat 5: MattyB214 ($1.62 in chips) 
Seat 6: 415bigb ($1.81 in chips) 
Seat 7: floproyalking87 ($1.36 in chips) 
Seat 8: abufirs ($4.98 in chips) 
MattyB214: posts small blind $0.01
415bigb: posts big blind $0.02
*** HOLE CARDS ***
Dealt to Dorex2007 [6c Tc]
floproyalking87: calls $0.02
abufirs: folds 
Dorex2007: folds 
aslanturc: folds 
tutjak: folds 
Bumbu506: calls $0.02
MattyB214: calls $0.01
415bigb: raises $0.04 to $0.06
floproyalking87: calls $0.04
Bumbu506: calls $0.04
MattyB214: folds 
*** FLOP *** [2d Kh Qh]
415bigb: bets $0.06
floproyalking87: calls $0.06
Bumbu506: calls $0.06
*** TURN *** [2d Kh Qh] [Kc]
415bigb: bets $0.06
floproyalking87: calls $0.06
Bumbu506: calls $0.06
*** RIVER *** [2d Kh Qh Kc] [3c]
415bigb: bets $0.10
floproyalking87: folds 
Bumbu506: raises $0.74 to $0.84
415bigb: calls $0.74
*** SHOW DOWN ***
Bumbu506: shows [9s Jc] (a pair of Kings)
415bigb: shows [Qc As] (two pair, Kings and Queens)
415bigb collected $2.16 from pot
*** SUMMARY ***
Total pot $2.24 | Rake $0.08 
Board [2d Kh Qh Kc 3c]
Seat 1: Dorex2007 folded before Flop (didn't bet)
Seat 2: aslanturc folded before Flop (didn't bet)
Seat 3: tutjak folded before Flop (didn't bet)
Seat 4: Bumbu506 (button) showed [9s Jc] and lost with a pair of Kings
Seat 5: MattyB214 (small blind) folded before Flop
Seat 6: 415bigb (big blind) showed [Qc As] and won ($2.16) with two pair, Kings and Queens
Seat 7: floproyalking87 folded on the River
Seat 8: abufirs folded before Flop (didn't bet)



PokerStars Hand #234645642436:  Hold'em No Limit ($0.01/$0.02 USD) - 2022/03/07 21:11:16 PT [2022/03/08 0:11:16 ET]
Table 'Volpecula III' 9-max Seat #5 is the button
Seat 1: Dorex2007 ($2 in chips) 
Seat 2: aslanturc ($2.11 in chips) 
Seat 3: tutjak ($2.41 in chips) 
Seat 4: Bumbu506 ($3.70 in chips) 
Seat 5: MattyB214 ($1.60 in chips) 
Seat 6: 415bigb ($2.95 in chips) 
Seat 7: floproyalking87 ($1.18 in chips) 
Seat 8: abufirs ($4.98 in chips) 
415bigb: posts small blind $0.01
floproyalking87: posts big blind $0.02
*** HOLE CARDS ***
Dealt to Dorex2007 [7s 3h]
abufirs: folds 
Dorex2007: folds 
aslanturc: folds 
tutjak: folds 
Bumbu506: folds 
MattyB214: folds 
415bigb: folds 
Uncalled bet ($0.01) returned to floproyalking87
floproyalking87 collected $0.02 from pot
floproyalking87: doesn't show hand 
*** SUMMARY ***
Total pot $0.02 | Rake $0 
Seat 1: Dorex2007 folded before Flop (didn't bet)
Seat 2: aslanturc folded before Flop (didn't bet)
Seat 3: tutjak folded before Flop (didn't bet)
Seat 4: Bumbu506 folded before Flop (didn't bet)
Seat 5: MattyB214 (button) folded before Flop (didn't bet)
Seat 6: 415bigb (small blind) folded before Flop
Seat 7: floproyalking87 (big blind) collected ($0.02)
Seat 8: abufirs folded before Flop (didn't bet)



PokerStars Hand #234645644161:  Hold'em No Limit ($0.01/$0.02 USD) - 2022/03/07 21:11:29 PT [2022/03/08 0:11:29 ET]
Table 'Volpecula III' 9-max Seat #6 is the button
Seat 1: Dorex2007 ($2 in chips) 
Seat 2: aslanturc ($2.11 in chips) 
Seat 3: tutjak ($2.41 in chips) 
Seat 4: Bumbu506 ($3.70 in chips) 
Seat 5: MattyB214 ($1.60 in chips) 
Seat 6: 415bigb ($2.94 in chips) 
Seat 7: floproyalking87 ($1.19 in chips) 
Seat 8: abufirs ($4.98 in chips) 
floproyalking87: posts small blind $0.01
abufirs: posts big blind $0.02
*** HOLE CARDS ***
Dealt to Dorex2007 [Ad 7s]
Dorex2007: folds 
aslanturc: folds 
tutjak: folds 
Bumbu506: calls $0.02
MattyB214: calls $0.02
415bigb: raises $0.04 to $0.06
floproyalking87: folds 
abufirs: calls $0.04
Bumbu506: calls $0.04
MattyB214: calls $0.04
*** FLOP *** [5h Kd Jh]
abufirs: checks 
Bumbu506: bets $0.24
MattyB214: calls $0.24
415bigb: folds 
abufirs: folds 
*** TURN *** [5h Kd Jh] [7d]
Bumbu506: bets $0.35
MattyB214: calls $0.35
*** RIVER *** [5h Kd Jh 7d] [Jd]
Bumbu506: bets $0.69
MattyB214: folds 
Uncalled bet ($0.69) returned to Bumbu506
Bumbu506 collected $1.38 from pot
Bumbu506: doesn't show hand 
*** SUMMARY ***
Total pot $1.43 | Rake $0.05 
Board [5h Kd Jh 7d Jd]
Seat 1: Dorex2007 folded before Flop (didn't bet)
Seat 2: aslanturc folded before Flop (didn't bet)
Seat 3: tutjak folded before Flop (didn't bet)
Seat 4: Bumbu506 collected ($1.38)
Seat 5: MattyB214 folded on the River
Seat 6: 415bigb (button) folded on the Flop
Seat 7: floproyalking87 (small blind) folded before Flop
Seat 8: abufirs (big blind) folded on the Flop



PokerStars Hand #234645655174:  Hold'em No Limit ($0.01/$0.02 USD) - 2022/03/07 21:12:52 PT [2022/03/08 0:12:52 ET]
Table 'Volpecula III' 9-max Seat #7 is the button
Seat 1: Dorex2007 ($2 in chips) 
Seat 3: tutjak ($2.41 in chips) 
Seat 4: Bumbu506 ($4.43 in chips) 
Seat 5: MattyB214 ($0.95 in chips) 
Seat 6: 415bigb ($2.88 in chips) 
Seat 7: floproyalking87 ($1.18 in chips) 
Seat 8: abufirs ($4.92 in chips) 
Seat 9: edoschenko ($3.05 in chips) 
abufirs: posts small blind $0.01
edoschenko: posts big blind $0.02
*** HOLE CARDS ***
Dealt to Dorex2007 [Jd Js]
Dorex2007: raises $0.02 to $0.04
tutjak: calls $0.04
Bumbu506: calls $0.04
MattyB214: folds 
415bigb: folds 
floproyalking87: calls $0.04
abufirs: folds 
edoschenko: calls $0.02
*** FLOP *** [6c Kc Qc]
edoschenko: checks 
Dorex2007: checks 
tutjak: checks 
Bumbu506: checks 
floproyalking87: bets $0.06
edoschenko: folds 
Dorex2007: folds 
tutjak: folds 
Bumbu506: calls $0.06
*** TURN *** [6c Kc Qc] [Qs]
Bumbu506: checks 
floproyalking87: bets $0.24
Bumbu506: calls $0.24
*** RIVER *** [6c Kc Qc Qs] [Jc]
Bumbu506: bets $0.39
floproyalking87: folds 
Uncalled bet ($0.39) returned to Bumbu506
Bumbu506 collected $0.78 from pot
Bumbu506: doesn't show hand 
*** SUMMARY ***
Total pot $0.81 | Rake $0.03 
Board [6c Kc Qc Qs Jc]
Seat 1: Dorex2007 folded on the Flop
Seat 3: tutjak folded on the Flop
Seat 4: Bumbu506 collected ($0.78)
Seat 5: MattyB214 folded before Flop (didn't bet)
Seat 6: 415bigb folded before Flop (didn't bet)
Seat 7: floproyalking87 (button) folded on the River
Seat 8: abufirs (small blind) folded before Flop
Seat 9: edoschenko (big blind) folded on the Flop



PokerStars Hand #234645666352:  Hold'em No Limit ($0.01/$0.02 USD) - 2022/03/07 21:14:16 PT [2022/03/08 0:14:16 ET]
Table 'Volpecula III' 9-max Seat #8 is the button
Seat 1: Dorex2007 ($2 in chips) 
Seat 3: tutjak ($2.37 in chips) 
Seat 4: Bumbu506 ($4.87 in chips) 
Seat 5: MattyB214 ($0.95 in chips) 
Seat 6: 415bigb ($2.88 in chips) 
Seat 7: floproyalking87 ($0.84 in chips) 
Seat 8: abufirs ($4.91 in chips) 
Seat 9: edoschenko ($3.01 in chips) 
edoschenko: posts small blind $0.01
Dorex2007: posts big blind $0.02
*** HOLE CARDS ***
Dealt to Dorex2007 [9c Kh]
tutjak: folds 
Bumbu506: calls $0.02
MattyB214: folds 
415bigb: folds 
floproyalking87: calls $0.02
abufirs: calls $0.02
edoschenko: folds 
Dorex2007: checks 
*** FLOP *** [Kc 9s 7s]
Dorex2007: checks 
Bumbu506: bets $0.09
floproyalking87: raises $0.09 to $0.18
abufirs: folds 
Dorex2007: raises $0.54 to $0.72
Bumbu506: folds 
floproyalking87: raises $0.10 to $0.82 and is all-in
Dorex2007: calls $0.10
*** TURN *** [Kc 9s 7s] [9d]
*** RIVER *** [Kc 9s 7s 9d] [Ah]
*** SHOW DOWN ***
Dorex2007: shows [9c Kh] (a full house, Nines full of Kings)
floproyalking87: shows [5s Js] (a pair of Nines)
Dorex2007 cashed out the hand for $1.18 | Cash Out Fee $0.01
*** SUMMARY ***
Total pot $1.82 | Rake $0.06 
Board [Kc 9s 7s 9d Ah]
Seat 1: Dorex2007 (big blind) showed [9c Kh] and won ($1.76) with a full house, Nines full of Kings (pot not awarded as player cashed out)
Seat 3: tutjak folded before Flop (didn't bet)
Seat 4: Bumbu506 folded on the Flop
Seat 5: MattyB214 folded before Flop (didn't bet)
Seat 6: 415bigb folded before Flop (didn't bet)
Seat 7: floproyalking87 showed [5s Js] and lost with a pair of Nines
Seat 8: abufirs (button) folded on the Flop
Seat 9: edoschenko (small blind) folded before Flop



PokerStars Hand #234645684187:  Hold'em No Limit ($0.01/$0.02 USD) - 2022/03/07 21:15:18 PT [2022/03/08 0:15:18 ET]
Table 'Volpecula III' 9-max Seat #9 is the button
Seat 1: Dorex2007 ($2.34 in chips) 
Seat 3: tutjak ($2.37 in chips) 
Seat 4: Bumbu506 ($4.76 in chips) 
Seat 5: MattyB214 ($0.95 in chips) 
Seat 6: 415bigb ($2.88 in chips) 
Seat 8: abufirs ($4.89 in chips) 
Seat 9: edoschenko ($3 in chips) 
Dorex2007: posts small blind $0.01
tutjak: posts big blind $0.02
*** HOLE CARDS ***
Dealt to Dorex2007 [9d 2c]
Bumbu506: calls $0.02
MattyB214: folds 
415bigb: folds 
abufirs: calls $0.02
edoschenko: folds 
Dorex2007: folds 
tutjak: checks 
*** FLOP *** [Kh Tc Ts]
tutjak: checks 
Bumbu506: checks 
floproyalking87 leaves the table
abufirs: checks 
*** TURN *** [Kh Tc Ts] [6d]
tutjak: checks 
Bumbu506: bets $0.07
abufirs: calls $0.07
tutjak: folds 
*** RIVER *** [Kh Tc Ts 6d] [3d]
Bumbu506: bets $0.20
abufirs: folds 
Uncalled bet ($0.20) returned to Bumbu506
Bumbu506 collected $0.20 from pot
Bumbu506: doesn't show hand 
*** SUMMARY ***
Total pot $0.21 | Rake $0.01 
Board [Kh Tc Ts 6d 3d]
Seat 1: Dorex2007 (small blind) folded before Flop
Seat 3: tutjak (big blind) folded on the Turn
Seat 4: Bumbu506 collected ($0.20)
Seat 5: MattyB214 folded before Flop (didn't bet)
Seat 6: 415bigb folded before Flop (didn't bet)
Seat 8: abufirs folded on the River
Seat 9: edoschenko (button) folded before Flop (didn't bet)



PokerStars Hand #234645690886:  Hold'em No Limit ($0.01/$0.02 USD) - 2022/03/07 21:16:09 PT [2022/03/08 0:16:09 ET]
Table 'Volpecula III' 9-max Seat #1 is the button
Seat 1: Dorex2007 ($2.33 in chips) 
Seat 3: tutjak ($2.35 in chips) 
Seat 4: Bumbu506 ($4.87 in chips) 
Seat 5: MattyB214 ($0.95 in chips) 
Seat 6: 415bigb ($2.88 in chips) 
Seat 8: abufirs ($4.80 in chips) 
Seat 9: edoschenko ($3 in chips) 
tutjak: posts small blind $0.01
Bumbu506: posts big blind $0.02
*** HOLE CARDS ***
Dealt to Dorex2007 [4c Th]
MattyB214: folds 
415bigb: folds 
abufirs: folds 
makyzi joins the table at seat #7 
edoschenko: raises $0.06 to $0.08
Dorex2007: folds 
tutjak: folds 
Bumbu506: calls $0.06
*** FLOP *** [9h Ad 9c]
Bumbu506: checks 
edoschenko: bets $0.10
Bumbu506: calls $0.10
*** TURN *** [9h Ad 9c] [5c]
Bumbu506: checks 
edoschenko: checks 
*** RIVER *** [9h Ad 9c 5c] [9s]
Bumbu506: bets $0.36
edoschenko: folds 
Uncalled bet ($0.36) returned to Bumbu506
Bumbu506 collected $0.36 from pot
Bumbu506: doesn't show hand 
*** SUMMARY ***
Total pot $0.37 | Rake $0.01 
Board [9h Ad 9c 5c 9s]
Seat 1: Dorex2007 (button) folded before Flop (didn't bet)
Seat 3: tutjak (small blind) folded before Flop
Seat 4: Bumbu506 (big blind) collected ($0.36)
Seat 5: MattyB214 folded before Flop (didn't bet)
Seat 6: 415bigb folded before Flop (didn't bet)
Seat 8: abufirs folded before Flop (didn't bet)
Seat 9: edoschenko folded on the River



PokerStars Hand #234645698214:  Hold'em No Limit ($0.01/$0.02 USD) - 2022/03/07 21:17:04 PT [2022/03/08 0:17:04 ET]
Table 'Volpecula III' 9-max Seat #3 is the button
Seat 1: Dorex2007 ($2.33 in chips) 
Seat 3: tutjak ($2.34 in chips) 
Seat 4: Bumbu506 ($5.05 in chips) 
Seat 5: MattyB214 ($0.95 in chips) 
Seat 6: 415bigb ($2.88 in chips) 
Seat 7: makyzi ($2 in chips) 
Seat 8: abufirs ($4.80 in chips) 
Seat 9: edoschenko ($2.82 in chips) 
Bumbu506: posts small blind $0.01
MattyB214: posts big blind $0.02
makyzi: posts big blind $0.02
*** HOLE CARDS ***
Dealt to Dorex2007 [4d Js]
415bigb: folds 
makyzi: checks 
abufirs: calls $0.02
edoschenko: folds 
Dorex2007: folds 
tutjak: folds 
Bumbu506: raises $0.02 to $0.04
MattyB214: folds 
makyzi: folds 
abufirs: calls $0.02
*** FLOP *** [Kd 8d 3d]
Bumbu506: checks 
abufirs: checks 
*** TURN *** [Kd 8d 3d] [Jh]
Bumbu506: bets $0.12
abufirs: folds 
Uncalled bet ($0.12) returned to Bumbu506
Bumbu506 collected $0.12 from pot
Bumbu506: doesn't show hand 
*** SUMMARY ***
Total pot $0.12 | Rake $0 
Board [Kd 8d 3d Jh]
Seat 1: Dorex2007 folded before Flop (didn't bet)
Seat 3: tutjak (button) folded before Flop (didn't bet)
Seat 4: Bumbu506 (small blind) collected ($0.12)
Seat 5: MattyB214 (big blind) folded before Flop
Seat 6: 415bigb folded before Flop (didn't bet)
Seat 7: makyzi folded before Flop (didn't bet)
Seat 8: abufirs folded on the Turn
Seat 9: edoschenko folded before Flop (didn't bet)



PokerStars Hand #234645704247:  Hold'em No Limit ($0.01/$0.02 USD) - 2022/03/07 21:17:49 PT [2022/03/08 0:17:49 ET]
Table 'Volpecula III' 9-max Seat #4 is the button
Seat 1: Dorex2007 ($2.33 in chips) 
Seat 3: tutjak ($2.34 in chips) 
Seat 4: Bumbu506 ($5.13 in chips) 
Seat 5: MattyB214 ($0.93 in chips) 
Seat 6: 415bigb ($2.88 in chips) 
Seat 7: makyzi ($1.98 in chips) 
Seat 8: abufirs ($4.76 in chips) 
Seat 9: edoschenko ($2.82 in chips) 
MattyB214: posts small blind $0.01
415bigb: posts big blind $0.02
*** HOLE CARDS ***
Dealt to Dorex2007 [7d 7s]
makyzi: raises $0.03 to $0.05
abufirs: folds 
edoschenko: calls $0.05
Dorex2007: calls $0.05
tutjak: folds 
Bumbu506: calls $0.05
MattyB214: folds 
415bigb: calls $0.03
*** FLOP *** [Qd As 9s]
415bigb: checks 
makyzi: checks 
edoschenko: checks 
Dorex2007: checks 
Bumbu506: bets $0.13
415bigb: folds 
makyzi: folds 
edoschenko: folds 
Dorex2007: folds 
Uncalled bet ($0.13) returned to Bumbu506
Bumbu506 collected $0.25 from pot
Bumbu506: doesn't show hand 
*** SUMMARY ***
Total pot $0.26 | Rake $0.01 
Board [Qd As 9s]
Seat 1: Dorex2007 folded on the Flop
Seat 3: tutjak folded before Flop (didn't bet)
Seat 4: Bumbu506 (button) collected ($0.25)
Seat 5: MattyB214 (small blind) folded before Flop
Seat 6: 415bigb (big blind) folded on the Flop
Seat 7: makyzi folded on the Flop
Seat 8: abufirs folded before Flop (didn't bet)
Seat 9: edoschenko folded on the Flop



PokerStars Hand #234645710883:  Hold'em No Limit ($0.01/$0.02 USD) - 2022/03/07 21:18:40 PT [2022/03/08 0:18:40 ET]
Table 'Volpecula III' 9-max Seat #5 is the button
Seat 1: Dorex2007 ($2.28 in chips) 
Seat 3: tutjak ($2.34 in chips) 
Seat 4: Bumbu506 ($5.33 in chips) 
Seat 5: MattyB214 ($0.92 in chips) 
Seat 6: 415bigb ($2.83 in chips) 
Seat 7: makyzi ($1.93 in chips) 
Seat 8: abufirs ($4.76 in chips) 
Seat 9: edoschenko ($2.77 in chips) 
415bigb: posts small blind $0.01
makyzi: posts big blind $0.02
*** HOLE CARDS ***
Dealt to Dorex2007 [4s 5c]
abufirs: folds 
edoschenko: folds 
Dorex2007: folds 
tutjak: folds 
Bumbu506: calls $0.02
MattyB214: raises $0.04 to $0.06
415bigb: folds 
makyzi: folds 
Bumbu506: calls $0.04
*** FLOP *** [8h Jc 8s]
Bumbu506: checks 
MattyB214: checks 
*** TURN *** [8h Jc 8s] [3h]
Bumbu506: bets $0.14
MattyB214: raises $0.72 to $0.86 and is all-in
Bumbu506: folds 
Uncalled bet ($0.72) returned to MattyB214
MattyB214 collected $0.41 from pot
MattyB214: doesn't show hand 
*** SUMMARY ***
Total pot $0.43 | Rake $0.02 
Board [8h Jc 8s 3h]
Seat 1: Dorex2007 folded before Flop (didn't bet)
Seat 3: tutjak folded before Flop (didn't bet)
Seat 4: Bumbu506 folded on the Turn
Seat 5: MattyB214 (button) collected ($0.41)
Seat 6: 415bigb (small blind) folded before Flop
Seat 7: makyzi (big blind) folded before Flop
Seat 8: abufirs folded before Flop (didn't bet)
Seat 9: edoschenko folded before Flop (didn't bet)



PokerStars Hand #234645716787:  Hold'em No Limit ($0.01/$0.02 USD) - 2022/03/07 21:19:25 PT [2022/03/08 0:19:25 ET]
Table 'Volpecula III' 9-max Seat #6 is the button
Seat 1: Dorex2007 ($2.28 in chips) 
Seat 3: tutjak ($2.34 in chips) 
Seat 4: Bumbu506 ($5.13 in chips) 
Seat 5: MattyB214 ($1.13 in chips) 
Seat 6: 415bigb ($2.82 in chips) 
Seat 7: makyzi ($1.91 in chips) 
Seat 8: abufirs ($4.76 in chips) 
Seat 9: edoschenko ($2.77 in chips) 
makyzi: posts small blind $0.01
abufirs: posts big blind $0.02
*** HOLE CARDS ***
Dealt to Dorex2007 [7s 5d]
edoschenko: folds 
Dorex2007: folds 
tutjak: folds 
Bumbu506: calls $0.02
MattyB214: folds 
415bigb: raises $0.04 to $0.06
makyzi: folds 
abufirs: folds 
Bumbu506: calls $0.04
*** FLOP *** [4h 2d Ks]
Bumbu506: bets $0.14
415bigb: calls $0.14
*** TURN *** [4h 2d Ks] [4d]
Bumbu506: bets $0.21
415bigb: calls $0.21
*** RIVER *** [4h 2d Ks 4d] [9h]
Bumbu506: bets $0.82
415bigb: folds 
Uncalled bet ($0.82) returned to Bumbu506
Bumbu506 collected $0.82 from pot
Bumbu506: doesn't show hand 
*** SUMMARY ***
Total pot $0.85 | Rake $0.03 
Board [4h 2d Ks 4d 9h]
Seat 1: Dorex2007 folded before Flop (didn't bet)
Seat 3: tutjak folded before Flop (didn't bet)
Seat 4: Bumbu506 collected ($0.82)
Seat 5: MattyB214 folded before Flop (didn't bet)
Seat 6: 415bigb (button) folded on the River
Seat 7: makyzi (small blind) folded before Flop
Seat 8: abufirs (big blind) folded before Flop
Seat 9: edoschenko folded before Flop (didn't bet)



PokerStars Hand #234645725608:  Hold'em No Limit ($0.01/$0.02 USD) - 2022/03/07 21:20:31 PT [2022/03/08 0:20:31 ET]
Table 'Volpecula III' 9-max Seat #7 is the button
Seat 1: Dorex2007 ($2.28 in chips) 
Seat 3: tutjak ($2.34 in chips) 
Seat 4: Bumbu506 ($5.54 in chips) 
Seat 5: MattyB214 ($1.13 in chips) 
Seat 6: 415bigb ($2.41 in chips) 
Seat 7: makyzi ($1.90 in chips) 
Seat 8: abufirs ($4.74 in chips) 
Seat 9: edoschenko ($2.77 in chips) 
abufirs: posts small blind $0.01
edoschenko: posts big blind $0.02
*** HOLE CARDS ***
Dealt to Dorex2007 [7h Qc]
Dorex2007: folds 
tutjak: folds 
Bumbu506: folds 
MattyB214: calls $0.02
415bigb: raises $0.02 to $0.04
makyzi: folds 
abufirs: calls $0.03
edoschenko: folds 
MattyB214: calls $0.02
*** FLOP *** [6c 3h 6h]
abufirs: checks 
MattyB214: checks 
415bigb: checks 
*** TURN *** [6c 3h 6h] [2d]
abufirs: bets $0.14
MattyB214: folds 
415bigb: folds 
Uncalled bet ($0.14) returned to abufirs
abufirs collected $0.14 from pot
abufirs: doesn't show hand 
*** SUMMARY ***
Total pot $0.14 | Rake $0 
Board [6c 3h 6h 2d]
Seat 1: Dorex2007 folded before Flop (didn't bet)
Seat 3: tutjak folded before Flop (didn't bet)
Seat 4: Bumbu506 folded before Flop (didn't bet)
Seat 5: MattyB214 folded on the Turn
Seat 6: 415bigb folded on the Turn
Seat 7: makyzi (button) folded before Flop (didn't bet)
Seat 8: abufirs (small blind) collected ($0.14)
Seat 9: edoschenko (big blind) folded before Flop



PokerStars Hand #234645730972:  Hold'em No Limit ($0.01/$0.02 USD) - 2022/03/07 21:21:12 PT [2022/03/08 0:21:12 ET]
Table 'Volpecula III' 9-max Seat #8 is the button
Seat 1: Dorex2007 ($2.28 in chips) 
Seat 3: tutjak ($2.34 in chips) 
Seat 4: Bumbu506 ($5.54 in chips) 
Seat 5: MattyB214 ($1.09 in chips) 
Seat 6: 415bigb ($2.37 in chips) 
Seat 7: makyzi ($1.90 in chips) 
Seat 8: abufirs ($4.84 in chips) 
Seat 9: edoschenko ($2.75 in chips) 
edoschenko: posts small blind $0.01
Dorex2007: posts big blind $0.02
*** HOLE CARDS ***
Dealt to Dorex2007 [Qs As]
tutjak: folds 
Bumbu506: calls $0.02
MattyB214: raises $0.04 to $0.06
415bigb: folds 
makyzi: folds 
abufirs: folds 
edoschenko: folds 
Dorex2007: raises $0.12 to $0.18
Bumbu506: calls $0.16
MattyB214: raises $0.91 to $1.09 and is all-in
Dorex2007: calls $0.91
Bumbu506: calls $0.91
*** FLOP *** [2s 3c 6d]
Dorex2007: bets $1.19 and is all-in
Bumbu506: folds 
Uncalled bet ($1.19) returned to Dorex2007
*** TURN *** [2s 3c 6d] [2h]
*** RIVER *** [2s 3c 6d 2h] [8s]
*** SHOW DOWN ***
Dorex2007: shows [Qs As] (a pair of Deuces)
MattyB214: shows [Kc Kh] (two pair, Kings and Deuces)
MattyB214 collected $3.17 from pot
*** SUMMARY ***
Total pot $3.28 | Rake $0.11 
Board [2s 3c 6d 2h 8s]
Seat 1: Dorex2007 (big blind) showed [Qs As] and lost with a pair of Deuces
Seat 3: tutjak folded before Flop (didn't bet)
Seat 4: Bumbu506 folded on the Flop
Seat 5: MattyB214 showed [Kc Kh] and won ($3.17) with two pair, Kings and Deuces
Seat 6: 415bigb folded before Flop (didn't bet)
Seat 7: makyzi folded before Flop (didn't bet)
Seat 8: abufirs (button) folded before Flop (didn't bet)
Seat 9: edoschenko (small blind) folded before Flop



PokerStars Hand #234645743756:  Hold'em No Limit ($0.01/$0.02 USD) - 2022/03/07 21:22:48 PT [2022/03/08 0:22:48 ET]
Table 'Volpecula III' 9-max Seat #9 is the button
Seat 1: Dorex2007 ($2 in chips) 
Seat 3: tutjak ($2.34 in chips) 
Seat 4: Bumbu506 ($4.45 in chips) 
Seat 5: MattyB214 ($3.17 in chips) 
Seat 6: 415bigb ($2.37 in chips) 
Seat 7: makyzi ($1.90 in chips) 
Seat 8: abufirs ($4.84 in chips) 
Seat 9: edoschenko ($2.74 in chips) 
Dorex2007: posts small blind $0.01
tutjak: posts big blind $0.02
*** HOLE CARDS ***
Dealt to Dorex2007 [2s 4c]
Bumbu506: calls $0.02
MattyB214: folds 
415bigb: folds 
makyzi: folds 
abufirs: calls $0.02
edoschenko: raises $0.08 to $0.10
Dorex2007: folds 
tutjak: folds 
Bumbu506: calls $0.08
abufirs: folds 
*** FLOP *** [6h 5h Ad]
Bumbu506: checks 
edoschenko: checks 
*** TURN *** [6h 5h Ad] [Kh]
Bumbu506: bets $0.12
edoschenko: calls $0.12
*** RIVER *** [6h 5h Ad Kh] [4s]
Bumbu506: bets $0.24
edoschenko: folds 
Uncalled bet ($0.24) returned to Bumbu506
Bumbu506 collected $0.47 from pot
Bumbu506: doesn't show hand 
*** SUMMARY ***
Total pot $0.49 | Rake $0.02 
Board [6h 5h Ad Kh 4s]
Seat 1: Dorex2007 (small blind) folded before Flop
Seat 3: tutjak (big blind) folded before Flop
Seat 4: Bumbu506 collected ($0.47)
Seat 5: MattyB214 folded before Flop (didn't bet)
Seat 6: 415bigb folded before Flop (didn't bet)
Seat 7: makyzi folded before Flop (didn't bet)
Seat 8: abufirs folded before Flop
Seat 9: edoschenko (button) folded on the River



PokerStars Hand #234645751421:  Hold'em No Limit ($0.01/$0.02 USD) - 2022/03/07 21:23:46 PT [2022/03/08 0:23:46 ET]
Table 'Volpecula III' 9-max Seat #1 is the button
Seat 1: Dorex2007 ($2 in chips) 
Seat 3: tutjak ($2.32 in chips) 
Seat 4: Bumbu506 ($4.70 in chips) 
Seat 5: MattyB214 ($3.17 in chips) 
Seat 6: 415bigb ($2.37 in chips) 
Seat 7: makyzi ($1.90 in chips) 
Seat 8: abufirs ($4.82 in chips) 
Seat 9: edoschenko ($2.52 in chips) 
tutjak: posts small blind $0.01
Bumbu506: posts big blind $0.02
*** HOLE CARDS ***
Dealt to Dorex2007 [Kd 7c]
MattyB214: folds 
415bigb: calls $0.02
makyzi: folds 
abufirs: folds 
edoschenko: folds 
Dorex2007: folds 
tutjak: folds 
Bumbu506: raises $0.02 to $0.04
415bigb: calls $0.02
*** FLOP *** [Jh 8h Qd]
Bumbu506: checks 
415bigb: checks 
*** TURN *** [Jh 8h Qd] [6d]
Bumbu506: bets $0.09
415bigb: calls $0.09
*** RIVER *** [Jh 8h Qd 6d] [Td]
Bumbu506: bets $0.26
415bigb: calls $0.26
*** SHOW DOWN ***
Bumbu506: shows [Ah 6h] (a pair of Sixes)
415bigb: shows [Jd Ks] (a pair of Jacks)
415bigb collected $0.76 from pot
*** SUMMARY ***
Total pot $0.79 | Rake $0.03 
Board [Jh 8h Qd 6d Td]
Seat 1: Dorex2007 (button) folded before Flop (didn't bet)
Seat 3: tutjak (small blind) folded before Flop
Seat 4: Bumbu506 (big blind) showed [Ah 6h] and lost with a pair of Sixes
Seat 5: MattyB214 folded before Flop (didn't bet)
Seat 6: 415bigb showed [Jd Ks] and won ($0.76) with a pair of Jacks
Seat 7: makyzi folded before Flop (didn't bet)
Seat 8: abufirs folded before Flop (didn't bet)
Seat 9: edoschenko folded before Flop (didn't bet)



PokerStars Hand #234645758153:  Hold'em No Limit ($0.01/$0.02 USD) - 2022/03/07 21:24:37 PT [2022/03/08 0:24:37 ET]
Table 'Volpecula III' 9-max Seat #3 is the button
Seat 1: Dorex2007 ($2 in chips) 
Seat 3: tutjak ($2.31 in chips) 
Seat 4: Bumbu506 ($4.31 in chips) 
Seat 5: MattyB214 ($3.17 in chips) 
Seat 6: 415bigb ($2.74 in chips) 
Seat 7: makyzi ($1.90 in chips) 
Seat 8: abufirs ($4.82 in chips) 
Seat 9: edoschenko ($2.52 in chips) 
Bumbu506: posts small blind $0.01
MattyB214: posts big blind $0.02
*** HOLE CARDS ***
Dealt to Dorex2007 [3s Ac]
415bigb: calls $0.02
makyzi: folds 
abufirs: folds 
edoschenko: folds 
Dorex2007: folds 
tutjak: raises $0.02 to $0.04
Bumbu506: calls $0.03
MattyB214: folds 
415bigb: calls $0.02
*** FLOP *** [Qh Jc 5d]
Bumbu506: checks 
415bigb: checks 
tutjak: checks 
*** TURN *** [Qh Jc 5d] [3c]
Bumbu506: checks 
415bigb: checks 
tutjak: checks 
*** RIVER *** [Qh Jc 5d 3c] [7c]
Bumbu506: bets $0.14
415bigb: folds 
tutjak: folds 
Uncalled bet ($0.14) returned to Bumbu506
Bumbu506 collected $0.14 from pot
Bumbu506: doesn't show hand 
*** SUMMARY ***
Total pot $0.14 | Rake $0 
Board [Qh Jc 5d 3c 7c]
Seat 1: Dorex2007 folded before Flop (didn't bet)
Seat 3: tutjak (button) folded on the River
Seat 4: Bumbu506 (small blind) collected ($0.14)
Seat 5: MattyB214 (big blind) folded before Flop
Seat 6: 415bigb folded on the River
Seat 7: makyzi folded before Flop (didn't bet)
Seat 8: abufirs folded before Flop (didn't bet)
Seat 9: edoschenko folded before Flop (didn't bet)



PokerStars Hand #234645765049:  Hold'em No Limit ($0.01/$0.02 USD) - 2022/03/07 21:25:29 PT [2022/03/08 0:25:29 ET]
Table 'Volpecula III' 9-max Seat #4 is the button
Seat 1: Dorex2007 ($2 in chips) 
Seat 3: tutjak ($2.27 in chips) 
Seat 4: Bumbu506 ($4.41 in chips) 
Seat 5: MattyB214 ($3.15 in chips) 
Seat 6: 415bigb ($2.70 in chips) 
Seat 7: makyzi ($1.90 in chips) 
Seat 8: abufirs ($4.82 in chips) 
Seat 9: edoschenko ($2.52 in chips) 
MattyB214: posts small blind $0.01
415bigb: posts big blind $0.02
*** HOLE CARDS ***
Dealt to Dorex2007 [2c 8s]
makyzi: folds 
abufirs: folds 
edoschenko: folds 
Dorex2007: folds 
tutjak: folds 
Bumbu506: calls $0.02
MattyB214: folds 
415bigb: checks 
*** FLOP *** [Qs Kh 2d]
415bigb: checks 
Bumbu506: bets $0.05
415bigb: folds 
Uncalled bet ($0.05) returned to Bumbu506
Bumbu506 collected $0.05 from pot
Bumbu506: doesn't show hand 
*** SUMMARY ***
Total pot $0.05 | Rake $0 
Board [Qs Kh 2d]
Seat 1: Dorex2007 folded before Flop (didn't bet)
Seat 3: tutjak folded before Flop (didn't bet)
Seat 4: Bumbu506 (button) collected ($0.05)
Seat 5: MattyB214 (small blind) folded before Flop
Seat 6: 415bigb (big blind) folded on the Flop
Seat 7: makyzi folded before Flop (didn't bet)
Seat 8: abufirs folded before Flop (didn't bet)
Seat 9: edoschenko folded before Flop (didn't bet)



PokerStars Hand #234645770120:  Hold'em No Limit ($0.01/$0.02 USD) - 2022/03/07 21:26:07 PT [2022/03/08 0:26:07 ET]
Table 'Volpecula III' 9-max Seat #5 is the button
Seat 1: Dorex2007 ($2 in chips) 
Seat 4: Bumbu506 ($4.44 in chips) 
Seat 5: MattyB214 ($3.14 in chips) 
Seat 6: 415bigb ($2.68 in chips) 
Seat 7: makyzi ($1.90 in chips) 
Seat 8: abufirs ($4.82 in chips) 
Seat 9: edoschenko ($2.52 in chips) 
415bigb: posts small blind $0.01
makyzi: posts big blind $0.02
*** HOLE CARDS ***
Dealt to Dorex2007 [Qh Ts]
tutjak leaves the table
abufirs: folds 
2VERY joins the table at seat #3 
edoschenko: folds 
Dorex2007: folds 
Bumbu506: raises $0.02 to $0.04
MattyB214: calls $0.04
415bigb: folds 
makyzi: folds 
*** FLOP *** [4h Ah 5s]
Bumbu506: bets $0.11
MattyB214: calls $0.11
*** TURN *** [4h Ah 5s] [9h]
Bumbu506: bets $0.16
MattyB214: folds 
Uncalled bet ($0.16) returned to Bumbu506
Bumbu506 collected $0.32 from pot
Bumbu506: doesn't show hand 
*** SUMMARY ***
Total pot $0.33 | Rake $0.01 
Board [4h Ah 5s 9h]
Seat 1: Dorex2007 folded before Flop (didn't bet)
Seat 4: Bumbu506 collected ($0.32)
Seat 5: MattyB214 (button) folded on the Turn
Seat 6: 415bigb (small blind) folded before Flop
Seat 7: makyzi (big blind) folded before Flop
Seat 8: abufirs folded before Flop (didn't bet)
Seat 9: edoschenko folded before Flop (didn't bet)



PokerStars Hand #234645774842:  Hold'em No Limit ($0.01/$0.02 USD) - 2022/03/07 21:26:42 PT [2022/03/08 0:26:42 ET]
Table 'Volpecula III' 9-max Seat #6 is the button
Seat 1: Dorex2007 ($2 in chips) 
Seat 4: Bumbu506 ($4.61 in chips) 
Seat 5: MattyB214 ($2.99 in chips) 
Seat 6: 415bigb ($2.67 in chips) 
Seat 7: makyzi ($1.88 in chips) 
Seat 8: abufirs ($4.82 in chips) 
Seat 9: edoschenko ($2.52 in chips) 
makyzi: posts small blind $0.01
abufirs: posts big blind $0.02
2VERY: sits out 
*** HOLE CARDS ***
Dealt to Dorex2007 [6d 9h]
edoschenko: folds 
Dorex2007: folds 
Bumbu506: calls $0.02
MattyB214: calls $0.02
415bigb: folds 
makyzi: folds 
abufirs: checks 
*** FLOP *** [Qd As Jd]
abufirs: checks 
Bumbu506: bets $0.07
MattyB214: raises $0.07 to $0.14
abufirs: folds 
Bumbu506: folds 
Uncalled bet ($0.07) returned to MattyB214
MattyB214 collected $0.20 from pot
MattyB214: doesn't show hand 
*** SUMMARY ***
Total pot $0.21 | Rake $0.01 
Board [Qd As Jd]
Seat 1: Dorex2007 folded before Flop (didn't bet)
Seat 4: Bumbu506 folded on the Flop
Seat 5: MattyB214 collected ($0.20)
Seat 6: 415bigb (button) folded before Flop (didn't bet)
Seat 7: makyzi (small blind) folded before Flop
Seat 8: abufirs (big blind) folded on the Flop
Seat 9: edoschenko folded before Flop (didn't bet)



PokerStars Hand #234645780148:  Hold'em No Limit ($0.01/$0.02 USD) - 2022/03/07 21:27:22 PT [2022/03/08 0:27:22 ET]
Table 'Volpecula III' 9-max Seat #7 is the button
Seat 1: Dorex2007 ($2 in chips) 
Seat 4: Bumbu506 ($4.52 in chips) 
Seat 5: MattyB214 ($3.10 in chips) 
Seat 6: 415bigb ($2.67 in chips) 
Seat 7: makyzi ($1.87 in chips) 
Seat 8: abufirs ($4.80 in chips) 
Seat 9: edoschenko ($2.52 in chips) 
abufirs: posts small blind $0.01
edoschenko: posts big blind $0.02
2VERY: sits out 
*** HOLE CARDS ***
Dealt to Dorex2007 [Td 2s]
Dorex2007: folds 
Bumbu506: calls $0.02
MattyB214: folds 
415bigb: folds 
makyzi: raises $0.06 to $0.08
abufirs: folds 
edoschenko: folds 
Bumbu506: calls $0.06
*** FLOP *** [Ah 9c 7s]
Bumbu506: checks 
makyzi: bets $0.09
Bumbu506: raises $0.09 to $0.18
makyzi: calls $0.09
*** TURN *** [Ah 9c 7s] [Kc]
Bumbu506: checks 
makyzi: bets $0.27
Bumbu506: raises $0.27 to $0.54
makyzi: calls $0.27
*** RIVER *** [Ah 9c 7s Kc] [5s]
Bumbu506: checks 
makyzi: checks 
*** SHOW DOWN ***
Bumbu506: shows [Ad Jh] (a pair of Aces)
makyzi: mucks hand 
Bumbu506 collected $1.57 from pot
*** SUMMARY ***
Total pot $1.63 | Rake $0.06 
Board [Ah 9c 7s Kc 5s]
Seat 1: Dorex2007 folded before Flop (didn't bet)
Seat 4: Bumbu506 showed [Ad Jh] and won ($1.57) with a pair of Aces
Seat 5: MattyB214 folded before Flop (didn't bet)
Seat 6: 415bigb folded before Flop (didn't bet)
Seat 7: makyzi (button) mucked [Th Tc]
Seat 8: abufirs (small blind) folded before Flop
Seat 9: edoschenko (big blind) folded before Flop



PokerStars Hand #234645790028:  Hold'em No Limit ($0.01/$0.02 USD) - 2022/03/07 21:28:39 PT [2022/03/08 0:28:39 ET]
Table 'Volpecula III' 9-max Seat #8 is the button
Seat 1: Dorex2007 ($2 in chips) 
Seat 4: Bumbu506 ($5.29 in chips) 
Seat 5: MattyB214 ($3.10 in chips) 
Seat 6: 415bigb ($2.67 in chips) 
Seat 8: abufirs ($4.79 in chips) 
Seat 9: edoschenko ($2.50 in chips) 
edoschenko: posts small blind $0.01
Dorex2007: posts big blind $0.02
2VERY: sits out 
*** HOLE CARDS ***
Dealt to Dorex2007 [9s 7s]
makyzi leaves the table
Bumbu506: calls $0.02
MattyB214: folds 
415bigb: folds 
abufirs: folds 
edoschenko: folds 
Dorex2007: checks 
*** FLOP *** [Kh 9d 4c]
Dorex2007: checks 
Bumbu506: checks 
*** TURN *** [Kh 9d 4c] [3h]
Dorex2007: bets $0.03
Bumbu506: calls $0.03
*** RIVER *** [Kh 9d 4c 3h] [7c]
Dorex2007: bets $0.11
Andorrior joins the table at seat #7 
Bumbu506: raises $0.11 to $0.22
Dorex2007: calls $0.11
*** SHOW DOWN ***
Bumbu506: shows [6s 5c] (a straight, Three to Seven)
Dorex2007: mucks hand 
Bumbu506 collected $0.53 from pot
*** SUMMARY ***
Total pot $0.55 | Rake $0.02 
Board [Kh 9d 4c 3h 7c]
Seat 1: Dorex2007 (big blind) mucked [9s 7s]
Seat 4: Bumbu506 showed [6s 5c] and won ($0.53) with a straight, Three to Seven
Seat 5: MattyB214 folded before Flop (didn't bet)
Seat 6: 415bigb folded before Flop (didn't bet)
Seat 8: abufirs (button) folded before Flop (didn't bet)
Seat 9: edoschenko (small blind) folded before Flop



PokerStars Hand #234645794247:  Hold'em No Limit ($0.01/$0.02 USD) - 2022/03/07 21:29:12 PT [2022/03/08 0:29:12 ET]
Table 'Volpecula III' 9-max Seat #9 is the button
Seat 1: Dorex2007 ($2 in chips) 
Seat 3: 2VERY ($1.20 in chips) 
Seat 4: Bumbu506 ($5.55 in chips) 
Seat 5: MattyB214 ($3.10 in chips) 
Seat 6: 415bigb ($2.67 in chips) 
Seat 8: abufirs ($4.79 in chips) 
Seat 9: edoschenko ($2.49 in chips) 
Dorex2007: posts small blind $0.01
2VERY: posts big blind $0.02
Andorrior: sits out 
*** HOLE CARDS ***
Dealt to Dorex2007 [Kd 9h]
Bumbu506: calls $0.02
MattyB214: folds 
415bigb: folds 
abufirs: folds 
edoschenko: folds 
Dorex2007: calls $0.01
2VERY: checks 
*** FLOP *** [6d 5d 4s]
Dorex2007: checks 
2VERY: checks 
Bumbu506: checks 
*** TURN *** [6d 5d 4s] [7c]
Dorex2007: checks 
2VERY: checks 
Bumbu506: bets $0.06
Dorex2007: folds 
2VERY: folds 
Uncalled bet ($0.06) returned to Bumbu506
Bumbu506 collected $0.06 from pot
Bumbu506: doesn't show hand 
*** SUMMARY ***
Total pot $0.06 | Rake $0 
Board [6d 5d 4s 7c]
Seat 1: Dorex2007 (small blind) folded on the Turn
Seat 3: 2VERY (big blind) folded on the Turn
Seat 4: Bumbu506 collected ($0.06)
Seat 5: MattyB214 folded before Flop (didn't bet)
Seat 6: 415bigb folded before Flop (didn't bet)
Seat 8: abufirs folded before Flop (didn't bet)
Seat 9: edoschenko (button) folded before Flop (didn't bet)



PokerStars Hand #234645798307:  Hold'em No Limit ($0.01/$0.02 USD) - 2022/03/07 21:29:43 PT [2022/03/08 0:29:43 ET]
Table 'Volpecula III' 9-max Seat #1 is the button
Seat 1: Dorex2007 ($2 in chips) 
Seat 3: 2VERY ($1.18 in chips) 
Seat 4: Bumbu506 ($5.59 in chips) 
Seat 5: MattyB214 ($3.10 in chips) 
Seat 6: 415bigb ($2.67 in chips) 
Seat 8: abufirs ($4.79 in chips) 
Seat 9: edoschenko ($2.49 in chips) 
2VERY: posts small blind $0.01
Bumbu506: posts big blind $0.02
Andorrior: sits out 
*** HOLE CARDS ***
Dealt to Dorex2007 [9h Jh]
MattyB214: folds 
415bigb: folds 
abufirs: calls $0.02
edoschenko: folds 
Dorex2007: folds 
2VERY: folds 
Bumbu506: raises $0.02 to $0.04
abufirs: calls $0.02
*** FLOP *** [6d 7h 4s]
Bumbu506: bets $0.09
abufirs: folds 
Uncalled bet ($0.09) returned to Bumbu506
Bumbu506 collected $0.09 from pot
Bumbu506: doesn't show hand 
*** SUMMARY ***
Total pot $0.09 | Rake $0 
Board [6d 7h 4s]
Seat 1: Dorex2007 (button) folded before Flop (didn't bet)
Seat 3: 2VERY (small blind) folded before Flop
Seat 4: Bumbu506 (big blind) collected ($0.09)
Seat 5: MattyB214 folded before Flop (didn't bet)
Seat 6: 415bigb folded before Flop (didn't bet)
Seat 8: abufirs folded on the Flop
Seat 9: edoschenko folded before Flop (didn't bet)



PokerStars Hand #234645801619:  Hold'em No Limit ($0.01/$0.02 USD) - 2022/03/07 21:30:09 PT [2022/03/08 0:30:09 ET]
Table 'Volpecula III' 9-max Seat #3 is the button
Seat 1: Dorex2007 ($2 in chips) 
Seat 3: 2VERY ($1.20 in chips) 
Seat 4: Bumbu506 ($5.64 in chips) 
Seat 5: MattyB214 ($3.10 in chips) 
Seat 6: 415bigb ($2.67 in chips) 
Seat 8: abufirs ($4.75 in chips) 
Seat 9: edoschenko ($2.49 in chips) 
Bumbu506: posts small blind $0.01
MattyB214: posts big blind $0.02
Andorrior: sits out 
*** HOLE CARDS ***
Dealt to Dorex2007 [8c 2h]
415bigb: folds 
abufirs: calls $0.02
edoschenko: folds 
Dorex2007: folds 
2VERY: folds 
Bumbu506: raises $0.02 to $0.04
MattyB214: folds 
abufirs: calls $0.02
*** FLOP *** [2c Th Qc]
Bumbu506: checks 
abufirs: checks 
*** TURN *** [2c Th Qc] [Tc]
Bumbu506: bets $0.10
abufirs: folds 
Uncalled bet ($0.10) returned to Bumbu506
Bumbu506 collected $0.10 from pot
Bumbu506: doesn't show hand 
*** SUMMARY ***
Total pot $0.10 | Rake $0 
Board [2c Th Qc Tc]
Seat 1: Dorex2007 folded before Flop (didn't bet)
Seat 3: 2VERY (button) folded before Flop (didn't bet)
Seat 4: Bumbu506 (small blind) collected ($0.10)
Seat 5: MattyB214 (big blind) folded before Flop
Seat 6: 415bigb folded before Flop (didn't bet)
Seat 8: abufirs folded on the Turn
Seat 9: edoschenko folded before Flop (didn't bet)



PokerStars Hand #234645805307:  Hold'em No Limit ($0.01/$0.02 USD) - 2022/03/07 21:30:37 PT [2022/03/08 0:30:37 ET]
Table 'Volpecula III' 9-max Seat #4 is the button
Seat 1: Dorex2007 ($2 in chips) 
Seat 3: 2VERY ($1.20 in chips) 
Seat 4: Bumbu506 ($5.70 in chips) 
Seat 5: MattyB214 ($3.08 in chips) 
Seat 6: 415bigb ($2.67 in chips) 
Seat 8: abufirs ($4.71 in chips) 
Seat 9: edoschenko ($2.49 in chips) 
MattyB214: posts small blind $0.01
415bigb: posts big blind $0.02
Andorrior: sits out 
*** HOLE CARDS ***
Dealt to Dorex2007 [8s Td]
abufirs: folds 
edoschenko: folds 
Dorex2007: folds 
2VERY: folds 
Bumbu506: calls $0.02
MattyB214: folds 
415bigb: checks 
*** FLOP *** [8c 4h Kh]
415bigb: checks 
Bumbu506: bets $0.05
415bigb: folds 
Uncalled bet ($0.05) returned to Bumbu506
Bumbu506 collected $0.05 from pot
Bumbu506: doesn't show hand 
*** SUMMARY ***
Total pot $0.05 | Rake $0 
Board [8c 4h Kh]
Seat 1: Dorex2007 folded before Flop (didn't bet)
Seat 3: 2VERY folded before Flop (didn't bet)
Seat 4: Bumbu506 (button) collected ($0.05)
Seat 5: MattyB214 (small blind) folded before Flop
Seat 6: 415bigb (big blind) folded on the Flop
Seat 8: abufirs folded before Flop (didn't bet)
Seat 9: edoschenko folded before Flop (didn't bet)



PokerStars Hand #234645809774:  Hold'em No Limit ($0.01/$0.02 USD) - 2022/03/07 21:31:11 PT [2022/03/08 0:31:11 ET]
Table 'Volpecula III' 9-max Seat #5 is the button
Seat 1: Dorex2007 ($2 in chips) 
Seat 3: 2VERY ($1.20 in chips) 
Seat 4: Bumbu506 ($5.73 in chips) 
Seat 5: MattyB214 ($3.07 in chips) 
Seat 6: 415bigb ($2.65 in chips) 
Seat 7: Andorrior ($1.60 in chips) 
Seat 8: abufirs ($4.71 in chips) 
Seat 9: edoschenko ($2.49 in chips) 
415bigb: posts small blind $0.01
Andorrior: posts big blind $0.02
*** HOLE CARDS ***
Dealt to Dorex2007 [3s 6c]
abufirs: raises $0.05 to $0.07
edoschenko: folds 
Dorex2007: folds 
2VERY: folds 
Bumbu506: calls $0.07
MattyB214: folds 
415bigb: folds 
Andorrior: folds 
*** FLOP *** [8c 2h 2s]
abufirs: checks 
Bumbu506: bets $0.16
abufirs: calls $0.16
*** TURN *** [8c 2h 2s] [Jc]
abufirs: checks 
Bumbu506: checks 
*** RIVER *** [8c 2h 2s Jc] [9h]
abufirs: checks 
Bumbu506: bets $0.24
abufirs: folds 
Uncalled bet ($0.24) returned to Bumbu506
Bumbu506 collected $0.47 from pot
Bumbu506: doesn't show hand 
*** SUMMARY ***
Total pot $0.49 | Rake $0.02 
Board [8c 2h 2s Jc 9h]
Seat 1: Dorex2007 folded before Flop (didn't bet)
Seat 3: 2VERY folded before Flop (didn't bet)
Seat 4: Bumbu506 collected ($0.47)
Seat 5: MattyB214 (button) folded before Flop (didn't bet)
Seat 6: 415bigb (small blind) folded before Flop
Seat 7: Andorrior (big blind) folded before Flop
Seat 8: abufirs folded on the River
Seat 9: edoschenko folded before Flop (didn't bet)



PokerStars Hand #234645824981:  Hold'em No Limit ($0.01/$0.02 USD) - 2022/03/07 21:32:16 PT [2022/03/08 0:32:16 ET]
Table 'Volpecula III' 9-max Seat #6 is the button
Seat 1: Dorex2007 ($2 in chips) 
Seat 3: 2VERY ($1.20 in chips) 
Seat 4: Bumbu506 ($5.97 in chips) 
Seat 5: MattyB214 ($3.07 in chips) 
Seat 6: 415bigb ($2.64 in chips) 
Seat 7: Andorrior ($1.58 in chips) 
Seat 8: abufirs ($4.48 in chips) 
Seat 9: edoschenko ($2.49 in chips) 
Andorrior: posts small blind $0.01
abufirs: posts big blind $0.02
*** HOLE CARDS ***
Dealt to Dorex2007 [Jh 4s]
edoschenko: folds 
Dorex2007: folds 
2VERY: folds 
Bumbu506: calls $0.02
MattyB214: folds 
415bigb: raises $0.02 to $0.04
Andorrior: folds 
abufirs: calls $0.02
Bumbu506: calls $0.02
*** FLOP *** [Kh 3d 9h]
abufirs: checks 
Bumbu506: bets $0.07
415bigb: folds 
abufirs: calls $0.07
*** TURN *** [Kh 3d 9h] [9c]
abufirs: checks 
Bumbu506: checks 
*** RIVER *** [Kh 3d 9h 9c] [7d]
abufirs: bets $0.13
Bumbu506: raises $0.13 to $0.26
abufirs: raises $0.13 to $0.39
Bumbu506: calls $0.13
*** SHOW DOWN ***
abufirs: shows [As 9d] (three of a kind, Nines)
Bumbu506: mucks hand 
abufirs collected $1.01 from pot
*** SUMMARY ***
Total pot $1.05 | Rake $0.04 
Board [Kh 3d 9h 9c 7d]
Seat 1: Dorex2007 folded before Flop (didn't bet)
Seat 3: 2VERY folded before Flop (didn't bet)
Seat 4: Bumbu506 mucked [Js Kd]
Seat 5: MattyB214 folded before Flop (didn't bet)
Seat 6: 415bigb (button) folded on the Flop
Seat 7: Andorrior (small blind) folded before Flop
Seat 8: abufirs (big blind) showed [As 9d] and won ($1.01) with three of a kind, Nines
Seat 9: edoschenko folded before Flop (didn't bet)



PokerStars Hand #234645833226:  Hold'em No Limit ($0.01/$0.02 USD) - 2022/03/07 21:33:20 PT [2022/03/08 0:33:20 ET]
Table 'Volpecula III' 9-max Seat #7 is the button
Seat 1: Dorex2007 ($2 in chips) 
Seat 3: 2VERY ($1.20 in chips) 
Seat 4: Bumbu506 ($5.47 in chips) 
Seat 5: MattyB214 ($3.07 in chips) 
Seat 6: 415bigb ($2.60 in chips) 
Seat 7: Andorrior ($1.57 in chips) 
Seat 8: abufirs ($4.99 in chips) 
Seat 9: edoschenko ($2.49 in chips) 
abufirs: posts small blind $0.01
edoschenko: posts big blind $0.02
*** HOLE CARDS ***
Dealt to Dorex2007 [9c Ah]
Dorex2007: folds 
2VERY: folds 
Bumbu506: raises $0.02 to $0.04
MattyB214: calls $0.04
415bigb: calls $0.04
Andorrior: folds 
abufirs: folds 
edoschenko: folds 
*** FLOP *** [Qd 5h 9s]
Bumbu506: checks 
MattyB214: bets $0.02
415bigb: raises $0.04 to $0.06
Bumbu506: calls $0.06
MattyB214: calls $0.04
*** TURN *** [Qd 5h 9s] [6c]
Bumbu506: checks 
MattyB214: checks 
415bigb: bets $0.16
Bumbu506: calls $0.16
MattyB214: folds 
*** RIVER *** [Qd 5h 9s 6c] [4c]
Bumbu506: bets $0.63
415bigb: calls $0.63
*** SHOW DOWN ***
Bumbu506: shows [Js Kc] (high card King)
415bigb: shows [Ac Qh] (a pair of Queens)
415bigb collected $1.84 from pot
*** SUMMARY ***
Total pot $1.91 | Rake $0.07 
Board [Qd 5h 9s 6c 4c]
Seat 1: Dorex2007 folded before Flop (didn't bet)
Seat 3: 2VERY folded before Flop (didn't bet)
Seat 4: Bumbu506 showed [Js Kc] and lost with high card King
Seat 5: MattyB214 folded on the Turn
Seat 6: 415bigb showed [Ac Qh] and won ($1.84) with a pair of Queens
Seat 7: Andorrior (button) folded before Flop (didn't bet)
Seat 8: abufirs (small blind) folded before Flop
Seat 9: edoschenko (big blind) folded before Flop



