PokerStars Hand #231352048321:  Hold'em No Limit ($0.01/$0.02 USD) - 2021/11/12 13:31:02 PT [2021/11/12 16:31:02 ET]
Table 'Sazava II' 9-max Seat #7 is the button
Seat 1: R63L1GM4 ($0.88 in chips) 
Seat 2: january777 ($1.66 in chips) 
Seat 3: HachiBee ($2.11 in chips) 
Seat 4: Californian_888 ($3.53 in chips) 
Seat 5: lindlife ($1.97 in chips) 
Seat 6: Dorex2007 ($2 in chips) 
Seat 7: NikolaiCeni ($0.73 in chips) 
Seat 8: Guachancho_O ($2.88 in chips) 
Guachancho_O: posts small blind $0.01
R63L1GM4: posts big blind $0.02
Dorex2007: posts big blind $0.02
*** HOLE CARDS ***
Dealt to Dorex2007 [Jh Ks]
january777: calls $0.02
HachiBee: folds 
Californian_888: folds 
lindlife: folds 
Dorex2007: checks 
NikolaiCeni: folds 
Guachancho_O: folds 
R63L1GM4: checks 
*** FLOP *** [Ad Td 6s]
R63L1GM4: checks 
january777: checks 
Dorex2007: checks 
*** TURN *** [Ad Td 6s] [8d]
R63L1GM4: checks 
january777: bets $0.06
Dorex2007: folds 
R63L1GM4: folds 
Uncalled bet ($0.06) returned to january777
january777 collected $0.07 from pot
january777: doesn't show hand 
*** SUMMARY ***
Total pot $0.07 | Rake $0 
Board [Ad Td 6s 8d]
Seat 1: R63L1GM4 (big blind) folded on the Turn
Seat 2: january777 collected ($0.07)
Seat 3: HachiBee folded before Flop (didn't bet)
Seat 4: Californian_888 folded before Flop (didn't bet)
Seat 5: lindlife folded before Flop (didn't bet)
Seat 6: Dorex2007 folded on the Turn (didn't bet)
Seat 7: NikolaiCeni (button) folded before Flop (didn't bet)
Seat 8: Guachancho_O (small blind) folded before Flop



PokerStars Hand #231352068250:  Hold'em No Limit ($0.01/$0.02 USD) - 2021/11/12 13:31:42 PT [2021/11/12 16:31:42 ET]
Table 'Sazava II' 9-max Seat #8 is the button
Seat 1: R63L1GM4 ($0.86 in chips) 
Seat 2: january777 ($1.71 in chips) 
Seat 3: HachiBee ($2.11 in chips) 
Seat 4: Californian_888 ($3.53 in chips) 
Seat 5: lindlife ($1.97 in chips) 
Seat 6: Dorex2007 ($2 in chips) 
Seat 7: NikolaiCeni ($0.73 in chips) 
Seat 8: Guachancho_O ($2.87 in chips) 
R63L1GM4: posts small blind $0.01
january777: posts big blind $0.02
*** HOLE CARDS ***
Dealt to Dorex2007 [8d 2d]
HachiBee: folds 
Californian_888: folds 
lindlife: folds 
Dorex2007: folds 
NikolaiCeni has timed out
NikolaiCeni: folds 
Guachancho_O: raises $0.03 to $0.05
R63L1GM4: folds 
january777: calls $0.03
*** FLOP *** [Qc 4h Th]
january777: bets $0.06
Guachancho_O: calls $0.06
*** TURN *** [Qc 4h Th] [Tc]
january777: bets $0.10
Guachancho_O: calls $0.10
*** RIVER *** [Qc 4h Th Tc] [As]
january777: bets $0.10
Guachancho_O: folds 
Uncalled bet ($0.10) returned to january777
january777 collected $0.41 from pot
january777: doesn't show hand 
*** SUMMARY ***
Total pot $0.43 | Rake $0.02 
Board [Qc 4h Th Tc As]
Seat 1: R63L1GM4 (small blind) folded before Flop
Seat 2: january777 (big blind) collected ($0.41)
Seat 3: HachiBee folded before Flop (didn't bet)
Seat 4: Californian_888 folded before Flop (didn't bet)
Seat 5: lindlife folded before Flop (didn't bet)
Seat 6: Dorex2007 folded before Flop (didn't bet)
Seat 7: NikolaiCeni folded before Flop (didn't bet)
Seat 8: Guachancho_O (button) folded on the River



PokerStars Hand #231352100979:  Hold'em No Limit ($0.01/$0.02 USD) - 2021/11/12 13:32:48 PT [2021/11/12 16:32:48 ET]
Table 'Sazava II' 9-max Seat #1 is the button
Seat 1: R63L1GM4 ($0.85 in chips) 
Seat 2: january777 ($1.91 in chips) 
Seat 3: HachiBee ($2.11 in chips) 
Seat 4: Californian_888 ($3.53 in chips) 
Seat 5: lindlife ($1.97 in chips) 
Seat 6: Dorex2007 ($2 in chips) 
Seat 7: NikolaiCeni ($0.73 in chips) 
Seat 8: Guachancho_O ($2.66 in chips) 
january777: posts small blind $0.01
HachiBee: posts big blind $0.02
*** HOLE CARDS ***
Dealt to Dorex2007 [7c 9d]
Californian_888: folds 
lindlife: folds 
Dorex2007: folds 
NikolaiCeni: folds 
Guachancho_O: folds 
R63L1GM4: folds 
january777: calls $0.01
HachiBee: raises $0.04 to $0.06
january777: calls $0.04
*** FLOP *** [7d Td 5s]
january777: checks 
HachiBee: checks 
*** TURN *** [7d Td 5s] [5h]
january777: bets $0.02
HachiBee: folds 
Uncalled bet ($0.02) returned to january777
january777 collected $0.12 from pot
january777: doesn't show hand 
*** SUMMARY ***
Total pot $0.12 | Rake $0 
Board [7d Td 5s 5h]
Seat 1: R63L1GM4 (button) folded before Flop (didn't bet)
Seat 2: january777 (small blind) collected ($0.12)
Seat 3: HachiBee (big blind) folded on the Turn
Seat 4: Californian_888 folded before Flop (didn't bet)
Seat 5: lindlife folded before Flop (didn't bet)
Seat 6: Dorex2007 folded before Flop (didn't bet)
Seat 7: NikolaiCeni folded before Flop (didn't bet)
Seat 8: Guachancho_O folded before Flop (didn't bet)



PokerStars Hand #231352120646:  Hold'em No Limit ($0.01/$0.02 USD) - 2021/11/12 13:33:27 PT [2021/11/12 16:33:27 ET]
Table 'Sazava II' 9-max Seat #2 is the button
Seat 1: R63L1GM4 ($0.85 in chips) 
Seat 2: january777 ($1.97 in chips) 
Seat 3: HachiBee ($2.05 in chips) 
Seat 4: Californian_888 ($3.53 in chips) 
Seat 5: lindlife ($1.97 in chips) 
Seat 6: Dorex2007 ($2 in chips) 
Seat 7: NikolaiCeni ($0.73 in chips) 
Seat 8: Guachancho_O ($2.66 in chips) 
HachiBee: posts small blind $0.01
Californian_888: posts big blind $0.02
*** HOLE CARDS ***
Dealt to Dorex2007 [5s 2s]
lindlife: folds 
Dorex2007: folds 
NikolaiCeni: calls $0.02
Guachancho_O: folds 
R63L1GM4: folds 
january777: raises $0.02 to $0.04
HachiBee: folds 
Californian_888: calls $0.02
NikolaiCeni: calls $0.02
*** FLOP *** [7d 3c Ks]
Californian_888: checks 
NikolaiCeni: checks 
january777: bets $0.04
Californian_888: calls $0.04
NikolaiCeni: folds 
*** TURN *** [7d 3c Ks] [9d]
Californian_888: checks 
january777: bets $0.16
Californian_888: folds 
Uncalled bet ($0.16) returned to january777
january777 collected $0.20 from pot
january777: doesn't show hand 
*** SUMMARY ***
Total pot $0.21 | Rake $0.01 
Board [7d 3c Ks 9d]
Seat 1: R63L1GM4 folded before Flop (didn't bet)
Seat 2: january777 (button) collected ($0.20)
Seat 3: HachiBee (small blind) folded before Flop
Seat 4: Californian_888 (big blind) folded on the Turn
Seat 5: lindlife folded before Flop (didn't bet)
Seat 6: Dorex2007 folded before Flop (didn't bet)
Seat 7: NikolaiCeni folded on the Flop
Seat 8: Guachancho_O folded before Flop (didn't bet)



PokerStars Hand #231352171312:  Hold'em No Limit ($0.01/$0.02 USD) - 2021/11/12 13:34:50 PT [2021/11/12 16:34:50 ET]
Table 'Sazava II' 9-max Seat #3 is the button
Seat 1: R63L1GM4 ($0.85 in chips) 
Seat 2: january777 ($2.09 in chips) 
Seat 3: HachiBee ($2.04 in chips) 
Seat 4: Californian_888 ($3.45 in chips) 
Seat 5: lindlife ($1.97 in chips) 
Seat 6: Dorex2007 ($2 in chips) 
Seat 7: NikolaiCeni ($0.69 in chips) 
Seat 8: Guachancho_O ($2.66 in chips) 
Californian_888: posts small blind $0.01
lindlife: posts big blind $0.02
*** HOLE CARDS ***
Dealt to Dorex2007 [6d Ks]
Dorex2007: folds 
NikolaiCeni: folds 
Guachancho_O: folds 
R63L1GM4: folds 
january777: raises $0.02 to $0.04
HachiBee: folds 
Californian_888: folds 
lindlife: folds 
Uncalled bet ($0.02) returned to january777
january777 collected $0.05 from pot
january777: doesn't show hand 
*** SUMMARY ***
Total pot $0.05 | Rake $0 
Seat 1: R63L1GM4 folded before Flop (didn't bet)
Seat 2: january777 collected ($0.05)
Seat 3: HachiBee (button) folded before Flop (didn't bet)
Seat 4: Californian_888 (small blind) folded before Flop
Seat 5: lindlife (big blind) folded before Flop
Seat 6: Dorex2007 folded before Flop (didn't bet)
Seat 7: NikolaiCeni folded before Flop (didn't bet)
Seat 8: Guachancho_O folded before Flop (didn't bet)



PokerStars Hand #231352179825:  Hold'em No Limit ($0.01/$0.02 USD) - 2021/11/12 13:35:07 PT [2021/11/12 16:35:07 ET]
Table 'Sazava II' 9-max Seat #4 is the button
Seat 1: R63L1GM4 ($0.85 in chips) 
Seat 2: january777 ($2.12 in chips) 
Seat 3: HachiBee ($2.04 in chips) 
Seat 4: Californian_888 ($3.44 in chips) 
Seat 5: lindlife ($1.95 in chips) 
Seat 6: Dorex2007 ($2 in chips) 
Seat 7: NikolaiCeni ($0.69 in chips) 
Seat 8: Guachancho_O ($2.66 in chips) 
lindlife: posts small blind $0.01
Dorex2007: posts big blind $0.02
*** HOLE CARDS ***
Dealt to Dorex2007 [Jd Jc]
NikolaiCeni: folds 
Guachancho_O: folds 
R63L1GM4: folds 
january777: calls $0.02
HachiBee: raises $0.06 to $0.08
Californian_888: folds 
lindlife: folds 
Dorex2007: raises $1.92 to $2 and is all-in
january777: folds 
HachiBee: folds [8h Qs]
Uncalled bet ($1.92) returned to Dorex2007
Dorex2007 collected $0.19 from pot
Dorex2007: doesn't show hand 
*** SUMMARY ***
Total pot $0.19 | Rake $0 
Seat 1: R63L1GM4 folded before Flop (didn't bet)
Seat 2: january777 folded before Flop
Seat 3: HachiBee folded before Flop
Seat 4: Californian_888 (button) folded before Flop (didn't bet)
Seat 5: lindlife (small blind) folded before Flop
Seat 6: Dorex2007 (big blind) collected ($0.19)
Seat 7: NikolaiCeni folded before Flop (didn't bet)
Seat 8: Guachancho_O folded before Flop (didn't bet)



PokerStars Hand #231352199933:  Hold'em No Limit ($0.01/$0.02 USD) - 2021/11/12 13:35:37 PT [2021/11/12 16:35:37 ET]
Table 'Sazava II' 9-max Seat #5 is the button
Seat 1: R63L1GM4 ($0.85 in chips) 
Seat 2: january777 ($2.10 in chips) 
Seat 3: HachiBee ($2 in chips) 
Seat 4: Californian_888 ($3.44 in chips) 
Seat 5: lindlife ($1.94 in chips) 
Seat 6: Dorex2007 ($2.11 in chips) 
Seat 7: NikolaiCeni ($0.69 in chips) 
Seat 8: Guachancho_O ($2.66 in chips) 
Dorex2007: posts small blind $0.01
NikolaiCeni: posts big blind $0.02
Plen997: sits out 
*** HOLE CARDS ***
Dealt to Dorex2007 [5d Kh]
Guachancho_O: folds 
R63L1GM4: folds 
january777: folds 
HachiBee: folds 
Californian_888: folds 
lindlife: folds 
Dorex2007: folds 
Uncalled bet ($0.01) returned to NikolaiCeni
NikolaiCeni collected $0.02 from pot
NikolaiCeni: doesn't show hand 
*** SUMMARY ***
Total pot $0.02 | Rake $0 
Seat 1: R63L1GM4 folded before Flop (didn't bet)
Seat 2: january777 folded before Flop (didn't bet)
Seat 3: HachiBee folded before Flop (didn't bet)
Seat 4: Californian_888 folded before Flop (didn't bet)
Seat 5: lindlife (button) folded before Flop (didn't bet)
Seat 6: Dorex2007 (small blind) folded before Flop
Seat 7: NikolaiCeni (big blind) collected ($0.02)
Seat 8: Guachancho_O folded before Flop (didn't bet)



PokerStars Hand #231352209335:  Hold'em No Limit ($0.01/$0.02 USD) - 2021/11/12 13:35:56 PT [2021/11/12 16:35:56 ET]
Table 'Sazava II' 9-max Seat #6 is the button
Seat 1: R63L1GM4 ($0.85 in chips) 
Seat 2: january777 ($2.10 in chips) 
Seat 3: HachiBee ($2 in chips) 
Seat 4: Californian_888 ($3.44 in chips) 
Seat 5: lindlife ($1.94 in chips) 
Seat 6: Dorex2007 ($2.10 in chips) 
Seat 7: NikolaiCeni ($0.70 in chips) 
Seat 8: Guachancho_O ($2.66 in chips) 
NikolaiCeni: posts small blind $0.01
Guachancho_O: posts big blind $0.02
Plen997: sits out 
*** HOLE CARDS ***
Dealt to Dorex2007 [9c Qh]
R63L1GM4: folds 
january777: raises $0.02 to $0.04
HachiBee: folds 
Californian_888: folds 
lindlife: raises $0.08 to $0.12
Dorex2007: folds 
NikolaiCeni: folds 
Guachancho_O: calls $0.10
january777: calls $0.08
*** FLOP *** [3s 6s Ts]
Guachancho_O: checks 
january777: bets $0.04
lindlife: raises $0.08 to $0.12
Guachancho_O: folds 
january777: folds 
Uncalled bet ($0.08) returned to lindlife
lindlife collected $0.43 from pot
lindlife: doesn't show hand 
*** SUMMARY ***
Total pot $0.45 | Rake $0.02 
Board [3s 6s Ts]
Seat 1: R63L1GM4 folded before Flop (didn't bet)
Seat 2: january777 folded on the Flop
Seat 3: HachiBee folded before Flop (didn't bet)
Seat 4: Californian_888 folded before Flop (didn't bet)
Seat 5: lindlife collected ($0.43)
Seat 6: Dorex2007 (button) folded before Flop (didn't bet)
Seat 7: NikolaiCeni (small blind) folded before Flop
Seat 8: Guachancho_O (big blind) folded on the Flop



PokerStars Hand #231352239018:  Hold'em No Limit ($0.01/$0.02 USD) - 2021/11/12 13:36:57 PT [2021/11/12 16:36:57 ET]
Table 'Sazava II' 9-max Seat #7 is the button
Seat 1: R63L1GM4 ($0.85 in chips) 
Seat 2: january777 ($1.94 in chips) 
Seat 3: HachiBee ($2 in chips) 
Seat 4: Californian_888 ($3.44 in chips) 
Seat 5: lindlife ($2.21 in chips) 
Seat 6: Dorex2007 ($2.10 in chips) 
Seat 7: NikolaiCeni ($0.69 in chips) 
Seat 8: Guachancho_O ($2.54 in chips) 
Seat 9: Plen997 ($1 in chips) 
Guachancho_O: posts small blind $0.01
Plen997: posts big blind $0.02
*** HOLE CARDS ***
Dealt to Dorex2007 [Ad Js]
R63L1GM4: folds 
january777: raises $0.02 to $0.04
HachiBee: folds 
Californian_888: folds 
lindlife: folds 
Dorex2007: raises $0.08 to $0.12
NikolaiCeni: folds 
Guachancho_O: folds 
Plen997: folds 
january777: calls $0.08
*** FLOP *** [7h Ks 6h]
january777: bets $0.10
Dorex2007: calls $0.10
*** TURN *** [7h Ks 6h] [Ah]
january777: bets $0.20
Dorex2007: calls $0.20
*** RIVER *** [7h Ks 6h Ah] [7s]
january777: bets $0.10
Dorex2007: raises $0.69 to $0.79
january777: calls $0.69
*** SHOW DOWN ***
Dorex2007: shows [Ad Js] (two pair, Aces and Sevens)
january777: shows [As 4s] (two pair, Aces and Sevens)
january777 collected $1.18 from pot
Dorex2007 collected $1.18 from pot
*** SUMMARY ***
Total pot $2.45 | Rake $0.09 
Board [7h Ks 6h Ah 7s]
Seat 1: R63L1GM4 folded before Flop (didn't bet)
Seat 2: january777 showed [As 4s] and won ($1.18) with two pair, Aces and Sevens
Seat 3: HachiBee folded before Flop (didn't bet)
Seat 4: Californian_888 folded before Flop (didn't bet)
Seat 5: lindlife folded before Flop (didn't bet)
Seat 6: Dorex2007 showed [Ad Js] and won ($1.18) with two pair, Aces and Sevens
Seat 7: NikolaiCeni (button) folded before Flop (didn't bet)
Seat 8: Guachancho_O (small blind) folded before Flop
Seat 9: Plen997 (big blind) folded before Flop



PokerStars Hand #231352265324:  Hold'em No Limit ($0.01/$0.02 USD) - 2021/11/12 13:37:51 PT [2021/11/12 16:37:51 ET]
Table 'Sazava II' 9-max Seat #8 is the button
Seat 1: R63L1GM4 ($0.85 in chips) 
Seat 2: january777 ($1.91 in chips) 
Seat 3: HachiBee ($2 in chips) 
Seat 4: Californian_888 ($3.44 in chips) 
Seat 5: lindlife ($2.21 in chips) 
Seat 6: Dorex2007 ($2.07 in chips) 
Seat 7: NikolaiCeni ($0.69 in chips) 
Seat 8: Guachancho_O ($2.53 in chips) 
Seat 9: Plen997 ($0.98 in chips) 
Plen997: posts small blind $0.01
R63L1GM4: posts big blind $0.02
*** HOLE CARDS ***
Dealt to Dorex2007 [6c Ks]
january777: folds 
HachiBee: folds 
Californian_888: raises $0.02 to $0.04
lindlife: folds 
Dorex2007: folds 
NikolaiCeni: raises $0.02 to $0.06
Guachancho_O: folds 
Plen997: folds 
R63L1GM4: folds 
Californian_888: calls $0.02
*** FLOP *** [3s Jh 2s]
Californian_888: bets $0.06
NikolaiCeni: raises $0.06 to $0.12
Californian_888: calls $0.06
*** TURN *** [3s Jh 2s] [Th]
Californian_888: checks 
NikolaiCeni: checks 
*** RIVER *** [3s Jh 2s Th] [8h]
Californian_888: checks 
NikolaiCeni: checks 
*** SHOW DOWN ***
Californian_888: shows [Js Qh] (a pair of Jacks)
NikolaiCeni: mucks hand 
Californian_888 collected $0.38 from pot
*** SUMMARY ***
Total pot $0.39 | Rake $0.01 
Board [3s Jh 2s Th 8h]
Seat 1: R63L1GM4 (big blind) folded before Flop
Seat 2: january777 folded before Flop (didn't bet)
Seat 3: HachiBee folded before Flop (didn't bet)
Seat 4: Californian_888 showed [Js Qh] and won ($0.38) with a pair of Jacks
Seat 5: lindlife folded before Flop (didn't bet)
Seat 6: Dorex2007 folded before Flop (didn't bet)
Seat 7: NikolaiCeni mucked [7c 7d]
Seat 8: Guachancho_O (button) folded before Flop (didn't bet)
Seat 9: Plen997 (small blind) folded before Flop



PokerStars Hand #231352292230:  Hold'em No Limit ($0.01/$0.02 USD) - 2021/11/12 13:38:46 PT [2021/11/12 16:38:46 ET]
Table 'Sazava II' 9-max Seat #9 is the button
Seat 1: R63L1GM4 ($0.83 in chips) 
Seat 2: january777 ($1.91 in chips) 
Seat 3: HachiBee ($2 in chips) 
Seat 4: Californian_888 ($3.64 in chips) 
Seat 5: lindlife ($2.21 in chips) 
Seat 6: Dorex2007 ($2.07 in chips) 
Seat 7: NikolaiCeni ($0.51 in chips) 
Seat 8: Guachancho_O ($2.53 in chips) 
Seat 9: Plen997 ($0.97 in chips) 
R63L1GM4: posts small blind $0.01
january777: posts big blind $0.02
*** HOLE CARDS ***
Dealt to Dorex2007 [5d 4d]
HachiBee: folds 
Californian_888: folds 
lindlife: raises $0.06 to $0.08
Dorex2007: folds 
NikolaiCeni: folds 
Guachancho_O: folds 
Plen997: folds 
R63L1GM4: folds 
january777: folds 
Uncalled bet ($0.06) returned to lindlife
lindlife collected $0.05 from pot
lindlife: doesn't show hand 
*** SUMMARY ***
Total pot $0.05 | Rake $0 
Seat 1: R63L1GM4 (small blind) folded before Flop
Seat 2: january777 (big blind) folded before Flop
Seat 3: HachiBee folded before Flop (didn't bet)
Seat 4: Californian_888 folded before Flop (didn't bet)
Seat 5: lindlife collected ($0.05)
Seat 6: Dorex2007 folded before Flop (didn't bet)
Seat 7: NikolaiCeni folded before Flop (didn't bet)
Seat 8: Guachancho_O folded before Flop (didn't bet)
Seat 9: Plen997 (button) folded before Flop (didn't bet)



PokerStars Hand #231352303927:  Hold'em No Limit ($0.01/$0.02 USD) - 2021/11/12 13:39:10 PT [2021/11/12 16:39:10 ET]
Table 'Sazava II' 9-max Seat #1 is the button
Seat 1: R63L1GM4 ($0.82 in chips) 
Seat 2: january777 ($1.89 in chips) 
Seat 3: HachiBee ($2 in chips) 
Seat 4: Californian_888 ($3.64 in chips) 
Seat 5: lindlife ($2.24 in chips) 
Seat 6: Dorex2007 ($2.07 in chips) 
Seat 7: NikolaiCeni ($0.51 in chips) 
Seat 8: Guachancho_O ($2.53 in chips) 
Seat 9: Plen997 ($0.97 in chips) 
january777: posts small blind $0.01
HachiBee: posts big blind $0.02
*** HOLE CARDS ***
Dealt to Dorex2007 [4c Jc]
Californian_888: folds 
lindlife: folds 
Dorex2007: folds 
NikolaiCeni: raises $0.04 to $0.06
Guachancho_O: folds 
Plen997: folds 
R63L1GM4: folds 
january777: calls $0.05
HachiBee: folds 
*** FLOP *** [9c Ad 6c]
january777: checks 
NikolaiCeni: checks 
*** TURN *** [9c Ad 6c] [Qs]
january777: bets $0.10
NikolaiCeni: calls $0.10
*** RIVER *** [9c Ad 6c Qs] [7c]
january777: bets $0.10
NikolaiCeni: raises $0.12 to $0.22
january777: calls $0.12
*** SHOW DOWN ***
NikolaiCeni: shows [As Ac] (three of a kind, Aces)
january777: mucks hand 
NikolaiCeni collected $0.75 from pot
*** SUMMARY ***
Total pot $0.78 | Rake $0.03 
Board [9c Ad 6c Qs 7c]
Seat 1: R63L1GM4 (button) folded before Flop (didn't bet)
Seat 2: january777 (small blind) mucked [Qh 2s]
Seat 3: HachiBee (big blind) folded before Flop
Seat 4: Californian_888 folded before Flop (didn't bet)
Seat 5: lindlife folded before Flop (didn't bet)
Seat 6: Dorex2007 folded before Flop (didn't bet)
Seat 7: NikolaiCeni showed [As Ac] and won ($0.75) with three of a kind, Aces
Seat 8: Guachancho_O folded before Flop (didn't bet)
Seat 9: Plen997 folded before Flop (didn't bet)



PokerStars Hand #231352343619:  Hold'em No Limit ($0.01/$0.02 USD) - 2021/11/12 13:40:31 PT [2021/11/12 16:40:31 ET]
Table 'Sazava II' 9-max Seat #2 is the button
Seat 1: R63L1GM4 ($0.82 in chips) 
Seat 2: january777 ($1.51 in chips) 
Seat 3: HachiBee ($1.98 in chips) 
Seat 4: Californian_888 ($3.64 in chips) 
Seat 5: lindlife ($2.24 in chips) 
Seat 6: Dorex2007 ($2.07 in chips) 
Seat 7: NikolaiCeni ($0.88 in chips) 
Seat 8: Guachancho_O ($2.53 in chips) 
Seat 9: Plen997 ($0.97 in chips) 
HachiBee: posts small blind $0.01
Californian_888: posts big blind $0.02
*** HOLE CARDS ***
Dealt to Dorex2007 [Qs Ts]
lindlife: folds 
Dorex2007: raises $0.04 to $0.06
NikolaiCeni: folds 
Guachancho_O: calls $0.06
Plen997: folds 
R63L1GM4: folds 
january777: calls $0.06
HachiBee: calls $0.05
Californian_888: folds 
*** FLOP *** [Ks 5d Jc]
HachiBee: checks 
Dorex2007: checks 
Guachancho_O: checks 
january777: bets $0.16
HachiBee: calls $0.16
Dorex2007: folds 
Guachancho_O: folds 
*** TURN *** [Ks 5d Jc] [6c]
HachiBee: checks 
january777: bets $0.10
HachiBee: calls $0.10
*** RIVER *** [Ks 5d Jc 6c] [4d]
HachiBee: checks 
january777: checks 
*** SHOW DOWN ***
HachiBee: shows [Th As] (high card Ace)
january777: shows [4c Ac] (a pair of Fours)
january777 collected $0.75 from pot
*** SUMMARY ***
Total pot $0.78 | Rake $0.03 
Board [Ks 5d Jc 6c 4d]
Seat 1: R63L1GM4 folded before Flop (didn't bet)
Seat 2: january777 (button) showed [4c Ac] and won ($0.75) with a pair of Fours
Seat 3: HachiBee (small blind) showed [Th As] and lost with high card Ace
Seat 4: Californian_888 (big blind) folded before Flop
Seat 5: lindlife folded before Flop (didn't bet)
Seat 6: Dorex2007 folded on the Flop
Seat 7: NikolaiCeni folded before Flop (didn't bet)
Seat 8: Guachancho_O folded on the Flop
Seat 9: Plen997 folded before Flop (didn't bet)



PokerStars Hand #231352390431:  Hold'em No Limit ($0.01/$0.02 USD) - 2021/11/12 13:41:55 PT [2021/11/12 16:41:55 ET]
Table 'Sazava II' 9-max Seat #3 is the button
Seat 1: R63L1GM4 ($0.82 in chips) 
Seat 2: january777 ($1.94 in chips) 
Seat 3: HachiBee ($1.68 in chips) 
Seat 4: Californian_888 ($3.62 in chips) 
Seat 5: lindlife ($2.24 in chips) 
Seat 6: Dorex2007 ($2.01 in chips) 
Seat 7: NikolaiCeni ($0.88 in chips) 
Seat 8: Guachancho_O ($2.47 in chips) 
Seat 9: Plen997 ($0.97 in chips) 
Californian_888: posts small blind $0.01
lindlife: posts big blind $0.02
*** HOLE CARDS ***
Dealt to Dorex2007 [5d 6s]
Dorex2007: folds 
NikolaiCeni: folds 
Guachancho_O: folds 
Plen997: folds 
R63L1GM4: folds 
january777: calls $0.02
HachiBee: folds 
Californian_888: calls $0.01
lindlife: checks 
*** FLOP *** [2h Kc 6c]
Californian_888: checks 
lindlife: checks 
january777: checks 
*** TURN *** [2h Kc 6c] [7s]
Californian_888: bets $0.04
lindlife: folds 
january777: calls $0.04
*** RIVER *** [2h Kc 6c 7s] [8c]
Californian_888: checks 
january777: checks 
*** SHOW DOWN ***
Californian_888: shows [4d Tc] (high card King)
january777: shows [6h Qd] (a pair of Sixes)
january777 collected $0.14 from pot
*** SUMMARY ***
Total pot $0.14 | Rake $0 
Board [2h Kc 6c 7s 8c]
Seat 1: R63L1GM4 folded before Flop (didn't bet)
Seat 2: january777 showed [6h Qd] and won ($0.14) with a pair of Sixes
Seat 3: HachiBee (button) folded before Flop (didn't bet)
Seat 4: Californian_888 (small blind) showed [4d Tc] and lost with high card King
Seat 5: lindlife (big blind) folded on the Turn
Seat 6: Dorex2007 folded before Flop (didn't bet)
Seat 7: NikolaiCeni folded before Flop (didn't bet)
Seat 8: Guachancho_O folded before Flop (didn't bet)
Seat 9: Plen997 folded before Flop (didn't bet)



PokerStars Hand #231352412191:  Hold'em No Limit ($0.01/$0.02 USD) - 2021/11/12 13:42:39 PT [2021/11/12 16:42:39 ET]
Table 'Sazava II' 9-max Seat #4 is the button
Seat 1: R63L1GM4 ($0.82 in chips) 
Seat 2: january777 ($2.02 in chips) 
Seat 3: HachiBee ($2 in chips) 
Seat 4: Californian_888 ($3.56 in chips) 
Seat 5: lindlife ($2.22 in chips) 
Seat 6: Dorex2007 ($2.01 in chips) 
Seat 7: NikolaiCeni ($0.88 in chips) 
Seat 8: Guachancho_O ($2.47 in chips) 
Seat 9: Plen997 ($0.97 in chips) 
lindlife: posts small blind $0.01
Dorex2007: posts big blind $0.02
*** HOLE CARDS ***
Dealt to Dorex2007 [Ac 6s]
NikolaiCeni: folds 
Guachancho_O: raises $0.03 to $0.05
Plen997: folds 
R63L1GM4: folds 
january777: folds 
january777 leaves the table
HachiBee: folds 
Californian_888: folds 
lindlife: folds 
Dorex2007: folds 
Uncalled bet ($0.03) returned to Guachancho_O
Guachancho_O collected $0.05 from pot
Guachancho_O: doesn't show hand 
*** SUMMARY ***
Total pot $0.05 | Rake $0 
Seat 1: R63L1GM4 folded before Flop (didn't bet)
Seat 2: january777 folded before Flop (didn't bet)
Seat 3: HachiBee folded before Flop (didn't bet)
Seat 4: Californian_888 (button) folded before Flop (didn't bet)
Seat 5: lindlife (small blind) folded before Flop
Seat 6: Dorex2007 (big blind) folded before Flop
Seat 7: NikolaiCeni folded before Flop (didn't bet)
Seat 8: Guachancho_O collected ($0.05)
Seat 9: Plen997 folded before Flop (didn't bet)



PokerStars Hand #231352424557:  Hold'em No Limit ($0.01/$0.02 USD) - 2021/11/12 13:43:04 PT [2021/11/12 16:43:04 ET]
Table 'Sazava II' 9-max Seat #5 is the button
Seat 1: R63L1GM4 ($0.82 in chips) 
Seat 3: HachiBee ($2 in chips) 
Seat 4: Californian_888 ($3.56 in chips) 
Seat 5: lindlife ($2.21 in chips) 
Seat 6: Dorex2007 ($2 in chips) 
Seat 7: NikolaiCeni ($0.88 in chips) 
Seat 8: Guachancho_O ($2.50 in chips) 
Seat 9: Plen997 ($0.97 in chips) 
Dorex2007: posts small blind $0.01
NikolaiCeni: posts big blind $0.02
*** HOLE CARDS ***
Dealt to Dorex2007 [5s Jd]
Guachancho_O: folds 
timasch10 joins the table at seat #2 
Plen997: folds 
Guachancho_O leaves the table
R63L1GM4: raises $0.02 to $0.04
HachiBee: folds 
Californian_888: folds 
lindlife: folds 
Dorex2007: folds 
NikolaiCeni: folds 
Uncalled bet ($0.02) returned to R63L1GM4
R63L1GM4 collected $0.05 from pot
R63L1GM4: doesn't show hand 
*** SUMMARY ***
Total pot $0.05 | Rake $0 
Seat 1: R63L1GM4 collected ($0.05)
Seat 3: HachiBee folded before Flop (didn't bet)
Seat 4: Californian_888 folded before Flop (didn't bet)
Seat 5: lindlife (button) folded before Flop (didn't bet)
Seat 6: Dorex2007 (small blind) folded before Flop
Seat 7: NikolaiCeni (big blind) folded before Flop
Seat 8: Guachancho_O folded before Flop (didn't bet)
Seat 9: Plen997 folded before Flop (didn't bet)



PokerStars Hand #231352433408:  Hold'em No Limit ($0.01/$0.02 USD) - 2021/11/12 13:43:21 PT [2021/11/12 16:43:21 ET]
Table 'Sazava II' 9-max Seat #6 is the button
Seat 1: R63L1GM4 ($0.85 in chips) 
Seat 3: HachiBee ($2 in chips) 
Seat 4: Californian_888 ($3.56 in chips) 
Seat 5: lindlife ($2.21 in chips) 
Seat 6: Dorex2007 ($2 in chips) 
Seat 7: NikolaiCeni ($0.86 in chips) 
Seat 9: Plen997 ($0.97 in chips) 
NikolaiCeni: posts small blind $0.01
Plen997: posts big blind $0.02
timasch10: sits out 
*** HOLE CARDS ***
Dealt to Dorex2007 [6h 3d]
R63L1GM4: folds 
HachiBee: folds 
Californian_888: folds 
lindlife: folds 
Dorex2007: folds 
NikolaiCeni: folds 
Uncalled bet ($0.01) returned to Plen997
Plen997 collected $0.02 from pot
Plen997: doesn't show hand 
*** SUMMARY ***
Total pot $0.02 | Rake $0 
Seat 1: R63L1GM4 folded before Flop (didn't bet)
Seat 3: HachiBee folded before Flop (didn't bet)
Seat 4: Californian_888 folded before Flop (didn't bet)
Seat 5: lindlife folded before Flop (didn't bet)
Seat 6: Dorex2007 (button) folded before Flop (didn't bet)
Seat 7: NikolaiCeni (small blind) folded before Flop
Seat 9: Plen997 (big blind) collected ($0.02)



PokerStars Hand #231352440135:  Hold'em No Limit ($0.01/$0.02 USD) - 2021/11/12 13:43:35 PT [2021/11/12 16:43:35 ET]
Table 'Sazava II' 9-max Seat #7 is the button
Seat 1: R63L1GM4 ($0.85 in chips) 
Seat 3: HachiBee ($2 in chips) 
Seat 4: Californian_888 ($3.56 in chips) 
Seat 5: lindlife ($2.21 in chips) 
Seat 6: Dorex2007 ($2 in chips) 
Seat 7: NikolaiCeni ($0.85 in chips) 
Seat 9: Plen997 ($0.98 in chips) 
Plen997: posts small blind $0.01
R63L1GM4: posts big blind $0.02
timasch10: sits out 
*** HOLE CARDS ***
Dealt to Dorex2007 [7h Js]
HachiBee: folds 
Californian_888: folds 
lindlife: folds 
Dorex2007: folds 
NikolaiCeni has timed out
NikolaiCeni: folds 
Plen997: folds 
Uncalled bet ($0.01) returned to R63L1GM4
R63L1GM4 collected $0.02 from pot
R63L1GM4: doesn't show hand 
*** SUMMARY ***
Total pot $0.02 | Rake $0 
Seat 1: R63L1GM4 (big blind) collected ($0.02)
Seat 3: HachiBee folded before Flop (didn't bet)
Seat 4: Californian_888 folded before Flop (didn't bet)
Seat 5: lindlife folded before Flop (didn't bet)
Seat 6: Dorex2007 folded before Flop (didn't bet)
Seat 7: NikolaiCeni (button) folded before Flop (didn't bet)
Seat 9: Plen997 (small blind) folded before Flop



PokerStars Hand #231352452208:  Hold'em No Limit ($0.01/$0.02 USD) - 2021/11/12 13:43:59 PT [2021/11/12 16:43:59 ET]
Table 'Sazava II' 9-max Seat #9 is the button
Seat 1: R63L1GM4 ($0.86 in chips) 
Seat 2: timasch10 ($0.84 in chips) 
Seat 3: HachiBee ($2 in chips) 
Seat 4: Californian_888 ($3.56 in chips) 
Seat 6: Dorex2007 ($2 in chips) 
Seat 9: Plen997 ($0.97 in chips) 
R63L1GM4: posts small blind $0.01
timasch10: posts big blind $0.02
*** HOLE CARDS ***
Dealt to Dorex2007 [Td Ah]
HachiBee: raises $0.04 to $0.06
Californian_888: folds 
Dorex2007: folds 
Plen997: folds 
R63L1GM4: folds 
rickmta joins the table at seat #8 
timasch10: folds 
Uncalled bet ($0.04) returned to HachiBee
HachiBee collected $0.05 from pot
HachiBee: doesn't show hand 
*** SUMMARY ***
Total pot $0.05 | Rake $0 
Seat 1: R63L1GM4 (small blind) folded before Flop
Seat 2: timasch10 (big blind) folded before Flop
Seat 3: HachiBee collected ($0.05)
Seat 4: Californian_888 folded before Flop (didn't bet)
Seat 6: Dorex2007 folded before Flop (didn't bet)
Seat 9: Plen997 (button) folded before Flop (didn't bet)



PokerStars Hand #231352463001:  Hold'em No Limit ($0.01/$0.02 USD) - 2021/11/12 13:44:21 PT [2021/11/12 16:44:21 ET]
Table 'Sazava II' 9-max Seat #1 is the button
Seat 1: R63L1GM4 ($0.85 in chips) 
Seat 2: timasch10 ($0.82 in chips) 
Seat 4: Californian_888 ($3.56 in chips) 
Seat 6: Dorex2007 ($2 in chips) 
Seat 7: NikolaiCeni ($0.85 in chips) 
Seat 9: Plen997 ($0.97 in chips) 
timasch10: posts small blind $0.01
HachiBee: is sitting out 
Californian_888: posts big blind $0.02
rickmta: sits out 
*** HOLE CARDS ***
Dealt to Dorex2007 [Kd 8d]
Dorex2007: folds 
NikolaiCeni: folds 
HachiBee leaves the table
Plen997: folds 
R63L1GM4: folds 
timasch10: calls $0.01
Californian_888: checks 
*** FLOP *** [Qd 5s 4d]
igooorc joins the table at seat #3 
timasch10: checks 
Californian_888: checks 
*** TURN *** [Qd 5s 4d] [2c]
timasch10: bets $0.02
Californian_888: folds 
Uncalled bet ($0.02) returned to timasch10
timasch10 collected $0.04 from pot
timasch10: doesn't show hand 
*** SUMMARY ***
Total pot $0.04 | Rake $0 
Board [Qd 5s 4d 2c]
Seat 1: R63L1GM4 (button) folded before Flop (didn't bet)
Seat 2: timasch10 (small blind) collected ($0.04)
Seat 4: Californian_888 (big blind) folded on the Turn
Seat 6: Dorex2007 folded before Flop (didn't bet)
Seat 7: NikolaiCeni folded before Flop (didn't bet)
Seat 9: Plen997 folded before Flop (didn't bet)



PokerStars Hand #231352492625:  Hold'em No Limit ($0.01/$0.02 USD) - 2021/11/12 13:45:21 PT [2021/11/12 16:45:21 ET]
Table 'Sazava II' 9-max Seat #2 is the button
Seat 1: R63L1GM4 ($0.85 in chips) 
Seat 2: timasch10 ($0.84 in chips) 
Seat 4: Californian_888 ($3.54 in chips) 
Seat 5: lindlife ($2.21 in chips) 
Seat 6: Dorex2007 ($2 in chips) 
Seat 7: NikolaiCeni ($0.85 in chips) 
Seat 9: Plen997 ($0.97 in chips) 
Californian_888: posts small blind $0.01
lindlife: posts big blind $0.02
rickmta: sits out 
*** HOLE CARDS ***
Dealt to Dorex2007 [2s Qh]
Dorex2007: folds 
NikolaiCeni: folds 
Plen997: folds 
R63L1GM4: raises $0.02 to $0.04
timasch10: folds 
Californian_888: folds 
lindlife: folds 
Uncalled bet ($0.02) returned to R63L1GM4
R63L1GM4 collected $0.05 from pot
R63L1GM4: doesn't show hand 
*** SUMMARY ***
Total pot $0.05 | Rake $0 
Seat 1: R63L1GM4 collected ($0.05)
Seat 2: timasch10 (button) folded before Flop (didn't bet)
Seat 4: Californian_888 (small blind) folded before Flop
Seat 5: lindlife (big blind) folded before Flop
Seat 6: Dorex2007 folded before Flop (didn't bet)
Seat 7: NikolaiCeni folded before Flop (didn't bet)
Seat 9: Plen997 folded before Flop (didn't bet)



