PokerStars Hand #228251054344:  Hold'em No Limit ($0.01/$0.02 USD) - 2021/07/12 16:47:22 PT [2021/07/12 19:47:22 ET]
Table 'Vogtia III' 9-max Seat #7 is the button
Seat 2: deileon ($2.01 in chips) 
Seat 3: kirusha07xa ($2.22 in chips) 
Seat 4: facundo23 ($2 in chips) 
Seat 5: leogmarques ($0.28 in chips) 
Seat 6: Dorex2007 ($2 in chips) 
Seat 7: tadao577 ($2.46 in chips) 
Seat 9: enixblr ($2.20 in chips) 
enixblr: posts small blind $0.01
deileon: posts big blind $0.02
Dorex2007: posts big blind $0.02
*** HOLE CARDS ***
Dealt to Dorex2007 [9c 4d]
kirusha07xa: folds 
facundo23: folds 
leogmarques: folds 
Dorex2007: checks 
tadao577: calls $0.02
enixblr: folds 
deileon: checks 
*** FLOP *** [9d Jc 4h]
deileon: bets $0.07
Dorex2007: calls $0.07
tadao577: folds 
*** TURN *** [9d Jc 4h] [Jd]
deileon: bets $0.10
Dorex2007: calls $0.10
*** RIVER *** [9d Jc 4h Jd] [Qc]
deileon: bets $0.20
Dorex2007: calls $0.20
*** SHOW DOWN ***
deileon: shows [Qs Qh] (a full house, Queens full of Jacks)
Dorex2007: mucks hand 
deileon collected $0.78 from pot
*** SUMMARY ***
Total pot $0.81 | Rake $0.03 
Board [9d Jc 4h Jd Qc]
Seat 2: deileon (big blind) showed [Qs Qh] and won ($0.78) with a full house, Queens full of Jacks
Seat 3: kirusha07xa folded before Flop (didn't bet)
Seat 4: facundo23 folded before Flop (didn't bet)
Seat 5: leogmarques folded before Flop (didn't bet)
Seat 6: Dorex2007 mucked [9c 4d]
Seat 7: tadao577 (button) folded on the Flop
Seat 9: enixblr (small blind) folded before Flop



PokerStars Hand #228251090053:  Hold'em No Limit ($0.01/$0.02 USD) - 2021/07/12 16:48:32 PT [2021/07/12 19:48:32 ET]
Table 'Vogtia III' 9-max Seat #9 is the button
Seat 2: deileon ($2.40 in chips) 
Seat 3: kirusha07xa ($2.22 in chips) 
Seat 4: facundo23 ($2 in chips) 
Seat 5: leogmarques ($0.28 in chips) 
Seat 6: Dorex2007 ($1.61 in chips) 
Seat 7: tadao577 ($2.44 in chips) 
Seat 9: enixblr ($2.19 in chips) 
deileon: posts small blind $0.01
kirusha07xa: posts big blind $0.02
*** HOLE CARDS ***
Dealt to Dorex2007 [2s 5s]
facundo23: folds 
leogmarques: calls $0.02
Dorex2007: folds 
tadao577: calls $0.02
enixblr: folds 
deileon: folds 
kirusha07xa: checks 
*** FLOP *** [6c Kh 5c]
kirusha07xa: checks 
leogmarques: checks 
tadao577: bets $0.04
kirusha07xa: calls $0.04
leogmarques: folds 
*** TURN *** [6c Kh 5c] [Ad]
kirusha07xa: checks 
tadao577: checks 
*** RIVER *** [6c Kh 5c Ad] [Td]
kirusha07xa: checks 
tadao577: checks 
*** SHOW DOWN ***
kirusha07xa: shows [7h Kd] (a pair of Kings)
tadao577: mucks hand 
kirusha07xa collected $0.14 from pot
*** SUMMARY ***
Total pot $0.15 | Rake $0.01 
Board [6c Kh 5c Ad Td]
Seat 2: deileon (small blind) folded before Flop
Seat 3: kirusha07xa (big blind) showed [7h Kd] and won ($0.14) with a pair of Kings
Seat 4: facundo23 folded before Flop (didn't bet)
Seat 5: leogmarques folded on the Flop
Seat 6: Dorex2007 folded before Flop (didn't bet)
Seat 7: tadao577 mucked [6s Jc]
Seat 9: enixblr (button) folded before Flop (didn't bet)



PokerStars Hand #228251105125:  Hold'em No Limit ($0.01/$0.02 USD) - 2021/07/12 16:49:25 PT [2021/07/12 19:49:25 ET]
Table 'Vogtia III' 9-max Seat #2 is the button
Seat 2: deileon ($2.39 in chips) 
Seat 3: kirusha07xa ($2.30 in chips) 
Seat 4: facundo23 ($2 in chips) 
Seat 5: leogmarques ($0.26 in chips) 
Seat 6: Dorex2007 ($2 in chips) 
Seat 9: enixblr ($2.19 in chips) 
kirusha07xa: posts small blind $0.01
facundo23: posts big blind $0.02
giocata5: sits out 
*** HOLE CARDS ***
Dealt to Dorex2007 [Kc 8s]
leogmarques: folds 
Dorex2007: folds 
enixblr: calls $0.02
deileon: folds 
kirusha07xa: folds 
facundo23: checks 
*** FLOP *** [Ac Qd 3c]
facundo23: checks 
enixblr: checks 
*** TURN *** [Ac Qd 3c] [4d]
facundo23: checks 
enixblr: checks 
*** RIVER *** [Ac Qd 3c 4d] [2d]
facundo23: checks 
enixblr: checks 
*** SHOW DOWN ***
facundo23: shows [4h 6d] (a pair of Fours)
enixblr: shows [Qs 6h] (a pair of Queens)
enixblr collected $0.05 from pot
*** SUMMARY ***
Total pot $0.05 | Rake $0 
Board [Ac Qd 3c 4d 2d]
Seat 2: deileon (button) folded before Flop (didn't bet)
Seat 3: kirusha07xa (small blind) folded before Flop
Seat 4: facundo23 (big blind) showed [4h 6d] and lost with a pair of Fours
Seat 5: leogmarques folded before Flop (didn't bet)
Seat 6: Dorex2007 folded before Flop (didn't bet)
Seat 9: enixblr showed [Qs 6h] and won ($0.05) with a pair of Queens



PokerStars Hand #228251117148:  Hold'em No Limit ($0.01/$0.02 USD) - 2021/07/12 16:50:08 PT [2021/07/12 19:50:08 ET]
Table 'Vogtia III' 9-max Seat #3 is the button
Seat 2: deileon ($2.39 in chips) 
Seat 3: kirusha07xa ($2.29 in chips) 
Seat 4: facundo23 ($2 in chips) 
Seat 5: leogmarques ($0.26 in chips) 
Seat 6: Dorex2007 ($2 in chips) 
facundo23: posts small blind $0.01
leogmarques: posts big blind $0.02
giocata5: sits out 
*** HOLE CARDS ***
Dealt to Dorex2007 [Qs 3h]
enixblr leaves the table
Dorex2007: folds 
deileon: raises $0.02 to $0.04
CCE3415 joins the table at seat #9 
kirusha07xa: folds 
facundo23: folds 
leogmarques: raises $0.22 to $0.26 and is all-in
deileon: calls $0.22
*** FLOP *** [Jh 9d 6d]
*** TURN *** [Jh 9d 6d] [8h]
*** RIVER *** [Jh 9d 6d 8h] [6s]
*** SHOW DOWN ***
leogmarques: shows [Td Jd] (two pair, Jacks and Sixes)
deileon: shows [Qh As] (a pair of Sixes)
leogmarques collected $0.51 from pot
*** SUMMARY ***
Total pot $0.53 | Rake $0.02 
Board [Jh 9d 6d 8h 6s]
Seat 2: deileon showed [Qh As] and lost with a pair of Sixes
Seat 3: kirusha07xa (button) folded before Flop (didn't bet)
Seat 4: facundo23 (small blind) folded before Flop
Seat 5: leogmarques (big blind) showed [Td Jd] and won ($0.51) with two pair, Jacks and Sixes
Seat 6: Dorex2007 folded before Flop (didn't bet)



PokerStars Hand #228251132966:  Hold'em No Limit ($0.01/$0.02 USD) - 2021/07/12 16:51:05 PT [2021/07/12 19:51:05 ET]
Table 'Vogtia III' 9-max Seat #4 is the button
Seat 2: deileon ($2.13 in chips) 
Seat 3: kirusha07xa ($2.29 in chips) 
Seat 4: facundo23 ($2 in chips) 
Seat 5: leogmarques ($0.51 in chips) 
Seat 6: Dorex2007 ($2 in chips) 
leogmarques: posts small blind $0.01
Dorex2007: posts big blind $0.02
CCE3415: sits out 
giocata5: sits out 
*** HOLE CARDS ***
Dealt to Dorex2007 [Tc 4c]
deileon: raises $0.02 to $0.04
kirusha07xa: folds 
facundo23: raises $0.08 to $0.12
leogmarques: folds 
Dorex2007: folds 
deileon: calls $0.08
*** FLOP *** [7d 3h 7c]
deileon: checks 
facundo23: bets $0.24
deileon: folds 
Uncalled bet ($0.24) returned to facundo23
facundo23 collected $0.26 from pot
*** SUMMARY ***
Total pot $0.27 | Rake $0.01 
Board [7d 3h 7c]
Seat 2: deileon folded on the Flop
Seat 3: kirusha07xa folded before Flop (didn't bet)
Seat 4: facundo23 (button) collected ($0.26)
Seat 5: leogmarques (small blind) folded before Flop
Seat 6: Dorex2007 (big blind) folded before Flop



PokerStars Hand #228251142491:  Hold'em No Limit ($0.01/$0.02 USD) - 2021/07/12 16:51:39 PT [2021/07/12 19:51:39 ET]
Table 'Vogtia III' 9-max Seat #5 is the button
Seat 2: deileon ($2.01 in chips) 
Seat 3: kirusha07xa ($2.29 in chips) 
Seat 4: facundo23 ($2.14 in chips) 
Seat 5: leogmarques ($0.50 in chips) 
Seat 6: Dorex2007 ($1.98 in chips) 
Seat 9: CCE3415 ($2 in chips) 
Dorex2007: posts small blind $0.01
CCE3415: posts big blind $0.02
giocata5: sits out 
*** HOLE CARDS ***
Dealt to Dorex2007 [9s Tc]
deileon: folds 
kirusha07xa: folds 
facundo23: folds 
leogmarques: folds 
Dorex2007: calls $0.01
CCE3415: checks 
*** FLOP *** [Ts 3h 5d]
Dorex2007: bets $0.04
kirusha07xa leaves the table
flapjack445 leaves the table
CCE3415: folds 
Uncalled bet ($0.04) returned to Dorex2007
Dorex2007 collected $0.04 from pot
Dorex2007: doesn't show hand 
*** SUMMARY ***
Total pot $0.04 | Rake $0 
Board [Ts 3h 5d]
Seat 2: deileon folded before Flop (didn't bet)
Seat 3: kirusha07xa folded before Flop (didn't bet)
Seat 4: facundo23 folded before Flop (didn't bet)
Seat 5: leogmarques (button) folded before Flop (didn't bet)
Seat 6: Dorex2007 (small blind) collected ($0.04)
Seat 9: CCE3415 (big blind) folded on the Flop



PokerStars Hand #228251152714:  Hold'em No Limit ($0.01/$0.02 USD) - 2021/07/12 16:52:15 PT [2021/07/12 19:52:15 ET]
Table 'Vogtia III' 9-max Seat #6 is the button
Seat 1: giocata5 ($0.80 in chips) 
Seat 2: deileon ($2.01 in chips) 
Seat 4: facundo23 ($2.14 in chips) 
Seat 5: leogmarques ($0.50 in chips) 
Seat 6: Dorex2007 ($2 in chips) 
Seat 9: CCE3415 ($1.98 in chips) 
CCE3415: posts small blind $0.01
giocata5: posts big blind $0.02
*** HOLE CARDS ***
Dealt to Dorex2007 [Ad 9s]
urax13 joins the table at seat #3 
deileon: folds 
facundo23: folds 
leogmarques: folds 
Dorex2007: folds 
CCE3415: calls $0.01
filipesr11 joins the table at seat #8 
giocata5: raises $0.04 to $0.06
CCE3415: calls $0.04
*** FLOP *** [6c Ac 9c]
CCE3415: checks 
giocata5: checks 
*** TURN *** [6c Ac 9c] [Tc]
CCE3415: bets $0.02
giocata5: folds 
Uncalled bet ($0.02) returned to CCE3415
CCE3415 collected $0.12 from pot
CCE3415: doesn't show hand 
*** SUMMARY ***
Total pot $0.12 | Rake $0 
Board [6c Ac 9c Tc]
Seat 1: giocata5 (big blind) folded on the Turn
Seat 2: deileon folded before Flop (didn't bet)
Seat 4: facundo23 folded before Flop (didn't bet)
Seat 5: leogmarques folded before Flop (didn't bet)
Seat 6: Dorex2007 (button) folded before Flop (didn't bet)
Seat 9: CCE3415 (small blind) collected ($0.12)



PokerStars Hand #228251165038:  Hold'em No Limit ($0.01/$0.02 USD) - 2021/07/12 16:52:58 PT [2021/07/12 19:52:58 ET]
Table 'Vogtia III' 9-max Seat #9 is the button
Seat 1: giocata5 ($0.80 in chips) 
Seat 2: deileon ($2.01 in chips) 
Seat 4: facundo23 ($2.14 in chips) 
Seat 5: leogmarques ($0.50 in chips) 
Seat 6: Dorex2007 ($2 in chips) 
Seat 8: filipesr11 ($2 in chips) 
Seat 9: CCE3415 ($2.04 in chips) 
giocata5: posts small blind $0.01
deileon: posts big blind $0.02
urax13: sits out 
filipesr11: posts big blind $0.02
*** HOLE CARDS ***
Dealt to Dorex2007 [5h 2c]
facundo23: folds 
leogmarques: folds 
Dorex2007: folds 
filipesr11: checks 
CCE3415: raises $0.02 to $0.04
giocata5: folds 
deileon: calls $0.02
filipesr11: folds 
*** FLOP *** [Js 4s 4h]
deileon: checks 
CCE3415: bets $0.04
deileon: calls $0.04
*** TURN *** [Js 4s 4h] [7d]
deileon: checks 
CCE3415: bets $0.10
deileon: calls $0.10
*** RIVER *** [Js 4s 4h 7d] [9c]
deileon: checks 
CCE3415: bets $0.32
deileon: folds 
Uncalled bet ($0.32) returned to CCE3415
CCE3415 collected $0.38 from pot
CCE3415: doesn't show hand 
*** SUMMARY ***
Total pot $0.39 | Rake $0.01 
Board [Js 4s 4h 7d 9c]
Seat 1: giocata5 (small blind) folded before Flop
Seat 2: deileon (big blind) folded on the River
Seat 4: facundo23 folded before Flop (didn't bet)
Seat 5: leogmarques folded before Flop (didn't bet)
Seat 6: Dorex2007 folded before Flop (didn't bet)
Seat 8: filipesr11 folded before Flop (didn't bet)
Seat 9: CCE3415 (button) collected ($0.38)



PokerStars Hand #228251181957:  Hold'em No Limit ($0.01/$0.02 USD) - 2021/07/12 16:53:59 PT [2021/07/12 19:53:59 ET]
Table 'Vogtia III' 9-max Seat #1 is the button
Seat 1: giocata5 ($0.80 in chips) 
Seat 2: deileon ($1.83 in chips) 
Seat 3: urax13 ($2 in chips) 
Seat 4: facundo23 ($2.14 in chips) 
Seat 5: leogmarques ($0.50 in chips) 
Seat 6: Dorex2007 ($2 in chips) 
Seat 7: tadao577 ($2.38 in chips) 
Seat 8: filipesr11 ($1.98 in chips) 
Seat 9: CCE3415 ($2.24 in chips) 
deileon: posts small blind $0.01
urax13: posts big blind $0.02
tadao577: posts small & big blinds $0.03
*** HOLE CARDS ***
Dealt to Dorex2007 [6d 5c]
facundo23: folds 
leogmarques: folds 
Dorex2007: folds 
tadao577: checks 
filipesr11: raises $0.02 to $0.04
CCE3415: calls $0.04
giocata5: folds 
deileon: folds 
urax13: folds 
tadao577: calls $0.02
*** FLOP *** [Qs As 3c]
tadao577: checks 
filipesr11: bets $0.08
CCE3415: folds 
tadao577: folds 
Uncalled bet ($0.08) returned to filipesr11
filipesr11 collected $0.15 from pot
filipesr11: doesn't show hand 
*** SUMMARY ***
Total pot $0.16 | Rake $0.01 
Board [Qs As 3c]
Seat 1: giocata5 (button) folded before Flop (didn't bet)
Seat 2: deileon (small blind) folded before Flop
Seat 3: urax13 (big blind) folded before Flop
Seat 4: facundo23 folded before Flop (didn't bet)
Seat 5: leogmarques folded before Flop (didn't bet)
Seat 6: Dorex2007 folded before Flop (didn't bet)
Seat 7: tadao577 folded on the Flop
Seat 8: filipesr11 collected ($0.15)
Seat 9: CCE3415 folded on the Flop



PokerStars Hand #228251195637:  Hold'em No Limit ($0.01/$0.02 USD) - 2021/07/12 16:54:48 PT [2021/07/12 19:54:48 ET]
Table 'Vogtia III' 9-max Seat #2 is the button
Seat 1: giocata5 ($0.80 in chips) 
Seat 2: deileon ($1.82 in chips) 
Seat 3: urax13 ($1.98 in chips) 
Seat 4: facundo23 ($2.14 in chips) 
Seat 5: leogmarques ($0.50 in chips) 
Seat 6: Dorex2007 ($2 in chips) 
Seat 7: tadao577 ($2.33 in chips) 
Seat 8: filipesr11 ($2.09 in chips) 
Seat 9: CCE3415 ($2.20 in chips) 
urax13: posts small blind $0.01
facundo23: posts big blind $0.02
*** HOLE CARDS ***
Dealt to Dorex2007 [Jd As]
leogmarques: folds 
Dorex2007: raises $0.04 to $0.06
tadao577: folds 
filipesr11: folds 
CCE3415: folds 
giocata5: folds 
deileon: folds 
urax13: calls $0.05
facundo23: folds 
*** FLOP *** [9h 5h 5s]
urax13: checks 
Dorex2007: bets $0.14
urax13: folds 
Uncalled bet ($0.14) returned to Dorex2007
Dorex2007 collected $0.14 from pot
Dorex2007: doesn't show hand 
*** SUMMARY ***
Total pot $0.14 | Rake $0 
Board [9h 5h 5s]
Seat 1: giocata5 folded before Flop (didn't bet)
Seat 2: deileon (button) folded before Flop (didn't bet)
Seat 3: urax13 (small blind) folded on the Flop
Seat 4: facundo23 (big blind) folded before Flop
Seat 5: leogmarques folded before Flop (didn't bet)
Seat 6: Dorex2007 collected ($0.14)
Seat 7: tadao577 folded before Flop (didn't bet)
Seat 8: filipesr11 folded before Flop (didn't bet)
Seat 9: CCE3415 folded before Flop (didn't bet)



PokerStars Hand #228251204982:  Hold'em No Limit ($0.01/$0.02 USD) - 2021/07/12 16:55:24 PT [2021/07/12 19:55:24 ET]
Table 'Vogtia III' 9-max Seat #3 is the button
Seat 1: giocata5 ($0.80 in chips) 
Seat 2: deileon ($1.82 in chips) 
Seat 3: urax13 ($1.92 in chips) 
Seat 4: facundo23 ($2.12 in chips) 
Seat 5: leogmarques ($0.50 in chips) 
Seat 6: Dorex2007 ($2.08 in chips) 
Seat 7: tadao577 ($2.33 in chips) 
Seat 8: filipesr11 ($2.09 in chips) 
Seat 9: CCE3415 ($2.20 in chips) 
facundo23: posts small blind $0.01
leogmarques: posts big blind $0.02
*** HOLE CARDS ***
Dealt to Dorex2007 [2h Ts]
Dorex2007: folds 
tadao577: calls $0.02
filipesr11: folds 
CCE3415: folds 
giocata5: folds 
deileon: raises $0.04 to $0.06
urax13: calls $0.06
facundo23: folds 
leogmarques: folds 
tadao577: calls $0.04
*** FLOP *** [Qc Kc 6d]
tadao577: checks 
deileon: bets $0.10
urax13: calls $0.10
tadao577: calls $0.10
*** TURN *** [Qc Kc 6d] [6s]
tadao577: checks 
deileon: checks 
urax13: bets $0.25
tadao577: folds 
deileon: folds 
Uncalled bet ($0.25) returned to urax13
urax13 collected $0.49 from pot
urax13: doesn't show hand 
*** SUMMARY ***
Total pot $0.51 | Rake $0.02 
Board [Qc Kc 6d 6s]
Seat 1: giocata5 folded before Flop (didn't bet)
Seat 2: deileon folded on the Turn
Seat 3: urax13 (button) collected ($0.49)
Seat 4: facundo23 (small blind) folded before Flop
Seat 5: leogmarques (big blind) folded before Flop
Seat 6: Dorex2007 folded before Flop (didn't bet)
Seat 7: tadao577 folded on the Turn
Seat 8: filipesr11 folded before Flop (didn't bet)
Seat 9: CCE3415 folded before Flop (didn't bet)



PokerStars Hand #228251217613:  Hold'em No Limit ($0.01/$0.02 USD) - 2021/07/12 16:56:19 PT [2021/07/12 19:56:19 ET]
Table 'Vogtia III' 9-max Seat #4 is the button
Seat 1: giocata5 ($0.80 in chips) 
Seat 2: deileon ($1.66 in chips) 
Seat 3: urax13 ($2.25 in chips) 
Seat 4: facundo23 ($2.11 in chips) 
Seat 5: leogmarques ($0.48 in chips) 
Seat 6: Dorex2007 ($2.08 in chips) 
Seat 7: tadao577 ($2.17 in chips) 
Seat 8: filipesr11 ($2.09 in chips) 
Seat 9: CCE3415 ($2.20 in chips) 
leogmarques: posts small blind $0.01
Dorex2007: posts big blind $0.02
*** HOLE CARDS ***
Dealt to Dorex2007 [Kc 8d]
tadao577: calls $0.02
filipesr11: raises $0.02 to $0.04
CCE3415: folds 
giocata5: folds 
deileon: calls $0.04
urax13: folds 
facundo23: raises $0.06 to $0.10
leogmarques: folds 
Dorex2007: folds 
tadao577: folds 
filipesr11: calls $0.06
deileon: calls $0.06
*** FLOP *** [4h 5d 3c]
filipesr11: bets $0.17
deileon: folds 
facundo23: folds 
Uncalled bet ($0.17) returned to filipesr11
filipesr11 collected $0.34 from pot
filipesr11: doesn't show hand 
*** SUMMARY ***
Total pot $0.35 | Rake $0.01 
Board [4h 5d 3c]
Seat 1: giocata5 folded before Flop (didn't bet)
Seat 2: deileon folded on the Flop
Seat 3: urax13 folded before Flop (didn't bet)
Seat 4: facundo23 (button) folded on the Flop
Seat 5: leogmarques (small blind) folded before Flop
Seat 6: Dorex2007 (big blind) folded before Flop
Seat 7: tadao577 folded before Flop
Seat 8: filipesr11 collected ($0.34)
Seat 9: CCE3415 folded before Flop (didn't bet)



PokerStars Hand #228251230431:  Hold'em No Limit ($0.01/$0.02 USD) - 2021/07/12 16:57:15 PT [2021/07/12 19:57:15 ET]
Table 'Vogtia III' 9-max Seat #5 is the button
Seat 1: giocata5 ($0.80 in chips) 
Seat 2: deileon ($1.56 in chips) 
Seat 3: urax13 ($2.25 in chips) 
Seat 4: facundo23 ($2.01 in chips) 
Seat 5: leogmarques ($0.47 in chips) 
Seat 6: Dorex2007 ($2.06 in chips) 
Seat 7: tadao577 ($2.15 in chips) 
Seat 8: filipesr11 ($2.33 in chips) 
Seat 9: CCE3415 ($2.20 in chips) 
Dorex2007: posts small blind $0.01
tadao577: posts big blind $0.02
*** HOLE CARDS ***
Dealt to Dorex2007 [5h Td]
filipesr11: folds 
CCE3415: folds 
giocata5: raises $0.04 to $0.06
deileon: folds 
urax13: folds 
facundo23: folds 
leogmarques: folds 
Dorex2007: folds 
tadao577: folds 
Uncalled bet ($0.04) returned to giocata5
giocata5 collected $0.05 from pot
giocata5: doesn't show hand 
*** SUMMARY ***
Total pot $0.05 | Rake $0 
Seat 1: giocata5 collected ($0.05)
Seat 2: deileon folded before Flop (didn't bet)
Seat 3: urax13 folded before Flop (didn't bet)
Seat 4: facundo23 folded before Flop (didn't bet)
Seat 5: leogmarques (button) folded before Flop (didn't bet)
Seat 6: Dorex2007 (small blind) folded before Flop
Seat 7: tadao577 (big blind) folded before Flop
Seat 8: filipesr11 folded before Flop (didn't bet)
Seat 9: CCE3415 folded before Flop (didn't bet)



PokerStars Hand #228251236377:  Hold'em No Limit ($0.01/$0.02 USD) - 2021/07/12 16:57:41 PT [2021/07/12 19:57:41 ET]
Table 'Vogtia III' 9-max Seat #6 is the button
Seat 1: giocata5 ($0.83 in chips) 
Seat 2: deileon ($1.56 in chips) 
Seat 3: urax13 ($2.25 in chips) 
Seat 4: facundo23 ($2.01 in chips) 
Seat 5: leogmarques ($0.47 in chips) 
Seat 6: Dorex2007 ($2.05 in chips) 
Seat 7: tadao577 ($2.13 in chips) 
Seat 8: filipesr11 ($2.33 in chips) 
Seat 9: CCE3415 ($2.20 in chips) 
tadao577: posts small blind $0.01
filipesr11: posts big blind $0.02
*** HOLE CARDS ***
Dealt to Dorex2007 [Ac 7h]
CCE3415: folds 
giocata5: folds 
deileon: folds 
urax13: folds 
facundo23: folds 
leogmarques: folds 
Dorex2007: raises $0.08 to $0.10
tadao577: folds 
filipesr11: calls $0.08
*** FLOP *** [8c 8h 6s]
filipesr11: bets $0.10
Dorex2007: calls $0.10
*** TURN *** [8c 8h 6s] [6c]
filipesr11: bets $0.20
Dorex2007: raises $1.65 to $1.85 and is all-in
filipesr11: folds 
Uncalled bet ($1.65) returned to Dorex2007
Dorex2007 collected $0.78 from pot
Dorex2007: doesn't show hand 
*** SUMMARY ***
Total pot $0.81 | Rake $0.03 
Board [8c 8h 6s 6c]
Seat 1: giocata5 folded before Flop (didn't bet)
Seat 2: deileon folded before Flop (didn't bet)
Seat 3: urax13 folded before Flop (didn't bet)
Seat 4: facundo23 folded before Flop (didn't bet)
Seat 5: leogmarques folded before Flop (didn't bet)
Seat 6: Dorex2007 (button) collected ($0.78)
Seat 7: tadao577 (small blind) folded before Flop
Seat 8: filipesr11 (big blind) folded on the Turn
Seat 9: CCE3415 folded before Flop (didn't bet)



PokerStars Hand #228251248569:  Hold'em No Limit ($0.01/$0.02 USD) - 2021/07/12 16:58:35 PT [2021/07/12 19:58:35 ET]
Table 'Vogtia III' 9-max Seat #7 is the button
Seat 1: giocata5 ($0.83 in chips) 
Seat 2: deileon ($1.56 in chips) 
Seat 3: urax13 ($2.25 in chips) 
Seat 4: facundo23 ($2.01 in chips) 
Seat 5: leogmarques ($0.47 in chips) 
Seat 6: Dorex2007 ($2.43 in chips) 
Seat 7: tadao577 ($2.12 in chips) 
Seat 8: filipesr11 ($1.93 in chips) 
Seat 9: CCE3415 ($2.20 in chips) 
filipesr11: posts small blind $0.01
CCE3415: posts big blind $0.02
*** HOLE CARDS ***
Dealt to Dorex2007 [Qd Jh]
giocata5: raises $0.04 to $0.06
deileon: calls $0.06
urax13: folds 
facundo23: folds 
leogmarques: raises $0.04 to $0.10
Dorex2007: folds 
tadao577: folds 
filipesr11: folds 
CCE3415: folds 
giocata5: calls $0.04
deileon: calls $0.04
*** FLOP *** [3h Qc Ac]
giocata5: checks 
deileon: bets $0.02
leogmarques: raises $0.18 to $0.20
giocata5: raises $0.18 to $0.38
deileon: folds 
leogmarques: calls $0.17 and is all-in
Uncalled bet ($0.01) returned to giocata5
*** TURN *** [3h Qc Ac] [Jd]
*** RIVER *** [3h Qc Ac Jd] [Ts]
*** SHOW DOWN ***
giocata5: shows [Js Ad] (two pair, Aces and Jacks)
leogmarques: shows [3s As] (two pair, Aces and Threes)
giocata5 collected $1.05 from pot
*** SUMMARY ***
Total pot $1.09 | Rake $0.04 
Board [3h Qc Ac Jd Ts]
Seat 1: giocata5 showed [Js Ad] and won ($1.05) with two pair, Aces and Jacks
Seat 2: deileon folded on the Flop
Seat 3: urax13 folded before Flop (didn't bet)
Seat 4: facundo23 folded before Flop (didn't bet)
Seat 5: leogmarques showed [3s As] and lost with two pair, Aces and Threes
Seat 6: Dorex2007 folded before Flop (didn't bet)
Seat 7: tadao577 (button) folded before Flop (didn't bet)
Seat 8: filipesr11 (small blind) folded before Flop
Seat 9: CCE3415 (big blind) folded before Flop



PokerStars Hand #228251262087:  Hold'em No Limit ($0.01/$0.02 USD) - 2021/07/12 16:59:33 PT [2021/07/12 19:59:33 ET]
Table 'Vogtia III' 9-max Seat #8 is the button
Seat 1: giocata5 ($1.41 in chips) 
Seat 2: deileon ($1.44 in chips) 
Seat 3: urax13 ($2.25 in chips) 
Seat 4: facundo23 ($2.01 in chips) 
Seat 6: Dorex2007 ($2.43 in chips) 
Seat 7: tadao577 ($2.12 in chips) 
Seat 8: filipesr11 ($1.92 in chips) 
Seat 9: CCE3415 ($2.18 in chips) 
CCE3415: posts small blind $0.01
giocata5: posts big blind $0.02
*** HOLE CARDS ***
Dealt to Dorex2007 [Kh 3d]
deileon: folds 
urax13: folds 
facundo23: folds 
Dorex2007: folds 
tadao577: calls $0.02
filipesr11: folds 
CCE3415: raises $0.02 to $0.04
giocata5: folds 
tadao577: calls $0.02
*** FLOP *** [Ad 2h Tc]
leogmarques leaves the table
CCE3415: checks 
tadao577: checks 
*** TURN *** [Ad 2h Tc] [5c]
CCE3415: bets $0.06
abobora33 joins the table at seat #5 
tadao577: calls $0.06
*** RIVER *** [Ad 2h Tc 5c] [Ts]
CCE3415: bets $0.02
tadao577: raises $0.08 to $0.10
CCE3415: folds 
Uncalled bet ($0.08) returned to tadao577
tadao577 collected $0.25 from pot
tadao577: doesn't show hand 
*** SUMMARY ***
Total pot $0.26 | Rake $0.01 
Board [Ad 2h Tc 5c Ts]
Seat 1: giocata5 (big blind) folded before Flop
Seat 2: deileon folded before Flop (didn't bet)
Seat 3: urax13 folded before Flop (didn't bet)
Seat 4: facundo23 folded before Flop (didn't bet)
Seat 6: Dorex2007 folded before Flop (didn't bet)
Seat 7: tadao577 collected ($0.25)
Seat 8: filipesr11 (button) folded before Flop (didn't bet)
Seat 9: CCE3415 (small blind) folded on the River



PokerStars Hand #228251275421:  Hold'em No Limit ($0.01/$0.02 USD) - 2021/07/12 17:00:31 PT [2021/07/12 20:00:31 ET]
Table 'Vogtia III' 9-max Seat #9 is the button
Seat 1: giocata5 ($1.39 in chips) 
Seat 2: deileon ($1.44 in chips) 
Seat 3: urax13 ($2.25 in chips) 
Seat 4: facundo23 ($2.01 in chips) 
Seat 6: Dorex2007 ($2.43 in chips) 
Seat 7: tadao577 ($2.25 in chips) 
Seat 8: filipesr11 ($1.92 in chips) 
Seat 9: CCE3415 ($2.06 in chips) 
giocata5: posts small blind $0.01
deileon: posts big blind $0.02
abobora33: sits out 
*** HOLE CARDS ***
Dealt to Dorex2007 [Tc Ac]
urax13: folds 
facundo23: folds 
Dorex2007: raises $0.04 to $0.06
tadao577: folds 
filipesr11: folds 
CCE3415: calls $0.06
giocata5: folds 
deileon: folds 
*** FLOP *** [5s Qs Jc]
Dorex2007: checks 
CCE3415: checks 
*** TURN *** [5s Qs Jc] [Ad]
Dorex2007: checks 
CCE3415: checks 
*** RIVER *** [5s Qs Jc Ad] [7h]
Dorex2007: bets $0.14
CCE3415: folds 
Uncalled bet ($0.14) returned to Dorex2007
Dorex2007 collected $0.14 from pot
Dorex2007: doesn't show hand 
*** SUMMARY ***
Total pot $0.15 | Rake $0.01 
Board [5s Qs Jc Ad 7h]
Seat 1: giocata5 (small blind) folded before Flop
Seat 2: deileon (big blind) folded before Flop
Seat 3: urax13 folded before Flop (didn't bet)
Seat 4: facundo23 folded before Flop (didn't bet)
Seat 6: Dorex2007 collected ($0.14)
Seat 7: tadao577 folded before Flop (didn't bet)
Seat 8: filipesr11 folded before Flop (didn't bet)
Seat 9: CCE3415 (button) folded on the River



PokerStars Hand #228251286572:  Hold'em No Limit ($0.01/$0.02 USD) - 2021/07/12 17:01:15 PT [2021/07/12 20:01:15 ET]
Table 'Vogtia III' 9-max Seat #1 is the button
Seat 1: giocata5 ($1.38 in chips) 
Seat 2: deileon ($1.42 in chips) 
Seat 3: urax13 ($2.25 in chips) 
Seat 4: facundo23 ($2.01 in chips) 
Seat 6: Dorex2007 ($2.51 in chips) 
Seat 7: tadao577 ($2.25 in chips) 
Seat 8: filipesr11 ($1.92 in chips) 
Seat 9: CCE3415 ($2 in chips) 
deileon: posts small blind $0.01
urax13: posts big blind $0.02
abobora33: sits out 
*** HOLE CARDS ***
Dealt to Dorex2007 [5s Js]
facundo23: folds 
Dorex2007: folds 
tadao577: calls $0.02
filipesr11: folds 
CCE3415: calls $0.02
giocata5: folds 
deileon: calls $0.01
urax13: checks 
*** FLOP *** [6h 8d Ts]
deileon: checks 
urax13: checks 
tadao577: checks 
CCE3415: bets $0.02
deileon: folds 
urax13: folds 
tadao577: calls $0.02
*** TURN *** [6h 8d Ts] [6s]
tadao577: checks 
CCE3415: bets $0.05
tadao577: folds 
Uncalled bet ($0.05) returned to CCE3415
CCE3415 collected $0.12 from pot
CCE3415: doesn't show hand 
*** SUMMARY ***
Total pot $0.12 | Rake $0 
Board [6h 8d Ts 6s]
Seat 1: giocata5 (button) folded before Flop (didn't bet)
Seat 2: deileon (small blind) folded on the Flop
Seat 3: urax13 (big blind) folded on the Flop
Seat 4: facundo23 folded before Flop (didn't bet)
Seat 6: Dorex2007 folded before Flop (didn't bet)
Seat 7: tadao577 folded on the Turn
Seat 8: filipesr11 folded before Flop (didn't bet)
Seat 9: CCE3415 collected ($0.12)



PokerStars Hand #228251299377:  Hold'em No Limit ($0.01/$0.02 USD) - 2021/07/12 17:02:02 PT [2021/07/12 20:02:02 ET]
Table 'Vogtia III' 9-max Seat #2 is the button
Seat 1: giocata5 ($1.38 in chips) 
Seat 2: deileon ($1.40 in chips) 
Seat 3: urax13 ($2.23 in chips) 
Seat 4: facundo23 ($2.01 in chips) 
Seat 6: Dorex2007 ($2.51 in chips) 
Seat 7: tadao577 ($2.21 in chips) 
Seat 8: filipesr11 ($1.92 in chips) 
Seat 9: CCE3415 ($2.08 in chips) 
urax13: posts small blind $0.01
facundo23: posts big blind $0.02
abobora33: sits out 
*** HOLE CARDS ***
Dealt to Dorex2007 [3s Th]
Dorex2007: folds 
tadao577: calls $0.02
filipesr11: folds 
CCE3415: raises $0.04 to $0.06
giocata5: folds 
deileon: folds 
urax13: calls $0.05
facundo23: calls $0.04
tadao577: calls $0.04
*** FLOP *** [Td 5h Jh]
urax13: checks 
facundo23: checks 
tadao577: checks 
CCE3415: checks 
*** TURN *** [Td 5h Jh] [3h]
urax13: checks 
facundo23: checks 
tadao577: checks 
CCE3415: bets $0.06
urax13: calls $0.06
facundo23: folds 
tadao577: folds 
*** RIVER *** [Td 5h Jh 3h] [6d]
urax13: checks 
CCE3415: checks 
*** SHOW DOWN ***
urax13: shows [4s 5s] (a pair of Fives)
CCE3415: shows [Qd Ts] (a pair of Tens)
CCE3415 collected $0.35 from pot
*** SUMMARY ***
Total pot $0.36 | Rake $0.01 
Board [Td 5h Jh 3h 6d]
Seat 1: giocata5 folded before Flop (didn't bet)
Seat 2: deileon (button) folded before Flop (didn't bet)
Seat 3: urax13 (small blind) showed [4s 5s] and lost with a pair of Fives
Seat 4: facundo23 (big blind) folded on the Turn
Seat 6: Dorex2007 folded before Flop (didn't bet)
Seat 7: tadao577 folded on the Turn
Seat 8: filipesr11 folded before Flop (didn't bet)
Seat 9: CCE3415 showed [Qd Ts] and won ($0.35) with a pair of Tens



PokerStars Hand #228251315856:  Hold'em No Limit ($0.01/$0.02 USD) - 2021/07/12 17:03:04 PT [2021/07/12 20:03:04 ET]
Table 'Vogtia III' 9-max Seat #3 is the button
Seat 1: giocata5 ($1.38 in chips) 
Seat 2: deileon ($1.40 in chips) 
Seat 3: urax13 ($2.11 in chips) 
Seat 4: facundo23 ($2 in chips) 
Seat 5: abobora33 ($2 in chips) 
Seat 6: Dorex2007 ($2.51 in chips) 
Seat 7: tadao577 ($2.15 in chips) 
Seat 8: filipesr11 ($1.92 in chips) 
Seat 9: CCE3415 ($2.31 in chips) 
facundo23: posts small blind $0.01
abobora33: posts big blind $0.02
*** HOLE CARDS ***
Dealt to Dorex2007 [6d 4h]
Dorex2007: folds 
tadao577: calls $0.02
filipesr11: folds 
CCE3415: folds 
giocata5: folds 
deileon: folds 
urax13: folds 
facundo23: folds 
abobora33: checks 
*** FLOP *** [Jc 8c 2d]
abobora33: checks 
tadao577: checks 
*** TURN *** [Jc 8c 2d] [2c]
abobora33: bets $0.03
tadao577: calls $0.03
*** RIVER *** [Jc 8c 2d 2c] [Ks]
abobora33: bets $0.06
tadao577: raises $0.06 to $0.12
abobora33: calls $0.06
*** SHOW DOWN ***
tadao577: shows [7c Tc] (a flush, Jack high)
abobora33: shows [9c Qc] (a flush, Queen high)
abobora33 collected $0.34 from pot
*** SUMMARY ***
Total pot $0.35 | Rake $0.01 
Board [Jc 8c 2d 2c Ks]
Seat 1: giocata5 folded before Flop (didn't bet)
Seat 2: deileon folded before Flop (didn't bet)
Seat 3: urax13 (button) folded before Flop (didn't bet)
Seat 4: facundo23 (small blind) folded before Flop
Seat 5: abobora33 (big blind) showed [9c Qc] and won ($0.34) with a flush, Queen high
Seat 6: Dorex2007 folded before Flop (didn't bet)
Seat 7: tadao577 showed [7c Tc] and lost with a flush, Jack high
Seat 8: filipesr11 folded before Flop (didn't bet)
Seat 9: CCE3415 folded before Flop (didn't bet)



PokerStars Hand #228251330189:  Hold'em No Limit ($0.01/$0.02 USD) - 2021/07/12 17:03:56 PT [2021/07/12 20:03:56 ET]
Table 'Vogtia III' 9-max Seat #4 is the button
Seat 1: giocata5 ($1.38 in chips) 
Seat 2: deileon ($1.40 in chips) 
Seat 3: urax13 ($2.11 in chips) 
Seat 4: facundo23 ($2 in chips) 
Seat 5: abobora33 ($2.17 in chips) 
Seat 6: Dorex2007 ($2.51 in chips) 
Seat 7: tadao577 ($1.98 in chips) 
Seat 8: filipesr11 ($1.92 in chips) 
Seat 9: CCE3415 ($2.31 in chips) 
abobora33: posts small blind $0.01
Dorex2007: posts big blind $0.02
*** HOLE CARDS ***
Dealt to Dorex2007 [8d 7h]
tadao577: calls $0.02
filipesr11: folds 
CCE3415: folds 
giocata5: folds 
deileon: folds 
urax13: folds 
facundo23: folds 
abobora33: calls $0.01
Dorex2007: checks 
*** FLOP *** [Tc 4s Jh]
abobora33: checks 
Dorex2007: checks 
tadao577: checks 
*** TURN *** [Tc 4s Jh] [3h]
abobora33: checks 
Dorex2007: checks 
tadao577: checks 
*** RIVER *** [Tc 4s Jh 3h] [Js]
abobora33: checks 
Dorex2007: checks 
tadao577: checks 
*** SHOW DOWN ***
abobora33: shows [6h 6s] (two pair, Jacks and Sixes)
Dorex2007: mucks hand 
tadao577: mucks hand 
abobora33 collected $0.06 from pot
*** SUMMARY ***
Total pot $0.06 | Rake $0 
Board [Tc 4s Jh 3h Js]
Seat 1: giocata5 folded before Flop (didn't bet)
Seat 2: deileon folded before Flop (didn't bet)
Seat 3: urax13 folded before Flop (didn't bet)
Seat 4: facundo23 (button) folded before Flop (didn't bet)
Seat 5: abobora33 (small blind) showed [6h 6s] and won ($0.06) with two pair, Jacks and Sixes
Seat 6: Dorex2007 (big blind) mucked [8d 7h]
Seat 7: tadao577 mucked [9c Kc]
Seat 8: filipesr11 folded before Flop (didn't bet)
Seat 9: CCE3415 folded before Flop (didn't bet)



PokerStars Hand #228251347162:  Hold'em No Limit ($0.01/$0.02 USD) - 2021/07/12 17:04:59 PT [2021/07/12 20:04:59 ET]
Table 'Vogtia III' 9-max Seat #5 is the button
Seat 1: giocata5 ($1.38 in chips) 
Seat 2: deileon ($1.40 in chips) 
Seat 3: urax13 ($2.11 in chips) 
Seat 4: facundo23 ($2 in chips) 
Seat 5: abobora33 ($2.21 in chips) 
Seat 6: Dorex2007 ($2.49 in chips) 
Seat 7: tadao577 ($1.96 in chips) 
Seat 9: CCE3415 ($2.31 in chips) 
Dorex2007: posts small blind $0.01
tadao577: posts big blind $0.02
*** HOLE CARDS ***
Dealt to Dorex2007 [3c Ah]
CCE3415: folds 
giocata5: folds 
deileon: folds 
urax13: raises $0.03 to $0.05
facundo23: folds 
abobora33: folds 
Dorex2007: folds 
tadao577: folds 
Uncalled bet ($0.03) returned to urax13
urax13 collected $0.05 from pot
urax13: doesn't show hand 
*** SUMMARY ***
Total pot $0.05 | Rake $0 
Seat 1: giocata5 folded before Flop (didn't bet)
Seat 2: deileon folded before Flop (didn't bet)
Seat 3: urax13 collected ($0.05)
Seat 4: facundo23 folded before Flop (didn't bet)
Seat 5: abobora33 (button) folded before Flop (didn't bet)
Seat 6: Dorex2007 (small blind) folded before Flop
Seat 7: tadao577 (big blind) folded before Flop
Seat 9: CCE3415 folded before Flop (didn't bet)



PokerStars Hand #228251353196:  Hold'em No Limit ($0.01/$0.02 USD) - 2021/07/12 17:05:21 PT [2021/07/12 20:05:21 ET]
Table 'Vogtia III' 9-max Seat #6 is the button
Seat 1: giocata5 ($1.38 in chips) 
Seat 2: deileon ($1.40 in chips) 
Seat 3: urax13 ($2.14 in chips) 
Seat 4: facundo23 ($2 in chips) 
Seat 5: abobora33 ($2.21 in chips) 
Seat 6: Dorex2007 ($2.48 in chips) 
Seat 7: tadao577 ($1.94 in chips) 
Seat 9: CCE3415 ($2.31 in chips) 
tadao577: posts small blind $0.01
CCE3415: posts big blind $0.02
*** HOLE CARDS ***
Dealt to Dorex2007 [Ts Jd]
giocata5: raises $0.04 to $0.06
deileon: calls $0.06
urax13: folds 
facundo23: folds 
abobora33: folds 
Dorex2007: folds 
tadao577: folds 
CCE3415: folds 
*** FLOP *** [8d 9c 6c]
giocata5: checks 
deileon: bets $0.14
giocata5: folds 
Uncalled bet ($0.14) returned to deileon
deileon collected $0.14 from pot
deileon: doesn't show hand 
*** SUMMARY ***
Total pot $0.15 | Rake $0.01 
Board [8d 9c 6c]
Seat 1: giocata5 folded on the Flop
Seat 2: deileon collected ($0.14)
Seat 3: urax13 folded before Flop (didn't bet)
Seat 4: facundo23 folded before Flop (didn't bet)
Seat 5: abobora33 folded before Flop (didn't bet)
Seat 6: Dorex2007 (button) folded before Flop (didn't bet)
Seat 7: tadao577 (small blind) folded before Flop
Seat 9: CCE3415 (big blind) folded before Flop



PokerStars Hand #228251364280:  Hold'em No Limit ($0.01/$0.02 USD) - 2021/07/12 17:06:02 PT [2021/07/12 20:06:02 ET]
Table 'Vogtia III' 9-max Seat #7 is the button
Seat 1: giocata5 ($1.32 in chips) 
Seat 2: deileon ($1.48 in chips) 
Seat 3: urax13 ($2.14 in chips) 
Seat 4: facundo23 ($2 in chips) 
Seat 5: abobora33 ($2.21 in chips) 
Seat 6: Dorex2007 ($2.48 in chips) 
Seat 7: tadao577 ($1.93 in chips) 
Seat 9: CCE3415 ($2.29 in chips) 
CCE3415: posts small blind $0.01
giocata5: posts big blind $0.02
*** HOLE CARDS ***
Dealt to Dorex2007 [8h Ac]
deileon: raises $0.04 to $0.06
urax13: folds 
facundo23: folds 
abobora33: folds 
Dorex2007: folds 
tadao577: folds 
CCE3415: folds 
giocata5: folds 
Uncalled bet ($0.04) returned to deileon
deileon collected $0.05 from pot
deileon: doesn't show hand 
*** SUMMARY ***
Total pot $0.05 | Rake $0 
Seat 1: giocata5 (big blind) folded before Flop
Seat 2: deileon collected ($0.05)
Seat 3: urax13 folded before Flop (didn't bet)
Seat 4: facundo23 folded before Flop (didn't bet)
Seat 5: abobora33 folded before Flop (didn't bet)
Seat 6: Dorex2007 folded before Flop (didn't bet)
Seat 7: tadao577 (button) folded before Flop (didn't bet)
Seat 9: CCE3415 (small blind) folded before Flop



PokerStars Hand #228251368345:  Hold'em No Limit ($0.01/$0.02 USD) - 2021/07/12 17:06:17 PT [2021/07/12 20:06:17 ET]
Table 'Vogtia III' 9-max Seat #9 is the button
Seat 1: giocata5 ($1.30 in chips) 
Seat 2: deileon ($1.51 in chips) 
Seat 3: urax13 ($2.14 in chips) 
Seat 4: facundo23 ($2 in chips) 
Seat 5: abobora33 ($2.21 in chips) 
Seat 6: Dorex2007 ($2.48 in chips) 
Seat 7: tadao577 ($1.93 in chips) 
Seat 9: CCE3415 ($2.28 in chips) 
giocata5: posts small blind $0.01
deileon: posts big blind $0.02
*** HOLE CARDS ***
Dealt to Dorex2007 [6s Kc]
urax13: folds 
urax13 leaves the table
Chrymz joins the table at seat #3 
facundo23 has timed out
facundo23: folds 
abobora33: folds 
Dorex2007: folds 
tadao577: calls $0.02
CCE3415: folds 
giocata5: folds 
deileon: checks 
*** FLOP *** [Qs Td Jh]
deileon: checks 
tadao577: checks 
*** TURN *** [Qs Td Jh] [9h]
deileon: checks 
tadao577: checks 
*** RIVER *** [Qs Td Jh 9h] [Qd]
deileon: checks 
tadao577: bets $0.06
deileon: calls $0.06
*** SHOW DOWN ***
tadao577: shows [8h 9s] (a straight, Eight to Queen)
deileon: shows [Qh 8c] (a straight, Eight to Queen)
deileon collected $0.08 from pot
tadao577 collected $0.08 from pot
*** SUMMARY ***
Total pot $0.17 | Rake $0.01 
Board [Qs Td Jh 9h Qd]
Seat 1: giocata5 (small blind) folded before Flop
Seat 2: deileon (big blind) showed [Qh 8c] and won ($0.08) with a straight, Eight to Queen
Seat 3: urax13 folded before Flop (didn't bet)
Seat 4: facundo23 folded before Flop (didn't bet)
Seat 5: abobora33 folded before Flop (didn't bet)
Seat 6: Dorex2007 folded before Flop (didn't bet)
Seat 7: tadao577 showed [8h 9s] and won ($0.08) with a straight, Eight to Queen
Seat 9: CCE3415 (button) folded before Flop (didn't bet)



PokerStars Hand #228251383401:  Hold'em No Limit ($0.01/$0.02 USD) - 2021/07/12 17:07:13 PT [2021/07/12 20:07:13 ET]
Table 'Vogtia III' 9-max Seat #1 is the button
Seat 1: giocata5 ($1.29 in chips) 
Seat 2: deileon ($1.51 in chips) 
Seat 3: Chrymz ($0.80 in chips) 
Seat 4: facundo23 ($2 in chips) 
Seat 5: abobora33 ($2.21 in chips) 
Seat 6: Dorex2007 ($2.48 in chips) 
Seat 7: tadao577 ($1.93 in chips) 
Seat 9: CCE3415 ($2.28 in chips) 
deileon: posts small blind $0.01
Chrymz: posts big blind $0.02
*** HOLE CARDS ***
Dealt to Dorex2007 [Jd Ad]
facundo23: folds 
abobora33: folds 
Dorex2007: raises $0.04 to $0.06
tadao577: folds 
CCE3415: folds 
giocata5: folds 
deileon: folds 
Chrymz: calls $0.04
*** FLOP *** [3h 3c Kh]
Chrymz: checks 
Dorex2007: checks 
*** TURN *** [3h 3c Kh] [Ac]
Chrymz: bets $0.04
Dorex2007: calls $0.04
*** RIVER *** [3h 3c Kh Ac] [7h]
Chrymz: bets $0.70 and is all-in
Dorex2007: calls $0.70
*** SHOW DOWN ***
Chrymz: shows [8h Jh] (a flush, King high)
Dorex2007: shows [Jd Ad] (two pair, Aces and Threes)
Chrymz collected $1.55 from pot
*** SUMMARY ***
Total pot $1.61 | Rake $0.06 
Board [3h 3c Kh Ac 7h]
Seat 1: giocata5 (button) folded before Flop (didn't bet)
Seat 2: deileon (small blind) folded before Flop
Seat 3: Chrymz (big blind) showed [8h Jh] and won ($1.55) with a flush, King high
Seat 4: facundo23 folded before Flop (didn't bet)
Seat 5: abobora33 folded before Flop (didn't bet)
Seat 6: Dorex2007 showed [Jd Ad] and lost with two pair, Aces and Threes
Seat 7: tadao577 folded before Flop (didn't bet)
Seat 9: CCE3415 folded before Flop (didn't bet)



PokerStars Hand #228251395941:  Hold'em No Limit ($0.01/$0.02 USD) - 2021/07/12 17:08:00 PT [2021/07/12 20:08:00 ET]
Table 'Vogtia III' 9-max Seat #2 is the button
Seat 1: giocata5 ($1.29 in chips) 
Seat 2: deileon ($1.50 in chips) 
Seat 3: Chrymz ($1.55 in chips) 
Seat 4: facundo23 ($2 in chips) 
Seat 5: abobora33 ($2.21 in chips) 
Seat 6: Dorex2007 ($1.68 in chips) 
Seat 7: tadao577 ($1.93 in chips) 
Seat 9: CCE3415 ($2.28 in chips) 
Chrymz: posts small blind $0.01
facundo23: posts big blind $0.02
*** HOLE CARDS ***
Dealt to Dorex2007 [5d 8c]
abobora33: raises $0.02 to $0.04
Dorex2007: folds 
tadao577: folds 
CCE3415: calls $0.04
giocata5: folds 
deileon: folds 
Chrymz: calls $0.03
facundo23: calls $0.02
*** FLOP *** [8s Ac Qd]
Chrymz: checks 
facundo23: checks 
abobora33: bets $0.08
CCE3415: calls $0.08
Chrymz: folds 
facundo23: folds 
*** TURN *** [8s Ac Qd] [2d]
abobora33: bets $0.16
CCE3415: calls $0.16
*** RIVER *** [8s Ac Qd 2d] [9c]
abobora33: bets $0.12
CCE3415: raises $0.12 to $0.24
abobora33: calls $0.12
*** SHOW DOWN ***
CCE3415: shows [Ah 9h] (two pair, Aces and Nines)
abobora33: mucks hand 
CCE3415 collected $1.08 from pot
*** SUMMARY ***
Total pot $1.12 | Rake $0.04 
Board [8s Ac Qd 2d 9c]
Seat 1: giocata5 folded before Flop (didn't bet)
Seat 2: deileon (button) folded before Flop (didn't bet)
Seat 3: Chrymz (small blind) folded on the Flop
Seat 4: facundo23 (big blind) folded on the Flop
Seat 5: abobora33 mucked [Kc As]
Seat 6: Dorex2007 folded before Flop (didn't bet)
Seat 7: tadao577 folded before Flop (didn't bet)
Seat 9: CCE3415 showed [Ah 9h] and won ($1.08) with two pair, Aces and Nines



PokerStars Hand #228251426981:  Hold'em No Limit ($0.01/$0.02 USD) - 2021/07/12 17:09:07 PT [2021/07/12 20:09:07 ET]
Table 'Vogtia III' 9-max Seat #3 is the button
Seat 1: giocata5 ($1.29 in chips) 
Seat 2: deileon ($1.50 in chips) 
Seat 3: Chrymz ($1.51 in chips) 
Seat 4: facundo23 ($2 in chips) 
Seat 5: abobora33 ($1.69 in chips) 
Seat 6: Dorex2007 ($2 in chips) 
Seat 7: tadao577 ($1.93 in chips) 
Seat 8: filipesr11 ($1.92 in chips) 
Seat 9: CCE3415 ($2.84 in chips) 
facundo23: posts small blind $0.01
abobora33: posts big blind $0.02
filipesr11: posts small & big blinds $0.03
*** HOLE CARDS ***
Dealt to Dorex2007 [7c 5s]
Dorex2007: folds 
tadao577: folds 
filipesr11: checks 
CCE3415: folds 
giocata5: folds 
deileon: folds 
Chrymz: folds 
facundo23: folds 
abobora33: checks 
*** FLOP *** [Kh Qs 7h]
abobora33: checks 
filipesr11: checks 
*** TURN *** [Kh Qs 7h] [5d]
abobora33: checks 
filipesr11: checks 
*** RIVER *** [Kh Qs 7h 5d] [Ah]
abobora33: checks 
filipesr11: checks 
*** SHOW DOWN ***
abobora33: shows [2c 3c] (high card Ace)
filipesr11: shows [Tc 3d] (high card Ace - King+Queen+Ten kicker)
filipesr11 collected $0.06 from pot
*** SUMMARY ***
Total pot $0.06 | Rake $0 
Board [Kh Qs 7h 5d Ah]
Seat 1: giocata5 folded before Flop (didn't bet)
Seat 2: deileon folded before Flop (didn't bet)
Seat 3: Chrymz (button) folded before Flop (didn't bet)
Seat 4: facundo23 (small blind) folded before Flop
Seat 5: abobora33 (big blind) showed [2c 3c] and lost with high card Ace
Seat 6: Dorex2007 folded before Flop (didn't bet)
Seat 7: tadao577 folded before Flop (didn't bet)
Seat 8: filipesr11 showed [Tc 3d] and won ($0.06) with high card Ace
Seat 9: CCE3415 folded before Flop (didn't bet)



PokerStars Hand #228251438342:  Hold'em No Limit ($0.01/$0.02 USD) - 2021/07/12 17:09:49 PT [2021/07/12 20:09:49 ET]
Table 'Vogtia III' 9-max Seat #4 is the button
Seat 1: giocata5 ($1.29 in chips) 
Seat 2: deileon ($1.50 in chips) 
Seat 3: Chrymz ($1.51 in chips) 
Seat 4: facundo23 ($2 in chips) 
Seat 5: abobora33 ($1.98 in chips) 
Seat 6: Dorex2007 ($2 in chips) 
Seat 7: tadao577 ($1.93 in chips) 
Seat 8: filipesr11 ($1.95 in chips) 
Seat 9: CCE3415 ($2.84 in chips) 
abobora33: posts small blind $0.01
Dorex2007: posts big blind $0.02
*** HOLE CARDS ***
Dealt to Dorex2007 [5d 9h]
tadao577: calls $0.02
filipesr11: calls $0.02
CCE3415: raises $0.02 to $0.04
giocata5: raises $0.15 to $0.19
deileon: folds 
Chrymz: folds 
facundo23: folds 
abobora33: folds 
Dorex2007: folds 
tadao577: folds 
filipesr11: folds 
CCE3415: folds 
Uncalled bet ($0.15) returned to giocata5
giocata5 collected $0.15 from pot
giocata5: doesn't show hand 
*** SUMMARY ***
Total pot $0.15 | Rake $0 
Seat 1: giocata5 collected ($0.15)
Seat 2: deileon folded before Flop (didn't bet)
Seat 3: Chrymz folded before Flop (didn't bet)
Seat 4: facundo23 (button) folded before Flop (didn't bet)
Seat 5: abobora33 (small blind) folded before Flop
Seat 6: Dorex2007 (big blind) folded before Flop
Seat 7: tadao577 folded before Flop
Seat 8: filipesr11 folded before Flop
Seat 9: CCE3415 folded before Flop



PokerStars Hand #228251446555:  Hold'em No Limit ($0.01/$0.02 USD) - 2021/07/12 17:10:20 PT [2021/07/12 20:10:20 ET]
Table 'Vogtia III' 9-max Seat #5 is the button
Seat 1: giocata5 ($1.40 in chips) 
Seat 2: deileon ($1.50 in chips) 
Seat 3: Chrymz ($1.51 in chips) 
Seat 4: facundo23 ($2 in chips) 
Seat 5: abobora33 ($1.97 in chips) 
Seat 6: Dorex2007 ($1.98 in chips) 
Seat 7: tadao577 ($1.91 in chips) 
Seat 8: filipesr11 ($1.93 in chips) 
Seat 9: CCE3415 ($2.80 in chips) 
Dorex2007: posts small blind $0.01
tadao577: posts big blind $0.02
*** HOLE CARDS ***
Dealt to Dorex2007 [Ts 2d]
filipesr11: folds 
CCE3415: folds 
giocata5: folds 
deileon: folds 
Chrymz: calls $0.02
facundo23: folds 
abobora33: folds 
Dorex2007: folds 
tadao577: checks 
*** FLOP *** [9s Qs 5h]
tadao577: checks 
Chrymz: bets $0.02
tadao577: calls $0.02
*** TURN *** [9s Qs 5h] [4c]
tadao577: checks 
Chrymz: bets $0.06
tadao577: calls $0.06
*** RIVER *** [9s Qs 5h 4c] [Qd]
tadao577: checks 
Chrymz: checks 
*** SHOW DOWN ***
tadao577: shows [Jc Kd] (a pair of Queens)
Chrymz: shows [5d 4d] (two pair, Queens and Fives)
Chrymz collected $0.20 from pot
*** SUMMARY ***
Total pot $0.21 | Rake $0.01 
Board [9s Qs 5h 4c Qd]
Seat 1: giocata5 folded before Flop (didn't bet)
Seat 2: deileon folded before Flop (didn't bet)
Seat 3: Chrymz showed [5d 4d] and won ($0.20) with two pair, Queens and Fives
Seat 4: facundo23 folded before Flop (didn't bet)
Seat 5: abobora33 (button) folded before Flop (didn't bet)
Seat 6: Dorex2007 (small blind) folded before Flop
Seat 7: tadao577 (big blind) showed [Jc Kd] and lost with a pair of Queens
Seat 8: filipesr11 folded before Flop (didn't bet)
Seat 9: CCE3415 folded before Flop (didn't bet)



PokerStars Hand #228251458222:  Hold'em No Limit ($0.01/$0.02 USD) - 2021/07/12 17:11:04 PT [2021/07/12 20:11:04 ET]
Table 'Vogtia III' 9-max Seat #6 is the button
Seat 1: giocata5 ($1.40 in chips) 
Seat 2: deileon ($1.50 in chips) 
Seat 3: Chrymz ($1.61 in chips) 
Seat 4: facundo23 ($2 in chips) 
Seat 5: abobora33 ($1.97 in chips) 
Seat 6: Dorex2007 ($1.97 in chips) 
Seat 7: tadao577 ($1.81 in chips) 
Seat 8: filipesr11 ($1.93 in chips) 
Seat 9: CCE3415 ($2.80 in chips) 
tadao577: posts small blind $0.01
filipesr11: posts big blind $0.02
*** HOLE CARDS ***
Dealt to Dorex2007 [6c Jc]
CCE3415: folds 
giocata5: folds 
deileon: raises $0.04 to $0.06
Chrymz: folds 
facundo23: folds 
abobora33: folds 
Dorex2007: folds 
tadao577: folds 
filipesr11: folds 
Uncalled bet ($0.04) returned to deileon
deileon collected $0.05 from pot
deileon: doesn't show hand 
*** SUMMARY ***
Total pot $0.05 | Rake $0 
Seat 1: giocata5 folded before Flop (didn't bet)
Seat 2: deileon collected ($0.05)
Seat 3: Chrymz folded before Flop (didn't bet)
Seat 4: facundo23 folded before Flop (didn't bet)
Seat 5: abobora33 folded before Flop (didn't bet)
Seat 6: Dorex2007 (button) folded before Flop (didn't bet)
Seat 7: tadao577 (small blind) folded before Flop
Seat 8: filipesr11 (big blind) folded before Flop
Seat 9: CCE3415 folded before Flop (didn't bet)



PokerStars Hand #228251464853:  Hold'em No Limit ($0.01/$0.02 USD) - 2021/07/12 17:11:29 PT [2021/07/12 20:11:29 ET]
Table 'Vogtia III' 9-max Seat #7 is the button
Seat 1: giocata5 ($1.40 in chips) 
Seat 2: deileon ($1.53 in chips) 
Seat 3: Chrymz ($1.61 in chips) 
Seat 4: facundo23 ($2 in chips) 
Seat 5: abobora33 ($1.97 in chips) 
Seat 6: Dorex2007 ($1.97 in chips) 
Seat 7: tadao577 ($1.80 in chips) 
Seat 8: filipesr11 ($1.91 in chips) 
Seat 9: CCE3415 ($2.80 in chips) 
filipesr11: posts small blind $0.01
CCE3415: posts big blind $0.02
*** HOLE CARDS ***
Dealt to Dorex2007 [3c 3h]
giocata5: folds 
deileon: folds 
Chrymz: folds 
facundo23: folds 
abobora33: folds 
Dorex2007: folds 
tadao577: calls $0.02
filipesr11: raises $0.04 to $0.06
CCE3415: folds 
tadao577: calls $0.04
*** FLOP *** [7c 7s 8s]
filipesr11: bets $0.07
tadao577: calls $0.07
*** TURN *** [7c 7s 8s] [Ks]
filipesr11: bets $0.20
tadao577: folds 
Uncalled bet ($0.20) returned to filipesr11
filipesr11 collected $0.27 from pot
filipesr11: doesn't show hand 
*** SUMMARY ***
Total pot $0.28 | Rake $0.01 
Board [7c 7s 8s Ks]
Seat 1: giocata5 folded before Flop (didn't bet)
Seat 2: deileon folded before Flop (didn't bet)
Seat 3: Chrymz folded before Flop (didn't bet)
Seat 4: facundo23 folded before Flop (didn't bet)
Seat 5: abobora33 folded before Flop (didn't bet)
Seat 6: Dorex2007 folded before Flop (didn't bet)
Seat 7: tadao577 (button) folded on the Turn
Seat 8: filipesr11 (small blind) collected ($0.27)
Seat 9: CCE3415 (big blind) folded before Flop



PokerStars Hand #228251477533:  Hold'em No Limit ($0.01/$0.02 USD) - 2021/07/12 17:12:17 PT [2021/07/12 20:12:17 ET]
Table 'Vogtia III' 9-max Seat #8 is the button
Seat 1: giocata5 ($1.40 in chips) 
Seat 2: deileon ($1.53 in chips) 
Seat 3: Chrymz ($1.61 in chips) 
Seat 4: facundo23 ($2 in chips) 
Seat 5: abobora33 ($1.97 in chips) 
Seat 6: Dorex2007 ($1.97 in chips) 
Seat 7: tadao577 ($1.67 in chips) 
Seat 8: filipesr11 ($2.05 in chips) 
Seat 9: CCE3415 ($2.78 in chips) 
CCE3415: posts small blind $0.01
giocata5: posts big blind $0.02
*** HOLE CARDS ***
Dealt to Dorex2007 [3h Kh]
deileon: folds 
Chrymz: calls $0.02
facundo23: folds 
abobora33: folds 
Dorex2007: folds 
tadao577: folds 
filipesr11: raises $0.04 to $0.06
CCE3415: folds 
giocata5: folds 
Chrymz: calls $0.04
*** FLOP *** [3c 4s 9d]
Chrymz: checks 
filipesr11: bets $0.09
Chrymz: folds 
Uncalled bet ($0.09) returned to filipesr11
filipesr11 collected $0.14 from pot
filipesr11: doesn't show hand 
*** SUMMARY ***
Total pot $0.15 | Rake $0.01 
Board [3c 4s 9d]
Seat 1: giocata5 (big blind) folded before Flop
Seat 2: deileon folded before Flop (didn't bet)
Seat 3: Chrymz folded on the Flop
Seat 4: facundo23 folded before Flop (didn't bet)
Seat 5: abobora33 folded before Flop (didn't bet)
Seat 6: Dorex2007 folded before Flop (didn't bet)
Seat 7: tadao577 folded before Flop (didn't bet)
Seat 8: filipesr11 (button) collected ($0.14)
Seat 9: CCE3415 (small blind) folded before Flop



PokerStars Hand #228251486675:  Hold'em No Limit ($0.01/$0.02 USD) - 2021/07/12 17:12:51 PT [2021/07/12 20:12:51 ET]
Table 'Vogtia III' 9-max Seat #9 is the button
Seat 1: giocata5 ($1.38 in chips) 
Seat 2: deileon ($1.53 in chips) 
Seat 3: Chrymz ($1.55 in chips) 
Seat 4: facundo23 ($2 in chips) 
Seat 5: abobora33 ($1.97 in chips) 
Seat 6: Dorex2007 ($1.97 in chips) 
Seat 7: tadao577 ($1.67 in chips) 
Seat 8: filipesr11 ($2.13 in chips) 
Seat 9: CCE3415 ($2.77 in chips) 
giocata5: posts small blind $0.01
deileon: posts big blind $0.02
*** HOLE CARDS ***
Dealt to Dorex2007 [5d Td]
Chrymz: calls $0.02
facundo23: folds 
abobora33: folds 
Dorex2007: folds 
tadao577: calls $0.02
filipesr11: folds 
CCE3415: raises $0.04 to $0.06
giocata5: folds 
deileon: calls $0.04
Chrymz: calls $0.04
tadao577: folds 
*** FLOP *** [4c 8c 6s]
deileon: checks 
Chrymz: checks 
CCE3415: bets $0.50
deileon: raises $0.97 to $1.47 and is all-in
Chrymz: folds 
CCE3415: calls $0.97
*** TURN *** [4c 8c 6s] [Qd]
*** RIVER *** [4c 8c 6s Qd] [2c]
*** SHOW DOWN ***
deileon: shows [5c 7h] (a straight, Four to Eight)
CCE3415: shows [9s 9c] (a pair of Nines)
deileon cashed out the hand for $2.76 | Cash Out Fee $0.03
*** SUMMARY ***
Total pot $3.15 | Rake $0.11 
Board [4c 8c 6s Qd 2c]
Seat 1: giocata5 (small blind) folded before Flop
Seat 2: deileon (big blind) showed [5c 7h] and won ($3.04) with a straight, Four to Eight (pot not awarded as player cashed out)
Seat 3: Chrymz folded on the Flop
Seat 4: facundo23 folded before Flop (didn't bet)
Seat 5: abobora33 folded before Flop (didn't bet)
Seat 6: Dorex2007 folded before Flop (didn't bet)
Seat 7: tadao577 folded before Flop
Seat 8: filipesr11 folded before Flop (didn't bet)
Seat 9: CCE3415 (button) showed [9s 9c] and lost with a pair of Nines



PokerStars Hand #228251507543:  Hold'em No Limit ($0.01/$0.02 USD) - 2021/07/12 17:14:11 PT [2021/07/12 20:14:11 ET]
Table 'Vogtia III' 9-max Seat #1 is the button
Seat 1: giocata5 ($1.37 in chips) 
Seat 2: deileon ($2.76 in chips) 
Seat 4: facundo23 ($2 in chips) 
Seat 5: abobora33 ($1.97 in chips) 
Seat 6: Dorex2007 ($1.97 in chips) 
Seat 7: tadao577 ($1.65 in chips) 
Seat 8: filipesr11 ($2.13 in chips) 
Seat 9: CCE3415 ($1.24 in chips) 
deileon: posts small blind $0.01
Chrymz: is sitting out 
facundo23: posts big blind $0.02
*** HOLE CARDS ***
Dealt to Dorex2007 [Qs 8h]
abobora33: folds 
Dorex2007: folds 
tadao577: calls $0.02
Chrymz leaves the table
filipesr11: raises $0.02 to $0.04
CCE3415: folds 
CCE3415 leaves the table
giocata5: calls $0.04
WeXx33 joins the table at seat #3 
o-polemarxos joins the table at seat #9 
deileon: folds 
facundo23: raises $0.15 to $0.19
tadao577: folds 
filipesr11: calls $0.15
giocata5: folds 
*** FLOP *** [5c 4s 7s]
facundo23: bets $0.22
filipesr11: raises $0.22 to $0.44
facundo23: folds 
Uncalled bet ($0.22) returned to filipesr11
filipesr11 collected $0.86 from pot
filipesr11: doesn't show hand 
*** SUMMARY ***
Total pot $0.89 | Rake $0.03 
Board [5c 4s 7s]
Seat 1: giocata5 (button) folded before Flop
Seat 2: deileon (small blind) folded before Flop
Seat 4: facundo23 (big blind) folded on the Flop
Seat 5: abobora33 folded before Flop (didn't bet)
Seat 6: Dorex2007 folded before Flop (didn't bet)
Seat 7: tadao577 folded before Flop
Seat 8: filipesr11 collected ($0.86)
Seat 9: CCE3415 folded before Flop (didn't bet)



PokerStars Hand #228251522485:  Hold'em No Limit ($0.01/$0.02 USD) - 2021/07/12 17:15:08 PT [2021/07/12 20:15:08 ET]
Table 'Vogtia III' 9-max Seat #2 is the button
Seat 1: giocata5 ($1.33 in chips) 
Seat 2: deileon ($2.75 in chips) 
Seat 4: facundo23 ($2 in chips) 
Seat 5: abobora33 ($2 in chips) 
Seat 6: Dorex2007 ($1.97 in chips) 
Seat 7: tadao577 ($1.63 in chips) 
Seat 8: filipesr11 ($2.58 in chips) 
facundo23: posts small blind $0.01
abobora33: posts big blind $0.02
o-polemarxos: sits out 
*** HOLE CARDS ***
Dealt to Dorex2007 [Kh 6c]
Dorex2007: folds 
tadao577: calls $0.02
filipesr11: raises $0.02 to $0.04
giocata5: folds 
deileon: folds 
facundo23: raises $0.12 to $0.16
abobora33: folds 
tadao577: folds 
filipesr11: folds 
Uncalled bet ($0.12) returned to facundo23
facundo23 collected $0.12 from pot
*** SUMMARY ***
Total pot $0.12 | Rake $0 
Seat 1: giocata5 folded before Flop (didn't bet)
Seat 2: deileon (button) folded before Flop (didn't bet)
Seat 4: facundo23 (small blind) collected ($0.12)
Seat 5: abobora33 (big blind) folded before Flop
Seat 6: Dorex2007 folded before Flop (didn't bet)
Seat 7: tadao577 folded before Flop
Seat 8: filipesr11 folded before Flop



PokerStars Hand #228251535699:  Hold'em No Limit ($0.01/$0.02 USD) - 2021/07/12 17:15:39 PT [2021/07/12 20:15:39 ET]
Table 'Vogtia III' 9-max Seat #4 is the button
Seat 1: giocata5 ($1.33 in chips) 
Seat 2: deileon ($2.75 in chips) 
Seat 4: facundo23 ($2.08 in chips) 
Seat 5: abobora33 ($1.98 in chips) 
Seat 6: Dorex2007 ($1.97 in chips) 
Seat 7: tadao577 ($1.61 in chips) 
Seat 8: filipesr11 ($2.54 in chips) 
abobora33: posts small blind $0.01
Dorex2007: posts big blind $0.02
o-polemarxos: sits out 
WeXx33: sits out 
*** HOLE CARDS ***
Dealt to Dorex2007 [6h 3d]
tadao577: calls $0.02
filipesr11: raises $0.04 to $0.06
giocata5: calls $0.06
deileon: folds 
facundo23: folds 
abobora33: folds 
Dorex2007: folds 
tadao577: folds 
*** FLOP *** [Ad 6d 4s]
filipesr11: bets $0.11
giocata5: folds 
Uncalled bet ($0.11) returned to filipesr11
filipesr11 collected $0.16 from pot
filipesr11: doesn't show hand 
*** SUMMARY ***
Total pot $0.17 | Rake $0.01 
Board [Ad 6d 4s]
Seat 1: giocata5 folded on the Flop
Seat 2: deileon folded before Flop (didn't bet)
Seat 4: facundo23 (button) folded before Flop (didn't bet)
Seat 5: abobora33 (small blind) folded before Flop
Seat 6: Dorex2007 (big blind) folded before Flop
Seat 7: tadao577 folded before Flop
Seat 8: filipesr11 collected ($0.16)



PokerStars Hand #228251543152:  Hold'em No Limit ($0.01/$0.02 USD) - 2021/07/12 17:16:08 PT [2021/07/12 20:16:08 ET]
Table 'Vogtia III' 9-max Seat #5 is the button
Seat 1: giocata5 ($1.27 in chips) 
Seat 2: deileon ($2.75 in chips) 
Seat 4: facundo23 ($2.08 in chips) 
Seat 5: abobora33 ($1.97 in chips) 
Seat 6: Dorex2007 ($1.95 in chips) 
Seat 7: tadao577 ($1.59 in chips) 
Seat 8: filipesr11 ($2.64 in chips) 
Dorex2007: posts small blind $0.01
tadao577: posts big blind $0.02
o-polemarxos: sits out 
WeXx33: sits out 
*** HOLE CARDS ***
Dealt to Dorex2007 [Jc 2d]
filipesr11: raises $0.04 to $0.06
giocata5: calls $0.06
deileon: folds 
facundo23: folds 
abobora33: folds 
Dorex2007: folds 
tadao577: calls $0.04
*** FLOP *** [Jd 7h 7d]
tadao577: checks 
filipesr11: bets $0.16
giocata5: folds 
tadao577: folds 
Uncalled bet ($0.16) returned to filipesr11
filipesr11 collected $0.18 from pot
filipesr11: doesn't show hand 
*** SUMMARY ***
Total pot $0.19 | Rake $0.01 
Board [Jd 7h 7d]
Seat 1: giocata5 folded on the Flop
Seat 2: deileon folded before Flop (didn't bet)
Seat 4: facundo23 folded before Flop (didn't bet)
Seat 5: abobora33 (button) folded before Flop (didn't bet)
Seat 6: Dorex2007 (small blind) folded before Flop
Seat 7: tadao577 (big blind) folded on the Flop
Seat 8: filipesr11 collected ($0.18)



PokerStars Hand #228251552978:  Hold'em No Limit ($0.01/$0.02 USD) - 2021/07/12 17:16:45 PT [2021/07/12 20:16:45 ET]
Table 'Vogtia III' 9-max Seat #6 is the button
Seat 1: giocata5 ($1.21 in chips) 
Seat 2: deileon ($2.75 in chips) 
Seat 4: facundo23 ($2.08 in chips) 
Seat 5: abobora33 ($1.97 in chips) 
Seat 6: Dorex2007 ($1.94 in chips) 
Seat 7: tadao577 ($1.53 in chips) 
Seat 8: filipesr11 ($2.76 in chips) 
tadao577: posts small blind $0.01
filipesr11: posts big blind $0.02
o-polemarxos: sits out 
WeXx33: sits out 
*** HOLE CARDS ***
Dealt to Dorex2007 [Ks Qh]
giocata5: folds 
deileon: folds 
facundo23 has timed out
facundo23: folds 
abobora33: folds 
Dorex2007: raises $0.04 to $0.06
tadao577: calls $0.05
filipesr11: calls $0.04
*** FLOP *** [6s 5c 7s]
tadao577: checks 
filipesr11: bets $0.11
Dorex2007: folds 
tadao577: folds 
Uncalled bet ($0.11) returned to filipesr11
filipesr11 collected $0.17 from pot
filipesr11: doesn't show hand 
*** SUMMARY ***
Total pot $0.18 | Rake $0.01 
Board [6s 5c 7s]
Seat 1: giocata5 folded before Flop (didn't bet)
Seat 2: deileon folded before Flop (didn't bet)
Seat 4: facundo23 folded before Flop (didn't bet)
Seat 5: abobora33 folded before Flop (didn't bet)
Seat 6: Dorex2007 (button) folded on the Flop
Seat 7: tadao577 (small blind) folded on the Flop
Seat 8: filipesr11 (big blind) collected ($0.17)



PokerStars Hand #228251564133:  Hold'em No Limit ($0.01/$0.02 USD) - 2021/07/12 17:17:28 PT [2021/07/12 20:17:28 ET]
Table 'Vogtia III' 9-max Seat #7 is the button
Seat 1: giocata5 ($1.21 in chips) 
Seat 2: deileon ($2.75 in chips) 
Seat 5: abobora33 ($1.97 in chips) 
Seat 6: Dorex2007 ($1.88 in chips) 
Seat 7: tadao577 ($1.47 in chips) 
Seat 8: filipesr11 ($2.87 in chips) 
Seat 9: o-polemarxos ($2 in chips) 
filipesr11: posts small blind $0.01
o-polemarxos: posts big blind $0.02
WeXx33: sits out 
*** HOLE CARDS ***
Dealt to Dorex2007 [Td 4h]
giocata5: raises $0.04 to $0.06
deileon: folds 
abobora33: folds 
Dorex2007: folds 
tadao577: calls $0.06
filipesr11: folds 
o-polemarxos: calls $0.04
*** FLOP *** [9h 4s 5s]
o-polemarxos: checks 
giocata5: bets $0.09
tadao577: folds 
o-polemarxos: calls $0.09
*** TURN *** [9h 4s 5s] [3d]
o-polemarxos: checks 
giocata5: bets $0.18
o-polemarxos: calls $0.18
*** RIVER *** [9h 4s 5s 3d] [9c]
o-polemarxos: checks 
giocata5: checks 
*** SHOW DOWN ***
o-polemarxos: shows [Ts As] (a pair of Nines)
giocata5: shows [Jh Ah] (a pair of Nines - Ace+Jack kicker)
giocata5 collected $0.70 from pot
*** SUMMARY ***
Total pot $0.73 | Rake $0.03 
Board [9h 4s 5s 3d 9c]
Seat 1: giocata5 showed [Jh Ah] and won ($0.70) with a pair of Nines
Seat 2: deileon folded before Flop (didn't bet)
Seat 5: abobora33 folded before Flop (didn't bet)
Seat 6: Dorex2007 folded before Flop (didn't bet)
Seat 7: tadao577 (button) folded on the Flop
Seat 8: filipesr11 (small blind) folded before Flop
Seat 9: o-polemarxos (big blind) showed [Ts As] and lost with a pair of Nines



PokerStars Hand #228251579525:  Hold'em No Limit ($0.01/$0.02 USD) - 2021/07/12 17:18:27 PT [2021/07/12 20:18:27 ET]
Table 'Vogtia III' 9-max Seat #8 is the button
Seat 1: giocata5 ($1.58 in chips) 
Seat 2: deileon ($2.75 in chips) 
Seat 5: abobora33 ($1.97 in chips) 
Seat 6: Dorex2007 ($1.88 in chips) 
Seat 7: tadao577 ($1.41 in chips) 
Seat 8: filipesr11 ($2.86 in chips) 
Seat 9: o-polemarxos ($2 in chips) 
o-polemarxos: posts small blind $0.01
giocata5: posts big blind $0.02
WeXx33: sits out 
*** HOLE CARDS ***
Dealt to Dorex2007 [4s Qd]
deileon: folds 
abobora33: folds 
abobora33 leaves the table
Dorex2007: folds 
tadao577: calls $0.02
Saitama_Fist joins the table at seat #5 
filipesr11: raises $0.04 to $0.06
o-polemarxos: folds 
giocata5: folds 
tadao577: calls $0.04
*** FLOP *** [8h Jd 3s]
tadao577: checks 
filipesr11: bets $0.07
tadao577: calls $0.07
*** TURN *** [8h Jd 3s] [Td]
tadao577: checks 
filipesr11: bets $0.20
tadao577: calls $0.20
*** RIVER *** [8h Jd 3s Td] [Ac]
tadao577: bets $0.10
filipesr11: raises $0.30 to $0.40
tadao577: folds 
Uncalled bet ($0.30) returned to filipesr11
filipesr11 collected $0.86 from pot
filipesr11: doesn't show hand 
*** SUMMARY ***
Total pot $0.89 | Rake $0.03 
Board [8h Jd 3s Td Ac]
Seat 1: giocata5 (big blind) folded before Flop
Seat 2: deileon folded before Flop (didn't bet)
Seat 5: abobora33 folded before Flop (didn't bet)
Seat 6: Dorex2007 folded before Flop (didn't bet)
Seat 7: tadao577 folded on the River
Seat 8: filipesr11 (button) collected ($0.86)
Seat 9: o-polemarxos (small blind) folded before Flop



PokerStars Hand #228251597721:  Hold'em No Limit ($0.01/$0.02 USD) - 2021/07/12 17:19:37 PT [2021/07/12 20:19:37 ET]
Table 'Vogtia III' 9-max Seat #9 is the button
Seat 1: giocata5 ($1.56 in chips) 
Seat 2: deileon ($2.75 in chips) 
Seat 6: Dorex2007 ($1.88 in chips) 
Seat 7: tadao577 ($0.98 in chips) 
Seat 8: filipesr11 ($3.29 in chips) 
Seat 9: o-polemarxos ($2 in chips) 
giocata5: posts small blind $0.01
deileon: posts big blind $0.02
WeXx33: sits out 
Saitama_Fist: sits out 
*** HOLE CARDS ***
Dealt to Dorex2007 [3s 6c]
Dorex2007: folds 
tadao577: folds 
filipesr11: folds 
o-polemarxos: folds 
giocata5: folds 
Uncalled bet ($0.01) returned to deileon
deileon collected $0.02 from pot
deileon: doesn't show hand 
*** SUMMARY ***
Total pot $0.02 | Rake $0 
Seat 1: giocata5 (small blind) folded before Flop
Seat 2: deileon (big blind) collected ($0.02)
Seat 6: Dorex2007 folded before Flop (didn't bet)
Seat 7: tadao577 folded before Flop (didn't bet)
Seat 8: filipesr11 folded before Flop (didn't bet)
Seat 9: o-polemarxos (button) folded before Flop (didn't bet)



PokerStars Hand #228251600564:  Hold'em No Limit ($0.01/$0.02 USD) - 2021/07/12 17:19:48 PT [2021/07/12 20:19:48 ET]
Table 'Vogtia III' 9-max Seat #1 is the button
Seat 1: giocata5 ($1.55 in chips) 
Seat 2: deileon ($2.76 in chips) 
Seat 3: WeXx33 ($2 in chips) 
Seat 6: Dorex2007 ($1.88 in chips) 
Seat 7: tadao577 ($0.98 in chips) 
Seat 9: o-polemarxos ($2 in chips) 
deileon: posts small blind $0.01
WeXx33: posts big blind $0.02
Saitama_Fist: sits out 
*** HOLE CARDS ***
Dealt to Dorex2007 [4h 5c]
Dorex2007: folds 
tadao577: folds 
o-polemarxos: raises $0.04 to $0.06
giocata5: folds 
deileon: folds 
filipesr11 leaves the table
WeXx33: folds 
Uncalled bet ($0.04) returned to o-polemarxos
o-polemarxos collected $0.05 from pot
o-polemarxos: doesn't show hand 
*** SUMMARY ***
Total pot $0.05 | Rake $0 
Seat 1: giocata5 (button) folded before Flop (didn't bet)
Seat 2: deileon (small blind) folded before Flop
Seat 3: WeXx33 (big blind) folded before Flop
Seat 6: Dorex2007 folded before Flop (didn't bet)
Seat 7: tadao577 folded before Flop (didn't bet)
Seat 9: o-polemarxos collected ($0.05)



PokerStars Hand #228251605953:  Hold'em No Limit ($0.01/$0.02 USD) - 2021/07/12 17:20:09 PT [2021/07/12 20:20:09 ET]
Table 'Vogtia III' 9-max Seat #2 is the button
Seat 1: giocata5 ($1.55 in chips) 
Seat 2: deileon ($2.75 in chips) 
Seat 3: WeXx33 ($2 in chips) 
Seat 5: Saitama_Fist ($2 in chips) 
Seat 6: Dorex2007 ($1.88 in chips) 
Seat 7: tadao577 ($0.98 in chips) 
Seat 9: o-polemarxos ($2.03 in chips) 
WeXx33: posts small blind $0.01
Saitama_Fist: posts big blind $0.02
*** HOLE CARDS ***
Dealt to Dorex2007 [Ad 2c]
Dorex2007: folds 
tadao577: folds 
o-polemarxos: folds 
giocata5: folds 
deileon: folds 
WeXx33: raises $0.04 to $0.06
Saitama_Fist: calls $0.04
*** FLOP *** [Qs 9c 3d]
WeXx33: bets $0.06
Saitama_Fist: folds 
Uncalled bet ($0.06) returned to WeXx33
WeXx33 collected $0.12 from pot
WeXx33: doesn't show hand 
*** SUMMARY ***
Total pot $0.12 | Rake $0 
Board [Qs 9c 3d]
Seat 1: giocata5 folded before Flop (didn't bet)
Seat 2: deileon (button) folded before Flop (didn't bet)
Seat 3: WeXx33 (small blind) collected ($0.12)
Seat 5: Saitama_Fist (big blind) folded on the Flop
Seat 6: Dorex2007 folded before Flop (didn't bet)
Seat 7: tadao577 folded before Flop (didn't bet)
Seat 9: o-polemarxos folded before Flop (didn't bet)



PokerStars Hand #228251618760:  Hold'em No Limit ($0.01/$0.02 USD) - 2021/07/12 17:20:59 PT [2021/07/12 20:20:59 ET]
Table 'Vogtia III' 9-max Seat #3 is the button
Seat 1: giocata5 ($1.55 in chips) 
Seat 2: deileon ($2.75 in chips) 
Seat 3: WeXx33 ($2.06 in chips) 
Seat 5: Saitama_Fist ($2 in chips) 
Seat 6: Dorex2007 ($1.88 in chips) 
Seat 7: tadao577 ($0.98 in chips) 
Seat 9: o-polemarxos ($2.03 in chips) 
Saitama_Fist: posts small blind $0.01
Dorex2007: posts big blind $0.02
*** HOLE CARDS ***
Dealt to Dorex2007 [9s Kh]
tadao577: calls $0.02
o-polemarxos: folds 
giocata5: folds 
deileon: raises $0.02 to $0.04
WeXx33: folds 
Saitama_Fist: calls $0.03
Dorex2007: folds 
tadao577: calls $0.02
*** FLOP *** [Kd 4c Jd]
Saitama_Fist: checks 
tadao577: checks 
Pepono101 joins the table at seat #8 
deileon: bets $0.07
Saitama_Fist: folds 
tadao577: calls $0.07
*** TURN *** [Kd 4c Jd] [6d]
tadao577: checks 
deileon: checks 
*** RIVER *** [Kd 4c Jd 6d] [4h]
tadao577: bets $0.08
deileon: raises $0.08 to $0.16
tadao577: calls $0.08
*** SHOW DOWN ***
deileon: shows [Jh Jc] (a full house, Jacks full of Fours)
tadao577: mucks hand 
deileon collected $0.58 from pot
*** SUMMARY ***
Total pot $0.60 | Rake $0.02 
Board [Kd 4c Jd 6d 4h]
Seat 1: giocata5 folded before Flop (didn't bet)
Seat 2: deileon showed [Jh Jc] and won ($0.58) with a full house, Jacks full of Fours
Seat 3: WeXx33 (button) folded before Flop (didn't bet)
Seat 5: Saitama_Fist (small blind) folded on the Flop
Seat 6: Dorex2007 (big blind) folded before Flop
Seat 7: tadao577 mucked [2c Ks]
Seat 9: o-polemarxos folded before Flop (didn't bet)



PokerStars Hand #228251639026:  Hold'em No Limit ($0.01/$0.02 USD) - 2021/07/12 17:22:17 PT [2021/07/12 20:22:17 ET]
Table 'Vogtia III' 9-max Seat #5 is the button
Seat 1: giocata5 ($1.55 in chips) 
Seat 2: deileon ($3.06 in chips) 
Seat 3: WeXx33 ($2.06 in chips) 
Seat 5: Saitama_Fist ($2 in chips) 
Seat 6: Dorex2007 ($1.86 in chips) 
Seat 7: tadao577 ($0.71 in chips) 
Seat 8: Pepono101 ($2 in chips) 
Seat 9: o-polemarxos ($2.03 in chips) 
Dorex2007: posts small blind $0.01
tadao577: posts big blind $0.02
Pepono101: posts big blind $0.02
facundo23: sits out 
*** HOLE CARDS ***
Dealt to Dorex2007 [8h Ac]
Pepono101: checks 
o-polemarxos: raises $0.04 to $0.06
giocata5: folds 
deileon: folds 
WeXx33: raises $0.12 to $0.18
Saitama_Fist: folds 
Dorex2007: folds 
tadao577: folds 
Pepono101: folds 
o-polemarxos: raises $0.46 to $0.64
WeXx33: raises $1.42 to $2.06 and is all-in
o-polemarxos: calls $1.39 and is all-in
Uncalled bet ($0.03) returned to WeXx33
*** FIRST FLOP *** [9c Jc Qc]
*** FIRST TURN *** [9c Jc Qc] [5c]
*** FIRST RIVER *** [9c Jc Qc 5c] [5h]
*** SECOND FLOP *** [Ts 4h 9s]
*** SECOND TURN *** [Ts 4h 9s] [Qd]
*** SECOND RIVER *** [Ts 4h 9s Qd] [3h]
*** FIRST SHOW DOWN ***
o-polemarxos: shows [Kh Kd] (two pair, Kings and Fives)
WeXx33: shows [As Kc] (a flush, King high)
WeXx33 collected $1.99 from pot
*** SECOND SHOW DOWN ***
o-polemarxos: shows [Kh Kd] (a pair of Kings)
WeXx33: shows [As Kc] (high card Ace)
o-polemarxos collected $1.98 from pot
*** SUMMARY ***
Total pot $4.11 | Rake $0.14 
Hand was run twice
FIRST Board [9c Jc Qc 5c 5h]
SECOND Board [Ts 4h 9s Qd 3h]
Seat 1: giocata5 folded before Flop (didn't bet)
Seat 2: deileon folded before Flop (didn't bet)
Seat 3: WeXx33 showed [As Kc] and won ($1.99) with a flush, King high, and lost with high card Ace
Seat 5: Saitama_Fist (button) folded before Flop (didn't bet)
Seat 6: Dorex2007 (small blind) folded before Flop
Seat 7: tadao577 (big blind) folded before Flop
Seat 8: Pepono101 folded before Flop (didn't bet)
Seat 9: o-polemarxos showed [Kh Kd] and lost with two pair, Kings and Fives, and won ($1.98) with a pair of Kings



PokerStars Hand #228251655170:  Hold'em No Limit ($0.01/$0.02 USD) - 2021/07/12 17:23:20 PT [2021/07/12 20:23:20 ET]
Table 'Vogtia III' 9-max Seat #6 is the button
Seat 1: giocata5 ($1.55 in chips) 
Seat 2: deileon ($3.06 in chips) 
Seat 3: WeXx33 ($2.02 in chips) 
Seat 5: Saitama_Fist ($2 in chips) 
Seat 6: Dorex2007 ($1.85 in chips) 
Seat 7: tadao577 ($0.69 in chips) 
Seat 8: Pepono101 ($1.98 in chips) 
Seat 9: o-polemarxos ($2 in chips) 
tadao577: posts small blind $0.01
Pepono101: posts big blind $0.02
facundo23: sits out 
*** HOLE CARDS ***
Dealt to Dorex2007 [8d Jh]
o-polemarxos: raises $0.04 to $0.06
giocata5: folds 
deileon: folds 
WeXx33: folds 
Saitama_Fist: folds 
Dorex2007: folds 
tadao577: folds 
Pepono101: folds 
Uncalled bet ($0.04) returned to o-polemarxos
o-polemarxos collected $0.05 from pot
o-polemarxos: doesn't show hand 
*** SUMMARY ***
Total pot $0.05 | Rake $0 
Seat 1: giocata5 folded before Flop (didn't bet)
Seat 2: deileon folded before Flop (didn't bet)
Seat 3: WeXx33 folded before Flop (didn't bet)
Seat 5: Saitama_Fist folded before Flop (didn't bet)
Seat 6: Dorex2007 (button) folded before Flop (didn't bet)
Seat 7: tadao577 (small blind) folded before Flop
Seat 8: Pepono101 (big blind) folded before Flop
Seat 9: o-polemarxos collected ($0.05)



PokerStars Hand #228251661641:  Hold'em No Limit ($0.01/$0.02 USD) - 2021/07/12 17:23:45 PT [2021/07/12 20:23:45 ET]
Table 'Vogtia III' 9-max Seat #7 is the button
Seat 1: giocata5 ($1.55 in chips) 
Seat 2: deileon ($3.06 in chips) 
Seat 3: WeXx33 ($2.02 in chips) 
Seat 5: Saitama_Fist ($2 in chips) 
Seat 6: Dorex2007 ($1.85 in chips) 
Seat 7: tadao577 ($0.68 in chips) 
Seat 8: Pepono101 ($1.96 in chips) 
Seat 9: o-polemarxos ($2.03 in chips) 
Pepono101: posts small blind $0.01
o-polemarxos: posts big blind $0.02
facundo23: sits out 
*** HOLE CARDS ***
Dealt to Dorex2007 [5s Ac]
giocata5: folds 
deileon: folds 
WeXx33: folds 
Saitama_Fist: folds 
Dorex2007: folds 
tadao577: calls $0.02
Pepono101: calls $0.01
o-polemarxos: checks 
*** FLOP *** [Kh 4h Ah]
Pepono101: checks 
o-polemarxos: bets $0.03
tadao577: folds 
Pepono101: folds 
Uncalled bet ($0.03) returned to o-polemarxos
o-polemarxos collected $0.06 from pot
o-polemarxos: doesn't show hand 
*** SUMMARY ***
Total pot $0.06 | Rake $0 
Board [Kh 4h Ah]
Seat 1: giocata5 folded before Flop (didn't bet)
Seat 2: deileon folded before Flop (didn't bet)
Seat 3: WeXx33 folded before Flop (didn't bet)
Seat 5: Saitama_Fist folded before Flop (didn't bet)
Seat 6: Dorex2007 folded before Flop (didn't bet)
Seat 7: tadao577 (button) folded on the Flop
Seat 8: Pepono101 (small blind) folded on the Flop
Seat 9: o-polemarxos (big blind) collected ($0.06)



PokerStars Hand #228251673736:  Hold'em No Limit ($0.01/$0.02 USD) - 2021/07/12 17:24:30 PT [2021/07/12 20:24:30 ET]
Table 'Vogtia III' 9-max Seat #8 is the button
Seat 1: giocata5 ($1.55 in chips) 
Seat 2: deileon ($3.06 in chips) 
Seat 3: WeXx33 ($2.02 in chips) 
Seat 5: Saitama_Fist ($2 in chips) 
Seat 6: Dorex2007 ($1.85 in chips) 
Seat 7: tadao577 ($0.66 in chips) 
Seat 8: Pepono101 ($1.94 in chips) 
Seat 9: o-polemarxos ($2.07 in chips) 
o-polemarxos: posts small blind $0.01
giocata5: posts big blind $0.02
facundo23: sits out 
*** HOLE CARDS ***
Dealt to Dorex2007 [4d 8s]
deileon: folds 
WeXx33: raises $0.04 to $0.06
Saitama_Fist: folds 
Dorex2007: folds 
tadao577: folds 
Pepono101: folds 
o-polemarxos: folds 
giocata5: folds 
Uncalled bet ($0.04) returned to WeXx33
WeXx33 collected $0.05 from pot
WeXx33: doesn't show hand 
*** SUMMARY ***
Total pot $0.05 | Rake $0 
Seat 1: giocata5 (big blind) folded before Flop
Seat 2: deileon folded before Flop (didn't bet)
Seat 3: WeXx33 collected ($0.05)
Seat 5: Saitama_Fist folded before Flop (didn't bet)
Seat 6: Dorex2007 folded before Flop (didn't bet)
Seat 7: tadao577 folded before Flop (didn't bet)
Seat 8: Pepono101 (button) folded before Flop (didn't bet)
Seat 9: o-polemarxos (small blind) folded before Flop



PokerStars Hand #228251678773:  Hold'em No Limit ($0.01/$0.02 USD) - 2021/07/12 17:24:50 PT [2021/07/12 20:24:50 ET]
Table 'Vogtia III' 9-max Seat #9 is the button
Seat 1: giocata5 ($1.53 in chips) 
Seat 2: deileon ($3.06 in chips) 
Seat 3: WeXx33 ($2.05 in chips) 
Seat 5: Saitama_Fist ($2 in chips) 
Seat 6: Dorex2007 ($1.85 in chips) 
Seat 7: tadao577 ($0.66 in chips) 
Seat 8: Pepono101 ($1.94 in chips) 
Seat 9: o-polemarxos ($2.06 in chips) 
giocata5: posts small blind $0.01
deileon: posts big blind $0.02
facundo23: sits out 
*** HOLE CARDS ***
Dealt to Dorex2007 [4d 6d]
WeXx33: folds 
Saitama_Fist: raises $0.04 to $0.06
Dorex2007: folds 
tadao577: folds 
Pepono101: folds 
o-polemarxos: folds 
giocata5: folds 
deileon: folds 
Uncalled bet ($0.04) returned to Saitama_Fist
Saitama_Fist collected $0.05 from pot
Saitama_Fist: doesn't show hand 
*** SUMMARY ***
Total pot $0.05 | Rake $0 
Seat 1: giocata5 (small blind) folded before Flop
Seat 2: deileon (big blind) folded before Flop
Seat 3: WeXx33 folded before Flop (didn't bet)
Seat 5: Saitama_Fist collected ($0.05)
Seat 6: Dorex2007 folded before Flop (didn't bet)
Seat 7: tadao577 folded before Flop (didn't bet)
Seat 8: Pepono101 folded before Flop (didn't bet)
Seat 9: o-polemarxos (button) folded before Flop (didn't bet)



PokerStars Hand #228251684072:  Hold'em No Limit ($0.01/$0.02 USD) - 2021/07/12 17:25:10 PT [2021/07/12 20:25:10 ET]
Table 'Vogtia III' 9-max Seat #1 is the button
Seat 1: giocata5 ($1.52 in chips) 
Seat 2: deileon ($3.04 in chips) 
Seat 3: WeXx33 ($2.05 in chips) 
Seat 5: Saitama_Fist ($2.03 in chips) 
Seat 6: Dorex2007 ($1.85 in chips) 
Seat 7: tadao577 ($0.66 in chips) 
Seat 8: Pepono101 ($1.94 in chips) 
Seat 9: o-polemarxos ($2.06 in chips) 
deileon: posts small blind $0.01
WeXx33: posts big blind $0.02
facundo23: sits out 
*** HOLE CARDS ***
Dealt to Dorex2007 [5d Js]
Saitama_Fist: folds 
Dorex2007: folds 
tadao577: calls $0.02
Pepono101: folds 
o-polemarxos: folds 
giocata5: folds 
deileon: folds 
WeXx33: checks 
*** FLOP *** [Tc 6c 7d]
WeXx33: bets $0.03
tadao577: folds 
Uncalled bet ($0.03) returned to WeXx33
WeXx33 collected $0.05 from pot
WeXx33: doesn't show hand 
*** SUMMARY ***
Total pot $0.05 | Rake $0 
Board [Tc 6c 7d]
Seat 1: giocata5 (button) folded before Flop (didn't bet)
Seat 2: deileon (small blind) folded before Flop
Seat 3: WeXx33 (big blind) collected ($0.05)
Seat 5: Saitama_Fist folded before Flop (didn't bet)
Seat 6: Dorex2007 folded before Flop (didn't bet)
Seat 7: tadao577 folded on the Flop
Seat 8: Pepono101 folded before Flop (didn't bet)
Seat 9: o-polemarxos folded before Flop (didn't bet)



PokerStars Hand #228251691126:  Hold'em No Limit ($0.01/$0.02 USD) - 2021/07/12 17:25:33 PT [2021/07/12 20:25:33 ET]
Table 'Vogtia III' 9-max Seat #2 is the button
Seat 1: giocata5 ($1.52 in chips) 
Seat 2: deileon ($3.03 in chips) 
Seat 3: WeXx33 ($2.08 in chips) 
Seat 4: facundo23 ($2.08 in chips) 
Seat 5: Saitama_Fist ($2.03 in chips) 
Seat 6: Dorex2007 ($1.85 in chips) 
Seat 7: tadao577 ($0.64 in chips) 
Seat 8: Pepono101 ($1.94 in chips) 
Seat 9: o-polemarxos ($2.06 in chips) 
WeXx33: posts small blind $0.01
facundo23: posts big blind $0.02
*** HOLE CARDS ***
Dealt to Dorex2007 [2c 8c]
Saitama_Fist: raises $0.04 to $0.06
Dorex2007: folds 
tadao577: folds 
Pepono101: folds 
o-polemarxos: folds 
giocata5: folds 
deileon: folds 
WeXx33: raises $0.12 to $0.18
facundo23: folds 
Saitama_Fist: folds 
Uncalled bet ($0.12) returned to WeXx33
WeXx33 collected $0.14 from pot
WeXx33: doesn't show hand 
*** SUMMARY ***
Total pot $0.14 | Rake $0 
Seat 1: giocata5 folded before Flop (didn't bet)
Seat 2: deileon (button) folded before Flop (didn't bet)
Seat 3: WeXx33 (small blind) collected ($0.14)
Seat 4: facundo23 (big blind) folded before Flop
Seat 5: Saitama_Fist folded before Flop
Seat 6: Dorex2007 folded before Flop (didn't bet)
Seat 7: tadao577 folded before Flop (didn't bet)
Seat 8: Pepono101 folded before Flop (didn't bet)
Seat 9: o-polemarxos folded before Flop (didn't bet)



PokerStars Hand #228251699508:  Hold'em No Limit ($0.01/$0.02 USD) - 2021/07/12 17:26:05 PT [2021/07/12 20:26:05 ET]
Table 'Vogtia III' 9-max Seat #3 is the button
Seat 1: giocata5 ($1.52 in chips) 
Seat 2: deileon ($3.03 in chips) 
Seat 3: WeXx33 ($2.16 in chips) 
Seat 4: facundo23 ($2.06 in chips) 
Seat 5: Saitama_Fist ($2 in chips) 
Seat 6: Dorex2007 ($1.85 in chips) 
Seat 7: tadao577 ($0.64 in chips) 
Seat 8: Pepono101 ($1.94 in chips) 
Seat 9: o-polemarxos ($2.06 in chips) 
facundo23: posts small blind $0.01
Saitama_Fist: posts big blind $0.02
*** HOLE CARDS ***
Dealt to Dorex2007 [3s 4h]
Dorex2007: folds 
tadao577: calls $0.02
Pepono101: folds 
o-polemarxos: folds 
giocata5: folds 
deileon: folds 
WeXx33: folds 
facundo23: folds 
Saitama_Fist: checks 
*** FLOP *** [3c 3h 4s]
Saitama_Fist: bets $0.04
tadao577: calls $0.04
*** TURN *** [3c 3h 4s] [7h]
Saitama_Fist: bets $0.08
tadao577: calls $0.08
*** RIVER *** [3c 3h 4s 7h] [5s]
Saitama_Fist: checks 
tadao577: bets $0.10
Saitama_Fist: folds 
Uncalled bet ($0.10) returned to tadao577
tadao577 collected $0.28 from pot
tadao577: doesn't show hand 
*** SUMMARY ***
Total pot $0.29 | Rake $0.01 
Board [3c 3h 4s 7h 5s]
Seat 1: giocata5 folded before Flop (didn't bet)
Seat 2: deileon folded before Flop (didn't bet)
Seat 3: WeXx33 (button) folded before Flop (didn't bet)
Seat 4: facundo23 (small blind) folded before Flop
Seat 5: Saitama_Fist (big blind) folded on the River
Seat 6: Dorex2007 folded before Flop (didn't bet)
Seat 7: tadao577 collected ($0.28)
Seat 8: Pepono101 folded before Flop (didn't bet)
Seat 9: o-polemarxos folded before Flop (didn't bet)



PokerStars Hand #228251715239:  Hold'em No Limit ($0.01/$0.02 USD) - 2021/07/12 17:27:07 PT [2021/07/12 20:27:07 ET]
Table 'Vogtia III' 9-max Seat #4 is the button
Seat 1: giocata5 ($1.52 in chips) 
Seat 2: deileon ($3.03 in chips) 
Seat 3: WeXx33 ($2.16 in chips) 
Seat 4: facundo23 ($2.05 in chips) 
Seat 5: Saitama_Fist ($2 in chips) 
Seat 6: Dorex2007 ($1.85 in chips) 
Seat 7: tadao577 ($0.78 in chips) 
Seat 8: Pepono101 ($1.94 in chips) 
Seat 9: o-polemarxos ($2.06 in chips) 
Saitama_Fist: posts small blind $0.01
Dorex2007: posts big blind $0.02
*** HOLE CARDS ***
Dealt to Dorex2007 [6d Jh]
tadao577: folds 
Pepono101: folds 
o-polemarxos: folds 
giocata5: folds 
deileon: folds 
WeXx33: raises $0.04 to $0.06
facundo23: raises $0.15 to $0.21
Saitama_Fist: folds 
Dorex2007: folds 
WeXx33: folds 
Uncalled bet ($0.15) returned to facundo23
facundo23 collected $0.15 from pot
*** SUMMARY ***
Total pot $0.15 | Rake $0 
Seat 1: giocata5 folded before Flop (didn't bet)
Seat 2: deileon folded before Flop (didn't bet)
Seat 3: WeXx33 folded before Flop
Seat 4: facundo23 (button) collected ($0.15)
Seat 5: Saitama_Fist (small blind) folded before Flop
Seat 6: Dorex2007 (big blind) folded before Flop
Seat 7: tadao577 folded before Flop (didn't bet)
Seat 8: Pepono101 folded before Flop (didn't bet)
Seat 9: o-polemarxos folded before Flop (didn't bet)



PokerStars Hand #228251723313:  Hold'em No Limit ($0.01/$0.02 USD) - 2021/07/12 17:27:39 PT [2021/07/12 20:27:39 ET]
Table 'Vogtia III' 9-max Seat #5 is the button
Seat 1: giocata5 ($1.52 in chips) 
Seat 2: deileon ($3.03 in chips) 
Seat 3: WeXx33 ($2.10 in chips) 
Seat 4: facundo23 ($2.14 in chips) 
Seat 5: Saitama_Fist ($2 in chips) 
Seat 6: Dorex2007 ($1.83 in chips) 
Seat 7: tadao577 ($0.78 in chips) 
Seat 8: Pepono101 ($1.94 in chips) 
Seat 9: o-polemarxos ($2.06 in chips) 
Dorex2007: posts small blind $0.01
tadao577: posts big blind $0.02
*** HOLE CARDS ***
Dealt to Dorex2007 [8h 7c]
Pepono101: folds 
o-polemarxos: raises $0.04 to $0.06
giocata5: folds 
deileon: folds 
WeXx33: folds 
facundo23: folds 
Saitama_Fist: folds 
Dorex2007: folds 
tadao577: calls $0.04
*** FLOP *** [Jh 2c 4h]
tadao577: bets $0.06
o-polemarxos: calls $0.06
*** TURN *** [Jh 2c 4h] [Th]
tadao577: bets $0.06
o-polemarxos: calls $0.06
*** RIVER *** [Jh 2c 4h Th] [8s]
tadao577: bets $0.06
o-polemarxos: calls $0.06
*** SHOW DOWN ***
tadao577: shows [2s 2h] (three of a kind, Deuces)
o-polemarxos: mucks hand 
tadao577 collected $0.47 from pot
*** SUMMARY ***
Total pot $0.49 | Rake $0.02 
Board [Jh 2c 4h Th 8s]
Seat 1: giocata5 folded before Flop (didn't bet)
Seat 2: deileon folded before Flop (didn't bet)
Seat 3: WeXx33 folded before Flop (didn't bet)
Seat 4: facundo23 folded before Flop (didn't bet)
Seat 5: Saitama_Fist (button) folded before Flop (didn't bet)
Seat 6: Dorex2007 (small blind) folded before Flop
Seat 7: tadao577 (big blind) showed [2s 2h] and won ($0.47) with three of a kind, Deuces
Seat 8: Pepono101 folded before Flop (didn't bet)
Seat 9: o-polemarxos mucked [Kh Ad]



PokerStars Hand #228251742987:  Hold'em No Limit ($0.01/$0.02 USD) - 2021/07/12 17:28:33 PT [2021/07/12 20:28:33 ET]
Table 'Vogtia III' 9-max Seat #6 is the button
Seat 1: giocata5 ($1.52 in chips) 
Seat 2: deileon ($3.03 in chips) 
Seat 3: WeXx33 ($2.10 in chips) 
Seat 4: facundo23 ($2.14 in chips) 
Seat 5: Saitama_Fist ($2 in chips) 
Seat 6: Dorex2007 ($1.82 in chips) 
Seat 7: tadao577 ($1.01 in chips) 
Seat 8: Pepono101 ($1.94 in chips) 
Seat 9: o-polemarxos ($2 in chips) 
tadao577: posts small blind $0.01
Pepono101: posts big blind $0.02
*** HOLE CARDS ***
Dealt to Dorex2007 [2h Ks]
o-polemarxos: raises $0.03 to $0.05
giocata5: folds 
deileon: folds 
WeXx33: folds 
facundo23: folds 
Saitama_Fist: folds 
Dorex2007: folds 
tadao577: folds 
Pepono101: folds 
Uncalled bet ($0.03) returned to o-polemarxos
o-polemarxos collected $0.05 from pot
o-polemarxos: doesn't show hand 
*** SUMMARY ***
Total pot $0.05 | Rake $0 
Seat 1: giocata5 folded before Flop (didn't bet)
Seat 2: deileon folded before Flop (didn't bet)
Seat 3: WeXx33 folded before Flop (didn't bet)
Seat 4: facundo23 folded before Flop (didn't bet)
Seat 5: Saitama_Fist folded before Flop (didn't bet)
Seat 6: Dorex2007 (button) folded before Flop (didn't bet)
Seat 7: tadao577 (small blind) folded before Flop
Seat 8: Pepono101 (big blind) folded before Flop
Seat 9: o-polemarxos collected ($0.05)



PokerStars Hand #228251748917:  Hold'em No Limit ($0.01/$0.02 USD) - 2021/07/12 17:28:56 PT [2021/07/12 20:28:56 ET]
Table 'Vogtia III' 9-max Seat #7 is the button
Seat 1: giocata5 ($1.52 in chips) 
Seat 2: deileon ($3.03 in chips) 
Seat 3: WeXx33 ($2.10 in chips) 
Seat 4: facundo23 ($2.14 in chips) 
Seat 5: Saitama_Fist ($2 in chips) 
Seat 6: Dorex2007 ($1.82 in chips) 
Seat 7: tadao577 ($1 in chips) 
Seat 8: Pepono101 ($1.92 in chips) 
Seat 9: o-polemarxos ($2.03 in chips) 
Pepono101: posts small blind $0.01
o-polemarxos: posts big blind $0.02
*** HOLE CARDS ***
Dealt to Dorex2007 [4d 3c]
giocata5: folds 
deileon: folds 
WeXx33: folds 
facundo23: folds 
Saitama_Fist: folds 
Dorex2007: folds 
tadao577: calls $0.02
Pepono101: calls $0.01
o-polemarxos: checks 
*** FLOP *** [6d Ad 5s]
Pepono101: checks 
o-polemarxos: checks 
tadao577: checks 
*** TURN *** [6d Ad 5s] [6s]
Pepono101: bets $0.06
o-polemarxos: folds 
tadao577: folds 
Uncalled bet ($0.06) returned to Pepono101
Pepono101 collected $0.06 from pot
Pepono101: doesn't show hand 
*** SUMMARY ***
Total pot $0.06 | Rake $0 
Board [6d Ad 5s 6s]
Seat 1: giocata5 folded before Flop (didn't bet)
Seat 2: deileon folded before Flop (didn't bet)
Seat 3: WeXx33 folded before Flop (didn't bet)
Seat 4: facundo23 folded before Flop (didn't bet)
Seat 5: Saitama_Fist folded before Flop (didn't bet)
Seat 6: Dorex2007 folded before Flop (didn't bet)
Seat 7: tadao577 (button) folded on the Turn
Seat 8: Pepono101 (small blind) collected ($0.06)
Seat 9: o-polemarxos (big blind) folded on the Turn



PokerStars Hand #228251759023:  Hold'em No Limit ($0.01/$0.02 USD) - 2021/07/12 17:29:36 PT [2021/07/12 20:29:36 ET]
Table 'Vogtia III' 9-max Seat #8 is the button
Seat 2: deileon ($3.03 in chips) 
Seat 3: WeXx33 ($2.10 in chips) 
Seat 4: facundo23 ($2.14 in chips) 
Seat 5: Saitama_Fist ($2 in chips) 
Seat 6: Dorex2007 ($1.82 in chips) 
Seat 7: tadao577 ($0.98 in chips) 
Seat 8: Pepono101 ($1.96 in chips) 
Seat 9: o-polemarxos ($2.01 in chips) 
o-polemarxos: posts small blind $0.01
giocata5: is sitting out 
deileon: posts big blind $0.02
*** HOLE CARDS ***
Dealt to Dorex2007 [Ad 8h]
WeXx33: folds 
facundo23 has timed out
facundo23: folds 
Saitama_Fist: folds 
Dorex2007: folds 
tadao577: calls $0.02
Pepono101: calls $0.02
o-polemarxos: folds 
deileon: checks 
*** FLOP *** [6c 7d 2c]
deileon: checks 
giocata5 leaves the table
tadao577: checks 
Pepono101: checks 
*** TURN *** [6c 7d 2c] [6h]
deileon: checks 
tadao577: checks 
Pepono101: checks 
*** RIVER *** [6c 7d 2c 6h] [2d]
okotokian1 joins the table at seat #1 
deileon: checks 
tadao577: checks 
Pepono101: bets $0.07
deileon: folds 
tadao577: folds 
Uncalled bet ($0.07) returned to Pepono101
Pepono101 collected $0.07 from pot
Pepono101: doesn't show hand 
*** SUMMARY ***
Total pot $0.07 | Rake $0 
Board [6c 7d 2c 6h 2d]
Seat 2: deileon (big blind) folded on the River
Seat 3: WeXx33 folded before Flop (didn't bet)
Seat 4: facundo23 folded before Flop (didn't bet)
Seat 5: Saitama_Fist folded before Flop (didn't bet)
Seat 6: Dorex2007 folded before Flop (didn't bet)
Seat 7: tadao577 folded on the River
Seat 8: Pepono101 (button) collected ($0.07)
Seat 9: o-polemarxos (small blind) folded before Flop



PokerStars Hand #228251775093:  Hold'em No Limit ($0.01/$0.02 USD) - 2021/07/12 17:30:40 PT [2021/07/12 20:30:40 ET]
Table 'Vogtia III' 9-max Seat #9 is the button
Seat 2: deileon ($3.01 in chips) 
Seat 3: WeXx33 ($2.10 in chips) 
Seat 4: facundo23 ($2.14 in chips) 
Seat 5: Saitama_Fist ($2 in chips) 
Seat 6: Dorex2007 ($1.82 in chips) 
Seat 7: tadao577 ($0.96 in chips) 
Seat 8: Pepono101 ($2.01 in chips) 
Seat 9: o-polemarxos ($2 in chips) 
deileon: posts small blind $0.01
WeXx33: posts big blind $0.02
*** HOLE CARDS ***
Dealt to Dorex2007 [5d 6s]
facundo23: folds 
Saitama_Fist: folds 
Dorex2007: folds 
tadao577: calls $0.02
Pepono101: calls $0.02
o-polemarxos: folds 
deileon: folds 
WeXx33: checks 
*** FLOP *** [7c Td 5h]
WeXx33: checks 
tadao577: checks 
Pepono101: bets $0.03
WeXx33: folds 
tadao577: folds 
Uncalled bet ($0.03) returned to Pepono101
Pepono101 collected $0.07 from pot
Pepono101: doesn't show hand 
*** SUMMARY ***
Total pot $0.07 | Rake $0 
Board [7c Td 5h]
Seat 2: deileon (small blind) folded before Flop
Seat 3: WeXx33 (big blind) folded on the Flop
Seat 4: facundo23 folded before Flop (didn't bet)
Seat 5: Saitama_Fist folded before Flop (didn't bet)
Seat 6: Dorex2007 folded before Flop (didn't bet)
Seat 7: tadao577 folded on the Flop
Seat 8: Pepono101 collected ($0.07)
Seat 9: o-polemarxos (button) folded before Flop (didn't bet)



PokerStars Hand #228251784071:  Hold'em No Limit ($0.01/$0.02 USD) - 2021/07/12 17:31:16 PT [2021/07/12 20:31:16 ET]
Table 'Vogtia III' 9-max Seat #2 is the button
Seat 2: deileon ($3 in chips) 
Seat 3: WeXx33 ($2.08 in chips) 
Seat 4: facundo23 ($2.14 in chips) 
Seat 5: Saitama_Fist ($2 in chips) 
Seat 6: Dorex2007 ($1.82 in chips) 
Seat 7: tadao577 ($0.94 in chips) 
Seat 8: Pepono101 ($2.06 in chips) 
Seat 9: o-polemarxos ($2 in chips) 
WeXx33: posts small blind $0.01
facundo23: posts big blind $0.02
okotokian1: sits out 
*** HOLE CARDS ***
Dealt to Dorex2007 [4d As]
Saitama_Fist: folds 
Dorex2007: folds 
tadao577: calls $0.02
Pepono101: folds 
o-polemarxos: raises $0.05 to $0.07
deileon: folds 
WeXx33: folds 
facundo23: folds 
tadao577: folds 
Uncalled bet ($0.05) returned to o-polemarxos
o-polemarxos collected $0.07 from pot
o-polemarxos: doesn't show hand 
*** SUMMARY ***
Total pot $0.07 | Rake $0 
Seat 2: deileon (button) folded before Flop (didn't bet)
Seat 3: WeXx33 (small blind) folded before Flop
Seat 4: facundo23 (big blind) folded before Flop
Seat 5: Saitama_Fist folded before Flop (didn't bet)
Seat 6: Dorex2007 folded before Flop (didn't bet)
Seat 7: tadao577 folded before Flop
Seat 8: Pepono101 folded before Flop (didn't bet)
Seat 9: o-polemarxos collected ($0.07)



PokerStars Hand #228251792134:  Hold'em No Limit ($0.01/$0.02 USD) - 2021/07/12 17:31:48 PT [2021/07/12 20:31:48 ET]
Table 'Vogtia III' 9-max Seat #3 is the button
Seat 2: deileon ($3 in chips) 
Seat 3: WeXx33 ($2.07 in chips) 
Seat 4: facundo23 ($2.12 in chips) 
Seat 5: Saitama_Fist ($2 in chips) 
Seat 6: Dorex2007 ($1.82 in chips) 
Seat 7: tadao577 ($0.92 in chips) 
Seat 8: Pepono101 ($2.06 in chips) 
Seat 9: o-polemarxos ($2.05 in chips) 
facundo23: posts small blind $0.01
Saitama_Fist: posts big blind $0.02
okotokian1: sits out 
*** HOLE CARDS ***
Dealt to Dorex2007 [Ts Kc]
Dorex2007: folds 
Pepono101 is disconnected 
tadao577: folds 
Pepono101 has timed out while disconnected
Pepono101: folds 
o-polemarxos: folds 
deileon: folds 
WeXx33: raises $0.04 to $0.06
facundo23: folds 
Saitama_Fist: folds 
Uncalled bet ($0.04) returned to WeXx33
WeXx33 collected $0.05 from pot
WeXx33: doesn't show hand 
*** SUMMARY ***
Total pot $0.05 | Rake $0 
Seat 2: deileon folded before Flop (didn't bet)
Seat 3: WeXx33 (button) collected ($0.05)
Seat 4: facundo23 (small blind) folded before Flop
Seat 5: Saitama_Fist (big blind) folded before Flop
Seat 6: Dorex2007 folded before Flop (didn't bet)
Seat 7: tadao577 folded before Flop (didn't bet)
Seat 8: Pepono101 folded before Flop (didn't bet)
Seat 9: o-polemarxos folded before Flop (didn't bet)



PokerStars Hand #228251799783:  Hold'em No Limit ($0.01/$0.02 USD) - 2021/07/12 17:32:18 PT [2021/07/12 20:32:18 ET]
Table 'Vogtia III' 9-max Seat #4 is the button
Seat 2: deileon ($3 in chips) 
Seat 3: WeXx33 ($2.10 in chips) 
Seat 4: facundo23 ($2.11 in chips) 
Seat 5: Saitama_Fist ($2 in chips) 
Seat 6: Dorex2007 ($1.82 in chips) 
Seat 7: tadao577 ($0.92 in chips) 
Seat 9: o-polemarxos ($2.05 in chips) 
Saitama_Fist: posts small blind $0.01
Dorex2007: posts big blind $0.02
okotokian1: sits out 
*** HOLE CARDS ***
Dealt to Dorex2007 [Tc 2c]
tadao577: folds 
o-polemarxos: folds 
deileon: folds 
WeXx33: folds 
facundo23: raises $0.04 to $0.06
Saitama_Fist: folds 
Dorex2007: folds 
Uncalled bet ($0.04) returned to facundo23
facundo23 collected $0.05 from pot
*** SUMMARY ***
Total pot $0.05 | Rake $0 
Seat 2: deileon folded before Flop (didn't bet)
Seat 3: WeXx33 folded before Flop (didn't bet)
Seat 4: facundo23 (button) collected ($0.05)
Seat 5: Saitama_Fist (small blind) folded before Flop
Seat 6: Dorex2007 (big blind) folded before Flop
Seat 7: tadao577 folded before Flop (didn't bet)
Seat 9: o-polemarxos folded before Flop (didn't bet)



PokerStars Hand #228251804030:  Hold'em No Limit ($0.01/$0.02 USD) - 2021/07/12 17:32:35 PT [2021/07/12 20:32:35 ET]
Table 'Vogtia III' 9-max Seat #5 is the button
Seat 2: deileon ($3 in chips) 
Seat 3: WeXx33 ($2.10 in chips) 
Seat 4: facundo23 ($2.14 in chips) 
Seat 5: Saitama_Fist ($2 in chips) 
Seat 6: Dorex2007 ($1.80 in chips) 
Seat 7: tadao577 ($0.92 in chips) 
Seat 9: o-polemarxos ($2.05 in chips) 
Dorex2007: posts small blind $0.01
tadao577: posts big blind $0.02
okotokian1: sits out 
*** HOLE CARDS ***
Dealt to Dorex2007 [6d Qc]
o-polemarxos: folds 
deileon: folds 
WeXx33: folds 
facundo23: folds 
Saitama_Fist: raises $0.04 to $0.06
Dorex2007: folds 
tadao577: folds 
Uncalled bet ($0.04) returned to Saitama_Fist
Saitama_Fist collected $0.05 from pot
Saitama_Fist: doesn't show hand 
*** SUMMARY ***
Total pot $0.05 | Rake $0 
Seat 2: deileon folded before Flop (didn't bet)
Seat 3: WeXx33 folded before Flop (didn't bet)
Seat 4: facundo23 folded before Flop (didn't bet)
Seat 5: Saitama_Fist (button) collected ($0.05)
Seat 6: Dorex2007 (small blind) folded before Flop
Seat 7: tadao577 (big blind) folded before Flop
Seat 9: o-polemarxos folded before Flop (didn't bet)



PokerStars Hand #228251808244:  Hold'em No Limit ($0.01/$0.02 USD) - 2021/07/12 17:32:52 PT [2021/07/12 20:32:52 ET]
Table 'Vogtia III' 9-max Seat #6 is the button
Seat 2: deileon ($3 in chips) 
Seat 3: WeXx33 ($2.10 in chips) 
Seat 4: facundo23 ($2.14 in chips) 
Seat 5: Saitama_Fist ($2.03 in chips) 
Seat 6: Dorex2007 ($1.79 in chips) 
Seat 7: tadao577 ($0.90 in chips) 
Seat 9: o-polemarxos ($2.05 in chips) 
tadao577: posts small blind $0.01
o-polemarxos: posts big blind $0.02
okotokian1: sits out 
*** HOLE CARDS ***
Dealt to Dorex2007 [6d Jh]
deileon: folds 
WeXx33: folds 
facundo23: folds 
Saitama_Fist: folds 
Dorex2007: folds 
tadao577: calls $0.01
o-polemarxos: checks 
*** FLOP *** [Th 6s Kh]
tadao577: checks 
o-polemarxos: checks 
*** TURN *** [Th 6s Kh] [3d]
tadao577: checks 
o-polemarxos: checks 
*** RIVER *** [Th 6s Kh 3d] [5c]
tadao577: checks 
o-polemarxos: bets $0.02
tadao577: folds 
Uncalled bet ($0.02) returned to o-polemarxos
o-polemarxos collected $0.04 from pot
o-polemarxos: doesn't show hand 
*** SUMMARY ***
Total pot $0.04 | Rake $0 
Board [Th 6s Kh 3d 5c]
Seat 2: deileon folded before Flop (didn't bet)
Seat 3: WeXx33 folded before Flop (didn't bet)
Seat 4: facundo23 folded before Flop (didn't bet)
Seat 5: Saitama_Fist folded before Flop (didn't bet)
Seat 6: Dorex2007 (button) folded before Flop (didn't bet)
Seat 7: tadao577 (small blind) folded on the River
Seat 9: o-polemarxos (big blind) collected ($0.04)



PokerStars Hand #228251819380:  Hold'em No Limit ($0.01/$0.02 USD) - 2021/07/12 17:33:36 PT [2021/07/12 20:33:36 ET]
Table 'Vogtia III' 9-max Seat #7 is the button
Seat 1: okotokian1 ($2 in chips) 
Seat 2: deileon ($3 in chips) 
Seat 3: WeXx33 ($2.10 in chips) 
Seat 4: facundo23 ($2.14 in chips) 
Seat 5: Saitama_Fist ($2.03 in chips) 
Seat 6: Dorex2007 ($1.79 in chips) 
Seat 7: tadao577 ($0.88 in chips) 
Seat 9: o-polemarxos ($2.07 in chips) 
o-polemarxos: posts small blind $0.01
okotokian1: posts big blind $0.02
*** HOLE CARDS ***
Dealt to Dorex2007 [6h Jc]
deileon: calls $0.02
WeXx33: folds 
facundo23: folds 
Saitama_Fist: folds 
Dorex2007: folds 
tadao577: calls $0.02
o-polemarxos: calls $0.01
okotokian1: checks 
*** FLOP *** [7s 5d Ts]
o-polemarxos: checks 
okotokian1: checks 
deileon: checks 
tadao577: bets $0.04
o-polemarxos: folds 
okotokian1: calls $0.04
deileon: calls $0.04
*** TURN *** [7s 5d Ts] [3d]
okotokian1: checks 
deileon: checks 
tadao577: bets $0.06
okotokian1: folds 
deileon: calls $0.06
*** RIVER *** [7s 5d Ts 3d] [6d]
deileon: checks 
tadao577: checks 
*** SHOW DOWN ***
deileon: shows [Ah As] (a pair of Aces)
tadao577: mucks hand 
deileon collected $0.31 from pot
*** SUMMARY ***
Total pot $0.32 | Rake $0.01 
Board [7s 5d Ts 3d 6d]
Seat 1: okotokian1 (big blind) folded on the Turn
Seat 2: deileon showed [Ah As] and won ($0.31) with a pair of Aces
Seat 3: WeXx33 folded before Flop (didn't bet)
Seat 4: facundo23 folded before Flop (didn't bet)
Seat 5: Saitama_Fist folded before Flop (didn't bet)
Seat 6: Dorex2007 folded before Flop (didn't bet)
Seat 7: tadao577 (button) mucked [Th 9d]
Seat 9: o-polemarxos (small blind) folded on the Flop



PokerStars Hand #228251839951:  Hold'em No Limit ($0.01/$0.02 USD) - 2021/07/12 17:34:52 PT [2021/07/12 20:34:52 ET]
Table 'Vogtia III' 9-max Seat #9 is the button
Seat 1: okotokian1 ($2 in chips) 
Seat 2: deileon ($3.19 in chips) 
Seat 3: WeXx33 ($2.10 in chips) 
Seat 4: facundo23 ($2.14 in chips) 
Seat 5: Saitama_Fist ($2.03 in chips) 
Seat 6: Dorex2007 ($1.79 in chips) 
Seat 7: tadao577 ($0.76 in chips) 
Seat 8: Pepono101 ($2.06 in chips) 
Seat 9: o-polemarxos ($2.05 in chips) 
okotokian1: posts small blind $0.01
deileon: posts big blind $0.02
Pepono101: posts small & big blinds $0.03
*** HOLE CARDS ***
Dealt to Dorex2007 [6c 5h]
WeXx33 has timed out
WeXx33: folds 
facundo23: folds 
Saitama_Fist: folds 
Dorex2007: folds 
tadao577: calls $0.02
Pepono101: checks 
o-polemarxos: folds 
okotokian1: folds 
deileon: checks 
*** FLOP *** [As Ah Tc]
deileon: checks 
tadao577: bets $0.06
Pepono101: folds 
deileon: folds 
Uncalled bet ($0.06) returned to tadao577
tadao577 collected $0.08 from pot
tadao577: doesn't show hand 
*** SUMMARY ***
Total pot $0.08 | Rake $0 
Board [As Ah Tc]
Seat 1: okotokian1 (small blind) folded before Flop
Seat 2: deileon (big blind) folded on the Flop
Seat 3: WeXx33 folded before Flop (didn't bet)
Seat 4: facundo23 folded before Flop (didn't bet)
Seat 5: Saitama_Fist folded before Flop (didn't bet)
Seat 6: Dorex2007 folded before Flop (didn't bet)
Seat 7: tadao577 collected ($0.08)
Seat 8: Pepono101 folded on the Flop (didn't bet)
Seat 9: o-polemarxos (button) folded before Flop (didn't bet)



PokerStars Hand #228251854068:  Hold'em No Limit ($0.01/$0.02 USD) - 2021/07/12 17:35:47 PT [2021/07/12 20:35:47 ET]
Table 'Vogtia III' 9-max Seat #1 is the button
Seat 1: okotokian1 ($2 in chips) 
Seat 2: deileon ($3.17 in chips) 
Seat 3: WeXx33 ($2.10 in chips) 
Seat 4: facundo23 ($2.14 in chips) 
Seat 5: Saitama_Fist ($2.03 in chips) 
Seat 6: Dorex2007 ($1.79 in chips) 
Seat 7: tadao577 ($0.82 in chips) 
Seat 8: Pepono101 ($2.03 in chips) 
Seat 9: o-polemarxos ($2.05 in chips) 
deileon: posts small blind $0.01
WeXx33: posts big blind $0.02
*** HOLE CARDS ***
Dealt to Dorex2007 [6h Kd]
facundo23: folds 
Saitama_Fist: folds 
Dorex2007: folds 
tadao577: calls $0.02
Pepono101: folds 
o-polemarxos: folds 
okotokian1: folds 
deileon: folds 
WeXx33: checks 
*** FLOP *** [6d 4c 5d]
WeXx33: checks 
tadao577: checks 
*** TURN *** [6d 4c 5d] [As]
WeXx33: checks 
tadao577: bets $0.06
WeXx33: calls $0.06
*** RIVER *** [6d 4c 5d As] [5c]
WeXx33: checks 
tadao577: checks 
*** SHOW DOWN ***
WeXx33: shows [8s 4s] (two pair, Fives and Fours)
tadao577: mucks hand 
WeXx33 collected $0.16 from pot
*** SUMMARY ***
Total pot $0.17 | Rake $0.01 
Board [6d 4c 5d As 5c]
Seat 1: okotokian1 (button) folded before Flop (didn't bet)
Seat 2: deileon (small blind) folded before Flop
Seat 3: WeXx33 (big blind) showed [8s 4s] and won ($0.16) with two pair, Fives and Fours
Seat 4: facundo23 folded before Flop (didn't bet)
Seat 5: Saitama_Fist folded before Flop (didn't bet)
Seat 6: Dorex2007 folded before Flop (didn't bet)
Seat 7: tadao577 mucked [7h 9h]
Seat 8: Pepono101 folded before Flop (didn't bet)
Seat 9: o-polemarxos folded before Flop (didn't bet)



PokerStars Hand #228251867260:  Hold'em No Limit ($0.01/$0.02 USD) - 2021/07/12 17:36:39 PT [2021/07/12 20:36:39 ET]
Table 'Vogtia III' 9-max Seat #2 is the button
Seat 1: okotokian1 ($2 in chips) 
Seat 2: deileon ($3.16 in chips) 
Seat 3: WeXx33 ($2.18 in chips) 
Seat 4: facundo23 ($2.14 in chips) 
Seat 5: Saitama_Fist ($2.03 in chips) 
Seat 6: Dorex2007 ($1.79 in chips) 
Seat 7: tadao577 ($0.74 in chips) 
Seat 8: Pepono101 ($2.03 in chips) 
Seat 9: o-polemarxos ($2.05 in chips) 
WeXx33: posts small blind $0.01
facundo23: posts big blind $0.02
*** HOLE CARDS ***
Dealt to Dorex2007 [Jc 7d]
Saitama_Fist: folds 
Dorex2007: folds 
tadao577: calls $0.02
Pepono101: calls $0.02
o-polemarxos: raises $0.06 to $0.08
okotokian1: calls $0.08
deileon: folds 
WeXx33: folds 
facundo23: folds 
tadao577: folds 
Pepono101: folds 
*** FLOP *** [8s 6d 5d]
o-polemarxos: bets $0.15
okotokian1: folds 
Uncalled bet ($0.15) returned to o-polemarxos
o-polemarxos collected $0.22 from pot
o-polemarxos: doesn't show hand 
*** SUMMARY ***
Total pot $0.23 | Rake $0.01 
Board [8s 6d 5d]
Seat 1: okotokian1 folded on the Flop
Seat 2: deileon (button) folded before Flop (didn't bet)
Seat 3: WeXx33 (small blind) folded before Flop
Seat 4: facundo23 (big blind) folded before Flop
Seat 5: Saitama_Fist folded before Flop (didn't bet)
Seat 6: Dorex2007 folded before Flop (didn't bet)
Seat 7: tadao577 folded before Flop
Seat 8: Pepono101 folded before Flop
Seat 9: o-polemarxos collected ($0.22)



PokerStars Hand #228251878853:  Hold'em No Limit ($0.01/$0.02 USD) - 2021/07/12 17:37:25 PT [2021/07/12 20:37:25 ET]
Table 'Vogtia III' 9-max Seat #3 is the button
Seat 1: okotokian1 ($2 in chips) 
Seat 2: deileon ($3.16 in chips) 
Seat 3: WeXx33 ($2.17 in chips) 
Seat 4: facundo23 ($2.12 in chips) 
Seat 5: Saitama_Fist ($2.03 in chips) 
Seat 6: Dorex2007 ($1.79 in chips) 
Seat 7: tadao577 ($0.72 in chips) 
Seat 8: Pepono101 ($2.01 in chips) 
Seat 9: o-polemarxos ($2.19 in chips) 
facundo23: posts small blind $0.01
Saitama_Fist: posts big blind $0.02
*** HOLE CARDS ***
Dealt to Dorex2007 [9s 4s]
Dorex2007: folds 
tadao577: calls $0.02
Pepono101 has timed out
Pepono101: folds 
o-polemarxos: folds 
okotokian1: folds 
deileon: folds 
WeXx33: folds 
facundo23: folds 
Saitama_Fist: checks 
*** FLOP *** [7h 4h 5s]
Saitama_Fist: checks 
tadao577: checks 
*** TURN *** [7h 4h 5s] [6d]
Saitama_Fist: checks 
tadao577: checks 
*** RIVER *** [7h 4h 5s 6d] [2d]
Saitama_Fist: checks 
tadao577: checks 
*** SHOW DOWN ***
Saitama_Fist: shows [Ah 6c] (a pair of Sixes)
tadao577: mucks hand 
Saitama_Fist collected $0.05 from pot
*** SUMMARY ***
Total pot $0.05 | Rake $0 
Board [7h 4h 5s 6d 2d]
Seat 1: okotokian1 folded before Flop (didn't bet)
Seat 2: deileon folded before Flop (didn't bet)
Seat 3: WeXx33 (button) folded before Flop (didn't bet)
Seat 4: facundo23 (small blind) folded before Flop
Seat 5: Saitama_Fist (big blind) showed [Ah 6c] and won ($0.05) with a pair of Sixes
Seat 6: Dorex2007 folded before Flop (didn't bet)
Seat 7: tadao577 mucked [5c Tc]
Seat 8: Pepono101 folded before Flop (didn't bet)
Seat 9: o-polemarxos folded before Flop (didn't bet)



PokerStars Hand #228251910084:  Hold'em No Limit ($0.01/$0.02 USD) - 2021/07/12 17:38:18 PT [2021/07/12 20:38:18 ET]
Table 'Vogtia III' 9-max Seat #4 is the button
Seat 1: okotokian1 ($2 in chips) 
Seat 2: deileon ($3.16 in chips) 
Seat 3: WeXx33 ($2.17 in chips) 
Seat 4: facundo23 ($2.11 in chips) 
Seat 5: Saitama_Fist ($2.06 in chips) 
Seat 6: Dorex2007 ($1.79 in chips) 
Seat 7: tadao577 ($0.70 in chips) 
Seat 8: Pepono101 ($2.01 in chips) 
Seat 9: o-polemarxos ($2.19 in chips) 
Saitama_Fist: posts small blind $0.01
Dorex2007: posts big blind $0.02
*** HOLE CARDS ***
Dealt to Dorex2007 [Ah 3h]
tadao577: calls $0.02
Pepono101: folds 
o-polemarxos: folds 
okotokian1: folds 
deileon: folds 
WeXx33: folds 
facundo23: folds 
Saitama_Fist: folds 
Dorex2007: checks 
*** FLOP *** [5h 4d 8c]
Dorex2007: checks 
tadao577: bets $0.04
Dorex2007: calls $0.04
*** TURN *** [5h 4d 8c] [Jh]
Dorex2007: checks 
tadao577: checks 
*** RIVER *** [5h 4d 8c Jh] [2c]
Dorex2007: bets $0.20
tadao577: folds 
Uncalled bet ($0.20) returned to Dorex2007
Dorex2007 collected $0.13 from pot
Dorex2007: doesn't show hand 
*** SUMMARY ***
Total pot $0.13 | Rake $0 
Board [5h 4d 8c Jh 2c]
Seat 1: okotokian1 folded before Flop (didn't bet)
Seat 2: deileon folded before Flop (didn't bet)
Seat 3: WeXx33 folded before Flop (didn't bet)
Seat 4: facundo23 (button) folded before Flop (didn't bet)
Seat 5: Saitama_Fist (small blind) folded before Flop
Seat 6: Dorex2007 (big blind) collected ($0.13)
Seat 7: tadao577 folded on the River
Seat 8: Pepono101 folded before Flop (didn't bet)
Seat 9: o-polemarxos folded before Flop (didn't bet)



PokerStars Hand #228251926333:  Hold'em No Limit ($0.01/$0.02 USD) - 2021/07/12 17:39:08 PT [2021/07/12 20:39:08 ET]
Table 'Vogtia III' 9-max Seat #5 is the button
Seat 1: okotokian1 ($2 in chips) 
Seat 2: deileon ($3.16 in chips) 
Seat 3: WeXx33 ($2.17 in chips) 
Seat 4: facundo23 ($2.11 in chips) 
Seat 5: Saitama_Fist ($2.05 in chips) 
Seat 6: Dorex2007 ($1.86 in chips) 
Seat 7: tadao577 ($0.64 in chips) 
Seat 8: Pepono101 ($2.01 in chips) 
Seat 9: o-polemarxos ($2.19 in chips) 
Dorex2007: posts small blind $0.01
tadao577: posts big blind $0.02
*** HOLE CARDS ***
Dealt to Dorex2007 [Jh Kc]
Pepono101: folds 
o-polemarxos: folds 
okotokian1: calls $0.02
deileon: folds 
WeXx33: raises $0.08 to $0.10
facundo23: folds 
Saitama_Fist: folds 
Dorex2007: folds 
tadao577: folds 
okotokian1: folds 
Uncalled bet ($0.08) returned to WeXx33
WeXx33 collected $0.07 from pot
WeXx33: doesn't show hand 
*** SUMMARY ***
Total pot $0.07 | Rake $0 
Seat 1: okotokian1 folded before Flop
Seat 2: deileon folded before Flop (didn't bet)
Seat 3: WeXx33 collected ($0.07)
Seat 4: facundo23 folded before Flop (didn't bet)
Seat 5: Saitama_Fist (button) folded before Flop (didn't bet)
Seat 6: Dorex2007 (small blind) folded before Flop
Seat 7: tadao577 (big blind) folded before Flop
Seat 8: Pepono101 folded before Flop (didn't bet)
Seat 9: o-polemarxos folded before Flop (didn't bet)



PokerStars Hand #228251932557:  Hold'em No Limit ($0.01/$0.02 USD) - 2021/07/12 17:39:33 PT [2021/07/12 20:39:33 ET]
Table 'Vogtia III' 9-max Seat #6 is the button
Seat 1: okotokian1 ($2 in chips) 
Seat 2: deileon ($3.16 in chips) 
Seat 3: WeXx33 ($2.22 in chips) 
Seat 4: facundo23 ($2.11 in chips) 
Seat 5: Saitama_Fist ($2.05 in chips) 
Seat 6: Dorex2007 ($1.85 in chips) 
Seat 7: tadao577 ($0.62 in chips) 
Seat 8: Pepono101 ($2.01 in chips) 
Seat 9: o-polemarxos ($2.19 in chips) 
tadao577: posts small blind $0.01
Pepono101: posts big blind $0.02
*** HOLE CARDS ***
Dealt to Dorex2007 [9s 4h]
o-polemarxos: folds 
okotokian1: folds 
deileon: folds 
WeXx33: folds 
facundo23: folds 
Saitama_Fist: folds 
Dorex2007: folds 
tadao577: calls $0.01
Pepono101: checks 
*** FLOP *** [Qc 7d Jc]
tadao577: bets $0.04
Pepono101: folds 
Uncalled bet ($0.04) returned to tadao577
tadao577 collected $0.04 from pot
tadao577: doesn't show hand 
*** SUMMARY ***
Total pot $0.04 | Rake $0 
Board [Qc 7d Jc]
Seat 1: okotokian1 folded before Flop (didn't bet)
Seat 2: deileon folded before Flop (didn't bet)
Seat 3: WeXx33 folded before Flop (didn't bet)
Seat 4: facundo23 folded before Flop (didn't bet)
Seat 5: Saitama_Fist folded before Flop (didn't bet)
Seat 6: Dorex2007 (button) folded before Flop (didn't bet)
Seat 7: tadao577 (small blind) collected ($0.04)
Seat 8: Pepono101 (big blind) folded on the Flop
Seat 9: o-polemarxos folded before Flop (didn't bet)



PokerStars Hand #228251941048:  Hold'em No Limit ($0.01/$0.02 USD) - 2021/07/12 17:40:07 PT [2021/07/12 20:40:07 ET]
Table 'Vogtia III' 9-max Seat #7 is the button
Seat 1: okotokian1 ($2 in chips) 
Seat 2: deileon ($3.16 in chips) 
Seat 3: WeXx33 ($2.22 in chips) 
Seat 4: facundo23 ($2.11 in chips) 
Seat 5: Saitama_Fist ($2.05 in chips) 
Seat 6: Dorex2007 ($1.85 in chips) 
Seat 7: tadao577 ($0.64 in chips) 
Seat 8: Pepono101 ($1.99 in chips) 
Seat 9: o-polemarxos ($2.19 in chips) 
Pepono101: posts small blind $0.01
o-polemarxos: posts big blind $0.02
*** HOLE CARDS ***
Dealt to Dorex2007 [Qc Ks]
okotokian1: folds 
deileon: folds 
WeXx33: folds 
facundo23: folds 
Saitama_Fist: folds 
Dorex2007: raises $0.04 to $0.06
tadao577: folds 
Pepono101: calls $0.05
o-polemarxos: calls $0.04
*** FLOP *** [Th 7h Jd]
Pepono101: bets $0.17
o-polemarxos: calls $0.17
Dorex2007: folds 
*** TURN *** [Th 7h Jd] [2c]
Pepono101: bets $0.50
o-polemarxos: calls $0.50
*** RIVER *** [Th 7h Jd 2c] [Qd]
Pepono101: checks 
o-polemarxos: bets $1.46 and is all-in
Pepono101: calls $1.26 and is all-in
Uncalled bet ($0.20) returned to o-polemarxos
*** SHOW DOWN ***
o-polemarxos: shows [Ah 6h] (high card Ace)
Pepono101: shows [As Js] (a pair of Jacks)
Pepono101 collected $3.90 from pot
*** SUMMARY ***
Total pot $4.04 | Rake $0.14 
Board [Th 7h Jd 2c Qd]
Seat 1: okotokian1 folded before Flop (didn't bet)
Seat 2: deileon folded before Flop (didn't bet)
Seat 3: WeXx33 folded before Flop (didn't bet)
Seat 4: facundo23 folded before Flop (didn't bet)
Seat 5: Saitama_Fist folded before Flop (didn't bet)
Seat 6: Dorex2007 folded on the Flop
Seat 7: tadao577 (button) folded before Flop (didn't bet)
Seat 8: Pepono101 (small blind) showed [As Js] and won ($3.90) with a pair of Jacks
Seat 9: o-polemarxos (big blind) showed [Ah 6h] and lost with high card Ace



PokerStars Hand #228251959619:  Hold'em No Limit ($0.01/$0.02 USD) - 2021/07/12 17:41:21 PT [2021/07/12 20:41:21 ET]
Table 'Vogtia III' 9-max Seat #8 is the button
Seat 1: okotokian1 ($2 in chips) 
Seat 2: deileon ($3.16 in chips) 
Seat 3: WeXx33 ($2.22 in chips) 
Seat 4: facundo23 ($2.11 in chips) 
Seat 5: Saitama_Fist ($2.05 in chips) 
Seat 6: Dorex2007 ($1.79 in chips) 
Seat 7: tadao577 ($0.64 in chips) 
Seat 8: Pepono101 ($3.90 in chips) 
Seat 9: o-polemarxos ($2 in chips) 
o-polemarxos: posts small blind $0.01
okotokian1: posts big blind $0.02
*** HOLE CARDS ***
Dealt to Dorex2007 [6c Jh]
deileon: folds 
WeXx33: raises $0.04 to $0.06
facundo23: folds 
Saitama_Fist: folds 
Dorex2007: folds 
tadao577: folds 
Pepono101: folds 
o-polemarxos: calls $0.05
okotokian1: folds 
*** FLOP *** [Kc 5d 6s]
o-polemarxos: checks 
WeXx33: bets $0.07
o-polemarxos: folds 
Uncalled bet ($0.07) returned to WeXx33
WeXx33 collected $0.14 from pot
WeXx33: doesn't show hand 
*** SUMMARY ***
Total pot $0.14 | Rake $0 
Board [Kc 5d 6s]
Seat 1: okotokian1 (big blind) folded before Flop
Seat 2: deileon folded before Flop (didn't bet)
Seat 3: WeXx33 collected ($0.14)
Seat 4: facundo23 folded before Flop (didn't bet)
Seat 5: Saitama_Fist folded before Flop (didn't bet)
Seat 6: Dorex2007 folded before Flop (didn't bet)
Seat 7: tadao577 folded before Flop (didn't bet)
Seat 8: Pepono101 (button) folded before Flop (didn't bet)
Seat 9: o-polemarxos (small blind) folded on the Flop



PokerStars Hand #228251969230:  Hold'em No Limit ($0.01/$0.02 USD) - 2021/07/12 17:42:00 PT [2021/07/12 20:42:00 ET]
Table 'Vogtia III' 9-max Seat #9 is the button
Seat 1: okotokian1 ($2 in chips) 
Seat 2: deileon ($3.16 in chips) 
Seat 3: WeXx33 ($2.30 in chips) 
Seat 4: facundo23 ($2.11 in chips) 
Seat 5: Saitama_Fist ($2.05 in chips) 
Seat 6: Dorex2007 ($1.79 in chips) 
Seat 7: tadao577 ($0.64 in chips) 
Seat 8: Pepono101 ($3.90 in chips) 
Seat 9: o-polemarxos ($2 in chips) 
okotokian1: posts small blind $0.01
deileon: posts big blind $0.02
*** HOLE CARDS ***
Dealt to Dorex2007 [8h 3s]
WeXx33: folds 
facundo23: folds 
Saitama_Fist: folds 
Dorex2007: folds 
tadao577: calls $0.02
Pepono101: folds 
o-polemarxos: raises $0.05 to $0.07
okotokian1: folds 
deileon: folds 
tadao577: folds 
Uncalled bet ($0.05) returned to o-polemarxos
o-polemarxos collected $0.07 from pot
o-polemarxos: doesn't show hand 
*** SUMMARY ***
Total pot $0.07 | Rake $0 
Seat 1: okotokian1 (small blind) folded before Flop
Seat 2: deileon (big blind) folded before Flop
Seat 3: WeXx33 folded before Flop (didn't bet)
Seat 4: facundo23 folded before Flop (didn't bet)
Seat 5: Saitama_Fist folded before Flop (didn't bet)
Seat 6: Dorex2007 folded before Flop (didn't bet)
Seat 7: tadao577 folded before Flop
Seat 8: Pepono101 folded before Flop (didn't bet)
Seat 9: o-polemarxos (button) collected ($0.07)



PokerStars Hand #228251976298:  Hold'em No Limit ($0.01/$0.02 USD) - 2021/07/12 17:42:27 PT [2021/07/12 20:42:27 ET]
Table 'Vogtia III' 9-max Seat #1 is the button
Seat 1: okotokian1 ($2 in chips) 
Seat 2: deileon ($3.14 in chips) 
Seat 3: WeXx33 ($2.30 in chips) 
Seat 4: facundo23 ($2.11 in chips) 
Seat 5: Saitama_Fist ($2.05 in chips) 
Seat 6: Dorex2007 ($1.79 in chips) 
Seat 7: tadao577 ($0.62 in chips) 
Seat 8: Pepono101 ($3.90 in chips) 
Seat 9: o-polemarxos ($2.05 in chips) 
deileon: posts small blind $0.01
WeXx33: posts big blind $0.02
*** HOLE CARDS ***
Dealt to Dorex2007 [Td Ac]
facundo23: folds 
Saitama_Fist: folds 
Dorex2007: folds 
tadao577: calls $0.02
Pepono101: folds 
o-polemarxos: folds 
okotokian1: folds 
deileon: folds 
WeXx33: checks 
*** FLOP *** [5s 9s 6c]
WeXx33: checks 
tadao577: checks 
*** TURN *** [5s 9s 6c] [Jh]
WeXx33: checks 
tadao577: checks 
*** RIVER *** [5s 9s 6c Jh] [Kd]
WeXx33: bets $0.20
tadao577: folds 
Uncalled bet ($0.20) returned to WeXx33
WeXx33 collected $0.05 from pot
WeXx33: doesn't show hand 
*** SUMMARY ***
Total pot $0.05 | Rake $0 
Board [5s 9s 6c Jh Kd]
Seat 1: okotokian1 (button) folded before Flop (didn't bet)
Seat 2: deileon (small blind) folded before Flop
Seat 3: WeXx33 (big blind) collected ($0.05)
Seat 4: facundo23 folded before Flop (didn't bet)
Seat 5: Saitama_Fist folded before Flop (didn't bet)
Seat 6: Dorex2007 folded before Flop (didn't bet)
Seat 7: tadao577 folded on the River
Seat 8: Pepono101 folded before Flop (didn't bet)
Seat 9: o-polemarxos folded before Flop (didn't bet)



PokerStars Hand #228251988325:  Hold'em No Limit ($0.01/$0.02 USD) - 2021/07/12 17:43:15 PT [2021/07/12 20:43:15 ET]
Table 'Vogtia III' 9-max Seat #2 is the button
Seat 1: okotokian1 ($2 in chips) 
Seat 2: deileon ($3.13 in chips) 
Seat 3: WeXx33 ($2.33 in chips) 
Seat 4: facundo23 ($2.11 in chips) 
Seat 5: Saitama_Fist ($2.05 in chips) 
Seat 6: Dorex2007 ($1.79 in chips) 
Seat 7: tadao577 ($0.60 in chips) 
Seat 8: Pepono101 ($3.90 in chips) 
Seat 9: o-polemarxos ($2.05 in chips) 
WeXx33: posts small blind $0.01
facundo23: posts big blind $0.02
*** HOLE CARDS ***
Dealt to Dorex2007 [Ah 8h]
Saitama_Fist: folds 
Dorex2007: raises $0.04 to $0.06
tadao577: folds 
Pepono101: calls $0.06
o-polemarxos: folds 
okotokian1: folds 
deileon: folds 
WeXx33: folds 
facundo23: calls $0.04
*** FLOP *** [Tc 6d 8d]
facundo23: checks 
Dorex2007: bets $0.18
Pepono101: folds 
facundo23: folds 
Uncalled bet ($0.18) returned to Dorex2007
Dorex2007 collected $0.18 from pot
Dorex2007: doesn't show hand 
*** SUMMARY ***
Total pot $0.19 | Rake $0.01 
Board [Tc 6d 8d]
Seat 1: okotokian1 folded before Flop (didn't bet)
Seat 2: deileon (button) folded before Flop (didn't bet)
Seat 3: WeXx33 (small blind) folded before Flop
Seat 4: facundo23 (big blind) folded on the Flop
Seat 5: Saitama_Fist folded before Flop (didn't bet)
Seat 6: Dorex2007 collected ($0.18)
Seat 7: tadao577 folded before Flop (didn't bet)
Seat 8: Pepono101 folded on the Flop
Seat 9: o-polemarxos folded before Flop (didn't bet)



PokerStars Hand #228251997001:  Hold'em No Limit ($0.01/$0.02 USD) - 2021/07/12 17:43:50 PT [2021/07/12 20:43:50 ET]
Table 'Vogtia III' 9-max Seat #3 is the button
Seat 1: okotokian1 ($2 in chips) 
Seat 2: deileon ($3.13 in chips) 
Seat 3: WeXx33 ($2.32 in chips) 
Seat 4: facundo23 ($2.05 in chips) 
Seat 5: Saitama_Fist ($2.05 in chips) 
Seat 6: Dorex2007 ($1.91 in chips) 
Seat 7: tadao577 ($0.60 in chips) 
Seat 8: Pepono101 ($3.84 in chips) 
Seat 9: o-polemarxos ($2.05 in chips) 
facundo23: posts small blind $0.01
Saitama_Fist: posts big blind $0.02
*** HOLE CARDS ***
Dealt to Dorex2007 [6c 6d]
Dorex2007: folds 
tadao577: folds 
Pepono101: calls $0.02
o-polemarxos: folds 
okotokian1: folds 
deileon: folds 
WeXx33: folds 
facundo23: raises $0.08 to $0.10
Saitama_Fist: folds 
Pepono101: calls $0.08
*** FLOP *** [8d 9s 8s]
facundo23: bets $0.21
Pepono101: folds 
Uncalled bet ($0.21) returned to facundo23
facundo23 collected $0.21 from pot
*** SUMMARY ***
Total pot $0.22 | Rake $0.01 
Board [8d 9s 8s]
Seat 1: okotokian1 folded before Flop (didn't bet)
Seat 2: deileon folded before Flop (didn't bet)
Seat 3: WeXx33 (button) folded before Flop (didn't bet)
Seat 4: facundo23 (small blind) collected ($0.21)
Seat 5: Saitama_Fist (big blind) folded before Flop
Seat 6: Dorex2007 folded before Flop (didn't bet)
Seat 7: tadao577 folded before Flop (didn't bet)
Seat 8: Pepono101 folded on the Flop
Seat 9: o-polemarxos folded before Flop (didn't bet)



PokerStars Hand #228252008969:  Hold'em No Limit ($0.01/$0.02 USD) - 2021/07/12 17:44:38 PT [2021/07/12 20:44:38 ET]
Table 'Vogtia III' 9-max Seat #4 is the button
Seat 1: okotokian1 ($2 in chips) 
Seat 2: deileon ($3.13 in chips) 
Seat 3: WeXx33 ($2.32 in chips) 
Seat 4: facundo23 ($2.16 in chips) 
Seat 5: Saitama_Fist ($2.03 in chips) 
Seat 6: Dorex2007 ($1.91 in chips) 
Seat 7: tadao577 ($0.60 in chips) 
Seat 8: Pepono101 ($3.74 in chips) 
Seat 9: o-polemarxos ($2.05 in chips) 
Saitama_Fist: posts small blind $0.01
Dorex2007: posts big blind $0.02
*** HOLE CARDS ***
Dealt to Dorex2007 [2s 7s]
tadao577: calls $0.02
Pepono101: raises $0.07 to $0.09
o-polemarxos: folds 
okotokian1: folds 
deileon: folds 
WeXx33: folds 
facundo23: folds 
Saitama_Fist: folds 
Dorex2007: folds 
tadao577: calls $0.07
*** FLOP *** [9s Th 6c]
tadao577: checks 
Pepono101: bets $0.10
tadao577: folds 
Uncalled bet ($0.10) returned to Pepono101
Pepono101 collected $0.20 from pot
Pepono101: doesn't show hand 
*** SUMMARY ***
Total pot $0.21 | Rake $0.01 
Board [9s Th 6c]
Seat 1: okotokian1 folded before Flop (didn't bet)
Seat 2: deileon folded before Flop (didn't bet)
Seat 3: WeXx33 folded before Flop (didn't bet)
Seat 4: facundo23 (button) folded before Flop (didn't bet)
Seat 5: Saitama_Fist (small blind) folded before Flop
Seat 6: Dorex2007 (big blind) folded before Flop
Seat 7: tadao577 folded on the Flop
Seat 8: Pepono101 collected ($0.20)
Seat 9: o-polemarxos folded before Flop (didn't bet)



PokerStars Hand #228252018688:  Hold'em No Limit ($0.01/$0.02 USD) - 2021/07/12 17:45:17 PT [2021/07/12 20:45:17 ET]
Table 'Vogtia III' 9-max Seat #5 is the button
Seat 1: okotokian1 ($2 in chips) 
Seat 2: deileon ($3.13 in chips) 
Seat 3: WeXx33 ($2.32 in chips) 
Seat 4: facundo23 ($2.16 in chips) 
Seat 5: Saitama_Fist ($2.02 in chips) 
Seat 6: Dorex2007 ($1.89 in chips) 
Seat 7: tadao577 ($0.51 in chips) 
Seat 8: Pepono101 ($3.85 in chips) 
Seat 9: o-polemarxos ($2.05 in chips) 
Dorex2007: posts small blind $0.01
tadao577: posts big blind $0.02
*** HOLE CARDS ***
Dealt to Dorex2007 [5h 9h]
Pepono101: raises $0.02 to $0.04
o-polemarxos: folds 
okotokian1: folds 
deileon: folds 
WeXx33: folds 
facundo23: folds 
Saitama_Fist: calls $0.04
Dorex2007: folds 
tadao577: calls $0.02
*** FLOP *** [Ac 2c 9d]
tadao577: checks 
Pepono101: checks 
Saitama_Fist: bets $0.09
tadao577: folds 
Pepono101: folds 
Uncalled bet ($0.09) returned to Saitama_Fist
Saitama_Fist collected $0.13 from pot
Saitama_Fist: doesn't show hand 
*** SUMMARY ***
Total pot $0.13 | Rake $0 
Board [Ac 2c 9d]
Seat 1: okotokian1 folded before Flop (didn't bet)
Seat 2: deileon folded before Flop (didn't bet)
Seat 3: WeXx33 folded before Flop (didn't bet)
Seat 4: facundo23 folded before Flop (didn't bet)
Seat 5: Saitama_Fist (button) collected ($0.13)
Seat 6: Dorex2007 (small blind) folded before Flop
Seat 7: tadao577 (big blind) folded on the Flop
Seat 8: Pepono101 folded on the Flop
Seat 9: o-polemarxos folded before Flop (didn't bet)



PokerStars Hand #228252030109:  Hold'em No Limit ($0.01/$0.02 USD) - 2021/07/12 17:46:04 PT [2021/07/12 20:46:04 ET]
Table 'Vogtia III' 9-max Seat #6 is the button
Seat 1: okotokian1 ($2 in chips) 
Seat 2: deileon ($3.13 in chips) 
Seat 3: WeXx33 ($2.32 in chips) 
Seat 4: facundo23 ($2.16 in chips) 
Seat 5: Saitama_Fist ($2.11 in chips) 
Seat 6: Dorex2007 ($1.88 in chips) 
Seat 7: tadao577 ($0.47 in chips) 
Seat 8: Pepono101 ($3.81 in chips) 
Seat 9: o-polemarxos ($2.05 in chips) 
tadao577: posts small blind $0.01
Pepono101: posts big blind $0.02
*** HOLE CARDS ***
Dealt to Dorex2007 [7s Ks]
o-polemarxos: folds 
okotokian1: folds 
deileon: calls $0.02
WeXx33: folds 
facundo23: folds 
Saitama_Fist: folds 
Dorex2007: folds 
tadao577: calls $0.01
Pepono101: checks 
*** FLOP *** [8s 7c 6c]
tadao577: checks 
Pepono101: checks 
deileon: checks 
*** TURN *** [8s 7c 6c] [2c]
tadao577: checks 
Pepono101: bets $0.02
deileon: folds 
tadao577: calls $0.02
*** RIVER *** [8s 7c 6c 2c] [Qh]
tadao577: checks 
Pepono101: checks 
*** SHOW DOWN ***
tadao577: shows [5d Ac] (high card Ace)
Pepono101: shows [5s 2d] (a pair of Deuces)
Pepono101 collected $0.10 from pot
*** SUMMARY ***
Total pot $0.10 | Rake $0 
Board [8s 7c 6c 2c Qh]
Seat 1: okotokian1 folded before Flop (didn't bet)
Seat 2: deileon folded on the Turn
Seat 3: WeXx33 folded before Flop (didn't bet)
Seat 4: facundo23 folded before Flop (didn't bet)
Seat 5: Saitama_Fist folded before Flop (didn't bet)
Seat 6: Dorex2007 (button) folded before Flop (didn't bet)
Seat 7: tadao577 (small blind) showed [5d Ac] and lost with high card Ace
Seat 8: Pepono101 (big blind) showed [5s 2d] and won ($0.10) with a pair of Deuces
Seat 9: o-polemarxos folded before Flop (didn't bet)



PokerStars Hand #228252046110:  Hold'em No Limit ($0.01/$0.02 USD) - 2021/07/12 17:47:08 PT [2021/07/12 20:47:08 ET]
Table 'Vogtia III' 9-max Seat #7 is the button
Seat 1: okotokian1 ($2 in chips) 
Seat 2: deileon ($3.11 in chips) 
Seat 3: WeXx33 ($2.32 in chips) 
Seat 4: facundo23 ($2.16 in chips) 
Seat 5: Saitama_Fist ($2.11 in chips) 
Seat 6: Dorex2007 ($1.88 in chips) 
Seat 7: tadao577 ($0.43 in chips) 
Seat 8: Pepono101 ($3.87 in chips) 
Seat 9: o-polemarxos ($2.05 in chips) 
Pepono101: posts small blind $0.01
o-polemarxos: posts big blind $0.02
*** HOLE CARDS ***
Dealt to Dorex2007 [Ts Js]
okotokian1: folds 
deileon: folds 
WeXx33: folds 
facundo23: folds 
Saitama_Fist: folds 
Dorex2007: raises $0.04 to $0.06
tadao577: folds 
Pepono101: calls $0.05
o-polemarxos: folds 
*** FLOP *** [Qc 7s Jc]
Pepono101: checks 
Dorex2007: checks 
*** TURN *** [Qc 7s Jc] [9h]
Pepono101: bets $0.14
Dorex2007: calls $0.14
*** RIVER *** [Qc 7s Jc 9h] [9d]
Pepono101: checks 
Dorex2007: checks 
*** SHOW DOWN ***
Pepono101: shows [Qh 8h] (two pair, Queens and Nines)
Dorex2007: mucks hand 
Pepono101 collected $0.41 from pot
*** SUMMARY ***
Total pot $0.42 | Rake $0.01 
Board [Qc 7s Jc 9h 9d]
Seat 1: okotokian1 folded before Flop (didn't bet)
Seat 2: deileon folded before Flop (didn't bet)
Seat 3: WeXx33 folded before Flop (didn't bet)
Seat 4: facundo23 folded before Flop (didn't bet)
Seat 5: Saitama_Fist folded before Flop (didn't bet)
Seat 6: Dorex2007 mucked [Ts Js]
Seat 7: tadao577 (button) folded before Flop (didn't bet)
Seat 8: Pepono101 (small blind) showed [Qh 8h] and won ($0.41) with two pair, Queens and Nines
Seat 9: o-polemarxos (big blind) folded before Flop



PokerStars Hand #228252060734:  Hold'em No Limit ($0.01/$0.02 USD) - 2021/07/12 17:48:08 PT [2021/07/12 20:48:08 ET]
Table 'Vogtia III' 9-max Seat #8 is the button
Seat 1: okotokian1 ($2 in chips) 
Seat 2: deileon ($3.11 in chips) 
Seat 3: WeXx33 ($2.32 in chips) 
Seat 4: facundo23 ($2.16 in chips) 
Seat 5: Saitama_Fist ($2.11 in chips) 
Seat 6: Dorex2007 ($1.68 in chips) 
Seat 7: tadao577 ($0.43 in chips) 
Seat 8: Pepono101 ($4.08 in chips) 
Seat 9: o-polemarxos ($2.03 in chips) 
o-polemarxos: posts small blind $0.01
okotokian1: posts big blind $0.02
*** HOLE CARDS ***
Dealt to Dorex2007 [3s 2s]
deileon: folds 
WeXx33: folds 
facundo23: folds 
Saitama_Fist: folds 
Dorex2007: folds 
tadao577: calls $0.02
Pepono101: folds 
o-polemarxos: folds 
okotokian1: checks 
*** FLOP *** [7s Tc 8h]
okotokian1: checks 
tadao577: checks 
*** TURN *** [7s Tc 8h] [4c]
okotokian1: checks 
tadao577: checks 
*** RIVER *** [7s Tc 8h 4c] [Kd]
okotokian1: checks 
tadao577: bets $0.10
okotokian1: folds 
Uncalled bet ($0.10) returned to tadao577
tadao577 collected $0.05 from pot
tadao577: doesn't show hand 
*** SUMMARY ***
Total pot $0.05 | Rake $0 
Board [7s Tc 8h 4c Kd]
Seat 1: okotokian1 (big blind) folded on the River
Seat 2: deileon folded before Flop (didn't bet)
Seat 3: WeXx33 folded before Flop (didn't bet)
Seat 4: facundo23 folded before Flop (didn't bet)
Seat 5: Saitama_Fist folded before Flop (didn't bet)
Seat 6: Dorex2007 folded before Flop (didn't bet)
Seat 7: tadao577 collected ($0.05)
Seat 8: Pepono101 (button) folded before Flop (didn't bet)
Seat 9: o-polemarxos (small blind) folded before Flop



PokerStars Hand #228252082275:  Hold'em No Limit ($0.01/$0.02 USD) - 2021/07/12 17:49:05 PT [2021/07/12 20:49:05 ET]
Table 'Vogtia III' 9-max Seat #9 is the button
Seat 1: okotokian1 ($2 in chips) 
Seat 2: deileon ($3.11 in chips) 
Seat 3: WeXx33 ($2.32 in chips) 
Seat 4: facundo23 ($2.16 in chips) 
Seat 5: Saitama_Fist ($2.11 in chips) 
Seat 6: Dorex2007 ($1.68 in chips) 
Seat 7: tadao577 ($0.46 in chips) 
Seat 8: Pepono101 ($4.08 in chips) 
Seat 9: o-polemarxos ($2.02 in chips) 
okotokian1: posts small blind $0.01
deileon: posts big blind $0.02
*** HOLE CARDS ***
Dealt to Dorex2007 [7h 9c]
WeXx33: folds 
facundo23: folds 
Saitama_Fist: raises $0.06 to $0.08
Dorex2007: folds 
tadao577: folds 
Pepono101: folds 
o-polemarxos: folds 
okotokian1: folds 
deileon: folds 
Uncalled bet ($0.06) returned to Saitama_Fist
Saitama_Fist collected $0.05 from pot
Saitama_Fist: doesn't show hand 
*** SUMMARY ***
Total pot $0.05 | Rake $0 
Seat 1: okotokian1 (small blind) folded before Flop
Seat 2: deileon (big blind) folded before Flop
Seat 3: WeXx33 folded before Flop (didn't bet)
Seat 4: facundo23 folded before Flop (didn't bet)
Seat 5: Saitama_Fist collected ($0.05)
Seat 6: Dorex2007 folded before Flop (didn't bet)
Seat 7: tadao577 folded before Flop (didn't bet)
Seat 8: Pepono101 folded before Flop (didn't bet)
Seat 9: o-polemarxos (button) folded before Flop (didn't bet)



PokerStars Hand #228252089233:  Hold'em No Limit ($0.01/$0.02 USD) - 2021/07/12 17:49:34 PT [2021/07/12 20:49:34 ET]
Table 'Vogtia III' 9-max Seat #1 is the button
Seat 1: okotokian1 ($2 in chips) 
Seat 2: deileon ($3.09 in chips) 
Seat 3: WeXx33 ($2.32 in chips) 
Seat 4: facundo23 ($2.16 in chips) 
Seat 5: Saitama_Fist ($2.14 in chips) 
Seat 6: Dorex2007 ($1.68 in chips) 
Seat 7: tadao577 ($0.46 in chips) 
Seat 8: Pepono101 ($4.08 in chips) 
Seat 9: o-polemarxos ($2.02 in chips) 
deileon: posts small blind $0.01
WeXx33: posts big blind $0.02
*** HOLE CARDS ***
Dealt to Dorex2007 [8c 7s]
facundo23: folds 
Saitama_Fist: folds 
Dorex2007: folds 
tadao577: calls $0.02
Pepono101 has timed out
Pepono101: folds 
o-polemarxos: folds 
okotokian1: folds 
deileon: folds 
WeXx33: checks 
*** FLOP *** [Ah Js 2s]
WeXx33: checks 
tadao577: checks 
*** TURN *** [Ah Js 2s] [3h]
WeXx33: checks 
tadao577: checks 
*** RIVER *** [Ah Js 2s 3h] [Jc]
WeXx33: checks 
tadao577: checks 
*** SHOW DOWN ***
WeXx33: shows [6c 7d] (a pair of Jacks)
tadao577: shows [7c 9c] (a pair of Jacks - Ace+Nine kicker)
tadao577 collected $0.05 from pot
*** SUMMARY ***
Total pot $0.05 | Rake $0 
Board [Ah Js 2s 3h Jc]
Seat 1: okotokian1 (button) folded before Flop (didn't bet)
Seat 2: deileon (small blind) folded before Flop
Seat 3: WeXx33 (big blind) showed [6c 7d] and lost with a pair of Jacks
Seat 4: facundo23 folded before Flop (didn't bet)
Seat 5: Saitama_Fist folded before Flop (didn't bet)
Seat 6: Dorex2007 folded before Flop (didn't bet)
Seat 7: tadao577 showed [7c 9c] and won ($0.05) with a pair of Jacks
Seat 8: Pepono101 folded before Flop (didn't bet)
Seat 9: o-polemarxos folded before Flop (didn't bet)



PokerStars Hand #228252100632:  Hold'em No Limit ($0.01/$0.02 USD) - 2021/07/12 17:50:21 PT [2021/07/12 20:50:21 ET]
Table 'Vogtia III' 9-max Seat #2 is the button
Seat 1: okotokian1 ($2 in chips) 
Seat 2: deileon ($3.08 in chips) 
Seat 3: WeXx33 ($2.30 in chips) 
Seat 4: facundo23 ($2.16 in chips) 
Seat 5: Saitama_Fist ($2.14 in chips) 
Seat 6: Dorex2007 ($1.68 in chips) 
Seat 7: tadao577 ($0.49 in chips) 
Seat 9: o-polemarxos ($2.02 in chips) 
WeXx33: posts small blind $0.01
facundo23: posts big blind $0.02
*** HOLE CARDS ***
Dealt to Dorex2007 [4d Jd]
Saitama_Fist: folds 
Dorex2007: folds 
tadao577: calls $0.02
o-polemarxos: folds 
okotokian1: folds 
deileon: folds 
WeXx33: raises $0.06 to $0.08
facundo23: folds 
tadao577: folds 
Uncalled bet ($0.06) returned to WeXx33
WeXx33 collected $0.06 from pot
WeXx33: doesn't show hand 
*** SUMMARY ***
Total pot $0.06 | Rake $0 
Seat 1: okotokian1 folded before Flop (didn't bet)
Seat 2: deileon (button) folded before Flop (didn't bet)
Seat 3: WeXx33 (small blind) collected ($0.06)
Seat 4: facundo23 (big blind) folded before Flop
Seat 5: Saitama_Fist folded before Flop (didn't bet)
Seat 6: Dorex2007 folded before Flop (didn't bet)
Seat 7: tadao577 folded before Flop
Seat 9: o-polemarxos folded before Flop (didn't bet)



