PokerStars Hand #223661168034:  Hold'em No Limit ($0.01/$0.02 USD) - 2021/02/10 14:05:09 PT [2021/02/10 17:05:09 ET]
Table 'Algedi V' 9-max Seat #9 is the button
Seat 1: prof298 ($3.48 in chips) 
Seat 2: Dorex2007 ($1.50 in chips) 
Seat 3: 8Ball Clock ($1.17 in chips) 
Seat 4: Rotkeps ($0.87 in chips) 
Seat 5: disunited ($1.97 in chips) 
Seat 6: popsi200 ($2.20 in chips) 
Seat 7: Gu1Lh3rMe ($2.37 in chips) 
Seat 8: shuhrat19744 ($2.15 in chips) 
Seat 9: Pequod ($2.15 in chips) 
prof298: posts small blind $0.01
Dorex2007: posts big blind $0.02
*** HOLE CARDS ***
Dealt to Dorex2007 [2c Qs]
8Ball Clock: folds 
Rotkeps: folds 
disunited: folds 
popsi200: folds 
Gu1Lh3rMe: folds 
shuhrat19744: folds 
Pequod: raises $0.03 to $0.05
prof298: folds 
Dorex2007: folds 
Uncalled bet ($0.03) returned to Pequod
Pequod collected $0.05 from pot
Pequod: doesn't show hand 
*** SUMMARY ***
Total pot $0.05 | Rake $0 
Seat 1: prof298 (small blind) folded before Flop
Seat 2: Dorex2007 (big blind) folded before Flop
Seat 3: 8Ball Clock folded before Flop (didn't bet)
Seat 4: Rotkeps folded before Flop (didn't bet)
Seat 5: disunited folded before Flop (didn't bet)
Seat 6: popsi200 folded before Flop (didn't bet)
Seat 7: Gu1Lh3rMe folded before Flop (didn't bet)
Seat 8: shuhrat19744 folded before Flop (didn't bet)
Seat 9: Pequod (button) collected ($0.05)



PokerStars Hand #223661188373:  Hold'em No Limit ($0.01/$0.02 USD) - 2021/02/10 14:05:38 PT [2021/02/10 17:05:38 ET]
Table 'Algedi V' 9-max Seat #1 is the button
Seat 1: prof298 ($3.47 in chips) 
Seat 2: Dorex2007 ($1.48 in chips) 
Seat 3: 8Ball Clock ($1.17 in chips) 
Seat 4: Rotkeps ($0.87 in chips) 
Seat 5: disunited ($1.97 in chips) 
Seat 6: popsi200 ($2.20 in chips) 
Seat 7: Gu1Lh3rMe ($2.37 in chips) 
Seat 8: shuhrat19744 ($2.15 in chips) 
Seat 9: Pequod ($2.18 in chips) 
Dorex2007: posts small blind $0.01
8Ball Clock: posts big blind $0.02
*** HOLE CARDS ***
Dealt to Dorex2007 [6s Ac]
Rotkeps: folds 
disunited: raises $0.04 to $0.06
popsi200: folds 
Gu1Lh3rMe: folds 
shuhrat19744: folds 
Pequod: folds 
prof298: folds 
Dorex2007: folds 
8Ball Clock: calls $0.04
*** FLOP *** [8d Qs Qh]
8Ball Clock: checks 
disunited: bets $0.08
8Ball Clock: calls $0.08
*** TURN *** [8d Qs Qh] [Ad]
8Ball Clock: checks 
disunited: bets $0.30
8Ball Clock: calls $0.30
*** RIVER *** [8d Qs Qh Ad] [9c]
8Ball Clock: checks 
disunited: bets $0.86
8Ball Clock: folds 
Uncalled bet ($0.86) returned to disunited
disunited collected $0.86 from pot
disunited: doesn't show hand 
*** SUMMARY ***
Total pot $0.89 | Rake $0.03 
Board [8d Qs Qh Ad 9c]
Seat 1: prof298 (button) folded before Flop (didn't bet)
Seat 2: Dorex2007 (small blind) folded before Flop
Seat 3: 8Ball Clock (big blind) folded on the River
Seat 4: Rotkeps folded before Flop (didn't bet)
Seat 5: disunited collected ($0.86)
Seat 6: popsi200 folded before Flop (didn't bet)
Seat 7: Gu1Lh3rMe folded before Flop (didn't bet)
Seat 8: shuhrat19744 folded before Flop (didn't bet)
Seat 9: Pequod folded before Flop (didn't bet)



PokerStars Hand #223661231387:  Hold'em No Limit ($0.01/$0.02 USD) - 2021/02/10 14:06:35 PT [2021/02/10 17:06:35 ET]
Table 'Algedi V' 9-max Seat #2 is the button
Seat 1: prof298 ($3.47 in chips) 
Seat 2: Dorex2007 ($1.47 in chips) 
Seat 3: 8Ball Clock ($0.73 in chips) 
Seat 4: Rotkeps ($0.87 in chips) 
Seat 5: disunited ($2.39 in chips) 
Seat 6: popsi200 ($2.20 in chips) 
Seat 7: Gu1Lh3rMe ($2.37 in chips) 
Seat 8: shuhrat19744 ($2.15 in chips) 
Seat 9: Pequod ($2.18 in chips) 
8Ball Clock: posts small blind $0.01
Rotkeps: posts big blind $0.02
*** HOLE CARDS ***
Dealt to Dorex2007 [2h 9d]
disunited: folds 
popsi200: calls $0.02
Gu1Lh3rMe: raises $0.02 to $0.04
shuhrat19744: folds 
Pequod: calls $0.04
prof298: folds 
Dorex2007: folds 
8Ball Clock: folds 
Rotkeps: folds 
popsi200: calls $0.02
*** FLOP *** [2d 4d 3c]
popsi200: checks 
Gu1Lh3rMe: bets $0.04
Pequod: calls $0.04
popsi200: folds 
*** TURN *** [2d 4d 3c] [9c]
Gu1Lh3rMe: bets $0.06
Pequod: calls $0.06
*** RIVER *** [2d 4d 3c 9c] [7c]
Gu1Lh3rMe: checks 
Pequod: bets $0.14
Gu1Lh3rMe: calls $0.14
*** SHOW DOWN ***
Pequod: shows [Kc Qs] (high card King)
Gu1Lh3rMe: shows [Ac Ts] (high card Ace)
Gu1Lh3rMe collected $0.61 from pot
*** SUMMARY ***
Total pot $0.63 | Rake $0.02 
Board [2d 4d 3c 9c 7c]
Seat 1: prof298 folded before Flop (didn't bet)
Seat 2: Dorex2007 (button) folded before Flop (didn't bet)
Seat 3: 8Ball Clock (small blind) folded before Flop
Seat 4: Rotkeps (big blind) folded before Flop
Seat 5: disunited folded before Flop (didn't bet)
Seat 6: popsi200 folded on the Flop
Seat 7: Gu1Lh3rMe showed [Ac Ts] and won ($0.61) with high card Ace
Seat 8: shuhrat19744 folded before Flop (didn't bet)
Seat 9: Pequod showed [Kc Qs] and lost with high card King



PokerStars Hand #223661278322:  Hold'em No Limit ($0.01/$0.02 USD) - 2021/02/10 14:07:41 PT [2021/02/10 17:07:41 ET]
Table 'Algedi V' 9-max Seat #3 is the button
Seat 1: prof298 ($3.47 in chips) 
Seat 2: Dorex2007 ($1.47 in chips) 
Seat 3: 8Ball Clock ($0.72 in chips) 
Seat 4: Rotkeps ($0.85 in chips) 
Seat 5: disunited ($2.39 in chips) 
Seat 6: popsi200 ($2.16 in chips) 
Seat 7: Gu1Lh3rMe ($2.70 in chips) 
Seat 8: shuhrat19744 ($2.15 in chips) 
Seat 9: Pequod ($2 in chips) 
Rotkeps: posts small blind $0.01
disunited: posts big blind $0.02
*** HOLE CARDS ***
Dealt to Dorex2007 [Td 7h]
popsi200: folds 
Gu1Lh3rMe: folds 
shuhrat19744: folds 
Pequod: raises $0.04 to $0.06
prof298: folds 
Dorex2007: folds 
8Ball Clock: folds 
Rotkeps: calls $0.05
disunited: calls $0.04
*** FLOP *** [3h 2d 8c]
Rotkeps: checks 
disunited: checks 
Pequod: checks 
*** TURN *** [3h 2d 8c] [7s]
Rotkeps: bets $0.02
disunited: calls $0.02
Pequod: calls $0.02
*** RIVER *** [3h 2d 8c 7s] [Qh]
Rotkeps: checks 
disunited: checks 
Pequod: checks 
*** SHOW DOWN ***
Rotkeps: shows [4s 2s] (a pair of Deuces)
disunited: mucks hand 
Pequod: mucks hand 
Rotkeps collected $0.23 from pot
*** SUMMARY ***
Total pot $0.24 | Rake $0.01 
Board [3h 2d 8c 7s Qh]
Seat 1: prof298 folded before Flop (didn't bet)
Seat 2: Dorex2007 folded before Flop (didn't bet)
Seat 3: 8Ball Clock (button) folded before Flop (didn't bet)
Seat 4: Rotkeps (small blind) showed [4s 2s] and won ($0.23) with a pair of Deuces
Seat 5: disunited (big blind) mucked [Ad 5c]
Seat 6: popsi200 folded before Flop (didn't bet)
Seat 7: Gu1Lh3rMe folded before Flop (didn't bet)
Seat 8: shuhrat19744 folded before Flop (didn't bet)
Seat 9: Pequod mucked [Ah Ks]



PokerStars Hand #223661323166:  Hold'em No Limit ($0.01/$0.02 USD) - 2021/02/10 14:08:33 PT [2021/02/10 17:08:33 ET]
Table 'Algedi V' 9-max Seat #4 is the button
Seat 1: prof298 ($3.47 in chips) 
Seat 2: Dorex2007 ($1.47 in chips) 
Seat 3: 8Ball Clock ($0.72 in chips) 
Seat 4: Rotkeps ($1 in chips) 
Seat 5: disunited ($2.31 in chips) 
Seat 6: popsi200 ($2.16 in chips) 
Seat 7: Gu1Lh3rMe ($2.70 in chips) 
Seat 8: shuhrat19744 ($2.15 in chips) 
Seat 9: Pequod ($2 in chips) 
disunited: posts small blind $0.01
popsi200: posts big blind $0.02
*** HOLE CARDS ***
Dealt to Dorex2007 [Qc 7c]
Gu1Lh3rMe: raises $0.02 to $0.04
shuhrat19744: folds 
Pequod: folds 
prof298: calls $0.04
Dorex2007: folds 
8Ball Clock: calls $0.04
Rotkeps: folds 
disunited: folds 
popsi200: calls $0.02
*** FLOP *** [9h 9s 7h]
popsi200: checks 
Gu1Lh3rMe: bets $0.06
prof298: calls $0.06
8Ball Clock: calls $0.06
popsi200: folds 
*** TURN *** [9h 9s 7h] [5d]
Gu1Lh3rMe: bets $0.08
prof298: calls $0.08
8Ball Clock: folds 
*** RIVER *** [9h 9s 7h 5d] [3c]
Gu1Lh3rMe: checks 
prof298: bets $0.25
Gu1Lh3rMe: folds 
Uncalled bet ($0.25) returned to prof298
prof298 collected $0.49 from pot
prof298: doesn't show hand 
*** SUMMARY ***
Total pot $0.51 | Rake $0.02 
Board [9h 9s 7h 5d 3c]
Seat 1: prof298 collected ($0.49)
Seat 2: Dorex2007 folded before Flop (didn't bet)
Seat 3: 8Ball Clock folded on the Turn
Seat 4: Rotkeps (button) folded before Flop (didn't bet)
Seat 5: disunited (small blind) folded before Flop
Seat 6: popsi200 (big blind) folded on the Flop
Seat 7: Gu1Lh3rMe folded on the River
Seat 8: shuhrat19744 folded before Flop (didn't bet)
Seat 9: Pequod folded before Flop (didn't bet)



PokerStars Hand #223661365120:  Hold'em No Limit ($0.01/$0.02 USD) - 2021/02/10 14:09:33 PT [2021/02/10 17:09:33 ET]
Table 'Algedi V' 9-max Seat #5 is the button
Seat 1: prof298 ($3.78 in chips) 
Seat 2: Dorex2007 ($1.47 in chips) 
Seat 3: 8Ball Clock ($0.62 in chips) 
Seat 4: Rotkeps ($1 in chips) 
Seat 5: disunited ($2.30 in chips) 
Seat 6: popsi200 ($2.12 in chips) 
Seat 7: Gu1Lh3rMe ($2.52 in chips) 
Seat 8: shuhrat19744 ($2.15 in chips) 
Seat 9: Pequod ($2 in chips) 
popsi200: posts small blind $0.01
Gu1Lh3rMe: posts big blind $0.02
*** HOLE CARDS ***
Dealt to Dorex2007 [Ts 5h]
shuhrat19744: folds 
Pequod: folds 
prof298: calls $0.02
Dorex2007: folds 
8Ball Clock: folds 
Rotkeps: folds 
disunited: folds 
popsi200: calls $0.01
Gu1Lh3rMe: raises $0.02 to $0.04
prof298: calls $0.02
popsi200: calls $0.02
*** FLOP *** [4d Td Jc]
popsi200: bets $0.02
Gu1Lh3rMe: raises $0.04 to $0.06
prof298: calls $0.06
popsi200: folds 
*** TURN *** [4d Td Jc] [2c]
Gu1Lh3rMe: bets $0.08
prof298: calls $0.08
*** RIVER *** [4d Td Jc 2c] [9h]
Gu1Lh3rMe: bets $0.21
prof298: folds 
Uncalled bet ($0.21) returned to Gu1Lh3rMe
Gu1Lh3rMe collected $0.41 from pot
Gu1Lh3rMe: doesn't show hand 
*** SUMMARY ***
Total pot $0.42 | Rake $0.01 
Board [4d Td Jc 2c 9h]
Seat 1: prof298 folded on the River
Seat 2: Dorex2007 folded before Flop (didn't bet)
Seat 3: 8Ball Clock folded before Flop (didn't bet)
Seat 4: Rotkeps folded before Flop (didn't bet)
Seat 5: disunited (button) folded before Flop (didn't bet)
Seat 6: popsi200 (small blind) folded on the Flop
Seat 7: Gu1Lh3rMe (big blind) collected ($0.41)
Seat 8: shuhrat19744 folded before Flop (didn't bet)
Seat 9: Pequod folded before Flop (didn't bet)



PokerStars Hand #223661417045:  Hold'em No Limit ($0.01/$0.02 USD) - 2021/02/10 14:10:42 PT [2021/02/10 17:10:42 ET]
Table 'Algedi V' 9-max Seat #6 is the button
Seat 1: prof298 ($3.60 in chips) 
Seat 2: Dorex2007 ($1.47 in chips) 
Seat 3: 8Ball Clock ($0.62 in chips) 
Seat 4: Rotkeps ($1 in chips) 
Seat 5: disunited ($2.30 in chips) 
Seat 6: popsi200 ($2.06 in chips) 
Seat 7: Gu1Lh3rMe ($2.75 in chips) 
Seat 8: shuhrat19744 ($2.15 in chips) 
Seat 9: Pequod ($2 in chips) 
Gu1Lh3rMe: posts small blind $0.01
shuhrat19744: posts big blind $0.02
*** HOLE CARDS ***
Dealt to Dorex2007 [4c 9h]
Pequod: folds 
prof298: calls $0.02
Dorex2007: folds 
8Ball Clock: raises $0.02 to $0.04
Rotkeps: folds 
disunited: folds 
popsi200: calls $0.04
Gu1Lh3rMe: raises $0.02 to $0.06
shuhrat19744: calls $0.04
prof298: calls $0.04
8Ball Clock: calls $0.02
popsi200: calls $0.02
*** FLOP *** [3c 6d 6s]
Gu1Lh3rMe: bets $0.08
shuhrat19744: folds 
prof298: folds 
8Ball Clock: raises $0.08 to $0.16
popsi200: folds 
Gu1Lh3rMe: calls $0.08
*** TURN *** [3c 6d 6s] [2h]
Gu1Lh3rMe: checks 
8Ball Clock: bets $0.40 and is all-in
Gu1Lh3rMe: calls $0.40
*** RIVER *** [3c 6d 6s 2h] [Tc]
*** SHOW DOWN ***
Gu1Lh3rMe: shows [Jc Jd] (two pair, Jacks and Sixes)
8Ball Clock: shows [3h 3s] (a full house, Threes full of Sixes)
8Ball Clock collected $1.37 from pot
*** SUMMARY ***
Total pot $1.42 | Rake $0.05 
Board [3c 6d 6s 2h Tc]
Seat 1: prof298 folded on the Flop
Seat 2: Dorex2007 folded before Flop (didn't bet)
Seat 3: 8Ball Clock showed [3h 3s] and won ($1.37) with a full house, Threes full of Sixes
Seat 4: Rotkeps folded before Flop (didn't bet)
Seat 5: disunited folded before Flop (didn't bet)
Seat 6: popsi200 (button) folded on the Flop
Seat 7: Gu1Lh3rMe (small blind) showed [Jc Jd] and lost with two pair, Jacks and Sixes
Seat 8: shuhrat19744 (big blind) folded on the Flop
Seat 9: Pequod folded before Flop (didn't bet)



PokerStars Hand #223661463636:  Hold'em No Limit ($0.01/$0.02 USD) - 2021/02/10 14:11:48 PT [2021/02/10 17:11:48 ET]
Table 'Algedi V' 9-max Seat #7 is the button
Seat 1: prof298 ($3.54 in chips) 
Seat 2: Dorex2007 ($1.47 in chips) 
Seat 3: 8Ball Clock ($1.37 in chips) 
Seat 4: Rotkeps ($1 in chips) 
Seat 5: disunited ($2.30 in chips) 
Seat 6: popsi200 ($2 in chips) 
Seat 7: Gu1Lh3rMe ($2.13 in chips) 
Seat 8: shuhrat19744 ($2.09 in chips) 
Seat 9: Pequod ($2 in chips) 
shuhrat19744: posts small blind $0.01
Pequod: posts big blind $0.02
*** HOLE CARDS ***
Dealt to Dorex2007 [5h 7h]
prof298: calls $0.02
Dorex2007: folds 
8Ball Clock: folds 
Rotkeps: folds 
disunited: folds 
popsi200: folds 
Gu1Lh3rMe: folds 
shuhrat19744: folds 
Pequod: raises $0.08 to $0.10
prof298: folds 
Uncalled bet ($0.08) returned to Pequod
Pequod collected $0.05 from pot
Pequod: doesn't show hand 
*** SUMMARY ***
Total pot $0.05 | Rake $0 
Seat 1: prof298 folded before Flop
Seat 2: Dorex2007 folded before Flop (didn't bet)
Seat 3: 8Ball Clock folded before Flop (didn't bet)
Seat 4: Rotkeps folded before Flop (didn't bet)
Seat 5: disunited folded before Flop (didn't bet)
Seat 6: popsi200 folded before Flop (didn't bet)
Seat 7: Gu1Lh3rMe (button) folded before Flop (didn't bet)
Seat 8: shuhrat19744 (small blind) folded before Flop
Seat 9: Pequod (big blind) collected ($0.05)



PokerStars Hand #223661477564:  Hold'em No Limit ($0.01/$0.02 USD) - 2021/02/10 14:12:08 PT [2021/02/10 17:12:08 ET]
Table 'Algedi V' 9-max Seat #8 is the button
Seat 1: prof298 ($3.52 in chips) 
Seat 2: Dorex2007 ($1.47 in chips) 
Seat 3: 8Ball Clock ($1.37 in chips) 
Seat 4: Rotkeps ($1 in chips) 
Seat 5: disunited ($2.30 in chips) 
Seat 6: popsi200 ($2 in chips) 
Seat 7: Gu1Lh3rMe ($2.13 in chips) 
Seat 8: shuhrat19744 ($2.08 in chips) 
Seat 9: Pequod ($2.03 in chips) 
Pequod: posts small blind $0.01
prof298: posts big blind $0.02
*** HOLE CARDS ***
Dealt to Dorex2007 [2h Ts]
Dorex2007: folds 
8Ball Clock: calls $0.02
Rotkeps: folds 
disunited: folds 
popsi200: calls $0.02
Gu1Lh3rMe: folds 
shuhrat19744: folds 
Pequod: folds 
prof298: checks 
*** FLOP *** [4c 8s Jd]
prof298: checks 
8Ball Clock: checks 
popsi200: bets $0.02
prof298: raises $0.06 to $0.08
8Ball Clock: folds 
popsi200: calls $0.06
*** TURN *** [4c 8s Jd] [3h]
prof298: checks 
popsi200: bets $0.11
prof298: calls $0.11
*** RIVER *** [4c 8s Jd 3h] [Qc]
prof298: bets $0.08
popsi200: calls $0.08
*** SHOW DOWN ***
prof298: shows [5c Jh] (a pair of Jacks)
popsi200: shows [Qd Kh] (a pair of Queens)
popsi200 collected $0.59 from pot
*** SUMMARY ***
Total pot $0.61 | Rake $0.02 
Board [4c 8s Jd 3h Qc]
Seat 1: prof298 (big blind) showed [5c Jh] and lost with a pair of Jacks
Seat 2: Dorex2007 folded before Flop (didn't bet)
Seat 3: 8Ball Clock folded on the Flop
Seat 4: Rotkeps folded before Flop (didn't bet)
Seat 5: disunited folded before Flop (didn't bet)
Seat 6: popsi200 showed [Qd Kh] and won ($0.59) with a pair of Queens
Seat 7: Gu1Lh3rMe folded before Flop (didn't bet)
Seat 8: shuhrat19744 (button) folded before Flop (didn't bet)
Seat 9: Pequod (small blind) folded before Flop



PokerStars Hand #223661518106:  Hold'em No Limit ($0.01/$0.02 USD) - 2021/02/10 14:13:06 PT [2021/02/10 17:13:06 ET]
Table 'Algedi V' 9-max Seat #9 is the button
Seat 1: prof298 ($3.23 in chips) 
Seat 2: Dorex2007 ($1.47 in chips) 
Seat 3: 8Ball Clock ($1.35 in chips) 
Seat 4: Rotkeps ($1 in chips) 
Seat 5: disunited ($2.30 in chips) 
Seat 6: popsi200 ($2.30 in chips) 
Seat 7: Gu1Lh3rMe ($2.13 in chips) 
Seat 8: shuhrat19744 ($2.08 in chips) 
Seat 9: Pequod ($2.02 in chips) 
prof298: posts small blind $0.01
Dorex2007: posts big blind $0.02
*** HOLE CARDS ***
Dealt to Dorex2007 [3d Th]
8Ball Clock: folds 
Rotkeps: folds 
disunited: folds 
popsi200: calls $0.02
Gu1Lh3rMe: folds 
shuhrat19744: folds 
Pequod: folds 
prof298: calls $0.01
Dorex2007: checks 
*** FLOP *** [8s As 9d]
prof298: checks 
Dorex2007: checks 
popsi200: bets $0.02
prof298: calls $0.02
Dorex2007: folds 
*** TURN *** [8s As 9d] [Qd]
prof298: checks 
popsi200: bets $0.02
prof298: folds 
Uncalled bet ($0.02) returned to popsi200
popsi200 collected $0.10 from pot
popsi200: doesn't show hand 
*** SUMMARY ***
Total pot $0.10 | Rake $0 
Board [8s As 9d Qd]
Seat 1: prof298 (small blind) folded on the Turn
Seat 2: Dorex2007 (big blind) folded on the Flop
Seat 3: 8Ball Clock folded before Flop (didn't bet)
Seat 4: Rotkeps folded before Flop (didn't bet)
Seat 5: disunited folded before Flop (didn't bet)
Seat 6: popsi200 collected ($0.10)
Seat 7: Gu1Lh3rMe folded before Flop (didn't bet)
Seat 8: shuhrat19744 folded before Flop (didn't bet)
Seat 9: Pequod (button) folded before Flop (didn't bet)



PokerStars Hand #223661545207:  Hold'em No Limit ($0.01/$0.02 USD) - 2021/02/10 14:13:45 PT [2021/02/10 17:13:45 ET]
Table 'Algedi V' 9-max Seat #1 is the button
Seat 1: prof298 ($3.19 in chips) 
Seat 2: Dorex2007 ($1.45 in chips) 
Seat 3: 8Ball Clock ($1.35 in chips) 
Seat 4: Rotkeps ($1 in chips) 
Seat 5: disunited ($2.30 in chips) 
Seat 6: popsi200 ($2.36 in chips) 
Seat 7: Gu1Lh3rMe ($2.13 in chips) 
Seat 8: shuhrat19744 ($2.08 in chips) 
Seat 9: Pequod ($2.02 in chips) 
Dorex2007: posts small blind $0.01
8Ball Clock: posts big blind $0.02
*** HOLE CARDS ***
Dealt to Dorex2007 [Js 7h]
Rotkeps: folds 
disunited: folds 
popsi200: folds 
Gu1Lh3rMe: folds 
shuhrat19744: folds 
Pequod: folds 
prof298: raises $0.05 to $0.07
Dorex2007: folds 
8Ball Clock: calls $0.05
*** FLOP *** [4c 4d 9c]
8Ball Clock: checks 
prof298: bets $0.07
8Ball Clock: raises $1.21 to $1.28 and is all-in
prof298: folds 
Uncalled bet ($1.21) returned to 8Ball Clock
8Ball Clock collected $0.28 from pot
*** SUMMARY ***
Total pot $0.29 | Rake $0.01 
Board [4c 4d 9c]
Seat 1: prof298 (button) folded on the Flop
Seat 2: Dorex2007 (small blind) folded before Flop
Seat 3: 8Ball Clock (big blind) collected ($0.28)
Seat 4: Rotkeps folded before Flop (didn't bet)
Seat 5: disunited folded before Flop (didn't bet)
Seat 6: popsi200 folded before Flop (didn't bet)
Seat 7: Gu1Lh3rMe folded before Flop (didn't bet)
Seat 8: shuhrat19744 folded before Flop (didn't bet)
Seat 9: Pequod folded before Flop (didn't bet)



PokerStars Hand #223661581652:  Hold'em No Limit ($0.01/$0.02 USD) - 2021/02/10 14:14:38 PT [2021/02/10 17:14:38 ET]
Table 'Algedi V' 9-max Seat #2 is the button
Seat 1: prof298 ($3.05 in chips) 
Seat 2: Dorex2007 ($1.44 in chips) 
Seat 3: 8Ball Clock ($1.49 in chips) 
Seat 4: Rotkeps ($1 in chips) 
Seat 5: disunited ($2.30 in chips) 
Seat 6: popsi200 ($2.36 in chips) 
Seat 7: Gu1Lh3rMe ($2.13 in chips) 
Seat 8: shuhrat19744 ($2.08 in chips) 
Seat 9: Pequod ($2.02 in chips) 
8Ball Clock: posts small blind $0.01
Rotkeps: posts big blind $0.02
*** HOLE CARDS ***
Dealt to Dorex2007 [8c Qc]
disunited: folds 
popsi200: folds 
Gu1Lh3rMe: folds 
shuhrat19744: folds 
Pequod: folds 
prof298: folds 
Dorex2007: raises $0.04 to $0.06
8Ball Clock: calls $0.05
Rotkeps: calls $0.04
*** FLOP *** [Tc As 8h]
8Ball Clock: checks 
Rotkeps: checks 
Dorex2007: checks 
*** TURN *** [Tc As 8h] [9h]
8Ball Clock: bets $0.09
Rotkeps: folds 
Dorex2007: folds 
Uncalled bet ($0.09) returned to 8Ball Clock
8Ball Clock collected $0.17 from pot
*** SUMMARY ***
Total pot $0.18 | Rake $0.01 
Board [Tc As 8h 9h]
Seat 1: prof298 folded before Flop (didn't bet)
Seat 2: Dorex2007 (button) folded on the Turn
Seat 3: 8Ball Clock (small blind) collected ($0.17)
Seat 4: Rotkeps (big blind) folded on the Turn
Seat 5: disunited folded before Flop (didn't bet)
Seat 6: popsi200 folded before Flop (didn't bet)
Seat 7: Gu1Lh3rMe folded before Flop (didn't bet)
Seat 8: shuhrat19744 folded before Flop (didn't bet)
Seat 9: Pequod folded before Flop (didn't bet)



PokerStars Hand #223661622444:  Hold'em No Limit ($0.01/$0.02 USD) - 2021/02/10 14:15:36 PT [2021/02/10 17:15:36 ET]
Table 'Algedi V' 9-max Seat #3 is the button
Seat 1: prof298 ($3.05 in chips) 
Seat 2: Dorex2007 ($1.38 in chips) 
Seat 3: 8Ball Clock ($1.60 in chips) 
Seat 4: Rotkeps ($0.94 in chips) 
Seat 5: disunited ($2.30 in chips) 
Seat 6: popsi200 ($2.36 in chips) 
Seat 7: Gu1Lh3rMe ($2.13 in chips) 
Seat 8: shuhrat19744 ($2.08 in chips) 
Seat 9: Pequod ($2.02 in chips) 
Rotkeps: posts small blind $0.01
disunited: posts big blind $0.02
*** HOLE CARDS ***
Dealt to Dorex2007 [Js 7c]
popsi200: folds 
Gu1Lh3rMe: calls $0.02
shuhrat19744: folds 
Pequod: folds 
prof298: calls $0.02
Dorex2007: folds 
8Ball Clock: raises $0.09 to $0.11
Rotkeps: folds 
disunited: folds 
Gu1Lh3rMe: folds 
prof298: folds 
Uncalled bet ($0.09) returned to 8Ball Clock
8Ball Clock collected $0.09 from pot
*** SUMMARY ***
Total pot $0.09 | Rake $0 
Seat 1: prof298 folded before Flop
Seat 2: Dorex2007 folded before Flop (didn't bet)
Seat 3: 8Ball Clock (button) collected ($0.09)
Seat 4: Rotkeps (small blind) folded before Flop
Seat 5: disunited (big blind) folded before Flop
Seat 6: popsi200 folded before Flop (didn't bet)
Seat 7: Gu1Lh3rMe folded before Flop
Seat 8: shuhrat19744 folded before Flop (didn't bet)
Seat 9: Pequod folded before Flop (didn't bet)



PokerStars Hand #223661642394:  Hold'em No Limit ($0.01/$0.02 USD) - 2021/02/10 14:16:05 PT [2021/02/10 17:16:05 ET]
Table 'Algedi V' 9-max Seat #4 is the button
Seat 1: prof298 ($3.03 in chips) 
Seat 2: Dorex2007 ($1.38 in chips) 
Seat 3: 8Ball Clock ($1.67 in chips) 
Seat 4: Rotkeps ($0.93 in chips) 
Seat 5: disunited ($2.28 in chips) 
Seat 6: popsi200 ($2.36 in chips) 
Seat 7: Gu1Lh3rMe ($2.11 in chips) 
Seat 8: shuhrat19744 ($2.08 in chips) 
Seat 9: Pequod ($2.02 in chips) 
disunited: posts small blind $0.01
popsi200: posts big blind $0.02
*** HOLE CARDS ***
Dealt to Dorex2007 [5d Ts]
Gu1Lh3rMe: folds 
shuhrat19744: folds 
Pequod: raises $0.04 to $0.06
prof298: folds 
Dorex2007: folds 
8Ball Clock: folds 
Rotkeps: folds 
disunited: folds 
popsi200: folds 
Uncalled bet ($0.04) returned to Pequod
Pequod collected $0.05 from pot
Pequod: doesn't show hand 
*** SUMMARY ***
Total pot $0.05 | Rake $0 
Seat 1: prof298 folded before Flop (didn't bet)
Seat 2: Dorex2007 folded before Flop (didn't bet)
Seat 3: 8Ball Clock folded before Flop (didn't bet)
Seat 4: Rotkeps (button) folded before Flop (didn't bet)
Seat 5: disunited (small blind) folded before Flop
Seat 6: popsi200 (big blind) folded before Flop
Seat 7: Gu1Lh3rMe folded before Flop (didn't bet)
Seat 8: shuhrat19744 folded before Flop (didn't bet)
Seat 9: Pequod collected ($0.05)



PokerStars Hand #223661657861:  Hold'em No Limit ($0.01/$0.02 USD) - 2021/02/10 14:16:27 PT [2021/02/10 17:16:27 ET]
Table 'Algedi V' 9-max Seat #5 is the button
Seat 1: prof298 ($3.03 in chips) 
Seat 2: Dorex2007 ($1.38 in chips) 
Seat 3: 8Ball Clock ($1.67 in chips) 
Seat 4: Rotkeps ($0.93 in chips) 
Seat 5: disunited ($2.27 in chips) 
Seat 6: popsi200 ($2.34 in chips) 
Seat 7: Gu1Lh3rMe ($2.11 in chips) 
Seat 8: shuhrat19744 ($2.08 in chips) 
Seat 9: Pequod ($2.05 in chips) 
popsi200: posts small blind $0.01
Gu1Lh3rMe: posts big blind $0.02
*** HOLE CARDS ***
Dealt to Dorex2007 [Ts 7h]
shuhrat19744: folds 
Pequod: folds 
prof298: folds 
Dorex2007: folds 
8Ball Clock: folds 
Rotkeps: folds 
disunited: folds 
popsi200: calls $0.01
Gu1Lh3rMe: checks 
*** FLOP *** [4c 8c 8s]
popsi200: bets $0.02
Gu1Lh3rMe: folds 
Uncalled bet ($0.02) returned to popsi200
popsi200 collected $0.04 from pot
popsi200: doesn't show hand 
*** SUMMARY ***
Total pot $0.04 | Rake $0 
Board [4c 8c 8s]
Seat 1: prof298 folded before Flop (didn't bet)
Seat 2: Dorex2007 folded before Flop (didn't bet)
Seat 3: 8Ball Clock folded before Flop (didn't bet)
Seat 4: Rotkeps folded before Flop (didn't bet)
Seat 5: disunited (button) folded before Flop (didn't bet)
Seat 6: popsi200 (small blind) collected ($0.04)
Seat 7: Gu1Lh3rMe (big blind) folded on the Flop
Seat 8: shuhrat19744 folded before Flop (didn't bet)
Seat 9: Pequod folded before Flop (didn't bet)



PokerStars Hand #223661670788:  Hold'em No Limit ($0.01/$0.02 USD) - 2021/02/10 14:16:45 PT [2021/02/10 17:16:45 ET]
Table 'Algedi V' 9-max Seat #6 is the button
Seat 1: prof298 ($3.03 in chips) 
Seat 2: Dorex2007 ($1.38 in chips) 
Seat 3: 8Ball Clock ($1.67 in chips) 
Seat 4: Rotkeps ($0.93 in chips) 
Seat 5: disunited ($2.27 in chips) 
Seat 6: popsi200 ($2.36 in chips) 
Seat 7: Gu1Lh3rMe ($2.09 in chips) 
Seat 8: shuhrat19744 ($2.08 in chips) 
Seat 9: Pequod ($2.05 in chips) 
Gu1Lh3rMe: posts small blind $0.01
shuhrat19744: posts big blind $0.02
*** HOLE CARDS ***
Dealt to Dorex2007 [5s Th]
Pequod: raises $0.04 to $0.06
prof298: folds 
Dorex2007: folds 
8Ball Clock: calls $0.06
Rotkeps: folds 
disunited: folds 
popsi200: folds 
Gu1Lh3rMe: folds 
shuhrat19744: folds 
*** FLOP *** [6c 3h 6h]
Pequod: bets $0.10
8Ball Clock: raises $0.17 to $0.27
Pequod: calls $0.17
*** TURN *** [6c 3h 6h] [2d]
Pequod: checks 
8Ball Clock: bets $0.34
Pequod: calls $0.34
*** RIVER *** [6c 3h 6h 2d] [Qh]
Pequod: checks 
8Ball Clock: bets $1 and is all-in
Pequod: calls $1
*** SHOW DOWN ***
8Ball Clock: shows [7h 2s] (two pair, Sixes and Deuces)
Pequod: shows [Ah Ac] (two pair, Aces and Sixes)
Pequod collected $3.25 from pot
*** SUMMARY ***
Total pot $3.37 | Rake $0.12 
Board [6c 3h 6h 2d Qh]
Seat 1: prof298 folded before Flop (didn't bet)
Seat 2: Dorex2007 folded before Flop (didn't bet)
Seat 3: 8Ball Clock showed [7h 2s] and lost with two pair, Sixes and Deuces
Seat 4: Rotkeps folded before Flop (didn't bet)
Seat 5: disunited folded before Flop (didn't bet)
Seat 6: popsi200 (button) folded before Flop (didn't bet)
Seat 7: Gu1Lh3rMe (small blind) folded before Flop
Seat 8: shuhrat19744 (big blind) folded before Flop
Seat 9: Pequod showed [Ah Ac] and won ($3.25) with two pair, Aces and Sixes



PokerStars Hand #223661715207:  Hold'em No Limit ($0.01/$0.02 USD) - 2021/02/10 14:17:50 PT [2021/02/10 17:17:50 ET]
Table 'Algedi V' 9-max Seat #7 is the button
Seat 1: prof298 ($3.03 in chips) 
Seat 2: Dorex2007 ($1.38 in chips) 
Seat 4: Rotkeps ($0.93 in chips) 
Seat 5: disunited ($2.27 in chips) 
Seat 6: popsi200 ($2.36 in chips) 
Seat 7: Gu1Lh3rMe ($2.08 in chips) 
Seat 8: shuhrat19744 ($2.06 in chips) 
shuhrat19744: posts small blind $0.01
Pequod: is sitting out 
prof298: posts big blind $0.02
*** HOLE CARDS ***
Dealt to Dorex2007 [Td 2s]
Dorex2007: folds 
Rotkeps: raises $0.04 to $0.06
disunited: calls $0.06
popsi200: calls $0.06
Gu1Lh3rMe: calls $0.06
shuhrat19744: folds 
prof298: calls $0.04
*** FLOP *** [Ks 7d Tc]
prof298: checks 
8Ball Clock leaves the table
Rotkeps: bets $0.15
disunited: folds 
popsi200: calls $0.15
Gu1Lh3rMe: calls $0.15
prof298: calls $0.15
*** TURN *** [Ks 7d Tc] [Qc]
prof298: checks 
Rotkeps: checks 
UIPzavestUEP joins the table at seat #3 
popsi200: bets $0.10
Pequod leaves the table
Gu1Lh3rMe: calls $0.10
prof298: calls $0.10
Rotkeps: folds 
*** RIVER *** [Ks 7d Tc Qc] [2d]
prof298: checks 
popsi200: bets $0.08
CPS2017 joins the table at seat #9 
Gu1Lh3rMe: raises $0.26 to $0.34
prof298: folds 
popsi200: calls $0.26
*** SHOW DOWN ***
Gu1Lh3rMe: shows [Kc Qs] (two pair, Kings and Queens)
popsi200: mucks hand 
Gu1Lh3rMe collected $1.82 from pot
*** SUMMARY ***
Total pot $1.89 | Rake $0.07 
Board [Ks 7d Tc Qc 2d]
Seat 1: prof298 (big blind) folded on the River
Seat 2: Dorex2007 folded before Flop (didn't bet)
Seat 4: Rotkeps folded on the Turn
Seat 5: disunited folded on the Flop
Seat 6: popsi200 mucked [Qd As]
Seat 7: Gu1Lh3rMe (button) showed [Kc Qs] and won ($1.82) with two pair, Kings and Queens
Seat 8: shuhrat19744 (small blind) folded before Flop



PokerStars Hand #223661764225:  Hold'em No Limit ($0.01/$0.02 USD) - 2021/02/10 14:18:59 PT [2021/02/10 17:18:59 ET]
Table 'Algedi V' 9-max Seat #8 is the button
Seat 1: prof298 ($2.72 in chips) 
Seat 2: Dorex2007 ($1.38 in chips) 
Seat 3: UIPzavestUEP ($1.60 in chips) 
Seat 4: Rotkeps ($0.72 in chips) 
Seat 5: disunited ($2.21 in chips) 
Seat 6: popsi200 ($1.71 in chips) 
Seat 7: Gu1Lh3rMe ($3.25 in chips) 
Seat 8: shuhrat19744 ($2.05 in chips) 
prof298: posts small blind $0.01
Dorex2007: posts big blind $0.02
UIPzavestUEP: posts big blind $0.02
*** HOLE CARDS ***
Dealt to Dorex2007 [8h 5c]
UIPzavestUEP: checks 
Rotkeps: folds 
disunited: folds 
popsi200: calls $0.02
Gu1Lh3rMe: folds 
shuhrat19744: raises $0.18 to $0.20
prof298: calls $0.19
Dorex2007: folds 
UIPzavestUEP: folds 
popsi200: folds 
*** FLOP *** [8d Kh Ah]
prof298: bets $0.22
shuhrat19744: raises $0.59 to $0.81
prof298: folds 
Uncalled bet ($0.59) returned to shuhrat19744
shuhrat19744 collected $0.87 from pot
shuhrat19744: doesn't show hand 
*** SUMMARY ***
Total pot $0.90 | Rake $0.03 
Board [8d Kh Ah]
Seat 1: prof298 (small blind) folded on the Flop
Seat 2: Dorex2007 (big blind) folded before Flop
Seat 3: UIPzavestUEP folded before Flop (didn't bet)
Seat 4: Rotkeps folded before Flop (didn't bet)
Seat 5: disunited folded before Flop (didn't bet)
Seat 6: popsi200 folded before Flop
Seat 7: Gu1Lh3rMe folded before Flop (didn't bet)
Seat 8: shuhrat19744 (button) collected ($0.87)



PokerStars Hand #223661798997:  Hold'em No Limit ($0.01/$0.02 USD) - 2021/02/10 14:19:50 PT [2021/02/10 17:19:50 ET]
Table 'Algedi V' 9-max Seat #1 is the button
Seat 1: prof298 ($2.30 in chips) 
Seat 2: Dorex2007 ($1.36 in chips) 
Seat 3: UIPzavestUEP ($1.58 in chips) 
Seat 4: Rotkeps ($0.72 in chips) 
Seat 5: disunited ($2.21 in chips) 
Seat 6: popsi200 ($1.69 in chips) 
Seat 7: Gu1Lh3rMe ($3.25 in chips) 
Seat 8: shuhrat19744 ($2.50 in chips) 
Seat 9: CPS2017 ($1.74 in chips) 
Dorex2007: posts small blind $0.01
UIPzavestUEP: posts big blind $0.02
CPS2017: posts big blind $0.02
*** HOLE CARDS ***
Dealt to Dorex2007 [Kh Ad]
Rotkeps: raises $0.04 to $0.06
disunited: folds 
popsi200: calls $0.06
Gu1Lh3rMe: folds 
shuhrat19744: folds 
CPS2017: folds 
prof298: folds 
prof298 leaves the table
Dorex2007: raises $0.14 to $0.20
UIPzavestUEP: folds 
Rotkeps: calls $0.14
popsi200: calls $0.14
*** FLOP *** [3s Jd 8s]
Dorex2007: bets $1.16 and is all-in
Rotkeps: folds 
popsi200: folds 
Uncalled bet ($1.16) returned to Dorex2007
Dorex2007 collected $0.62 from pot
Dorex2007: doesn't show hand 
*** SUMMARY ***
Total pot $0.64 | Rake $0.02 
Board [3s Jd 8s]
Seat 1: prof298 (button) folded before Flop (didn't bet)
Seat 2: Dorex2007 (small blind) collected ($0.62)
Seat 3: UIPzavestUEP (big blind) folded before Flop
Seat 4: Rotkeps folded on the Flop
Seat 5: disunited folded before Flop (didn't bet)
Seat 6: popsi200 folded on the Flop
Seat 7: Gu1Lh3rMe folded before Flop (didn't bet)
Seat 8: shuhrat19744 folded before Flop (didn't bet)
Seat 9: CPS2017 folded before Flop (didn't bet)



PokerStars Hand #223661827529:  Hold'em No Limit ($0.01/$0.02 USD) - 2021/02/10 14:20:31 PT [2021/02/10 17:20:31 ET]
Table 'Algedi V' 9-max Seat #2 is the button
Seat 2: Dorex2007 ($1.78 in chips) 
Seat 3: UIPzavestUEP ($1.56 in chips) 
Seat 4: Rotkeps ($0.52 in chips) 
Seat 5: disunited ($2.21 in chips) 
Seat 6: popsi200 ($1.49 in chips) 
Seat 7: Gu1Lh3rMe ($3.25 in chips) 
Seat 8: shuhrat19744 ($2.50 in chips) 
Seat 9: CPS2017 ($1.72 in chips) 
UIPzavestUEP: posts small blind $0.01
Rotkeps: posts big blind $0.02
*** HOLE CARDS ***
Dealt to Dorex2007 [2s 9s]
disunited: folds 
popsi200: calls $0.02
Gu1Lh3rMe: folds 
shuhrat19744: folds 
CPS2017: folds 
Dorex2007: folds 
UIPzavestUEP: calls $0.01
Rotkeps: checks 
*** FLOP *** [Ah Qc 7c]
UIPzavestUEP: checks 
Rotkeps: checks 
popsi200: checks 
*** TURN *** [Ah Qc 7c] [7d]
UIPzavestUEP: checks 
Rotkeps: checks 
Joathaneto joins the table at seat #1 
popsi200: checks 
*** RIVER *** [Ah Qc 7c 7d] [4d]
UIPzavestUEP: checks 
Rotkeps: checks 
popsi200: checks 
*** SHOW DOWN ***
UIPzavestUEP: shows [Tc 8c] (a pair of Sevens)
Rotkeps: mucks hand 
popsi200: mucks hand 
UIPzavestUEP collected $0.06 from pot
*** SUMMARY ***
Total pot $0.06 | Rake $0 
Board [Ah Qc 7c 7d 4d]
Seat 2: Dorex2007 (button) folded before Flop (didn't bet)
Seat 3: UIPzavestUEP (small blind) showed [Tc 8c] and won ($0.06) with a pair of Sevens
Seat 4: Rotkeps (big blind) mucked [3h 5h]
Seat 5: disunited folded before Flop (didn't bet)
Seat 6: popsi200 mucked [3s 8s]
Seat 7: Gu1Lh3rMe folded before Flop (didn't bet)
Seat 8: shuhrat19744 folded before Flop (didn't bet)
Seat 9: CPS2017 folded before Flop (didn't bet)



PokerStars Hand #223661861221:  Hold'em No Limit ($0.01/$0.02 USD) - 2021/02/10 14:21:12 PT [2021/02/10 17:21:12 ET]
Table 'Algedi V' 9-max Seat #3 is the button
Seat 2: Dorex2007 ($1.78 in chips) 
Seat 3: UIPzavestUEP ($1.60 in chips) 
Seat 5: disunited ($2.21 in chips) 
Seat 6: popsi200 ($1.47 in chips) 
Seat 7: Gu1Lh3rMe ($3.25 in chips) 
Seat 8: shuhrat19744 ($2.50 in chips) 
Seat 9: CPS2017 ($1.72 in chips) 
disunited: posts small blind $0.01
popsi200: posts big blind $0.02
Joathaneto: sits out 
*** HOLE CARDS ***
Dealt to Dorex2007 [Ad Td]
Gu1Lh3rMe: folds 
shuhrat19744: folds 
CPS2017: folds 
Dorex2007: raises $0.02 to $0.04
UIPzavestUEP: folds 
disunited: folds 
popsi200: folds 
Uncalled bet ($0.02) returned to Dorex2007
Dorex2007 collected $0.05 from pot
Dorex2007: doesn't show hand 
*** SUMMARY ***
Total pot $0.05 | Rake $0 
Seat 2: Dorex2007 collected ($0.05)
Seat 3: UIPzavestUEP (button) folded before Flop (didn't bet)
Seat 5: disunited (small blind) folded before Flop
Seat 6: popsi200 (big blind) folded before Flop
Seat 7: Gu1Lh3rMe folded before Flop (didn't bet)
Seat 8: shuhrat19744 folded before Flop (didn't bet)
Seat 9: CPS2017 folded before Flop (didn't bet)



PokerStars Hand #223661876032:  Hold'em No Limit ($0.01/$0.02 USD) - 2021/02/10 14:21:34 PT [2021/02/10 17:21:34 ET]
Table 'Algedi V' 9-max Seat #5 is the button
Seat 2: Dorex2007 ($1.81 in chips) 
Seat 3: UIPzavestUEP ($1.60 in chips) 
Seat 5: disunited ($2.20 in chips) 
Seat 6: popsi200 ($1.45 in chips) 
Seat 7: Gu1Lh3rMe ($3.25 in chips) 
Seat 8: shuhrat19744 ($2.50 in chips) 
Seat 9: CPS2017 ($1.72 in chips) 
popsi200: posts small blind $0.01
Gu1Lh3rMe: posts big blind $0.02
Joathaneto: sits out 
*** HOLE CARDS ***
Dealt to Dorex2007 [3d Td]
shuhrat19744: raises $0.02 to $0.04
CPS2017: folds 
Dorex2007: folds 
UIPzavestUEP: folds 
disunited: folds 
popsi200: folds 
Gu1Lh3rMe: calls $0.02
*** FLOP *** [6s 9s 5h]
Gu1Lh3rMe: bets $0.04
shuhrat19744: calls $0.04
*** TURN *** [6s 9s 5h] [5s]
Gu1Lh3rMe: bets $0.04
shuhrat19744: calls $0.04
*** RIVER *** [6s 9s 5h 5s] [Qc]
Gu1Lh3rMe: bets $0.04
shuhrat19744: calls $0.04
*** SHOW DOWN ***
Gu1Lh3rMe: shows [Jc 6d] (two pair, Sixes and Fives)
shuhrat19744: mucks hand 
Gu1Lh3rMe collected $0.32 from pot
*** SUMMARY ***
Total pot $0.33 | Rake $0.01 
Board [6s 9s 5h 5s Qc]
Seat 2: Dorex2007 folded before Flop (didn't bet)
Seat 3: UIPzavestUEP folded before Flop (didn't bet)
Seat 5: disunited (button) folded before Flop (didn't bet)
Seat 6: popsi200 (small blind) folded before Flop
Seat 7: Gu1Lh3rMe (big blind) showed [Jc 6d] and won ($0.32) with two pair, Sixes and Fives
Seat 8: shuhrat19744 mucked [4d 4h]
Seat 9: CPS2017 folded before Flop (didn't bet)



PokerStars Hand #223661910093:  Hold'em No Limit ($0.01/$0.02 USD) - 2021/02/10 14:22:24 PT [2021/02/10 17:22:24 ET]
Table 'Algedi V' 9-max Seat #6 is the button
Seat 1: Joathaneto ($2 in chips) 
Seat 2: Dorex2007 ($1.81 in chips) 
Seat 3: UIPzavestUEP ($1.60 in chips) 
Seat 5: disunited ($2.20 in chips) 
Seat 6: popsi200 ($1.44 in chips) 
Seat 7: Gu1Lh3rMe ($3.41 in chips) 
Seat 8: shuhrat19744 ($2.34 in chips) 
Seat 9: CPS2017 ($1.72 in chips) 
Gu1Lh3rMe: posts small blind $0.01
shuhrat19744: posts big blind $0.02
Joathaneto: posts big blind $0.02
*** HOLE CARDS ***
Dealt to Dorex2007 [4c 8s]
CPS2017: folds 
Joathaneto: raises $0.04 to $0.06
Dorex2007: folds 
UIPzavestUEP: folds 
disunited: folds 
popsi200: folds 
Gu1Lh3rMe: calls $0.05
shuhrat19744: folds 
*** FLOP *** [2c 9s As]
Gu1Lh3rMe: checks 
Joathaneto: bets $0.14
Gu1Lh3rMe: folds 
Uncalled bet ($0.14) returned to Joathaneto
Joathaneto collected $0.14 from pot
Joathaneto: doesn't show hand 
*** SUMMARY ***
Total pot $0.14 | Rake $0 
Board [2c 9s As]
Seat 1: Joathaneto collected ($0.14)
Seat 2: Dorex2007 folded before Flop (didn't bet)
Seat 3: UIPzavestUEP folded before Flop (didn't bet)
Seat 5: disunited folded before Flop (didn't bet)
Seat 6: popsi200 (button) folded before Flop (didn't bet)
Seat 7: Gu1Lh3rMe (small blind) folded on the Flop
Seat 8: shuhrat19744 (big blind) folded before Flop
Seat 9: CPS2017 folded before Flop (didn't bet)



PokerStars Hand #223661936041:  Hold'em No Limit ($0.01/$0.02 USD) - 2021/02/10 14:23:02 PT [2021/02/10 17:23:02 ET]
Table 'Algedi V' 9-max Seat #7 is the button
Seat 1: Joathaneto ($2.08 in chips) 
Seat 2: Dorex2007 ($1.81 in chips) 
Seat 3: UIPzavestUEP ($1.60 in chips) 
Seat 5: disunited ($2.20 in chips) 
Seat 6: popsi200 ($1.44 in chips) 
Seat 7: Gu1Lh3rMe ($3.35 in chips) 
Seat 8: shuhrat19744 ($2.32 in chips) 
Seat 9: CPS2017 ($1.72 in chips) 
shuhrat19744: posts small blind $0.01
CPS2017: posts big blind $0.02
*** HOLE CARDS ***
Dealt to Dorex2007 [4s 9d]
Joathaneto has timed out
Joathaneto: folds 
Dorex2007: folds 
UIPzavestUEP: calls $0.02
disunited: folds 
popsi200: folds 
Gu1Lh3rMe: folds 
shuhrat19744: calls $0.01
CPS2017: checks 
*** FLOP *** [Qc 5h Ac]
shuhrat19744: checks 
CPS2017: checks 
UIPzavestUEP: bets $0.06
shuhrat19744: raises $0.14 to $0.20
CPS2017: folds 
UIPzavestUEP: folds 
Uncalled bet ($0.14) returned to shuhrat19744
shuhrat19744 collected $0.17 from pot
shuhrat19744: doesn't show hand 
*** SUMMARY ***
Total pot $0.18 | Rake $0.01 
Board [Qc 5h Ac]
Seat 1: Joathaneto folded before Flop (didn't bet)
Seat 2: Dorex2007 folded before Flop (didn't bet)
Seat 3: UIPzavestUEP folded on the Flop
Seat 5: disunited folded before Flop (didn't bet)
Seat 6: popsi200 folded before Flop (didn't bet)
Seat 7: Gu1Lh3rMe (button) folded before Flop (didn't bet)
Seat 8: shuhrat19744 (small blind) collected ($0.17)
Seat 9: CPS2017 (big blind) folded on the Flop



PokerStars Hand #223661974093:  Hold'em No Limit ($0.01/$0.02 USD) - 2021/02/10 14:23:58 PT [2021/02/10 17:23:58 ET]
Table 'Algedi V' 9-max Seat #8 is the button
Seat 1: Joathaneto ($2.08 in chips) 
Seat 2: Dorex2007 ($1.81 in chips) 
Seat 3: UIPzavestUEP ($1.52 in chips) 
Seat 5: disunited ($2.20 in chips) 
Seat 6: popsi200 ($1.44 in chips) 
Seat 7: Gu1Lh3rMe ($3.35 in chips) 
Seat 8: shuhrat19744 ($2.41 in chips) 
Seat 9: CPS2017 ($1.70 in chips) 
CPS2017: posts small blind $0.01
Joathaneto: posts big blind $0.02
*** HOLE CARDS ***
Dealt to Dorex2007 [6s 6c]
Dorex2007: calls $0.02
UIPzavestUEP: calls $0.02
disunited: folds 
popsi200: folds 
Gu1Lh3rMe: folds 
shuhrat19744: folds 
CPS2017: calls $0.01
Joathaneto: checks 
*** FLOP *** [6h 2h Ad]
CPS2017: checks 
Joathaneto: bets $0.02
Dorex2007: raises $0.08 to $0.10
UIPzavestUEP: calls $0.10
CPS2017: folds 
Joathaneto: folds 
*** TURN *** [6h 2h Ad] [Ts]
Dorex2007: bets $0.29
UIPzavestUEP: calls $0.29
*** RIVER *** [6h 2h Ad Ts] [Ah]
Dorex2007: bets $1.40 and is all-in
UIPzavestUEP: calls $1.11 and is all-in
Uncalled bet ($0.29) returned to Dorex2007
*** SHOW DOWN ***
Dorex2007: shows [6s 6c] (a full house, Sixes full of Aces)
UIPzavestUEP: shows [Kh 9h] (a flush, Ace high)
Dorex2007 collected $2.99 from pot
*** SUMMARY ***
Total pot $3.10 | Rake $0.11 
Board [6h 2h Ad Ts Ah]
Seat 1: Joathaneto (big blind) folded on the Flop
Seat 2: Dorex2007 showed [6s 6c] and won ($2.99) with a full house, Sixes full of Aces
Seat 3: UIPzavestUEP showed [Kh 9h] and lost with a flush, Ace high
Seat 5: disunited folded before Flop (didn't bet)
Seat 6: popsi200 folded before Flop (didn't bet)
Seat 7: Gu1Lh3rMe folded before Flop (didn't bet)
Seat 8: shuhrat19744 (button) folded before Flop (didn't bet)
Seat 9: CPS2017 (small blind) folded on the Flop



PokerStars Hand #223662024037:  Hold'em No Limit ($0.01/$0.02 USD) - 2021/02/10 14:25:12 PT [2021/02/10 17:25:12 ET]
Table 'Algedi V' 9-max Seat #9 is the button
Seat 1: Joathaneto ($2.04 in chips) 
Seat 2: Dorex2007 ($3.28 in chips) 
Seat 5: disunited ($2.20 in chips) 
Seat 6: popsi200 ($1.44 in chips) 
Seat 7: Gu1Lh3rMe ($3.35 in chips) 
Seat 8: shuhrat19744 ($2.41 in chips) 
Seat 9: CPS2017 ($1.68 in chips) 
Joathaneto: posts small blind $0.01
Dorex2007: posts big blind $0.02
*** HOLE CARDS ***
Dealt to Dorex2007 [Qh 5d]
disunited: folds 
popsi200: calls $0.02
Gu1Lh3rMe: raises $0.04 to $0.06
shuhrat19744: folds 
CPS2017: folds 
Joathaneto: folds 
Dorex2007: folds 
popsi200: folds 
Uncalled bet ($0.04) returned to Gu1Lh3rMe
Gu1Lh3rMe collected $0.07 from pot
Gu1Lh3rMe: doesn't show hand 
*** SUMMARY ***
Total pot $0.07 | Rake $0 
Seat 1: Joathaneto (small blind) folded before Flop
Seat 2: Dorex2007 (big blind) folded before Flop
Seat 5: disunited folded before Flop (didn't bet)
Seat 6: popsi200 folded before Flop
Seat 7: Gu1Lh3rMe collected ($0.07)
Seat 8: shuhrat19744 folded before Flop (didn't bet)
Seat 9: CPS2017 (button) folded before Flop (didn't bet)



PokerStars Hand #223662056629:  Hold'em No Limit ($0.01/$0.02 USD) - 2021/02/10 14:25:49 PT [2021/02/10 17:25:49 ET]
Table 'Algedi V' 9-max Seat #1 is the button
Seat 1: Joathaneto ($2.03 in chips) 
Seat 2: Dorex2007 ($3.26 in chips) 
Seat 3: UIPzavestUEP ($2 in chips) 
Seat 5: disunited ($2.20 in chips) 
Seat 6: popsi200 ($1.42 in chips) 
Seat 7: Gu1Lh3rMe ($3.40 in chips) 
Seat 8: shuhrat19744 ($2.41 in chips) 
Seat 9: CPS2017 ($1.68 in chips) 
Dorex2007: posts small blind $0.01
UIPzavestUEP: posts big blind $0.02
*** HOLE CARDS ***
Dealt to Dorex2007 [Jc Kc]
disunited: folds 
popsi200: folds 
Gu1Lh3rMe: folds 
shuhrat19744: folds 
CPS2017: folds 
Joathaneto: raises $0.05 to $0.07
Dorex2007: calls $0.06
UIPzavestUEP: folds 
*** FLOP *** [2c 2h 7d]
Dorex2007: checks 
Joathaneto: checks 
*** TURN *** [2c 2h 7d] [5d]
Dorex2007: bets $0.08
Joathaneto: raises $0.31 to $0.39
Dorex2007: folds 
Uncalled bet ($0.31) returned to Joathaneto
Joathaneto collected $0.31 from pot
Joathaneto: doesn't show hand 
*** SUMMARY ***
Total pot $0.32 | Rake $0.01 
Board [2c 2h 7d 5d]
Seat 1: Joathaneto (button) collected ($0.31)
Seat 2: Dorex2007 (small blind) folded on the Turn
Seat 3: UIPzavestUEP (big blind) folded before Flop
Seat 5: disunited folded before Flop (didn't bet)
Seat 6: popsi200 folded before Flop (didn't bet)
Seat 7: Gu1Lh3rMe folded before Flop (didn't bet)
Seat 8: shuhrat19744 folded before Flop (didn't bet)
Seat 9: CPS2017 folded before Flop (didn't bet)



PokerStars Hand #223662092696:  Hold'em No Limit ($0.01/$0.02 USD) - 2021/02/10 14:26:43 PT [2021/02/10 17:26:43 ET]
Table 'Algedi V' 9-max Seat #2 is the button
Seat 1: Joathaneto ($2.19 in chips) 
Seat 2: Dorex2007 ($3.11 in chips) 
Seat 3: UIPzavestUEP ($1.98 in chips) 
Seat 5: disunited ($2.20 in chips) 
Seat 6: popsi200 ($1.42 in chips) 
Seat 7: Gu1Lh3rMe ($3.40 in chips) 
Seat 8: shuhrat19744 ($2.41 in chips) 
Seat 9: CPS2017 ($1.68 in chips) 
UIPzavestUEP: posts small blind $0.01
disunited: posts big blind $0.02
*** HOLE CARDS ***
Dealt to Dorex2007 [As 6d]
popsi200: folds 
Gu1Lh3rMe: folds 
shuhrat19744: folds 
CPS2017: folds 
Joathaneto: calls $0.02
Dorex2007: folds 
UIPzavestUEP: folds 
disunited: checks 
*** FLOP *** [9s 6c 8c]
disunited: bets $0.02
Joathaneto: folds 
Uncalled bet ($0.02) returned to disunited
disunited collected $0.05 from pot
disunited: doesn't show hand 
*** SUMMARY ***
Total pot $0.05 | Rake $0 
Board [9s 6c 8c]
Seat 1: Joathaneto folded on the Flop
Seat 2: Dorex2007 (button) folded before Flop (didn't bet)
Seat 3: UIPzavestUEP (small blind) folded before Flop
Seat 5: disunited (big blind) collected ($0.05)
Seat 6: popsi200 folded before Flop (didn't bet)
Seat 7: Gu1Lh3rMe folded before Flop (didn't bet)
Seat 8: shuhrat19744 folded before Flop (didn't bet)
Seat 9: CPS2017 folded before Flop (didn't bet)



PokerStars Hand #223662125471:  Hold'em No Limit ($0.01/$0.02 USD) - 2021/02/10 14:27:31 PT [2021/02/10 17:27:31 ET]
Table 'Algedi V' 9-max Seat #3 is the button
Seat 1: Joathaneto ($2.17 in chips) 
Seat 2: Dorex2007 ($3.11 in chips) 
Seat 3: UIPzavestUEP ($1.97 in chips) 
Seat 5: disunited ($2.23 in chips) 
Seat 7: Gu1Lh3rMe ($3.40 in chips) 
Seat 8: shuhrat19744 ($2.41 in chips) 
Seat 9: CPS2017 ($1.68 in chips) 
disunited: posts small blind $0.01
popsi200: is sitting out 
Gu1Lh3rMe: posts big blind $0.02
*** HOLE CARDS ***
Dealt to Dorex2007 [As 8h]
popsi200 leaves the table
shuhrat19744: raises $0.04 to $0.06
CPS2017: folds 
Joathaneto: calls $0.06
Dorex2007: folds 
UIPzavestUEP: calls $0.06
disunited: folds 
Gu1Lh3rMe: calls $0.04
*** FLOP *** [9h 3d Qd]
Gu1Lh3rMe: bets $0.06
shuhrat19744: raises $0.24 to $0.30
Joathaneto: folds 
UIPzavestUEP: folds 
Gu1Lh3rMe: folds 
Uncalled bet ($0.24) returned to shuhrat19744
shuhrat19744 collected $0.36 from pot
shuhrat19744: doesn't show hand 
*** SUMMARY ***
Total pot $0.37 | Rake $0.01 
Board [9h 3d Qd]
Seat 1: Joathaneto folded on the Flop
Seat 2: Dorex2007 folded before Flop (didn't bet)
Seat 3: UIPzavestUEP (button) folded on the Flop
Seat 5: disunited (small blind) folded before Flop
Seat 7: Gu1Lh3rMe (big blind) folded on the Flop
Seat 8: shuhrat19744 collected ($0.36)
Seat 9: CPS2017 folded before Flop (didn't bet)



PokerStars Hand #223662161237:  Hold'em No Limit ($0.01/$0.02 USD) - 2021/02/10 14:28:25 PT [2021/02/10 17:28:25 ET]
Table 'Algedi V' 9-max Seat #5 is the button
Seat 1: Joathaneto ($2.11 in chips) 
Seat 2: Dorex2007 ($3.11 in chips) 
Seat 3: UIPzavestUEP ($1.91 in chips) 
Seat 4: Rotkeps ($0.50 in chips) 
Seat 5: disunited ($2.22 in chips) 
Seat 7: Gu1Lh3rMe ($3.28 in chips) 
Seat 8: shuhrat19744 ($2.65 in chips) 
Seat 9: CPS2017 ($1.68 in chips) 
Gu1Lh3rMe: posts small blind $0.01
shuhrat19744: posts big blind $0.02
Rotkeps: posts small & big blinds $0.03
*** HOLE CARDS ***
Dealt to Dorex2007 [Qs 6d]
CPS2017: folds 
Joathaneto: calls $0.02
Dorex2007: folds 
UIPzavestUEP: calls $0.02
Rotkeps: checks 
disunited: folds 
Gu1Lh3rMe: calls $0.01
shuhrat19744: checks 
*** FLOP *** [Js Td Jc]
Gu1Lh3rMe: bets $0.04
shuhrat19744: folds 
Joathaneto: calls $0.04
UIPzavestUEP: calls $0.04
Rotkeps: folds 
*** TURN *** [Js Td Jc] [4s]
Gu1Lh3rMe: bets $0.06
Joathaneto: folds 
UIPzavestUEP: folds 
Uncalled bet ($0.06) returned to Gu1Lh3rMe
Gu1Lh3rMe collected $0.22 from pot
Gu1Lh3rMe: doesn't show hand 
*** SUMMARY ***
Total pot $0.23 | Rake $0.01 
Board [Js Td Jc 4s]
Seat 1: Joathaneto folded on the Turn
Seat 2: Dorex2007 folded before Flop (didn't bet)
Seat 3: UIPzavestUEP folded on the Turn
Seat 4: Rotkeps folded on the Flop (didn't bet)
Seat 5: disunited (button) folded before Flop (didn't bet)
Seat 7: Gu1Lh3rMe (small blind) collected ($0.22)
Seat 8: shuhrat19744 (big blind) folded on the Flop
Seat 9: CPS2017 folded before Flop (didn't bet)



PokerStars Hand #223662210324:  Hold'em No Limit ($0.01/$0.02 USD) - 2021/02/10 14:29:38 PT [2021/02/10 17:29:38 ET]
Table 'Algedi V' 9-max Seat #7 is the button
Seat 1: Joathaneto ($2.05 in chips) 
Seat 2: Dorex2007 ($3.11 in chips) 
Seat 3: UIPzavestUEP ($1.85 in chips) 
Seat 4: Rotkeps ($0.47 in chips) 
Seat 5: disunited ($2.22 in chips) 
Seat 7: Gu1Lh3rMe ($3.44 in chips) 
Seat 8: shuhrat19744 ($2.63 in chips) 
Seat 9: CPS2017 ($1.68 in chips) 
shuhrat19744: posts small blind $0.01
CPS2017: posts big blind $0.02
*** HOLE CARDS ***
Dealt to Dorex2007 [Ks 8c]
Joathaneto: calls $0.02
Dorex2007: folds 
UIPzavestUEP: calls $0.02
Rotkeps: folds 
disunited: folds 
Gu1Lh3rMe: folds 
shuhrat19744: folds 
CPS2017: checks 
*** FLOP *** [7h Th 8s]
CPS2017: checks 
Joathaneto: bets $0.03
UIPzavestUEP: calls $0.03
CPS2017: folds 
*** TURN *** [7h Th 8s] [8h]
Joathaneto: bets $0.13
UIPzavestUEP: calls $0.13
*** RIVER *** [7h Th 8s 8h] [7s]
Joathaneto: bets $1.87 and is all-in
UIPzavestUEP: folds 
Uncalled bet ($1.87) returned to Joathaneto
Joathaneto collected $0.38 from pot
Joathaneto: doesn't show hand 
*** SUMMARY ***
Total pot $0.39 | Rake $0.01 
Board [7h Th 8s 8h 7s]
Seat 1: Joathaneto collected ($0.38)
Seat 2: Dorex2007 folded before Flop (didn't bet)
Seat 3: UIPzavestUEP folded on the River
Seat 4: Rotkeps folded before Flop (didn't bet)
Seat 5: disunited folded before Flop (didn't bet)
Seat 7: Gu1Lh3rMe (button) folded before Flop (didn't bet)
Seat 8: shuhrat19744 (small blind) folded before Flop
Seat 9: CPS2017 (big blind) folded on the Flop



PokerStars Hand #223662251071:  Hold'em No Limit ($0.01/$0.02 USD) - 2021/02/10 14:30:40 PT [2021/02/10 17:30:40 ET]
Table 'Algedi V' 9-max Seat #8 is the button
Seat 1: Joathaneto ($2.25 in chips) 
Seat 2: Dorex2007 ($3.11 in chips) 
Seat 3: UIPzavestUEP ($1.67 in chips) 
Seat 4: Rotkeps ($0.47 in chips) 
Seat 5: disunited ($2.22 in chips) 
Seat 7: Gu1Lh3rMe ($3.44 in chips) 
Seat 8: shuhrat19744 ($2.62 in chips) 
Seat 9: CPS2017 ($1.66 in chips) 
CPS2017: posts small blind $0.01
Joathaneto: posts big blind $0.02
*** HOLE CARDS ***
Dealt to Dorex2007 [4c 6s]
Dorex2007: folds 
UIPzavestUEP: folds 
Rotkeps: folds 
disunited: raises $0.03 to $0.05
Gu1Lh3rMe: folds 
shuhrat19744: calls $0.05
CPS2017: folds 
Joathaneto: calls $0.03
*** FLOP *** [Kh As Jd]
jorgemolga joins the table at seat #6 
Joathaneto: checks 
disunited: bets $0.12
shuhrat19744: folds 
Joathaneto is disconnected 
Joathaneto is connected 
Joathaneto: calls $0.12
*** TURN *** [Kh As Jd] [7c]
Joathaneto: checks 
disunited: bets $0.24
Joathaneto: calls $0.24
*** RIVER *** [Kh As Jd 7c] [2c]
Joathaneto: checks 
disunited: checks 
*** SHOW DOWN ***
Joathaneto: shows [3h Ac] (a pair of Aces)
disunited: shows [8d Ad] (a pair of Aces - King+Jack+Eight kicker)
disunited collected $0.85 from pot
*** SUMMARY ***
Total pot $0.88 | Rake $0.03 
Board [Kh As Jd 7c 2c]
Seat 1: Joathaneto (big blind) showed [3h Ac] and lost with a pair of Aces
Seat 2: Dorex2007 folded before Flop (didn't bet)
Seat 3: UIPzavestUEP folded before Flop (didn't bet)
Seat 4: Rotkeps folded before Flop (didn't bet)
Seat 5: disunited showed [8d Ad] and won ($0.85) with a pair of Aces
Seat 7: Gu1Lh3rMe folded before Flop (didn't bet)
Seat 8: shuhrat19744 (button) folded on the Flop
Seat 9: CPS2017 (small blind) folded before Flop



PokerStars Hand #223662304151:  Hold'em No Limit ($0.01/$0.02 USD) - 2021/02/10 14:32:00 PT [2021/02/10 17:32:00 ET]
Table 'Algedi V' 9-max Seat #9 is the button
Seat 1: Joathaneto ($1.84 in chips) 
Seat 2: Dorex2007 ($3.11 in chips) 
Seat 3: UIPzavestUEP ($1.67 in chips) 
Seat 4: Rotkeps ($0.47 in chips) 
Seat 5: disunited ($2.66 in chips) 
Seat 7: Gu1Lh3rMe ($3.44 in chips) 
Seat 8: shuhrat19744 ($2.57 in chips) 
Seat 9: CPS2017 ($1.65 in chips) 
Joathaneto: posts small blind $0.01
Dorex2007: posts big blind $0.02
jorgemolga: sits out 
*** HOLE CARDS ***
Dealt to Dorex2007 [Qc Kc]
UIPzavestUEP: folds 
Rotkeps: folds 
disunited: folds 
Gu1Lh3rMe: raises $0.02 to $0.04
shuhrat19744: folds 
CPS2017: calls $0.04
Joathaneto: folds 
Dorex2007: calls $0.02
*** FLOP *** [5h 2d 8s]
Dorex2007: checks 
Gu1Lh3rMe: bets $0.06
CPS2017: raises $0.06 to $0.12
Dorex2007: folds 
Gu1Lh3rMe: calls $0.06
*** TURN *** [5h 2d 8s] [6c]
Gu1Lh3rMe: bets $0.14
CPS2017: raises $0.14 to $0.28
Gu1Lh3rMe: calls $0.14
*** RIVER *** [5h 2d 8s 6c] [9c]
Gu1Lh3rMe: checks 
CPS2017: bets $0.58
Gu1Lh3rMe: calls $0.58
*** SHOW DOWN ***
CPS2017: shows [Th Ah] (high card Ace)
Gu1Lh3rMe: shows [Qs Qd] (a pair of Queens)
Gu1Lh3rMe collected $2.02 from pot
*** SUMMARY ***
Total pot $2.09 | Rake $0.07 
Board [5h 2d 8s 6c 9c]
Seat 1: Joathaneto (small blind) folded before Flop
Seat 2: Dorex2007 (big blind) folded on the Flop
Seat 3: UIPzavestUEP folded before Flop (didn't bet)
Seat 4: Rotkeps folded before Flop (didn't bet)
Seat 5: disunited folded before Flop (didn't bet)
Seat 7: Gu1Lh3rMe showed [Qs Qd] and won ($2.02) with a pair of Queens
Seat 8: shuhrat19744 folded before Flop (didn't bet)
Seat 9: CPS2017 (button) showed [Th Ah] and lost with high card Ace



PokerStars Hand #223662344803:  Hold'em No Limit ($0.01/$0.02 USD) - 2021/02/10 14:33:02 PT [2021/02/10 17:33:02 ET]
Table 'Algedi V' 9-max Seat #1 is the button
Seat 1: Joathaneto ($1.83 in chips) 
Seat 2: Dorex2007 ($3.07 in chips) 
Seat 3: UIPzavestUEP ($1.67 in chips) 
Seat 4: Rotkeps ($0.47 in chips) 
Seat 5: disunited ($2.66 in chips) 
Seat 7: Gu1Lh3rMe ($4.44 in chips) 
Seat 8: shuhrat19744 ($2.57 in chips) 
Seat 9: CPS2017 ($0.63 in chips) 
Dorex2007: posts small blind $0.01
UIPzavestUEP: posts big blind $0.02
jorgemolga: sits out 
*** HOLE CARDS ***
Dealt to Dorex2007 [5c Ad]
Rotkeps: folds 
disunited: folds 
Gu1Lh3rMe: folds 
shuhrat19744: folds 
CPS2017: calls $0.02
Joathaneto: raises $0.02 to $0.04
Dorex2007: folds 
UIPzavestUEP: calls $0.02
CPS2017: calls $0.02
*** FLOP *** [9h 6s 6c]
UIPzavestUEP: checks 
CPS2017: checks 
Joathaneto: checks 
*** TURN *** [9h 6s 6c] [Jh]
UIPzavestUEP: checks 
CPS2017: bets $0.06
Joathaneto: folds 
UIPzavestUEP: folds 
Uncalled bet ($0.06) returned to CPS2017
CPS2017 collected $0.13 from pot
CPS2017: doesn't show hand 
*** SUMMARY ***
Total pot $0.13 | Rake $0 
Board [9h 6s 6c Jh]
Seat 1: Joathaneto (button) folded on the Turn
Seat 2: Dorex2007 (small blind) folded before Flop
Seat 3: UIPzavestUEP (big blind) folded on the Turn
Seat 4: Rotkeps folded before Flop (didn't bet)
Seat 5: disunited folded before Flop (didn't bet)
Seat 7: Gu1Lh3rMe folded before Flop (didn't bet)
Seat 8: shuhrat19744 folded before Flop (didn't bet)
Seat 9: CPS2017 collected ($0.13)



PokerStars Hand #223662385892:  Hold'em No Limit ($0.01/$0.02 USD) - 2021/02/10 14:34:05 PT [2021/02/10 17:34:05 ET]
Table 'Algedi V' 9-max Seat #2 is the button
Seat 1: Joathaneto ($1.79 in chips) 
Seat 2: Dorex2007 ($3.06 in chips) 
Seat 3: UIPzavestUEP ($1.63 in chips) 
Seat 4: Rotkeps ($0.47 in chips) 
Seat 5: disunited ($2.66 in chips) 
Seat 7: Gu1Lh3rMe ($4.44 in chips) 
Seat 8: shuhrat19744 ($2.57 in chips) 
Seat 9: CPS2017 ($0.72 in chips) 
UIPzavestUEP: posts small blind $0.01
Rotkeps: posts big blind $0.02
jorgemolga: sits out 
*** HOLE CARDS ***
Dealt to Dorex2007 [Qc 3c]
disunited: folds 
Gu1Lh3rMe: folds 
shuhrat19744: folds 
CPS2017: raises $0.06 to $0.08
Joathaneto: folds 
Dorex2007: folds 
UIPzavestUEP: folds 
Rotkeps: calls $0.06
*** FLOP *** [9h Qs 8h]
Rotkeps: checks 
CPS2017: bets $0.42
Rotkeps: calls $0.39 and is all-in
Uncalled bet ($0.03) returned to CPS2017
*** TURN *** [9h Qs 8h] [5d]
*** RIVER *** [9h Qs 8h 5d] [2h]
*** SHOW DOWN ***
Rotkeps: shows [Qd 6d] (a pair of Queens)
CPS2017: shows [Qh As] (a pair of Queens - Ace kicker)
CPS2017 collected $0.92 from pot
*** SUMMARY ***
Total pot $0.95 | Rake $0.03 
Board [9h Qs 8h 5d 2h]
Seat 1: Joathaneto folded before Flop (didn't bet)
Seat 2: Dorex2007 (button) folded before Flop (didn't bet)
Seat 3: UIPzavestUEP (small blind) folded before Flop
Seat 4: Rotkeps (big blind) showed [Qd 6d] and lost with a pair of Queens
Seat 5: disunited folded before Flop (didn't bet)
Seat 7: Gu1Lh3rMe folded before Flop (didn't bet)
Seat 8: shuhrat19744 folded before Flop (didn't bet)
Seat 9: CPS2017 showed [Qh As] and won ($0.92) with a pair of Queens



PokerStars Hand #223662420393:  Hold'em No Limit ($0.01/$0.02 USD) - 2021/02/10 14:34:47 PT [2021/02/10 17:34:47 ET]
Table 'Algedi V' 9-max Seat #3 is the button
Seat 1: Joathaneto ($1.79 in chips) 
Seat 2: Dorex2007 ($3.06 in chips) 
Seat 3: UIPzavestUEP ($1.62 in chips) 
Seat 5: disunited ($2.66 in chips) 
Seat 6: jorgemolga ($1.60 in chips) 
Seat 7: Gu1Lh3rMe ($4.44 in chips) 
Seat 8: shuhrat19744 ($2.57 in chips) 
Seat 9: CPS2017 ($1.17 in chips) 
disunited: posts small blind $0.01
jorgemolga: posts big blind $0.02
*** HOLE CARDS ***
Dealt to Dorex2007 [Jc Tc]
Gu1Lh3rMe: folds 
shuhrat19744: folds 
CPS2017: folds 
Rotkeps leaves the table
Joathaneto: raises $0.02 to $0.04
Dorex2007: calls $0.04
UIPzavestUEP: calls $0.04
disunited: folds 
jorgemolga: calls $0.02
*** FLOP *** [9s 6c Jh]
jorgemolga: checks 
Joathaneto: checks 
Tanchik757 joins the table at seat #4 
Dorex2007: bets $0.16
UIPzavestUEP: calls $0.16
jorgemolga: calls $0.16
Joathaneto: calls $0.16
*** TURN *** [9s 6c Jh] [3d]
jorgemolga: checks 
Joathaneto: bets $0.78
Dorex2007: folds 
UIPzavestUEP: folds 
jorgemolga: calls $0.78
*** RIVER *** [9s 6c Jh 3d] [7c]
jorgemolga: checks 
Joathaneto: bets $0.81 and is all-in
jorgemolga: calls $0.62 and is all-in
Uncalled bet ($0.19) returned to Joathaneto
*** SHOW DOWN ***
Joathaneto: shows [Kd Qc] (high card King)
jorgemolga: shows [Jd 4h] (a pair of Jacks)
jorgemolga collected $3.48 from pot
*** SUMMARY ***
Total pot $3.61 | Rake $0.13 
Board [9s 6c Jh 3d 7c]
Seat 1: Joathaneto showed [Kd Qc] and lost with high card King
Seat 2: Dorex2007 folded on the Turn
Seat 3: UIPzavestUEP (button) folded on the Turn
Seat 5: disunited (small blind) folded before Flop
Seat 6: jorgemolga (big blind) showed [Jd 4h] and won ($3.48) with a pair of Jacks
Seat 7: Gu1Lh3rMe folded before Flop (didn't bet)
Seat 8: shuhrat19744 folded before Flop (didn't bet)
Seat 9: CPS2017 folded before Flop (didn't bet)



PokerStars Hand #223662497080:  Hold'em No Limit ($0.01/$0.02 USD) - 2021/02/10 14:36:32 PT [2021/02/10 17:36:32 ET]
Table 'Algedi V' 9-max Seat #5 is the button
Seat 1: Joathaneto ($0.19 in chips) 
Seat 2: Dorex2007 ($2.86 in chips) 
Seat 3: UIPzavestUEP ($1.42 in chips) 
Seat 5: disunited ($2.65 in chips) 
Seat 6: jorgemolga ($3.48 in chips) 
Seat 7: Gu1Lh3rMe ($4.44 in chips) 
Seat 8: shuhrat19744 ($2.57 in chips) 
Seat 9: CPS2017 ($1.17 in chips) 
jorgemolga: posts small blind $0.01
Gu1Lh3rMe: posts big blind $0.02
Tanchik757: sits out 
*** HOLE CARDS ***
Dealt to Dorex2007 [4s 4h]
shuhrat19744: folds 
CPS2017: raises $0.04 to $0.06
Joathaneto: raises $0.13 to $0.19 and is all-in
Dorex2007: folds 
UIPzavestUEP: folds 
disunited: folds 
jorgemolga: calls $0.18
Gu1Lh3rMe: folds 
CPS2017: calls $0.13
*** FLOP *** [Jc 7h Tc]
jorgemolga: checks 
CPS2017: checks 
*** TURN *** [Jc 7h Tc] [7c]
jorgemolga: checks 
CPS2017: checks 
*** RIVER *** [Jc 7h Tc 7c] [Qs]
jorgemolga: checks 
CPS2017: checks 
*** SHOW DOWN ***
jorgemolga: shows [Qh Kc] (two pair, Queens and Sevens)
CPS2017: mucks hand 
Joathaneto: shows [2s 7s] (three of a kind, Sevens)
Joathaneto collected $0.57 from pot
*** SUMMARY ***
Total pot $0.59 | Rake $0.02 
Board [Jc 7h Tc 7c Qs]
Seat 1: Joathaneto showed [2s 7s] and won ($0.57) with three of a kind, Sevens
Seat 2: Dorex2007 folded before Flop (didn't bet)
Seat 3: UIPzavestUEP folded before Flop (didn't bet)
Seat 5: disunited (button) folded before Flop (didn't bet)
Seat 6: jorgemolga (small blind) showed [Qh Kc] and lost with two pair, Queens and Sevens
Seat 7: Gu1Lh3rMe (big blind) folded before Flop
Seat 8: shuhrat19744 folded before Flop (didn't bet)
Seat 9: CPS2017 mucked [9s Ad]



PokerStars Hand #223662524073:  Hold'em No Limit ($0.01/$0.02 USD) - 2021/02/10 14:37:13 PT [2021/02/10 17:37:13 ET]
Table 'Algedi V' 9-max Seat #6 is the button
Seat 1: Joathaneto ($0.57 in chips) 
Seat 2: Dorex2007 ($2.86 in chips) 
Seat 3: UIPzavestUEP ($1.42 in chips) 
Seat 5: disunited ($2.65 in chips) 
Seat 6: jorgemolga ($3.29 in chips) 
Seat 7: Gu1Lh3rMe ($4.42 in chips) 
Seat 8: shuhrat19744 ($2.57 in chips) 
Seat 9: CPS2017 ($0.98 in chips) 
Gu1Lh3rMe: posts small blind $0.01
shuhrat19744: posts big blind $0.02
Tanchik757: sits out 
*** HOLE CARDS ***
Dealt to Dorex2007 [6s Qs]
CPS2017: calls $0.02
Joathaneto: raises $0.55 to $0.57 and is all-in
Dorex2007: folds 
UIPzavestUEP: folds 
disunited: folds 
jorgemolga: folds 
Gu1Lh3rMe: folds 
shuhrat19744: folds 
CPS2017: folds 
Uncalled bet ($0.55) returned to Joathaneto
Joathaneto collected $0.07 from pot
Joathaneto: doesn't show hand 
*** SUMMARY ***
Total pot $0.07 | Rake $0 
Seat 1: Joathaneto collected ($0.07)
Seat 2: Dorex2007 folded before Flop (didn't bet)
Seat 3: UIPzavestUEP folded before Flop (didn't bet)
Seat 5: disunited folded before Flop (didn't bet)
Seat 6: jorgemolga (button) folded before Flop (didn't bet)
Seat 7: Gu1Lh3rMe (small blind) folded before Flop
Seat 8: shuhrat19744 (big blind) folded before Flop
Seat 9: CPS2017 folded before Flop



PokerStars Hand #223662541806:  Hold'em No Limit ($0.01/$0.02 USD) - 2021/02/10 14:37:41 PT [2021/02/10 17:37:41 ET]
Table 'Algedi V' 9-max Seat #7 is the button
Seat 1: Joathaneto ($0.62 in chips) 
Seat 2: Dorex2007 ($2.86 in chips) 
Seat 3: UIPzavestUEP ($1.42 in chips) 
Seat 5: disunited ($2.65 in chips) 
Seat 6: jorgemolga ($3.29 in chips) 
Seat 7: Gu1Lh3rMe ($4.41 in chips) 
Seat 8: shuhrat19744 ($2.55 in chips) 
Seat 9: CPS2017 ($0.96 in chips) 
shuhrat19744: posts small blind $0.01
CPS2017: posts big blind $0.02
Tanchik757: sits out 
*** HOLE CARDS ***
Dealt to Dorex2007 [7s Qh]
Joathaneto: raises $0.60 to $0.62 and is all-in
Dorex2007: folds 
UIPzavestUEP: folds 
disunited: calls $0.62
jorgemolga: folds 
Gu1Lh3rMe: folds 
shuhrat19744: folds 
CPS2017: folds 
*** FLOP *** [4h 7d Qc]
*** TURN *** [4h 7d Qc] [Tc]
*** RIVER *** [4h 7d Qc Tc] [9c]
*** SHOW DOWN ***
Joathaneto: shows [5h Jh] (high card Queen)
disunited: shows [Ah 9h] (a pair of Nines)
disunited collected $1.23 from pot
*** SUMMARY ***
Total pot $1.27 | Rake $0.04 
Board [4h 7d Qc Tc 9c]
Seat 1: Joathaneto showed [5h Jh] and lost with high card Queen
Seat 2: Dorex2007 folded before Flop (didn't bet)
Seat 3: UIPzavestUEP folded before Flop (didn't bet)
Seat 5: disunited showed [Ah 9h] and won ($1.23) with a pair of Nines
Seat 6: jorgemolga folded before Flop (didn't bet)
Seat 7: Gu1Lh3rMe (button) folded before Flop (didn't bet)
Seat 8: shuhrat19744 (small blind) folded before Flop
Seat 9: CPS2017 (big blind) folded before Flop



PokerStars Hand #223662563158:  Hold'em No Limit ($0.01/$0.02 USD) - 2021/02/10 14:38:14 PT [2021/02/10 17:38:14 ET]
Table 'Algedi V' 9-max Seat #8 is the button
Seat 2: Dorex2007 ($2.86 in chips) 
Seat 3: UIPzavestUEP ($1.42 in chips) 
Seat 5: disunited ($3.26 in chips) 
Seat 6: jorgemolga ($3.29 in chips) 
Seat 7: Gu1Lh3rMe ($4.41 in chips) 
Seat 8: shuhrat19744 ($2.54 in chips) 
Seat 9: CPS2017 ($0.94 in chips) 
CPS2017: posts small blind $0.01
Dorex2007: posts big blind $0.02
Tanchik757: sits out 
*** HOLE CARDS ***
Dealt to Dorex2007 [Js 9c]
UIPzavestUEP: folds 
disunited: folds 
jorgemolga: calls $0.02
Gu1Lh3rMe: folds 
shuhrat19744: calls $0.02
CPS2017: calls $0.01
Dorex2007: checks 
*** FLOP *** [6c 4c 8d]
CPS2017: checks 
Dorex2007: checks 
jorgemolga: checks 
shuhrat19744: checks 
*** TURN *** [6c 4c 8d] [7h]
CPS2017: checks 
Dorex2007: bets $0.08
jorgemolga: calls $0.08
shuhrat19744: folds 
CPS2017: folds 
*** RIVER *** [6c 4c 8d 7h] [3c]
Dorex2007: checks 
jorgemolga: checks 
*** SHOW DOWN ***
Dorex2007: shows [Js 9c] (high card Jack)
jorgemolga: shows [6s 7s] (two pair, Sevens and Sixes)
jorgemolga collected $0.23 from pot
*** SUMMARY ***
Total pot $0.24 | Rake $0.01 
Board [6c 4c 8d 7h 3c]
Seat 2: Dorex2007 (big blind) showed [Js 9c] and lost with high card Jack
Seat 3: UIPzavestUEP folded before Flop (didn't bet)
Seat 5: disunited folded before Flop (didn't bet)
Seat 6: jorgemolga showed [6s 7s] and won ($0.23) with two pair, Sevens and Sixes
Seat 7: Gu1Lh3rMe folded before Flop (didn't bet)
Seat 8: shuhrat19744 (button) folded on the Turn
Seat 9: CPS2017 (small blind) folded on the Turn



PokerStars Hand #223662599268:  Hold'em No Limit ($0.01/$0.02 USD) - 2021/02/10 14:39:10 PT [2021/02/10 17:39:10 ET]
Table 'Algedi V' 9-max Seat #9 is the button
Seat 2: Dorex2007 ($2.76 in chips) 
Seat 3: UIPzavestUEP ($1.42 in chips) 
Seat 5: disunited ($3.26 in chips) 
Seat 6: jorgemolga ($3.42 in chips) 
Seat 7: Gu1Lh3rMe ($4.41 in chips) 
Seat 8: shuhrat19744 ($2.52 in chips) 
Seat 9: CPS2017 ($0.92 in chips) 
Dorex2007: posts small blind $0.01
UIPzavestUEP: posts big blind $0.02
Tanchik757: sits out 
*** HOLE CARDS ***
Dealt to Dorex2007 [5c Ac]
disunited: folds 
jorgemolga: calls $0.02
Gu1Lh3rMe: folds 
shuhrat19744: folds 
CPS2017: calls $0.02
Dorex2007: calls $0.01
UIPzavestUEP: checks 
*** FLOP *** [4s 4c 3h]
Dorex2007: checks 
UIPzavestUEP: checks 
jorgemolga: checks 
CPS2017: checks 
*** TURN *** [4s 4c 3h] [7d]
Dorex2007: checks 
UIPzavestUEP: checks 
jorgemolga: checks 
CPS2017: bets $0.04
Dorex2007: calls $0.04
UIPzavestUEP: folds 
jorgemolga: calls $0.04
*** RIVER *** [4s 4c 3h 7d] [5d]
Dorex2007: checks 
jorgemolga: checks 
CPS2017: checks 
*** SHOW DOWN ***
Dorex2007: shows [5c Ac] (two pair, Fives and Fours)
jorgemolga: shows [2s Ah] (a straight, Ace to Five)
CPS2017: mucks hand 
jorgemolga collected $0.19 from pot
*** SUMMARY ***
Total pot $0.20 | Rake $0.01 
Board [4s 4c 3h 7d 5d]
Seat 2: Dorex2007 (small blind) showed [5c Ac] and lost with two pair, Fives and Fours
Seat 3: UIPzavestUEP (big blind) folded on the Turn
Seat 5: disunited folded before Flop (didn't bet)
Seat 6: jorgemolga showed [2s Ah] and won ($0.19) with a straight, Ace to Five
Seat 7: Gu1Lh3rMe folded before Flop (didn't bet)
Seat 8: shuhrat19744 folded before Flop (didn't bet)
Seat 9: CPS2017 (button) mucked [8c 7s]



PokerStars Hand #223662642123:  Hold'em No Limit ($0.01/$0.02 USD) - 2021/02/10 14:40:17 PT [2021/02/10 17:40:17 ET]
Table 'Algedi V' 9-max Seat #2 is the button
Seat 1: Joathaneto ($1.50 in chips) 
Seat 2: Dorex2007 ($2.70 in chips) 
Seat 3: UIPzavestUEP ($1.40 in chips) 
Seat 4: Tanchik757 ($1.36 in chips) 
Seat 5: disunited ($3.26 in chips) 
Seat 6: jorgemolga ($3.55 in chips) 
Seat 7: Gu1Lh3rMe ($4.41 in chips) 
Seat 8: shuhrat19744 ($2.52 in chips) 
Seat 9: CPS2017 ($0.86 in chips) 
UIPzavestUEP: posts small blind $0.01
Tanchik757: posts big blind $0.02
Joathaneto: posts small & big blinds $0.03
*** HOLE CARDS ***
Dealt to Dorex2007 [5c 7h]
disunited: folds 
jorgemolga: folds 
Gu1Lh3rMe: calls $0.02
shuhrat19744: folds 
CPS2017: folds 
Joathaneto: checks 
Dorex2007: folds 
UIPzavestUEP: folds 
Tanchik757: checks 
*** FLOP *** [4h 2h 5h]
Tanchik757: checks 
Gu1Lh3rMe: bets $0.06
Joathaneto: raises $0.06 to $0.12
Tanchik757: folds 
Gu1Lh3rMe: calls $0.06
*** TURN *** [4h 2h 5h] [Qd]
Gu1Lh3rMe: checks 
Joathaneto: bets $1.35 and is all-in
Gu1Lh3rMe: folds 
Uncalled bet ($1.35) returned to Joathaneto
Joathaneto collected $0.31 from pot
Joathaneto: doesn't show hand 
*** SUMMARY ***
Total pot $0.32 | Rake $0.01 
Board [4h 2h 5h Qd]
Seat 1: Joathaneto collected ($0.31)
Seat 2: Dorex2007 (button) folded before Flop (didn't bet)
Seat 3: UIPzavestUEP (small blind) folded before Flop
Seat 4: Tanchik757 (big blind) folded on the Flop
Seat 5: disunited folded before Flop (didn't bet)
Seat 6: jorgemolga folded before Flop (didn't bet)
Seat 7: Gu1Lh3rMe folded on the Turn
Seat 8: shuhrat19744 folded before Flop (didn't bet)
Seat 9: CPS2017 folded before Flop (didn't bet)



PokerStars Hand #223662674257:  Hold'em No Limit ($0.01/$0.02 USD) - 2021/02/10 14:41:08 PT [2021/02/10 17:41:08 ET]
Table 'Algedi V' 9-max Seat #3 is the button
Seat 1: Joathaneto ($1.66 in chips) 
Seat 2: Dorex2007 ($2.70 in chips) 
Seat 3: UIPzavestUEP ($1.39 in chips) 
Seat 4: Tanchik757 ($1.34 in chips) 
Seat 5: disunited ($3.26 in chips) 
Seat 6: jorgemolga ($3.55 in chips) 
Seat 7: Gu1Lh3rMe ($4.27 in chips) 
Seat 8: shuhrat19744 ($2.52 in chips) 
Seat 9: CPS2017 ($0.86 in chips) 
Tanchik757: posts small blind $0.01
disunited: posts big blind $0.02
*** HOLE CARDS ***
Dealt to Dorex2007 [Ad 8s]
jorgemolga: calls $0.02
Gu1Lh3rMe: folds 
shuhrat19744: calls $0.02
CPS2017: folds 
Joathaneto: folds 
Dorex2007: folds 
UIPzavestUEP: calls $0.02
Tanchik757: calls $0.01
disunited: checks 
*** FLOP *** [Ts 9d 4s]
Tanchik757: checks 
disunited: checks 
jorgemolga: checks 
shuhrat19744: checks 
UIPzavestUEP: bets $0.10
Tanchik757: folds 
disunited: folds 
jorgemolga: calls $0.10
shuhrat19744: folds 
*** TURN *** [Ts 9d 4s] [Tc]
jorgemolga: checks 
UIPzavestUEP: bets $0.29
jorgemolga: folds 
Uncalled bet ($0.29) returned to UIPzavestUEP
UIPzavestUEP collected $0.29 from pot
UIPzavestUEP: doesn't show hand 
*** SUMMARY ***
Total pot $0.30 | Rake $0.01 
Board [Ts 9d 4s Tc]
Seat 1: Joathaneto folded before Flop (didn't bet)
Seat 2: Dorex2007 folded before Flop (didn't bet)
Seat 3: UIPzavestUEP (button) collected ($0.29)
Seat 4: Tanchik757 (small blind) folded on the Flop
Seat 5: disunited (big blind) folded on the Flop
Seat 6: jorgemolga folded on the Turn
Seat 7: Gu1Lh3rMe folded before Flop (didn't bet)
Seat 8: shuhrat19744 folded on the Flop
Seat 9: CPS2017 folded before Flop (didn't bet)



PokerStars Hand #223662724311:  Hold'em No Limit ($0.01/$0.02 USD) - 2021/02/10 14:42:28 PT [2021/02/10 17:42:28 ET]
Table 'Algedi V' 9-max Seat #4 is the button
Seat 1: Joathaneto ($1.66 in chips) 
Seat 2: Dorex2007 ($2.70 in chips) 
Seat 3: UIPzavestUEP ($1.56 in chips) 
Seat 4: Tanchik757 ($1.32 in chips) 
Seat 5: disunited ($3.24 in chips) 
Seat 6: jorgemolga ($3.43 in chips) 
Seat 7: Gu1Lh3rMe ($4.27 in chips) 
Seat 8: shuhrat19744 ($2.50 in chips) 
Seat 9: CPS2017 ($0.86 in chips) 
disunited: posts small blind $0.01
jorgemolga: posts big blind $0.02
*** HOLE CARDS ***
Dealt to Dorex2007 [3d 8s]
Gu1Lh3rMe: folds 
shuhrat19744: folds 
CPS2017: raises $0.04 to $0.06
Joathaneto: folds 
Dorex2007: folds 
UIPzavestUEP: folds 
Tanchik757: folds 
disunited: folds 
jorgemolga: folds 
Uncalled bet ($0.04) returned to CPS2017
CPS2017 collected $0.05 from pot
CPS2017: doesn't show hand 
*** SUMMARY ***
Total pot $0.05 | Rake $0 
Seat 1: Joathaneto folded before Flop (didn't bet)
Seat 2: Dorex2007 folded before Flop (didn't bet)
Seat 3: UIPzavestUEP folded before Flop (didn't bet)
Seat 4: Tanchik757 (button) folded before Flop (didn't bet)
Seat 5: disunited (small blind) folded before Flop
Seat 6: jorgemolga (big blind) folded before Flop
Seat 7: Gu1Lh3rMe folded before Flop (didn't bet)
Seat 8: shuhrat19744 folded before Flop (didn't bet)
Seat 9: CPS2017 collected ($0.05)



PokerStars Hand #223662734504:  Hold'em No Limit ($0.01/$0.02 USD) - 2021/02/10 14:42:44 PT [2021/02/10 17:42:44 ET]
Table 'Algedi V' 9-max Seat #5 is the button
Seat 1: Joathaneto ($1.66 in chips) 
Seat 2: Dorex2007 ($2.70 in chips) 
Seat 3: UIPzavestUEP ($1.56 in chips) 
Seat 4: Tanchik757 ($1.32 in chips) 
Seat 5: disunited ($3.23 in chips) 
Seat 6: jorgemolga ($3.41 in chips) 
Seat 7: Gu1Lh3rMe ($4.27 in chips) 
Seat 8: shuhrat19744 ($2.50 in chips) 
Seat 9: CPS2017 ($0.89 in chips) 
jorgemolga: posts small blind $0.01
Gu1Lh3rMe: posts big blind $0.02
*** HOLE CARDS ***
Dealt to Dorex2007 [Jc 8s]
shuhrat19744: folds 
CPS2017: folds 
shuhrat19744 leaves the table
Joathaneto has timed out
Joathaneto: folds 
Dorex2007: folds 
UIPzavestUEP: folds 
Tanchik757: calls $0.02
disunited: folds 
jorgemolga: calls $0.01
Gu1Lh3rMe: checks 
*** FLOP *** [Ac 8c 2s]
jorgemolga: checks 
gersomen2791 joins the table at seat #8 
Gu1Lh3rMe: checks 
Tanchik757: bets $0.02
jorgemolga: calls $0.02
Gu1Lh3rMe: folds 
*** TURN *** [Ac 8c 2s] [Ad]
jorgemolga: checks 
Tanchik757: checks 
*** RIVER *** [Ac 8c 2s Ad] [6s]
jorgemolga: checks 
Tanchik757: checks 
*** SHOW DOWN ***
jorgemolga: shows [Ts Js] (a pair of Aces)
Tanchik757: shows [7h 8h] (two pair, Aces and Eights)
Tanchik757 collected $0.10 from pot
*** SUMMARY ***
Total pot $0.10 | Rake $0 
Board [Ac 8c 2s Ad 6s]
Seat 1: Joathaneto folded before Flop (didn't bet)
Seat 2: Dorex2007 folded before Flop (didn't bet)
Seat 3: UIPzavestUEP folded before Flop (didn't bet)
Seat 4: Tanchik757 showed [7h 8h] and won ($0.10) with two pair, Aces and Eights
Seat 5: disunited (button) folded before Flop (didn't bet)
Seat 6: jorgemolga (small blind) showed [Ts Js] and lost with a pair of Aces
Seat 7: Gu1Lh3rMe (big blind) folded on the Flop
Seat 8: shuhrat19744 folded before Flop (didn't bet)
Seat 9: CPS2017 folded before Flop (didn't bet)



PokerStars Hand #223662775914:  Hold'em No Limit ($0.01/$0.02 USD) - 2021/02/10 14:43:50 PT [2021/02/10 17:43:50 ET]
Table 'Algedi V' 9-max Seat #6 is the button
Seat 1: Joathaneto ($1.66 in chips) 
Seat 2: Dorex2007 ($2.70 in chips) 
Seat 3: UIPzavestUEP ($1.56 in chips) 
Seat 4: Tanchik757 ($1.38 in chips) 
Seat 5: disunited ($3.23 in chips) 
Seat 6: jorgemolga ($3.37 in chips) 
Seat 7: Gu1Lh3rMe ($4.25 in chips) 
Seat 8: gersomen2791 ($2 in chips) 
Seat 9: CPS2017 ($0.89 in chips) 
Gu1Lh3rMe: posts small blind $0.01
gersomen2791: posts big blind $0.02
*** HOLE CARDS ***
Dealt to Dorex2007 [9d 2h]
CPS2017 has timed out
CPS2017: folds 
Joathaneto: folds 
Dorex2007: folds 
UIPzavestUEP: calls $0.02
Tanchik757: folds 
disunited: folds 
jorgemolga: folds 
CPS2017 leaves the table
Gu1Lh3rMe: calls $0.01
gersomen2791: checks 
*** FLOP *** [3h 6h Jc]
Gu1Lh3rMe: checks 
gersomen2791: checks 
UIPzavestUEP: bets $0.06
Gu1Lh3rMe: folds 
gersomen2791: folds 
Uncalled bet ($0.06) returned to UIPzavestUEP
UIPzavestUEP collected $0.06 from pot
UIPzavestUEP: doesn't show hand 
*** SUMMARY ***
Total pot $0.06 | Rake $0 
Board [3h 6h Jc]
Seat 1: Joathaneto folded before Flop (didn't bet)
Seat 2: Dorex2007 folded before Flop (didn't bet)
Seat 3: UIPzavestUEP collected ($0.06)
Seat 4: Tanchik757 folded before Flop (didn't bet)
Seat 5: disunited folded before Flop (didn't bet)
Seat 6: jorgemolga (button) folded before Flop (didn't bet)
Seat 7: Gu1Lh3rMe (small blind) folded on the Flop
Seat 8: gersomen2791 (big blind) folded on the Flop
Seat 9: CPS2017 folded before Flop (didn't bet)



PokerStars Hand #223662808213:  Hold'em No Limit ($0.01/$0.02 USD) - 2021/02/10 14:44:42 PT [2021/02/10 17:44:42 ET]
Table 'Algedi V' 9-max Seat #7 is the button
Seat 1: Joathaneto ($1.66 in chips) 
Seat 2: Dorex2007 ($2.70 in chips) 
Seat 3: UIPzavestUEP ($1.60 in chips) 
Seat 4: Tanchik757 ($1.38 in chips) 
Seat 5: disunited ($3.23 in chips) 
Seat 6: jorgemolga ($3.37 in chips) 
Seat 7: Gu1Lh3rMe ($4.23 in chips) 
Seat 8: gersomen2791 ($2 in chips) 
gersomen2791: posts small blind $0.01
Joathaneto: posts big blind $0.02
*** HOLE CARDS ***
Dealt to Dorex2007 [7s Ts]
Dorex2007: folds 
UIPzavestUEP: calls $0.02
Tanchik757: folds 
disunited: folds 
jorgemolga: calls $0.02
Gu1Lh3rMe: raises $0.04 to $0.06
gersomen2791: folds 
Joathaneto: calls $0.04
UIPzavestUEP: calls $0.04
jorgemolga: calls $0.04
*** FLOP *** [Ad 4s 3c]
Joathaneto: bets $0.24
UIPzavestUEP: calls $0.24
jorgemolga: folds 
Gu1Lh3rMe: folds 
*** TURN *** [Ad 4s 3c] [8s]
Joathaneto: bets $0.70
UIPzavestUEP: raises $0.60 to $1.30 and is all-in
Joathaneto: calls $0.60
*** RIVER *** [Ad 4s 3c 8s] [5h]
*** SHOW DOWN ***
Joathaneto: shows [2s Ac] (a straight, Ace to Five)
UIPzavestUEP: shows [3s As] (two pair, Aces and Threes)
Joathaneto cashed out the hand for $0.44
*** SUMMARY ***
Total pot $3.33 | Rake $0.12 
Board [Ad 4s 3c 8s 5h]
Seat 1: Joathaneto (big blind) showed [2s Ac] and won ($3.21) with a straight, Ace to Five (pot not awarded as player cashed out)
Seat 2: Dorex2007 folded before Flop (didn't bet)
Seat 3: UIPzavestUEP showed [3s As] and lost with two pair, Aces and Threes
Seat 4: Tanchik757 folded before Flop (didn't bet)
Seat 5: disunited folded before Flop (didn't bet)
Seat 6: jorgemolga folded on the Flop
Seat 7: Gu1Lh3rMe (button) folded on the Flop
Seat 8: gersomen2791 (small blind) folded before Flop



PokerStars Hand #223662855388:  Hold'em No Limit ($0.01/$0.02 USD) - 2021/02/10 14:45:57 PT [2021/02/10 17:45:57 ET]
Table 'Algedi V' 9-max Seat #8 is the button
Seat 1: Joathaneto ($0.50 in chips) 
Seat 2: Dorex2007 ($2.70 in chips) 
Seat 4: Tanchik757 ($1.38 in chips) 
Seat 5: disunited ($3.23 in chips) 
Seat 6: jorgemolga ($3.31 in chips) 
Seat 7: Gu1Lh3rMe ($4.17 in chips) 
Seat 8: gersomen2791 ($2 in chips) 
Joathaneto: posts small blind $0.01
Dorex2007: posts big blind $0.02
*** HOLE CARDS ***
Dealt to Dorex2007 [Th 9d]
Tanchik757: folds 
disunited: folds 
jorgemolga: calls $0.02
Gu1Lh3rMe: folds 
doubled8ck joins the table at seat #9 
gersomen2791: folds 
Joathaneto: folds 
Dorex2007: checks 
*** FLOP *** [Qs 8s Ts]
UIPzavestUEP leaves the table
Dorex2007: checks 
jorgemolga: checks 
*** TURN *** [Qs 8s Ts] [2s]
Dorex2007: bets $0.05
jorgemolga: calls $0.05
*** RIVER *** [Qs 8s Ts 2s] [9h]
jammy604 joins the table at seat #3 
Dorex2007: checks 
jorgemolga: checks 
*** SHOW DOWN ***
Dorex2007: shows [Th 9d] (two pair, Tens and Nines)
jorgemolga: shows [Qd Jh] (a straight, Eight to Queen)
jorgemolga collected $0.14 from pot
*** SUMMARY ***
Total pot $0.15 | Rake $0.01 
Board [Qs 8s Ts 2s 9h]
Seat 1: Joathaneto (small blind) folded before Flop
Seat 2: Dorex2007 (big blind) showed [Th 9d] and lost with two pair, Tens and Nines
Seat 4: Tanchik757 folded before Flop (didn't bet)
Seat 5: disunited folded before Flop (didn't bet)
Seat 6: jorgemolga showed [Qd Jh] and won ($0.14) with a straight, Eight to Queen
Seat 7: Gu1Lh3rMe folded before Flop (didn't bet)
Seat 8: gersomen2791 (button) folded before Flop (didn't bet)



PokerStars Hand #223662881920:  Hold'em No Limit ($0.01/$0.02 USD) - 2021/02/10 14:46:40 PT [2021/02/10 17:46:40 ET]
Table 'Algedi V' 9-max Seat #1 is the button
Seat 1: Joathaneto ($0.49 in chips) 
Seat 2: Dorex2007 ($2.63 in chips) 
Seat 3: jammy604 ($0.80 in chips) 
Seat 4: Tanchik757 ($1.38 in chips) 
Seat 5: disunited ($3.23 in chips) 
Seat 6: jorgemolga ($3.38 in chips) 
Seat 7: Gu1Lh3rMe ($4.17 in chips) 
Seat 8: gersomen2791 ($2 in chips) 
Dorex2007: posts small blind $0.01
jammy604: posts big blind $0.02
doubled8ck: sits out 
*** HOLE CARDS ***
Dealt to Dorex2007 [Qc Qd]
Tanchik757 has timed out
Tanchik757: folds 
disunited: folds 
jorgemolga: folds 
Gu1Lh3rMe: folds 
gersomen2791: folds 
Joathaneto: raises $0.47 to $0.49 and is all-in
Dorex2007: calls $0.48
jammy604: folds 
*** FLOP *** [8d 9s 9d]
*** TURN *** [8d 9s 9d] [9h]
*** RIVER *** [8d 9s 9d 9h] [6s]
*** SHOW DOWN ***
Dorex2007: shows [Qc Qd] (a full house, Nines full of Queens)
Joathaneto: shows [Kc 7h] (three of a kind, Nines)
Dorex2007 collected $0.96 from pot
*** SUMMARY ***
Total pot $1 | Rake $0.04 
Board [8d 9s 9d 9h 6s]
Seat 1: Joathaneto (button) showed [Kc 7h] and lost with three of a kind, Nines
Seat 2: Dorex2007 (small blind) showed [Qc Qd] and won ($0.96) with a full house, Nines full of Queens
Seat 3: jammy604 (big blind) folded before Flop
Seat 4: Tanchik757 folded before Flop (didn't bet)
Seat 5: disunited folded before Flop (didn't bet)
Seat 6: jorgemolga folded before Flop (didn't bet)
Seat 7: Gu1Lh3rMe folded before Flop (didn't bet)
Seat 8: gersomen2791 folded before Flop (didn't bet)



PokerStars Hand #223662909189:  Hold'em No Limit ($0.01/$0.02 USD) - 2021/02/10 14:47:24 PT [2021/02/10 17:47:24 ET]
Table 'Algedi V' 9-max Seat #2 is the button
Seat 2: Dorex2007 ($3.10 in chips) 
Seat 3: jammy604 ($0.78 in chips) 
Seat 4: Tanchik757 ($1.38 in chips) 
Seat 5: disunited ($3.23 in chips) 
Seat 6: jorgemolga ($3.38 in chips) 
Seat 7: Gu1Lh3rMe ($4.17 in chips) 
Seat 8: gersomen2791 ($2 in chips) 
jammy604: posts small blind $0.01
Tanchik757: posts big blind $0.02
doubled8ck: sits out 
*** HOLE CARDS ***
Dealt to Dorex2007 [Ah Ks]
disunited: folds 
jorgemolga: folds 
Gu1Lh3rMe: folds 
Joathaneto leaves the table
gersomen2791: raises $0.03 to $0.05
Dorex2007: raises $0.05 to $0.10
Dinostzi joins the table at seat #1 
jammy604: folds 
Tanchik757: folds 
gersomen2791: calls $0.05
*** FLOP *** [9s 5h As]
gersomen2791: checks 
Dorex2007: checks 
*** TURN *** [9s 5h As] [7d]
gersomen2791: checks 
Dorex2007: bets $0.22
gersomen2791: folds 
Uncalled bet ($0.22) returned to Dorex2007
Dorex2007 collected $0.22 from pot
Dorex2007: doesn't show hand 
*** SUMMARY ***
Total pot $0.23 | Rake $0.01 
Board [9s 5h As 7d]
Seat 2: Dorex2007 (button) collected ($0.22)
Seat 3: jammy604 (small blind) folded before Flop
Seat 4: Tanchik757 (big blind) folded before Flop
Seat 5: disunited folded before Flop (didn't bet)
Seat 6: jorgemolga folded before Flop (didn't bet)
Seat 7: Gu1Lh3rMe folded before Flop (didn't bet)
Seat 8: gersomen2791 folded on the Turn



PokerStars Hand #223662936861:  Hold'em No Limit ($0.01/$0.02 USD) - 2021/02/10 14:48:09 PT [2021/02/10 17:48:09 ET]
Table 'Algedi V' 9-max Seat #3 is the button
Seat 2: Dorex2007 ($3.22 in chips) 
Seat 3: jammy604 ($0.77 in chips) 
Seat 4: Tanchik757 ($1.36 in chips) 
Seat 5: disunited ($3.23 in chips) 
Seat 6: jorgemolga ($3.38 in chips) 
Seat 7: Gu1Lh3rMe ($4.17 in chips) 
Seat 8: gersomen2791 ($2 in chips) 
Tanchik757: posts small blind $0.01
disunited: posts big blind $0.02
doubled8ck: sits out 
Dinostzi: sits out 
*** HOLE CARDS ***
Dealt to Dorex2007 [3d 8c]
jorgemolga: folds 
Gu1Lh3rMe: folds 
gersomen2791: folds 
Dorex2007: folds 
jammy604: folds 
Tanchik757: folds 
Uncalled bet ($0.01) returned to disunited
disunited collected $0.02 from pot
disunited: doesn't show hand 
*** SUMMARY ***
Total pot $0.02 | Rake $0 
Seat 2: Dorex2007 folded before Flop (didn't bet)
Seat 3: jammy604 (button) folded before Flop (didn't bet)
Seat 4: Tanchik757 (small blind) folded before Flop
Seat 5: disunited (big blind) collected ($0.02)
Seat 6: jorgemolga folded before Flop (didn't bet)
Seat 7: Gu1Lh3rMe folded before Flop (didn't bet)
Seat 8: gersomen2791 folded before Flop (didn't bet)



PokerStars Hand #223662942542:  Hold'em No Limit ($0.01/$0.02 USD) - 2021/02/10 14:48:19 PT [2021/02/10 17:48:19 ET]
Table 'Algedi V' 9-max Seat #4 is the button
Seat 2: Dorex2007 ($3.22 in chips) 
Seat 3: jammy604 ($0.77 in chips) 
Seat 4: Tanchik757 ($1.35 in chips) 
Seat 5: disunited ($3.24 in chips) 
Seat 6: jorgemolga ($3.38 in chips) 
Seat 7: Gu1Lh3rMe ($4.17 in chips) 
Seat 8: gersomen2791 ($2 in chips) 
disunited: posts small blind $0.01
jorgemolga: posts big blind $0.02
doubled8ck: sits out 
Dinostzi: sits out 
*** HOLE CARDS ***
Dealt to Dorex2007 [5c 3h]
Gu1Lh3rMe: folds 
gersomen2791: folds 
Dorex2007: folds 
jammy604: calls $0.02
Tanchik757 has timed out
Tanchik757: folds 
disunited: calls $0.01
jorgemolga: checks 
*** FLOP *** [8h Kc Ts]
disunited: checks 
jorgemolga: checks 
jammy604: checks 
*** TURN *** [8h Kc Ts] [Tc]
disunited: checks 
jorgemolga: checks 
jammy604: checks 
*** RIVER *** [8h Kc Ts Tc] [2d]
disunited: checks 
jorgemolga: checks 
jammy604: checks 
*** SHOW DOWN ***
disunited: shows [2s As] (two pair, Tens and Deuces)
jorgemolga: mucks hand 
jammy604: mucks hand 
disunited collected $0.06 from pot
*** SUMMARY ***
Total pot $0.06 | Rake $0 
Board [8h Kc Ts Tc 2d]
Seat 2: Dorex2007 folded before Flop (didn't bet)
Seat 3: jammy604 mucked [5s 3s]
Seat 4: Tanchik757 (button) folded before Flop (didn't bet)
Seat 5: disunited (small blind) showed [2s As] and won ($0.06) with two pair, Tens and Deuces
Seat 6: jorgemolga (big blind) mucked [7h 9d]
Seat 7: Gu1Lh3rMe folded before Flop (didn't bet)
Seat 8: gersomen2791 folded before Flop (didn't bet)



PokerStars Hand #223662968869:  Hold'em No Limit ($0.01/$0.02 USD) - 2021/02/10 14:49:02 PT [2021/02/10 17:49:02 ET]
Table 'Algedi V' 9-max Seat #5 is the button
Seat 2: Dorex2007 ($3.22 in chips) 
Seat 3: jammy604 ($0.75 in chips) 
Seat 5: disunited ($3.28 in chips) 
Seat 6: jorgemolga ($3.36 in chips) 
Seat 7: Gu1Lh3rMe ($4.17 in chips) 
Seat 8: gersomen2791 ($2 in chips) 
jorgemolga: posts small blind $0.01
Gu1Lh3rMe: posts big blind $0.02
doubled8ck: sits out 
Dinostzi: sits out 
*** HOLE CARDS ***
Dealt to Dorex2007 [2c 7d]
gersomen2791: folds 
Dorex2007: folds 
jammy604: calls $0.02
disunited: folds 
jorgemolga: calls $0.01
Gu1Lh3rMe: checks 
*** FLOP *** [7c 9c Js]
jorgemolga: checks 
Gu1Lh3rMe: checks 
jammy604: checks 
*** TURN *** [7c 9c Js] [Ac]
jorgemolga: checks 
Gu1Lh3rMe: checks 
jammy604: checks 
*** RIVER *** [7c 9c Js Ac] [Qc]
jorgemolga: checks 
Gu1Lh3rMe: checks 
jammy604: checks 
*** SHOW DOWN ***
jorgemolga: shows [9d 5d] (a pair of Nines)
Gu1Lh3rMe: mucks hand 
jammy604: mucks hand 
jorgemolga collected $0.06 from pot
*** SUMMARY ***
Total pot $0.06 | Rake $0 
Board [7c 9c Js Ac Qc]
Seat 2: Dorex2007 folded before Flop (didn't bet)
Seat 3: jammy604 mucked [2s 4s]
Seat 5: disunited (button) folded before Flop (didn't bet)
Seat 6: jorgemolga (small blind) showed [9d 5d] and won ($0.06) with a pair of Nines
Seat 7: Gu1Lh3rMe (big blind) mucked [6s 3h]
Seat 8: gersomen2791 folded before Flop (didn't bet)



PokerStars Hand #223663003436:  Hold'em No Limit ($0.01/$0.02 USD) - 2021/02/10 14:49:43 PT [2021/02/10 17:49:43 ET]
Table 'Algedi V' 9-max Seat #6 is the button
Seat 2: Dorex2007 ($3.22 in chips) 
Seat 3: jammy604 ($0.73 in chips) 
Seat 4: Tanchik757 ($1.35 in chips) 
Seat 5: disunited ($3.28 in chips) 
Seat 6: jorgemolga ($3.40 in chips) 
Seat 7: Gu1Lh3rMe ($4.15 in chips) 
Seat 8: gersomen2791 ($2 in chips) 
Gu1Lh3rMe: posts small blind $0.01
gersomen2791: posts big blind $0.02
doubled8ck: sits out 
Dinostzi: sits out 
*** HOLE CARDS ***
Dealt to Dorex2007 [4s 2h]
Dorex2007: folds 
jammy604: calls $0.02
Tanchik757 has timed out
Tanchik757: folds 
disunited: folds 
jorgemolga: calls $0.02
Gu1Lh3rMe: calls $0.01
gersomen2791: checks 
*** FLOP *** [7c 2d Ah]
Gu1Lh3rMe: checks 
gersomen2791: checks 
jammy604: checks 
jorgemolga: checks 
*** TURN *** [7c 2d Ah] [Kd]
Gu1Lh3rMe: checks 
gersomen2791: checks 
jammy604: bets $0.02
jorgemolga: calls $0.02
Gu1Lh3rMe: folds 
gersomen2791: folds 
*** RIVER *** [7c 2d Ah Kd] [3s]
jammy604: bets $0.04
jorgemolga: folds 
Uncalled bet ($0.04) returned to jammy604
jammy604 collected $0.12 from pot
jammy604: doesn't show hand 
*** SUMMARY ***
Total pot $0.12 | Rake $0 
Board [7c 2d Ah Kd 3s]
Seat 2: Dorex2007 folded before Flop (didn't bet)
Seat 3: jammy604 collected ($0.12)
Seat 4: Tanchik757 folded before Flop (didn't bet)
Seat 5: disunited folded before Flop (didn't bet)
Seat 6: jorgemolga (button) folded on the River
Seat 7: Gu1Lh3rMe (small blind) folded on the Turn
Seat 8: gersomen2791 (big blind) folded on the Turn



PokerStars Hand #223663035808:  Hold'em No Limit ($0.01/$0.02 USD) - 2021/02/10 14:50:36 PT [2021/02/10 17:50:36 ET]
Table 'Algedi V' 9-max Seat #7 is the button
Seat 2: Dorex2007 ($3.22 in chips) 
Seat 3: jammy604 ($0.81 in chips) 
Seat 4: Tanchik757 ($1.35 in chips) 
Seat 5: disunited ($3.28 in chips) 
Seat 6: jorgemolga ($3.36 in chips) 
Seat 7: Gu1Lh3rMe ($4.13 in chips) 
Seat 8: gersomen2791 ($2 in chips) 
Seat 9: doubled8ck ($2 in chips) 
gersomen2791: posts small blind $0.01
doubled8ck: posts big blind $0.02
Dinostzi: sits out 
*** HOLE CARDS ***
Dealt to Dorex2007 [6d Ts]
Dorex2007: folds 
jammy604: folds 
Tanchik757: folds 
disunited: raises $0.03 to $0.05
jorgemolga: folds 
Gu1Lh3rMe: calls $0.05
gersomen2791: raises $0.19 to $0.24
doubled8ck: folds 
disunited: folds 
Gu1Lh3rMe: folds 
Uncalled bet ($0.19) returned to gersomen2791
gersomen2791 collected $0.17 from pot
gersomen2791: doesn't show hand 
*** SUMMARY ***
Total pot $0.17 | Rake $0 
Seat 2: Dorex2007 folded before Flop (didn't bet)
Seat 3: jammy604 folded before Flop (didn't bet)
Seat 4: Tanchik757 folded before Flop (didn't bet)
Seat 5: disunited folded before Flop
Seat 6: jorgemolga folded before Flop (didn't bet)
Seat 7: Gu1Lh3rMe (button) folded before Flop
Seat 8: gersomen2791 (small blind) collected ($0.17)
Seat 9: doubled8ck (big blind) folded before Flop



PokerStars Hand #223663069510:  Hold'em No Limit ($0.01/$0.02 USD) - 2021/02/10 14:51:32 PT [2021/02/10 17:51:32 ET]
Table 'Algedi V' 9-max Seat #8 is the button
Seat 1: Dinostzi ($2 in chips) 
Seat 2: Dorex2007 ($3.22 in chips) 
Seat 3: jammy604 ($0.81 in chips) 
Seat 4: Tanchik757 ($1.35 in chips) 
Seat 5: disunited ($3.23 in chips) 
Seat 6: jorgemolga ($3.36 in chips) 
Seat 7: Gu1Lh3rMe ($4.08 in chips) 
Seat 8: gersomen2791 ($2.12 in chips) 
Seat 9: doubled8ck ($2 in chips) 
doubled8ck: posts small blind $0.01
Dinostzi: posts big blind $0.02
*** HOLE CARDS ***
Dealt to Dorex2007 [3s Qc]
Dorex2007: folds 
jammy604: calls $0.02
Tanchik757: folds 
disunited: folds 
jorgemolga: folds 
Gu1Lh3rMe: folds 
gersomen2791: raises $0.06 to $0.08
doubled8ck: folds 
Dinostzi: calls $0.06
jammy604: calls $0.06
*** FLOP *** [3d Jd 6d]
Dinostzi: checks 
jammy604: checks 
gersomen2791: checks 
*** TURN *** [3d Jd 6d] [9s]
Dinostzi: bets $0.16
jammy604: folds 
gersomen2791: calls $0.16
*** RIVER *** [3d Jd 6d 9s] [Jh]
Dinostzi: bets $0.28
gersomen2791: raises $0.66 to $0.94
Dinostzi: folds 
Uncalled bet ($0.66) returned to gersomen2791
gersomen2791 collected $1.09 from pot
gersomen2791: doesn't show hand 
*** SUMMARY ***
Total pot $1.13 | Rake $0.04 
Board [3d Jd 6d 9s Jh]
Seat 1: Dinostzi (big blind) folded on the River
Seat 2: Dorex2007 folded before Flop (didn't bet)
Seat 3: jammy604 folded on the Turn
Seat 4: Tanchik757 folded before Flop (didn't bet)
Seat 5: disunited folded before Flop (didn't bet)
Seat 6: jorgemolga folded before Flop (didn't bet)
Seat 7: Gu1Lh3rMe folded before Flop (didn't bet)
Seat 8: gersomen2791 (button) collected ($1.09)
Seat 9: doubled8ck (small blind) folded before Flop



PokerStars Hand #223663122555:  Hold'em No Limit ($0.01/$0.02 USD) - 2021/02/10 14:53:00 PT [2021/02/10 17:53:00 ET]
Table 'Algedi V' 9-max Seat #9 is the button
Seat 1: Dinostzi ($2 in chips) 
Seat 2: Dorex2007 ($3.22 in chips) 
Seat 3: jammy604 ($0.73 in chips) 
Seat 4: Tanchik757 ($1.35 in chips) 
Seat 5: disunited ($3.23 in chips) 
Seat 6: jorgemolga ($3.36 in chips) 
Seat 7: Gu1Lh3rMe ($4.08 in chips) 
Seat 8: gersomen2791 ($2.69 in chips) 
Seat 9: doubled8ck ($2 in chips) 
Dinostzi: posts small blind $0.01
Dorex2007: posts big blind $0.02
*** HOLE CARDS ***
Dealt to Dorex2007 [6c 9s]
jammy604: folds 
Tanchik757: folds 
disunited: raises $0.04 to $0.06
jorgemolga: folds 
Gu1Lh3rMe: folds 
gersomen2791: folds 
doubled8ck: folds 
Dinostzi: folds 
Dorex2007: folds 
Uncalled bet ($0.04) returned to disunited
disunited collected $0.05 from pot
disunited: doesn't show hand 
*** SUMMARY ***
Total pot $0.05 | Rake $0 
Seat 1: Dinostzi (small blind) folded before Flop
Seat 2: Dorex2007 (big blind) folded before Flop
Seat 3: jammy604 folded before Flop (didn't bet)
Seat 4: Tanchik757 folded before Flop (didn't bet)
Seat 5: disunited collected ($0.05)
Seat 6: jorgemolga folded before Flop (didn't bet)
Seat 7: Gu1Lh3rMe folded before Flop (didn't bet)
Seat 8: gersomen2791 folded before Flop (didn't bet)
Seat 9: doubled8ck (button) folded before Flop (didn't bet)



PokerStars Hand #223663136696:  Hold'em No Limit ($0.01/$0.02 USD) - 2021/02/10 14:53:24 PT [2021/02/10 17:53:24 ET]
Table 'Algedi V' 9-max Seat #1 is the button
Seat 1: Dinostzi ($2 in chips) 
Seat 2: Dorex2007 ($3.20 in chips) 
Seat 3: jammy604 ($0.73 in chips) 
Seat 4: Tanchik757 ($1.35 in chips) 
Seat 5: disunited ($3.26 in chips) 
Seat 6: jorgemolga ($3.36 in chips) 
Seat 7: Gu1Lh3rMe ($4.08 in chips) 
Seat 8: gersomen2791 ($2.69 in chips) 
Seat 9: doubled8ck ($2 in chips) 
Dorex2007: posts small blind $0.01
jammy604: posts big blind $0.02
*** HOLE CARDS ***
Dealt to Dorex2007 [7d 9s]
Tanchik757: folds 
disunited: raises $0.03 to $0.05
jorgemolga: folds 
Gu1Lh3rMe: folds 
gersomen2791: folds 
doubled8ck: folds 
Dinostzi: folds 
Dorex2007: folds 
jammy604: calls $0.03
*** FLOP *** [Qd 9h 7h]
jammy604: checks 
disunited: bets $0.06
jammy604: folds 
Uncalled bet ($0.06) returned to disunited
disunited collected $0.11 from pot
disunited: doesn't show hand 
*** SUMMARY ***
Total pot $0.11 | Rake $0 
Board [Qd 9h 7h]
Seat 1: Dinostzi (button) folded before Flop (didn't bet)
Seat 2: Dorex2007 (small blind) folded before Flop
Seat 3: jammy604 (big blind) folded on the Flop
Seat 4: Tanchik757 folded before Flop (didn't bet)
Seat 5: disunited collected ($0.11)
Seat 6: jorgemolga folded before Flop (didn't bet)
Seat 7: Gu1Lh3rMe folded before Flop (didn't bet)
Seat 8: gersomen2791 folded before Flop (didn't bet)
Seat 9: doubled8ck folded before Flop (didn't bet)



PokerStars Hand #223663154949:  Hold'em No Limit ($0.01/$0.02 USD) - 2021/02/10 14:53:54 PT [2021/02/10 17:53:54 ET]
Table 'Algedi V' 9-max Seat #2 is the button
Seat 1: Dinostzi ($2 in chips) 
Seat 2: Dorex2007 ($3.19 in chips) 
Seat 3: jammy604 ($0.68 in chips) 
Seat 4: Tanchik757 ($1.35 in chips) 
Seat 5: disunited ($3.32 in chips) 
Seat 6: jorgemolga ($3.36 in chips) 
Seat 7: Gu1Lh3rMe ($4.08 in chips) 
Seat 8: gersomen2791 ($2.69 in chips) 
Seat 9: doubled8ck ($2 in chips) 
jammy604: posts small blind $0.01
Tanchik757: posts big blind $0.02
*** HOLE CARDS ***
Dealt to Dorex2007 [Ac Ad]
disunited: folds 
jorgemolga: calls $0.02
Gu1Lh3rMe: folds 
gersomen2791: folds 
doubled8ck: folds 
Dinostzi: raises $0.06 to $0.08
Dorex2007: calls $0.08
jammy604: calls $0.07
Tanchik757: folds 
jorgemolga: folds 
*** FLOP *** [4d 3c Qd]
jammy604: checks 
Dinostzi: checks 
Dorex2007: bets $0.14
jammy604: folds 
Dinostzi: folds 
Uncalled bet ($0.14) returned to Dorex2007
Dorex2007 collected $0.27 from pot
Dorex2007: doesn't show hand 
*** SUMMARY ***
Total pot $0.28 | Rake $0.01 
Board [4d 3c Qd]
Seat 1: Dinostzi folded on the Flop
Seat 2: Dorex2007 (button) collected ($0.27)
Seat 3: jammy604 (small blind) folded on the Flop
Seat 4: Tanchik757 (big blind) folded before Flop
Seat 5: disunited folded before Flop (didn't bet)
Seat 6: jorgemolga folded before Flop
Seat 7: Gu1Lh3rMe folded before Flop (didn't bet)
Seat 8: gersomen2791 folded before Flop (didn't bet)
Seat 9: doubled8ck folded before Flop (didn't bet)



PokerStars Hand #223663188356:  Hold'em No Limit ($0.01/$0.02 USD) - 2021/02/10 14:54:51 PT [2021/02/10 17:54:51 ET]
Table 'Algedi V' 9-max Seat #3 is the button
Seat 1: Dinostzi ($2 in chips) 
Seat 2: Dorex2007 ($3.38 in chips) 
Seat 3: jammy604 ($0.60 in chips) 
Seat 4: Tanchik757 ($1.33 in chips) 
Seat 5: disunited ($3.32 in chips) 
Seat 6: jorgemolga ($3.34 in chips) 
Seat 7: Gu1Lh3rMe ($4.08 in chips) 
Seat 8: gersomen2791 ($2.69 in chips) 
Seat 9: doubled8ck ($2 in chips) 
Tanchik757: posts small blind $0.01
disunited: posts big blind $0.02
*** HOLE CARDS ***
Dealt to Dorex2007 [Qh Jc]
jorgemolga: folds 
Gu1Lh3rMe: folds 
gersomen2791: folds 
doubled8ck: folds 
Dinostzi: folds 
Dorex2007: calls $0.02
jammy604: raises $0.02 to $0.04
Tanchik757: folds 
disunited: calls $0.02
Dorex2007: calls $0.02
*** FLOP *** [Td Kh 7d]
disunited: checks 
Dorex2007: checks 
jammy604: bets $0.04
disunited: calls $0.04
Dorex2007: calls $0.04
*** TURN *** [Td Kh 7d] [5s]
disunited: checks 
Dorex2007: checks 
jammy604: bets $0.04
disunited: calls $0.04
Dorex2007: calls $0.04
*** RIVER *** [Td Kh 7d 5s] [2d]
disunited: checks 
Dorex2007: bets $0.18
jammy604: folds 
Gu1Lh3rMe leaves the table
disunited: folds 
Uncalled bet ($0.18) returned to Dorex2007
Dorex2007 collected $0.36 from pot
Dorex2007: doesn't show hand 
*** SUMMARY ***
Total pot $0.37 | Rake $0.01 
Board [Td Kh 7d 5s 2d]
Seat 1: Dinostzi folded before Flop (didn't bet)
Seat 2: Dorex2007 collected ($0.36)
Seat 3: jammy604 (button) folded on the River
Seat 4: Tanchik757 (small blind) folded before Flop
Seat 5: disunited (big blind) folded on the River
Seat 6: jorgemolga folded before Flop (didn't bet)
Seat 7: Gu1Lh3rMe folded before Flop (didn't bet)
Seat 8: gersomen2791 folded before Flop (didn't bet)
Seat 9: doubled8ck folded before Flop (didn't bet)



PokerStars Hand #223663218354:  Hold'em No Limit ($0.01/$0.02 USD) - 2021/02/10 14:55:54 PT [2021/02/10 17:55:54 ET]
Table 'Algedi V' 9-max Seat #4 is the button
Seat 1: Dinostzi ($2 in chips) 
Seat 2: Dorex2007 ($3.62 in chips) 
Seat 3: jammy604 ($0.48 in chips) 
Seat 4: Tanchik757 ($1.32 in chips) 
Seat 5: disunited ($3.20 in chips) 
Seat 6: jorgemolga ($3.34 in chips) 
Seat 8: gersomen2791 ($2.69 in chips) 
Seat 9: doubled8ck ($2 in chips) 
disunited: posts small blind $0.01
jorgemolga: posts big blind $0.02
*** HOLE CARDS ***
Dealt to Dorex2007 [6d 3c]
gersomen2791: folds 
Angelch626 joins the table at seat #7 
doubled8ck: folds 
Dinostzi: folds 
Dorex2007: folds 
jammy604: folds 
Tanchik757 has timed out
Tanchik757: folds 
disunited: raises $0.04 to $0.06
jorgemolga: calls $0.04
*** FLOP *** [2h Qh Kc]
disunited: bets $0.10
jorgemolga: calls $0.10
*** TURN *** [2h Qh Kc] [Ts]
disunited: checks 
jorgemolga: checks 
*** RIVER *** [2h Qh Kc Ts] [7h]
disunited: checks 
jorgemolga: checks 
*** SHOW DOWN ***
disunited: shows [8c Ad] (high card Ace)
jorgemolga: shows [9d Qc] (a pair of Queens)
jorgemolga collected $0.31 from pot
*** SUMMARY ***
Total pot $0.32 | Rake $0.01 
Board [2h Qh Kc Ts 7h]
Seat 1: Dinostzi folded before Flop (didn't bet)
Seat 2: Dorex2007 folded before Flop (didn't bet)
Seat 3: jammy604 folded before Flop (didn't bet)
Seat 4: Tanchik757 (button) folded before Flop (didn't bet)
Seat 5: disunited (small blind) showed [8c Ad] and lost with high card Ace
Seat 6: jorgemolga (big blind) showed [9d Qc] and won ($0.31) with a pair of Queens
Seat 8: gersomen2791 folded before Flop (didn't bet)
Seat 9: doubled8ck folded before Flop (didn't bet)



PokerStars Hand #223663240742:  Hold'em No Limit ($0.01/$0.02 USD) - 2021/02/10 14:56:43 PT [2021/02/10 17:56:43 ET]
Table 'Algedi V' 9-max Seat #5 is the button
Seat 1: Dinostzi ($2 in chips) 
Seat 2: Dorex2007 ($3.62 in chips) 
Seat 3: jammy604 ($0.48 in chips) 
Seat 4: Tanchik757 ($1.32 in chips) 
Seat 5: disunited ($3.04 in chips) 
Seat 6: jorgemolga ($3.49 in chips) 
Seat 7: Angelch626 ($0.80 in chips) 
Seat 8: gersomen2791 ($2.69 in chips) 
Seat 9: doubled8ck ($2 in chips) 
jorgemolga: posts small blind $0.01
Angelch626: posts big blind $0.02
*** HOLE CARDS ***
Dealt to Dorex2007 [Ac Ad]
gersomen2791: folds 
doubled8ck: folds 
Dinostzi: folds 
Dorex2007: raises $0.04 to $0.06
jammy604: folds 
Tanchik757 has timed out
Tanchik757: folds 
disunited: folds 
jorgemolga: folds 
Angelch626: folds 
Uncalled bet ($0.04) returned to Dorex2007
Dorex2007 collected $0.05 from pot
Dorex2007: doesn't show hand 
*** SUMMARY ***
Total pot $0.05 | Rake $0 
Seat 1: Dinostzi folded before Flop (didn't bet)
Seat 2: Dorex2007 collected ($0.05)
Seat 3: jammy604 folded before Flop (didn't bet)
Seat 4: Tanchik757 folded before Flop (didn't bet)
Seat 5: disunited (button) folded before Flop (didn't bet)
Seat 6: jorgemolga (small blind) folded before Flop
Seat 7: Angelch626 (big blind) folded before Flop
Seat 8: gersomen2791 folded before Flop (didn't bet)
Seat 9: doubled8ck folded before Flop (didn't bet)



