PokerStars Hand #225237110029:  Hold'em No Limit ($0.01/$0.02 USD) - 2021/03/27 9:49:44 PT [2021/03/27 12:49:44 ET]
Table 'Althaea V' 9-max Seat #9 is the button
Seat 1: King.Kristi ($1.05 in chips) 
Seat 3: Dorex2007 ($1.50 in chips) 
Seat 4: waaaaaaaa ($2.44 in chips) 
Seat 5: Frosty346 ($2.27 in chips) 
Seat 6: kolyasik2401 ($0.75 in chips) 
Seat 8: rafatantra ($2.28 in chips) 
Seat 9: w3sby ($2.73 in chips) 
King.Kristi: posts small blind $0.01
Dorex2007: posts big blind $0.02
*** HOLE CARDS ***
Dealt to Dorex2007 [4h Ac]
waaaaaaaa: folds 
Frosty346: folds 
kolyasik2401: folds 
rafatantra: folds 
w3sby: raises $0.04 to $0.06
King.Kristi: folds 
Dorex2007: folds 
Uncalled bet ($0.04) returned to w3sby
w3sby collected $0.05 from pot
w3sby: doesn't show hand 
*** SUMMARY ***
Total pot $0.05 | Rake $0 
Seat 1: King.Kristi (small blind) folded before Flop
Seat 3: Dorex2007 (big blind) folded before Flop
Seat 4: waaaaaaaa folded before Flop (didn't bet)
Seat 5: Frosty346 folded before Flop (didn't bet)
Seat 6: kolyasik2401 folded before Flop (didn't bet)
Seat 8: rafatantra folded before Flop (didn't bet)
Seat 9: w3sby (button) collected ($0.05)



PokerStars Hand #225237125221:  Hold'em No Limit ($0.01/$0.02 USD) - 2021/03/27 9:50:12 PT [2021/03/27 12:50:12 ET]
Table 'Althaea V' 9-max Seat #1 is the button
Seat 1: King.Kristi ($1.04 in chips) 
Seat 3: Dorex2007 ($1.48 in chips) 
Seat 4: waaaaaaaa ($2.44 in chips) 
Seat 5: Frosty346 ($2.27 in chips) 
Seat 6: kolyasik2401 ($0.75 in chips) 
Seat 8: rafatantra ($2.28 in chips) 
Seat 9: w3sby ($2.76 in chips) 
Dorex2007: posts small blind $0.01
waaaaaaaa: posts big blind $0.02
*** HOLE CARDS ***
Dealt to Dorex2007 [Kc 4d]
Frosty346: calls $0.02
kolyasik2401: folds 
rafatantra: folds 
w3sby: folds 
King.Kristi: folds 
Dorex2007: folds 
waaaaaaaa: checks 
*** FLOP *** [Kh 8s Ad]
waaaaaaaa: checks 
Frosty346: bets $0.04
waaaaaaaa: calls $0.04
*** TURN *** [Kh 8s Ad] [6h]
waaaaaaaa: checks 
Frosty346: checks 
*** RIVER *** [Kh 8s Ad 6h] [Ah]
waaaaaaaa: checks 
Frosty346: checks 
*** SHOW DOWN ***
waaaaaaaa: shows [8c Ks] (two pair, Aces and Kings)
Frosty346: mucks hand 
waaaaaaaa collected $0.13 from pot
*** SUMMARY ***
Total pot $0.13 | Rake $0 
Board [Kh 8s Ad 6h Ah]
Seat 1: King.Kristi (button) folded before Flop (didn't bet)
Seat 3: Dorex2007 (small blind) folded before Flop
Seat 4: waaaaaaaa (big blind) showed [8c Ks] and won ($0.13) with two pair, Aces and Kings
Seat 5: Frosty346 mucked [9s 7s]
Seat 6: kolyasik2401 folded before Flop (didn't bet)
Seat 8: rafatantra folded before Flop (didn't bet)
Seat 9: w3sby folded before Flop (didn't bet)



PokerStars Hand #225237150434:  Hold'em No Limit ($0.01/$0.02 USD) - 2021/03/27 9:50:53 PT [2021/03/27 12:50:53 ET]
Table 'Althaea V' 9-max Seat #3 is the button
Seat 1: King.Kristi ($1.04 in chips) 
Seat 3: Dorex2007 ($1.47 in chips) 
Seat 4: waaaaaaaa ($2.51 in chips) 
Seat 5: Frosty346 ($2.21 in chips) 
Seat 6: kolyasik2401 ($0.75 in chips) 
Seat 8: rafatantra ($2.28 in chips) 
Seat 9: w3sby ($2.76 in chips) 
waaaaaaaa: posts small blind $0.01
Frosty346: posts big blind $0.02
Hellraiser838: sits out 
*** HOLE CARDS ***
Dealt to Dorex2007 [8s 4s]
kolyasik2401: folds 
rafatantra: folds 
w3sby: folds 
King.Kristi: folds 
Dorex2007: folds 
waaaaaaaa: folds 
Uncalled bet ($0.01) returned to Frosty346
Frosty346 collected $0.02 from pot
Frosty346: doesn't show hand 
*** SUMMARY ***
Total pot $0.02 | Rake $0 
Seat 1: King.Kristi folded before Flop (didn't bet)
Seat 3: Dorex2007 (button) folded before Flop (didn't bet)
Seat 4: waaaaaaaa (small blind) folded before Flop
Seat 5: Frosty346 (big blind) collected ($0.02)
Seat 6: kolyasik2401 folded before Flop (didn't bet)
Seat 8: rafatantra folded before Flop (didn't bet)
Seat 9: w3sby folded before Flop (didn't bet)



PokerStars Hand #225237159808:  Hold'em No Limit ($0.01/$0.02 USD) - 2021/03/27 9:51:11 PT [2021/03/27 12:51:11 ET]
Table 'Althaea V' 9-max Seat #4 is the button
Seat 1: King.Kristi ($1.04 in chips) 
Seat 3: Dorex2007 ($1.47 in chips) 
Seat 4: waaaaaaaa ($2.50 in chips) 
Seat 5: Frosty346 ($2.22 in chips) 
Seat 6: kolyasik2401 ($0.75 in chips) 
Seat 8: rafatantra ($2.28 in chips) 
Seat 9: w3sby ($2.76 in chips) 
Frosty346: posts small blind $0.01
kolyasik2401: posts big blind $0.02
Hellraiser838: sits out 
*** HOLE CARDS ***
Dealt to Dorex2007 [2c 5c]
rafatantra: calls $0.02
w3sby: folds 
King.Kristi: folds 
Dorex2007: folds 
waaaaaaaa: folds 
Frosty346: calls $0.01
kolyasik2401: checks 
*** FLOP *** [Jh Qd 6c]
Frosty346: bets $0.04
kolyasik2401: folds 
rafatantra: folds 
Uncalled bet ($0.04) returned to Frosty346
Frosty346 collected $0.06 from pot
Frosty346: doesn't show hand 
*** SUMMARY ***
Total pot $0.06 | Rake $0 
Board [Jh Qd 6c]
Seat 1: King.Kristi folded before Flop (didn't bet)
Seat 3: Dorex2007 folded before Flop (didn't bet)
Seat 4: waaaaaaaa (button) folded before Flop (didn't bet)
Seat 5: Frosty346 (small blind) collected ($0.06)
Seat 6: kolyasik2401 (big blind) folded on the Flop
Seat 8: rafatantra folded on the Flop
Seat 9: w3sby folded before Flop (didn't bet)



PokerStars Hand #225237175896:  Hold'em No Limit ($0.01/$0.02 USD) - 2021/03/27 9:51:41 PT [2021/03/27 12:51:41 ET]
Table 'Althaea V' 9-max Seat #5 is the button
Seat 1: King.Kristi ($1.04 in chips) 
Seat 3: Dorex2007 ($1.47 in chips) 
Seat 4: waaaaaaaa ($2.50 in chips) 
Seat 5: Frosty346 ($2.26 in chips) 
Seat 6: kolyasik2401 ($0.73 in chips) 
Seat 7: Hellraiser838 ($1.67 in chips) 
Seat 8: rafatantra ($2.26 in chips) 
Seat 9: w3sby ($2.76 in chips) 
kolyasik2401: posts small blind $0.01
Hellraiser838: posts big blind $0.02
*** HOLE CARDS ***
Dealt to Dorex2007 [7s 6c]
rafatantra: folds 
w3sby has timed out
w3sby: folds 
King.Kristi: folds 
Dorex2007: folds 
waaaaaaaa: folds 
Frosty346: folds 
kolyasik2401: calls $0.01
Hellraiser838: checks 
*** FLOP *** [4h 8d 6h]
kolyasik2401: checks 
Hellraiser838: checks 
*** TURN *** [4h 8d 6h] [Qc]
kolyasik2401: bets $0.02
Hellraiser838: folds 
Uncalled bet ($0.02) returned to kolyasik2401
kolyasik2401 collected $0.04 from pot
kolyasik2401: doesn't show hand 
*** SUMMARY ***
Total pot $0.04 | Rake $0 
Board [4h 8d 6h Qc]
Seat 1: King.Kristi folded before Flop (didn't bet)
Seat 3: Dorex2007 folded before Flop (didn't bet)
Seat 4: waaaaaaaa folded before Flop (didn't bet)
Seat 5: Frosty346 (button) folded before Flop (didn't bet)
Seat 6: kolyasik2401 (small blind) collected ($0.04)
Seat 7: Hellraiser838 (big blind) folded on the Turn
Seat 8: rafatantra folded before Flop (didn't bet)
Seat 9: w3sby folded before Flop (didn't bet)



PokerStars Hand #225237201804:  Hold'em No Limit ($0.01/$0.02 USD) - 2021/03/27 9:52:30 PT [2021/03/27 12:52:30 ET]
Table 'Althaea V' 9-max Seat #6 is the button
Seat 1: King.Kristi ($1.04 in chips) 
Seat 3: Dorex2007 ($1.47 in chips) 
Seat 4: waaaaaaaa ($2.50 in chips) 
Seat 5: Frosty346 ($2.26 in chips) 
Seat 6: kolyasik2401 ($0.75 in chips) 
Seat 7: Hellraiser838 ($1.65 in chips) 
Seat 8: rafatantra ($2.26 in chips) 
Seat 9: w3sby ($2.76 in chips) 
Hellraiser838: posts small blind $0.01
rafatantra: posts big blind $0.02
RGeroyev: sits out 
*** HOLE CARDS ***
Dealt to Dorex2007 [Qc 4d]
w3sby: folds 
King.Kristi: folds 
Dorex2007: folds 
waaaaaaaa: folds 
Frosty346: folds 
kolyasik2401: folds 
Hellraiser838: folds 
Uncalled bet ($0.01) returned to rafatantra
rafatantra collected $0.02 from pot
rafatantra: doesn't show hand 
*** SUMMARY ***
Total pot $0.02 | Rake $0 
Seat 1: King.Kristi folded before Flop (didn't bet)
Seat 3: Dorex2007 folded before Flop (didn't bet)
Seat 4: waaaaaaaa folded before Flop (didn't bet)
Seat 5: Frosty346 folded before Flop (didn't bet)
Seat 6: kolyasik2401 (button) folded before Flop (didn't bet)
Seat 7: Hellraiser838 (small blind) folded before Flop
Seat 8: rafatantra (big blind) collected ($0.02)
Seat 9: w3sby folded before Flop (didn't bet)



PokerStars Hand #225237207950:  Hold'em No Limit ($0.01/$0.02 USD) - 2021/03/27 9:52:42 PT [2021/03/27 12:52:42 ET]
Table 'Althaea V' 9-max Seat #7 is the button
Seat 1: King.Kristi ($1.04 in chips) 
Seat 3: Dorex2007 ($1.47 in chips) 
Seat 4: waaaaaaaa ($2.50 in chips) 
Seat 5: Frosty346 ($2.26 in chips) 
Seat 6: kolyasik2401 ($0.75 in chips) 
Seat 7: Hellraiser838 ($1.64 in chips) 
Seat 8: rafatantra ($2.27 in chips) 
Seat 9: w3sby ($2.76 in chips) 
rafatantra: posts small blind $0.01
w3sby: posts big blind $0.02
RGeroyev: sits out 
*** HOLE CARDS ***
Dealt to Dorex2007 [Tc 8d]
King.Kristi: folds 
Dorex2007: folds 
waaaaaaaa: raises $0.04 to $0.06
Frosty346: folds 
kolyasik2401: folds 
Hellraiser838: folds 
rafatantra: folds 
w3sby: folds 
Uncalled bet ($0.04) returned to waaaaaaaa
waaaaaaaa collected $0.05 from pot
waaaaaaaa: doesn't show hand 
*** SUMMARY ***
Total pot $0.05 | Rake $0 
Seat 1: King.Kristi folded before Flop (didn't bet)
Seat 3: Dorex2007 folded before Flop (didn't bet)
Seat 4: waaaaaaaa collected ($0.05)
Seat 5: Frosty346 folded before Flop (didn't bet)
Seat 6: kolyasik2401 folded before Flop (didn't bet)
Seat 7: Hellraiser838 (button) folded before Flop (didn't bet)
Seat 8: rafatantra (small blind) folded before Flop
Seat 9: w3sby (big blind) folded before Flop



PokerStars Hand #225237216969:  Hold'em No Limit ($0.01/$0.02 USD) - 2021/03/27 9:52:58 PT [2021/03/27 12:52:58 ET]
Table 'Althaea V' 9-max Seat #8 is the button
Seat 1: King.Kristi ($1.04 in chips) 
Seat 3: Dorex2007 ($1.47 in chips) 
Seat 4: waaaaaaaa ($2.53 in chips) 
Seat 5: Frosty346 ($2.26 in chips) 
Seat 6: kolyasik2401 ($0.75 in chips) 
Seat 7: Hellraiser838 ($1.64 in chips) 
Seat 8: rafatantra ($2.26 in chips) 
Seat 9: w3sby ($2.74 in chips) 
w3sby: posts small blind $0.01
King.Kristi: posts big blind $0.02
RGeroyev: sits out 
*** HOLE CARDS ***
Dealt to Dorex2007 [3c 8h]
Dorex2007: folds 
waaaaaaaa: folds 
Frosty346: calls $0.02
kolyasik2401: folds 
Hellraiser838: folds 
rafatantra: folds 
w3sby: folds 
King.Kristi: checks 
*** FLOP *** [Jh 2h 8s]
King.Kristi: checks 
Frosty346: checks 
*** TURN *** [Jh 2h 8s] [Kc]
King.Kristi: checks 
Frosty346: checks 
*** RIVER *** [Jh 2h 8s Kc] [Td]
King.Kristi: bets $0.05
Frosty346: folds 
Uncalled bet ($0.05) returned to King.Kristi
King.Kristi collected $0.05 from pot
King.Kristi: doesn't show hand 
*** SUMMARY ***
Total pot $0.05 | Rake $0 
Board [Jh 2h 8s Kc Td]
Seat 1: King.Kristi (big blind) collected ($0.05)
Seat 3: Dorex2007 folded before Flop (didn't bet)
Seat 4: waaaaaaaa folded before Flop (didn't bet)
Seat 5: Frosty346 folded on the River
Seat 6: kolyasik2401 folded before Flop (didn't bet)
Seat 7: Hellraiser838 folded before Flop (didn't bet)
Seat 8: rafatantra (button) folded before Flop (didn't bet)
Seat 9: w3sby (small blind) folded before Flop



PokerStars Hand #225237251695:  Hold'em No Limit ($0.01/$0.02 USD) - 2021/03/27 9:53:50 PT [2021/03/27 12:53:50 ET]
Table 'Althaea V' 9-max Seat #9 is the button
Seat 1: King.Kristi ($1.07 in chips) 
Seat 2: RGeroyev ($0.55 in chips) 
Seat 3: Dorex2007 ($1.47 in chips) 
Seat 4: waaaaaaaa ($2.53 in chips) 
Seat 5: Frosty346 ($2.24 in chips) 
Seat 6: kolyasik2401 ($0.75 in chips) 
Seat 7: Hellraiser838 ($1.64 in chips) 
Seat 8: rafatantra ($2.26 in chips) 
Seat 9: w3sby ($2.73 in chips) 
King.Kristi: posts small blind $0.01
RGeroyev: posts big blind $0.02
*** HOLE CARDS ***
Dealt to Dorex2007 [Jd 7s]
Dorex2007: folds 
waaaaaaaa: folds 
Frosty346: folds 
kolyasik2401: folds 
Hellraiser838: raises $0.02 to $0.04
rafatantra: calls $0.04
w3sby: raises $0.12 to $0.16
King.Kristi: folds 
RGeroyev: folds 
Hellraiser838: folds 
rafatantra: calls $0.12
*** FLOP *** [Ks Td 5c]
rafatantra: checks 
w3sby: bets $0.19
rafatantra: folds 
Uncalled bet ($0.19) returned to w3sby
w3sby collected $0.38 from pot
w3sby: doesn't show hand 
*** SUMMARY ***
Total pot $0.39 | Rake $0.01 
Board [Ks Td 5c]
Seat 1: King.Kristi (small blind) folded before Flop
Seat 2: RGeroyev (big blind) folded before Flop
Seat 3: Dorex2007 folded before Flop (didn't bet)
Seat 4: waaaaaaaa folded before Flop (didn't bet)
Seat 5: Frosty346 folded before Flop (didn't bet)
Seat 6: kolyasik2401 folded before Flop (didn't bet)
Seat 7: Hellraiser838 folded before Flop
Seat 8: rafatantra folded on the Flop
Seat 9: w3sby (button) collected ($0.38)



PokerStars Hand #225237283936:  Hold'em No Limit ($0.01/$0.02 USD) - 2021/03/27 9:54:51 PT [2021/03/27 12:54:51 ET]
Table 'Althaea V' 9-max Seat #1 is the button
Seat 1: King.Kristi ($1.06 in chips) 
Seat 2: RGeroyev ($0.53 in chips) 
Seat 3: Dorex2007 ($1.47 in chips) 
Seat 4: waaaaaaaa ($2.53 in chips) 
Seat 5: Frosty346 ($2.24 in chips) 
Seat 6: kolyasik2401 ($0.75 in chips) 
Seat 7: Hellraiser838 ($1.60 in chips) 
Seat 8: rafatantra ($2.10 in chips) 
Seat 9: w3sby ($2.95 in chips) 
RGeroyev: posts small blind $0.01
Dorex2007: posts big blind $0.02
*** HOLE CARDS ***
Dealt to Dorex2007 [9d Jh]
waaaaaaaa: folds 
Frosty346: folds 
kolyasik2401: folds 
Hellraiser838: folds 
rafatantra: folds 
w3sby: folds 
King.Kristi: folds 
RGeroyev: folds 
Uncalled bet ($0.01) returned to Dorex2007
Dorex2007 collected $0.02 from pot
Dorex2007: doesn't show hand 
*** SUMMARY ***
Total pot $0.02 | Rake $0 
Seat 1: King.Kristi (button) folded before Flop (didn't bet)
Seat 2: RGeroyev (small blind) folded before Flop
Seat 3: Dorex2007 (big blind) collected ($0.02)
Seat 4: waaaaaaaa folded before Flop (didn't bet)
Seat 5: Frosty346 folded before Flop (didn't bet)
Seat 6: kolyasik2401 folded before Flop (didn't bet)
Seat 7: Hellraiser838 folded before Flop (didn't bet)
Seat 8: rafatantra folded before Flop (didn't bet)
Seat 9: w3sby folded before Flop (didn't bet)



PokerStars Hand #225237290882:  Hold'em No Limit ($0.01/$0.02 USD) - 2021/03/27 9:55:04 PT [2021/03/27 12:55:04 ET]
Table 'Althaea V' 9-max Seat #2 is the button
Seat 1: King.Kristi ($1.06 in chips) 
Seat 2: RGeroyev ($0.52 in chips) 
Seat 3: Dorex2007 ($1.48 in chips) 
Seat 4: waaaaaaaa ($2.53 in chips) 
Seat 5: Frosty346 ($2.24 in chips) 
Seat 6: kolyasik2401 ($0.75 in chips) 
Seat 7: Hellraiser838 ($1.60 in chips) 
Seat 8: rafatantra ($2.10 in chips) 
Seat 9: w3sby ($2.95 in chips) 
Dorex2007: posts small blind $0.01
waaaaaaaa: posts big blind $0.02
*** HOLE CARDS ***
Dealt to Dorex2007 [3c 9c]
Frosty346: folds 
kolyasik2401: folds 
Hellraiser838: calls $0.02
rafatantra: folds 
w3sby: folds 
King.Kristi: folds 
RGeroyev: folds 
Dorex2007: folds 
waaaaaaaa: checks 
*** FLOP *** [Kh 6c 5d]
waaaaaaaa: checks 
Hellraiser838: bets $0.06
waaaaaaaa: folds 
Uncalled bet ($0.06) returned to Hellraiser838
Hellraiser838 collected $0.05 from pot
Hellraiser838: doesn't show hand 
*** SUMMARY ***
Total pot $0.05 | Rake $0 
Board [Kh 6c 5d]
Seat 1: King.Kristi folded before Flop (didn't bet)
Seat 2: RGeroyev (button) folded before Flop (didn't bet)
Seat 3: Dorex2007 (small blind) folded before Flop
Seat 4: waaaaaaaa (big blind) folded on the Flop
Seat 5: Frosty346 folded before Flop (didn't bet)
Seat 6: kolyasik2401 folded before Flop (didn't bet)
Seat 7: Hellraiser838 collected ($0.05)
Seat 8: rafatantra folded before Flop (didn't bet)
Seat 9: w3sby folded before Flop (didn't bet)



PokerStars Hand #225237304793:  Hold'em No Limit ($0.01/$0.02 USD) - 2021/03/27 9:55:37 PT [2021/03/27 12:55:37 ET]
Table 'Althaea V' 9-max Seat #3 is the button
Seat 1: King.Kristi ($1.06 in chips) 
Seat 2: RGeroyev ($0.52 in chips) 
Seat 3: Dorex2007 ($1.47 in chips) 
Seat 4: waaaaaaaa ($2.51 in chips) 
Seat 5: Frosty346 ($2.24 in chips) 
Seat 6: kolyasik2401 ($0.75 in chips) 
Seat 7: Hellraiser838 ($1.63 in chips) 
Seat 8: rafatantra ($2.10 in chips) 
Seat 9: w3sby ($2.95 in chips) 
waaaaaaaa: posts small blind $0.01
Frosty346: posts big blind $0.02
*** HOLE CARDS ***
Dealt to Dorex2007 [Jh 7d]
kolyasik2401: folds 
Hellraiser838: folds 
rafatantra: folds 
w3sby: folds 
King.Kristi: folds 
RGeroyev: raises $0.02 to $0.04
Dorex2007: folds 
waaaaaaaa: calls $0.03
Frosty346: calls $0.02
*** FLOP *** [Js 5h 9c]
waaaaaaaa: bets $0.09
Frosty346: folds 
RGeroyev: folds 
Uncalled bet ($0.09) returned to waaaaaaaa
waaaaaaaa collected $0.12 from pot
waaaaaaaa: doesn't show hand 
*** SUMMARY ***
Total pot $0.12 | Rake $0 
Board [Js 5h 9c]
Seat 1: King.Kristi folded before Flop (didn't bet)
Seat 2: RGeroyev folded on the Flop
Seat 3: Dorex2007 (button) folded before Flop (didn't bet)
Seat 4: waaaaaaaa (small blind) collected ($0.12)
Seat 5: Frosty346 (big blind) folded on the Flop
Seat 6: kolyasik2401 folded before Flop (didn't bet)
Seat 7: Hellraiser838 folded before Flop (didn't bet)
Seat 8: rafatantra folded before Flop (didn't bet)
Seat 9: w3sby folded before Flop (didn't bet)



PokerStars Hand #225237316393:  Hold'em No Limit ($0.01/$0.02 USD) - 2021/03/27 9:56:07 PT [2021/03/27 12:56:07 ET]
Table 'Althaea V' 9-max Seat #4 is the button
Seat 1: King.Kristi ($1.06 in chips) 
Seat 2: RGeroyev ($0.48 in chips) 
Seat 3: Dorex2007 ($1.47 in chips) 
Seat 4: waaaaaaaa ($2.59 in chips) 
Seat 5: Frosty346 ($2.20 in chips) 
Seat 6: kolyasik2401 ($0.75 in chips) 
Seat 7: Hellraiser838 ($1.63 in chips) 
Seat 8: rafatantra ($2.10 in chips) 
Seat 9: w3sby ($2.95 in chips) 
Frosty346: posts small blind $0.01
kolyasik2401: posts big blind $0.02
*** HOLE CARDS ***
Dealt to Dorex2007 [8h 5h]
Hellraiser838: folds 
rafatantra: folds 
w3sby: folds 
King.Kristi: folds 
RGeroyev: folds 
Dorex2007: folds 
waaaaaaaa: folds 
Frosty346: calls $0.01
kolyasik2401: checks 
*** FLOP *** [Ac 8s Jh]
Frosty346: bets $0.04
kolyasik2401: folds 
Uncalled bet ($0.04) returned to Frosty346
Frosty346 collected $0.04 from pot
Frosty346: doesn't show hand 
*** SUMMARY ***
Total pot $0.04 | Rake $0 
Board [Ac 8s Jh]
Seat 1: King.Kristi folded before Flop (didn't bet)
Seat 2: RGeroyev folded before Flop (didn't bet)
Seat 3: Dorex2007 folded before Flop (didn't bet)
Seat 4: waaaaaaaa (button) folded before Flop (didn't bet)
Seat 5: Frosty346 (small blind) collected ($0.04)
Seat 6: kolyasik2401 (big blind) folded on the Flop
Seat 7: Hellraiser838 folded before Flop (didn't bet)
Seat 8: rafatantra folded before Flop (didn't bet)
Seat 9: w3sby folded before Flop (didn't bet)



PokerStars Hand #225237327570:  Hold'em No Limit ($0.01/$0.02 USD) - 2021/03/27 9:56:35 PT [2021/03/27 12:56:35 ET]
Table 'Althaea V' 9-max Seat #5 is the button
Seat 1: King.Kristi ($1.06 in chips) 
Seat 2: RGeroyev ($0.48 in chips) 
Seat 3: Dorex2007 ($1.47 in chips) 
Seat 4: waaaaaaaa ($2.59 in chips) 
Seat 5: Frosty346 ($2.22 in chips) 
Seat 6: kolyasik2401 ($0.73 in chips) 
Seat 7: Hellraiser838 ($1.63 in chips) 
Seat 8: rafatantra ($2.10 in chips) 
Seat 9: w3sby ($2.95 in chips) 
kolyasik2401: posts small blind $0.01
Hellraiser838: posts big blind $0.02
*** HOLE CARDS ***
Dealt to Dorex2007 [Kh 5d]
rafatantra: folds 
w3sby: folds 
King.Kristi: folds 
RGeroyev: folds 
Dorex2007: folds 
waaaaaaaa: raises $0.04 to $0.06
Frosty346: folds 
kolyasik2401: folds 
Hellraiser838: folds 
Uncalled bet ($0.04) returned to waaaaaaaa
waaaaaaaa collected $0.05 from pot
waaaaaaaa: doesn't show hand 
*** SUMMARY ***
Total pot $0.05 | Rake $0 
Seat 1: King.Kristi folded before Flop (didn't bet)
Seat 2: RGeroyev folded before Flop (didn't bet)
Seat 3: Dorex2007 folded before Flop (didn't bet)
Seat 4: waaaaaaaa collected ($0.05)
Seat 5: Frosty346 (button) folded before Flop (didn't bet)
Seat 6: kolyasik2401 (small blind) folded before Flop
Seat 7: Hellraiser838 (big blind) folded before Flop
Seat 8: rafatantra folded before Flop (didn't bet)
Seat 9: w3sby folded before Flop (didn't bet)



PokerStars Hand #225237335978:  Hold'em No Limit ($0.01/$0.02 USD) - 2021/03/27 9:56:57 PT [2021/03/27 12:56:57 ET]
Table 'Althaea V' 9-max Seat #6 is the button
Seat 1: King.Kristi ($1.06 in chips) 
Seat 2: RGeroyev ($0.48 in chips) 
Seat 3: Dorex2007 ($1.47 in chips) 
Seat 4: waaaaaaaa ($2.62 in chips) 
Seat 5: Frosty346 ($2.22 in chips) 
Seat 6: kolyasik2401 ($0.72 in chips) 
Seat 7: Hellraiser838 ($1.61 in chips) 
Seat 8: rafatantra ($2.10 in chips) 
Seat 9: w3sby ($2.95 in chips) 
Hellraiser838: posts small blind $0.01
rafatantra: posts big blind $0.02
*** HOLE CARDS ***
Dealt to Dorex2007 [9c 3h]
w3sby: folds 
King.Kristi: folds 
RGeroyev: folds 
Dorex2007: folds 
waaaaaaaa: folds 
Frosty346: calls $0.02
kolyasik2401: folds 
Hellraiser838: folds 
rafatantra: checks 
*** FLOP *** [Ah 2h Jc]
rafatantra: checks 
Frosty346: checks 
*** TURN *** [Ah 2h Jc] [4s]
rafatantra has timed out
rafatantra: checks 
Frosty346: bets $0.04
rafatantra: folds 
Uncalled bet ($0.04) returned to Frosty346
Frosty346 collected $0.05 from pot
Frosty346: doesn't show hand 
*** SUMMARY ***
Total pot $0.05 | Rake $0 
Board [Ah 2h Jc 4s]
Seat 1: King.Kristi folded before Flop (didn't bet)
Seat 2: RGeroyev folded before Flop (didn't bet)
Seat 3: Dorex2007 folded before Flop (didn't bet)
Seat 4: waaaaaaaa folded before Flop (didn't bet)
Seat 5: Frosty346 collected ($0.05)
Seat 6: kolyasik2401 (button) folded before Flop (didn't bet)
Seat 7: Hellraiser838 (small blind) folded before Flop
Seat 8: rafatantra (big blind) folded on the Turn
Seat 9: w3sby folded before Flop (didn't bet)



PokerStars Hand #225237359607:  Hold'em No Limit ($0.01/$0.02 USD) - 2021/03/27 9:57:56 PT [2021/03/27 12:57:56 ET]
Table 'Althaea V' 9-max Seat #7 is the button
Seat 1: King.Kristi ($1.06 in chips) 
Seat 2: RGeroyev ($0.48 in chips) 
Seat 3: Dorex2007 ($1.47 in chips) 
Seat 4: waaaaaaaa ($2.62 in chips) 
Seat 5: Frosty346 ($2.25 in chips) 
Seat 6: kolyasik2401 ($0.72 in chips) 
Seat 7: Hellraiser838 ($1.60 in chips) 
Seat 8: rafatantra ($2.08 in chips) 
Seat 9: w3sby ($2.95 in chips) 
rafatantra: posts small blind $0.01
w3sby: posts big blind $0.02
*** HOLE CARDS ***
Dealt to Dorex2007 [9c 9h]
King.Kristi: folds 
RGeroyev: folds 
Dorex2007: raises $0.04 to $0.06
waaaaaaaa: folds 
Frosty346: folds 
kolyasik2401: folds 
Hellraiser838: folds 
rafatantra: folds 
w3sby: folds 
Uncalled bet ($0.04) returned to Dorex2007
Dorex2007 collected $0.05 from pot
Dorex2007: doesn't show hand 
*** SUMMARY ***
Total pot $0.05 | Rake $0 
Seat 1: King.Kristi folded before Flop (didn't bet)
Seat 2: RGeroyev folded before Flop (didn't bet)
Seat 3: Dorex2007 collected ($0.05)
Seat 4: waaaaaaaa folded before Flop (didn't bet)
Seat 5: Frosty346 folded before Flop (didn't bet)
Seat 6: kolyasik2401 folded before Flop (didn't bet)
Seat 7: Hellraiser838 (button) folded before Flop (didn't bet)
Seat 8: rafatantra (small blind) folded before Flop
Seat 9: w3sby (big blind) folded before Flop



PokerStars Hand #225237368593:  Hold'em No Limit ($0.01/$0.02 USD) - 2021/03/27 9:58:19 PT [2021/03/27 12:58:19 ET]
Table 'Althaea V' 9-max Seat #8 is the button
Seat 1: King.Kristi ($1.06 in chips) 
Seat 2: RGeroyev ($0.48 in chips) 
Seat 3: Dorex2007 ($1.50 in chips) 
Seat 4: waaaaaaaa ($2.62 in chips) 
Seat 5: Frosty346 ($2.25 in chips) 
Seat 6: kolyasik2401 ($0.72 in chips) 
Seat 7: Hellraiser838 ($1.60 in chips) 
Seat 8: rafatantra ($2.07 in chips) 
Seat 9: w3sby ($2.93 in chips) 
w3sby: posts small blind $0.01
King.Kristi: posts big blind $0.02
*** HOLE CARDS ***
Dealt to Dorex2007 [9s 7d]
RGeroyev: folds 
Dorex2007: folds 
waaaaaaaa: folds 
Frosty346: folds 
kolyasik2401: folds 
Hellraiser838: raises $0.02 to $0.04
rafatantra: raises $0.02 to $0.06
w3sby: folds 
King.Kristi: folds 
Hellraiser838: calls $0.02
*** FLOP *** [Jc 3c 9h]
Hellraiser838: checks 
rafatantra: bets $0.07
Hellraiser838: folds 
Uncalled bet ($0.07) returned to rafatantra
rafatantra collected $0.14 from pot
rafatantra: doesn't show hand 
*** SUMMARY ***
Total pot $0.15 | Rake $0.01 
Board [Jc 3c 9h]
Seat 1: King.Kristi (big blind) folded before Flop
Seat 2: RGeroyev folded before Flop (didn't bet)
Seat 3: Dorex2007 folded before Flop (didn't bet)
Seat 4: waaaaaaaa folded before Flop (didn't bet)
Seat 5: Frosty346 folded before Flop (didn't bet)
Seat 6: kolyasik2401 folded before Flop (didn't bet)
Seat 7: Hellraiser838 folded on the Flop
Seat 8: rafatantra (button) collected ($0.14)
Seat 9: w3sby (small blind) folded before Flop



PokerStars Hand #225237390282:  Hold'em No Limit ($0.01/$0.02 USD) - 2021/03/27 9:59:14 PT [2021/03/27 12:59:14 ET]
Table 'Althaea V' 9-max Seat #9 is the button
Seat 1: King.Kristi ($1.04 in chips) 
Seat 2: RGeroyev ($0.48 in chips) 
Seat 3: Dorex2007 ($1.50 in chips) 
Seat 4: waaaaaaaa ($2.62 in chips) 
Seat 5: Frosty346 ($2.25 in chips) 
Seat 6: kolyasik2401 ($0.72 in chips) 
Seat 7: Hellraiser838 ($1.54 in chips) 
Seat 8: rafatantra ($2.15 in chips) 
Seat 9: w3sby ($2.92 in chips) 
King.Kristi: posts small blind $0.01
RGeroyev: posts big blind $0.02
*** HOLE CARDS ***
Dealt to Dorex2007 [3d 2d]
Dorex2007: folds 
waaaaaaaa: raises $0.04 to $0.06
Frosty346: folds 
kolyasik2401: raises $0.17 to $0.23
Hellraiser838: folds 
rafatantra: folds 
w3sby: folds 
King.Kristi: folds 
RGeroyev: folds 
waaaaaaaa: folds 
Uncalled bet ($0.17) returned to kolyasik2401
kolyasik2401 collected $0.15 from pot
kolyasik2401: doesn't show hand 
*** SUMMARY ***
Total pot $0.15 | Rake $0 
Seat 1: King.Kristi (small blind) folded before Flop
Seat 2: RGeroyev (big blind) folded before Flop
Seat 3: Dorex2007 folded before Flop (didn't bet)
Seat 4: waaaaaaaa folded before Flop
Seat 5: Frosty346 folded before Flop (didn't bet)
Seat 6: kolyasik2401 collected ($0.15)
Seat 7: Hellraiser838 folded before Flop (didn't bet)
Seat 8: rafatantra folded before Flop (didn't bet)
Seat 9: w3sby (button) folded before Flop (didn't bet)



PokerStars Hand #225237407255:  Hold'em No Limit ($0.01/$0.02 USD) - 2021/03/27 9:59:57 PT [2021/03/27 12:59:57 ET]
Table 'Althaea V' 9-max Seat #1 is the button
Seat 1: King.Kristi ($1.03 in chips) 
Seat 2: RGeroyev ($0.46 in chips) 
Seat 3: Dorex2007 ($1.50 in chips) 
Seat 4: waaaaaaaa ($2.56 in chips) 
Seat 5: Frosty346 ($2.25 in chips) 
Seat 6: kolyasik2401 ($0.81 in chips) 
Seat 7: Hellraiser838 ($1.54 in chips) 
Seat 8: rafatantra ($2.15 in chips) 
Seat 9: w3sby ($2.92 in chips) 
RGeroyev: posts small blind $0.01
Dorex2007: posts big blind $0.02
*** HOLE CARDS ***
Dealt to Dorex2007 [Td Ah]
waaaaaaaa: folds 
Frosty346: folds 
kolyasik2401: folds 
Hellraiser838: folds 
rafatantra: folds 
w3sby: folds 
King.Kristi: folds 
RGeroyev: calls $0.01
Dorex2007: checks 
*** FLOP *** [8s 5c Kh]
RGeroyev: checks 
Dorex2007: checks 
*** TURN *** [8s 5c Kh] [Tc]
RGeroyev: bets $0.02
Dorex2007: raises $0.05 to $0.07
RGeroyev: folds 
Uncalled bet ($0.05) returned to Dorex2007
Dorex2007 collected $0.08 from pot
Dorex2007: doesn't show hand 
*** SUMMARY ***
Total pot $0.08 | Rake $0 
Board [8s 5c Kh Tc]
Seat 1: King.Kristi (button) folded before Flop (didn't bet)
Seat 2: RGeroyev (small blind) folded on the Turn
Seat 3: Dorex2007 (big blind) collected ($0.08)
Seat 4: waaaaaaaa folded before Flop (didn't bet)
Seat 5: Frosty346 folded before Flop (didn't bet)
Seat 6: kolyasik2401 folded before Flop (didn't bet)
Seat 7: Hellraiser838 folded before Flop (didn't bet)
Seat 8: rafatantra folded before Flop (didn't bet)
Seat 9: w3sby folded before Flop (didn't bet)



PokerStars Hand #225237423849:  Hold'em No Limit ($0.01/$0.02 USD) - 2021/03/27 10:00:38 PT [2021/03/27 13:00:38 ET]
Table 'Althaea V' 9-max Seat #2 is the button
Seat 1: King.Kristi ($1.03 in chips) 
Seat 2: RGeroyev ($0.42 in chips) 
Seat 3: Dorex2007 ($1.54 in chips) 
Seat 4: waaaaaaaa ($2.56 in chips) 
Seat 5: Frosty346 ($2.25 in chips) 
Seat 6: kolyasik2401 ($0.81 in chips) 
Seat 7: Hellraiser838 ($1.54 in chips) 
Seat 8: rafatantra ($2.15 in chips) 
Seat 9: w3sby ($2.92 in chips) 
Dorex2007: posts small blind $0.01
waaaaaaaa: posts big blind $0.02
*** HOLE CARDS ***
Dealt to Dorex2007 [As 7h]
Frosty346: folds 
kolyasik2401: folds 
Hellraiser838: folds 
rafatantra: folds 
w3sby: folds 
King.Kristi: folds 
RGeroyev: folds 
Dorex2007: calls $0.01
waaaaaaaa: checks 
*** FLOP *** [9c 3s 3c]
Dorex2007: checks 
waaaaaaaa: checks 
*** TURN *** [9c 3s 3c] [6c]
Dorex2007: checks 
waaaaaaaa: checks 
*** RIVER *** [9c 3s 3c 6c] [Jd]
Dorex2007: bets $0.04
waaaaaaaa: folds 
Uncalled bet ($0.04) returned to Dorex2007
Dorex2007 collected $0.04 from pot
Dorex2007: doesn't show hand 
*** SUMMARY ***
Total pot $0.04 | Rake $0 
Board [9c 3s 3c 6c Jd]
Seat 1: King.Kristi folded before Flop (didn't bet)
Seat 2: RGeroyev (button) folded before Flop (didn't bet)
Seat 3: Dorex2007 (small blind) collected ($0.04)
Seat 4: waaaaaaaa (big blind) folded on the River
Seat 5: Frosty346 folded before Flop (didn't bet)
Seat 6: kolyasik2401 folded before Flop (didn't bet)
Seat 7: Hellraiser838 folded before Flop (didn't bet)
Seat 8: rafatantra folded before Flop (didn't bet)
Seat 9: w3sby folded before Flop (didn't bet)



PokerStars Hand #225237440461:  Hold'em No Limit ($0.01/$0.02 USD) - 2021/03/27 10:01:15 PT [2021/03/27 13:01:15 ET]
Table 'Althaea V' 9-max Seat #3 is the button
Seat 1: King.Kristi ($1.03 in chips) 
Seat 2: RGeroyev ($0.42 in chips) 
Seat 3: Dorex2007 ($1.56 in chips) 
Seat 4: waaaaaaaa ($2.54 in chips) 
Seat 5: Frosty346 ($2.25 in chips) 
Seat 6: kolyasik2401 ($0.81 in chips) 
Seat 7: Hellraiser838 ($1.54 in chips) 
Seat 8: rafatantra ($2.15 in chips) 
Seat 9: w3sby ($2.92 in chips) 
waaaaaaaa: posts small blind $0.01
Frosty346: posts big blind $0.02
*** HOLE CARDS ***
Dealt to Dorex2007 [Kh 5c]
kolyasik2401: folds 
Hellraiser838: folds 
rafatantra has timed out
rafatantra: folds 
w3sby: folds 
King.Kristi: folds 
RGeroyev: folds 
Dorex2007: folds 
waaaaaaaa: folds 
Uncalled bet ($0.01) returned to Frosty346
Frosty346 collected $0.02 from pot
Frosty346: doesn't show hand 
*** SUMMARY ***
Total pot $0.02 | Rake $0 
Seat 1: King.Kristi folded before Flop (didn't bet)
Seat 2: RGeroyev folded before Flop (didn't bet)
Seat 3: Dorex2007 (button) folded before Flop (didn't bet)
Seat 4: waaaaaaaa (small blind) folded before Flop
Seat 5: Frosty346 (big blind) collected ($0.02)
Seat 6: kolyasik2401 folded before Flop (didn't bet)
Seat 7: Hellraiser838 folded before Flop (didn't bet)
Seat 8: rafatantra folded before Flop (didn't bet)
Seat 9: w3sby folded before Flop (didn't bet)



PokerStars Hand #225237449889:  Hold'em No Limit ($0.01/$0.02 USD) - 2021/03/27 10:01:35 PT [2021/03/27 13:01:35 ET]
Table 'Althaea V' 9-max Seat #4 is the button
Seat 1: King.Kristi ($1.03 in chips) 
Seat 2: RGeroyev ($0.42 in chips) 
Seat 3: Dorex2007 ($1.56 in chips) 
Seat 4: waaaaaaaa ($2.53 in chips) 
Seat 5: Frosty346 ($2.26 in chips) 
Seat 6: kolyasik2401 ($0.81 in chips) 
Seat 7: Hellraiser838 ($1.54 in chips) 
Seat 9: w3sby ($2.92 in chips) 
Frosty346: posts small blind $0.01
kolyasik2401: posts big blind $0.02
*** HOLE CARDS ***
Dealt to Dorex2007 [Ad 8c]
Hellraiser838: folds 
w3sby: folds 
King.Kristi: folds 
RGeroyev: folds 
Dorex2007: folds 
waaaaaaaa: raises $0.04 to $0.06
Frosty346: folds 
kolyasik2401: folds 
Uncalled bet ($0.04) returned to waaaaaaaa
waaaaaaaa collected $0.05 from pot
waaaaaaaa: doesn't show hand 
*** SUMMARY ***
Total pot $0.05 | Rake $0 
Seat 1: King.Kristi folded before Flop (didn't bet)
Seat 2: RGeroyev folded before Flop (didn't bet)
Seat 3: Dorex2007 folded before Flop (didn't bet)
Seat 4: waaaaaaaa (button) collected ($0.05)
Seat 5: Frosty346 (small blind) folded before Flop
Seat 6: kolyasik2401 (big blind) folded before Flop
Seat 7: Hellraiser838 folded before Flop (didn't bet)
Seat 9: w3sby folded before Flop (didn't bet)



PokerStars Hand #225237460192:  Hold'em No Limit ($0.01/$0.02 USD) - 2021/03/27 10:01:56 PT [2021/03/27 13:01:56 ET]
Table 'Althaea V' 9-max Seat #5 is the button
Seat 1: King.Kristi ($1.03 in chips) 
Seat 2: RGeroyev ($0.42 in chips) 
Seat 3: Dorex2007 ($1.56 in chips) 
Seat 4: waaaaaaaa ($2.56 in chips) 
Seat 5: Frosty346 ($2.25 in chips) 
Seat 6: kolyasik2401 ($0.79 in chips) 
Seat 7: Hellraiser838 ($1.54 in chips) 
Seat 9: w3sby ($2.92 in chips) 
kolyasik2401: posts small blind $0.01
Hellraiser838: posts big blind $0.02
*** HOLE CARDS ***
Dealt to Dorex2007 [8s Js]
w3sby: folds 
King.Kristi: folds 
RGeroyev: folds 
Dorex2007: folds 
waaaaaaaa has timed out
waaaaaaaa: folds 
Frosty346: folds 
kolyasik2401: folds 
Uncalled bet ($0.01) returned to Hellraiser838
Hellraiser838 collected $0.02 from pot
Hellraiser838: doesn't show hand 
*** SUMMARY ***
Total pot $0.02 | Rake $0 
Seat 1: King.Kristi folded before Flop (didn't bet)
Seat 2: RGeroyev folded before Flop (didn't bet)
Seat 3: Dorex2007 folded before Flop (didn't bet)
Seat 4: waaaaaaaa folded before Flop (didn't bet)
Seat 5: Frosty346 (button) folded before Flop (didn't bet)
Seat 6: kolyasik2401 (small blind) folded before Flop
Seat 7: Hellraiser838 (big blind) collected ($0.02)
Seat 9: w3sby folded before Flop (didn't bet)



PokerStars Hand #225237471017:  Hold'em No Limit ($0.01/$0.02 USD) - 2021/03/27 10:02:17 PT [2021/03/27 13:02:17 ET]
Table 'Althaea V' 9-max Seat #6 is the button
Seat 1: King.Kristi ($1.03 in chips) 
Seat 2: RGeroyev ($0.42 in chips) 
Seat 3: Dorex2007 ($1.56 in chips) 
Seat 5: Frosty346 ($2.25 in chips) 
Seat 6: kolyasik2401 ($0.78 in chips) 
Seat 7: Hellraiser838 ($1.55 in chips) 
Seat 8: rafatantra ($2.15 in chips) 
Seat 9: w3sby ($2.92 in chips) 
Hellraiser838: posts small blind $0.01
rafatantra: posts big blind $0.02
*** HOLE CARDS ***
Dealt to Dorex2007 [8h 2s]
w3sby: folds 
King.Kristi: folds 
RGeroyev: folds 
Dorex2007: folds 
Frosty346: calls $0.02
kolyasik2401: folds 
Hellraiser838: calls $0.01
rafatantra: checks 
*** FLOP *** [8s Jd 9c]
Hellraiser838: checks 
rafatantra: checks 
Frosty346: checks 
*** TURN *** [8s Jd 9c] [6h]
Hellraiser838: checks 
waaaaaaaa leaves the table
rafatantra: checks 
Frosty346: checks 
*** RIVER *** [8s Jd 9c 6h] [6d]
Hellraiser838: checks 
rafatantra: checks 
Frosty346: checks 
*** SHOW DOWN ***
Hellraiser838: shows [7c 7d] (two pair, Sevens and Sixes)
rafatantra: mucks hand 
Frosty346: mucks hand 
Hellraiser838 collected $0.06 from pot
*** SUMMARY ***
Total pot $0.06 | Rake $0 
Board [8s Jd 9c 6h 6d]
Seat 1: King.Kristi folded before Flop (didn't bet)
Seat 2: RGeroyev folded before Flop (didn't bet)
Seat 3: Dorex2007 folded before Flop (didn't bet)
Seat 5: Frosty346 mucked [4s 3s]
Seat 6: kolyasik2401 (button) folded before Flop (didn't bet)
Seat 7: Hellraiser838 (small blind) showed [7c 7d] and won ($0.06) with two pair, Sevens and Sixes
Seat 8: rafatantra (big blind) mucked [Qc 3d]
Seat 9: w3sby folded before Flop (didn't bet)



PokerStars Hand #225237515424:  Hold'em No Limit ($0.01/$0.02 USD) - 2021/03/27 10:03:41 PT [2021/03/27 13:03:41 ET]
Table 'Althaea V' 9-max Seat #7 is the button
Seat 1: King.Kristi ($1.03 in chips) 
Seat 2: RGeroyev ($0.42 in chips) 
Seat 3: Dorex2007 ($1.56 in chips) 
Seat 5: Frosty346 ($2.23 in chips) 
Seat 6: kolyasik2401 ($0.78 in chips) 
Seat 7: Hellraiser838 ($1.59 in chips) 
Seat 8: rafatantra ($2.13 in chips) 
Seat 9: w3sby ($2.92 in chips) 
rafatantra: posts small blind $0.01
w3sby: posts big blind $0.02
*** HOLE CARDS ***
Dealt to Dorex2007 [7c 9h]
King.Kristi: folds 
RGeroyev: folds 
Dorex2007: folds 
Frosty346: folds 
kolyasik2401: folds 
Hellraiser838: calls $0.02
rafatantra: calls $0.01
w3sby: checks 
*** FLOP *** [7h Th 8d]
thenakedbull joins the table at seat #4 
rafatantra: checks 
w3sby: checks 
Hellraiser838: checks 
*** TURN *** [7h Th 8d] [Kc]
rafatantra: checks 
w3sby: checks 
Hellraiser838: bets $0.04
rafatantra: calls $0.04
w3sby: folds 
*** RIVER *** [7h Th 8d Kc] [Qs]
rafatantra: checks 
Hellraiser838: checks 
*** SHOW DOWN ***
rafatantra: shows [2c Jh] (high card King)
Hellraiser838: shows [2s Ac] (high card Ace)
Hellraiser838 collected $0.14 from pot
*** SUMMARY ***
Total pot $0.14 | Rake $0 
Board [7h Th 8d Kc Qs]
Seat 1: King.Kristi folded before Flop (didn't bet)
Seat 2: RGeroyev folded before Flop (didn't bet)
Seat 3: Dorex2007 folded before Flop (didn't bet)
Seat 5: Frosty346 folded before Flop (didn't bet)
Seat 6: kolyasik2401 folded before Flop (didn't bet)
Seat 7: Hellraiser838 (button) showed [2s Ac] and won ($0.14) with high card Ace
Seat 8: rafatantra (small blind) showed [2c Jh] and lost with high card King
Seat 9: w3sby (big blind) folded on the Turn



PokerStars Hand #225237536438:  Hold'em No Limit ($0.01/$0.02 USD) - 2021/03/27 10:04:21 PT [2021/03/27 13:04:21 ET]
Table 'Althaea V' 9-max Seat #8 is the button
Seat 2: RGeroyev ($0.42 in chips) 
Seat 3: Dorex2007 ($1.56 in chips) 
Seat 5: Frosty346 ($2.23 in chips) 
Seat 6: kolyasik2401 ($0.78 in chips) 
Seat 7: Hellraiser838 ($1.67 in chips) 
Seat 8: rafatantra ($2.07 in chips) 
Seat 9: w3sby ($2.90 in chips) 
w3sby: posts small blind $0.01
King.Kristi: is sitting out 
RGeroyev: posts big blind $0.02
thenakedbull: sits out 
*** HOLE CARDS ***
Dealt to Dorex2007 [Js 6c]
Dorex2007: folds 
Frosty346: folds 
kolyasik2401: folds 
Hellraiser838: folds 
rafatantra: folds 
w3sby: folds 
Uncalled bet ($0.01) returned to RGeroyev
RGeroyev collected $0.02 from pot
*** SUMMARY ***
Total pot $0.02 | Rake $0 
Seat 2: RGeroyev (big blind) collected ($0.02)
Seat 3: Dorex2007 folded before Flop (didn't bet)
Seat 5: Frosty346 folded before Flop (didn't bet)
Seat 6: kolyasik2401 folded before Flop (didn't bet)
Seat 7: Hellraiser838 folded before Flop (didn't bet)
Seat 8: rafatantra (button) folded before Flop (didn't bet)
Seat 9: w3sby (small blind) folded before Flop



PokerStars Hand #225237546103:  Hold'em No Limit ($0.01/$0.02 USD) - 2021/03/27 10:04:34 PT [2021/03/27 13:04:34 ET]
Table 'Althaea V' 9-max Seat #9 is the button
Seat 2: RGeroyev ($0.43 in chips) 
Seat 3: Dorex2007 ($1.56 in chips) 
Seat 5: Frosty346 ($2.23 in chips) 
Seat 6: kolyasik2401 ($0.78 in chips) 
Seat 7: Hellraiser838 ($1.67 in chips) 
Seat 8: rafatantra ($2.07 in chips) 
Seat 9: w3sby ($2.89 in chips) 
RGeroyev: posts small blind $0.01
Dorex2007: posts big blind $0.02
thenakedbull: sits out 
*** HOLE CARDS ***
Dealt to Dorex2007 [8h 5d]
Frosty346: folds 
kolyasik2401: folds 
Hellraiser838: folds 
rafatantra: folds 
w3sby: folds 
RGeroyev: folds 
Uncalled bet ($0.01) returned to Dorex2007
Dorex2007 collected $0.02 from pot
Dorex2007: doesn't show hand 
*** SUMMARY ***
Total pot $0.02 | Rake $0 
Seat 2: RGeroyev (small blind) folded before Flop
Seat 3: Dorex2007 (big blind) collected ($0.02)
Seat 5: Frosty346 folded before Flop (didn't bet)
Seat 6: kolyasik2401 folded before Flop (didn't bet)
Seat 7: Hellraiser838 folded before Flop (didn't bet)
Seat 8: rafatantra folded before Flop (didn't bet)
Seat 9: w3sby (button) folded before Flop (didn't bet)



PokerStars Hand #225237552608:  Hold'em No Limit ($0.01/$0.02 USD) - 2021/03/27 10:04:46 PT [2021/03/27 13:04:46 ET]
Table 'Althaea V' 9-max Seat #2 is the button
Seat 2: RGeroyev ($0.42 in chips) 
Seat 3: Dorex2007 ($1.57 in chips) 
Seat 4: thenakedbull ($0.96 in chips) 
Seat 5: Frosty346 ($2.23 in chips) 
Seat 6: kolyasik2401 ($0.78 in chips) 
Seat 7: Hellraiser838 ($1.67 in chips) 
Seat 8: rafatantra ($2.07 in chips) 
Seat 9: w3sby ($2.89 in chips) 
Dorex2007: posts small blind $0.01
thenakedbull: posts big blind $0.02
*** HOLE CARDS ***
Dealt to Dorex2007 [6h 7d]
Frosty346: calls $0.02
kolyasik2401: folds 
Hellraiser838: folds 
rafatantra: folds 
w3sby: folds 
RGeroyev: raises $0.02 to $0.04
Dorex2007: folds 
thenakedbull: calls $0.02
Frosty346: calls $0.02
*** FLOP *** [Tc 6s Kh]
thenakedbull: checks 
Frosty346: checks 
RGeroyev: bets $0.04
thenakedbull: calls $0.04
Frosty346: calls $0.04
*** TURN *** [Tc 6s Kh] [5h]
thenakedbull: checks 
Frosty346: checks 
RGeroyev: checks 
*** RIVER *** [Tc 6s Kh 5h] [Td]
thenakedbull: checks 
Frosty346: bets $0.04
RGeroyev: raises $0.08 to $0.12
thenakedbull: folds 
Frosty346: folds 
Uncalled bet ($0.08) returned to RGeroyev
RGeroyev collected $0.32 from pot
RGeroyev: doesn't show hand 
*** SUMMARY ***
Total pot $0.33 | Rake $0.01 
Board [Tc 6s Kh 5h Td]
Seat 2: RGeroyev (button) collected ($0.32)
Seat 3: Dorex2007 (small blind) folded before Flop
Seat 4: thenakedbull (big blind) folded on the River
Seat 5: Frosty346 folded on the River
Seat 6: kolyasik2401 folded before Flop (didn't bet)
Seat 7: Hellraiser838 folded before Flop (didn't bet)
Seat 8: rafatantra folded before Flop (didn't bet)
Seat 9: w3sby folded before Flop (didn't bet)



PokerStars Hand #225237582224:  Hold'em No Limit ($0.01/$0.02 USD) - 2021/03/27 10:05:41 PT [2021/03/27 13:05:41 ET]
Table 'Althaea V' 9-max Seat #3 is the button
Seat 2: RGeroyev ($0.62 in chips) 
Seat 3: Dorex2007 ($1.56 in chips) 
Seat 4: thenakedbull ($0.88 in chips) 
Seat 5: Frosty346 ($2.11 in chips) 
Seat 6: kolyasik2401 ($0.78 in chips) 
Seat 7: Hellraiser838 ($1.67 in chips) 
Seat 8: rafatantra ($2.07 in chips) 
Seat 9: w3sby ($2.89 in chips) 
thenakedbull: posts small blind $0.01
Frosty346: posts big blind $0.02
*** HOLE CARDS ***
Dealt to Dorex2007 [6s 5c]
kolyasik2401: folds 
Hellraiser838: folds 
rafatantra: folds 
w3sby: folds 
RGeroyev: folds 
Dorex2007: folds 
thenakedbull: calls $0.01
Frosty346: checks 
*** FLOP *** [5d 6c As]
thenakedbull: checks 
Frosty346: checks 
*** TURN *** [5d 6c As] [8s]
thenakedbull: checks 
Frosty346: checks 
*** RIVER *** [5d 6c As 8s] [5s]
thenakedbull: checks 
Frosty346: checks 
*** SHOW DOWN ***
thenakedbull: shows [Tc Kh] (a pair of Fives)
Frosty346: mucks hand 
thenakedbull collected $0.04 from pot
*** SUMMARY ***
Total pot $0.04 | Rake $0 
Board [5d 6c As 8s 5s]
Seat 2: RGeroyev folded before Flop (didn't bet)
Seat 3: Dorex2007 (button) folded before Flop (didn't bet)
Seat 4: thenakedbull (small blind) showed [Tc Kh] and won ($0.04) with a pair of Fives
Seat 5: Frosty346 (big blind) mucked [4s 2d]
Seat 6: kolyasik2401 folded before Flop (didn't bet)
Seat 7: Hellraiser838 folded before Flop (didn't bet)
Seat 8: rafatantra folded before Flop (didn't bet)
Seat 9: w3sby folded before Flop (didn't bet)



PokerStars Hand #225237601444:  Hold'em No Limit ($0.01/$0.02 USD) - 2021/03/27 10:06:16 PT [2021/03/27 13:06:16 ET]
Table 'Althaea V' 9-max Seat #4 is the button
Seat 2: RGeroyev ($0.62 in chips) 
Seat 3: Dorex2007 ($1.56 in chips) 
Seat 4: thenakedbull ($0.90 in chips) 
Seat 5: Frosty346 ($2.09 in chips) 
Seat 6: kolyasik2401 ($0.78 in chips) 
Seat 7: Hellraiser838 ($1.67 in chips) 
Seat 8: rafatantra ($2.07 in chips) 
Seat 9: w3sby ($2.89 in chips) 
Frosty346: posts small blind $0.01
kolyasik2401: posts big blind $0.02
*** HOLE CARDS ***
Dealt to Dorex2007 [Ac 9d]
Hellraiser838: folds 
rafatantra: folds 
w3sby: folds 
RGeroyev: raises $0.02 to $0.04
Dorex2007: folds 
thenakedbull: calls $0.04
Frosty346: folds 
kolyasik2401: folds 
*** FLOP *** [9c Jd Js]
RGeroyev: checks 
thenakedbull: checks 
*** TURN *** [9c Jd Js] [6h]
RGeroyev: checks 
thenakedbull: checks 
*** RIVER *** [9c Jd Js 6h] [7d]
RGeroyev: checks 
thenakedbull: bets $0.02
RGeroyev: folds 
Uncalled bet ($0.02) returned to thenakedbull
thenakedbull collected $0.11 from pot
thenakedbull: doesn't show hand 
*** SUMMARY ***
Total pot $0.11 | Rake $0 
Board [9c Jd Js 6h 7d]
Seat 2: RGeroyev folded on the River
Seat 3: Dorex2007 folded before Flop (didn't bet)
Seat 4: thenakedbull (button) collected ($0.11)
Seat 5: Frosty346 (small blind) folded before Flop
Seat 6: kolyasik2401 (big blind) folded before Flop
Seat 7: Hellraiser838 folded before Flop (didn't bet)
Seat 8: rafatantra folded before Flop (didn't bet)
Seat 9: w3sby folded before Flop (didn't bet)



PokerStars Hand #225237623505:  Hold'em No Limit ($0.01/$0.02 USD) - 2021/03/27 10:06:58 PT [2021/03/27 13:06:58 ET]
Table 'Althaea V' 9-max Seat #5 is the button
Seat 2: RGeroyev ($0.58 in chips) 
Seat 3: Dorex2007 ($1.56 in chips) 
Seat 4: thenakedbull ($0.97 in chips) 
Seat 5: Frosty346 ($2.08 in chips) 
Seat 6: kolyasik2401 ($0.76 in chips) 
Seat 7: Hellraiser838 ($1.67 in chips) 
Seat 8: rafatantra ($2.07 in chips) 
Seat 9: w3sby ($2.89 in chips) 
kolyasik2401: posts small blind $0.01
Hellraiser838: posts big blind $0.02
*** HOLE CARDS ***
Dealt to Dorex2007 [5h Ah]
rafatantra: folds 
w3sby: folds 
RGeroyev: folds 
Dorex2007: raises $0.04 to $0.06
thenakedbull: folds 
Frosty346: calls $0.06
kolyasik2401: folds 
Hellraiser838: folds 
*** FLOP *** [Ks Qd 7h]
Dorex2007: checks 
Frosty346: bets $0.06
Dorex2007: folds 
Uncalled bet ($0.06) returned to Frosty346
Frosty346 collected $0.14 from pot
Frosty346: doesn't show hand 
*** SUMMARY ***
Total pot $0.15 | Rake $0.01 
Board [Ks Qd 7h]
Seat 2: RGeroyev folded before Flop (didn't bet)
Seat 3: Dorex2007 folded on the Flop
Seat 4: thenakedbull folded before Flop (didn't bet)
Seat 5: Frosty346 (button) collected ($0.14)
Seat 6: kolyasik2401 (small blind) folded before Flop
Seat 7: Hellraiser838 (big blind) folded before Flop
Seat 8: rafatantra folded before Flop (didn't bet)
Seat 9: w3sby folded before Flop (didn't bet)



PokerStars Hand #225237643136:  Hold'em No Limit ($0.01/$0.02 USD) - 2021/03/27 10:07:34 PT [2021/03/27 13:07:34 ET]
Table 'Althaea V' 9-max Seat #6 is the button
Seat 2: RGeroyev ($0.58 in chips) 
Seat 3: Dorex2007 ($1.50 in chips) 
Seat 4: thenakedbull ($0.97 in chips) 
Seat 5: Frosty346 ($2.16 in chips) 
Seat 6: kolyasik2401 ($0.75 in chips) 
Seat 7: Hellraiser838 ($1.65 in chips) 
Seat 8: rafatantra ($2.07 in chips) 
Seat 9: w3sby ($2.89 in chips) 
Hellraiser838: posts small blind $0.01
rafatantra: posts big blind $0.02
*** HOLE CARDS ***
Dealt to Dorex2007 [Th 7h]
w3sby: folds 
RGeroyev: folds 
Dorex2007: folds 
thenakedbull: calls $0.02
Frosty346: calls $0.02
kolyasik2401: folds 
Hellraiser838: folds 
rafatantra: checks 
*** FLOP *** [2c 3s 3c]
Dorex2007 said, "lol i read your name as 'the naked butt'"
rafatantra: checks 
thenakedbull: checks 
Frosty346: bets $0.04
rafatantra: folds 
thenakedbull: folds 
Uncalled bet ($0.04) returned to Frosty346
Frosty346 collected $0.07 from pot
Frosty346: doesn't show hand 
*** SUMMARY ***
Total pot $0.07 | Rake $0 
Board [2c 3s 3c]
Seat 2: RGeroyev folded before Flop (didn't bet)
Seat 3: Dorex2007 folded before Flop (didn't bet)
Seat 4: thenakedbull folded on the Flop
Seat 5: Frosty346 collected ($0.07)
Seat 6: kolyasik2401 (button) folded before Flop (didn't bet)
Seat 7: Hellraiser838 (small blind) folded before Flop
Seat 8: rafatantra (big blind) folded on the Flop
Seat 9: w3sby folded before Flop (didn't bet)



PokerStars Hand #225237663612:  Hold'em No Limit ($0.01/$0.02 USD) - 2021/03/27 10:08:12 PT [2021/03/27 13:08:12 ET]
Table 'Althaea V' 9-max Seat #7 is the button
Seat 2: RGeroyev ($0.58 in chips) 
Seat 3: Dorex2007 ($1.50 in chips) 
Seat 4: thenakedbull ($0.95 in chips) 
Seat 5: Frosty346 ($2.21 in chips) 
Seat 6: kolyasik2401 ($0.75 in chips) 
Seat 7: Hellraiser838 ($1.64 in chips) 
Seat 8: rafatantra ($2.05 in chips) 
Seat 9: w3sby ($2.89 in chips) 
rafatantra: posts small blind $0.01
w3sby: posts big blind $0.02
*** HOLE CARDS ***
Dealt to Dorex2007 [4d Qd]
RGeroyev: folds 
Dorex2007: folds 
thenakedbull: calls $0.02
Frosty346: folds 
kolyasik2401: folds 
Hellraiser838: folds 
rafatantra: folds 
w3sby: checks 
*** FLOP *** [9d 3d 3c]
rafatantra leaves the table
w3sby: checks 
thenakedbull: checks 
*** TURN *** [9d 3d 3c] [Jh]
w3sby: checks 
thenakedbull: checks 
*** RIVER *** [9d 3d 3c Jh] [9c]
w3sby: checks 
thenakedbull: checks 
*** SHOW DOWN ***
w3sby: shows [2c Td] (two pair, Nines and Threes)
thenakedbull: shows [Ah 6d] (two pair, Nines and Threes - Ace kicker)
thenakedbull collected $0.05 from pot
*** SUMMARY ***
Total pot $0.05 | Rake $0 
Board [9d 3d 3c Jh 9c]
Seat 2: RGeroyev folded before Flop (didn't bet)
Seat 3: Dorex2007 folded before Flop (didn't bet)
Seat 4: thenakedbull showed [Ah 6d] and won ($0.05) with two pair, Nines and Threes
Seat 5: Frosty346 folded before Flop (didn't bet)
Seat 6: kolyasik2401 folded before Flop (didn't bet)
Seat 7: Hellraiser838 (button) folded before Flop (didn't bet)
Seat 8: rafatantra (small blind) folded before Flop
Seat 9: w3sby (big blind) showed [2c Td] and lost with two pair, Nines and Threes



PokerStars Hand #225237682402:  Hold'em No Limit ($0.01/$0.02 USD) - 2021/03/27 10:08:48 PT [2021/03/27 13:08:48 ET]
Table 'Althaea V' 9-max Seat #9 is the button
Seat 2: RGeroyev ($0.58 in chips) 
Seat 3: Dorex2007 ($1.50 in chips) 
Seat 4: thenakedbull ($0.98 in chips) 
Seat 5: Frosty346 ($2.21 in chips) 
Seat 6: kolyasik2401 ($0.75 in chips) 
Seat 7: Hellraiser838 ($1.64 in chips) 
Seat 9: w3sby ($2.87 in chips) 
RGeroyev: posts small blind $0.01
Dorex2007: posts big blind $0.02
*** HOLE CARDS ***
Dealt to Dorex2007 [6c Th]
thenakedbull: calls $0.02
Frosty346: folds 
kolyasik2401: folds 
Hellraiser838: raises $0.02 to $0.04
w3sby: folds 
RGeroyev: calls $0.03
Dorex2007: folds 
thenakedbull: calls $0.02
*** FLOP *** [8c 8h 9c]
RGeroyev: checks 
thenakedbull: checks 
Hellraiser838: checks 
*** TURN *** [8c 8h 9c] [Qs]
RGeroyev: checks 
thenakedbull: checks 
Hellraiser838: checks 
*** RIVER *** [8c 8h 9c Qs] [Kd]
RGeroyev: checks 
thenakedbull: bets $0.02
Hellraiser838: raises $0.06 to $0.08
RGeroyev: folds 
rafatantra joins the table at seat #8 
thenakedbull: calls $0.06
*** SHOW DOWN ***
Hellraiser838: shows [Td Jd] (a straight, Nine to King)
thenakedbull: mucks hand 
Hellraiser838 collected $0.29 from pot
*** SUMMARY ***
Total pot $0.30 | Rake $0.01 
Board [8c 8h 9c Qs Kd]
Seat 2: RGeroyev (small blind) folded on the River
Seat 3: Dorex2007 (big blind) folded before Flop
Seat 4: thenakedbull mucked [7d Ks]
Seat 5: Frosty346 folded before Flop (didn't bet)
Seat 6: kolyasik2401 folded before Flop (didn't bet)
Seat 7: Hellraiser838 showed [Td Jd] and won ($0.29) with a straight, Nine to King
Seat 9: w3sby (button) folded before Flop (didn't bet)



PokerStars Hand #225237705089:  Hold'em No Limit ($0.01/$0.02 USD) - 2021/03/27 10:09:30 PT [2021/03/27 13:09:30 ET]
Table 'Althaea V' 9-max Seat #2 is the button
Seat 2: RGeroyev ($0.54 in chips) 
Seat 3: Dorex2007 ($1.48 in chips) 
Seat 4: thenakedbull ($0.86 in chips) 
Seat 5: Frosty346 ($2.21 in chips) 
Seat 6: kolyasik2401 ($0.75 in chips) 
Seat 7: Hellraiser838 ($1.81 in chips) 
Seat 9: w3sby ($2.87 in chips) 
Dorex2007: posts small blind $0.01
thenakedbull: posts big blind $0.02
rafatantra: sits out 
*** HOLE CARDS ***
Dealt to Dorex2007 [3d 3c]
Frosty346: folds 
kolyasik2401: folds 
Hellraiser838: folds 
w3sby: folds 
RGeroyev: raises $0.02 to $0.04
Dorex2007: folds 
thenakedbull: calls $0.02
*** FLOP *** [Qd 7s 9s]
thenakedbull: checks 
RGeroyev: checks 
*** TURN *** [Qd 7s 9s] [Ah]
thenakedbull: checks 
RGeroyev: checks 
*** RIVER *** [Qd 7s 9s Ah] [2s]
Frosty346 leaves the table
thenakedbull: checks 
RGeroyev: checks 
*** SHOW DOWN ***
thenakedbull: shows [6c 7c] (a pair of Sevens)
RGeroyev: mucks hand 
thenakedbull collected $0.09 from pot
*** SUMMARY ***
Total pot $0.09 | Rake $0 
Board [Qd 7s 9s Ah 2s]
Seat 2: RGeroyev (button) mucked [Jc Kd]
Seat 3: Dorex2007 (small blind) folded before Flop
Seat 4: thenakedbull (big blind) showed [6c 7c] and won ($0.09) with a pair of Sevens
Seat 5: Frosty346 folded before Flop (didn't bet)
Seat 6: kolyasik2401 folded before Flop (didn't bet)
Seat 7: Hellraiser838 folded before Flop (didn't bet)
Seat 9: w3sby folded before Flop (didn't bet)



PokerStars Hand #225237717276:  Hold'em No Limit ($0.01/$0.02 USD) - 2021/03/27 10:09:53 PT [2021/03/27 13:09:53 ET]
Table 'Althaea V' 9-max Seat #3 is the button
Seat 2: RGeroyev ($0.50 in chips) 
Seat 3: Dorex2007 ($1.47 in chips) 
Seat 4: thenakedbull ($0.91 in chips) 
Seat 6: kolyasik2401 ($0.75 in chips) 
Seat 7: Hellraiser838 ($1.81 in chips) 
Seat 8: rafatantra ($2.04 in chips) 
Seat 9: w3sby ($2.87 in chips) 
thenakedbull: posts small blind $0.01
kolyasik2401: posts big blind $0.02
rafatantra: posts big blind $0.02
*** HOLE CARDS ***
Dealt to Dorex2007 [Ad 2s]
Hellraiser838: folds 
Djentx joins the table at seat #5 
rafatantra: checks 
w3sby: folds 
RGeroyev: raises $0.02 to $0.04
Dorex2007: folds 
thenakedbull: raises $0.02 to $0.06
kolyasik2401: folds 
rafatantra: calls $0.04
RGeroyev: calls $0.02
*** FLOP *** [5h Qd 5c]
thenakedbull: checks 
rafatantra: checks 
RGeroyev: checks 
*** TURN *** [5h Qd 5c] [6c]
thenakedbull: bets $0.04
rafatantra: calls $0.04
RGeroyev: calls $0.04
*** RIVER *** [5h Qd 5c 6c] [2c]
thenakedbull: checks 
rafatantra: bets $0.31
RGeroyev: folds 
thenakedbull: calls $0.31
*** SHOW DOWN ***
rafatantra: shows [5d 6d] (a full house, Fives full of Sixes)
thenakedbull: mucks hand 
rafatantra collected $0.91 from pot
*** SUMMARY ***
Total pot $0.94 | Rake $0.03 
Board [5h Qd 5c 6c 2c]
Seat 2: RGeroyev folded on the River
Seat 3: Dorex2007 (button) folded before Flop (didn't bet)
Seat 4: thenakedbull (small blind) mucked [Qs As]
Seat 6: kolyasik2401 (big blind) folded before Flop
Seat 7: Hellraiser838 folded before Flop (didn't bet)
Seat 8: rafatantra showed [5d 6d] and won ($0.91) with a full house, Fives full of Sixes
Seat 9: w3sby folded before Flop (didn't bet)



PokerStars Hand #225237752863:  Hold'em No Limit ($0.01/$0.02 USD) - 2021/03/27 10:11:00 PT [2021/03/27 13:11:00 ET]
Table 'Althaea V' 9-max Seat #4 is the button
Seat 2: RGeroyev ($0.40 in chips) 
Seat 3: Dorex2007 ($1.47 in chips) 
Seat 4: thenakedbull ($0.50 in chips) 
Seat 6: kolyasik2401 ($0.73 in chips) 
Seat 7: Hellraiser838 ($1.81 in chips) 
Seat 8: rafatantra ($2.54 in chips) 
Seat 9: w3sby ($2.87 in chips) 
kolyasik2401: posts small blind $0.01
Hellraiser838: posts big blind $0.02
*** HOLE CARDS ***
Dealt to Dorex2007 [Qs Ks]
rafatantra: raises $0.04 to $0.06
w3sby: folds 
RGeroyev: folds 
Dorex2007: calls $0.06
thenakedbull: folds 
kolyasik2401: folds 
Hellraiser838: calls $0.04
*** FLOP *** [2d 6c 7d]
Hellraiser838: checks 
rafatantra: bets $0.09
Dorex2007: calls $0.09
Hellraiser838: folds 
*** TURN *** [2d 6c 7d] [Kh]
rafatantra: bets $0.18
Dorex2007: raises $0.18 to $0.36
rafatantra: calls $0.18
*** RIVER *** [2d 6c 7d Kh] [2c]
rafatantra: checks 
Dorex2007: checks 
*** SHOW DOWN ***
rafatantra: shows [8c 9c] (a pair of Deuces)
Dorex2007: shows [Qs Ks] (two pair, Kings and Deuces)
Dorex2007 collected $1.05 from pot
*** SUMMARY ***
Total pot $1.09 | Rake $0.04 
Board [2d 6c 7d Kh 2c]
Seat 2: RGeroyev folded before Flop (didn't bet)
Seat 3: Dorex2007 showed [Qs Ks] and won ($1.05) with two pair, Kings and Deuces
Seat 4: thenakedbull (button) folded before Flop (didn't bet)
Seat 6: kolyasik2401 (small blind) folded before Flop
Seat 7: Hellraiser838 (big blind) folded on the Flop
Seat 8: rafatantra showed [8c 9c] and lost with a pair of Deuces
Seat 9: w3sby folded before Flop (didn't bet)



PokerStars Hand #225237784778:  Hold'em No Limit ($0.01/$0.02 USD) - 2021/03/27 10:11:59 PT [2021/03/27 13:11:59 ET]
Table 'Althaea V' 9-max Seat #6 is the button
Seat 2: RGeroyev ($0.40 in chips) 
Seat 3: Dorex2007 ($2.01 in chips) 
Seat 4: thenakedbull ($0.50 in chips) 
Seat 6: kolyasik2401 ($0.72 in chips) 
Seat 7: Hellraiser838 ($1.75 in chips) 
Seat 8: rafatantra ($2.03 in chips) 
Seat 9: w3sby ($2.87 in chips) 
Hellraiser838: posts small blind $0.01
rafatantra: posts big blind $0.02
Djentx: sits out 
*** HOLE CARDS ***
Dealt to Dorex2007 [6s Qh]
w3sby: folds 
RGeroyev: folds 
Dorex2007: folds 
thenakedbull: folds 
kolyasik2401: folds 
Hellraiser838: folds 
Uncalled bet ($0.01) returned to rafatantra
rafatantra collected $0.02 from pot
rafatantra: doesn't show hand 
*** SUMMARY ***
Total pot $0.02 | Rake $0 
Seat 2: RGeroyev folded before Flop (didn't bet)
Seat 3: Dorex2007 folded before Flop (didn't bet)
Seat 4: thenakedbull folded before Flop (didn't bet)
Seat 6: kolyasik2401 (button) folded before Flop (didn't bet)
Seat 7: Hellraiser838 (small blind) folded before Flop
Seat 8: rafatantra (big blind) collected ($0.02)
Seat 9: w3sby folded before Flop (didn't bet)



PokerStars Hand #225237791058:  Hold'em No Limit ($0.01/$0.02 USD) - 2021/03/27 10:12:11 PT [2021/03/27 13:12:11 ET]
Table 'Althaea V' 9-max Seat #7 is the button
Seat 2: RGeroyev ($0.40 in chips) 
Seat 3: Dorex2007 ($2.01 in chips) 
Seat 4: thenakedbull ($0.50 in chips) 
Seat 6: kolyasik2401 ($0.72 in chips) 
Seat 7: Hellraiser838 ($1.74 in chips) 
Seat 8: rafatantra ($2.04 in chips) 
Seat 9: w3sby ($2.87 in chips) 
rafatantra: posts small blind $0.01
w3sby: posts big blind $0.02
Djentx: sits out 
*** HOLE CARDS ***
Dealt to Dorex2007 [Th 7d]
RGeroyev: folds 
Dorex2007: folds 
thenakedbull: calls $0.02
kolyasik2401: folds 
Hellraiser838: calls $0.02
rafatantra: calls $0.01
w3sby: checks 
*** FLOP *** [Jc 2h 9h]
rafatantra: checks 
w3sby: checks 
thenakedbull: checks 
Hellraiser838: checks 
*** TURN *** [Jc 2h 9h] [Qh]
rafatantra: checks 
w3sby: checks 
thenakedbull: bets $0.04
Hellraiser838: folds 
rafatantra: folds 
w3sby: calls $0.04
*** RIVER *** [Jc 2h 9h Qh] [Td]
w3sby: checks 
thenakedbull: bets $0.08
w3sby: folds 
Uncalled bet ($0.08) returned to thenakedbull
Hellraiser838 leaves the table
thenakedbull collected $0.15 from pot
thenakedbull: doesn't show hand 
*** SUMMARY ***
Total pot $0.16 | Rake $0.01 
Board [Jc 2h 9h Qh Td]
Seat 2: RGeroyev folded before Flop (didn't bet)
Seat 3: Dorex2007 folded before Flop (didn't bet)
Seat 4: thenakedbull collected ($0.15)
Seat 6: kolyasik2401 folded before Flop (didn't bet)
Seat 7: Hellraiser838 (button) folded on the Turn
Seat 8: rafatantra (small blind) folded on the Turn
Seat 9: w3sby (big blind) folded on the River



PokerStars Hand #225237819663:  Hold'em No Limit ($0.01/$0.02 USD) - 2021/03/27 10:13:04 PT [2021/03/27 13:13:04 ET]
Table 'Althaea V' 9-max Seat #8 is the button
Seat 1: King.Kristi ($1.03 in chips) 
Seat 2: RGeroyev ($0.40 in chips) 
Seat 3: Dorex2007 ($2.01 in chips) 
Seat 4: thenakedbull ($0.59 in chips) 
Seat 6: kolyasik2401 ($0.72 in chips) 
Seat 8: rafatantra ($2.02 in chips) 
Seat 9: w3sby ($2.81 in chips) 
w3sby: posts small blind $0.01
King.Kristi: posts big blind $0.02
Djentx: sits out 
*** HOLE CARDS ***
Dealt to Dorex2007 [Js 4d]
RGeroyev: folds 
Dorex2007: folds 
thenakedbull: calls $0.02
kolyasik2401: folds 
rafatantra: raises $0.04 to $0.06
w3sby: folds 
King.Kristi: folds 
thenakedbull: calls $0.04
*** FLOP *** [8h 9d Ts]
thenakedbull: checks 
rafatantra: bets $0.07
thenakedbull: folds 
Uncalled bet ($0.07) returned to rafatantra
rafatantra collected $0.14 from pot
rafatantra: doesn't show hand 
*** SUMMARY ***
Total pot $0.15 | Rake $0.01 
Board [8h 9d Ts]
Seat 1: King.Kristi (big blind) folded before Flop
Seat 2: RGeroyev folded before Flop (didn't bet)
Seat 3: Dorex2007 folded before Flop (didn't bet)
Seat 4: thenakedbull folded on the Flop
Seat 6: kolyasik2401 folded before Flop (didn't bet)
Seat 8: rafatantra (button) collected ($0.14)
Seat 9: w3sby (small blind) folded before Flop



PokerStars Hand #225237835618:  Hold'em No Limit ($0.01/$0.02 USD) - 2021/03/27 10:13:33 PT [2021/03/27 13:13:33 ET]
Table 'Althaea V' 9-max Seat #9 is the button
Seat 1: King.Kristi ($1.01 in chips) 
Seat 2: RGeroyev ($0.40 in chips) 
Seat 3: Dorex2007 ($2.01 in chips) 
Seat 4: thenakedbull ($0.53 in chips) 
Seat 6: kolyasik2401 ($0.72 in chips) 
Seat 8: rafatantra ($2.10 in chips) 
Seat 9: w3sby ($2.80 in chips) 
King.Kristi: posts small blind $0.01
RGeroyev: posts big blind $0.02
Djentx: sits out 
*** HOLE CARDS ***
Dealt to Dorex2007 [7d 6d]
KyJla4oK joins the table at seat #7 
Dorex2007: folds 
thenakedbull: calls $0.02
kolyasik2401: folds 
rafatantra: raises $0.04 to $0.06
w3sby: folds 
King.Kristi: folds 
RGeroyev: calls $0.04
thenakedbull: calls $0.04
*** FLOP *** [Qh Qc 6h]
RGeroyev: bets $0.06
thenakedbull: folds 
rafatantra: calls $0.06
*** TURN *** [Qh Qc 6h] [Jc]
RGeroyev: checks 
rafatantra: checks 
*** RIVER *** [Qh Qc 6h Jc] [Ac]
RGeroyev: checks 
rafatantra: checks 
*** SHOW DOWN ***
RGeroyev: shows [8d 8h] (two pair, Queens and Eights)
rafatantra: shows [Tc Ts] (two pair, Queens and Tens)
rafatantra collected $0.30 from pot
*** SUMMARY ***
Total pot $0.31 | Rake $0.01 
Board [Qh Qc 6h Jc Ac]
Seat 1: King.Kristi (small blind) folded before Flop
Seat 2: RGeroyev (big blind) showed [8d 8h] and lost with two pair, Queens and Eights
Seat 3: Dorex2007 folded before Flop (didn't bet)
Seat 4: thenakedbull folded on the Flop
Seat 6: kolyasik2401 folded before Flop (didn't bet)
Seat 8: rafatantra showed [Tc Ts] and won ($0.30) with two pair, Queens and Tens
Seat 9: w3sby (button) folded before Flop (didn't bet)



PokerStars Hand #225237861211:  Hold'em No Limit ($0.01/$0.02 USD) - 2021/03/27 10:14:21 PT [2021/03/27 13:14:21 ET]
Table 'Althaea V' 9-max Seat #1 is the button
Seat 1: King.Kristi ($1 in chips) 
Seat 2: RGeroyev ($0.28 in chips) 
Seat 3: Dorex2007 ($2.01 in chips) 
Seat 4: thenakedbull ($0.47 in chips) 
Seat 6: kolyasik2401 ($0.72 in chips) 
Seat 8: rafatantra ($2.28 in chips) 
Seat 9: w3sby ($2.80 in chips) 
RGeroyev: posts small blind $0.01
Dorex2007: posts big blind $0.02
Djentx: sits out 
KyJla4oK: sits out 
*** HOLE CARDS ***
Dealt to Dorex2007 [8h 4h]
thenakedbull: calls $0.02
kolyasik2401: folds 
rafatantra: raises $0.04 to $0.06
w3sby: folds 
King.Kristi: folds 
RGeroyev: folds 
Dorex2007: folds 
thenakedbull: calls $0.04
*** FLOP *** [2s As Qs]
thenakedbull: checks 
rafatantra: checks 
*** TURN *** [2s As Qs] [Kh]
thenakedbull: checks 
rafatantra: checks 
*** RIVER *** [2s As Qs Kh] [Qc]
thenakedbull: bets $0.08
rafatantra: raises $0.08 to $0.16
thenakedbull: calls $0.08
*** SHOW DOWN ***
rafatantra: shows [Ts Ks] (a flush, Ace high)
thenakedbull: mucks hand 
rafatantra collected $0.45 from pot
*** SUMMARY ***
Total pot $0.47 | Rake $0.02 
Board [2s As Qs Kh Qc]
Seat 1: King.Kristi (button) folded before Flop (didn't bet)
Seat 2: RGeroyev (small blind) folded before Flop
Seat 3: Dorex2007 (big blind) folded before Flop
Seat 4: thenakedbull mucked [Jh Jd]
Seat 6: kolyasik2401 folded before Flop (didn't bet)
Seat 8: rafatantra showed [Ts Ks] and won ($0.45) with a flush, Ace high
Seat 9: w3sby folded before Flop (didn't bet)



PokerStars Hand #225237892561:  Hold'em No Limit ($0.01/$0.02 USD) - 2021/03/27 10:15:12 PT [2021/03/27 13:15:12 ET]
Table 'Althaea V' 9-max Seat #2 is the button
Seat 1: King.Kristi ($1 in chips) 
Seat 2: RGeroyev ($0.80 in chips) 
Seat 3: Dorex2007 ($1.99 in chips) 
Seat 4: thenakedbull ($0.25 in chips) 
Seat 6: kolyasik2401 ($0.72 in chips) 
Seat 8: rafatantra ($2.51 in chips) 
Seat 9: w3sby ($2.80 in chips) 
Dorex2007: posts small blind $0.01
thenakedbull: posts big blind $0.02
Djentx: sits out 
KyJla4oK: sits out 
*** HOLE CARDS ***
Dealt to Dorex2007 [Jh 4c]
kolyasik2401: folds 
rafatantra: folds 
w3sby: folds 
King.Kristi: folds 
RGeroyev: folds 
Dorex2007: folds 
Uncalled bet ($0.01) returned to thenakedbull
thenakedbull collected $0.02 from pot
thenakedbull: doesn't show hand 
*** SUMMARY ***
Total pot $0.02 | Rake $0 
Seat 1: King.Kristi folded before Flop (didn't bet)
Seat 2: RGeroyev (button) folded before Flop (didn't bet)
Seat 3: Dorex2007 (small blind) folded before Flop
Seat 4: thenakedbull (big blind) collected ($0.02)
Seat 6: kolyasik2401 folded before Flop (didn't bet)
Seat 8: rafatantra folded before Flop (didn't bet)
Seat 9: w3sby folded before Flop (didn't bet)



PokerStars Hand #225237898610:  Hold'em No Limit ($0.01/$0.02 USD) - 2021/03/27 10:15:22 PT [2021/03/27 13:15:22 ET]
Table 'Althaea V' 9-max Seat #3 is the button
Seat 1: King.Kristi ($1 in chips) 
Seat 2: RGeroyev ($0.80 in chips) 
Seat 3: Dorex2007 ($1.98 in chips) 
Seat 4: thenakedbull ($0.26 in chips) 
Seat 5: Djentx ($2 in chips) 
Seat 6: kolyasik2401 ($0.72 in chips) 
Seat 8: rafatantra ($2.51 in chips) 
Seat 9: w3sby ($2.80 in chips) 
thenakedbull: posts small blind $0.01
Djentx: posts big blind $0.02
KyJla4oK: sits out 
*** HOLE CARDS ***
Dealt to Dorex2007 [7d Th]
kolyasik2401: folds 
rafatantra: folds 
w3sby: folds 
King.Kristi: folds 
RGeroyev: folds 
Dorex2007: folds 
thenakedbull: calls $0.01
Djentx: checks 
*** FLOP *** [3s 8c 6c]
thenakedbull: checks 
Djentx: bets $0.02
thenakedbull: calls $0.02
*** TURN *** [3s 8c 6c] [3h]
thenakedbull: checks 
Djentx: checks 
*** RIVER *** [3s 8c 6c 3h] [Ac]
thenakedbull: bets $0.08
Djentx: folds 
Uncalled bet ($0.08) returned to thenakedbull
thenakedbull collected $0.08 from pot
thenakedbull: doesn't show hand 
*** SUMMARY ***
Total pot $0.08 | Rake $0 
Board [3s 8c 6c 3h Ac]
Seat 1: King.Kristi folded before Flop (didn't bet)
Seat 2: RGeroyev folded before Flop (didn't bet)
Seat 3: Dorex2007 (button) folded before Flop (didn't bet)
Seat 4: thenakedbull (small blind) collected ($0.08)
Seat 5: Djentx (big blind) folded on the River
Seat 6: kolyasik2401 folded before Flop (didn't bet)
Seat 8: rafatantra folded before Flop (didn't bet)
Seat 9: w3sby folded before Flop (didn't bet)



PokerStars Hand #225237932178:  Hold'em No Limit ($0.01/$0.02 USD) - 2021/03/27 10:16:20 PT [2021/03/27 13:16:20 ET]
Table 'Althaea V' 9-max Seat #4 is the button
Seat 1: King.Kristi ($1 in chips) 
Seat 2: RGeroyev ($0.80 in chips) 
Seat 3: Dorex2007 ($1.98 in chips) 
Seat 4: thenakedbull ($0.30 in chips) 
Seat 5: Djentx ($1.96 in chips) 
Seat 6: kolyasik2401 ($0.72 in chips) 
Seat 8: rafatantra ($2.51 in chips) 
Seat 9: w3sby ($2.80 in chips) 
Djentx: posts small blind $0.01
kolyasik2401: posts big blind $0.02
KyJla4oK: sits out 
*** HOLE CARDS ***
Dealt to Dorex2007 [8d 5h]
rafatantra: raises $0.04 to $0.06
w3sby: folds 
King.Kristi: folds 
RGeroyev: folds 
Dorex2007: folds 
thenakedbull: folds 
Djentx: folds 
kolyasik2401: folds 
Uncalled bet ($0.04) returned to rafatantra
rafatantra collected $0.05 from pot
rafatantra: doesn't show hand 
*** SUMMARY ***
Total pot $0.05 | Rake $0 
Seat 1: King.Kristi folded before Flop (didn't bet)
Seat 2: RGeroyev folded before Flop (didn't bet)
Seat 3: Dorex2007 folded before Flop (didn't bet)
Seat 4: thenakedbull (button) folded before Flop (didn't bet)
Seat 5: Djentx (small blind) folded before Flop
Seat 6: kolyasik2401 (big blind) folded before Flop
Seat 8: rafatantra collected ($0.05)
Seat 9: w3sby folded before Flop (didn't bet)



PokerStars Hand #225237942748:  Hold'em No Limit ($0.01/$0.02 USD) - 2021/03/27 10:16:38 PT [2021/03/27 13:16:38 ET]
Table 'Althaea V' 9-max Seat #5 is the button
Seat 1: King.Kristi ($1 in chips) 
Seat 2: RGeroyev ($0.80 in chips) 
Seat 3: Dorex2007 ($1.98 in chips) 
Seat 4: thenakedbull ($0.30 in chips) 
Seat 5: Djentx ($1.95 in chips) 
Seat 6: kolyasik2401 ($0.70 in chips) 
Seat 7: KyJla4oK ($1.78 in chips) 
Seat 8: rafatantra ($2.54 in chips) 
Seat 9: w3sby ($2.80 in chips) 
kolyasik2401: posts small blind $0.01
KyJla4oK: posts big blind $0.02
*** HOLE CARDS ***
Dealt to Dorex2007 [Th 6s]
rafatantra: folds 
w3sby: folds 
King.Kristi: folds 
RGeroyev: folds 
Dorex2007: folds 
thenakedbull: calls $0.02
Djentx: folds 
kolyasik2401: folds 
KyJla4oK: checks 
*** FLOP *** [Jc 8h Js]
KyJla4oK: checks 
thenakedbull: checks 
*** TURN *** [Jc 8h Js] [Qh]
KyJla4oK: bets $0.02
thenakedbull: raises $0.02 to $0.04
KyJla4oK: calls $0.02
*** RIVER *** [Jc 8h Js Qh] [Qc]
KyJla4oK: checks 
thenakedbull: bets $0.08
KyJla4oK: folds 
Uncalled bet ($0.08) returned to thenakedbull
thenakedbull collected $0.13 from pot
thenakedbull: doesn't show hand 
*** SUMMARY ***
Total pot $0.13 | Rake $0 
Board [Jc 8h Js Qh Qc]
Seat 1: King.Kristi folded before Flop (didn't bet)
Seat 2: RGeroyev folded before Flop (didn't bet)
Seat 3: Dorex2007 folded before Flop (didn't bet)
Seat 4: thenakedbull collected ($0.13)
Seat 5: Djentx (button) folded before Flop (didn't bet)
Seat 6: kolyasik2401 (small blind) folded before Flop
Seat 7: KyJla4oK (big blind) folded on the River
Seat 8: rafatantra folded before Flop (didn't bet)
Seat 9: w3sby folded before Flop (didn't bet)



PokerStars Hand #225237966492:  Hold'em No Limit ($0.01/$0.02 USD) - 2021/03/27 10:17:19 PT [2021/03/27 13:17:19 ET]
Table 'Althaea V' 9-max Seat #6 is the button
Seat 1: King.Kristi ($1 in chips) 
Seat 2: RGeroyev ($0.80 in chips) 
Seat 3: Dorex2007 ($1.98 in chips) 
Seat 4: thenakedbull ($0.37 in chips) 
Seat 5: Djentx ($1.95 in chips) 
Seat 6: kolyasik2401 ($0.69 in chips) 
Seat 7: KyJla4oK ($1.72 in chips) 
Seat 8: rafatantra ($2.54 in chips) 
Seat 9: w3sby ($2.80 in chips) 
KyJla4oK: posts small blind $0.01
rafatantra: posts big blind $0.02
*** HOLE CARDS ***
Dealt to Dorex2007 [9d 3d]
w3sby: folds 
King.Kristi: folds 
RGeroyev: folds 
Dorex2007: folds 
thenakedbull: calls $0.02
Djentx: folds 
kolyasik2401: folds 
KyJla4oK: calls $0.01
rafatantra: checks 
*** FLOP *** [6h 9c Js]
KyJla4oK: checks 
rafatantra: checks 
thenakedbull: checks 
*** TURN *** [6h 9c Js] [Td]
KyJla4oK: bets $0.04
rafatantra: raises $0.04 to $0.08
thenakedbull: calls $0.08
KyJla4oK: calls $0.04
*** RIVER *** [6h 9c Js Td] [5c]
KyJla4oK: checks 
rafatantra: bets $0.29
thenakedbull: folds 
KyJla4oK: folds 
Uncalled bet ($0.29) returned to rafatantra
rafatantra collected $0.29 from pot
rafatantra: doesn't show hand 
*** SUMMARY ***
Total pot $0.30 | Rake $0.01 
Board [6h 9c Js Td 5c]
Seat 1: King.Kristi folded before Flop (didn't bet)
Seat 2: RGeroyev folded before Flop (didn't bet)
Seat 3: Dorex2007 folded before Flop (didn't bet)
Seat 4: thenakedbull folded on the River
Seat 5: Djentx folded before Flop (didn't bet)
Seat 6: kolyasik2401 (button) folded before Flop (didn't bet)
Seat 7: KyJla4oK (small blind) folded on the River
Seat 8: rafatantra (big blind) collected ($0.29)
Seat 9: w3sby folded before Flop (didn't bet)



