PokerStars Hand #224028470466:  Hold'em No Limit ($0.01/$0.02 USD) - 2021/02/20 8:59:02 PT [2021/02/20 11:59:02 ET]
Table 'Messalina V' 9-max Seat #1 is the button
Seat 1: Tinca07 ($1.91 in chips) 
Seat 2: Unikul_Ar ($0.92 in chips) 
Seat 3: Dorex2007 ($1.50 in chips) 
Seat 4: job63 ($2.07 in chips) 
Seat 5: maciejjopek12 ($1.61 in chips) 
Seat 6: petro1113 ($4.86 in chips) 
Seat 7: maniacof ($1.06 in chips) 
Seat 8: ice10man10 ($3.26 in chips) 
Seat 9: aquavit77 ($1.63 in chips) 
Unikul_Ar: posts small blind $0.01
Dorex2007: posts big blind $0.02
*** HOLE CARDS ***
Dealt to Dorex2007 [Kc Th]
job63: folds 
maciejjopek12: calls $0.02
petro1113: raises $0.06 to $0.08
maniacof: folds 
ice10man10: folds 
aquavit77: calls $0.08
Tinca07: folds 
Unikul_Ar: calls $0.07
Dorex2007: folds 
maciejjopek12: calls $0.06
*** FLOP *** [Js 3c Tc]
Unikul_Ar: checks 
maciejjopek12: checks 
petro1113: checks 
aquavit77: bets $0.16
Unikul_Ar: calls $0.16
maciejjopek12: calls $0.16
petro1113: folds 
*** TURN *** [Js 3c Tc] [5c]
Unikul_Ar: checks 
maciejjopek12: bets $1.37 and is all-in
aquavit77: folds 
Unikul_Ar: folds 
Uncalled bet ($1.37) returned to maciejjopek12
maciejjopek12 collected $0.79 from pot
maciejjopek12: doesn't show hand 
*** SUMMARY ***
Total pot $0.82 | Rake $0.03 
Board [Js 3c Tc 5c]
Seat 1: Tinca07 (button) folded before Flop (didn't bet)
Seat 2: Unikul_Ar (small blind) folded on the Turn
Seat 3: Dorex2007 (big blind) folded before Flop
Seat 4: job63 folded before Flop (didn't bet)
Seat 5: maciejjopek12 collected ($0.79)
Seat 6: petro1113 folded on the Flop
Seat 7: maniacof folded before Flop (didn't bet)
Seat 8: ice10man10 folded before Flop (didn't bet)
Seat 9: aquavit77 folded on the Turn



PokerStars Hand #224028506266:  Hold'em No Limit ($0.01/$0.02 USD) - 2021/02/20 9:00:23 PT [2021/02/20 12:00:23 ET]
Table 'Messalina V' 9-max Seat #2 is the button
Seat 1: Tinca07 ($1.91 in chips) 
Seat 2: Unikul_Ar ($0.68 in chips) 
Seat 3: Dorex2007 ($1.48 in chips) 
Seat 4: job63 ($2.07 in chips) 
Seat 5: maciejjopek12 ($2.16 in chips) 
Seat 6: petro1113 ($4.78 in chips) 
Seat 7: maniacof ($1.06 in chips) 
Seat 8: ice10man10 ($3.26 in chips) 
Seat 9: aquavit77 ($1.39 in chips) 
Dorex2007: posts small blind $0.01
job63: posts big blind $0.02
*** HOLE CARDS ***
Dealt to Dorex2007 [Qh 2h]
maciejjopek12: calls $0.02
petro1113: folds 
maniacof: calls $0.02
ice10man10: folds 
aquavit77: folds 
Tinca07: calls $0.02
Unikul_Ar: calls $0.02
Dorex2007: folds 
job63: checks 
*** FLOP *** [5h Th 7d]
job63: bets $0.06
maciejjopek12: folds 
maniacof: folds 
Tinca07: folds 
Unikul_Ar: calls $0.06
*** TURN *** [5h Th 7d] [3s]
job63: bets $0.10
Unikul_Ar: raises $0.42 to $0.52
job63: calls $0.42
*** RIVER *** [5h Th 7d 3s] [8c]
job63: bets $0.18
Unikul_Ar: folds 
Uncalled bet ($0.18) returned to job63
job63 collected $1.23 from pot
job63: doesn't show hand 
*** SUMMARY ***
Total pot $1.27 | Rake $0.04 
Board [5h Th 7d 3s 8c]
Seat 1: Tinca07 folded on the Flop
Seat 2: Unikul_Ar (button) folded on the River
Seat 3: Dorex2007 (small blind) folded before Flop
Seat 4: job63 (big blind) collected ($1.23)
Seat 5: maciejjopek12 folded on the Flop
Seat 6: petro1113 folded before Flop (didn't bet)
Seat 7: maniacof folded on the Flop
Seat 8: ice10man10 folded before Flop (didn't bet)
Seat 9: aquavit77 folded before Flop (didn't bet)



PokerStars Hand #224028544987:  Hold'em No Limit ($0.01/$0.02 USD) - 2021/02/20 9:01:40 PT [2021/02/20 12:01:40 ET]
Table 'Messalina V' 9-max Seat #3 is the button
Seat 1: Tinca07 ($1.89 in chips) 
Seat 2: Unikul_Ar ($0.08 in chips) 
Seat 3: Dorex2007 ($1.47 in chips) 
Seat 4: job63 ($2.70 in chips) 
Seat 5: maciejjopek12 ($2.14 in chips) 
Seat 6: petro1113 ($4.78 in chips) 
Seat 7: maniacof ($1.04 in chips) 
Seat 8: ice10man10 ($3.26 in chips) 
Seat 9: aquavit77 ($1.39 in chips) 
job63: posts small blind $0.01
maciejjopek12: posts big blind $0.02
*** HOLE CARDS ***
Dealt to Dorex2007 [9c Kd]
petro1113: folds 
maniacof: folds 
ice10man10: folds 
aquavit77: calls $0.02
Tinca07: folds 
Unikul_Ar: folds 
Dorex2007: folds 
job63: calls $0.01
maciejjopek12: checks 
*** FLOP *** [4d Jd 6d]
job63: bets $0.06
maciejjopek12: calls $0.06
aquavit77: folds 
*** TURN *** [4d Jd 6d] [Kh]
job63: bets $0.08
maciejjopek12: calls $0.08
*** RIVER *** [4d Jd 6d Kh] [Ks]
job63: bets $0.14
maciejjopek12: folds 
Uncalled bet ($0.14) returned to job63
job63 collected $0.33 from pot
job63: doesn't show hand 
*** SUMMARY ***
Total pot $0.34 | Rake $0.01 
Board [4d Jd 6d Kh Ks]
Seat 1: Tinca07 folded before Flop (didn't bet)
Seat 2: Unikul_Ar folded before Flop (didn't bet)
Seat 3: Dorex2007 (button) folded before Flop (didn't bet)
Seat 4: job63 (small blind) collected ($0.33)
Seat 5: maciejjopek12 (big blind) folded on the River
Seat 6: petro1113 folded before Flop (didn't bet)
Seat 7: maniacof folded before Flop (didn't bet)
Seat 8: ice10man10 folded before Flop (didn't bet)
Seat 9: aquavit77 folded on the Flop



PokerStars Hand #224028569676:  Hold'em No Limit ($0.01/$0.02 USD) - 2021/02/20 9:02:23 PT [2021/02/20 12:02:23 ET]
Table 'Messalina V' 9-max Seat #4 is the button
Seat 1: Tinca07 ($1.89 in chips) 
Seat 2: Unikul_Ar ($0.08 in chips) 
Seat 3: Dorex2007 ($1.47 in chips) 
Seat 4: job63 ($2.87 in chips) 
Seat 5: maciejjopek12 ($1.98 in chips) 
Seat 6: petro1113 ($4.78 in chips) 
Seat 7: maniacof ($1.04 in chips) 
Seat 8: ice10man10 ($3.26 in chips) 
Seat 9: aquavit77 ($1.37 in chips) 
maciejjopek12: posts small blind $0.01
petro1113: posts big blind $0.02
*** HOLE CARDS ***
Dealt to Dorex2007 [Kh 8s]
maniacof: folds 
ice10man10: folds 
aquavit77: calls $0.02
Tinca07: folds 
Unikul_Ar: folds 
Dorex2007: folds 
job63: calls $0.02
maciejjopek12: folds 
petro1113: checks 
*** FLOP *** [Ad 3h Kd]
petro1113: checks 
aquavit77: bets $0.02
job63: calls $0.02
petro1113: folds 
*** TURN *** [Ad 3h Kd] [6h]
aquavit77: checks 
job63: checks 
*** RIVER *** [Ad 3h Kd 6h] [3d]
aquavit77: checks 
job63: bets $0.08
aquavit77: folds 
Uncalled bet ($0.08) returned to job63
job63 collected $0.11 from pot
job63: doesn't show hand 
*** SUMMARY ***
Total pot $0.11 | Rake $0 
Board [Ad 3h Kd 6h 3d]
Seat 1: Tinca07 folded before Flop (didn't bet)
Seat 2: Unikul_Ar folded before Flop (didn't bet)
Seat 3: Dorex2007 folded before Flop (didn't bet)
Seat 4: job63 (button) collected ($0.11)
Seat 5: maciejjopek12 (small blind) folded before Flop
Seat 6: petro1113 (big blind) folded on the Flop
Seat 7: maniacof folded before Flop (didn't bet)
Seat 8: ice10man10 folded before Flop (didn't bet)
Seat 9: aquavit77 folded on the River



PokerStars Hand #224028600872:  Hold'em No Limit ($0.01/$0.02 USD) - 2021/02/20 9:03:17 PT [2021/02/20 12:03:17 ET]
Table 'Messalina V' 9-max Seat #5 is the button
Seat 1: Tinca07 ($1.89 in chips) 
Seat 2: Unikul_Ar ($0.08 in chips) 
Seat 3: Dorex2007 ($1.47 in chips) 
Seat 4: job63 ($2.94 in chips) 
Seat 5: maciejjopek12 ($1.97 in chips) 
Seat 6: petro1113 ($4.76 in chips) 
Seat 7: maniacof ($1.04 in chips) 
Seat 8: ice10man10 ($3.26 in chips) 
Seat 9: aquavit77 ($1.33 in chips) 
petro1113: posts small blind $0.01
maniacof: posts big blind $0.02
*** HOLE CARDS ***
Dealt to Dorex2007 [Ks 4h]
ice10man10: folds 
aquavit77: calls $0.02
Tinca07: folds 
Unikul_Ar: calls $0.02
Dorex2007: folds 
job63: calls $0.02
maciejjopek12: calls $0.02
petro1113: folds 
maniacof: checks 
*** FLOP *** [7d 6d 7h]
maniacof: bets $0.02
aquavit77: raises $0.02 to $0.04
Unikul_Ar: raises $0.02 to $0.06 and is all-in
job63: folds 
maciejjopek12: calls $0.06
maniacof: calls $0.04
aquavit77: raises $0.02 to $0.08
maciejjopek12: calls $0.02
maniacof: calls $0.02
*** TURN *** [7d 6d 7h] [Ah]
maniacof: checks 
aquavit77: bets $0.18
maciejjopek12: folds 
maniacof: folds 
Uncalled bet ($0.18) returned to aquavit77
*** RIVER *** [7d 6d 7h Ah] [Jc]
*** SHOW DOWN ***
aquavit77: shows [Tc 7c] (three of a kind, Sevens)
aquavit77 collected $0.06 from side pot
Unikul_Ar: shows [6s 7s] (a full house, Sevens full of Sixes)
Unikul_Ar collected $0.34 from main pot
*** SUMMARY ***
Total pot $0.41 Main pot $0.34. Side pot $0.06. | Rake $0.01 
Board [7d 6d 7h Ah Jc]
Seat 1: Tinca07 folded before Flop (didn't bet)
Seat 2: Unikul_Ar showed [6s 7s] and won ($0.34) with a full house, Sevens full of Sixes
Seat 3: Dorex2007 folded before Flop (didn't bet)
Seat 4: job63 folded on the Flop
Seat 5: maciejjopek12 (button) folded on the Turn
Seat 6: petro1113 (small blind) folded before Flop
Seat 7: maniacof (big blind) folded on the Turn
Seat 8: ice10man10 folded before Flop (didn't bet)
Seat 9: aquavit77 showed [Tc 7c] and won ($0.06) with three of a kind, Sevens



PokerStars Hand #224028660186:  Hold'em No Limit ($0.01/$0.02 USD) - 2021/02/20 9:04:59 PT [2021/02/20 12:04:59 ET]
Table 'Messalina V' 9-max Seat #6 is the button
Seat 1: Tinca07 ($1.89 in chips) 
Seat 2: Unikul_Ar ($0.34 in chips) 
Seat 3: Dorex2007 ($1.47 in chips) 
Seat 5: maciejjopek12 ($1.87 in chips) 
Seat 6: petro1113 ($4.75 in chips) 
Seat 7: maniacof ($0.94 in chips) 
Seat 8: ice10man10 ($3.26 in chips) 
Seat 9: aquavit77 ($1.29 in chips) 
maniacof: posts small blind $0.01
ice10man10: posts big blind $0.02
*** HOLE CARDS ***
Dealt to Dorex2007 [7d 5d]
aquavit77: calls $0.02
Tinca07: folds 
Unikul_Ar: folds 
Dorex2007: folds 
maciejjopek12: folds 
petro1113: folds 
maniacof: folds 
ice10man10: checks 
*** FLOP *** [5c Ac 2d]
ice10man10: bets $0.02
aquavit77: raises $0.02 to $0.04
ice10man10: folds 
Uncalled bet ($0.02) returned to aquavit77
aquavit77 collected $0.09 from pot
aquavit77: doesn't show hand 
*** SUMMARY ***
Total pot $0.09 | Rake $0 
Board [5c Ac 2d]
Seat 1: Tinca07 folded before Flop (didn't bet)
Seat 2: Unikul_Ar folded before Flop (didn't bet)
Seat 3: Dorex2007 folded before Flop (didn't bet)
Seat 5: maciejjopek12 folded before Flop (didn't bet)
Seat 6: petro1113 (button) folded before Flop (didn't bet)
Seat 7: maniacof (small blind) folded before Flop
Seat 8: ice10man10 (big blind) folded on the Flop
Seat 9: aquavit77 collected ($0.09)



PokerStars Hand #224028677570:  Hold'em No Limit ($0.01/$0.02 USD) - 2021/02/20 9:05:28 PT [2021/02/20 12:05:28 ET]
Table 'Messalina V' 9-max Seat #7 is the button
Seat 1: Tinca07 ($1.89 in chips) 
Seat 2: Unikul_Ar ($0.34 in chips) 
Seat 3: Dorex2007 ($1.47 in chips) 
Seat 5: maciejjopek12 ($1.87 in chips) 
Seat 6: petro1113 ($4.75 in chips) 
Seat 7: maniacof ($0.93 in chips) 
Seat 8: ice10man10 ($3.22 in chips) 
Seat 9: aquavit77 ($1.34 in chips) 
ice10man10: posts small blind $0.01
aquavit77: posts big blind $0.02
*** HOLE CARDS ***
Dealt to Dorex2007 [3h Ac]
Tinca07: folds 
Unikul_Ar: folds 
Dorex2007: folds 
maciejjopek12: calls $0.02
petro1113: folds 
maniacof has timed out
maniacof: folds 
ice10man10: calls $0.01
aquavit77: checks 
*** FLOP *** [Jh Ah 9s]
ice10man10: checks 
aquavit77: checks 
maciejjopek12: checks 
*** TURN *** [Jh Ah 9s] [Td]
ice10man10: checks 
aquavit77: checks 
maciejjopek12: bets $0.02
ice10man10: folds 
aquavit77: calls $0.02
*** RIVER *** [Jh Ah 9s Td] [9d]
aquavit77: checks 
maciejjopek12: checks 
*** SHOW DOWN ***
aquavit77: shows [Ts 2h] (two pair, Tens and Nines)
maciejjopek12: mucks hand 
aquavit77 collected $0.10 from pot
*** SUMMARY ***
Total pot $0.10 | Rake $0 
Board [Jh Ah 9s Td 9d]
Seat 1: Tinca07 folded before Flop (didn't bet)
Seat 2: Unikul_Ar folded before Flop (didn't bet)
Seat 3: Dorex2007 folded before Flop (didn't bet)
Seat 5: maciejjopek12 mucked [7h Kh]
Seat 6: petro1113 folded before Flop (didn't bet)
Seat 7: maniacof (button) folded before Flop (didn't bet)
Seat 8: ice10man10 (small blind) folded on the Turn
Seat 9: aquavit77 (big blind) showed [Ts 2h] and won ($0.10) with two pair, Tens and Nines



PokerStars Hand #224028820917:  Hold'em No Limit ($0.01/$0.02 USD) - 2021/02/20 9:09:31 PT [2021/02/20 12:09:31 ET]
Table 'Messalina V' 9-max Seat #5 is the button
Seat 1: Tinca07 ($1.86 in chips) 
Seat 2: Unikul_Ar ($0.20 in chips) 
Seat 3: Dorex2007 ($1.47 in chips) 
Seat 4: job63 ($2.96 in chips) 
Seat 5: maciejjopek12 ($1.80 in chips) 
Seat 6: petro1113 ($4.73 in chips) 
Seat 7: maniacof ($0.93 in chips) 
Seat 8: ice10man10 ($3.26 in chips) 
petro1113: posts small blind $0.01
maniacof: posts big blind $0.02
BanneyB: sits out 
Dorex2007: posts small & big blinds $0.03
*** HOLE CARDS ***
Dealt to Dorex2007 [8d Jd]
ice10man10: raises $0.04 to $0.06
Tinca07: folds 
Unikul_Ar: calls $0.06
Dorex2007: folds 
job63: folds 
maciejjopek12: folds 
petro1113: folds 
maniacof: folds 
*** FLOP *** [6h 6s Qh]
ice10man10: bets $0.14
Unikul_Ar: calls $0.14 and is all-in
*** TURN *** [6h 6s Qh] [7h]
*** RIVER *** [6h 6s Qh 7h] [Ac]
*** SHOW DOWN ***
ice10man10: shows [Qc 8c] (two pair, Queens and Sixes)
Unikul_Ar: shows [Ah 4c] (two pair, Aces and Sixes)
Unikul_Ar collected $0.44 from pot
ice10man10 cashed out the hand for $0.37
*** SUMMARY ***
Total pot $0.46 | Rake $0.02 
Board [6h 6s Qh 7h Ac]
Seat 1: Tinca07 folded before Flop (didn't bet)
Seat 2: Unikul_Ar showed [Ah 4c] and won ($0.44) with two pair, Aces and Sixes
Seat 3: Dorex2007 folded before Flop (didn't bet)
Seat 4: job63 folded before Flop (didn't bet)
Seat 5: maciejjopek12 (button) folded before Flop (didn't bet)
Seat 6: petro1113 (small blind) folded before Flop
Seat 7: maniacof (big blind) folded before Flop
Seat 8: ice10man10 showed [Qc 8c] and lost with two pair, Queens and Sixes (cashed out).



PokerStars Hand #224028847150:  Hold'em No Limit ($0.01/$0.02 USD) - 2021/02/20 9:10:16 PT [2021/02/20 12:10:16 ET]
Table 'Messalina V' 9-max Seat #6 is the button
Seat 1: Tinca07 ($1.86 in chips) 
Seat 2: Unikul_Ar ($0.44 in chips) 
Seat 3: Dorex2007 ($1.44 in chips) 
Seat 4: job63 ($2.96 in chips) 
Seat 5: maciejjopek12 ($1.80 in chips) 
Seat 6: petro1113 ($4.72 in chips) 
Seat 7: maniacof ($0.91 in chips) 
Seat 8: ice10man10 ($3.43 in chips) 
maniacof: posts small blind $0.01
ice10man10: posts big blind $0.02
BanneyB: sits out 
*** HOLE CARDS ***
Dealt to Dorex2007 [3h 8h]
Tinca07 has timed out
Tinca07: folds 
Unikul_Ar: calls $0.02
Dorex2007: folds 
job63: calls $0.02
maciejjopek12: calls $0.02
petro1113: folds 
maniacof: calls $0.01
ice10man10: checks 
*** FLOP *** [2c 3s 9d]
maniacof: bets $0.02
ice10man10: folds 
Unikul_Ar: raises $0.07 to $0.09
job63: folds 
maciejjopek12: folds 
maniacof: calls $0.07
*** TURN *** [2c 3s 9d] [2s]
maniacof: checks 
Unikul_Ar: bets $0.27
maniacof: folds 
Uncalled bet ($0.27) returned to Unikul_Ar
Unikul_Ar collected $0.27 from pot
Unikul_Ar: doesn't show hand 
*** SUMMARY ***
Total pot $0.28 | Rake $0.01 
Board [2c 3s 9d 2s]
Seat 1: Tinca07 folded before Flop (didn't bet)
Seat 2: Unikul_Ar collected ($0.27)
Seat 3: Dorex2007 folded before Flop (didn't bet)
Seat 4: job63 folded on the Flop
Seat 5: maciejjopek12 folded on the Flop
Seat 6: petro1113 (button) folded before Flop (didn't bet)
Seat 7: maniacof (small blind) folded on the Turn
Seat 8: ice10man10 (big blind) folded on the Flop



PokerStars Hand #224028901084:  Hold'em No Limit ($0.01/$0.02 USD) - 2021/02/20 9:11:46 PT [2021/02/20 12:11:46 ET]
Table 'Messalina V' 9-max Seat #7 is the button
Seat 1: Tinca07 ($1.86 in chips) 
Seat 2: Unikul_Ar ($0.60 in chips) 
Seat 3: Dorex2007 ($1.44 in chips) 
Seat 4: job63 ($2.94 in chips) 
Seat 5: maciejjopek12 ($1.78 in chips) 
Seat 6: petro1113 ($4.72 in chips) 
Seat 7: maniacof ($0.80 in chips) 
Seat 8: ice10man10 ($3.41 in chips) 
Seat 9: BanneyB ($2 in chips) 
ice10man10: posts small blind $0.01
BanneyB: posts big blind $0.02
*** HOLE CARDS ***
Dealt to Dorex2007 [4s Th]
Tinca07: folds 
Unikul_Ar: calls $0.02
Dorex2007: folds 
job63: folds 
maciejjopek12: folds 
petro1113: folds 
maniacof: raises $0.04 to $0.06
ice10man10: folds 
BanneyB: folds 
Unikul_Ar: calls $0.04
*** FLOP *** [7c 3c 2h]
Unikul_Ar: checks 
maniacof: bets $0.02
Unikul_Ar: calls $0.02
*** TURN *** [7c 3c 2h] [Qd]
Unikul_Ar: checks 
maniacof: bets $0.09
Unikul_Ar: raises $0.36 to $0.45
maniacof: raises $0.27 to $0.72 and is all-in
Unikul_Ar: calls $0.07 and is all-in
Uncalled bet ($0.20) returned to maniacof
*** RIVER *** [7c 3c 2h Qd] [5d]
*** SHOW DOWN ***
Unikul_Ar: shows [Ah 9c] (high card Ace)
maniacof: shows [As Ad] (a pair of Aces)
maniacof collected $1.19 from pot
*** SUMMARY ***
Total pot $1.23 | Rake $0.04 
Board [7c 3c 2h Qd 5d]
Seat 1: Tinca07 folded before Flop (didn't bet)
Seat 2: Unikul_Ar showed [Ah 9c] and lost with high card Ace
Seat 3: Dorex2007 folded before Flop (didn't bet)
Seat 4: job63 folded before Flop (didn't bet)
Seat 5: maciejjopek12 folded before Flop (didn't bet)
Seat 6: petro1113 folded before Flop (didn't bet)
Seat 7: maniacof (button) showed [As Ad] and won ($1.19) with a pair of Aces
Seat 8: ice10man10 (small blind) folded before Flop
Seat 9: BanneyB (big blind) folded before Flop



PokerStars Hand #224028940349:  Hold'em No Limit ($0.01/$0.02 USD) - 2021/02/20 9:12:53 PT [2021/02/20 12:12:53 ET]
Table 'Messalina V' 9-max Seat #8 is the button
Seat 1: Tinca07 ($1.86 in chips) 
Seat 3: Dorex2007 ($1.44 in chips) 
Seat 4: job63 ($2.94 in chips) 
Seat 5: maciejjopek12 ($1.78 in chips) 
Seat 6: petro1113 ($4.72 in chips) 
Seat 7: maniacof ($1.39 in chips) 
Seat 8: ice10man10 ($3.40 in chips) 
Seat 9: BanneyB ($1.98 in chips) 
BanneyB: posts small blind $0.01
Tinca07: posts big blind $0.02
*** HOLE CARDS ***
Dealt to Dorex2007 [5s 5c]
Dorex2007: folds 
job63: raises $0.08 to $0.10
maciejjopek12: folds 
petro1113: folds 
maniacof: folds 
ice10man10: folds 
BanneyB: folds 
Tinca07: folds 
Uncalled bet ($0.08) returned to job63
job63 collected $0.05 from pot
job63: doesn't show hand 
*** SUMMARY ***
Total pot $0.05 | Rake $0 
Seat 1: Tinca07 (big blind) folded before Flop
Seat 3: Dorex2007 folded before Flop (didn't bet)
Seat 4: job63 collected ($0.05)
Seat 5: maciejjopek12 folded before Flop (didn't bet)
Seat 6: petro1113 folded before Flop (didn't bet)
Seat 7: maniacof folded before Flop (didn't bet)
Seat 8: ice10man10 (button) folded before Flop (didn't bet)
Seat 9: BanneyB (small blind) folded before Flop



PokerStars Hand #224028952596:  Hold'em No Limit ($0.01/$0.02 USD) - 2021/02/20 9:13:13 PT [2021/02/20 12:13:13 ET]
Table 'Messalina V' 9-max Seat #9 is the button
Seat 1: Tinca07 ($1.84 in chips) 
Seat 3: Dorex2007 ($1.44 in chips) 
Seat 4: job63 ($2.97 in chips) 
Seat 5: maciejjopek12 ($1.78 in chips) 
Seat 6: petro1113 ($4.72 in chips) 
Seat 7: maniacof ($1.39 in chips) 
Seat 8: ice10man10 ($3.40 in chips) 
Seat 9: BanneyB ($1.97 in chips) 
Tinca07: posts small blind $0.01
Dorex2007: posts big blind $0.02
*** HOLE CARDS ***
Dealt to Dorex2007 [Kd As]
job63: folds 
maciejjopek12: folds 
petro1113: folds 
maniacof: calls $0.02
ice10man10: raises $0.04 to $0.06
BanneyB: raises $1.91 to $1.97 and is all-in
Tinca07: folds 
Unikul_Ar leaves the table
Dorex2007: folds 
maniacof: folds 
ice10man10: folds 
Uncalled bet ($1.91) returned to BanneyB
BanneyB collected $0.17 from pot
BanneyB: doesn't show hand 
*** SUMMARY ***
Total pot $0.17 | Rake $0 
Seat 1: Tinca07 (small blind) folded before Flop
Seat 3: Dorex2007 (big blind) folded before Flop
Seat 4: job63 folded before Flop (didn't bet)
Seat 5: maciejjopek12 folded before Flop (didn't bet)
Seat 6: petro1113 folded before Flop (didn't bet)
Seat 7: maniacof folded before Flop
Seat 8: ice10man10 folded before Flop
Seat 9: BanneyB (button) collected ($0.17)



PokerStars Hand #224028971250:  Hold'em No Limit ($0.01/$0.02 USD) - 2021/02/20 9:13:45 PT [2021/02/20 12:13:45 ET]
Table 'Messalina V' 9-max Seat #1 is the button
Seat 1: Tinca07 ($1.83 in chips) 
Seat 3: Dorex2007 ($1.42 in chips) 
Seat 4: job63 ($2.97 in chips) 
Seat 5: maciejjopek12 ($1.78 in chips) 
Seat 6: petro1113 ($4.72 in chips) 
Seat 7: maniacof ($1.37 in chips) 
Seat 8: ice10man10 ($3.34 in chips) 
Seat 9: BanneyB ($2.08 in chips) 
Dorex2007: posts small blind $0.01
job63: posts big blind $0.02
*** HOLE CARDS ***
Dealt to Dorex2007 [Js Qs]
maciejjopek12: folds 
petro1113: folds 
WARRENtheSAP joins the table at seat #2 
maniacof has timed out
maniacof: folds 
ice10man10: folds 
BanneyB: folds 
Tinca07: folds 
Dorex2007: calls $0.01
job63: checks 
*** FLOP *** [Qh Qd 6c]
Dorex2007: checks 
job63: bets $0.04
Dorex2007: calls $0.04
*** TURN *** [Qh Qd 6c] [4h]
Dorex2007: checks 
job63: bets $0.10
Dorex2007: calls $0.10
*** RIVER *** [Qh Qd 6c 4h] [5h]
Dorex2007: checks 
job63: checks 
*** SHOW DOWN ***
Dorex2007: shows [Js Qs] (three of a kind, Queens)
job63: mucks hand 
Dorex2007 collected $0.31 from pot
*** SUMMARY ***
Total pot $0.32 | Rake $0.01 
Board [Qh Qd 6c 4h 5h]
Seat 1: Tinca07 (button) folded before Flop (didn't bet)
Seat 3: Dorex2007 (small blind) showed [Js Qs] and won ($0.31) with three of a kind, Queens
Seat 4: job63 (big blind) mucked [9c Kc]
Seat 5: maciejjopek12 folded before Flop (didn't bet)
Seat 6: petro1113 folded before Flop (didn't bet)
Seat 7: maniacof folded before Flop (didn't bet)
Seat 8: ice10man10 folded before Flop (didn't bet)
Seat 9: BanneyB folded before Flop (didn't bet)



PokerStars Hand #224029005475:  Hold'em No Limit ($0.01/$0.02 USD) - 2021/02/20 9:14:43 PT [2021/02/20 12:14:43 ET]
Table 'Messalina V' 9-max Seat #3 is the button
Seat 1: Tinca07 ($1.83 in chips) 
Seat 2: WARRENtheSAP ($1.60 in chips) 
Seat 3: Dorex2007 ($1.57 in chips) 
Seat 4: job63 ($2.81 in chips) 
Seat 5: maciejjopek12 ($1.78 in chips) 
Seat 6: petro1113 ($4.72 in chips) 
Seat 7: maniacof ($1.37 in chips) 
Seat 8: ice10man10 ($3.34 in chips) 
Seat 9: BanneyB ($2.08 in chips) 
job63: posts small blind $0.01
maciejjopek12: posts big blind $0.02
WARRENtheSAP: posts big blind $0.02
*** HOLE CARDS ***
Dealt to Dorex2007 [9d Ks]
petro1113: folds 
maniacof has timed out
maniacof: folds 
ice10man10: folds 
BanneyB: folds 
Tinca07: folds 
WARRENtheSAP: checks 
Dorex2007: folds 
job63: calls $0.01
maciejjopek12: checks 
*** FLOP *** [9c 4d Qs]
job63: checks 
maciejjopek12: checks 
WARRENtheSAP: checks 
*** TURN *** [9c 4d Qs] [Jd]
job63: bets $0.04
maciejjopek12: folds 
WARRENtheSAP: folds 
Uncalled bet ($0.04) returned to job63
job63 collected $0.06 from pot
job63: doesn't show hand 
*** SUMMARY ***
Total pot $0.06 | Rake $0 
Board [9c 4d Qs Jd]
Seat 1: Tinca07 folded before Flop (didn't bet)
Seat 2: WARRENtheSAP folded on the Turn (didn't bet)
Seat 3: Dorex2007 (button) folded before Flop (didn't bet)
Seat 4: job63 (small blind) collected ($0.06)
Seat 5: maciejjopek12 (big blind) folded on the Turn
Seat 6: petro1113 folded before Flop (didn't bet)
Seat 7: maniacof folded before Flop (didn't bet)
Seat 8: ice10man10 folded before Flop (didn't bet)
Seat 9: BanneyB folded before Flop (didn't bet)



PokerStars Hand #224029026250:  Hold'em No Limit ($0.01/$0.02 USD) - 2021/02/20 9:15:17 PT [2021/02/20 12:15:17 ET]
Table 'Messalina V' 9-max Seat #4 is the button
Seat 1: Tinca07 ($1.83 in chips) 
Seat 2: WARRENtheSAP ($1.58 in chips) 
Seat 3: Dorex2007 ($1.57 in chips) 
Seat 4: job63 ($2.85 in chips) 
Seat 5: maciejjopek12 ($1.76 in chips) 
Seat 6: petro1113 ($4.72 in chips) 
Seat 7: maniacof ($1.37 in chips) 
Seat 8: ice10man10 ($3.34 in chips) 
Seat 9: BanneyB ($2.08 in chips) 
maciejjopek12: posts small blind $0.01
petro1113: posts big blind $0.02
*** HOLE CARDS ***
Dealt to Dorex2007 [Qs Jh]
maniacof: raises $0.04 to $0.06
ice10man10: calls $0.06
BanneyB: folds 
Tinca07: folds 
WARRENtheSAP: folds 
Dorex2007: folds 
job63: folds 
maciejjopek12: folds 
petro1113: folds 
*** FLOP *** [9h 3c 6h]
maniacof: bets $0.02
ice10man10: calls $0.02
*** TURN *** [9h 3c 6h] [7s]
maniacof: bets $0.02
ice10man10: folds 
Uncalled bet ($0.02) returned to maniacof
maniacof collected $0.18 from pot
maniacof: doesn't show hand 
*** SUMMARY ***
Total pot $0.19 | Rake $0.01 
Board [9h 3c 6h 7s]
Seat 1: Tinca07 folded before Flop (didn't bet)
Seat 2: WARRENtheSAP folded before Flop (didn't bet)
Seat 3: Dorex2007 folded before Flop (didn't bet)
Seat 4: job63 (button) folded before Flop (didn't bet)
Seat 5: maciejjopek12 (small blind) folded before Flop
Seat 6: petro1113 (big blind) folded before Flop
Seat 7: maniacof collected ($0.18)
Seat 8: ice10man10 folded on the Turn
Seat 9: BanneyB folded before Flop (didn't bet)



PokerStars Hand #224029054879:  Hold'em No Limit ($0.01/$0.02 USD) - 2021/02/20 9:15:58 PT [2021/02/20 12:15:58 ET]
Table 'Messalina V' 9-max Seat #5 is the button
Seat 1: Tinca07 ($1.83 in chips) 
Seat 2: WARRENtheSAP ($1.58 in chips) 
Seat 3: Dorex2007 ($1.57 in chips) 
Seat 4: job63 ($2.85 in chips) 
Seat 5: maciejjopek12 ($1.75 in chips) 
Seat 6: petro1113 ($4.70 in chips) 
Seat 7: maniacof ($1.47 in chips) 
Seat 8: ice10man10 ($3.26 in chips) 
Seat 9: BanneyB ($2.08 in chips) 
petro1113: posts small blind $0.01
maniacof: posts big blind $0.02
*** HOLE CARDS ***
Dealt to Dorex2007 [Kd Js]
ice10man10: folds 
BanneyB: raises $0.04 to $0.06
Tinca07: folds 
WARRENtheSAP: folds 
Dorex2007: folds 
job63: folds 
maciejjopek12: folds 
petro1113: calls $0.05
maniacof: folds 
*** FLOP *** [5h 4s 8h]
petro1113: checks 
BanneyB: bets $0.07
petro1113: folds 
Uncalled bet ($0.07) returned to BanneyB
BanneyB collected $0.14 from pot
BanneyB: doesn't show hand 
*** SUMMARY ***
Total pot $0.14 | Rake $0 
Board [5h 4s 8h]
Seat 1: Tinca07 folded before Flop (didn't bet)
Seat 2: WARRENtheSAP folded before Flop (didn't bet)
Seat 3: Dorex2007 folded before Flop (didn't bet)
Seat 4: job63 folded before Flop (didn't bet)
Seat 5: maciejjopek12 (button) folded before Flop (didn't bet)
Seat 6: petro1113 (small blind) folded on the Flop
Seat 7: maniacof (big blind) folded before Flop
Seat 8: ice10man10 folded before Flop (didn't bet)
Seat 9: BanneyB collected ($0.14)



PokerStars Hand #224029078689:  Hold'em No Limit ($0.01/$0.02 USD) - 2021/02/20 9:16:38 PT [2021/02/20 12:16:38 ET]
Table 'Messalina V' 9-max Seat #6 is the button
Seat 2: WARRENtheSAP ($1.58 in chips) 
Seat 3: Dorex2007 ($1.57 in chips) 
Seat 4: job63 ($2.85 in chips) 
Seat 5: maciejjopek12 ($1.75 in chips) 
Seat 6: petro1113 ($4.64 in chips) 
Seat 7: maniacof ($1.45 in chips) 
Seat 8: ice10man10 ($3.26 in chips) 
Seat 9: BanneyB ($2.16 in chips) 
maniacof: posts small blind $0.01
ice10man10: posts big blind $0.02
*** HOLE CARDS ***
Dealt to Dorex2007 [9s Ad]
BanneyB: folds 
WARRENtheSAP: folds 
Dorex2007: folds 
job63: calls $0.02
maciejjopek12: folds 
petro1113: folds 
maniacof: calls $0.01
ice10man10: checks 
*** FLOP *** [9h 7c 3h]
maniacof: checks 
ice10man10: checks 
job63: checks 
*** TURN *** [9h 7c 3h] [Qh]
maniacof: checks 
ice10man10: checks 
job63: bets $0.06
maniacof: folds 
ice10man10: calls $0.06
*** RIVER *** [9h 7c 3h Qh] [Kd]
ice10man10: checks 
job63: checks 
*** SHOW DOWN ***
ice10man10: shows [Qd Ac] (a pair of Queens)
job63: mucks hand 
ice10man10 collected $0.17 from pot
*** SUMMARY ***
Total pot $0.18 | Rake $0.01 
Board [9h 7c 3h Qh Kd]
Seat 2: WARRENtheSAP folded before Flop (didn't bet)
Seat 3: Dorex2007 folded before Flop (didn't bet)
Seat 4: job63 mucked [Tc Qc]
Seat 5: maciejjopek12 folded before Flop (didn't bet)
Seat 6: petro1113 (button) folded before Flop (didn't bet)
Seat 7: maniacof (small blind) folded on the Turn
Seat 8: ice10man10 (big blind) showed [Qd Ac] and won ($0.17) with a pair of Queens
Seat 9: BanneyB folded before Flop (didn't bet)



PokerStars Hand #224029118189:  Hold'em No Limit ($0.01/$0.02 USD) - 2021/02/20 9:17:45 PT [2021/02/20 12:17:45 ET]
Table 'Messalina V' 9-max Seat #7 is the button
Seat 2: WARRENtheSAP ($1.58 in chips) 
Seat 3: Dorex2007 ($1.57 in chips) 
Seat 4: job63 ($2.77 in chips) 
Seat 5: maciejjopek12 ($1.75 in chips) 
Seat 6: petro1113 ($4.64 in chips) 
Seat 7: maniacof ($1.43 in chips) 
Seat 8: ice10man10 ($3.35 in chips) 
Seat 9: BanneyB ($2.16 in chips) 
ice10man10: posts small blind $0.01
BanneyB: posts big blind $0.02
*** HOLE CARDS ***
Dealt to Dorex2007 [4d 7c]
WARRENtheSAP: folds 
Dorex2007: folds 
job63: calls $0.02
maciejjopek12: folds 
petro1113: folds 
maniacof: calls $0.02
ice10man10: calls $0.01
BanneyB: checks 
*** FLOP *** [8s 2c 8d]
ice10man10: checks 
BanneyB: checks 
job63: bets $0.06
maniacof: folds 
ice10man10: folds 
BanneyB: folds 
Uncalled bet ($0.06) returned to job63
job63 collected $0.08 from pot
job63: doesn't show hand 
*** SUMMARY ***
Total pot $0.08 | Rake $0 
Board [8s 2c 8d]
Seat 2: WARRENtheSAP folded before Flop (didn't bet)
Seat 3: Dorex2007 folded before Flop (didn't bet)
Seat 4: job63 collected ($0.08)
Seat 5: maciejjopek12 folded before Flop (didn't bet)
Seat 6: petro1113 folded before Flop (didn't bet)
Seat 7: maniacof (button) folded on the Flop
Seat 8: ice10man10 (small blind) folded on the Flop
Seat 9: BanneyB (big blind) folded on the Flop



PokerStars Hand #224029150246:  Hold'em No Limit ($0.01/$0.02 USD) - 2021/02/20 9:18:39 PT [2021/02/20 12:18:39 ET]
Table 'Messalina V' 9-max Seat #8 is the button
Seat 2: WARRENtheSAP ($1.58 in chips) 
Seat 3: Dorex2007 ($1.57 in chips) 
Seat 4: job63 ($2.83 in chips) 
Seat 5: maciejjopek12 ($1.75 in chips) 
Seat 6: petro1113 ($4.64 in chips) 
Seat 7: maniacof ($1.41 in chips) 
Seat 8: ice10man10 ($3.33 in chips) 
Seat 9: BanneyB ($2.14 in chips) 
BanneyB: posts small blind $0.01
WARRENtheSAP: posts big blind $0.02
*** HOLE CARDS ***
Dealt to Dorex2007 [8s Kh]
Dorex2007: folds 
job63: calls $0.02
maciejjopek12: calls $0.02
petro1113: folds 
maniacof: folds 
ice10man10: folds 
BanneyB: folds 
WARRENtheSAP: checks 
*** FLOP *** [6d 5c Ad]
WARRENtheSAP: checks 
job63: checks 
maciejjopek12: checks 
*** TURN *** [6d 5c Ad] [2h]
WARRENtheSAP: checks 
job63: checks 
maciejjopek12: checks 
*** RIVER *** [6d 5c Ad 2h] [7h]
WARRENtheSAP: checks 
job63: checks 
maciejjopek12: checks 
*** SHOW DOWN ***
WARRENtheSAP: shows [4d Jd] (high card Ace)
job63: shows [Ts Qh] (high card Ace - Queen kicker)
maciejjopek12: mucks hand 
job63 collected $0.07 from pot
*** SUMMARY ***
Total pot $0.07 | Rake $0 
Board [6d 5c Ad 2h 7h]
Seat 2: WARRENtheSAP (big blind) showed [4d Jd] and lost with high card Ace
Seat 3: Dorex2007 folded before Flop (didn't bet)
Seat 4: job63 showed [Ts Qh] and won ($0.07) with high card Ace
Seat 5: maciejjopek12 mucked [Tc 9s]
Seat 6: petro1113 folded before Flop (didn't bet)
Seat 7: maniacof folded before Flop (didn't bet)
Seat 8: ice10man10 (button) folded before Flop (didn't bet)
Seat 9: BanneyB (small blind) folded before Flop



PokerStars Hand #224029171048:  Hold'em No Limit ($0.01/$0.02 USD) - 2021/02/20 9:19:14 PT [2021/02/20 12:19:14 ET]
Table 'Messalina V' 9-max Seat #9 is the button
Seat 2: WARRENtheSAP ($1.56 in chips) 
Seat 3: Dorex2007 ($1.57 in chips) 
Seat 4: job63 ($2.88 in chips) 
Seat 5: maciejjopek12 ($1.73 in chips) 
Seat 6: petro1113 ($4.64 in chips) 
Seat 7: maniacof ($1.41 in chips) 
Seat 8: ice10man10 ($3.33 in chips) 
Seat 9: BanneyB ($2.13 in chips) 
WARRENtheSAP: posts small blind $0.01
Dorex2007: posts big blind $0.02
*** HOLE CARDS ***
Dealt to Dorex2007 [3h Jd]
job63: folds 
maciejjopek12: folds 
petro1113: raises $0.03 to $0.05
maniacof: folds 
ice10man10: folds 
BanneyB: folds 
WARRENtheSAP: folds 
Dorex2007: folds 
Uncalled bet ($0.03) returned to petro1113
petro1113 collected $0.05 from pot
*** SUMMARY ***
Total pot $0.05 | Rake $0 
Seat 2: WARRENtheSAP (small blind) folded before Flop
Seat 3: Dorex2007 (big blind) folded before Flop
Seat 4: job63 folded before Flop (didn't bet)
Seat 5: maciejjopek12 folded before Flop (didn't bet)
Seat 6: petro1113 collected ($0.05)
Seat 7: maniacof folded before Flop (didn't bet)
Seat 8: ice10man10 folded before Flop (didn't bet)
Seat 9: BanneyB (button) folded before Flop (didn't bet)



PokerStars Hand #224029185041:  Hold'em No Limit ($0.01/$0.02 USD) - 2021/02/20 9:19:38 PT [2021/02/20 12:19:38 ET]
Table 'Messalina V' 9-max Seat #2 is the button
Seat 1: Tinca07 ($1.83 in chips) 
Seat 2: WARRENtheSAP ($1.55 in chips) 
Seat 3: Dorex2007 ($1.55 in chips) 
Seat 4: job63 ($2.88 in chips) 
Seat 5: maciejjopek12 ($1.73 in chips) 
Seat 6: petro1113 ($4.67 in chips) 
Seat 7: maniacof ($1.41 in chips) 
Seat 8: ice10man10 ($3.33 in chips) 
Seat 9: BanneyB ($2.13 in chips) 
Dorex2007: posts small blind $0.01
job63: posts big blind $0.02
Tinca07: posts small & big blinds $0.03
*** HOLE CARDS ***
Dealt to Dorex2007 [2d 3h]
maciejjopek12: folds 
petro1113: folds 
maniacof has timed out
maniacof: folds 
ice10man10: folds 
BanneyB: folds 
Tinca07: checks 
WARRENtheSAP: calls $0.02
Dorex2007: calls $0.01
job63: checks 
*** FLOP *** [Kh 3d 8c]
Dorex2007: checks 
job63: checks 
Tinca07: checks 
WARRENtheSAP: checks 
*** TURN *** [Kh 3d 8c] [4c]
Dorex2007: checks 
job63: checks 
Tinca07: checks 
WARRENtheSAP: checks 
*** RIVER *** [Kh 3d 8c 4c] [Jd]
Dorex2007: checks 
job63: checks 
Tinca07: checks 
WARRENtheSAP: checks 
*** SHOW DOWN ***
Dorex2007: shows [2d 3h] (a pair of Threes)
job63: mucks hand 
Tinca07: shows [8h 7d] (a pair of Eights)
WARRENtheSAP: shows [Jh Ah] (a pair of Jacks)
WARRENtheSAP collected $0.09 from pot
*** SUMMARY ***
Total pot $0.09 | Rake $0 
Board [Kh 3d 8c 4c Jd]
Seat 1: Tinca07 showed [8h 7d] and lost with a pair of Eights
Seat 2: WARRENtheSAP (button) showed [Jh Ah] and won ($0.09) with a pair of Jacks
Seat 3: Dorex2007 (small blind) showed [2d 3h] and lost with a pair of Threes
Seat 4: job63 (big blind) mucked [Qs 2s]
Seat 5: maciejjopek12 folded before Flop (didn't bet)
Seat 6: petro1113 folded before Flop (didn't bet)
Seat 7: maniacof folded before Flop (didn't bet)
Seat 8: ice10man10 folded before Flop (didn't bet)
Seat 9: BanneyB folded before Flop (didn't bet)



PokerStars Hand #224029217465:  Hold'em No Limit ($0.01/$0.02 USD) - 2021/02/20 9:20:32 PT [2021/02/20 12:20:32 ET]
Table 'Messalina V' 9-max Seat #3 is the button
Seat 1: Tinca07 ($1.80 in chips) 
Seat 2: WARRENtheSAP ($1.62 in chips) 
Seat 3: Dorex2007 ($1.53 in chips) 
Seat 4: job63 ($2.86 in chips) 
Seat 5: maciejjopek12 ($1.73 in chips) 
Seat 6: petro1113 ($4.67 in chips) 
Seat 7: maniacof ($1.41 in chips) 
Seat 8: ice10man10 ($3.33 in chips) 
Seat 9: BanneyB ($2.13 in chips) 
job63: posts small blind $0.01
maciejjopek12: posts big blind $0.02
*** HOLE CARDS ***
Dealt to Dorex2007 [6h 6c]
petro1113: folds 
maniacof: folds 
ice10man10: folds 
BanneyB: calls $0.02
Tinca07: folds 
WARRENtheSAP: calls $0.02
Dorex2007: calls $0.02
job63: calls $0.01
maciejjopek12: checks 
*** FLOP *** [Th Ah 5h]
job63: checks 
maciejjopek12: checks 
BanneyB: checks 
WARRENtheSAP: checks 
Dorex2007: bets $0.10
job63: folds 
maciejjopek12: folds 
BanneyB: folds 
WARRENtheSAP: folds 
Uncalled bet ($0.10) returned to Dorex2007
Dorex2007 collected $0.10 from pot
Dorex2007: doesn't show hand 
*** SUMMARY ***
Total pot $0.10 | Rake $0 
Board [Th Ah 5h]
Seat 1: Tinca07 folded before Flop (didn't bet)
Seat 2: WARRENtheSAP folded on the Flop
Seat 3: Dorex2007 (button) collected ($0.10)
Seat 4: job63 (small blind) folded on the Flop
Seat 5: maciejjopek12 (big blind) folded on the Flop
Seat 6: petro1113 folded before Flop (didn't bet)
Seat 7: maniacof folded before Flop (didn't bet)
Seat 8: ice10man10 folded before Flop (didn't bet)
Seat 9: BanneyB folded on the Flop



PokerStars Hand #224029245153:  Hold'em No Limit ($0.01/$0.02 USD) - 2021/02/20 9:21:19 PT [2021/02/20 12:21:19 ET]
Table 'Messalina V' 9-max Seat #4 is the button
Seat 1: Tinca07 ($1.80 in chips) 
Seat 2: WARRENtheSAP ($1.60 in chips) 
Seat 3: Dorex2007 ($1.61 in chips) 
Seat 4: job63 ($2.84 in chips) 
Seat 5: maciejjopek12 ($1.71 in chips) 
Seat 6: petro1113 ($4.67 in chips) 
Seat 7: maniacof ($1.41 in chips) 
Seat 8: ice10man10 ($3.33 in chips) 
Seat 9: BanneyB ($2.11 in chips) 
maciejjopek12: posts small blind $0.01
petro1113: posts big blind $0.02
*** HOLE CARDS ***
Dealt to Dorex2007 [3d 5h]
maniacof: raises $0.02 to $0.04
ice10man10: folds 
BanneyB: folds 
Tinca07: folds 
WARRENtheSAP: folds 
Dorex2007 has timed out
Dorex2007: folds 
job63: folds 
maciejjopek12: folds 
petro1113: folds 
Uncalled bet ($0.02) returned to maniacof
maniacof collected $0.05 from pot
maniacof: doesn't show hand 
*** SUMMARY ***
Total pot $0.05 | Rake $0 
Seat 1: Tinca07 folded before Flop (didn't bet)
Seat 2: WARRENtheSAP folded before Flop (didn't bet)
Seat 3: Dorex2007 folded before Flop (didn't bet)
Seat 4: job63 (button) folded before Flop (didn't bet)
Seat 5: maciejjopek12 (small blind) folded before Flop
Seat 6: petro1113 (big blind) folded before Flop
Seat 7: maniacof collected ($0.05)
Seat 8: ice10man10 folded before Flop (didn't bet)
Seat 9: BanneyB folded before Flop (didn't bet)



PokerStars Hand #224029289418:  Hold'em No Limit ($0.01/$0.02 USD) - 2021/02/20 9:22:33 PT [2021/02/20 12:22:33 ET]
Table 'Messalina V' 9-max Seat #6 is the button
Seat 1: Tinca07 ($1.80 in chips) 
Seat 2: WARRENtheSAP ($1.53 in chips) 
Seat 3: Dorex2007 ($1.61 in chips) 
Seat 4: job63 ($2.93 in chips) 
Seat 5: maciejjopek12 ($1.70 in chips) 
Seat 6: petro1113 ($4.64 in chips) 
Seat 7: maniacof ($1.42 in chips) 
Seat 8: ice10man10 ($3.33 in chips) 
Seat 9: BanneyB ($2.11 in chips) 
maniacof: posts small blind $0.01
ice10man10: posts big blind $0.02
*** HOLE CARDS ***
Dealt to Dorex2007 [2d 9d]
BanneyB: folds 
Tinca07: folds 
WARRENtheSAP: folds 
Dorex2007: folds 
job63: calls $0.02
maciejjopek12: folds 
petro1113: folds 
maniacof: folds 
ice10man10: checks 
*** FLOP *** [Kh Qs Jc]
ice10man10: checks 
job63: checks 
*** TURN *** [Kh Qs Jc] [4h]
ice10man10: checks 
job63: bets $0.08
ice10man10: folds 
Uncalled bet ($0.08) returned to job63
job63 collected $0.05 from pot
job63: doesn't show hand 
*** SUMMARY ***
Total pot $0.05 | Rake $0 
Board [Kh Qs Jc 4h]
Seat 1: Tinca07 folded before Flop (didn't bet)
Seat 2: WARRENtheSAP folded before Flop (didn't bet)
Seat 3: Dorex2007 folded before Flop (didn't bet)
Seat 4: job63 collected ($0.05)
Seat 5: maciejjopek12 folded before Flop (didn't bet)
Seat 6: petro1113 (button) folded before Flop (didn't bet)
Seat 7: maniacof (small blind) folded before Flop
Seat 8: ice10man10 (big blind) folded on the Turn
Seat 9: BanneyB folded before Flop (didn't bet)



PokerStars Hand #224029308129:  Hold'em No Limit ($0.01/$0.02 USD) - 2021/02/20 9:23:05 PT [2021/02/20 12:23:05 ET]
Table 'Messalina V' 9-max Seat #7 is the button
Seat 1: Tinca07 ($1.80 in chips) 
Seat 2: WARRENtheSAP ($1.53 in chips) 
Seat 3: Dorex2007 ($1.61 in chips) 
Seat 4: job63 ($2.96 in chips) 
Seat 5: maciejjopek12 ($1.70 in chips) 
Seat 6: petro1113 ($4.64 in chips) 
Seat 7: maniacof ($1.41 in chips) 
Seat 8: ice10man10 ($3.31 in chips) 
Seat 9: BanneyB ($2.11 in chips) 
ice10man10: posts small blind $0.01
BanneyB: posts big blind $0.02
*** HOLE CARDS ***
Dealt to Dorex2007 [Ah 4s]
Tinca07: folds 
WARRENtheSAP: folds 
Dorex2007: folds 
job63: calls $0.02
maciejjopek12: folds 
petro1113: folds 
maniacof: raises $0.02 to $0.04
ice10man10: folds 
BanneyB: folds 
job63: calls $0.02
*** FLOP *** [5s Qc Qs]
job63: bets $0.02
maniacof: calls $0.02
*** TURN *** [5s Qc Qs] [Ts]
job63: bets $0.06
maniacof: calls $0.06
*** RIVER *** [5s Qc Qs Ts] [Qd]
job63: bets $0.02
maniacof: raises $0.15 to $0.17
job63: calls $0.15
*** SHOW DOWN ***
maniacof: shows [5d Kh] (a full house, Queens full of Fives)
job63: shows [Jh Jd] (a full house, Queens full of Jacks)
job63 collected $0.59 from pot
*** SUMMARY ***
Total pot $0.61 | Rake $0.02 
Board [5s Qc Qs Ts Qd]
Seat 1: Tinca07 folded before Flop (didn't bet)
Seat 2: WARRENtheSAP folded before Flop (didn't bet)
Seat 3: Dorex2007 folded before Flop (didn't bet)
Seat 4: job63 showed [Jh Jd] and won ($0.59) with a full house, Queens full of Jacks
Seat 5: maciejjopek12 folded before Flop (didn't bet)
Seat 6: petro1113 folded before Flop (didn't bet)
Seat 7: maniacof (button) showed [5d Kh] and lost with a full house, Queens full of Fives
Seat 8: ice10man10 (small blind) folded before Flop
Seat 9: BanneyB (big blind) folded before Flop



PokerStars Hand #224029346621:  Hold'em No Limit ($0.01/$0.02 USD) - 2021/02/20 9:23:56 PT [2021/02/20 12:23:56 ET]
Table 'Messalina V' 9-max Seat #8 is the button
Seat 1: Tinca07 ($1.80 in chips) 
Seat 2: WARRENtheSAP ($1.53 in chips) 
Seat 3: Dorex2007 ($1.61 in chips) 
Seat 4: job63 ($3.26 in chips) 
Seat 5: maciejjopek12 ($1.70 in chips) 
Seat 6: petro1113 ($4.64 in chips) 
Seat 7: maniacof ($1.12 in chips) 
Seat 8: ice10man10 ($3.30 in chips) 
Seat 9: BanneyB ($2.09 in chips) 
BanneyB: posts small blind $0.01
Tinca07: posts big blind $0.02
*** HOLE CARDS ***
Dealt to Dorex2007 [2h 4c]
WARRENtheSAP: folds 
Dorex2007: folds 
job63: folds 
maciejjopek12: folds 
petro1113: folds 
maniacof: calls $0.02
ice10man10: folds 
BanneyB: calls $0.01
Tinca07: checks 
*** FLOP *** [Qd Ks 8h]
BanneyB: checks 
Tinca07: checks 
maniacof: bets $0.02
BanneyB: folds 
Tinca07: folds 
Uncalled bet ($0.02) returned to maniacof
maniacof collected $0.06 from pot
maniacof: doesn't show hand 
*** SUMMARY ***
Total pot $0.06 | Rake $0 
Board [Qd Ks 8h]
Seat 1: Tinca07 (big blind) folded on the Flop
Seat 2: WARRENtheSAP folded before Flop (didn't bet)
Seat 3: Dorex2007 folded before Flop (didn't bet)
Seat 4: job63 folded before Flop (didn't bet)
Seat 5: maciejjopek12 folded before Flop (didn't bet)
Seat 6: petro1113 folded before Flop (didn't bet)
Seat 7: maniacof collected ($0.06)
Seat 8: ice10man10 (button) folded before Flop (didn't bet)
Seat 9: BanneyB (small blind) folded on the Flop



PokerStars Hand #224029369317:  Hold'em No Limit ($0.01/$0.02 USD) - 2021/02/20 9:24:34 PT [2021/02/20 12:24:34 ET]
Table 'Messalina V' 9-max Seat #9 is the button
Seat 1: Tinca07 ($1.78 in chips) 
Seat 2: WARRENtheSAP ($1.53 in chips) 
Seat 3: Dorex2007 ($1.61 in chips) 
Seat 4: job63 ($3.26 in chips) 
Seat 5: maciejjopek12 ($1.70 in chips) 
Seat 6: petro1113 ($4.64 in chips) 
Seat 7: maniacof ($1.16 in chips) 
Seat 8: ice10man10 ($3.30 in chips) 
Seat 9: BanneyB ($2.07 in chips) 
Tinca07: posts small blind $0.01
WARRENtheSAP: posts big blind $0.02
*** HOLE CARDS ***
Dealt to Dorex2007 [8c As]
Dorex2007: folds 
job63: calls $0.02
maciejjopek12: calls $0.02
petro1113: folds 
maniacof: folds 
ice10man10: raises $0.04 to $0.06
BanneyB: calls $0.06
Tinca07: folds 
WARRENtheSAP: folds 
job63: folds 
maciejjopek12: calls $0.04
*** FLOP *** [Jc 3s 8h]
maciejjopek12: checks 
ice10man10: checks 
BanneyB: bets $0.11
maciejjopek12: folds 
ice10man10: folds 
Uncalled bet ($0.11) returned to BanneyB
BanneyB collected $0.22 from pot
BanneyB: doesn't show hand 
*** SUMMARY ***
Total pot $0.23 | Rake $0.01 
Board [Jc 3s 8h]
Seat 1: Tinca07 (small blind) folded before Flop
Seat 2: WARRENtheSAP (big blind) folded before Flop
Seat 3: Dorex2007 folded before Flop (didn't bet)
Seat 4: job63 folded before Flop
Seat 5: maciejjopek12 folded on the Flop
Seat 6: petro1113 folded before Flop (didn't bet)
Seat 7: maniacof folded before Flop (didn't bet)
Seat 8: ice10man10 folded on the Flop
Seat 9: BanneyB (button) collected ($0.22)



PokerStars Hand #224029395274:  Hold'em No Limit ($0.01/$0.02 USD) - 2021/02/20 9:25:17 PT [2021/02/20 12:25:17 ET]
Table 'Messalina V' 9-max Seat #1 is the button
Seat 1: Tinca07 ($1.77 in chips) 
Seat 2: WARRENtheSAP ($1.51 in chips) 
Seat 3: Dorex2007 ($1.61 in chips) 
Seat 4: job63 ($3.24 in chips) 
Seat 5: maciejjopek12 ($1.64 in chips) 
Seat 6: petro1113 ($4.64 in chips) 
Seat 7: maniacof ($1.16 in chips) 
Seat 8: ice10man10 ($3.24 in chips) 
Seat 9: BanneyB ($2.23 in chips) 
WARRENtheSAP: posts small blind $0.01
Dorex2007: posts big blind $0.02
*** HOLE CARDS ***
Dealt to Dorex2007 [8h 4c]
job63: folds 
job63 leaves the table
maciejjopek12: calls $0.02
petro1113: folds 
maniacof: folds 
ice10man10: raises $0.04 to $0.06
BanneyB: folds 
Tinca07: folds 
WARRENtheSAP: folds 
Dorex2007: folds 
maciejjopek12: calls $0.04
*** FLOP *** [Qc 4h Tc]
maciejjopek12: checks 
ice10man10: bets $0.80
maciejjopek12: folds 
Uncalled bet ($0.80) returned to ice10man10
ice10man10 collected $0.14 from pot
ice10man10: doesn't show hand 
*** SUMMARY ***
Total pot $0.15 | Rake $0.01 
Board [Qc 4h Tc]
Seat 1: Tinca07 (button) folded before Flop (didn't bet)
Seat 2: WARRENtheSAP (small blind) folded before Flop
Seat 3: Dorex2007 (big blind) folded before Flop
Seat 4: job63 folded before Flop (didn't bet)
Seat 5: maciejjopek12 folded on the Flop
Seat 6: petro1113 folded before Flop (didn't bet)
Seat 7: maniacof folded before Flop (didn't bet)
Seat 8: ice10man10 collected ($0.14)
Seat 9: BanneyB folded before Flop (didn't bet)



PokerStars Hand #224029425148:  Hold'em No Limit ($0.01/$0.02 USD) - 2021/02/20 9:26:06 PT [2021/02/20 12:26:06 ET]
Table 'Messalina V' 9-max Seat #2 is the button
Seat 1: Tinca07 ($1.77 in chips) 
Seat 2: WARRENtheSAP ($1.50 in chips) 
Seat 3: Dorex2007 ($1.59 in chips) 
Seat 5: maciejjopek12 ($1.58 in chips) 
Seat 6: petro1113 ($4.64 in chips) 
Seat 7: maniacof ($1.16 in chips) 
Seat 8: ice10man10 ($3.32 in chips) 
Seat 9: BanneyB ($2.23 in chips) 
Dorex2007: posts small blind $0.01
maciejjopek12: posts big blind $0.02
*** HOLE CARDS ***
Dealt to Dorex2007 [Tc 5h]
petro1113: folds 
maniacof: calls $0.02
ice10man10: folds 
BanneyB is disconnected 
BanneyB is connected 
BanneyB: folds 
Tinca07: calls $0.02
kuznez-ufa joins the table at seat #4 
WARRENtheSAP: calls $0.02
Dorex2007: folds 
maciejjopek12: checks 
*** FLOP *** [9s 2h Kh]
maciejjopek12: checks 
maniacof: bets $0.02
Tinca07: folds 
WARRENtheSAP: folds 
maciejjopek12: folds 
Uncalled bet ($0.02) returned to maniacof
maniacof collected $0.09 from pot
maniacof: doesn't show hand 
*** SUMMARY ***
Total pot $0.09 | Rake $0 
Board [9s 2h Kh]
Seat 1: Tinca07 folded on the Flop
Seat 2: WARRENtheSAP (button) folded on the Flop
Seat 3: Dorex2007 (small blind) folded before Flop
Seat 5: maciejjopek12 (big blind) folded on the Flop
Seat 6: petro1113 folded before Flop (didn't bet)
Seat 7: maniacof collected ($0.09)
Seat 8: ice10man10 folded before Flop (didn't bet)
Seat 9: BanneyB folded before Flop (didn't bet)



PokerStars Hand #224029455504:  Hold'em No Limit ($0.01/$0.02 USD) - 2021/02/20 9:26:56 PT [2021/02/20 12:26:56 ET]
Table 'Messalina V' 9-max Seat #3 is the button
Seat 1: Tinca07 ($1.75 in chips) 
Seat 2: WARRENtheSAP ($1.48 in chips) 
Seat 3: Dorex2007 ($1.58 in chips) 
Seat 5: maciejjopek12 ($1.56 in chips) 
Seat 6: petro1113 ($4.64 in chips) 
Seat 7: maniacof ($1.23 in chips) 
Seat 8: ice10man10 ($3.32 in chips) 
Seat 9: BanneyB ($2.23 in chips) 
maciejjopek12: posts small blind $0.01
petro1113: posts big blind $0.02
*** HOLE CARDS ***
Dealt to Dorex2007 [Kd Jh]
maniacof: raises $0.02 to $0.04
ice10man10: folds 
BanneyB: folds 
Tinca07: folds 
WARRENtheSAP: folds 
Dorex2007: calls $0.04
maciejjopek12: calls $0.03
petro1113: folds 
*** FLOP *** [8h Ah 2s]
maciejjopek12: checks 
maniacof: bets $0.07
Dorex2007: calls $0.07
maciejjopek12: folds 
*** TURN *** [8h Ah 2s] [Th]
maniacof: bets $0.14
Dorex2007: calls $0.14
*** RIVER *** [8h Ah 2s Th] [3h]
petro1113 leaves the table
maniacof: checks 
Dorex2007: bets $0.27
maniacof: folds 
Uncalled bet ($0.27) returned to Dorex2007
Dorex2007 collected $0.54 from pot
Dorex2007: doesn't show hand 
*** SUMMARY ***
Total pot $0.56 | Rake $0.02 
Board [8h Ah 2s Th 3h]
Seat 1: Tinca07 folded before Flop (didn't bet)
Seat 2: WARRENtheSAP folded before Flop (didn't bet)
Seat 3: Dorex2007 (button) collected ($0.54)
Seat 5: maciejjopek12 (small blind) folded on the Flop
Seat 6: petro1113 (big blind) folded before Flop
Seat 7: maniacof folded on the River
Seat 8: ice10man10 folded before Flop (didn't bet)
Seat 9: BanneyB folded before Flop (didn't bet)



PokerStars Hand #224029495377:  Hold'em No Limit ($0.01/$0.02 USD) - 2021/02/20 9:28:01 PT [2021/02/20 12:28:01 ET]
Table 'Messalina V' 9-max Seat #5 is the button
Seat 1: Tinca07 ($1.75 in chips) 
Seat 2: WARRENtheSAP ($1.48 in chips) 
Seat 3: Dorex2007 ($1.87 in chips) 
Seat 4: kuznez-ufa ($0.80 in chips) 
Seat 5: maciejjopek12 ($1.52 in chips) 
Seat 7: maniacof ($0.98 in chips) 
Seat 8: ice10man10 ($3.32 in chips) 
Seat 9: BanneyB ($2.23 in chips) 
maniacof: posts small blind $0.01
ice10man10: posts big blind $0.02
kuznez-ufa: posts big blind $0.02
*** HOLE CARDS ***
Dealt to Dorex2007 [4c 9s]
BanneyB: folds 
Tinca07: folds 
WARRENtheSAP: folds 
Dorex2007: folds 
1Asthma1 joins the table at seat #6 
kuznez-ufa: checks 
maciejjopek12: calls $0.02
maniacof: folds 
ice10man10: checks 
*** FLOP *** [5s Ts 2s]
ice10man10: checks 
kuznez-ufa: checks 
maciejjopek12: checks 
*** TURN *** [5s Ts 2s] [6d]
ice10man10: checks 
kuznez-ufa: checks 
maciejjopek12: checks 
*** RIVER *** [5s Ts 2s 6d] [Qs]
ice10man10: checks 
kuznez-ufa: checks 
maciejjopek12: checks 
*** SHOW DOWN ***
ice10man10: shows [Td 7c] (a pair of Tens)
kuznez-ufa: shows [Qc 9h] (a pair of Queens)
maciejjopek12: mucks hand 
Tinca07 leaves the table
kuznez-ufa collected $0.07 from pot
*** SUMMARY ***
Total pot $0.07 | Rake $0 
Board [5s Ts 2s 6d Qs]
Seat 1: Tinca07 folded before Flop (didn't bet)
Seat 2: WARRENtheSAP folded before Flop (didn't bet)
Seat 3: Dorex2007 folded before Flop (didn't bet)
Seat 4: kuznez-ufa showed [Qc 9h] and won ($0.07) with a pair of Queens
Seat 5: maciejjopek12 (button) mucked [Kc Th]
Seat 7: maniacof (small blind) folded before Flop
Seat 8: ice10man10 (big blind) showed [Td 7c] and lost with a pair of Tens
Seat 9: BanneyB folded before Flop (didn't bet)



PokerStars Hand #224029532370:  Hold'em No Limit ($0.01/$0.02 USD) - 2021/02/20 9:29:01 PT [2021/02/20 12:29:01 ET]
Table 'Messalina V' 9-max Seat #7 is the button
Seat 2: WARRENtheSAP ($1.48 in chips) 
Seat 3: Dorex2007 ($1.87 in chips) 
Seat 4: kuznez-ufa ($0.85 in chips) 
Seat 5: maciejjopek12 ($1.50 in chips) 
Seat 6: 1Asthma1 ($2 in chips) 
Seat 7: maniacof ($0.97 in chips) 
Seat 8: ice10man10 ($3.30 in chips) 
Seat 9: BanneyB ($2.23 in chips) 
ice10man10: posts small blind $0.01
BanneyB: posts big blind $0.02
1Asthma1: posts big blind $0.02
*** HOLE CARDS ***
Dealt to Dorex2007 [8h Qd]
WARRENtheSAP: folds 
Dorex2007: folds 
kuznez-ufa: folds 
maciejjopek12: calls $0.02
1Asthma1: checks 
shellhase joins the table at seat #1 
maniacof: calls $0.02
ice10man10: calls $0.01
BanneyB: checks 
*** FLOP *** [7s 3s Ts]
ice10man10: checks 
BanneyB: checks 
maciejjopek12: checks 
1Asthma1: checks 
maniacof: checks 
*** TURN *** [7s 3s Ts] [7c]
ice10man10: checks 
BanneyB: checks 
maciejjopek12: bets $0.10
1Asthma1: folds 
maniacof: folds 
ice10man10: folds 
BanneyB: folds 
Uncalled bet ($0.10) returned to maciejjopek12
maciejjopek12 collected $0.10 from pot
maciejjopek12: doesn't show hand 
*** SUMMARY ***
Total pot $0.10 | Rake $0 
Board [7s 3s Ts 7c]
Seat 2: WARRENtheSAP folded before Flop (didn't bet)
Seat 3: Dorex2007 folded before Flop (didn't bet)
Seat 4: kuznez-ufa folded before Flop (didn't bet)
Seat 5: maciejjopek12 collected ($0.10)
Seat 6: 1Asthma1 folded on the Turn (didn't bet)
Seat 7: maniacof (button) folded on the Turn
Seat 8: ice10man10 (small blind) folded on the Turn
Seat 9: BanneyB (big blind) folded on the Turn



PokerStars Hand #224029585475:  Hold'em No Limit ($0.01/$0.02 USD) - 2021/02/20 9:30:12 PT [2021/02/20 12:30:12 ET]
Table 'Messalina V' 9-max Seat #8 is the button
Seat 1: shellhase ($1.60 in chips) 
Seat 2: WARRENtheSAP ($1.48 in chips) 
Seat 3: Dorex2007 ($1.87 in chips) 
Seat 4: kuznez-ufa ($0.85 in chips) 
Seat 5: maciejjopek12 ($1.58 in chips) 
Seat 6: 1Asthma1 ($2 in chips) 
Seat 7: maniacof ($0.95 in chips) 
Seat 8: ice10man10 ($3.28 in chips) 
Seat 9: BanneyB ($2.21 in chips) 
BanneyB: posts small blind $0.01
shellhase: posts big blind $0.02
*** HOLE CARDS ***
Dealt to Dorex2007 [2s 7h]
WARRENtheSAP: folds 
Dorex2007: folds 
kuznez-ufa: folds 
maciejjopek12: folds 
1Asthma1: folds 
maniacof has timed out
maniacof: folds 
ice10man10: calls $0.02
BanneyB: folds 
shellhase: checks 
*** FLOP *** [Qh Ts Js]
shellhase: bets $0.02
ice10man10: calls $0.02
*** TURN *** [Qh Ts Js] [Ad]
shellhase: bets $0.02
ice10man10: folds 
Uncalled bet ($0.02) returned to shellhase
shellhase collected $0.09 from pot
shellhase: doesn't show hand 
*** SUMMARY ***
Total pot $0.09 | Rake $0 
Board [Qh Ts Js Ad]
Seat 1: shellhase (big blind) collected ($0.09)
Seat 2: WARRENtheSAP folded before Flop (didn't bet)
Seat 3: Dorex2007 folded before Flop (didn't bet)
Seat 4: kuznez-ufa folded before Flop (didn't bet)
Seat 5: maciejjopek12 folded before Flop (didn't bet)
Seat 6: 1Asthma1 folded before Flop (didn't bet)
Seat 7: maniacof folded before Flop (didn't bet)
Seat 8: ice10man10 (button) folded on the Turn
Seat 9: BanneyB (small blind) folded before Flop



PokerStars Hand #224029616727:  Hold'em No Limit ($0.01/$0.02 USD) - 2021/02/20 9:31:02 PT [2021/02/20 12:31:02 ET]
Table 'Messalina V' 9-max Seat #9 is the button
Seat 1: shellhase ($1.65 in chips) 
Seat 2: WARRENtheSAP ($1.48 in chips) 
Seat 3: Dorex2007 ($1.87 in chips) 
Seat 4: kuznez-ufa ($0.85 in chips) 
Seat 5: maciejjopek12 ($1.58 in chips) 
Seat 6: 1Asthma1 ($2 in chips) 
Seat 7: maniacof ($0.95 in chips) 
Seat 8: ice10man10 ($3.24 in chips) 
Seat 9: BanneyB ($2.20 in chips) 
shellhase: posts small blind $0.01
WARRENtheSAP: posts big blind $0.02
*** HOLE CARDS ***
Dealt to Dorex2007 [Jc 4s]
Dorex2007: folds 
kuznez-ufa: calls $0.02
maciejjopek12: calls $0.02
1Asthma1: folds 
maniacof: raises $0.04 to $0.06
ice10man10: folds 
BanneyB: folds 
shellhase: folds 
WARRENtheSAP: folds 
kuznez-ufa: folds 
maciejjopek12: folds 
Uncalled bet ($0.04) returned to maniacof
maniacof collected $0.09 from pot
maniacof: doesn't show hand 
*** SUMMARY ***
Total pot $0.09 | Rake $0 
Seat 1: shellhase (small blind) folded before Flop
Seat 2: WARRENtheSAP (big blind) folded before Flop
Seat 3: Dorex2007 folded before Flop (didn't bet)
Seat 4: kuznez-ufa folded before Flop
Seat 5: maciejjopek12 folded before Flop
Seat 6: 1Asthma1 folded before Flop (didn't bet)
Seat 7: maniacof collected ($0.09)
Seat 8: ice10man10 folded before Flop (didn't bet)
Seat 9: BanneyB (button) folded before Flop (didn't bet)



PokerStars Hand #224029637293:  Hold'em No Limit ($0.01/$0.02 USD) - 2021/02/20 9:31:35 PT [2021/02/20 12:31:35 ET]
Table 'Messalina V' 9-max Seat #1 is the button
Seat 1: shellhase ($1.64 in chips) 
Seat 2: WARRENtheSAP ($1.46 in chips) 
Seat 3: Dorex2007 ($1.87 in chips) 
Seat 4: kuznez-ufa ($0.83 in chips) 
Seat 5: maciejjopek12 ($1.56 in chips) 
Seat 6: 1Asthma1 ($2 in chips) 
Seat 7: maniacof ($1.02 in chips) 
Seat 8: ice10man10 ($3.24 in chips) 
Seat 9: BanneyB ($2.20 in chips) 
WARRENtheSAP: posts small blind $0.01
Dorex2007: posts big blind $0.02
*** HOLE CARDS ***
Dealt to Dorex2007 [Qs 2d]
kuznez-ufa: folds 
maciejjopek12: folds 
1Asthma1: folds 
maniacof: folds 
ice10man10: folds 
BanneyB: folds 
shellhase: calls $0.02
WARRENtheSAP: calls $0.01
Dorex2007: checks 
*** FLOP *** [9c Qd 7c]
WARRENtheSAP: checks 
Dorex2007: checks 
shellhase: checks 
*** TURN *** [9c Qd 7c] [7h]
WARRENtheSAP: checks 
Dorex2007: bets $0.06
shellhase: calls $0.06
WARRENtheSAP: folds 
*** RIVER *** [9c Qd 7c 7h] [8d]
Dorex2007: checks 
shellhase: bets $0.17
Dorex2007: folds 
Uncalled bet ($0.17) returned to shellhase
shellhase collected $0.17 from pot
shellhase: doesn't show hand 
*** SUMMARY ***
Total pot $0.18 | Rake $0.01 
Board [9c Qd 7c 7h 8d]
Seat 1: shellhase (button) collected ($0.17)
Seat 2: WARRENtheSAP (small blind) folded on the Turn
Seat 3: Dorex2007 (big blind) folded on the River
Seat 4: kuznez-ufa folded before Flop (didn't bet)
Seat 5: maciejjopek12 folded before Flop (didn't bet)
Seat 6: 1Asthma1 folded before Flop (didn't bet)
Seat 7: maniacof folded before Flop (didn't bet)
Seat 8: ice10man10 folded before Flop (didn't bet)
Seat 9: BanneyB folded before Flop (didn't bet)



PokerStars Hand #224029688783:  Hold'em No Limit ($0.01/$0.02 USD) - 2021/02/20 9:32:57 PT [2021/02/20 12:32:57 ET]
Table 'Messalina V' 9-max Seat #2 is the button
Seat 1: shellhase ($1.73 in chips) 
Seat 2: WARRENtheSAP ($1.44 in chips) 
Seat 3: Dorex2007 ($1.79 in chips) 
Seat 4: kuznez-ufa ($0.83 in chips) 
Seat 5: maciejjopek12 ($1.56 in chips) 
Seat 6: 1Asthma1 ($2 in chips) 
Seat 7: maniacof ($1.02 in chips) 
Seat 8: ice10man10 ($3.24 in chips) 
Seat 9: BanneyB ($2.20 in chips) 
Dorex2007: posts small blind $0.01
kuznez-ufa: posts big blind $0.02
*** HOLE CARDS ***
Dealt to Dorex2007 [Ts 4c]
maciejjopek12: folds 
1Asthma1: folds 
maniacof: folds 
ice10man10: folds 
BanneyB: folds 
shellhase: folds 
WARRENtheSAP: folds 
Dorex2007: folds 
Uncalled bet ($0.01) returned to kuznez-ufa
kuznez-ufa collected $0.02 from pot
kuznez-ufa: doesn't show hand 
*** SUMMARY ***
Total pot $0.02 | Rake $0 
Seat 1: shellhase folded before Flop (didn't bet)
Seat 2: WARRENtheSAP (button) folded before Flop (didn't bet)
Seat 3: Dorex2007 (small blind) folded before Flop
Seat 4: kuznez-ufa (big blind) collected ($0.02)
Seat 5: maciejjopek12 folded before Flop (didn't bet)
Seat 6: 1Asthma1 folded before Flop (didn't bet)
Seat 7: maniacof folded before Flop (didn't bet)
Seat 8: ice10man10 folded before Flop (didn't bet)
Seat 9: BanneyB folded before Flop (didn't bet)



PokerStars Hand #224029702439:  Hold'em No Limit ($0.01/$0.02 USD) - 2021/02/20 9:33:19 PT [2021/02/20 12:33:19 ET]
Table 'Messalina V' 9-max Seat #3 is the button
Seat 1: shellhase ($1.73 in chips) 
Seat 2: WARRENtheSAP ($1.44 in chips) 
Seat 3: Dorex2007 ($1.78 in chips) 
Seat 4: kuznez-ufa ($0.84 in chips) 
Seat 5: maciejjopek12 ($1.56 in chips) 
Seat 6: 1Asthma1 ($2 in chips) 
Seat 7: maniacof ($1.02 in chips) 
Seat 8: ice10man10 ($3.24 in chips) 
Seat 9: BanneyB ($2.20 in chips) 
kuznez-ufa: posts small blind $0.01
maciejjopek12: posts big blind $0.02
*** HOLE CARDS ***
Dealt to Dorex2007 [7d Th]
1Asthma1: folds 
maniacof: raises $0.04 to $0.06
ice10man10: calls $0.06
BanneyB: folds 
shellhase: calls $0.06
WARRENtheSAP: folds 
Dorex2007: folds 
kuznez-ufa: folds 
maciejjopek12: calls $0.04
*** FLOP *** [8d Qd Jc]
maciejjopek12: bets $0.02
maniacof: raises $0.14 to $0.16
ice10man10: folds 
shellhase: raises $0.14 to $0.30
maciejjopek12: folds 
maniacof: calls $0.14
*** TURN *** [8d Qd Jc] [Ks]
maniacof: checks 
shellhase: bets $0.84
maniacof: calls $0.66 and is all-in
Uncalled bet ($0.18) returned to shellhase
*** RIVER *** [8d Qd Jc Ks] [Td]
*** SHOW DOWN ***
maniacof: shows [Ad Qh] (a straight, Ten to Ace)
shellhase: shows [Qc 3d] (a pair of Queens)
maniacof collected $2.11 from pot
*** SUMMARY ***
Total pot $2.19 | Rake $0.08 
Board [8d Qd Jc Ks Td]
Seat 1: shellhase showed [Qc 3d] and lost with a pair of Queens
Seat 2: WARRENtheSAP folded before Flop (didn't bet)
Seat 3: Dorex2007 (button) folded before Flop (didn't bet)
Seat 4: kuznez-ufa (small blind) folded before Flop
Seat 5: maciejjopek12 (big blind) folded on the Flop
Seat 6: 1Asthma1 folded before Flop (didn't bet)
Seat 7: maniacof showed [Ad Qh] and won ($2.11) with a straight, Ten to Ace
Seat 8: ice10man10 folded on the Flop
Seat 9: BanneyB folded before Flop (didn't bet)



PokerStars Hand #224029758617:  Hold'em No Limit ($0.01/$0.02 USD) - 2021/02/20 9:34:48 PT [2021/02/20 12:34:48 ET]
Table 'Messalina V' 9-max Seat #4 is the button
Seat 1: shellhase ($0.71 in chips) 
Seat 2: WARRENtheSAP ($1.44 in chips) 
Seat 3: Dorex2007 ($1.78 in chips) 
Seat 4: kuznez-ufa ($0.83 in chips) 
Seat 5: maciejjopek12 ($1.48 in chips) 
Seat 6: 1Asthma1 ($2 in chips) 
Seat 7: maniacof ($2.11 in chips) 
Seat 8: ice10man10 ($3.18 in chips) 
Seat 9: BanneyB ($2.20 in chips) 
maciejjopek12: posts small blind $0.01
1Asthma1: posts big blind $0.02
*** HOLE CARDS ***
Dealt to Dorex2007 [2c 5c]
maniacof: folds 
ice10man10: folds 
BanneyB: calls $0.02
shellhase: raises $0.02 to $0.04
WARRENtheSAP: folds 
Dorex2007: folds 
kuznez-ufa: folds 
maciejjopek12: folds 
1Asthma1: folds 
BanneyB: calls $0.02
*** FLOP *** [4d Td 6c]
BanneyB: checks 
shellhase: bets $0.02
BanneyB: calls $0.02
*** TURN *** [4d Td 6c] [6h]
BanneyB: checks 
shellhase: bets $0.02
BanneyB: folds 
Uncalled bet ($0.02) returned to shellhase
shellhase collected $0.14 from pot
shellhase: doesn't show hand 
*** SUMMARY ***
Total pot $0.15 | Rake $0.01 
Board [4d Td 6c 6h]
Seat 1: shellhase collected ($0.14)
Seat 2: WARRENtheSAP folded before Flop (didn't bet)
Seat 3: Dorex2007 folded before Flop (didn't bet)
Seat 4: kuznez-ufa (button) folded before Flop (didn't bet)
Seat 5: maciejjopek12 (small blind) folded before Flop
Seat 6: 1Asthma1 (big blind) folded before Flop
Seat 7: maniacof folded before Flop (didn't bet)
Seat 8: ice10man10 folded before Flop (didn't bet)
Seat 9: BanneyB folded on the Turn



PokerStars Hand #224029787825:  Hold'em No Limit ($0.01/$0.02 USD) - 2021/02/20 9:35:35 PT [2021/02/20 12:35:35 ET]
Table 'Messalina V' 9-max Seat #5 is the button
Seat 1: shellhase ($0.79 in chips) 
Seat 2: WARRENtheSAP ($1.44 in chips) 
Seat 3: Dorex2007 ($1.78 in chips) 
Seat 4: kuznez-ufa ($0.83 in chips) 
Seat 5: maciejjopek12 ($1.47 in chips) 
Seat 6: 1Asthma1 ($2 in chips) 
Seat 7: maniacof ($2.11 in chips) 
Seat 8: ice10man10 ($3.18 in chips) 
Seat 9: BanneyB ($2.14 in chips) 
1Asthma1: posts small blind $0.01
maniacof: posts big blind $0.02
*** HOLE CARDS ***
Dealt to Dorex2007 [Qc 2c]
ice10man10: raises $0.04 to $0.06
BanneyB: folds 
shellhase: calls $0.06
WARRENtheSAP: folds 
Dorex2007: folds 
kuznez-ufa: folds 
maciejjopek12: calls $0.06
1Asthma1: folds 
maniacof: folds 
*** FLOP *** [6c 8d 7s]
ice10man10: checks 
shellhase: bets $0.02
maciejjopek12: calls $0.02
ice10man10: folds 
*** TURN *** [6c 8d 7s] [5c]
shellhase: bets $0.02
maciejjopek12: calls $0.02
*** RIVER *** [6c 8d 7s 5c] [3s]
shellhase: bets $0.02
maciejjopek12: folds 
Uncalled bet ($0.02) returned to shellhase
shellhase collected $0.28 from pot
shellhase: doesn't show hand 
*** SUMMARY ***
Total pot $0.29 | Rake $0.01 
Board [6c 8d 7s 5c 3s]
Seat 1: shellhase collected ($0.28)
Seat 2: WARRENtheSAP folded before Flop (didn't bet)
Seat 3: Dorex2007 folded before Flop (didn't bet)
Seat 4: kuznez-ufa folded before Flop (didn't bet)
Seat 5: maciejjopek12 (button) folded on the River
Seat 6: 1Asthma1 (small blind) folded before Flop
Seat 7: maniacof (big blind) folded before Flop
Seat 8: ice10man10 folded on the Flop
Seat 9: BanneyB folded before Flop (didn't bet)



PokerStars Hand #224029824910:  Hold'em No Limit ($0.01/$0.02 USD) - 2021/02/20 9:36:34 PT [2021/02/20 12:36:34 ET]
Table 'Messalina V' 9-max Seat #6 is the button
Seat 1: shellhase ($0.97 in chips) 
Seat 2: WARRENtheSAP ($1.44 in chips) 
Seat 3: Dorex2007 ($1.78 in chips) 
Seat 4: kuznez-ufa ($0.83 in chips) 
Seat 5: maciejjopek12 ($1.37 in chips) 
Seat 6: 1Asthma1 ($2 in chips) 
Seat 7: maniacof ($2.09 in chips) 
Seat 8: ice10man10 ($3.12 in chips) 
Seat 9: BanneyB ($2.14 in chips) 
maniacof: posts small blind $0.01
ice10man10: posts big blind $0.02
*** HOLE CARDS ***
Dealt to Dorex2007 [2c 9d]
BanneyB: folds 
shellhase: calls $0.02
WARRENtheSAP: folds 
Dorex2007: folds 
kuznez-ufa: folds 
maciejjopek12: raises $0.02 to $0.04
1Asthma1: folds 
maniacof: calls $0.03
ice10man10: folds 
shellhase: calls $0.02
*** FLOP *** [2s 7c 9s]
maniacof: checks 
shellhase: checks 
maciejjopek12: checks 
*** TURN *** [2s 7c 9s] [Jh]
maniacof: checks 
shellhase: checks 
maciejjopek12: bets $0.16
maniacof: folds 
shellhase: folds 
Uncalled bet ($0.16) returned to maciejjopek12
maciejjopek12 collected $0.14 from pot
maciejjopek12: doesn't show hand 
*** SUMMARY ***
Total pot $0.14 | Rake $0 
Board [2s 7c 9s Jh]
Seat 1: shellhase folded on the Turn
Seat 2: WARRENtheSAP folded before Flop (didn't bet)
Seat 3: Dorex2007 folded before Flop (didn't bet)
Seat 4: kuznez-ufa folded before Flop (didn't bet)
Seat 5: maciejjopek12 collected ($0.14)
Seat 6: 1Asthma1 (button) folded before Flop (didn't bet)
Seat 7: maniacof (small blind) folded on the Turn
Seat 8: ice10man10 (big blind) folded before Flop
Seat 9: BanneyB folded before Flop (didn't bet)



PokerStars Hand #224029876972:  Hold'em No Limit ($0.01/$0.02 USD) - 2021/02/20 9:37:56 PT [2021/02/20 12:37:56 ET]
Table 'Messalina V' 9-max Seat #7 is the button
Seat 1: shellhase ($0.93 in chips) 
Seat 2: WARRENtheSAP ($1.44 in chips) 
Seat 3: Dorex2007 ($1.78 in chips) 
Seat 4: kuznez-ufa ($0.83 in chips) 
Seat 5: maciejjopek12 ($1.47 in chips) 
Seat 6: 1Asthma1 ($2 in chips) 
Seat 7: maniacof ($2.05 in chips) 
Seat 8: ice10man10 ($3.10 in chips) 
Seat 9: BanneyB ($2.14 in chips) 
ice10man10: posts small blind $0.01
BanneyB: posts big blind $0.02
*** HOLE CARDS ***
Dealt to Dorex2007 [8s Ts]
shellhase: calls $0.02
WARRENtheSAP: folds 
Dorex2007: calls $0.02
kuznez-ufa: folds 
maciejjopek12: raises $0.04 to $0.06
1Asthma1: folds 
maniacof: folds 
ice10man10: folds 
BanneyB: calls $0.04
shellhase: calls $0.04
Dorex2007: calls $0.04
*** FLOP *** [Jd 3s 2d]
BanneyB: checks 
shellhase: bets $0.02
Dorex2007: folds 
maciejjopek12: calls $0.02
BanneyB: folds 
*** TURN *** [Jd 3s 2d] [Qd]
shellhase: bets $0.02
maciejjopek12: calls $0.02
*** RIVER *** [Jd 3s 2d Qd] [Tc]
shellhase: bets $0.02
maciejjopek12: calls $0.02
*** SHOW DOWN ***
shellhase: shows [Kd Jc] (a pair of Jacks)
maciejjopek12: mucks hand 
shellhase collected $0.36 from pot
*** SUMMARY ***
Total pot $0.37 | Rake $0.01 
Board [Jd 3s 2d Qd Tc]
Seat 1: shellhase showed [Kd Jc] and won ($0.36) with a pair of Jacks
Seat 2: WARRENtheSAP folded before Flop (didn't bet)
Seat 3: Dorex2007 folded on the Flop
Seat 4: kuznez-ufa folded before Flop (didn't bet)
Seat 5: maciejjopek12 mucked [9c 9s]
Seat 6: 1Asthma1 folded before Flop (didn't bet)
Seat 7: maniacof (button) folded before Flop (didn't bet)
Seat 8: ice10man10 (small blind) folded before Flop
Seat 9: BanneyB (big blind) folded on the Flop



PokerStars Hand #224029923357:  Hold'em No Limit ($0.01/$0.02 USD) - 2021/02/20 9:39:10 PT [2021/02/20 12:39:10 ET]
Table 'Messalina V' 9-max Seat #8 is the button
Seat 1: shellhase ($1.17 in chips) 
Seat 2: WARRENtheSAP ($1.44 in chips) 
Seat 3: Dorex2007 ($1.72 in chips) 
Seat 4: kuznez-ufa ($0.83 in chips) 
Seat 5: maciejjopek12 ($1.35 in chips) 
Seat 6: 1Asthma1 ($2 in chips) 
Seat 7: maniacof ($2.05 in chips) 
Seat 8: ice10man10 ($3.09 in chips) 
Seat 9: BanneyB ($2.08 in chips) 
BanneyB: posts small blind $0.01
shellhase: posts big blind $0.02
*** HOLE CARDS ***
Dealt to Dorex2007 [Qc Td]
WARRENtheSAP: folds 
Dorex2007: calls $0.02
kuznez-ufa: folds 
maciejjopek12: folds 
1Asthma1: folds 
maniacof: folds 
ice10man10: folds 
BanneyB: calls $0.01
shellhase: raises $0.02 to $0.04
Dorex2007: calls $0.02
BanneyB: calls $0.02
*** FLOP *** [Kd 9h Jc]
BanneyB: checks 
shellhase: bets $0.02
Dorex2007: calls $0.02
BanneyB: calls $0.02
*** TURN *** [Kd 9h Jc] [Qd]
BanneyB: bets $0.10
shellhase: calls $0.10
Dorex2007: raises $0.10 to $0.20
BanneyB: calls $0.10
shellhase: calls $0.10
*** RIVER *** [Kd 9h Jc Qd] [7d]
BanneyB: checks 
shellhase: bets $0.91 and is all-in
Dorex2007: calls $0.91
BanneyB: folds 
*** SHOW DOWN ***
shellhase: shows [Ah Qh] (a pair of Queens)
Dorex2007: shows [Qc Td] (a straight, Nine to King)
Dorex2007 collected $2.51 from pot
*** SUMMARY ***
Total pot $2.60 | Rake $0.09 
Board [Kd 9h Jc Qd 7d]
Seat 1: shellhase (big blind) showed [Ah Qh] and lost with a pair of Queens
Seat 2: WARRENtheSAP folded before Flop (didn't bet)
Seat 3: Dorex2007 showed [Qc Td] and won ($2.51) with a straight, Nine to King
Seat 4: kuznez-ufa folded before Flop (didn't bet)
Seat 5: maciejjopek12 folded before Flop (didn't bet)
Seat 6: 1Asthma1 folded before Flop (didn't bet)
Seat 7: maniacof folded before Flop (didn't bet)
Seat 8: ice10man10 (button) folded before Flop (didn't bet)
Seat 9: BanneyB (small blind) folded on the River



PokerStars Hand #224029983954:  Hold'em No Limit ($0.01/$0.02 USD) - 2021/02/20 9:40:47 PT [2021/02/20 12:40:47 ET]
Table 'Messalina V' 9-max Seat #9 is the button
Seat 2: WARRENtheSAP ($1.44 in chips) 
Seat 3: Dorex2007 ($3.06 in chips) 
Seat 4: kuznez-ufa ($0.83 in chips) 
Seat 5: maciejjopek12 ($1.35 in chips) 
Seat 6: 1Asthma1 ($2 in chips) 
Seat 7: maniacof ($2.05 in chips) 
Seat 8: ice10man10 ($3.09 in chips) 
Seat 9: BanneyB ($1.82 in chips) 
WARRENtheSAP: posts small blind $0.01
Dorex2007: posts big blind $0.02
*** HOLE CARDS ***
Dealt to Dorex2007 [Jd As]
kuznez-ufa: folds 
maciejjopek12: calls $0.02
1Asthma1: folds 
shellhase leaves the table
maniacof: folds 
ice10man10: folds 
BanneyB: folds 
WARRENtheSAP: folds 
Dorex2007: raises $0.04 to $0.06
maciejjopek12: calls $0.04
*** FLOP *** [3c 2h 8c]
S7oyaN0V joins the table at seat #1 
Dorex2007: checks 
maciejjopek12: checks 
*** TURN *** [3c 2h 8c] [7h]
Dorex2007: checks 
maciejjopek12: checks 
*** RIVER *** [3c 2h 8c 7h] [Tc]
Dorex2007: checks 
maciejjopek12: checks 
*** SHOW DOWN ***
Dorex2007: shows [Jd As] (high card Ace)
maciejjopek12: shows [Ts Qc] (a pair of Tens)
maciejjopek12 collected $0.13 from pot
*** SUMMARY ***
Total pot $0.13 | Rake $0 
Board [3c 2h 8c 7h Tc]
Seat 2: WARRENtheSAP (small blind) folded before Flop
Seat 3: Dorex2007 (big blind) showed [Jd As] and lost with high card Ace
Seat 4: kuznez-ufa folded before Flop (didn't bet)
Seat 5: maciejjopek12 showed [Ts Qc] and won ($0.13) with a pair of Tens
Seat 6: 1Asthma1 folded before Flop (didn't bet)
Seat 7: maniacof folded before Flop (didn't bet)
Seat 8: ice10man10 folded before Flop (didn't bet)
Seat 9: BanneyB (button) folded before Flop (didn't bet)



PokerStars Hand #224030022948:  Hold'em No Limit ($0.01/$0.02 USD) - 2021/02/20 9:41:48 PT [2021/02/20 12:41:48 ET]
Table 'Messalina V' 9-max Seat #2 is the button
Seat 2: WARRENtheSAP ($1.43 in chips) 
Seat 3: Dorex2007 ($3 in chips) 
Seat 4: kuznez-ufa ($0.83 in chips) 
Seat 5: maciejjopek12 ($1.42 in chips) 
Seat 6: 1Asthma1 ($2 in chips) 
Seat 7: maniacof ($2.05 in chips) 
Seat 8: ice10man10 ($3.09 in chips) 
Seat 9: BanneyB ($2 in chips) 
Dorex2007: posts small blind $0.01
kuznez-ufa: posts big blind $0.02
S7oyaN0V: sits out 
*** HOLE CARDS ***
Dealt to Dorex2007 [7c Qd]
maciejjopek12: raises $0.02 to $0.04
1Asthma1: folds 
maniacof: folds 
ice10man10: folds 
BanneyB: folds 
WARRENtheSAP: folds 
Dorex2007: folds 
kuznez-ufa: folds 
Uncalled bet ($0.02) returned to maciejjopek12
maciejjopek12 collected $0.05 from pot
maciejjopek12: doesn't show hand 
*** SUMMARY ***
Total pot $0.05 | Rake $0 
Seat 2: WARRENtheSAP (button) folded before Flop (didn't bet)
Seat 3: Dorex2007 (small blind) folded before Flop
Seat 4: kuznez-ufa (big blind) folded before Flop
Seat 5: maciejjopek12 collected ($0.05)
Seat 6: 1Asthma1 folded before Flop (didn't bet)
Seat 7: maniacof folded before Flop (didn't bet)
Seat 8: ice10man10 folded before Flop (didn't bet)
Seat 9: BanneyB folded before Flop (didn't bet)



PokerStars Hand #224030033434:  Hold'em No Limit ($0.01/$0.02 USD) - 2021/02/20 9:42:04 PT [2021/02/20 12:42:04 ET]
Table 'Messalina V' 9-max Seat #3 is the button
Seat 2: WARRENtheSAP ($1.43 in chips) 
Seat 3: Dorex2007 ($2.99 in chips) 
Seat 4: kuznez-ufa ($0.81 in chips) 
Seat 5: maciejjopek12 ($1.45 in chips) 
Seat 6: 1Asthma1 ($2 in chips) 
Seat 7: maniacof ($2.05 in chips) 
Seat 8: ice10man10 ($3.09 in chips) 
Seat 9: BanneyB ($2 in chips) 
kuznez-ufa: posts small blind $0.01
maciejjopek12: posts big blind $0.02
S7oyaN0V: sits out 
*** HOLE CARDS ***
Dealt to Dorex2007 [Kh 5c]
1Asthma1: folds 
maniacof: folds 
ice10man10: folds 
BanneyB: folds 
WARRENtheSAP: raises $0.04 to $0.06
Dorex2007: folds 
kuznez-ufa: raises $0.04 to $0.10
maciejjopek12: folds 
WARRENtheSAP: calls $0.04
*** FLOP *** [Kd As Ad]
kuznez-ufa: checks 
WARRENtheSAP: checks 
*** TURN *** [Kd As Ad] [3s]
kuznez-ufa: checks 
WARRENtheSAP: checks 
*** RIVER *** [Kd As Ad 3s] [9d]
kuznez-ufa: checks 
WARRENtheSAP: checks 
*** SHOW DOWN ***
kuznez-ufa: shows [Qc Qd] (two pair, Aces and Queens)
WARRENtheSAP: mucks hand 
kuznez-ufa collected $0.21 from pot
*** SUMMARY ***
Total pot $0.22 | Rake $0.01 
Board [Kd As Ad 3s 9d]
Seat 2: WARRENtheSAP mucked [Jc Qh]
Seat 3: Dorex2007 (button) folded before Flop (didn't bet)
Seat 4: kuznez-ufa (small blind) showed [Qc Qd] and won ($0.21) with two pair, Aces and Queens
Seat 5: maciejjopek12 (big blind) folded before Flop
Seat 6: 1Asthma1 folded before Flop (didn't bet)
Seat 7: maniacof folded before Flop (didn't bet)
Seat 8: ice10man10 folded before Flop (didn't bet)
Seat 9: BanneyB folded before Flop (didn't bet)



PokerStars Hand #224030075712:  Hold'em No Limit ($0.01/$0.02 USD) - 2021/02/20 9:43:11 PT [2021/02/20 12:43:11 ET]
Table 'Messalina V' 9-max Seat #4 is the button
Seat 2: WARRENtheSAP ($1.33 in chips) 
Seat 3: Dorex2007 ($2.99 in chips) 
Seat 4: kuznez-ufa ($0.92 in chips) 
Seat 5: maciejjopek12 ($1.43 in chips) 
Seat 6: 1Asthma1 ($2 in chips) 
Seat 7: maniacof ($2.05 in chips) 
Seat 8: ice10man10 ($3.09 in chips) 
Seat 9: BanneyB ($2 in chips) 
maciejjopek12: posts small blind $0.01
1Asthma1: posts big blind $0.02
S7oyaN0V: sits out 
*** HOLE CARDS ***
Dealt to Dorex2007 [7h 6c]
maniacof: folds 
ice10man10: folds 
BanneyB: folds 
WARRENtheSAP: folds 
Dorex2007: folds 
kuznez-ufa: calls $0.02
maciejjopek12: folds 
1Asthma1: checks 
*** FLOP *** [3d 6h 8c]
1Asthma1: checks 
kuznez-ufa: checks 
*** TURN *** [3d 6h 8c] [2d]
1Asthma1: checks 
kuznez-ufa: checks 
*** RIVER *** [3d 6h 8c 2d] [Jh]
1Asthma1: checks 
kuznez-ufa: bets $0.03
1Asthma1: folds 
Uncalled bet ($0.03) returned to kuznez-ufa
kuznez-ufa collected $0.05 from pot
kuznez-ufa: doesn't show hand 
*** SUMMARY ***
Total pot $0.05 | Rake $0 
Board [3d 6h 8c 2d Jh]
Seat 2: WARRENtheSAP folded before Flop (didn't bet)
Seat 3: Dorex2007 folded before Flop (didn't bet)
Seat 4: kuznez-ufa (button) collected ($0.05)
Seat 5: maciejjopek12 (small blind) folded before Flop
Seat 6: 1Asthma1 (big blind) folded on the River
Seat 7: maniacof folded before Flop (didn't bet)
Seat 8: ice10man10 folded before Flop (didn't bet)
Seat 9: BanneyB folded before Flop (didn't bet)



PokerStars Hand #224030107352:  Hold'em No Limit ($0.01/$0.02 USD) - 2021/02/20 9:44:01 PT [2021/02/20 12:44:01 ET]
Table 'Messalina V' 9-max Seat #5 is the button
Seat 2: WARRENtheSAP ($1.33 in chips) 
Seat 3: Dorex2007 ($2.99 in chips) 
Seat 4: kuznez-ufa ($0.95 in chips) 
Seat 5: maciejjopek12 ($1.42 in chips) 
Seat 6: 1Asthma1 ($2 in chips) 
Seat 7: maniacof ($2.05 in chips) 
Seat 8: ice10man10 ($3.09 in chips) 
Seat 9: BanneyB ($2 in chips) 
1Asthma1: posts small blind $0.01
maniacof: posts big blind $0.02
S7oyaN0V: sits out 
*** HOLE CARDS ***
Dealt to Dorex2007 [Ad 4d]
ice10man10: folds 
BanneyB: calls $0.02
WARRENtheSAP: folds 
Dorex2007: raises $0.04 to $0.06
kuznez-ufa: folds 
maciejjopek12: folds 
1Asthma1: folds 
maniacof: folds 
BanneyB: calls $0.04
*** FLOP *** [4s 8h Kd]
BanneyB: checks 
Dorex2007: checks 
*** TURN *** [4s 8h Kd] [6s]
BanneyB: checks 
Dorex2007: checks 
*** RIVER *** [4s 8h Kd 6s] [Tc]
BanneyB: checks 
Dorex2007: checks 
*** SHOW DOWN ***
BanneyB: shows [Ah Th] (a pair of Tens)
Dorex2007: mucks hand 
BanneyB collected $0.14 from pot
*** SUMMARY ***
Total pot $0.15 | Rake $0.01 
Board [4s 8h Kd 6s Tc]
Seat 2: WARRENtheSAP folded before Flop (didn't bet)
Seat 3: Dorex2007 mucked [Ad 4d]
Seat 4: kuznez-ufa folded before Flop (didn't bet)
Seat 5: maciejjopek12 (button) folded before Flop (didn't bet)
Seat 6: 1Asthma1 (small blind) folded before Flop
Seat 7: maniacof (big blind) folded before Flop
Seat 8: ice10man10 folded before Flop (didn't bet)
Seat 9: BanneyB showed [Ah Th] and won ($0.14) with a pair of Tens



PokerStars Hand #224030138155:  Hold'em No Limit ($0.01/$0.02 USD) - 2021/02/20 9:44:50 PT [2021/02/20 12:44:50 ET]
Table 'Messalina V' 9-max Seat #6 is the button
Seat 2: WARRENtheSAP ($1.33 in chips) 
Seat 3: Dorex2007 ($2.93 in chips) 
Seat 4: kuznez-ufa ($0.95 in chips) 
Seat 5: maciejjopek12 ($1.42 in chips) 
Seat 6: 1Asthma1 ($2 in chips) 
Seat 7: maniacof ($2.03 in chips) 
Seat 8: ice10man10 ($3.09 in chips) 
Seat 9: BanneyB ($2.08 in chips) 
maniacof: posts small blind $0.01
ice10man10: posts big blind $0.02
S7oyaN0V: sits out 
*** HOLE CARDS ***
Dealt to Dorex2007 [9s Ad]
BanneyB: folds 
WARRENtheSAP: folds 
Dorex2007: folds 
kuznez-ufa: folds 
maciejjopek12: folds 
1Asthma1: folds 
maniacof: raises $0.04 to $0.06
ice10man10: calls $0.04
*** FLOP *** [3h 6h 7d]
maniacof: bets $0.06
ice10man10: folds 
Uncalled bet ($0.06) returned to maniacof
maniacof collected $0.12 from pot
maniacof: doesn't show hand 
*** SUMMARY ***
Total pot $0.12 | Rake $0 
Board [3h 6h 7d]
Seat 2: WARRENtheSAP folded before Flop (didn't bet)
Seat 3: Dorex2007 folded before Flop (didn't bet)
Seat 4: kuznez-ufa folded before Flop (didn't bet)
Seat 5: maciejjopek12 folded before Flop (didn't bet)
Seat 6: 1Asthma1 (button) folded before Flop (didn't bet)
Seat 7: maniacof (small blind) collected ($0.12)
Seat 8: ice10man10 (big blind) folded on the Flop
Seat 9: BanneyB folded before Flop (didn't bet)



PokerStars Hand #224030155464:  Hold'em No Limit ($0.01/$0.02 USD) - 2021/02/20 9:45:18 PT [2021/02/20 12:45:18 ET]
Table 'Messalina V' 9-max Seat #7 is the button
Seat 2: WARRENtheSAP ($1.33 in chips) 
Seat 3: Dorex2007 ($2.93 in chips) 
Seat 4: kuznez-ufa ($0.95 in chips) 
Seat 5: maciejjopek12 ($1.42 in chips) 
Seat 6: 1Asthma1 ($2 in chips) 
Seat 7: maniacof ($2.09 in chips) 
Seat 8: ice10man10 ($3.03 in chips) 
Seat 9: BanneyB ($2.08 in chips) 
ice10man10: posts small blind $0.01
BanneyB: posts big blind $0.02
S7oyaN0V: sits out 
*** HOLE CARDS ***
Dealt to Dorex2007 [7d 6h]
WARRENtheSAP: folds 
Dorex2007: folds 
kuznez-ufa: folds 
maciejjopek12: calls $0.02
1Asthma1: raises $0.06 to $0.08
maniacof: folds 
ice10man10: folds 
BanneyB: raises $2 to $2.08 and is all-in
maciejjopek12: folds 
1Asthma1: folds 
Uncalled bet ($2) returned to BanneyB
BanneyB collected $0.19 from pot
BanneyB: doesn't show hand 
*** SUMMARY ***
Total pot $0.19 | Rake $0 
Seat 2: WARRENtheSAP folded before Flop (didn't bet)
Seat 3: Dorex2007 folded before Flop (didn't bet)
Seat 4: kuznez-ufa folded before Flop (didn't bet)
Seat 5: maciejjopek12 folded before Flop
Seat 6: 1Asthma1 folded before Flop
Seat 7: maniacof (button) folded before Flop (didn't bet)
Seat 8: ice10man10 (small blind) folded before Flop
Seat 9: BanneyB (big blind) collected ($0.19)



PokerStars Hand #224030170515:  Hold'em No Limit ($0.01/$0.02 USD) - 2021/02/20 9:45:41 PT [2021/02/20 12:45:41 ET]
Table 'Messalina V' 9-max Seat #8 is the button
Seat 1: S7oyaN0V ($0.80 in chips) 
Seat 2: WARRENtheSAP ($1.33 in chips) 
Seat 3: Dorex2007 ($2.93 in chips) 
Seat 4: kuznez-ufa ($0.95 in chips) 
Seat 5: maciejjopek12 ($1.40 in chips) 
Seat 6: 1Asthma1 ($2 in chips) 
Seat 7: maniacof ($2.09 in chips) 
Seat 8: ice10man10 ($3.02 in chips) 
Seat 9: BanneyB ($2.19 in chips) 
BanneyB: posts small blind $0.01
S7oyaN0V: posts big blind $0.02
*** HOLE CARDS ***
Dealt to Dorex2007 [3s Jh]
WARRENtheSAP: folds 
Dorex2007: folds 
kuznez-ufa: calls $0.02
maciejjopek12: folds 
1Asthma1: folds 
maniacof: folds 
ice10man10: raises $0.04 to $0.06
BanneyB: calls $0.05
S7oyaN0V: folds 
kuznez-ufa: calls $0.04
*** FLOP *** [7h 6h 5c]
BanneyB: checks 
kuznez-ufa: checks 
ice10man10: checks 
*** TURN *** [7h 6h 5c] [6c]
BanneyB: bets $0.08
kuznez-ufa: folds 
ice10man10: folds 
Uncalled bet ($0.08) returned to BanneyB
BanneyB collected $0.19 from pot
BanneyB: doesn't show hand 
*** SUMMARY ***
Total pot $0.20 | Rake $0.01 
Board [7h 6h 5c 6c]
Seat 1: S7oyaN0V (big blind) folded before Flop
Seat 2: WARRENtheSAP folded before Flop (didn't bet)
Seat 3: Dorex2007 folded before Flop (didn't bet)
Seat 4: kuznez-ufa folded on the Turn
Seat 5: maciejjopek12 folded before Flop (didn't bet)
Seat 6: 1Asthma1 folded before Flop (didn't bet)
Seat 7: maniacof folded before Flop (didn't bet)
Seat 8: ice10man10 (button) folded on the Turn
Seat 9: BanneyB (small blind) collected ($0.19)



PokerStars Hand #224030194096:  Hold'em No Limit ($0.01/$0.02 USD) - 2021/02/20 9:46:18 PT [2021/02/20 12:46:18 ET]
Table 'Messalina V' 9-max Seat #9 is the button
Seat 1: S7oyaN0V ($0.78 in chips) 
Seat 2: WARRENtheSAP ($1.33 in chips) 
Seat 3: Dorex2007 ($2.93 in chips) 
Seat 4: kuznez-ufa ($0.89 in chips) 
Seat 5: maciejjopek12 ($1.40 in chips) 
Seat 6: 1Asthma1 ($2 in chips) 
Seat 7: maniacof ($2.09 in chips) 
Seat 8: ice10man10 ($2.96 in chips) 
Seat 9: BanneyB ($2.32 in chips) 
S7oyaN0V: posts small blind $0.01
WARRENtheSAP: posts big blind $0.02
*** HOLE CARDS ***
Dealt to Dorex2007 [9c 8d]
Dorex2007: folds 
kuznez-ufa: folds 
maciejjopek12: folds 
1Asthma1: folds 
maniacof has timed out
maniacof: folds 
ice10man10: folds 
BanneyB: folds 
S7oyaN0V: raises $0.04 to $0.06
WARRENtheSAP: folds 
Uncalled bet ($0.04) returned to S7oyaN0V
S7oyaN0V collected $0.04 from pot
S7oyaN0V: doesn't show hand 
*** SUMMARY ***
Total pot $0.04 | Rake $0 
Seat 1: S7oyaN0V (small blind) collected ($0.04)
Seat 2: WARRENtheSAP (big blind) folded before Flop
Seat 3: Dorex2007 folded before Flop (didn't bet)
Seat 4: kuznez-ufa folded before Flop (didn't bet)
Seat 5: maciejjopek12 folded before Flop (didn't bet)
Seat 6: 1Asthma1 folded before Flop (didn't bet)
Seat 7: maniacof folded before Flop (didn't bet)
Seat 8: ice10man10 folded before Flop (didn't bet)
Seat 9: BanneyB (button) folded before Flop (didn't bet)



PokerStars Hand #224030211320:  Hold'em No Limit ($0.01/$0.02 USD) - 2021/02/20 9:46:46 PT [2021/02/20 12:46:46 ET]
Table 'Messalina V' 9-max Seat #1 is the button
Seat 1: S7oyaN0V ($0.80 in chips) 
Seat 2: WARRENtheSAP ($1.31 in chips) 
Seat 3: Dorex2007 ($2.93 in chips) 
Seat 4: kuznez-ufa ($0.89 in chips) 
Seat 5: maciejjopek12 ($1.40 in chips) 
Seat 6: 1Asthma1 ($2 in chips) 
Seat 8: ice10man10 ($2.96 in chips) 
Seat 9: BanneyB ($2.32 in chips) 
WARRENtheSAP: posts small blind $0.01
Dorex2007: posts big blind $0.02
*** HOLE CARDS ***
Dealt to Dorex2007 [6c 6s]
kuznez-ufa: folds 
maciejjopek12: folds 
1Asthma1: folds 
ice10man10: folds 
BanneyB: calls $0.02
S7oyaN0V: folds 
WARRENtheSAP: folds 
Dorex2007: checks 
*** FLOP *** [Qh Ks 8h]
Dorex2007: checks 
BanneyB: bets $0.06
Dorex2007: folds 
Uncalled bet ($0.06) returned to BanneyB
BanneyB collected $0.05 from pot
BanneyB: doesn't show hand 
*** SUMMARY ***
Total pot $0.05 | Rake $0 
Board [Qh Ks 8h]
Seat 1: S7oyaN0V (button) folded before Flop (didn't bet)
Seat 2: WARRENtheSAP (small blind) folded before Flop
Seat 3: Dorex2007 (big blind) folded on the Flop
Seat 4: kuznez-ufa folded before Flop (didn't bet)
Seat 5: maciejjopek12 folded before Flop (didn't bet)
Seat 6: 1Asthma1 folded before Flop (didn't bet)
Seat 8: ice10man10 folded before Flop (didn't bet)
Seat 9: BanneyB collected ($0.05)



PokerStars Hand #224030225496:  Hold'em No Limit ($0.01/$0.02 USD) - 2021/02/20 9:47:08 PT [2021/02/20 12:47:08 ET]
Table 'Messalina V' 9-max Seat #2 is the button
Seat 1: S7oyaN0V ($0.80 in chips) 
Seat 2: WARRENtheSAP ($1.30 in chips) 
Seat 3: Dorex2007 ($2.91 in chips) 
Seat 5: maciejjopek12 ($1.40 in chips) 
Seat 6: 1Asthma1 ($2 in chips) 
Seat 7: maniacof ($2.09 in chips) 
Seat 8: ice10man10 ($2.96 in chips) 
Seat 9: BanneyB ($2.35 in chips) 
Dorex2007: posts small blind $0.01
kuznez-ufa: is sitting out 
maciejjopek12: posts big blind $0.02
*** HOLE CARDS ***
Dealt to Dorex2007 [5c 8d]
1Asthma1: folds 
kuznez-ufa leaves the table
maniacof: folds 
LosMagosCoyote joins the table at seat #4 
ice10man10: folds 
BanneyB: calls $0.02
S7oyaN0V: folds 
WARRENtheSAP: calls $0.02
Dorex2007: folds 
maciejjopek12 has timed out
maciejjopek12: checks 
*** FLOP *** [8h 3c Th]
maciejjopek12 is disconnected 
maciejjopek12 has timed out while disconnected
maciejjopek12: checks 
BanneyB: bets $0.04
WARRENtheSAP: calls $0.04
maciejjopek12 is connected 
maciejjopek12 has timed out
maciejjopek12: folds 
*** TURN *** [8h 3c Th] [Ah]
BanneyB: checks 
WARRENtheSAP: checks 
*** RIVER *** [8h 3c Th Ah] [2c]
BanneyB: checks 
WARRENtheSAP: checks 
*** SHOW DOWN ***
BanneyB: shows [4c 4d] (a pair of Fours)
WARRENtheSAP: shows [Ts Kd] (a pair of Tens)
WARRENtheSAP collected $0.14 from pot
*** SUMMARY ***
Total pot $0.15 | Rake $0.01 
Board [8h 3c Th Ah 2c]
Seat 1: S7oyaN0V folded before Flop (didn't bet)
Seat 2: WARRENtheSAP (button) showed [Ts Kd] and won ($0.14) with a pair of Tens
Seat 3: Dorex2007 (small blind) folded before Flop
Seat 5: maciejjopek12 (big blind) folded on the Flop
Seat 6: 1Asthma1 folded before Flop (didn't bet)
Seat 7: maniacof folded before Flop (didn't bet)
Seat 8: ice10man10 folded before Flop (didn't bet)
Seat 9: BanneyB showed [4c 4d] and lost with a pair of Fours



PokerStars Hand #224030299994:  Hold'em No Limit ($0.01/$0.02 USD) - 2021/02/20 9:49:06 PT [2021/02/20 12:49:06 ET]
Table 'Messalina V' 9-max Seat #3 is the button
Seat 1: S7oyaN0V ($0.80 in chips) 
Seat 2: WARRENtheSAP ($1.38 in chips) 
Seat 3: Dorex2007 ($2.90 in chips) 
Seat 5: maciejjopek12 ($1.38 in chips) 
Seat 6: 1Asthma1 ($2 in chips) 
Seat 7: maniacof ($2.09 in chips) 
Seat 8: ice10man10 ($2.96 in chips) 
Seat 9: BanneyB ($2.29 in chips) 
maciejjopek12: posts small blind $0.01
1Asthma1: posts big blind $0.02
*** HOLE CARDS ***
Dealt to Dorex2007 [Ks 8c]
maniacof: calls $0.02
ice10man10: folds 
BanneyB: folds 
S7oyaN0V: folds 
WARRENtheSAP: raises $0.07 to $0.09
Dorex2007: folds 
maciejjopek12 has timed out
maciejjopek12: folds 
1Asthma1: folds 
maniacof: folds 
Uncalled bet ($0.07) returned to WARRENtheSAP
WARRENtheSAP collected $0.07 from pot
WARRENtheSAP: doesn't show hand 
*** SUMMARY ***
Total pot $0.07 | Rake $0 
Seat 1: S7oyaN0V folded before Flop (didn't bet)
Seat 2: WARRENtheSAP collected ($0.07)
Seat 3: Dorex2007 (button) folded before Flop (didn't bet)
Seat 5: maciejjopek12 (small blind) folded before Flop
Seat 6: 1Asthma1 (big blind) folded before Flop
Seat 7: maniacof folded before Flop
Seat 8: ice10man10 folded before Flop (didn't bet)
Seat 9: BanneyB folded before Flop (didn't bet)



PokerStars Hand #224030324841:  Hold'em No Limit ($0.01/$0.02 USD) - 2021/02/20 9:49:45 PT [2021/02/20 12:49:45 ET]
Table 'Messalina V' 9-max Seat #6 is the button
Seat 1: S7oyaN0V ($0.80 in chips) 
Seat 2: WARRENtheSAP ($1.43 in chips) 
Seat 3: Dorex2007 ($2.90 in chips) 
Seat 4: LosMagosCoyote ($2 in chips) 
Seat 6: 1Asthma1 ($2 in chips) 
Seat 7: maniacof ($2.07 in chips) 
Seat 8: ice10man10 ($2.96 in chips) 
Seat 9: BanneyB ($2.29 in chips) 
maniacof: posts small blind $0.01
ice10man10: posts big blind $0.02
LosMagosCoyote: posts big blind $0.02
*** HOLE CARDS ***
Dealt to Dorex2007 [Kd 6d]
BanneyB: calls $0.02
S7oyaN0V: folds 
WARRENtheSAP: folds 
Dorex2007: raises $0.02 to $0.04
LosMagosCoyote: calls $0.02
1Asthma1: folds 
maniacof: folds 
ice10man10: folds 
BanneyB: calls $0.02
*** FLOP *** [5s Ac Ah]
BanneyB: bets $0.06
Dorex2007: folds 
LosMagosCoyote: folds 
Uncalled bet ($0.06) returned to BanneyB
BanneyB collected $0.14 from pot
BanneyB: doesn't show hand 
*** SUMMARY ***
Total pot $0.15 | Rake $0.01 
Board [5s Ac Ah]
Seat 1: S7oyaN0V folded before Flop (didn't bet)
Seat 2: WARRENtheSAP folded before Flop (didn't bet)
Seat 3: Dorex2007 folded on the Flop
Seat 4: LosMagosCoyote folded on the Flop
Seat 6: 1Asthma1 (button) folded before Flop (didn't bet)
Seat 7: maniacof (small blind) folded before Flop
Seat 8: ice10man10 (big blind) folded before Flop
Seat 9: BanneyB collected ($0.14)



PokerStars Hand #224030350533:  Hold'em No Limit ($0.01/$0.02 USD) - 2021/02/20 9:50:23 PT [2021/02/20 12:50:23 ET]
Table 'Messalina V' 9-max Seat #7 is the button
Seat 1: S7oyaN0V ($0.80 in chips) 
Seat 2: WARRENtheSAP ($1.43 in chips) 
Seat 3: Dorex2007 ($2.86 in chips) 
Seat 4: LosMagosCoyote ($1.96 in chips) 
Seat 6: 1Asthma1 ($2 in chips) 
Seat 7: maniacof ($2.06 in chips) 
Seat 8: ice10man10 ($2.94 in chips) 
Seat 9: BanneyB ($2.39 in chips) 
ice10man10: posts small blind $0.01
BanneyB: posts big blind $0.02
*** HOLE CARDS ***
Dealt to Dorex2007 [Kh 4s]
S7oyaN0V: folds 
WARRENtheSAP: folds 
Dorex2007: folds 
LosMagosCoyote: folds 
1Asthma1: folds 
maniacof: folds 
ice10man10: raises $0.02 to $0.04
BanneyB: calls $0.02
*** FLOP *** [2d 6s 6c]
ice10man10: bets $0.06
BanneyB: folds 
Uncalled bet ($0.06) returned to ice10man10
ice10man10 collected $0.08 from pot
ice10man10: doesn't show hand 
*** SUMMARY ***
Total pot $0.08 | Rake $0 
Board [2d 6s 6c]
Seat 1: S7oyaN0V folded before Flop (didn't bet)
Seat 2: WARRENtheSAP folded before Flop (didn't bet)
Seat 3: Dorex2007 folded before Flop (didn't bet)
Seat 4: LosMagosCoyote folded before Flop (didn't bet)
Seat 6: 1Asthma1 folded before Flop (didn't bet)
Seat 7: maniacof (button) folded before Flop (didn't bet)
Seat 8: ice10man10 (small blind) collected ($0.08)
Seat 9: BanneyB (big blind) folded on the Flop



PokerStars Hand #224030372181:  Hold'em No Limit ($0.01/$0.02 USD) - 2021/02/20 9:50:58 PT [2021/02/20 12:50:58 ET]
Table 'Messalina V' 9-max Seat #8 is the button
Seat 1: S7oyaN0V ($0.80 in chips) 
Seat 2: WARRENtheSAP ($1.43 in chips) 
Seat 3: Dorex2007 ($2.86 in chips) 
Seat 4: LosMagosCoyote ($1.96 in chips) 
Seat 6: 1Asthma1 ($2 in chips) 
Seat 7: maniacof ($2.06 in chips) 
Seat 8: ice10man10 ($2.98 in chips) 
Seat 9: BanneyB ($2.35 in chips) 
BanneyB: posts small blind $0.01
S7oyaN0V: posts big blind $0.02
*** HOLE CARDS ***
Dealt to Dorex2007 [Qs 3s]
WARRENtheSAP: folds 
Dorex2007: folds 
LosMagosCoyote: calls $0.02
1Asthma1: folds 
maniacof: folds 
ice10man10: folds 
BanneyB: folds 
S7oyaN0V: checks 
*** FLOP *** [5c 9h Qd]
S7oyaN0V: checks 
LosMagosCoyote: checks 
*** TURN *** [5c 9h Qd] [8s]
S7oyaN0V: checks 
LosMagosCoyote: checks 
*** RIVER *** [5c 9h Qd 8s] [Ad]
S7oyaN0V: checks 
LosMagosCoyote: checks 
*** SHOW DOWN ***
S7oyaN0V: shows [6c 2h] (high card Ace)
LosMagosCoyote: shows [Js 6d] (high card Ace - Queen+Jack kicker)
LosMagosCoyote collected $0.05 from pot
*** SUMMARY ***
Total pot $0.05 | Rake $0 
Board [5c 9h Qd 8s Ad]
Seat 1: S7oyaN0V (big blind) showed [6c 2h] and lost with high card Ace
Seat 2: WARRENtheSAP folded before Flop (didn't bet)
Seat 3: Dorex2007 folded before Flop (didn't bet)
Seat 4: LosMagosCoyote showed [Js 6d] and won ($0.05) with high card Ace
Seat 6: 1Asthma1 folded before Flop (didn't bet)
Seat 7: maniacof folded before Flop (didn't bet)
Seat 8: ice10man10 (button) folded before Flop (didn't bet)
Seat 9: BanneyB (small blind) folded before Flop



PokerStars Hand #224030391270:  Hold'em No Limit ($0.01/$0.02 USD) - 2021/02/20 9:51:28 PT [2021/02/20 12:51:28 ET]
Table 'Messalina V' 9-max Seat #9 is the button
Seat 1: S7oyaN0V ($0.78 in chips) 
Seat 2: WARRENtheSAP ($1.43 in chips) 
Seat 3: Dorex2007 ($2.86 in chips) 
Seat 4: LosMagosCoyote ($1.99 in chips) 
Seat 6: 1Asthma1 ($2 in chips) 
Seat 7: maniacof ($2.06 in chips) 
Seat 8: ice10man10 ($2.98 in chips) 
Seat 9: BanneyB ($2.34 in chips) 
S7oyaN0V: posts small blind $0.01
WARRENtheSAP: posts big blind $0.02
*** HOLE CARDS ***
Dealt to Dorex2007 [Ad Tc]
Dorex2007: raises $0.04 to $0.06
LosMagosCoyote: calls $0.06
1Asthma1: folds 
maniacof: calls $0.06
ice10man10: folds 
BanneyB: folds 
S7oyaN0V: folds 
WARRENtheSAP: folds 
*** FLOP *** [8c 2d As]
Dorex2007: checks 
LosMagosCoyote: checks 
maniacof: checks 
*** TURN *** [8c 2d As] [Jd]
Dorex2007: checks 
LosMagosCoyote: checks 
maniacof: checks 
*** RIVER *** [8c 2d As Jd] [5d]
Dorex2007: bets $0.10
LosMagosCoyote: folds 
maniacof: raises $0.10 to $0.20
Dorex2007: calls $0.10
*** SHOW DOWN ***
maniacof: shows [9d 8d] (a flush, Jack high)
Dorex2007: mucks hand 
maniacof collected $0.59 from pot
*** SUMMARY ***
Total pot $0.61 | Rake $0.02 
Board [8c 2d As Jd 5d]
Seat 1: S7oyaN0V (small blind) folded before Flop
Seat 2: WARRENtheSAP (big blind) folded before Flop
Seat 3: Dorex2007 mucked [Ad Tc]
Seat 4: LosMagosCoyote folded on the River
Seat 6: 1Asthma1 folded before Flop (didn't bet)
Seat 7: maniacof showed [9d 8d] and won ($0.59) with a flush, Jack high
Seat 8: ice10man10 folded before Flop (didn't bet)
Seat 9: BanneyB (button) folded before Flop (didn't bet)



PokerStars Hand #224030434010:  Hold'em No Limit ($0.01/$0.02 USD) - 2021/02/20 9:52:36 PT [2021/02/20 12:52:36 ET]
Table 'Messalina V' 9-max Seat #1 is the button
Seat 1: S7oyaN0V ($0.77 in chips) 
Seat 2: WARRENtheSAP ($1.41 in chips) 
Seat 3: Dorex2007 ($2.60 in chips) 
Seat 4: LosMagosCoyote ($1.93 in chips) 
Seat 6: 1Asthma1 ($2 in chips) 
Seat 7: maniacof ($2.39 in chips) 
Seat 8: ice10man10 ($2.98 in chips) 
Seat 9: BanneyB ($2.34 in chips) 
WARRENtheSAP: posts small blind $0.01
Dorex2007: posts big blind $0.02
*** HOLE CARDS ***
Dealt to Dorex2007 [4d 4h]
LosMagosCoyote: folds 
1Asthma1: folds 
maniacof: folds 
ice10man10: raises $0.04 to $0.06
BanneyB: folds 
S7oyaN0V: folds 
WARRENtheSAP: folds 
Dorex2007: folds 
Uncalled bet ($0.04) returned to ice10man10
ice10man10 collected $0.05 from pot
ice10man10: doesn't show hand 
*** SUMMARY ***
Total pot $0.05 | Rake $0 
Seat 1: S7oyaN0V (button) folded before Flop (didn't bet)
Seat 2: WARRENtheSAP (small blind) folded before Flop
Seat 3: Dorex2007 (big blind) folded before Flop
Seat 4: LosMagosCoyote folded before Flop (didn't bet)
Seat 6: 1Asthma1 folded before Flop (didn't bet)
Seat 7: maniacof folded before Flop (didn't bet)
Seat 8: ice10man10 collected ($0.05)
Seat 9: BanneyB folded before Flop (didn't bet)



PokerStars Hand #224030448120:  Hold'em No Limit ($0.01/$0.02 USD) - 2021/02/20 9:52:58 PT [2021/02/20 12:52:58 ET]
Table 'Messalina V' 9-max Seat #2 is the button
Seat 1: S7oyaN0V ($0.77 in chips) 
Seat 2: WARRENtheSAP ($1.40 in chips) 
Seat 3: Dorex2007 ($2.58 in chips) 
Seat 4: LosMagosCoyote ($1.93 in chips) 
Seat 6: 1Asthma1 ($2 in chips) 
Seat 7: maniacof ($2.39 in chips) 
Seat 8: ice10man10 ($3.01 in chips) 
Seat 9: BanneyB ($2.34 in chips) 
Dorex2007: posts small blind $0.01
LosMagosCoyote: posts big blind $0.02
*** HOLE CARDS ***
Dealt to Dorex2007 [3c 8d]
1Asthma1: folds 
maniacof: folds 
ice10man10: folds 
BanneyB: folds 
S7oyaN0V: calls $0.02
WARRENtheSAP: folds 
Dorex2007: folds 
LosMagosCoyote: checks 
*** FLOP *** [Qh 7s 6d]
LosMagosCoyote: checks 
S7oyaN0V: checks 
*** TURN *** [Qh 7s 6d] [3s]
LosMagosCoyote: checks 
S7oyaN0V: checks 
*** RIVER *** [Qh 7s 6d 3s] [Th]
LosMagosCoyote: checks 
S7oyaN0V: checks 
*** SHOW DOWN ***
LosMagosCoyote: shows [As 5d] (high card Ace)
S7oyaN0V: shows [2h 2d] (a pair of Deuces)
S7oyaN0V collected $0.05 from pot
*** SUMMARY ***
Total pot $0.05 | Rake $0 
Board [Qh 7s 6d 3s Th]
Seat 1: S7oyaN0V showed [2h 2d] and won ($0.05) with a pair of Deuces
Seat 2: WARRENtheSAP (button) folded before Flop (didn't bet)
Seat 3: Dorex2007 (small blind) folded before Flop
Seat 4: LosMagosCoyote (big blind) showed [As 5d] and lost with high card Ace
Seat 6: 1Asthma1 folded before Flop (didn't bet)
Seat 7: maniacof folded before Flop (didn't bet)
Seat 8: ice10man10 folded before Flop (didn't bet)
Seat 9: BanneyB folded before Flop (didn't bet)



PokerStars Hand #224030465541:  Hold'em No Limit ($0.01/$0.02 USD) - 2021/02/20 9:53:25 PT [2021/02/20 12:53:25 ET]
Table 'Messalina V' 9-max Seat #3 is the button
Seat 1: S7oyaN0V ($0.80 in chips) 
Seat 2: WARRENtheSAP ($1.40 in chips) 
Seat 3: Dorex2007 ($2.57 in chips) 
Seat 4: LosMagosCoyote ($1.91 in chips) 
Seat 6: 1Asthma1 ($2 in chips) 
Seat 7: maniacof ($2.39 in chips) 
Seat 8: ice10man10 ($3.01 in chips) 
Seat 9: BanneyB ($2.34 in chips) 
LosMagosCoyote: posts small blind $0.01
1Asthma1: posts big blind $0.02
*** HOLE CARDS ***
Dealt to Dorex2007 [7h Kc]
maniacof: raises $0.04 to $0.06
ice10man10: folds 
BanneyB: folds 
S7oyaN0V: folds 
WARRENtheSAP: folds 
Dorex2007: folds 
LosMagosCoyote: calls $0.05
1Asthma1: folds 
*** FLOP *** [6d Th Kh]
LosMagosCoyote: checks 
maniacof: bets $0.07
LosMagosCoyote: calls $0.07
*** TURN *** [6d Th Kh] [3d]
LosMagosCoyote: checks 
maniacof: checks 
*** RIVER *** [6d Th Kh 3d] [4d]
LosMagosCoyote: checks 
maniacof: bets $0.14
LosMagosCoyote: folds 
Uncalled bet ($0.14) returned to maniacof
maniacof collected $0.27 from pot
maniacof: doesn't show hand 
*** SUMMARY ***
Total pot $0.28 | Rake $0.01 
Board [6d Th Kh 3d 4d]
Seat 1: S7oyaN0V folded before Flop (didn't bet)
Seat 2: WARRENtheSAP folded before Flop (didn't bet)
Seat 3: Dorex2007 (button) folded before Flop (didn't bet)
Seat 4: LosMagosCoyote (small blind) folded on the River
Seat 6: 1Asthma1 (big blind) folded before Flop
Seat 7: maniacof collected ($0.27)
Seat 8: ice10man10 folded before Flop (didn't bet)
Seat 9: BanneyB folded before Flop (didn't bet)



PokerStars Hand #224030501834:  Hold'em No Limit ($0.01/$0.02 USD) - 2021/02/20 9:54:12 PT [2021/02/20 12:54:12 ET]
Table 'Messalina V' 9-max Seat #4 is the button
Seat 1: S7oyaN0V ($0.80 in chips) 
Seat 2: WARRENtheSAP ($1.40 in chips) 
Seat 3: Dorex2007 ($2.57 in chips) 
Seat 4: LosMagosCoyote ($1.78 in chips) 
Seat 6: 1Asthma1 ($2 in chips) 
Seat 7: maniacof ($2.53 in chips) 
Seat 8: ice10man10 ($3.01 in chips) 
Seat 9: BanneyB ($2.34 in chips) 
1Asthma1: posts small blind $0.01
maniacof: posts big blind $0.02
*** HOLE CARDS ***
Dealt to Dorex2007 [Ah 6s]
ice10man10: raises $0.04 to $0.06
BanneyB: folds 
S7oyaN0V: folds 
WARRENtheSAP: folds 
Dorex2007: folds 
LosMagosCoyote: calls $0.06
1Asthma1: folds 
maniacof: folds 
*** FLOP *** [2h Jc 8h]
ice10man10: bets $0.12
LosMagosCoyote: folds 
Uncalled bet ($0.12) returned to ice10man10
ice10man10 collected $0.14 from pot
ice10man10: doesn't show hand 
*** SUMMARY ***
Total pot $0.15 | Rake $0.01 
Board [2h Jc 8h]
Seat 1: S7oyaN0V folded before Flop (didn't bet)
Seat 2: WARRENtheSAP folded before Flop (didn't bet)
Seat 3: Dorex2007 folded before Flop (didn't bet)
Seat 4: LosMagosCoyote (button) folded on the Flop
Seat 6: 1Asthma1 (small blind) folded before Flop
Seat 7: maniacof (big blind) folded before Flop
Seat 8: ice10man10 collected ($0.14)
Seat 9: BanneyB folded before Flop (didn't bet)



PokerStars Hand #224030524951:  Hold'em No Limit ($0.01/$0.02 USD) - 2021/02/20 9:54:49 PT [2021/02/20 12:54:49 ET]
Table 'Messalina V' 9-max Seat #6 is the button
Seat 1: S7oyaN0V ($0.80 in chips) 
Seat 2: WARRENtheSAP ($1.40 in chips) 
Seat 3: Dorex2007 ($2.57 in chips) 
Seat 4: LosMagosCoyote ($1.72 in chips) 
Seat 5: maciejjopek12 ($1.37 in chips) 
Seat 6: 1Asthma1 ($2 in chips) 
Seat 7: maniacof ($2.51 in chips) 
Seat 8: ice10man10 ($3.09 in chips) 
Seat 9: BanneyB ($2.34 in chips) 
maniacof: posts small blind $0.01
ice10man10: posts big blind $0.02
maciejjopek12: posts small & big blinds $0.03
*** HOLE CARDS ***
Dealt to Dorex2007 [8h 7c]
BanneyB: folds 
S7oyaN0V: folds 
WARRENtheSAP: folds 
Dorex2007: folds 
LosMagosCoyote: calls $0.02
maciejjopek12: checks 
1Asthma1: folds 
maniacof: folds 
ice10man10: checks 
*** FLOP *** [Qc Js 4c]
ice10man10: bets $0.06
LosMagosCoyote: calls $0.06
maciejjopek12: calls $0.06
*** TURN *** [Qc Js 4c] [7s]
ice10man10: bets $0.20
LosMagosCoyote: calls $0.20
maciejjopek12: raises $1.08 to $1.28 and is all-in
ice10man10: folds 
LosMagosCoyote: folds 
Uncalled bet ($1.08) returned to maciejjopek12
maciejjopek12 collected $0.83 from pot
maciejjopek12: doesn't show hand 
*** SUMMARY ***
Total pot $0.86 | Rake $0.03 
Board [Qc Js 4c 7s]
Seat 1: S7oyaN0V folded before Flop (didn't bet)
Seat 2: WARRENtheSAP folded before Flop (didn't bet)
Seat 3: Dorex2007 folded before Flop (didn't bet)
Seat 4: LosMagosCoyote folded on the Turn
Seat 5: maciejjopek12 collected ($0.83)
Seat 6: 1Asthma1 (button) folded before Flop (didn't bet)
Seat 7: maniacof (small blind) folded before Flop
Seat 8: ice10man10 (big blind) folded on the Turn
Seat 9: BanneyB folded before Flop (didn't bet)



PokerStars Hand #224030555220:  Hold'em No Limit ($0.01/$0.02 USD) - 2021/02/20 9:55:50 PT [2021/02/20 12:55:50 ET]
Table 'Messalina V' 9-max Seat #7 is the button
Seat 1: S7oyaN0V ($0.80 in chips) 
Seat 2: WARRENtheSAP ($1.40 in chips) 
Seat 3: Dorex2007 ($2.57 in chips) 
Seat 4: LosMagosCoyote ($1.44 in chips) 
Seat 5: maciejjopek12 ($1.91 in chips) 
Seat 6: 1Asthma1 ($2 in chips) 
Seat 7: maniacof ($2.50 in chips) 
Seat 8: ice10man10 ($2.81 in chips) 
Seat 9: BanneyB ($2.34 in chips) 
ice10man10: posts small blind $0.01
BanneyB: posts big blind $0.02
*** HOLE CARDS ***
Dealt to Dorex2007 [5d Ks]
S7oyaN0V: folds 
WARRENtheSAP: folds 
Dorex2007: folds 
LosMagosCoyote: folds 
maciejjopek12: calls $0.02
1Asthma1: folds 
maniacof: raises $0.02 to $0.04
ice10man10: calls $0.03
BanneyB: folds 
maciejjopek12: calls $0.02
*** FLOP *** [8c Qs 6h]
ice10man10: checks 
maciejjopek12: checks 
maniacof: bets $0.02
ice10man10: folds 
maciejjopek12: calls $0.02
*** TURN *** [8c Qs 6h] [6s]
maciejjopek12: checks 
maniacof: bets $0.09
maciejjopek12: folds 
Uncalled bet ($0.09) returned to maniacof
maniacof collected $0.17 from pot
maniacof: doesn't show hand 
*** SUMMARY ***
Total pot $0.18 | Rake $0.01 
Board [8c Qs 6h 6s]
Seat 1: S7oyaN0V folded before Flop (didn't bet)
Seat 2: WARRENtheSAP folded before Flop (didn't bet)
Seat 3: Dorex2007 folded before Flop (didn't bet)
Seat 4: LosMagosCoyote folded before Flop (didn't bet)
Seat 5: maciejjopek12 folded on the Turn
Seat 6: 1Asthma1 folded before Flop (didn't bet)
Seat 7: maniacof (button) collected ($0.17)
Seat 8: ice10man10 (small blind) folded on the Flop
Seat 9: BanneyB (big blind) folded before Flop



PokerStars Hand #224030590473:  Hold'em No Limit ($0.01/$0.02 USD) - 2021/02/20 9:56:45 PT [2021/02/20 12:56:45 ET]
Table 'Messalina V' 9-max Seat #8 is the button
Seat 1: S7oyaN0V ($0.80 in chips) 
Seat 2: WARRENtheSAP ($1.40 in chips) 
Seat 3: Dorex2007 ($2.57 in chips) 
Seat 4: LosMagosCoyote ($1.44 in chips) 
Seat 5: maciejjopek12 ($1.85 in chips) 
Seat 6: 1Asthma1 ($2 in chips) 
Seat 7: maniacof ($2.61 in chips) 
Seat 8: ice10man10 ($2.77 in chips) 
Seat 9: BanneyB ($2.32 in chips) 
BanneyB: posts small blind $0.01
S7oyaN0V: posts big blind $0.02
*** HOLE CARDS ***
Dealt to Dorex2007 [9d 7c]
WARRENtheSAP: raises $0.04 to $0.06
Dorex2007: folds 
LosMagosCoyote: folds 
maciejjopek12: folds 
1Asthma1: folds 
maniacof: folds 
ice10man10: folds 
BanneyB: folds 
S7oyaN0V: folds 
Uncalled bet ($0.04) returned to WARRENtheSAP
WARRENtheSAP collected $0.05 from pot
WARRENtheSAP: doesn't show hand 
*** SUMMARY ***
Total pot $0.05 | Rake $0 
Seat 1: S7oyaN0V (big blind) folded before Flop
Seat 2: WARRENtheSAP collected ($0.05)
Seat 3: Dorex2007 folded before Flop (didn't bet)
Seat 4: LosMagosCoyote folded before Flop (didn't bet)
Seat 5: maciejjopek12 folded before Flop (didn't bet)
Seat 6: 1Asthma1 folded before Flop (didn't bet)
Seat 7: maniacof folded before Flop (didn't bet)
Seat 8: ice10man10 (button) folded before Flop (didn't bet)
Seat 9: BanneyB (small blind) folded before Flop



PokerStars Hand #224030599418:  Hold'em No Limit ($0.01/$0.02 USD) - 2021/02/20 9:57:04 PT [2021/02/20 12:57:04 ET]
Table 'Messalina V' 9-max Seat #9 is the button
Seat 1: S7oyaN0V ($0.78 in chips) 
Seat 2: WARRENtheSAP ($1.43 in chips) 
Seat 3: Dorex2007 ($2.57 in chips) 
Seat 4: LosMagosCoyote ($1.44 in chips) 
Seat 5: maciejjopek12 ($1.85 in chips) 
Seat 6: 1Asthma1 ($2 in chips) 
Seat 7: maniacof ($2.61 in chips) 
Seat 8: ice10man10 ($2.77 in chips) 
Seat 9: BanneyB ($2.31 in chips) 
S7oyaN0V: posts small blind $0.01
WARRENtheSAP: posts big blind $0.02
*** HOLE CARDS ***
Dealt to Dorex2007 [2s 4s]
Dorex2007: folds 
LosMagosCoyote: folds 
maciejjopek12: folds 
1Asthma1: folds 
maniacof: folds 
ice10man10: raises $0.04 to $0.06
BanneyB: folds 
S7oyaN0V: folds 
WARRENtheSAP: folds 
Uncalled bet ($0.04) returned to ice10man10
ice10man10 collected $0.05 from pot
ice10man10: doesn't show hand 
*** SUMMARY ***
Total pot $0.05 | Rake $0 
Seat 1: S7oyaN0V (small blind) folded before Flop
Seat 2: WARRENtheSAP (big blind) folded before Flop
Seat 3: Dorex2007 folded before Flop (didn't bet)
Seat 4: LosMagosCoyote folded before Flop (didn't bet)
Seat 5: maciejjopek12 folded before Flop (didn't bet)
Seat 6: 1Asthma1 folded before Flop (didn't bet)
Seat 7: maniacof folded before Flop (didn't bet)
Seat 8: ice10man10 collected ($0.05)
Seat 9: BanneyB (button) folded before Flop (didn't bet)



PokerStars Hand #224030610945:  Hold'em No Limit ($0.01/$0.02 USD) - 2021/02/20 9:57:29 PT [2021/02/20 12:57:29 ET]
Table 'Messalina V' 9-max Seat #1 is the button
Seat 1: S7oyaN0V ($0.77 in chips) 
Seat 2: WARRENtheSAP ($1.41 in chips) 
Seat 3: Dorex2007 ($2.57 in chips) 
Seat 4: LosMagosCoyote ($1.44 in chips) 
Seat 6: 1Asthma1 ($2 in chips) 
Seat 7: maniacof ($2.61 in chips) 
Seat 8: ice10man10 ($2.80 in chips) 
Seat 9: BanneyB ($2.31 in chips) 
WARRENtheSAP: posts small blind $0.01
Dorex2007: posts big blind $0.02
*** HOLE CARDS ***
Dealt to Dorex2007 [Jh Kc]
LosMagosCoyote: calls $0.02
1Asthma1: folds 
maniacof: folds 
ice10man10: folds 
BanneyB: calls $0.02
S7oyaN0V: raises $0.06 to $0.08
WARRENtheSAP: folds 
Dorex2007: calls $0.06
LosMagosCoyote: calls $0.06
BanneyB: calls $0.06
*** FLOP *** [Jc 4d Qh]
maciejjopek12 is disconnected 
Dorex2007: bets $0.16
LosMagosCoyote: folds 
BanneyB: folds 
S7oyaN0V: raises $0.16 to $0.32
Dorex2007: calls $0.16
*** TURN *** [Jc 4d Qh] [As]
Dorex2007: bets $0.94
S7oyaN0V: calls $0.37 and is all-in
Uncalled bet ($0.57) returned to Dorex2007
*** RIVER *** [Jc 4d Qh As] [7h]
*** SHOW DOWN ***
Dorex2007: shows [Jh Kc] (a pair of Jacks)
S7oyaN0V: shows [Qc Ad] (two pair, Aces and Queens)
S7oyaN0V collected $1.65 from pot
*** SUMMARY ***
Total pot $1.71 | Rake $0.06 
Board [Jc 4d Qh As 7h]
Seat 1: S7oyaN0V (button) showed [Qc Ad] and won ($1.65) with two pair, Aces and Queens
Seat 2: WARRENtheSAP (small blind) folded before Flop
Seat 3: Dorex2007 (big blind) showed [Jh Kc] and lost with a pair of Jacks
Seat 4: LosMagosCoyote folded on the Flop
Seat 6: 1Asthma1 folded before Flop (didn't bet)
Seat 7: maniacof folded before Flop (didn't bet)
Seat 8: ice10man10 folded before Flop (didn't bet)
Seat 9: BanneyB folded on the Flop



PokerStars Hand #224030634384:  Hold'em No Limit ($0.01/$0.02 USD) - 2021/02/20 9:58:18 PT [2021/02/20 12:58:18 ET]
Table 'Messalina V' 9-max Seat #2 is the button
Seat 1: S7oyaN0V ($1.65 in chips) 
Seat 2: WARRENtheSAP ($1.40 in chips) 
Seat 3: Dorex2007 ($1.80 in chips) 
Seat 4: LosMagosCoyote ($1.36 in chips) 
Seat 6: 1Asthma1 ($2 in chips) 
Seat 7: maniacof ($2.61 in chips) 
Seat 8: ice10man10 ($2.80 in chips) 
Seat 9: BanneyB ($2.23 in chips) 
Dorex2007: posts small blind $0.01
LosMagosCoyote: posts big blind $0.02
*** HOLE CARDS ***
Dealt to Dorex2007 [Ac Tc]
1Asthma1: folds 
maniacof: folds 
ice10man10: folds 
BanneyB: folds 
S7oyaN0V: folds 
WARRENtheSAP: folds 
Dorex2007: raises $0.04 to $0.06
LosMagosCoyote: calls $0.04
*** FLOP *** [Jd As 2s]
Dorex2007: bets $0.12
LosMagosCoyote: calls $0.12
*** TURN *** [Jd As 2s] [Ah]
Dorex2007: bets $0.18
LosMagosCoyote: calls $0.18
*** RIVER *** [Jd As 2s Ah] [Qc]
maciejjopek12 was removed from the table for failing to post
maciejjopek12 leaves the table
Dorex2007: bets $0.35
LosMagosCoyote: folds 
Uncalled bet ($0.35) returned to Dorex2007
Dorex2007 collected $0.69 from pot
Dorex2007: doesn't show hand 
*** SUMMARY ***
Total pot $0.72 | Rake $0.03 
Board [Jd As 2s Ah Qc]
Seat 1: S7oyaN0V folded before Flop (didn't bet)
Seat 2: WARRENtheSAP (button) folded before Flop (didn't bet)
Seat 3: Dorex2007 (small blind) collected ($0.69)
Seat 4: LosMagosCoyote (big blind) folded on the River
Seat 6: 1Asthma1 folded before Flop (didn't bet)
Seat 7: maniacof folded before Flop (didn't bet)
Seat 8: ice10man10 folded before Flop (didn't bet)
Seat 9: BanneyB folded before Flop (didn't bet)



PokerStars Hand #224030653910:  Hold'em No Limit ($0.01/$0.02 USD) - 2021/02/20 9:58:59 PT [2021/02/20 12:58:59 ET]
Table 'Messalina V' 9-max Seat #3 is the button
Seat 1: S7oyaN0V ($1.65 in chips) 
Seat 2: WARRENtheSAP ($1.40 in chips) 
Seat 3: Dorex2007 ($2.13 in chips) 
Seat 4: LosMagosCoyote ($1 in chips) 
Seat 6: 1Asthma1 ($2 in chips) 
Seat 7: maniacof ($2.61 in chips) 
Seat 8: ice10man10 ($2.80 in chips) 
Seat 9: BanneyB ($2.23 in chips) 
LosMagosCoyote: posts small blind $0.01
1Asthma1: posts big blind $0.02
*** HOLE CARDS ***
Dealt to Dorex2007 [As 6s]
19art12 joins the table at seat #5 
maniacof: folds 
ice10man10: raises $0.04 to $0.06
BanneyB: folds 
S7oyaN0V: folds 
WARRENtheSAP: folds 
Dorex2007: calls $0.06
LosMagosCoyote: calls $0.05
1Asthma1: calls $0.04
*** FLOP *** [6h 8d 5s]
LosMagosCoyote: bets $0.12
1Asthma1: calls $0.12
ice10man10: folds 
Dorex2007: folds 
*** TURN *** [6h 8d 5s] [Qc]
LosMagosCoyote: bets $0.23
1Asthma1: folds 
Uncalled bet ($0.23) returned to LosMagosCoyote
LosMagosCoyote collected $0.46 from pot
*** SUMMARY ***
Total pot $0.48 | Rake $0.02 
Board [6h 8d 5s Qc]
Seat 1: S7oyaN0V folded before Flop (didn't bet)
Seat 2: WARRENtheSAP folded before Flop (didn't bet)
Seat 3: Dorex2007 (button) folded on the Flop
Seat 4: LosMagosCoyote (small blind) collected ($0.46)
Seat 6: 1Asthma1 (big blind) folded on the Turn
Seat 7: maniacof folded before Flop (didn't bet)
Seat 8: ice10man10 folded on the Flop
Seat 9: BanneyB folded before Flop (didn't bet)



PokerStars Hand #224030671870:  Hold'em No Limit ($0.01/$0.02 USD) - 2021/02/20 9:59:37 PT [2021/02/20 12:59:37 ET]
Table 'Messalina V' 9-max Seat #4 is the button
Seat 1: S7oyaN0V ($1.65 in chips) 
Seat 2: WARRENtheSAP ($1.40 in chips) 
Seat 3: Dorex2007 ($2.07 in chips) 
Seat 4: LosMagosCoyote ($1.28 in chips) 
Seat 6: 1Asthma1 ($2 in chips) 
Seat 7: maniacof ($2.61 in chips) 
Seat 8: ice10man10 ($2.74 in chips) 
Seat 9: BanneyB ($2.23 in chips) 
1Asthma1: posts small blind $0.01
maniacof: posts big blind $0.02
*** HOLE CARDS ***
Dealt to Dorex2007 [7s As]
ice10man10: folds 
BanneyB: calls $0.02
S7oyaN0V: folds 
WARRENtheSAP: folds 
Dorex2007: calls $0.02
LosMagosCoyote: calls $0.02
1Asthma1: folds 
maniacof: checks 
*** FLOP *** [5s 8h 5h]
maniacof: checks 
BanneyB: checks 
Dorex2007: checks 
LosMagosCoyote: checks 
*** TURN *** [5s 8h 5h] [Td]
maniacof: checks 
BanneyB: bets $0.04
Dorex2007: folds 
LosMagosCoyote: calls $0.04
maniacof: calls $0.04
*** RIVER *** [5s 8h 5h Td] [Kh]
maniacof: checks 
BanneyB: checks 
LosMagosCoyote: bets $0.10
maniacof: folds 
BanneyB: folds 
Uncalled bet ($0.10) returned to LosMagosCoyote
LosMagosCoyote collected $0.20 from pot
*** SUMMARY ***
Total pot $0.21 | Rake $0.01 
Board [5s 8h 5h Td Kh]
Seat 1: S7oyaN0V folded before Flop (didn't bet)
Seat 2: WARRENtheSAP folded before Flop (didn't bet)
Seat 3: Dorex2007 folded on the Turn
Seat 4: LosMagosCoyote (button) collected ($0.20)
Seat 6: 1Asthma1 (small blind) folded before Flop
Seat 7: maniacof (big blind) folded on the River
Seat 8: ice10man10 folded before Flop (didn't bet)
Seat 9: BanneyB folded on the River



PokerStars Hand #224030714095:  Hold'em No Limit ($0.01/$0.02 USD) - 2021/02/20 10:01:01 PT [2021/02/20 13:01:01 ET]
Table 'Messalina V' 9-max Seat #6 is the button
Seat 1: S7oyaN0V ($1.65 in chips) 
Seat 2: WARRENtheSAP ($1.40 in chips) 
Seat 3: Dorex2007 ($2.05 in chips) 
Seat 4: LosMagosCoyote ($1.42 in chips) 
Seat 5: 19art12 ($1.56 in chips) 
Seat 6: 1Asthma1 ($2 in chips) 
Seat 7: maniacof ($2.55 in chips) 
Seat 8: ice10man10 ($2.74 in chips) 
Seat 9: BanneyB ($2.17 in chips) 
maniacof: posts small blind $0.01
ice10man10: posts big blind $0.02
19art12: posts big blind $0.02
*** HOLE CARDS ***
Dealt to Dorex2007 [7h 6s]
BanneyB: folds 
S7oyaN0V: raises $0.06 to $0.08
WARRENtheSAP: folds 
Dorex2007: folds 
LosMagosCoyote: folds 
19art12: raises $0.06 to $0.14
1Asthma1: folds 
maniacof: calls $0.13
ice10man10: folds 
S7oyaN0V: calls $0.06
*** FLOP *** [9d 5d 4h]
maniacof: checks 
S7oyaN0V: bets $0.22
19art12: raises $0.22 to $0.44
maniacof: folds 
S7oyaN0V: calls $0.22
*** TURN *** [9d 5d 4h] [Qh]
S7oyaN0V: bets $0.64
19art12: raises $0.34 to $0.98 and is all-in
S7oyaN0V: calls $0.34
*** RIVER *** [9d 5d 4h Qh] [8s]
*** SHOW DOWN ***
S7oyaN0V: shows [Kd Kh] (a pair of Kings)
19art12: shows [4s Ad] (a pair of Fours)
S7oyaN0V collected $3.17 from pot
*** SUMMARY ***
Total pot $3.28 | Rake $0.11 
Board [9d 5d 4h Qh 8s]
Seat 1: S7oyaN0V showed [Kd Kh] and won ($3.17) with a pair of Kings
Seat 2: WARRENtheSAP folded before Flop (didn't bet)
Seat 3: Dorex2007 folded before Flop (didn't bet)
Seat 4: LosMagosCoyote folded before Flop (didn't bet)
Seat 5: 19art12 showed [4s Ad] and lost with a pair of Fours
Seat 6: 1Asthma1 (button) folded before Flop (didn't bet)
Seat 7: maniacof (small blind) folded on the Flop
Seat 8: ice10man10 (big blind) folded before Flop
Seat 9: BanneyB folded before Flop (didn't bet)



PokerStars Hand #224030752141:  Hold'em No Limit ($0.01/$0.02 USD) - 2021/02/20 10:02:07 PT [2021/02/20 13:02:07 ET]
Table 'Messalina V' 9-max Seat #7 is the button
Seat 1: S7oyaN0V ($3.26 in chips) 
Seat 2: WARRENtheSAP ($1.40 in chips) 
Seat 3: Dorex2007 ($2.05 in chips) 
Seat 4: LosMagosCoyote ($1.42 in chips) 
Seat 6: 1Asthma1 ($2 in chips) 
Seat 7: maniacof ($2.41 in chips) 
Seat 8: ice10man10 ($2.72 in chips) 
Seat 9: BanneyB ($2.17 in chips) 
ice10man10: posts small blind $0.01
BanneyB: posts big blind $0.02
*** HOLE CARDS ***
Dealt to Dorex2007 [6h 4c]
S7oyaN0V: folds 
WARRENtheSAP: folds 
Dorex2007: folds 
S7oyaN0V leaves the table
LosMagosCoyote: calls $0.02
1Asthma1: raises $0.06 to $0.08
19art12 leaves the table
maniacof: calls $0.08
ice10man10: folds 
BanneyB: folds 
LosMagosCoyote: calls $0.06
*** FLOP *** [2c Ad 3h]
LosMagosCoyote: checks 
1Asthma1: checks 
maniacof: checks 
*** TURN *** [2c Ad 3h] [3d]
LosMagosCoyote: checks 
1Asthma1: checks 
maniacof: checks 
*** RIVER *** [2c Ad 3h 3d] [7s]
LosMagosCoyote: checks 
1Asthma1: checks 
maniacof: checks 
*** SHOW DOWN ***
LosMagosCoyote: shows [6s 9s] (a pair of Threes)
1Asthma1: shows [Qd 9d] (a pair of Threes - Ace+Queen kicker)
maniacof: shows [Ts Kc] (a pair of Threes - Ace+King kicker)
maniacof collected $0.26 from pot
*** SUMMARY ***
Total pot $0.27 | Rake $0.01 
Board [2c Ad 3h 3d 7s]
Seat 1: S7oyaN0V folded before Flop (didn't bet)
Seat 2: WARRENtheSAP folded before Flop (didn't bet)
Seat 3: Dorex2007 folded before Flop (didn't bet)
Seat 4: LosMagosCoyote showed [6s 9s] and lost with a pair of Threes
Seat 6: 1Asthma1 showed [Qd 9d] and lost with a pair of Threes
Seat 7: maniacof (button) showed [Ts Kc] and won ($0.26) with a pair of Threes
Seat 8: ice10man10 (small blind) folded before Flop
Seat 9: BanneyB (big blind) folded before Flop



PokerStars Hand #224030796778:  Hold'em No Limit ($0.01/$0.02 USD) - 2021/02/20 10:03:18 PT [2021/02/20 13:03:18 ET]
Table 'Messalina V' 9-max Seat #8 is the button
Seat 2: WARRENtheSAP ($1.40 in chips) 
Seat 3: Dorex2007 ($2.05 in chips) 
Seat 4: LosMagosCoyote ($1.34 in chips) 
Seat 6: 1Asthma1 ($2 in chips) 
Seat 7: maniacof ($2.59 in chips) 
Seat 8: ice10man10 ($2.71 in chips) 
Seat 9: BanneyB ($2.15 in chips) 
BanneyB: posts small blind $0.01
WARRENtheSAP: posts big blind $0.02
*** HOLE CARDS ***
Dealt to Dorex2007 [6d 4c]
Dorex2007: folds 
LosMagosCoyote: calls $0.02
1Asthma1: folds 
maniacof: raises $0.04 to $0.06
ice10man10: folds 
BanneyB: folds 
WARRENtheSAP: calls $0.04
LosMagosCoyote: calls $0.04
*** FLOP *** [8h 3d 7c]
WARRENtheSAP: checks 
LosMagosCoyote: checks 
maniacof: bets $0.09
WARRENtheSAP: folds 
LosMagosCoyote: folds 
Uncalled bet ($0.09) returned to maniacof
maniacof collected $0.18 from pot
maniacof: doesn't show hand 
*** SUMMARY ***
Total pot $0.19 | Rake $0.01 
Board [8h 3d 7c]
Seat 2: WARRENtheSAP (big blind) folded on the Flop
Seat 3: Dorex2007 folded before Flop (didn't bet)
Seat 4: LosMagosCoyote folded on the Flop
Seat 6: 1Asthma1 folded before Flop (didn't bet)
Seat 7: maniacof collected ($0.18)
Seat 8: ice10man10 (button) folded before Flop (didn't bet)
Seat 9: BanneyB (small blind) folded before Flop



PokerStars Hand #224030822638:  Hold'em No Limit ($0.01/$0.02 USD) - 2021/02/20 10:03:59 PT [2021/02/20 13:03:59 ET]
Table 'Messalina V' 9-max Seat #9 is the button
Seat 2: WARRENtheSAP ($1.34 in chips) 
Seat 3: Dorex2007 ($2.05 in chips) 
Seat 4: LosMagosCoyote ($1.28 in chips) 
Seat 6: 1Asthma1 ($2 in chips) 
Seat 7: maniacof ($2.71 in chips) 
Seat 8: ice10man10 ($2.71 in chips) 
Seat 9: BanneyB ($2.14 in chips) 
WARRENtheSAP: posts small blind $0.01
Dorex2007: posts big blind $0.02
*** HOLE CARDS ***
Dealt to Dorex2007 [3c Kh]
LosMagosCoyote: folds 
1Asthma1: folds 
maniacof: folds 
ice10man10: folds 
BanneyB: calls $0.02
WARRENtheSAP: folds 
Dorex2007: checks 
*** FLOP *** [As 8h 7s]
Dorex2007: checks 
BanneyB: checks 
*** TURN *** [As 8h 7s] [9s]
Dorex2007: checks 
BanneyB: checks 
*** RIVER *** [As 8h 7s 9s] [Kd]
Dorex2007: bets $0.10
BanneyB: folds 
Uncalled bet ($0.10) returned to Dorex2007
Dorex2007 collected $0.05 from pot
Dorex2007: doesn't show hand 
*** SUMMARY ***
Total pot $0.05 | Rake $0 
Board [As 8h 7s 9s Kd]
Seat 2: WARRENtheSAP (small blind) folded before Flop
Seat 3: Dorex2007 (big blind) collected ($0.05)
Seat 4: LosMagosCoyote folded before Flop (didn't bet)
Seat 6: 1Asthma1 folded before Flop (didn't bet)
Seat 7: maniacof folded before Flop (didn't bet)
Seat 8: ice10man10 folded before Flop (didn't bet)
Seat 9: BanneyB (button) folded on the River



PokerStars Hand #224030854961:  Hold'em No Limit ($0.01/$0.02 USD) - 2021/02/20 10:04:50 PT [2021/02/20 13:04:50 ET]
Table 'Messalina V' 9-max Seat #2 is the button
Seat 2: WARRENtheSAP ($1.33 in chips) 
Seat 3: Dorex2007 ($2.08 in chips) 
Seat 4: LosMagosCoyote ($1.28 in chips) 
Seat 6: 1Asthma1 ($2 in chips) 
Seat 7: maniacof ($2.71 in chips) 
Seat 8: ice10man10 ($2.71 in chips) 
Seat 9: BanneyB ($2.12 in chips) 
Dorex2007: posts small blind $0.01
LosMagosCoyote: posts big blind $0.02
*** HOLE CARDS ***
Dealt to Dorex2007 [Th Ah]
1Asthma1: folds 
maniacof: folds 
ice10man10: raises $0.04 to $0.06
BanneyB: folds 
WARRENtheSAP: folds 
Dorex2007: calls $0.05
LosMagosCoyote: folds 
*** FLOP *** [Qs Kc 8d]
Dorex2007: bets $0.07
ice10man10: calls $0.07
*** TURN *** [Qs Kc 8d] [4d]
Dorex2007: bets $0.14
marko2401 joins the table at seat #5 
ice10man10: raises $0.14 to $0.28
Dorex2007: folds 
Uncalled bet ($0.14) returned to ice10man10
ice10man10 collected $0.54 from pot
ice10man10: doesn't show hand 
*** SUMMARY ***
Total pot $0.56 | Rake $0.02 
Board [Qs Kc 8d 4d]
Seat 2: WARRENtheSAP (button) folded before Flop (didn't bet)
Seat 3: Dorex2007 (small blind) folded on the Turn
Seat 4: LosMagosCoyote (big blind) folded before Flop
Seat 6: 1Asthma1 folded before Flop (didn't bet)
Seat 7: maniacof folded before Flop (didn't bet)
Seat 8: ice10man10 collected ($0.54)
Seat 9: BanneyB folded before Flop (didn't bet)



PokerStars Hand #224030898667:  Hold'em No Limit ($0.01/$0.02 USD) - 2021/02/20 10:05:58 PT [2021/02/20 13:05:58 ET]
Table 'Messalina V' 9-max Seat #3 is the button
Seat 2: WARRENtheSAP ($1.33 in chips) 
Seat 3: Dorex2007 ($1.81 in chips) 
Seat 4: LosMagosCoyote ($1.26 in chips) 
Seat 5: marko2401 ($1.60 in chips) 
Seat 6: 1Asthma1 ($2 in chips) 
Seat 7: maniacof ($2.71 in chips) 
Seat 8: ice10man10 ($2.98 in chips) 
Seat 9: BanneyB ($2.12 in chips) 
LosMagosCoyote: posts small blind $0.01
marko2401: posts big blind $0.02
*** HOLE CARDS ***
Dealt to Dorex2007 [7h 3s]
1Asthma1: folds 
maniacof: folds 
Nay_daaa13 joins the table at seat #1 
ice10man10: raises $0.04 to $0.06
BanneyB: folds 
WARRENtheSAP: folds 
Dorex2007: folds 
LosMagosCoyote: calls $0.05
marko2401: folds 
*** FLOP *** [Jd Ks Ad]
LosMagosCoyote: checks 
ice10man10: bets $0.12
LosMagosCoyote: folds 
Uncalled bet ($0.12) returned to ice10man10
ice10man10 collected $0.14 from pot
ice10man10: doesn't show hand 
*** SUMMARY ***
Total pot $0.14 | Rake $0 
Board [Jd Ks Ad]
Seat 2: WARRENtheSAP folded before Flop (didn't bet)
Seat 3: Dorex2007 (button) folded before Flop (didn't bet)
Seat 4: LosMagosCoyote (small blind) folded on the Flop
Seat 5: marko2401 (big blind) folded before Flop
Seat 6: 1Asthma1 folded before Flop (didn't bet)
Seat 7: maniacof folded before Flop (didn't bet)
Seat 8: ice10man10 collected ($0.14)
Seat 9: BanneyB folded before Flop (didn't bet)



PokerStars Hand #224030919884:  Hold'em No Limit ($0.01/$0.02 USD) - 2021/02/20 10:06:31 PT [2021/02/20 13:06:31 ET]
Table 'Messalina V' 9-max Seat #4 is the button
Seat 2: WARRENtheSAP ($1.33 in chips) 
Seat 3: Dorex2007 ($1.81 in chips) 
Seat 4: LosMagosCoyote ($1.20 in chips) 
Seat 5: marko2401 ($1.58 in chips) 
Seat 6: 1Asthma1 ($2 in chips) 
Seat 7: maniacof ($2.71 in chips) 
Seat 8: ice10man10 ($3.06 in chips) 
Seat 9: BanneyB ($2.12 in chips) 
marko2401: posts small blind $0.01
1Asthma1: posts big blind $0.02
Nay_daaa13: sits out 
*** HOLE CARDS ***
Dealt to Dorex2007 [4d Ad]
maniacof: folds 
ice10man10: folds 
BanneyB: folds 
WARRENtheSAP: folds 
Dorex2007: raises $0.02 to $0.04
LosMagosCoyote: calls $0.04
marko2401: folds 
1Asthma1: folds 
*** FLOP *** [8d 4c 5c]
Dorex2007: checks 
LosMagosCoyote: checks 
*** TURN *** [8d 4c 5c] [Th]
Dorex2007: bets $0.11
LosMagosCoyote: folds 
Uncalled bet ($0.11) returned to Dorex2007
Dorex2007 collected $0.11 from pot
Dorex2007: doesn't show hand 
*** SUMMARY ***
Total pot $0.11 | Rake $0 
Board [8d 4c 5c Th]
Seat 2: WARRENtheSAP folded before Flop (didn't bet)
Seat 3: Dorex2007 collected ($0.11)
Seat 4: LosMagosCoyote (button) folded on the Turn
Seat 5: marko2401 (small blind) folded before Flop
Seat 6: 1Asthma1 (big blind) folded before Flop
Seat 7: maniacof folded before Flop (didn't bet)
Seat 8: ice10man10 folded before Flop (didn't bet)
Seat 9: BanneyB folded before Flop (didn't bet)



PokerStars Hand #224030940897:  Hold'em No Limit ($0.01/$0.02 USD) - 2021/02/20 10:07:04 PT [2021/02/20 13:07:04 ET]
Table 'Messalina V' 9-max Seat #5 is the button
Seat 2: WARRENtheSAP ($1.33 in chips) 
Seat 3: Dorex2007 ($1.88 in chips) 
Seat 4: LosMagosCoyote ($1.16 in chips) 
Seat 5: marko2401 ($1.57 in chips) 
Seat 6: 1Asthma1 ($2 in chips) 
Seat 7: maniacof ($2.71 in chips) 
Seat 8: ice10man10 ($3.06 in chips) 
Seat 9: BanneyB ($2.12 in chips) 
1Asthma1: posts small blind $0.01
maniacof: posts big blind $0.02
Nay_daaa13: sits out 
*** HOLE CARDS ***
Dealt to Dorex2007 [5d 9s]
ice10man10: folds 
BanneyB: folds 
WARRENtheSAP: raises $0.05 to $0.07
Dorex2007: folds 
LosMagosCoyote: calls $0.07
marko2401: folds 
1Asthma1: folds 
maniacof: folds 
*** FLOP *** [9d 5c 7h]
WARRENtheSAP: bets $0.08
LosMagosCoyote: folds 
Uncalled bet ($0.08) returned to WARRENtheSAP
WARRENtheSAP collected $0.16 from pot
WARRENtheSAP: doesn't show hand 
*** SUMMARY ***
Total pot $0.17 | Rake $0.01 
Board [9d 5c 7h]
Seat 2: WARRENtheSAP collected ($0.16)
Seat 3: Dorex2007 folded before Flop (didn't bet)
Seat 4: LosMagosCoyote folded on the Flop
Seat 5: marko2401 (button) folded before Flop (didn't bet)
Seat 6: 1Asthma1 (small blind) folded before Flop
Seat 7: maniacof (big blind) folded before Flop
Seat 8: ice10man10 folded before Flop (didn't bet)
Seat 9: BanneyB folded before Flop (didn't bet)



PokerStars Hand #224030964813:  Hold'em No Limit ($0.01/$0.02 USD) - 2021/02/20 10:07:41 PT [2021/02/20 13:07:41 ET]
Table 'Messalina V' 9-max Seat #6 is the button
Seat 1: Nay_daaa13 ($1.60 in chips) 
Seat 2: WARRENtheSAP ($1.42 in chips) 
Seat 3: Dorex2007 ($1.88 in chips) 
Seat 4: LosMagosCoyote ($1.09 in chips) 
Seat 5: marko2401 ($1.57 in chips) 
Seat 6: 1Asthma1 ($2 in chips) 
Seat 7: maniacof ($2.69 in chips) 
Seat 8: ice10man10 ($3.06 in chips) 
Seat 9: BanneyB ($2.12 in chips) 
maniacof: posts small blind $0.01
ice10man10: posts big blind $0.02
Nay_daaa13: posts big blind $0.02
*** HOLE CARDS ***
Dealt to Dorex2007 [7h 8c]
BanneyB: folds 
Nay_daaa13: raises $0.02 to $0.04
WARRENtheSAP: folds 
Dorex2007: folds 
LosMagosCoyote: folds 
marko2401: folds 
1Asthma1: folds 
maniacof: folds 
ice10man10: calls $0.02
*** FLOP *** [4c Js 7d]
ice10man10: bets $0.06
Nay_daaa13: calls $0.06
*** TURN *** [4c Js 7d] [7c]
ice10man10: bets $0.10
Nay_daaa13: calls $0.10
*** RIVER *** [4c Js 7d 7c] [Qh]
ice10man10: checks 
Nay_daaa13: bets $0.02
ice10man10: folds 
Uncalled bet ($0.02) returned to Nay_daaa13
Nay_daaa13 collected $0.40 from pot
Nay_daaa13: doesn't show hand 
*** SUMMARY ***
Total pot $0.41 | Rake $0.01 
Board [4c Js 7d 7c Qh]
Seat 1: Nay_daaa13 collected ($0.40)
Seat 2: WARRENtheSAP folded before Flop (didn't bet)
Seat 3: Dorex2007 folded before Flop (didn't bet)
Seat 4: LosMagosCoyote folded before Flop (didn't bet)
Seat 5: marko2401 folded before Flop (didn't bet)
Seat 6: 1Asthma1 (button) folded before Flop (didn't bet)
Seat 7: maniacof (small blind) folded before Flop
Seat 8: ice10man10 (big blind) folded on the River
Seat 9: BanneyB folded before Flop (didn't bet)



PokerStars Hand #224031011192:  Hold'em No Limit ($0.01/$0.02 USD) - 2021/02/20 10:08:54 PT [2021/02/20 13:08:54 ET]
Table 'Messalina V' 9-max Seat #7 is the button
Seat 1: Nay_daaa13 ($1.80 in chips) 
Seat 2: WARRENtheSAP ($1.42 in chips) 
Seat 3: Dorex2007 ($1.88 in chips) 
Seat 4: LosMagosCoyote ($1.09 in chips) 
Seat 5: marko2401 ($1.57 in chips) 
Seat 6: 1Asthma1 ($2 in chips) 
Seat 7: maniacof ($2.68 in chips) 
Seat 8: ice10man10 ($2.86 in chips) 
Seat 9: BanneyB ($2.12 in chips) 
ice10man10: posts small blind $0.01
BanneyB: posts big blind $0.02
*** HOLE CARDS ***
Dealt to Dorex2007 [7h Ts]
Nay_daaa13: calls $0.02
WARRENtheSAP: folds 
Dorex2007: folds 
LosMagosCoyote: calls $0.02
marko2401: folds 
1Asthma1: folds 
maniacof: folds 
ice10man10: calls $0.01
BanneyB: checks 
*** FLOP *** [8h 7c Ad]
ice10man10: checks 
BanneyB: checks 
Nay_daaa13: bets $0.02
LosMagosCoyote: folds 
ice10man10: calls $0.02
BanneyB: folds 
*** TURN *** [8h 7c Ad] [5c]
ice10man10: bets $0.06
Nay_daaa13: calls $0.06
*** RIVER *** [8h 7c Ad 5c] [Th]
ice10man10: checks 
Nay_daaa13: checks 
*** SHOW DOWN ***
ice10man10: shows [8c Kc] (a pair of Eights)
Nay_daaa13: shows [9s As] (a pair of Aces)
Nay_daaa13 collected $0.23 from pot
*** SUMMARY ***
Total pot $0.24 | Rake $0.01 
Board [8h 7c Ad 5c Th]
Seat 1: Nay_daaa13 showed [9s As] and won ($0.23) with a pair of Aces
Seat 2: WARRENtheSAP folded before Flop (didn't bet)
Seat 3: Dorex2007 folded before Flop (didn't bet)
Seat 4: LosMagosCoyote folded on the Flop
Seat 5: marko2401 folded before Flop (didn't bet)
Seat 6: 1Asthma1 folded before Flop (didn't bet)
Seat 7: maniacof (button) folded before Flop (didn't bet)
Seat 8: ice10man10 (small blind) showed [8c Kc] and lost with a pair of Eights
Seat 9: BanneyB (big blind) folded on the Flop



PokerStars Hand #224031051900:  Hold'em No Limit ($0.01/$0.02 USD) - 2021/02/20 10:09:58 PT [2021/02/20 13:09:58 ET]
Table 'Messalina V' 9-max Seat #8 is the button
Seat 1: Nay_daaa13 ($1.93 in chips) 
Seat 2: WARRENtheSAP ($1.42 in chips) 
Seat 3: Dorex2007 ($1.88 in chips) 
Seat 4: LosMagosCoyote ($1.07 in chips) 
Seat 5: marko2401 ($1.57 in chips) 
Seat 6: 1Asthma1 ($2 in chips) 
Seat 7: maniacof ($2.68 in chips) 
Seat 8: ice10man10 ($2.76 in chips) 
Seat 9: BanneyB ($2.10 in chips) 
BanneyB: posts small blind $0.01
Nay_daaa13: posts big blind $0.02
*** HOLE CARDS ***
Dealt to Dorex2007 [4s 5c]
WARRENtheSAP: folds 
Dorex2007: folds 
LosMagosCoyote: folds 
marko2401: folds 
1Asthma1: folds 
maniacof: calls $0.02
ice10man10: raises $0.04 to $0.06
BanneyB: folds 
Nay_daaa13: calls $0.04
maniacof: calls $0.04
*** FLOP *** [Qh 6s 3d]
Nay_daaa13: checks 
maniacof: checks 
ice10man10: bets $0.15
Nay_daaa13: folds 
maniacof: folds 
Uncalled bet ($0.15) returned to ice10man10
ice10man10 collected $0.18 from pot
ice10man10: doesn't show hand 
*** SUMMARY ***
Total pot $0.19 | Rake $0.01 
Board [Qh 6s 3d]
Seat 1: Nay_daaa13 (big blind) folded on the Flop
Seat 2: WARRENtheSAP folded before Flop (didn't bet)
Seat 3: Dorex2007 folded before Flop (didn't bet)
Seat 4: LosMagosCoyote folded before Flop (didn't bet)
Seat 5: marko2401 folded before Flop (didn't bet)
Seat 6: 1Asthma1 folded before Flop (didn't bet)
Seat 7: maniacof folded on the Flop
Seat 8: ice10man10 (button) collected ($0.18)
Seat 9: BanneyB (small blind) folded before Flop



PokerStars Hand #224031107124:  Hold'em No Limit ($0.01/$0.02 USD) - 2021/02/20 10:11:12 PT [2021/02/20 13:11:12 ET]
Table 'Messalina V' 9-max Seat #9 is the button
Seat 1: Nay_daaa13 ($1.87 in chips) 
Seat 2: WARRENtheSAP ($1.42 in chips) 
Seat 3: Dorex2007 ($1.88 in chips) 
Seat 4: LosMagosCoyote ($1.07 in chips) 
Seat 5: marko2401 ($1.57 in chips) 
Seat 6: 1Asthma1 ($2 in chips) 
Seat 7: maniacof ($2.62 in chips) 
Seat 8: ice10man10 ($2.88 in chips) 
Seat 9: BanneyB ($2.09 in chips) 
Nay_daaa13: posts small blind $0.01
WARRENtheSAP: posts big blind $0.02
*** HOLE CARDS ***
Dealt to Dorex2007 [8c Qc]
Dorex2007: folds 
LosMagosCoyote: calls $0.02
marko2401: folds 
1Asthma1: folds 
maniacof: folds 
ice10man10: folds 
BanneyB: folds 
Nay_daaa13: calls $0.01
WARRENtheSAP: checks 
*** FLOP *** [7d 5s 9s]
Nay_daaa13: checks 
WARRENtheSAP: bets $0.03
LosMagosCoyote: calls $0.03
Nay_daaa13: calls $0.03
*** TURN *** [7d 5s 9s] [3c]
Nay_daaa13: checks 
WARRENtheSAP: checks 
LosMagosCoyote: bets $0.07
Nay_daaa13: calls $0.07
WARRENtheSAP: calls $0.07
*** RIVER *** [7d 5s 9s 3c] [4d]
Nay_daaa13: checks 
WARRENtheSAP: folds 
WARRENtheSAP leaves the table
LosMagosCoyote: bets $0.18
Nay_daaa13: folds 
Uncalled bet ($0.18) returned to LosMagosCoyote
LosMagosCoyote collected $0.35 from pot
*** SUMMARY ***
Total pot $0.36 | Rake $0.01 
Board [7d 5s 9s 3c 4d]
Seat 1: Nay_daaa13 (small blind) folded on the River
Seat 2: WARRENtheSAP (big blind) folded on the River
Seat 3: Dorex2007 folded before Flop (didn't bet)
Seat 4: LosMagosCoyote collected ($0.35)
Seat 5: marko2401 folded before Flop (didn't bet)
Seat 6: 1Asthma1 folded before Flop (didn't bet)
Seat 7: maniacof folded before Flop (didn't bet)
Seat 8: ice10man10 folded before Flop (didn't bet)
Seat 9: BanneyB (button) folded before Flop (didn't bet)



PokerStars Hand #224031144468:  Hold'em No Limit ($0.01/$0.02 USD) - 2021/02/20 10:12:10 PT [2021/02/20 13:12:10 ET]
Table 'Messalina V' 9-max Seat #1 is the button
Seat 1: Nay_daaa13 ($1.75 in chips) 
Seat 3: Dorex2007 ($1.88 in chips) 
Seat 4: LosMagosCoyote ($1.30 in chips) 
Seat 5: marko2401 ($1.57 in chips) 
Seat 6: 1Asthma1 ($2 in chips) 
Seat 7: maniacof ($2.62 in chips) 
Seat 8: ice10man10 ($2.88 in chips) 
Seat 9: BanneyB ($2.09 in chips) 
Dorex2007: posts small blind $0.01
LosMagosCoyote: posts big blind $0.02
*** HOLE CARDS ***
Dealt to Dorex2007 [8h 3c]
marko2401: folds 
1Asthma1: folds 
maniacof: folds 
ice10man10: raises $0.04 to $0.06
BanneyB: folds 
Nay_daaa13: calls $0.06
Dorex2007: folds 
LosMagosCoyote: calls $0.04
*** FLOP *** [Qc Jd 2h]
LosMagosCoyote: checks 
ilzerg joins the table at seat #2 
ice10man10: bets $0.10
Nay_daaa13: calls $0.10
LosMagosCoyote: folds 
*** TURN *** [Qc Jd 2h] [6s]
ice10man10: bets $0.20
Nay_daaa13: calls $0.20
*** RIVER *** [Qc Jd 2h 6s] [As]
ice10man10: checks 
Nay_daaa13: bets $0.02
ice10man10: raises $0.10 to $0.12
Nay_daaa13: calls $0.10
*** SHOW DOWN ***
ice10man10: shows [Ts Kc] (a straight, Ten to Ace)
Nay_daaa13: mucks hand 
ice10man10 collected $0.99 from pot
*** SUMMARY ***
Total pot $1.03 | Rake $0.04 
Board [Qc Jd 2h 6s As]
Seat 1: Nay_daaa13 (button) mucked [Qh Ah]
Seat 3: Dorex2007 (small blind) folded before Flop
Seat 4: LosMagosCoyote (big blind) folded on the Flop
Seat 5: marko2401 folded before Flop (didn't bet)
Seat 6: 1Asthma1 folded before Flop (didn't bet)
Seat 7: maniacof folded before Flop (didn't bet)
Seat 8: ice10man10 showed [Ts Kc] and won ($0.99) with a straight, Ten to Ace
Seat 9: BanneyB folded before Flop (didn't bet)



PokerStars Hand #224031194934:  Hold'em No Limit ($0.01/$0.02 USD) - 2021/02/20 10:13:22 PT [2021/02/20 13:13:22 ET]
Table 'Messalina V' 9-max Seat #3 is the button
Seat 1: Nay_daaa13 ($1.27 in chips) 
Seat 3: Dorex2007 ($1.87 in chips) 
Seat 4: LosMagosCoyote ($1.24 in chips) 
Seat 5: marko2401 ($1.57 in chips) 
Seat 6: 1Asthma1 ($2 in chips) 
Seat 7: maniacof ($2.62 in chips) 
Seat 8: ice10man10 ($3.39 in chips) 
Seat 9: BanneyB ($2.09 in chips) 
LosMagosCoyote: posts small blind $0.01
marko2401: posts big blind $0.02
ilzerg: sits out 
*** HOLE CARDS ***
Dealt to Dorex2007 [6h Ac]
1Asthma1: folds 
maniacof: folds 
ice10man10: folds 
BanneyB: folds 
Nay_daaa13: calls $0.02
Dorex2007: folds 
LosMagosCoyote: calls $0.01
marko2401: checks 
*** FLOP *** [5s 5h Kc]
LosMagosCoyote: bets $0.03
marko2401: calls $0.03
Nay_daaa13: folds 
*** TURN *** [5s 5h Kc] [Qd]
LosMagosCoyote: bets $0.06
marko2401: raises $0.12 to $0.18
LosMagosCoyote: folds 
Uncalled bet ($0.12) returned to marko2401
marko2401 collected $0.23 from pot
marko2401: doesn't show hand 
*** SUMMARY ***
Total pot $0.24 | Rake $0.01 
Board [5s 5h Kc Qd]
Seat 1: Nay_daaa13 folded on the Flop
Seat 3: Dorex2007 (button) folded before Flop (didn't bet)
Seat 4: LosMagosCoyote (small blind) folded on the Turn
Seat 5: marko2401 (big blind) collected ($0.23)
Seat 6: 1Asthma1 folded before Flop (didn't bet)
Seat 7: maniacof folded before Flop (didn't bet)
Seat 8: ice10man10 folded before Flop (didn't bet)
Seat 9: BanneyB folded before Flop (didn't bet)



PokerStars Hand #224031224526:  Hold'em No Limit ($0.01/$0.02 USD) - 2021/02/20 10:14:08 PT [2021/02/20 13:14:08 ET]
Table 'Messalina V' 9-max Seat #4 is the button
Seat 1: Nay_daaa13 ($1.25 in chips) 
Seat 2: ilzerg ($2 in chips) 
Seat 3: Dorex2007 ($1.87 in chips) 
Seat 4: LosMagosCoyote ($1.13 in chips) 
Seat 5: marko2401 ($1.69 in chips) 
Seat 6: 1Asthma1 ($2 in chips) 
Seat 7: maniacof ($2.62 in chips) 
Seat 8: ice10man10 ($3.39 in chips) 
Seat 9: BanneyB ($2.09 in chips) 
marko2401: posts small blind $0.01
1Asthma1: posts big blind $0.02
ilzerg: posts big blind $0.02
*** HOLE CARDS ***
Dealt to Dorex2007 [2d 9d]
maniacof has timed out
maniacof: folds 
ice10man10: folds 
BanneyB: calls $0.02
Nay_daaa13: calls $0.02
ilzerg: raises $0.08 to $0.10
Dorex2007: folds 
LosMagosCoyote: folds 
marko2401: folds 
1Asthma1: folds 
BanneyB: calls $0.08
Nay_daaa13: calls $0.08
*** FLOP *** [4s 5h 8s]
BanneyB: checks 
Nay_daaa13: checks 
ilzerg: checks 
*** TURN *** [4s 5h 8s] [Ac]
BanneyB: checks 
Nay_daaa13: checks 
ilzerg: bets $0.16
BanneyB: folds 
Nay_daaa13: calls $0.16
*** RIVER *** [4s 5h 8s Ac] [Ks]
Nay_daaa13: checks 
ilzerg: checks 
*** SHOW DOWN ***
Nay_daaa13: shows [3s 8h] (a pair of Eights)
ilzerg: shows [Ad Jh] (a pair of Aces)
ilzerg collected $0.63 from pot
*** SUMMARY ***
Total pot $0.65 | Rake $0.02 
Board [4s 5h 8s Ac Ks]
Seat 1: Nay_daaa13 showed [3s 8h] and lost with a pair of Eights
Seat 2: ilzerg showed [Ad Jh] and won ($0.63) with a pair of Aces
Seat 3: Dorex2007 folded before Flop (didn't bet)
Seat 4: LosMagosCoyote (button) folded before Flop (didn't bet)
Seat 5: marko2401 (small blind) folded before Flop
Seat 6: 1Asthma1 (big blind) folded before Flop
Seat 7: maniacof folded before Flop (didn't bet)
Seat 8: ice10man10 folded before Flop (didn't bet)
Seat 9: BanneyB folded on the Turn



PokerStars Hand #224031272899:  Hold'em No Limit ($0.01/$0.02 USD) - 2021/02/20 10:15:23 PT [2021/02/20 13:15:23 ET]
Table 'Messalina V' 9-max Seat #5 is the button
Seat 1: Nay_daaa13 ($0.99 in chips) 
Seat 2: ilzerg ($2.37 in chips) 
Seat 3: Dorex2007 ($1.87 in chips) 
Seat 4: LosMagosCoyote ($1.13 in chips) 
Seat 5: marko2401 ($1.68 in chips) 
Seat 6: 1Asthma1 ($2 in chips) 
Seat 7: maniacof ($2.62 in chips) 
Seat 8: ice10man10 ($3.39 in chips) 
Seat 9: BanneyB ($1.99 in chips) 
1Asthma1: posts small blind $0.01
maniacof: posts big blind $0.02
*** HOLE CARDS ***
Dealt to Dorex2007 [Qd 2s]
ice10man10: folds 
BanneyB: folds 
Nay_daaa13: calls $0.02
ilzerg: folds 
Dorex2007: folds 
LosMagosCoyote: folds 
marko2401: raises $0.03 to $0.05
1Asthma1: calls $0.04
maniacof: folds 
Nay_daaa13: calls $0.03
*** FLOP *** [8s 9d 4c]
1Asthma1: checks 
Nay_daaa13: checks 
marko2401: bets $0.11
1Asthma1: calls $0.11
Nay_daaa13: calls $0.11
*** TURN *** [8s 9d 4c] [6c]
1Asthma1: checks 
Nay_daaa13: checks 
marko2401: bets $0.32
1Asthma1: folds 
Nay_daaa13: calls $0.32
*** RIVER *** [8s 9d 4c 6c] [Js]
Nay_daaa13: checks 
marko2401: checks 
*** SHOW DOWN ***
Nay_daaa13: shows [Jd Qh] (a pair of Jacks)
marko2401: mucks hand 
Nay_daaa13 collected $1.10 from pot
*** SUMMARY ***
Total pot $1.14 | Rake $0.04 
Board [8s 9d 4c 6c Js]
Seat 1: Nay_daaa13 showed [Jd Qh] and won ($1.10) with a pair of Jacks
Seat 2: ilzerg folded before Flop (didn't bet)
Seat 3: Dorex2007 folded before Flop (didn't bet)
Seat 4: LosMagosCoyote folded before Flop (didn't bet)
Seat 5: marko2401 (button) mucked [9h Ac]
Seat 6: 1Asthma1 (small blind) folded on the Turn
Seat 7: maniacof (big blind) folded before Flop
Seat 8: ice10man10 folded before Flop (didn't bet)
Seat 9: BanneyB folded before Flop (didn't bet)



PokerStars Hand #224031320346:  Hold'em No Limit ($0.01/$0.02 USD) - 2021/02/20 10:16:32 PT [2021/02/20 13:16:32 ET]
Table 'Messalina V' 9-max Seat #6 is the button
Seat 1: Nay_daaa13 ($1.61 in chips) 
Seat 2: ilzerg ($2.37 in chips) 
Seat 3: Dorex2007 ($1.87 in chips) 
Seat 4: LosMagosCoyote ($1.13 in chips) 
Seat 5: marko2401 ($1.20 in chips) 
Seat 6: 1Asthma1 ($2 in chips) 
Seat 7: maniacof ($2.60 in chips) 
Seat 8: ice10man10 ($3.39 in chips) 
Seat 9: BanneyB ($1.99 in chips) 
maniacof: posts small blind $0.01
ice10man10: posts big blind $0.02
*** HOLE CARDS ***
Dealt to Dorex2007 [2c As]
BanneyB: folds 
Nay_daaa13: calls $0.02
ilzerg: folds 
Dorex2007: folds 
LosMagosCoyote: calls $0.02
marko2401: folds 
1Asthma1: calls $0.02
maniacof: folds 
ice10man10: checks 
*** FLOP *** [5h 6d Ah]
ice10man10: bets $0.09
Nay_daaa13: folds 
LosMagosCoyote: calls $0.09
1Asthma1: folds 
*** TURN *** [5h 6d Ah] [8d]
ice10man10: bets $0.13
LosMagosCoyote: folds 
Uncalled bet ($0.13) returned to ice10man10
ice10man10 collected $0.26 from pot
ice10man10: doesn't show hand 
*** SUMMARY ***
Total pot $0.27 | Rake $0.01 
Board [5h 6d Ah 8d]
Seat 1: Nay_daaa13 folded on the Flop
Seat 2: ilzerg folded before Flop (didn't bet)
Seat 3: Dorex2007 folded before Flop (didn't bet)
Seat 4: LosMagosCoyote folded on the Turn
Seat 5: marko2401 folded before Flop (didn't bet)
Seat 6: 1Asthma1 (button) folded on the Flop
Seat 7: maniacof (small blind) folded before Flop
Seat 8: ice10man10 (big blind) collected ($0.26)
Seat 9: BanneyB folded before Flop (didn't bet)



PokerStars Hand #224031355928:  Hold'em No Limit ($0.01/$0.02 USD) - 2021/02/20 10:17:24 PT [2021/02/20 13:17:24 ET]
Table 'Messalina V' 9-max Seat #7 is the button
Seat 1: Nay_daaa13 ($1.59 in chips) 
Seat 2: ilzerg ($2.37 in chips) 
Seat 3: Dorex2007 ($1.87 in chips) 
Seat 4: LosMagosCoyote ($1.02 in chips) 
Seat 5: marko2401 ($1.20 in chips) 
Seat 6: 1Asthma1 ($2 in chips) 
Seat 7: maniacof ($2.59 in chips) 
Seat 8: ice10man10 ($3.54 in chips) 
Seat 9: BanneyB ($1.99 in chips) 
ice10man10: posts small blind $0.01
BanneyB: posts big blind $0.02
*** HOLE CARDS ***
Dealt to Dorex2007 [Ah 4s]
Nay_daaa13: raises $0.02 to $0.04
ilzerg: folds 
Dorex2007: folds 
LosMagosCoyote: calls $0.04
marko2401: calls $0.04
1Asthma1: calls $0.04
maniacof: calls $0.04
ice10man10: folds 
BanneyB: folds 
*** FLOP *** [8s 3d Ts]
Nay_daaa13: checks 
LosMagosCoyote: checks 
marko2401: checks 
1Asthma1: checks 
maniacof: bets $0.02
Nay_daaa13: calls $0.02
LosMagosCoyote: calls $0.02
marko2401: calls $0.02
1Asthma1: calls $0.02
*** TURN *** [8s 3d Ts] [7c]
Nay_daaa13: checks 
LosMagosCoyote: checks 
marko2401: checks 
1Asthma1: bets $0.27
maniacof: folds 
Nay_daaa13: folds 
LosMagosCoyote: calls $0.27
marko2401: folds 
*** RIVER *** [8s 3d Ts 7c] [Ac]
LosMagosCoyote: bets $0.42
1Asthma1: raises $1.25 to $1.67 and is all-in
LosMagosCoyote: calls $0.27 and is all-in
Uncalled bet ($0.98) returned to 1Asthma1
*** SHOW DOWN ***
1Asthma1: shows [9h 6h] (a straight, Six to Ten)
LosMagosCoyote: shows [9d Jd] (a straight, Seven to Jack)
LosMagosCoyote collected $2.17 from pot
*** SUMMARY ***
Total pot $2.25 | Rake $0.08 
Board [8s 3d Ts 7c Ac]
Seat 1: Nay_daaa13 folded on the Turn
Seat 2: ilzerg folded before Flop (didn't bet)
Seat 3: Dorex2007 folded before Flop (didn't bet)
Seat 4: LosMagosCoyote showed [9d Jd] and won ($2.17) with a straight, Seven to Jack
Seat 5: marko2401 folded on the Turn
Seat 6: 1Asthma1 showed [9h 6h] and lost with a straight, Six to Ten
Seat 7: maniacof (button) folded on the Turn
Seat 8: ice10man10 (small blind) folded before Flop
Seat 9: BanneyB (big blind) folded before Flop



PokerStars Hand #224031423811:  Hold'em No Limit ($0.01/$0.02 USD) - 2021/02/20 10:19:02 PT [2021/02/20 13:19:02 ET]
Table 'Messalina V' 9-max Seat #8 is the button
Seat 1: Nay_daaa13 ($1.53 in chips) 
Seat 2: ilzerg ($2.37 in chips) 
Seat 3: Dorex2007 ($1.87 in chips) 
Seat 4: LosMagosCoyote ($2.17 in chips) 
Seat 5: marko2401 ($1.14 in chips) 
Seat 6: 1Asthma1 ($2 in chips) 
Seat 7: maniacof ($2.53 in chips) 
Seat 8: ice10man10 ($3.53 in chips) 
Seat 9: BanneyB ($1.97 in chips) 
BanneyB: posts small blind $0.01
Nay_daaa13: posts big blind $0.02
*** HOLE CARDS ***
Dealt to Dorex2007 [4s 3h]
ilzerg: folds 
Dorex2007: folds 
LosMagosCoyote: folds 
marko2401: folds 
1Asthma1: raises $0.04 to $0.06
maniacof: calls $0.06
ice10man10: folds 
BanneyB: folds 
Nay_daaa13: calls $0.04
*** FLOP *** [5h 4d 9d]
Nay_daaa13: checks 
1Asthma1: checks 
maniacof: checks 
*** TURN *** [5h 4d 9d] [Ks]
Nay_daaa13: checks 
1Asthma1: checks 
maniacof: checks 
*** RIVER *** [5h 4d 9d Ks] [Th]
Nay_daaa13: checks 
1Asthma1: checks 
maniacof: checks 
*** SHOW DOWN ***
Nay_daaa13: shows [Js Kd] (a pair of Kings)
1Asthma1: mucks hand 
maniacof: mucks hand 
Nay_daaa13 collected $0.18 from pot
*** SUMMARY ***
Total pot $0.19 | Rake $0.01 
Board [5h 4d 9d Ks Th]
Seat 1: Nay_daaa13 (big blind) showed [Js Kd] and won ($0.18) with a pair of Kings
Seat 2: ilzerg folded before Flop (didn't bet)
Seat 3: Dorex2007 folded before Flop (didn't bet)
Seat 4: LosMagosCoyote folded before Flop (didn't bet)
Seat 5: marko2401 folded before Flop (didn't bet)
Seat 6: 1Asthma1 mucked [Qs Ac]
Seat 7: maniacof mucked [2c Ad]
Seat 8: ice10man10 (button) folded before Flop (didn't bet)
Seat 9: BanneyB (small blind) folded before Flop



PokerStars Hand #224031460430:  Hold'em No Limit ($0.01/$0.02 USD) - 2021/02/20 10:19:54 PT [2021/02/20 13:19:54 ET]
Table 'Messalina V' 9-max Seat #9 is the button
Seat 1: Nay_daaa13 ($1.65 in chips) 
Seat 2: ilzerg ($2.37 in chips) 
Seat 3: Dorex2007 ($1.87 in chips) 
Seat 4: LosMagosCoyote ($2.17 in chips) 
Seat 5: marko2401 ($1.14 in chips) 
Seat 6: 1Asthma1 ($2 in chips) 
Seat 7: maniacof ($2.47 in chips) 
Seat 8: ice10man10 ($3.53 in chips) 
Seat 9: BanneyB ($1.96 in chips) 
Nay_daaa13: posts small blind $0.01
ilzerg: posts big blind $0.02
*** HOLE CARDS ***
Dealt to Dorex2007 [9h Jd]
Dorex2007: folds 
LosMagosCoyote: folds 
marko2401: raises $0.02 to $0.04
1Asthma1: folds 
maniacof: folds 
ice10man10: folds 
BanneyB: folds 
Nay_daaa13: calls $0.03
ilzerg: folds 
*** FLOP *** [7s As Ad]
Nay_daaa13: bets $0.02
marko2401: calls $0.02
*** TURN *** [7s As Ad] [4h]
Nay_daaa13: bets $0.07
marko2401: folds 
Uncalled bet ($0.07) returned to Nay_daaa13
Nay_daaa13 collected $0.14 from pot
Nay_daaa13: doesn't show hand 
*** SUMMARY ***
Total pot $0.14 | Rake $0 
Board [7s As Ad 4h]
Seat 1: Nay_daaa13 (small blind) collected ($0.14)
Seat 2: ilzerg (big blind) folded before Flop
Seat 3: Dorex2007 folded before Flop (didn't bet)
Seat 4: LosMagosCoyote folded before Flop (didn't bet)
Seat 5: marko2401 folded on the Turn
Seat 6: 1Asthma1 folded before Flop (didn't bet)
Seat 7: maniacof folded before Flop (didn't bet)
Seat 8: ice10man10 folded before Flop (didn't bet)
Seat 9: BanneyB (button) folded before Flop (didn't bet)



PokerStars Hand #224031490804:  Hold'em No Limit ($0.01/$0.02 USD) - 2021/02/20 10:20:38 PT [2021/02/20 13:20:38 ET]
Table 'Messalina V' 9-max Seat #1 is the button
Seat 1: Nay_daaa13 ($1.73 in chips) 
Seat 2: ilzerg ($2.35 in chips) 
Seat 3: Dorex2007 ($1.87 in chips) 
Seat 4: LosMagosCoyote ($2.17 in chips) 
Seat 5: marko2401 ($1.08 in chips) 
Seat 6: 1Asthma1 ($2 in chips) 
Seat 7: maniacof ($2.47 in chips) 
Seat 8: ice10man10 ($3.53 in chips) 
Seat 9: BanneyB ($1.96 in chips) 
ilzerg: posts small blind $0.01
Dorex2007: posts big blind $0.02
*** HOLE CARDS ***
Dealt to Dorex2007 [5c 9s]
LosMagosCoyote: raises $0.02 to $0.04
marko2401: folds 
1Asthma1: folds 
maniacof: calls $0.04
ice10man10: folds 
BanneyB: folds 
Nay_daaa13: calls $0.04
ilzerg: folds 
Dorex2007: folds 
*** FLOP *** [9h 8d 5s]
LosMagosCoyote: checks 
maniacof: bets $0.02
Nay_daaa13: calls $0.02
LosMagosCoyote: calls $0.02
*** TURN *** [9h 8d 5s] [Qs]
LosMagosCoyote: checks 
maniacof: bets $0.02
Nay_daaa13: calls $0.02
LosMagosCoyote: calls $0.02
*** RIVER *** [9h 8d 5s Qs] [Jh]
LosMagosCoyote: checks 
maniacof: checks 
Nay_daaa13: checks 
*** SHOW DOWN ***
LosMagosCoyote: shows [Ks Qd] (a pair of Queens)
maniacof: mucks hand 
Nay_daaa13: mucks hand 
LosMagosCoyote collected $0.26 from pot
*** SUMMARY ***
Total pot $0.27 | Rake $0.01 
Board [9h 8d 5s Qs Jh]
Seat 1: Nay_daaa13 (button) mucked [6s Kc]
Seat 2: ilzerg (small blind) folded before Flop
Seat 3: Dorex2007 (big blind) folded before Flop
Seat 4: LosMagosCoyote showed [Ks Qd] and won ($0.26) with a pair of Queens
Seat 5: marko2401 folded before Flop (didn't bet)
Seat 6: 1Asthma1 folded before Flop (didn't bet)
Seat 7: maniacof mucked [Ac 8h]
Seat 8: ice10man10 folded before Flop (didn't bet)
Seat 9: BanneyB folded before Flop (didn't bet)



PokerStars Hand #224031544137:  Hold'em No Limit ($0.01/$0.02 USD) - 2021/02/20 10:21:53 PT [2021/02/20 13:21:53 ET]
Table 'Messalina V' 9-max Seat #2 is the button
Seat 1: Nay_daaa13 ($1.65 in chips) 
Seat 2: ilzerg ($2.34 in chips) 
Seat 3: Dorex2007 ($1.85 in chips) 
Seat 4: LosMagosCoyote ($2.35 in chips) 
Seat 5: marko2401 ($1.08 in chips) 
Seat 6: 1Asthma1 ($2 in chips) 
Seat 7: maniacof ($2.39 in chips) 
Seat 8: ice10man10 ($3.53 in chips) 
Seat 9: BanneyB ($1.96 in chips) 
Dorex2007: posts small blind $0.01
LosMagosCoyote: posts big blind $0.02
*** HOLE CARDS ***
Dealt to Dorex2007 [Ad Qc]
marko2401: folds 
1Asthma1: folds 
maniacof has timed out
maniacof: folds 
ice10man10: folds 
BanneyB: folds 
Nay_daaa13: calls $0.02
ilzerg: folds 
Dorex2007: raises $0.04 to $0.06
LosMagosCoyote: calls $0.04
Nay_daaa13: calls $0.04
*** FLOP *** [3h Tc Td]
Dorex2007: bets $0.17
LosMagosCoyote: calls $0.17
Nay_daaa13: folds 
*** TURN *** [3h Tc Td] [Kh]
Dorex2007: bets $0.25
LosMagosCoyote: calls $0.25
*** RIVER *** [3h Tc Td Kh] [Kc]
Dorex2007: bets $0.98
LosMagosCoyote: calls $0.98
*** SHOW DOWN ***
Dorex2007: shows [Ad Qc] (two pair, Kings and Tens)
LosMagosCoyote: shows [Th Ac] (a full house, Tens full of Kings)
LosMagosCoyote collected $2.88 from pot
*** SUMMARY ***
Total pot $2.98 | Rake $0.10 
Board [3h Tc Td Kh Kc]
Seat 1: Nay_daaa13 folded on the Flop
Seat 2: ilzerg (button) folded before Flop (didn't bet)
Seat 3: Dorex2007 (small blind) showed [Ad Qc] and lost with two pair, Kings and Tens
Seat 4: LosMagosCoyote (big blind) showed [Th Ac] and won ($2.88) with a full house, Tens full of Kings
Seat 5: marko2401 folded before Flop (didn't bet)
Seat 6: 1Asthma1 folded before Flop (didn't bet)
Seat 7: maniacof folded before Flop (didn't bet)
Seat 8: ice10man10 folded before Flop (didn't bet)
Seat 9: BanneyB folded before Flop (didn't bet)



PokerStars Hand #224031582192:  Hold'em No Limit ($0.01/$0.02 USD) - 2021/02/20 10:22:48 PT [2021/02/20 13:22:48 ET]
Table 'Messalina V' 9-max Seat #3 is the button
Seat 1: Nay_daaa13 ($1.59 in chips) 
Seat 2: ilzerg ($2.34 in chips) 
Seat 3: Dorex2007 ($0.39 in chips) 
Seat 4: LosMagosCoyote ($3.77 in chips) 
Seat 5: marko2401 ($1.08 in chips) 
Seat 6: 1Asthma1 ($2 in chips) 
Seat 7: maniacof ($2.39 in chips) 
Seat 8: ice10man10 ($3.53 in chips) 
Seat 9: BanneyB ($1.96 in chips) 
LosMagosCoyote: posts small blind $0.01
marko2401: posts big blind $0.02
*** HOLE CARDS ***
Dealt to Dorex2007 [8d 8s]
1Asthma1: folds 
maniacof: raises $0.04 to $0.06
ice10man10: folds 
BanneyB: calls $0.06
Nay_daaa13: folds 
ilzerg: folds 
Dorex2007: calls $0.06
LosMagosCoyote: calls $0.05
marko2401: folds 
*** FLOP *** [Th 4h 3c]
LosMagosCoyote: checks 
maniacof: bets $0.13
BanneyB: folds 
Dorex2007: folds 
LosMagosCoyote: folds 
Uncalled bet ($0.13) returned to maniacof
maniacof collected $0.25 from pot
maniacof: doesn't show hand 
*** SUMMARY ***
Total pot $0.26 | Rake $0.01 
Board [Th 4h 3c]
Seat 1: Nay_daaa13 folded before Flop (didn't bet)
Seat 2: ilzerg folded before Flop (didn't bet)
Seat 3: Dorex2007 (button) folded on the Flop
Seat 4: LosMagosCoyote (small blind) folded on the Flop
Seat 5: marko2401 (big blind) folded before Flop
Seat 6: 1Asthma1 folded before Flop (didn't bet)
Seat 7: maniacof collected ($0.25)
Seat 8: ice10man10 folded before Flop (didn't bet)
Seat 9: BanneyB folded on the Flop



PokerStars Hand #224031608727:  Hold'em No Limit ($0.01/$0.02 USD) - 2021/02/20 10:23:26 PT [2021/02/20 13:23:26 ET]
Table 'Messalina V' 9-max Seat #4 is the button
Seat 1: Nay_daaa13 ($1.59 in chips) 
Seat 2: ilzerg ($2.34 in chips) 
Seat 3: Dorex2007 ($1.56 in chips) 
Seat 4: LosMagosCoyote ($3.71 in chips) 
Seat 5: marko2401 ($1.06 in chips) 
Seat 6: 1Asthma1 ($2 in chips) 
Seat 7: maniacof ($2.58 in chips) 
Seat 8: ice10man10 ($3.53 in chips) 
Seat 9: BanneyB ($1.90 in chips) 
marko2401: posts small blind $0.01
1Asthma1: posts big blind $0.02
*** HOLE CARDS ***
Dealt to Dorex2007 [Kc 2d]
maniacof: raises $0.04 to $0.06
ice10man10: folds 
BanneyB: calls $0.06
Nay_daaa13: folds 
ilzerg: folds 
Dorex2007: folds 
LosMagosCoyote: folds 
marko2401: folds 
1Asthma1: raises $0.20 to $0.26
LosMagosCoyote leaves the table
maniacof: folds 
SNiPERs300 joins the table at seat #4 
BanneyB: calls $0.20
*** FLOP *** [2s 5h Qd]
1Asthma1: bets $0.37
BanneyB: folds 
Uncalled bet ($0.37) returned to 1Asthma1
1Asthma1 collected $0.57 from pot
1Asthma1: doesn't show hand 
*** SUMMARY ***
Total pot $0.59 | Rake $0.02 
Board [2s 5h Qd]
Seat 1: Nay_daaa13 folded before Flop (didn't bet)
Seat 2: ilzerg folded before Flop (didn't bet)
Seat 3: Dorex2007 folded before Flop (didn't bet)
Seat 4: LosMagosCoyote (button) folded before Flop (didn't bet)
Seat 5: marko2401 (small blind) folded before Flop
Seat 6: 1Asthma1 (big blind) collected ($0.57)
Seat 7: maniacof folded before Flop
Seat 8: ice10man10 folded before Flop (didn't bet)
Seat 9: BanneyB folded on the Flop



PokerStars Hand #224031645506:  Hold'em No Limit ($0.01/$0.02 USD) - 2021/02/20 10:24:18 PT [2021/02/20 13:24:18 ET]
Table 'Messalina V' 9-max Seat #5 is the button
Seat 1: Nay_daaa13 ($1.59 in chips) 
Seat 2: ilzerg ($2.34 in chips) 
Seat 3: Dorex2007 ($1.56 in chips) 
Seat 5: marko2401 ($1.05 in chips) 
Seat 6: 1Asthma1 ($2.31 in chips) 
Seat 7: maniacof ($2.52 in chips) 
Seat 8: ice10man10 ($3.53 in chips) 
Seat 9: BanneyB ($1.64 in chips) 
1Asthma1: posts small blind $0.01
maniacof: posts big blind $0.02
SNiPERs300: sits out 
*** HOLE CARDS ***
Dealt to Dorex2007 [9s Ad]
ice10man10: folds 
BanneyB: folds 
Nay_daaa13: calls $0.02
ilzerg: folds 
Dorex2007: folds 
marko2401: folds 
1Asthma1: raises $0.08 to $0.10
maniacof: calls $0.08
Nay_daaa13: calls $0.08
*** FLOP *** [Ac 3h 3d]
1Asthma1: bets $0.15
maniacof: raises $0.15 to $0.30
Nay_daaa13: folds 
1Asthma1: calls $0.15
*** TURN *** [Ac 3h 3d] [5c]
1Asthma1: checks 
maniacof: checks 
*** RIVER *** [Ac 3h 3d 5c] [9h]
1Asthma1: checks 
maniacof: checks 
*** SHOW DOWN ***
1Asthma1: shows [Js As] (two pair, Aces and Threes)
maniacof: mucks hand 
1Asthma1 collected $0.87 from pot
*** SUMMARY ***
Total pot $0.90 | Rake $0.03 
Board [Ac 3h 3d 5c 9h]
Seat 1: Nay_daaa13 folded on the Flop
Seat 2: ilzerg folded before Flop (didn't bet)
Seat 3: Dorex2007 folded before Flop (didn't bet)
Seat 5: marko2401 (button) folded before Flop (didn't bet)
Seat 6: 1Asthma1 (small blind) showed [Js As] and won ($0.87) with two pair, Aces and Threes
Seat 7: maniacof (big blind) mucked [Ah 4h]
Seat 8: ice10man10 folded before Flop (didn't bet)
Seat 9: BanneyB folded before Flop (didn't bet)



PokerStars Hand #224031690945:  Hold'em No Limit ($0.01/$0.02 USD) - 2021/02/20 10:25:22 PT [2021/02/20 13:25:22 ET]
Table 'Messalina V' 9-max Seat #6 is the button
Seat 1: Nay_daaa13 ($1.49 in chips) 
Seat 2: ilzerg ($2.34 in chips) 
Seat 3: Dorex2007 ($1.56 in chips) 
Seat 4: SNiPERs300 ($2 in chips) 
Seat 5: marko2401 ($1.05 in chips) 
Seat 6: 1Asthma1 ($2.78 in chips) 
Seat 7: maniacof ($2.12 in chips) 
Seat 8: ice10man10 ($3.53 in chips) 
Seat 9: BanneyB ($2 in chips) 
maniacof: posts small blind $0.01
ice10man10: posts big blind $0.02
SNiPERs300: posts big blind $0.02
*** HOLE CARDS ***
Dealt to Dorex2007 [2h Kc]
BanneyB: calls $0.02
Nay_daaa13: calls $0.02
ilzerg: folds 
Dorex2007: folds 
SNiPERs300: checks 
marko2401: raises $1.03 to $1.05 and is all-in
1Asthma1: folds 
maniacof: folds 
ice10man10: folds 
BanneyB: folds 
Nay_daaa13: calls $1.03
SNiPERs300: folds 
*** FLOP *** [7d 9d 2c]
*** TURN *** [7d 9d 2c] [9s]
*** RIVER *** [7d 9d 2c 9s] [Jd]
*** SHOW DOWN ***
Nay_daaa13: shows [4c Ac] (a pair of Nines)
marko2401: shows [Tc Ts] (two pair, Tens and Nines)
marko2401 cashed out the hand for $1.39 | Cash Out Fee $0.01
*** SUMMARY ***
Total pot $2.17 | Rake $0.08 
Board [7d 9d 2c 9s Jd]
Seat 1: Nay_daaa13 showed [4c Ac] and lost with a pair of Nines
Seat 2: ilzerg folded before Flop (didn't bet)
Seat 3: Dorex2007 folded before Flop (didn't bet)
Seat 4: SNiPERs300 folded before Flop (didn't bet)
Seat 5: marko2401 showed [Tc Ts] and won ($2.09) with two pair, Tens and Nines (pot not awarded as player cashed out)
Seat 6: 1Asthma1 (button) folded before Flop (didn't bet)
Seat 7: maniacof (small blind) folded before Flop
Seat 8: ice10man10 (big blind) folded before Flop
Seat 9: BanneyB folded before Flop



PokerStars Hand #224031750716:  Hold'em No Limit ($0.01/$0.02 USD) - 2021/02/20 10:26:35 PT [2021/02/20 13:26:35 ET]
Table 'Messalina V' 9-max Seat #7 is the button
Seat 1: Nay_daaa13 ($0.44 in chips) 
Seat 2: ilzerg ($2.34 in chips) 
Seat 3: Dorex2007 ($1.56 in chips) 
Seat 4: SNiPERs300 ($1.98 in chips) 
Seat 5: marko2401 ($1.39 in chips) 
Seat 6: 1Asthma1 ($2.78 in chips) 
Seat 7: maniacof ($2.11 in chips) 
Seat 8: ice10man10 ($3.51 in chips) 
Seat 9: BanneyB ($1.98 in chips) 
ice10man10: posts small blind $0.01
BanneyB: posts big blind $0.02
*** HOLE CARDS ***
Dealt to Dorex2007 [Ac 6d]
Nay_daaa13: calls $0.02
ilzerg: folds 
Dorex2007: folds 
SNiPERs300: calls $0.02
marko2401: folds 
1Asthma1: folds 
maniacof: calls $0.02
ice10man10: raises $0.04 to $0.06
BanneyB: calls $0.04
Nay_daaa13: calls $0.04
SNiPERs300: calls $0.04
maniacof: calls $0.04
*** FLOP *** [6s Qc 8d]
ice10man10: checks 
BanneyB: bets $0.15
Nay_daaa13: folds 
SNiPERs300: folds 
maniacof: folds 
ice10man10: folds 
Uncalled bet ($0.15) returned to BanneyB
BanneyB collected $0.29 from pot
BanneyB: doesn't show hand 
*** SUMMARY ***
Total pot $0.30 | Rake $0.01 
Board [6s Qc 8d]
Seat 1: Nay_daaa13 folded on the Flop
Seat 2: ilzerg folded before Flop (didn't bet)
Seat 3: Dorex2007 folded before Flop (didn't bet)
Seat 4: SNiPERs300 folded on the Flop
Seat 5: marko2401 folded before Flop (didn't bet)
Seat 6: 1Asthma1 folded before Flop (didn't bet)
Seat 7: maniacof (button) folded on the Flop
Seat 8: ice10man10 (small blind) folded on the Flop
Seat 9: BanneyB (big blind) collected ($0.29)



PokerStars Hand #224031796520:  Hold'em No Limit ($0.01/$0.02 USD) - 2021/02/20 10:27:39 PT [2021/02/20 13:27:39 ET]
Table 'Messalina V' 9-max Seat #8 is the button
Seat 1: Nay_daaa13 ($0.38 in chips) 
Seat 2: ilzerg ($2.34 in chips) 
Seat 3: Dorex2007 ($1.56 in chips) 
Seat 4: SNiPERs300 ($1.92 in chips) 
Seat 5: marko2401 ($1.39 in chips) 
Seat 6: 1Asthma1 ($2.78 in chips) 
Seat 7: maniacof ($2.05 in chips) 
Seat 8: ice10man10 ($3.45 in chips) 
Seat 9: BanneyB ($2.21 in chips) 
BanneyB: posts small blind $0.01
Nay_daaa13: posts big blind $0.02
*** HOLE CARDS ***
Dealt to Dorex2007 [9s 3c]
ilzerg: folds 
Dorex2007: folds 
SNiPERs300: folds 
marko2401: folds 
1Asthma1: folds 
maniacof has timed out
maniacof: folds 
ice10man10: calls $0.02
BanneyB: calls $0.01
Nay_daaa13: checks 
*** FLOP *** [As Ac 7d]
BanneyB: checks 
Nay_daaa13: checks 
ice10man10: checks 
*** TURN *** [As Ac 7d] [3d]
BanneyB: checks 
Nay_daaa13: checks 
ice10man10: checks 
*** RIVER *** [As Ac 7d 3d] [9c]
BanneyB: checks 
Nay_daaa13: checks 
ice10man10: checks 
*** SHOW DOWN ***
BanneyB: shows [6s Kh] (a pair of Aces)
Nay_daaa13: mucks hand 
ice10man10: shows [8h Ks] (a pair of Aces - King+Nine+Eight kicker)
ice10man10 collected $0.06 from pot
*** SUMMARY ***
Total pot $0.06 | Rake $0 
Board [As Ac 7d 3d 9c]
Seat 1: Nay_daaa13 (big blind) mucked [Jc Qc]
Seat 2: ilzerg folded before Flop (didn't bet)
Seat 3: Dorex2007 folded before Flop (didn't bet)
Seat 4: SNiPERs300 folded before Flop (didn't bet)
Seat 5: marko2401 folded before Flop (didn't bet)
Seat 6: 1Asthma1 folded before Flop (didn't bet)
Seat 7: maniacof folded before Flop (didn't bet)
Seat 8: ice10man10 (button) showed [8h Ks] and won ($0.06) with a pair of Aces
Seat 9: BanneyB (small blind) showed [6s Kh] and lost with a pair of Aces



PokerStars Hand #224031833060:  Hold'em No Limit ($0.01/$0.02 USD) - 2021/02/20 10:28:30 PT [2021/02/20 13:28:30 ET]
Table 'Messalina V' 9-max Seat #9 is the button
Seat 1: Nay_daaa13 ($0.36 in chips) 
Seat 2: ilzerg ($2.34 in chips) 
Seat 3: Dorex2007 ($1.56 in chips) 
Seat 4: SNiPERs300 ($1.92 in chips) 
Seat 5: marko2401 ($1.39 in chips) 
Seat 6: 1Asthma1 ($2.78 in chips) 
Seat 7: maniacof ($2.05 in chips) 
Seat 8: ice10man10 ($3.49 in chips) 
Seat 9: BanneyB ($2.19 in chips) 
Nay_daaa13: posts small blind $0.01
ilzerg: posts big blind $0.02
*** HOLE CARDS ***
Dealt to Dorex2007 [3s Th]
Dorex2007: folds 
SNiPERs300: folds 
marko2401 has timed out
marko2401: folds 
1Asthma1: folds 
maniacof: folds 
ice10man10: folds 
BanneyB: raises $0.04 to $0.06
Nay_daaa13: calls $0.05
ilzerg: folds 
*** FLOP *** [7h 5c 8h]
Nay_daaa13: bets $0.02
BanneyB: calls $0.02
*** TURN *** [7h 5c 8h] [4s]
Nay_daaa13: bets $0.09
BanneyB: folds 
Uncalled bet ($0.09) returned to Nay_daaa13
Nay_daaa13 collected $0.17 from pot
Nay_daaa13: doesn't show hand 
*** SUMMARY ***
Total pot $0.18 | Rake $0.01 
Board [7h 5c 8h 4s]
Seat 1: Nay_daaa13 (small blind) collected ($0.17)
Seat 2: ilzerg (big blind) folded before Flop
Seat 3: Dorex2007 folded before Flop (didn't bet)
Seat 4: SNiPERs300 folded before Flop (didn't bet)
Seat 5: marko2401 folded before Flop (didn't bet)
Seat 6: 1Asthma1 folded before Flop (didn't bet)
Seat 7: maniacof folded before Flop (didn't bet)
Seat 8: ice10man10 folded before Flop (didn't bet)
Seat 9: BanneyB (button) folded on the Turn



PokerStars Hand #224031893957:  Hold'em No Limit ($0.01/$0.02 USD) - 2021/02/20 10:29:48 PT [2021/02/20 13:29:48 ET]
Table 'Messalina V' 9-max Seat #1 is the button
Seat 1: Nay_daaa13 ($0.45 in chips) 
Seat 2: ilzerg ($2.32 in chips) 
Seat 3: Dorex2007 ($1.56 in chips) 
Seat 4: SNiPERs300 ($1.92 in chips) 
Seat 6: 1Asthma1 ($2.78 in chips) 
Seat 7: maniacof ($2.05 in chips) 
Seat 8: ice10man10 ($3.49 in chips) 
Seat 9: BanneyB ($2.11 in chips) 
ilzerg: posts small blind $0.01
Dorex2007: posts big blind $0.02
*** HOLE CARDS ***
Dealt to Dorex2007 [Qh 4h]
SNiPERs300: calls $0.02
1Asthma1: folds 
maniacof has timed out
maniacof: folds 
ice10man10: folds 
BanneyB: folds 
Nay_daaa13: calls $0.02
ilzerg: folds 
Dorex2007: checks 
*** FLOP *** [Ks Ac 7c]
Dorex2007: checks 
SNiPERs300: checks 
Nay_daaa13: checks 
*** TURN *** [Ks Ac 7c] [6d]
Dorex2007: checks 
SNiPERs300: checks 
Nay_daaa13: checks 
*** RIVER *** [Ks Ac 7c 6d] [Qs]
Dorex2007: checks 
SNiPERs300: checks 
Nay_daaa13: checks 
*** SHOW DOWN ***
Dorex2007: shows [Qh 4h] (a pair of Queens)
SNiPERs300: mucks hand 
Nay_daaa13: mucks hand 
Dorex2007 collected $0.07 from pot
*** SUMMARY ***
Total pot $0.07 | Rake $0 
Board [Ks Ac 7c 6d Qs]
Seat 1: Nay_daaa13 (button) mucked [9h Jh]
Seat 2: ilzerg (small blind) folded before Flop
Seat 3: Dorex2007 (big blind) showed [Qh 4h] and won ($0.07) with a pair of Queens
Seat 4: SNiPERs300 mucked [Jc 9d]
Seat 6: 1Asthma1 folded before Flop (didn't bet)
Seat 7: maniacof folded before Flop (didn't bet)
Seat 8: ice10man10 folded before Flop (didn't bet)
Seat 9: BanneyB folded before Flop (didn't bet)



PokerStars Hand #224031964156:  Hold'em No Limit ($0.01/$0.02 USD) - 2021/02/20 10:31:24 PT [2021/02/20 13:31:24 ET]
Table 'Messalina V' 9-max Seat #2 is the button
Seat 1: Nay_daaa13 ($0.43 in chips) 
Seat 2: ilzerg ($2.31 in chips) 
Seat 3: Dorex2007 ($1.61 in chips) 
Seat 4: SNiPERs300 ($1.90 in chips) 
Seat 6: 1Asthma1 ($2.78 in chips) 
Seat 8: ice10man10 ($3.49 in chips) 
Seat 9: BanneyB ($2.11 in chips) 
Dorex2007: posts small blind $0.01
SNiPERs300: posts big blind $0.02
*** HOLE CARDS ***
Dealt to Dorex2007 [2s 9d]
1Asthma1: folds 
ice10man10: folds 
BanneyB: folds 
Nay_daaa13: calls $0.02
ilzerg: folds 
Dorex2007: folds 
SNiPERs300: checks 
*** FLOP *** [8c Jc 3h]
SNiPERs300: checks 
Nay_daaa13: checks 
*** TURN *** [8c Jc 3h] [Jd]
SNiPERs300: checks 
Nay_daaa13: checks 
*** RIVER *** [8c Jc 3h Jd] [5s]
SNiPERs300: bets $0.02
Nay_daaa13: folds 
Uncalled bet ($0.02) returned to SNiPERs300
SNiPERs300 collected $0.05 from pot
*** SUMMARY ***
Total pot $0.05 | Rake $0 
Board [8c Jc 3h Jd 5s]
Seat 1: Nay_daaa13 folded on the River
Seat 2: ilzerg (button) folded before Flop (didn't bet)
Seat 3: Dorex2007 (small blind) folded before Flop
Seat 4: SNiPERs300 (big blind) collected ($0.05)
Seat 6: 1Asthma1 folded before Flop (didn't bet)
Seat 8: ice10man10 folded before Flop (didn't bet)
Seat 9: BanneyB folded before Flop (didn't bet)



PokerStars Hand #224032008389:  Hold'em No Limit ($0.01/$0.02 USD) - 2021/02/20 10:32:24 PT [2021/02/20 13:32:24 ET]
Table 'Messalina V' 9-max Seat #3 is the button
Seat 1: Nay_daaa13 ($0.41 in chips) 
Seat 2: ilzerg ($2.31 in chips) 
Seat 3: Dorex2007 ($1.60 in chips) 
Seat 4: SNiPERs300 ($1.93 in chips) 
Seat 6: 1Asthma1 ($2.78 in chips) 
Seat 8: ice10man10 ($3.49 in chips) 
Seat 9: BanneyB ($2.11 in chips) 
SNiPERs300: posts small blind $0.01
1Asthma1: posts big blind $0.02
*** HOLE CARDS ***
Dealt to Dorex2007 [8d Kd]
ice10man10: folds 
BanneyB: folds 
Nay_daaa13: calls $0.02
ilzerg: folds 
Dorex2007: calls $0.02
SNiPERs300: raises $0.02 to $0.04
1Asthma1: calls $0.02
Nay_daaa13: calls $0.02
Dorex2007: calls $0.02
*** FLOP *** [Qh 9d 6c]
SNiPERs300: checks 
1Asthma1: checks 
Nay_daaa13: checks 
Dorex2007: checks 
*** TURN *** [Qh 9d 6c] [6h]
SNiPERs300: checks 
1Asthma1: checks 
Nay_daaa13: checks 
Dorex2007: checks 
*** RIVER *** [Qh 9d 6c 6h] [Ah]
SNiPERs300: checks 
1Asthma1: checks 
Nay_daaa13: checks 
Dorex2007: checks 
*** SHOW DOWN ***
SNiPERs300: shows [8c 8h] (two pair, Eights and Sixes)
1Asthma1: shows [9c Jc] (two pair, Nines and Sixes)
Nay_daaa13: mucks hand 
Dorex2007: mucks hand 
1Asthma1 collected $0.15 from pot
*** SUMMARY ***
Total pot $0.16 | Rake $0.01 
Board [Qh 9d 6c 6h Ah]
Seat 1: Nay_daaa13 mucked [4s 2h]
Seat 2: ilzerg folded before Flop (didn't bet)
Seat 3: Dorex2007 (button) mucked [8d Kd]
Seat 4: SNiPERs300 (small blind) showed [8c 8h] and lost with two pair, Eights and Sixes
Seat 6: 1Asthma1 (big blind) showed [9c Jc] and won ($0.15) with two pair, Nines and Sixes
Seat 8: ice10man10 folded before Flop (didn't bet)
Seat 9: BanneyB folded before Flop (didn't bet)



PokerStars Hand #224032057254:  Hold'em No Limit ($0.01/$0.02 USD) - 2021/02/20 10:33:31 PT [2021/02/20 13:33:31 ET]
Table 'Messalina V' 9-max Seat #4 is the button
Seat 1: Nay_daaa13 ($0.37 in chips) 
Seat 2: ilzerg ($2.31 in chips) 
Seat 3: Dorex2007 ($1.56 in chips) 
Seat 4: SNiPERs300 ($1.89 in chips) 
Seat 6: 1Asthma1 ($2.89 in chips) 
Seat 8: ice10man10 ($3.49 in chips) 
Seat 9: BanneyB ($2.11 in chips) 
1Asthma1: posts small blind $0.01
ice10man10: posts big blind $0.02
*** HOLE CARDS ***
Dealt to Dorex2007 [7d Js]
BanneyB: folds 
Nay_daaa13: calls $0.02
ilzerg: raises $0.04 to $0.06
Dorex2007: folds 
SNiPERs300: calls $0.06
1Asthma1: folds 
ice10man10: folds 
Nay_daaa13: calls $0.04
*** FLOP *** [4d 8s 6h]
Nay_daaa13: checks 
ilzerg: bets $0.08
SNiPERs300: calls $0.08
Nay_daaa13: calls $0.08
*** TURN *** [4d 8s 6h] [5d]
Nay_daaa13: checks 
ilzerg: checks 
SNiPERs300: checks 
*** RIVER *** [4d 8s 6h 5d] [4s]
Nay_daaa13: checks 
ilzerg: checks 
SNiPERs300: checks 
*** SHOW DOWN ***
Nay_daaa13: shows [3h Qc] (a pair of Fours)
ilzerg: shows [Ac 9s] (a pair of Fours - Ace kicker)
SNiPERs300: shows [Ad 6s] (two pair, Sixes and Fours)
SNiPERs300 collected $0.43 from pot
*** SUMMARY ***
Total pot $0.45 | Rake $0.02 
Board [4d 8s 6h 5d 4s]
Seat 1: Nay_daaa13 showed [3h Qc] and lost with a pair of Fours
Seat 2: ilzerg showed [Ac 9s] and lost with a pair of Fours
Seat 3: Dorex2007 folded before Flop (didn't bet)
Seat 4: SNiPERs300 (button) showed [Ad 6s] and won ($0.43) with two pair, Sixes and Fours
Seat 6: 1Asthma1 (small blind) folded before Flop
Seat 8: ice10man10 (big blind) folded before Flop
Seat 9: BanneyB folded before Flop (didn't bet)



PokerStars Hand #224032118538:  Hold'em No Limit ($0.01/$0.02 USD) - 2021/02/20 10:34:55 PT [2021/02/20 13:34:55 ET]
Table 'Messalina V' 9-max Seat #6 is the button
Seat 1: Nay_daaa13 ($0.23 in chips) 
Seat 2: ilzerg ($2.17 in chips) 
Seat 3: Dorex2007 ($1.56 in chips) 
Seat 4: SNiPERs300 ($2.18 in chips) 
Seat 6: 1Asthma1 ($2.88 in chips) 
Seat 8: ice10man10 ($3.47 in chips) 
Seat 9: BanneyB ($2.11 in chips) 
ice10man10: posts small blind $0.01
BanneyB: posts big blind $0.02
*** HOLE CARDS ***
Dealt to Dorex2007 [Kh 8d]
Nay_daaa13: raises $0.21 to $0.23 and is all-in
ilzerg: folds 
Dorex2007: folds 
SNiPERs300: folds 
1Asthma1: folds 
ice10man10: folds 
BanneyB: folds 
Uncalled bet ($0.21) returned to Nay_daaa13
Nay_daaa13 collected $0.05 from pot
Nay_daaa13: doesn't show hand 
*** SUMMARY ***
Total pot $0.05 | Rake $0 
Seat 1: Nay_daaa13 collected ($0.05)
Seat 2: ilzerg folded before Flop (didn't bet)
Seat 3: Dorex2007 folded before Flop (didn't bet)
Seat 4: SNiPERs300 folded before Flop (didn't bet)
Seat 6: 1Asthma1 (button) folded before Flop (didn't bet)
Seat 8: ice10man10 (small blind) folded before Flop
Seat 9: BanneyB (big blind) folded before Flop



PokerStars Hand #224032140932:  Hold'em No Limit ($0.01/$0.02 USD) - 2021/02/20 10:35:25 PT [2021/02/20 13:35:25 ET]
Table 'Messalina V' 9-max Seat #8 is the button
Seat 1: Nay_daaa13 ($0.26 in chips) 
Seat 2: ilzerg ($2.17 in chips) 
Seat 3: Dorex2007 ($1.56 in chips) 
Seat 4: SNiPERs300 ($2.18 in chips) 
Seat 6: 1Asthma1 ($2.88 in chips) 
Seat 8: ice10man10 ($3.46 in chips) 
Seat 9: BanneyB ($2.09 in chips) 
BanneyB: posts small blind $0.01
Nay_daaa13: posts big blind $0.02
marko2401: sits out 
maniacof: sits out 
*** HOLE CARDS ***
Dealt to Dorex2007 [2h Qs]
ilzerg: raises $0.04 to $0.06
Dorex2007: folds 
SNiPERs300: folds 
1Asthma1: folds 
ice10man10: folds 
BanneyB: calls $0.05
Nay_daaa13: folds 
*** FLOP *** [Jd 3s 6d]
BanneyB: bets $0.06
ilzerg: calls $0.06
*** TURN *** [Jd 3s 6d] [2s]
BanneyB: bets $0.06
ilzerg: calls $0.06
*** RIVER *** [Jd 3s 6d 2s] [Qd]
BanneyB: checks 
ilzerg: checks 
*** SHOW DOWN ***
BanneyB: shows [Ad 6h] (a pair of Sixes)
ilzerg: shows [9s 9d] (a pair of Nines)
ilzerg collected $0.37 from pot
*** SUMMARY ***
Total pot $0.38 | Rake $0.01 
Board [Jd 3s 6d 2s Qd]
Seat 1: Nay_daaa13 (big blind) folded before Flop
Seat 2: ilzerg showed [9s 9d] and won ($0.37) with a pair of Nines
Seat 3: Dorex2007 folded before Flop (didn't bet)
Seat 4: SNiPERs300 folded before Flop (didn't bet)
Seat 6: 1Asthma1 folded before Flop (didn't bet)
Seat 8: ice10man10 (button) folded before Flop (didn't bet)
Seat 9: BanneyB (small blind) showed [Ad 6h] and lost with a pair of Sixes



PokerStars Hand #224032173264:  Hold'em No Limit ($0.01/$0.02 USD) - 2021/02/20 10:36:10 PT [2021/02/20 13:36:10 ET]
Table 'Messalina V' 9-max Seat #9 is the button
Seat 1: Nay_daaa13 ($0.24 in chips) 
Seat 2: ilzerg ($2.36 in chips) 
Seat 3: Dorex2007 ($1.56 in chips) 
Seat 4: SNiPERs300 ($2.18 in chips) 
Seat 6: 1Asthma1 ($2.88 in chips) 
Seat 8: ice10man10 ($3.46 in chips) 
Seat 9: BanneyB ($1.91 in chips) 
Nay_daaa13: posts small blind $0.01
ilzerg: posts big blind $0.02
marko2401: sits out 
maniacof: sits out 
*** HOLE CARDS ***
Dealt to Dorex2007 [5s 4h]
Dorex2007 has timed out
Dorex2007: folds 
SNiPERs300: folds 
1Asthma1: raises $0.04 to $0.06
ice10man10: folds 
BanneyB: folds 
Nay_daaa13: calls $0.05
ilzerg: folds 
*** FLOP *** [7h 2d 8h]
Nay_daaa13: checks 
1Asthma1: bets $0.07
Nay_daaa13: calls $0.07
*** TURN *** [7h 2d 8h] [Jc]
Nay_daaa13: checks 
1Asthma1: bets $0.14
Nay_daaa13: calls $0.11 and is all-in
Uncalled bet ($0.03) returned to 1Asthma1
*** RIVER *** [7h 2d 8h Jc] [Ah]
*** SHOW DOWN ***
Nay_daaa13: shows [Tc Qs] (high card Ace)
1Asthma1: shows [7s 6s] (a pair of Sevens)
1Asthma1 cashed out the hand for $0.37
*** SUMMARY ***
Total pot $0.50 | Rake $0.02 
Board [7h 2d 8h Jc Ah]
Seat 1: Nay_daaa13 (small blind) showed [Tc Qs] and lost with high card Ace
Seat 2: ilzerg (big blind) folded before Flop
Seat 3: Dorex2007 folded before Flop (didn't bet)
Seat 4: SNiPERs300 folded before Flop (didn't bet)
Seat 6: 1Asthma1 showed [7s 6s] and won ($0.48) with a pair of Sevens (pot not awarded as player cashed out)
Seat 8: ice10man10 folded before Flop (didn't bet)
Seat 9: BanneyB (button) folded before Flop (didn't bet)



PokerStars Hand #224032249966:  Hold'em No Limit ($0.01/$0.02 USD) - 2021/02/20 10:37:55 PT [2021/02/20 13:37:55 ET]
Table 'Messalina V' 9-max Seat #4 is the button
Seat 1: Vladimir4461 ($1.60 in chips) 
Seat 2: ilzerg ($2.34 in chips) 
Seat 3: Dorex2007 ($1.56 in chips) 
Seat 4: SNiPERs300 ($2.05 in chips) 
Seat 5: marko2401 ($1.37 in chips) 
Seat 6: 1Asthma1 ($3.15 in chips) 
Seat 8: ice10man10 ($3.46 in chips) 
Seat 9: BanneyB ($1.91 in chips) 
marko2401: posts small blind $0.01
1Asthma1: posts big blind $0.02
maniacof: sits out 
Vladimir4461: posts big blind $0.02
Dorex2007: posts small blind $0.01
*** HOLE CARDS ***
Dealt to Dorex2007 [3h 2d]
maniacof leaves the table
ice10man10: folds 
BanneyB: folds 
UF0_Driver joins the table at seat #7 
Vladimir4461: checks 
ilzerg: folds 
Dorex2007: folds 
SNiPERs300: raises $0.02 to $0.04
marko2401: folds 
1Asthma1: folds 
Vladimir4461: calls $0.02
*** FLOP *** [Qs 4s 7h]
Vladimir4461: bets $0.12
SNiPERs300: calls $0.12
*** TURN *** [Qs 4s 7h] [8c]
Vladimir4461: bets $0.35
SNiPERs300: calls $0.35
*** RIVER *** [Qs 4s 7h 8c] [Ts]
Vladimir4461: bets $0.51
SNiPERs300: folds 
Uncalled bet ($0.51) returned to Vladimir4461
Vladimir4461 collected $1.02 from pot
*** SUMMARY ***
Total pot $1.06 | Rake $0.04 
Board [Qs 4s 7h 8c Ts]
Seat 1: Vladimir4461 collected ($1.02)
Seat 2: ilzerg folded before Flop (didn't bet)
Seat 3: Dorex2007 folded before Flop (didn't bet)
Seat 4: SNiPERs300 (button) folded on the River
Seat 5: marko2401 (small blind) folded before Flop
Seat 6: 1Asthma1 (big blind) folded before Flop
Seat 8: ice10man10 folded before Flop (didn't bet)
Seat 9: BanneyB folded before Flop (didn't bet)



PokerStars Hand #224032287899:  Hold'em No Limit ($0.01/$0.02 USD) - 2021/02/20 10:38:47 PT [2021/02/20 13:38:47 ET]
Table 'Messalina V' 9-max Seat #5 is the button
Seat 1: Vladimir4461 ($2.11 in chips) 
Seat 2: ilzerg ($2.34 in chips) 
Seat 3: Dorex2007 ($1.55 in chips) 
Seat 4: SNiPERs300 ($1.54 in chips) 
Seat 5: marko2401 ($1.36 in chips) 
Seat 6: 1Asthma1 ($3.13 in chips) 
Seat 7: UF0_Driver ($1.60 in chips) 
Seat 8: ice10man10 ($3.46 in chips) 
Seat 9: BanneyB ($1.91 in chips) 
1Asthma1: posts small blind $0.01
UF0_Driver: posts big blind $0.02
*** HOLE CARDS ***
Dealt to Dorex2007 [9c 5d]
ice10man10: folds 
BanneyB: folds 
Vladimir4461: folds 
ilzerg: raises $0.02 to $0.04
Dorex2007: folds 
SNiPERs300: calls $0.04
marko2401: folds 
1Asthma1: folds 
UF0_Driver: calls $0.02
*** FLOP *** [2d Kh 9h]
UF0_Driver: checks 
ilzerg: checks 
SNiPERs300: bets $0.02
UF0_Driver: folds 
ilzerg: calls $0.02
*** TURN *** [2d Kh 9h] [5c]
ilzerg: checks 
SNiPERs300: checks 
*** RIVER *** [2d Kh 9h 5c] [Jh]
ilzerg: checks 
SNiPERs300: bets $0.06
ilzerg: folds 
Uncalled bet ($0.06) returned to SNiPERs300
SNiPERs300 collected $0.16 from pot
*** SUMMARY ***
Total pot $0.17 | Rake $0.01 
Board [2d Kh 9h 5c Jh]
Seat 1: Vladimir4461 folded before Flop (didn't bet)
Seat 2: ilzerg folded on the River
Seat 3: Dorex2007 folded before Flop (didn't bet)
Seat 4: SNiPERs300 collected ($0.16)
Seat 5: marko2401 (button) folded before Flop (didn't bet)
Seat 6: 1Asthma1 (small blind) folded before Flop
Seat 7: UF0_Driver (big blind) folded on the Flop
Seat 8: ice10man10 folded before Flop (didn't bet)
Seat 9: BanneyB folded before Flop (didn't bet)



PokerStars Hand #224032343289:  Hold'em No Limit ($0.01/$0.02 USD) - 2021/02/20 10:40:03 PT [2021/02/20 13:40:03 ET]
Table 'Messalina V' 9-max Seat #6 is the button
Seat 1: Vladimir4461 ($2.11 in chips) 
Seat 2: ilzerg ($2.28 in chips) 
Seat 3: Dorex2007 ($1.55 in chips) 
Seat 4: SNiPERs300 ($1.64 in chips) 
Seat 5: marko2401 ($1.36 in chips) 
Seat 6: 1Asthma1 ($3.12 in chips) 
Seat 7: UF0_Driver ($1.56 in chips) 
Seat 8: ice10man10 ($3.46 in chips) 
Seat 9: BanneyB ($1.91 in chips) 
UF0_Driver: posts small blind $0.01
ice10man10: posts big blind $0.02
*** HOLE CARDS ***
Dealt to Dorex2007 [4s 6d]
BanneyB: folds 
Vladimir4461: calls $0.02
ilzerg: folds 
Dorex2007: folds 
SNiPERs300: calls $0.02
marko2401: folds 
1Asthma1: folds 
UF0_Driver: raises $0.04 to $0.06
ice10man10: folds 
Vladimir4461: calls $0.04
SNiPERs300: calls $0.04
*** FLOP *** [5d Ah 2c]
UF0_Driver: checks 
Vladimir4461: checks 
SNiPERs300: checks 
*** TURN *** [5d Ah 2c] [As]
UF0_Driver: bets $0.08
Vladimir4461: folds 
SNiPERs300: folds 
Uncalled bet ($0.08) returned to UF0_Driver
UF0_Driver collected $0.19 from pot
*** SUMMARY ***
Total pot $0.20 | Rake $0.01 
Board [5d Ah 2c As]
Seat 1: Vladimir4461 folded on the Turn
Seat 2: ilzerg folded before Flop (didn't bet)
Seat 3: Dorex2007 folded before Flop (didn't bet)
Seat 4: SNiPERs300 folded on the Turn
Seat 5: marko2401 folded before Flop (didn't bet)
Seat 6: 1Asthma1 (button) folded before Flop (didn't bet)
Seat 7: UF0_Driver (small blind) collected ($0.19)
Seat 8: ice10man10 (big blind) folded before Flop
Seat 9: BanneyB folded before Flop (didn't bet)



PokerStars Hand #224032385584:  Hold'em No Limit ($0.01/$0.02 USD) - 2021/02/20 10:41:01 PT [2021/02/20 13:41:01 ET]
Table 'Messalina V' 9-max Seat #7 is the button
Seat 1: Vladimir4461 ($2.05 in chips) 
Seat 2: ilzerg ($2.28 in chips) 
Seat 3: Dorex2007 ($1.55 in chips) 
Seat 4: SNiPERs300 ($1.58 in chips) 
Seat 5: marko2401 ($1.36 in chips) 
Seat 6: 1Asthma1 ($3.12 in chips) 
Seat 7: UF0_Driver ($1.69 in chips) 
Seat 8: ice10man10 ($3.44 in chips) 
Seat 9: BanneyB ($1.91 in chips) 
ice10man10: posts small blind $0.01
BanneyB: posts big blind $0.02
*** HOLE CARDS ***
Dealt to Dorex2007 [9s Jd]
Vladimir4461: folds 
ilzerg: folds 
Dorex2007: folds 
SNiPERs300: calls $0.02
marko2401: folds 
1Asthma1: folds 
UF0_Driver: folds 
ice10man10: calls $0.01
BanneyB: checks 
*** FLOP *** [Ac 4d 9d]
ice10man10: checks 
BanneyB: checks 
SNiPERs300: checks 
*** TURN *** [Ac 4d 9d] [Th]
ice10man10: checks 
BanneyB: checks 
SNiPERs300: bets $0.02
ice10man10: folds 
BanneyB: folds 
Uncalled bet ($0.02) returned to SNiPERs300
SNiPERs300 collected $0.06 from pot
*** SUMMARY ***
Total pot $0.06 | Rake $0 
Board [Ac 4d 9d Th]
Seat 1: Vladimir4461 folded before Flop (didn't bet)
Seat 2: ilzerg folded before Flop (didn't bet)
Seat 3: Dorex2007 folded before Flop (didn't bet)
Seat 4: SNiPERs300 collected ($0.06)
Seat 5: marko2401 folded before Flop (didn't bet)
Seat 6: 1Asthma1 folded before Flop (didn't bet)
Seat 7: UF0_Driver (button) folded before Flop (didn't bet)
Seat 8: ice10man10 (small blind) folded on the Turn
Seat 9: BanneyB (big blind) folded on the Turn



PokerStars Hand #224032423179:  Hold'em No Limit ($0.01/$0.02 USD) - 2021/02/20 10:41:53 PT [2021/02/20 13:41:53 ET]
Table 'Messalina V' 9-max Seat #8 is the button
Seat 1: Vladimir4461 ($2.05 in chips) 
Seat 2: ilzerg ($2.28 in chips) 
Seat 3: Dorex2007 ($1.55 in chips) 
Seat 4: SNiPERs300 ($1.62 in chips) 
Seat 5: marko2401 ($1.36 in chips) 
Seat 6: 1Asthma1 ($3.12 in chips) 
Seat 7: UF0_Driver ($1.69 in chips) 
Seat 8: ice10man10 ($3.42 in chips) 
Seat 9: BanneyB ($1.89 in chips) 
BanneyB: posts small blind $0.01
Vladimir4461: posts big blind $0.02
*** HOLE CARDS ***
Dealt to Dorex2007 [Qd 7d]
ilzerg: folds 
Dorex2007: folds 
SNiPERs300: folds 
marko2401: folds 
1Asthma1: folds 
UF0_Driver: folds 
ice10man10: folds 
BanneyB: raises $0.04 to $0.06
Vladimir4461: calls $0.04
*** FLOP *** [Th Jd Qc]
BanneyB: bets $0.09
Vladimir4461: calls $0.09
*** TURN *** [Th Jd Qc] [8h]
BanneyB: bets $0.15
Vladimir4461: folds 
Uncalled bet ($0.15) returned to BanneyB
BanneyB collected $0.29 from pot
BanneyB: doesn't show hand 
*** SUMMARY ***
Total pot $0.30 | Rake $0.01 
Board [Th Jd Qc 8h]
Seat 1: Vladimir4461 (big blind) folded on the Turn
Seat 2: ilzerg folded before Flop (didn't bet)
Seat 3: Dorex2007 folded before Flop (didn't bet)
Seat 4: SNiPERs300 folded before Flop (didn't bet)
Seat 5: marko2401 folded before Flop (didn't bet)
Seat 6: 1Asthma1 folded before Flop (didn't bet)
Seat 7: UF0_Driver folded before Flop (didn't bet)
Seat 8: ice10man10 (button) folded before Flop (didn't bet)
Seat 9: BanneyB (small blind) collected ($0.29)



PokerStars Hand #224032455481:  Hold'em No Limit ($0.01/$0.02 USD) - 2021/02/20 10:42:37 PT [2021/02/20 13:42:37 ET]
Table 'Messalina V' 9-max Seat #9 is the button
Seat 1: Vladimir4461 ($1.90 in chips) 
Seat 2: ilzerg ($2.28 in chips) 
Seat 3: Dorex2007 ($1.55 in chips) 
Seat 4: SNiPERs300 ($1.62 in chips) 
Seat 5: marko2401 ($1.36 in chips) 
Seat 6: 1Asthma1 ($3.12 in chips) 
Seat 7: UF0_Driver ($1.69 in chips) 
Seat 8: ice10man10 ($3.42 in chips) 
Seat 9: BanneyB ($2.03 in chips) 
Vladimir4461: posts small blind $0.01
ilzerg: posts big blind $0.02
*** HOLE CARDS ***
Dealt to Dorex2007 [Kc Ks]
Dorex2007: raises $0.04 to $0.06
SNiPERs300: folds 
marko2401: folds 
1Asthma1: folds 
UF0_Driver: folds 
ice10man10: folds 
BanneyB: calls $0.06
Vladimir4461: folds 
ilzerg: calls $0.04
*** FLOP *** [Tc 7c 9c]
ilzerg: checks 
Dorex2007: bets $0.09
BanneyB: folds 
ilzerg: folds 
Uncalled bet ($0.09) returned to Dorex2007
Dorex2007 collected $0.18 from pot
Dorex2007: doesn't show hand 
*** SUMMARY ***
Total pot $0.19 | Rake $0.01 
Board [Tc 7c 9c]
Seat 1: Vladimir4461 (small blind) folded before Flop
Seat 2: ilzerg (big blind) folded on the Flop
Seat 3: Dorex2007 collected ($0.18)
Seat 4: SNiPERs300 folded before Flop (didn't bet)
Seat 5: marko2401 folded before Flop (didn't bet)
Seat 6: 1Asthma1 folded before Flop (didn't bet)
Seat 7: UF0_Driver folded before Flop (didn't bet)
Seat 8: ice10man10 folded before Flop (didn't bet)
Seat 9: BanneyB (button) folded on the Flop



PokerStars Hand #224032490772:  Hold'em No Limit ($0.01/$0.02 USD) - 2021/02/20 10:43:26 PT [2021/02/20 13:43:26 ET]
Table 'Messalina V' 9-max Seat #1 is the button
Seat 1: Vladimir4461 ($1.89 in chips) 
Seat 2: ilzerg ($2.22 in chips) 
Seat 3: Dorex2007 ($1.67 in chips) 
Seat 4: SNiPERs300 ($1.62 in chips) 
Seat 5: marko2401 ($1.36 in chips) 
Seat 6: 1Asthma1 ($3.12 in chips) 
Seat 7: UF0_Driver ($1.69 in chips) 
Seat 8: ice10man10 ($3.42 in chips) 
Seat 9: BanneyB ($1.97 in chips) 
ilzerg: posts small blind $0.01
Dorex2007: posts big blind $0.02
*** HOLE CARDS ***
Dealt to Dorex2007 [6s 3h]
SNiPERs300: folds 
marko2401: folds 
1Asthma1: folds 
UF0_Driver: folds 
ice10man10: folds 
BanneyB: folds 
Vladimir4461: raises $0.02 to $0.04
ilzerg: calls $0.03
Dorex2007: folds 
*** FLOP *** [2c 5d 7h]
ilzerg: checks 
Vladimir4461: bets $0.10
ilzerg: calls $0.10
*** TURN *** [2c 5d 7h] [8c]
ilzerg: checks 
Vladimir4461: bets $0.29
ilzerg: raises $0.45 to $0.74
Vladimir4461: calls $0.45
*** RIVER *** [2c 5d 7h 8c] [Js]
ilzerg: bets $0.72
Vladimir4461: folds 
Uncalled bet ($0.72) returned to ilzerg
ilzerg collected $1.72 from pot
ilzerg: doesn't show hand 
*** SUMMARY ***
Total pot $1.78 | Rake $0.06 
Board [2c 5d 7h 8c Js]
Seat 1: Vladimir4461 (button) folded on the River
Seat 2: ilzerg (small blind) collected ($1.72)
Seat 3: Dorex2007 (big blind) folded before Flop
Seat 4: SNiPERs300 folded before Flop (didn't bet)
Seat 5: marko2401 folded before Flop (didn't bet)
Seat 6: 1Asthma1 folded before Flop (didn't bet)
Seat 7: UF0_Driver folded before Flop (didn't bet)
Seat 8: ice10man10 folded before Flop (didn't bet)
Seat 9: BanneyB folded before Flop (didn't bet)



PokerStars Hand #224032529971:  Hold'em No Limit ($0.01/$0.02 USD) - 2021/02/20 10:44:20 PT [2021/02/20 13:44:20 ET]
Table 'Messalina V' 9-max Seat #2 is the button
Seat 1: Vladimir4461 ($1.01 in chips) 
Seat 2: ilzerg ($3.06 in chips) 
Seat 3: Dorex2007 ($1.65 in chips) 
Seat 4: SNiPERs300 ($1.62 in chips) 
Seat 5: marko2401 ($1.36 in chips) 
Seat 6: 1Asthma1 ($3.12 in chips) 
Seat 7: UF0_Driver ($1.69 in chips) 
Seat 8: ice10man10 ($3.42 in chips) 
Seat 9: BanneyB ($1.97 in chips) 
Dorex2007: posts small blind $0.01
SNiPERs300: posts big blind $0.02
*** HOLE CARDS ***
Dealt to Dorex2007 [Td 2h]
marko2401: folds 
1Asthma1: folds 
UF0_Driver: folds 
ice10man10: folds 
BanneyB: calls $0.02
Vladimir4461: folds 
ilzerg: folds 
Dorex2007: folds 
SNiPERs300: checks 
*** FLOP *** [8s 9d 7d]
SNiPERs300: checks 
BanneyB: bets $0.04
SNiPERs300: calls $0.04
*** TURN *** [8s 9d 7d] [9s]
SNiPERs300: checks 
BanneyB: bets $1.91 and is all-in
SNiPERs300: folds 
Uncalled bet ($1.91) returned to BanneyB
BanneyB collected $0.13 from pot
BanneyB: doesn't show hand 
*** SUMMARY ***
Total pot $0.13 | Rake $0 
Board [8s 9d 7d 9s]
Seat 1: Vladimir4461 folded before Flop (didn't bet)
Seat 2: ilzerg (button) folded before Flop (didn't bet)
Seat 3: Dorex2007 (small blind) folded before Flop
Seat 4: SNiPERs300 (big blind) folded on the Turn
Seat 5: marko2401 folded before Flop (didn't bet)
Seat 6: 1Asthma1 folded before Flop (didn't bet)
Seat 7: UF0_Driver folded before Flop (didn't bet)
Seat 8: ice10man10 folded before Flop (didn't bet)
Seat 9: BanneyB collected ($0.13)



PokerStars Hand #224032579371:  Hold'em No Limit ($0.01/$0.02 USD) - 2021/02/20 10:45:27 PT [2021/02/20 13:45:27 ET]
Table 'Messalina V' 9-max Seat #3 is the button
Seat 1: Vladimir4461 ($1.01 in chips) 
Seat 2: ilzerg ($3.06 in chips) 
Seat 3: Dorex2007 ($1.64 in chips) 
Seat 4: SNiPERs300 ($1.56 in chips) 
Seat 5: marko2401 ($1.36 in chips) 
Seat 6: 1Asthma1 ($3.12 in chips) 
Seat 7: UF0_Driver ($1.69 in chips) 
Seat 8: ice10man10 ($3.42 in chips) 
Seat 9: BanneyB ($2.04 in chips) 
SNiPERs300: posts small blind $0.01
marko2401: posts big blind $0.02
*** HOLE CARDS ***
Dealt to Dorex2007 [Jh 7s]
1Asthma1: folds 
UF0_Driver: folds 
ice10man10: calls $0.02
BanneyB: calls $0.02
Vladimir4461: calls $0.02
ilzerg: folds 
Dorex2007: folds 
SNiPERs300: calls $0.01
marko2401: checks 
*** FLOP *** [6h 9d Jc]
SNiPERs300: checks 
marko2401: checks 
ice10man10: checks 
BanneyB: checks 
Vladimir4461: checks 
*** TURN *** [6h 9d Jc] [As]
SNiPERs300: checks 
marko2401: checks 
ice10man10: checks 
BanneyB: bets $0.06
Vladimir4461: calls $0.06
SNiPERs300: folds 
marko2401: folds 
ice10man10: folds 
*** RIVER *** [6h 9d Jc As] [5c]
BanneyB: bets $0.06
Vladimir4461: calls $0.06
*** SHOW DOWN ***
BanneyB: shows [Td Ac] (a pair of Aces)
Vladimir4461: mucks hand 
BanneyB collected $0.33 from pot
*** SUMMARY ***
Total pot $0.34 | Rake $0.01 
Board [6h 9d Jc As 5c]
Seat 1: Vladimir4461 mucked [Ad 2s]
Seat 2: ilzerg folded before Flop (didn't bet)
Seat 3: Dorex2007 (button) folded before Flop (didn't bet)
Seat 4: SNiPERs300 (small blind) folded on the Turn
Seat 5: marko2401 (big blind) folded on the Turn
Seat 6: 1Asthma1 folded before Flop (didn't bet)
Seat 7: UF0_Driver folded before Flop (didn't bet)
Seat 8: ice10man10 folded on the Turn
Seat 9: BanneyB showed [Td Ac] and won ($0.33) with a pair of Aces



PokerStars Hand #224032666414:  Hold'em No Limit ($0.01/$0.02 USD) - 2021/02/20 10:47:07 PT [2021/02/20 13:47:07 ET]
Table 'Messalina V' 9-max Seat #4 is the button
Seat 1: Vladimir4461 ($0.87 in chips) 
Seat 2: ilzerg ($3.06 in chips) 
Seat 3: Dorex2007 ($1.64 in chips) 
Seat 4: SNiPERs300 ($1.54 in chips) 
Seat 5: marko2401 ($1.34 in chips) 
Seat 6: 1Asthma1 ($3.12 in chips) 
Seat 7: UF0_Driver ($1.69 in chips) 
Seat 8: ice10man10 ($3.40 in chips) 
Seat 9: BanneyB ($2.23 in chips) 
marko2401: posts small blind $0.01
1Asthma1: posts big blind $0.02
*** HOLE CARDS ***
Dealt to Dorex2007 [3c 9h]
UF0_Driver: folds 
ice10man10: raises $0.04 to $0.06
BanneyB: folds 
Vladimir4461: calls $0.06
ilzerg: folds 
Dorex2007: folds 
SNiPERs300: folds 
marko2401: folds 
1Asthma1: folds 
*** FLOP *** [Ac Jd As]
ice10man10: bets $0.07
Vladimir4461: folds 
Uncalled bet ($0.07) returned to ice10man10
ice10man10 collected $0.14 from pot
ice10man10: doesn't show hand 
*** SUMMARY ***
Total pot $0.15 | Rake $0.01 
Board [Ac Jd As]
Seat 1: Vladimir4461 folded on the Flop
Seat 2: ilzerg folded before Flop (didn't bet)
Seat 3: Dorex2007 folded before Flop (didn't bet)
Seat 4: SNiPERs300 (button) folded before Flop (didn't bet)
Seat 5: marko2401 (small blind) folded before Flop
Seat 6: 1Asthma1 (big blind) folded before Flop
Seat 7: UF0_Driver folded before Flop (didn't bet)
Seat 8: ice10man10 collected ($0.14)
Seat 9: BanneyB folded before Flop (didn't bet)



PokerStars Hand #224032698666:  Hold'em No Limit ($0.01/$0.02 USD) - 2021/02/20 10:47:51 PT [2021/02/20 13:47:51 ET]
Table 'Messalina V' 9-max Seat #5 is the button
Seat 1: Vladimir4461 ($0.81 in chips) 
Seat 2: ilzerg ($3.06 in chips) 
Seat 3: Dorex2007 ($1.64 in chips) 
Seat 4: SNiPERs300 ($1.54 in chips) 
Seat 5: marko2401 ($1.33 in chips) 
Seat 6: 1Asthma1 ($3.10 in chips) 
Seat 7: UF0_Driver ($1.69 in chips) 
Seat 8: ice10man10 ($3.48 in chips) 
Seat 9: BanneyB ($2.23 in chips) 
1Asthma1: posts small blind $0.01
UF0_Driver: posts big blind $0.02
*** HOLE CARDS ***
Dealt to Dorex2007 [8s 7d]
ice10man10: folds 
BanneyB: folds 
Vladimir4461: calls $0.02
ilzerg: raises $0.06 to $0.08
Dorex2007: folds 
SNiPERs300: calls $0.08
marko2401: folds 
1Asthma1: folds 
UF0_Driver: folds 
Vladimir4461: calls $0.06
*** FLOP *** [4s 3s Ad]
Vladimir4461: checks 
ilzerg: bets $0.16
SNiPERs300: folds 
Vladimir4461: folds 
Uncalled bet ($0.16) returned to ilzerg
ilzerg collected $0.26 from pot
ilzerg: doesn't show hand 
*** SUMMARY ***
Total pot $0.27 | Rake $0.01 
Board [4s 3s Ad]
Seat 1: Vladimir4461 folded on the Flop
Seat 2: ilzerg collected ($0.26)
Seat 3: Dorex2007 folded before Flop (didn't bet)
Seat 4: SNiPERs300 folded on the Flop
Seat 5: marko2401 (button) folded before Flop (didn't bet)
Seat 6: 1Asthma1 (small blind) folded before Flop
Seat 7: UF0_Driver (big blind) folded before Flop
Seat 8: ice10man10 folded before Flop (didn't bet)
Seat 9: BanneyB folded before Flop (didn't bet)



PokerStars Hand #224032727790:  Hold'em No Limit ($0.01/$0.02 USD) - 2021/02/20 10:48:31 PT [2021/02/20 13:48:31 ET]
Table 'Messalina V' 9-max Seat #6 is the button
Seat 1: Vladimir4461 ($0.73 in chips) 
Seat 2: ilzerg ($3.24 in chips) 
Seat 3: Dorex2007 ($1.64 in chips) 
Seat 4: SNiPERs300 ($1.46 in chips) 
Seat 5: marko2401 ($1.33 in chips) 
Seat 6: 1Asthma1 ($3.09 in chips) 
Seat 7: UF0_Driver ($1.67 in chips) 
Seat 8: ice10man10 ($3.48 in chips) 
Seat 9: BanneyB ($2.23 in chips) 
UF0_Driver: posts small blind $0.01
ice10man10: posts big blind $0.02
*** HOLE CARDS ***
Dealt to Dorex2007 [5c 6d]
BanneyB: folds 
Vladimir4461: calls $0.02
ilzerg: folds 
Dorex2007: folds 
SNiPERs300: calls $0.02
marko2401: raises $0.08 to $0.10
1Asthma1: calls $0.10
UF0_Driver: folds 
ice10man10: folds 
Vladimir4461: calls $0.08
SNiPERs300: calls $0.08
*** FLOP *** [4h Ah 2d]
Vladimir4461: bets $0.02
SNiPERs300: folds 
marko2401: raises $0.30 to $0.32
1Asthma1: folds 
Vladimir4461: calls $0.30
*** TURN *** [4h Ah 2d] [Qh]
Vladimir4461: checks 
marko2401: bets $0.91 and is all-in
Vladimir4461: folds 
Uncalled bet ($0.91) returned to marko2401
marko2401 collected $1.03 from pot
marko2401: doesn't show hand 
*** SUMMARY ***
Total pot $1.07 | Rake $0.04 
Board [4h Ah 2d Qh]
Seat 1: Vladimir4461 folded on the Turn
Seat 2: ilzerg folded before Flop (didn't bet)
Seat 3: Dorex2007 folded before Flop (didn't bet)
Seat 4: SNiPERs300 folded on the Flop
Seat 5: marko2401 collected ($1.03)
Seat 6: 1Asthma1 (button) folded on the Flop
Seat 7: UF0_Driver (small blind) folded before Flop
Seat 8: ice10man10 (big blind) folded before Flop
Seat 9: BanneyB folded before Flop (didn't bet)



PokerStars Hand #224032775262:  Hold'em No Limit ($0.01/$0.02 USD) - 2021/02/20 10:49:36 PT [2021/02/20 13:49:36 ET]
Table 'Messalina V' 9-max Seat #7 is the button
Seat 1: Vladimir4461 ($0.31 in chips) 
Seat 2: ilzerg ($3.24 in chips) 
Seat 3: Dorex2007 ($1.64 in chips) 
Seat 4: SNiPERs300 ($1.36 in chips) 
Seat 5: marko2401 ($1.94 in chips) 
Seat 6: 1Asthma1 ($2.99 in chips) 
Seat 7: UF0_Driver ($1.66 in chips) 
Seat 8: ice10man10 ($3.46 in chips) 
Seat 9: BanneyB ($2.23 in chips) 
ice10man10: posts small blind $0.01
BanneyB: posts big blind $0.02
*** HOLE CARDS ***
Dealt to Dorex2007 [7c 4s]
Vladimir4461: calls $0.02
ilzerg: folds 
Dorex2007: folds 
SNiPERs300: calls $0.02
marko2401: folds 
1Asthma1: folds 
UF0_Driver: folds 
ice10man10: calls $0.01
BanneyB: checks 
*** FLOP *** [9d 9c 7d]
ice10man10: checks 
BanneyB: checks 
Vladimir4461: bets $0.29 and is all-in
SNiPERs300: folds 
ice10man10: folds 
BanneyB: folds 
Uncalled bet ($0.29) returned to Vladimir4461
Vladimir4461 collected $0.08 from pot
*** SUMMARY ***
Total pot $0.08 | Rake $0 
Board [9d 9c 7d]
Seat 1: Vladimir4461 collected ($0.08)
Seat 2: ilzerg folded before Flop (didn't bet)
Seat 3: Dorex2007 folded before Flop (didn't bet)
Seat 4: SNiPERs300 folded on the Flop
Seat 5: marko2401 folded before Flop (didn't bet)
Seat 6: 1Asthma1 folded before Flop (didn't bet)
Seat 7: UF0_Driver (button) folded before Flop (didn't bet)
Seat 8: ice10man10 (small blind) folded on the Flop
Seat 9: BanneyB (big blind) folded on the Flop



