PokerStars Hand #224949383691:  Hold'em No Limit ($0.01/$0.02 USD) - 2021/03/18 16:27:52 PT [2021/03/18 19:27:52 ET]
Table 'Figneria' 9-max Seat #9 is the button
Seat 1: skuzubov ($3.93 in chips) 
Seat 2: Dorex2007 ($1.50 in chips) 
Seat 3: gringhostil ($1.62 in chips) 
Seat 4: dubg58 ($1.05 in chips) 
Seat 5: noonehasever ($0.86 in chips) 
Seat 6: hejomocr ($2.75 in chips) 
Seat 7: Buddy R06 ($2.38 in chips) 
Seat 8: Pieckhardt ($2.61 in chips) 
Seat 9: Dog Weed ($1.24 in chips) 
skuzubov: posts small blind $0.01
Dorex2007: posts big blind $0.02
*** HOLE CARDS ***
Dealt to Dorex2007 [Jd Qs]
gringhostil: folds 
dubg58: calls $0.02
noonehasever: folds 
hejomocr has timed out
hejomocr: folds 
Buddy R06: folds 
Pieckhardt: calls $0.02
Dog Weed: folds 
skuzubov: folds 
Dorex2007: checks 
*** FLOP *** [Kc 7c 4c]
Dorex2007: checks 
dubg58: checks 
Pieckhardt: checks 
*** TURN *** [Kc 7c 4c] [Ah]
Dorex2007: checks 
dubg58: bets $0.06
Pieckhardt: folds 
Dorex2007: folds 
Uncalled bet ($0.06) returned to dubg58
dubg58 collected $0.07 from pot
*** SUMMARY ***
Total pot $0.07 | Rake $0 
Board [Kc 7c 4c Ah]
Seat 1: skuzubov (small blind) folded before Flop
Seat 2: Dorex2007 (big blind) folded on the Turn
Seat 3: gringhostil folded before Flop (didn't bet)
Seat 4: dubg58 collected ($0.07)
Seat 5: noonehasever folded before Flop (didn't bet)
Seat 6: hejomocr folded before Flop (didn't bet)
Seat 7: Buddy R06 folded before Flop (didn't bet)
Seat 8: Pieckhardt folded on the Turn
Seat 9: Dog Weed (button) folded before Flop (didn't bet)



PokerStars Hand #224949418207:  Hold'em No Limit ($0.01/$0.02 USD) - 2021/03/18 16:29:06 PT [2021/03/18 19:29:06 ET]
Table 'Figneria' 9-max Seat #1 is the button
Seat 1: skuzubov ($3.92 in chips) 
Seat 2: Dorex2007 ($1.48 in chips) 
Seat 3: gringhostil ($1.62 in chips) 
Seat 4: dubg58 ($1.10 in chips) 
Seat 5: noonehasever ($0.86 in chips) 
Seat 6: hejomocr ($2.75 in chips) 
Seat 7: Buddy R06 ($2.38 in chips) 
Seat 8: Pieckhardt ($2.59 in chips) 
Seat 9: Dog Weed ($1.24 in chips) 
Dorex2007: posts small blind $0.01
gringhostil: posts big blind $0.02
*** HOLE CARDS ***
Dealt to Dorex2007 [8c 2h]
dubg58: folds 
noonehasever: folds 
hejomocr has timed out
hejomocr: folds 
Buddy R06: raises $0.04 to $0.06
Pieckhardt: calls $0.06
Dog Weed: folds 
skuzubov: folds 
Dorex2007: folds 
gringhostil: calls $0.04
*** FLOP *** [7h Ts 6c]
gringhostil: checks 
Buddy R06: bets $0.10
Pieckhardt: calls $0.10
gringhostil: folds 
*** TURN *** [7h Ts 6c] [4h]
Buddy R06: checks 
Pieckhardt: bets $0.10
Buddy R06: calls $0.10
*** RIVER *** [7h Ts 6c 4h] [2c]
Buddy R06: checks 
Pieckhardt: checks 
*** SHOW DOWN ***
Buddy R06: shows [7d 5s] (a pair of Sevens)
Pieckhardt: shows [9h Tc] (a pair of Tens)
Pieckhardt collected $0.57 from pot
*** SUMMARY ***
Total pot $0.59 | Rake $0.02 
Board [7h Ts 6c 4h 2c]
Seat 1: skuzubov (button) folded before Flop (didn't bet)
Seat 2: Dorex2007 (small blind) folded before Flop
Seat 3: gringhostil (big blind) folded on the Flop
Seat 4: dubg58 folded before Flop (didn't bet)
Seat 5: noonehasever folded before Flop (didn't bet)
Seat 6: hejomocr folded before Flop (didn't bet)
Seat 7: Buddy R06 showed [7d 5s] and lost with a pair of Sevens
Seat 8: Pieckhardt showed [9h Tc] and won ($0.57) with a pair of Tens
Seat 9: Dog Weed folded before Flop (didn't bet)



PokerStars Hand #224949453353:  Hold'em No Limit ($0.01/$0.02 USD) - 2021/03/18 16:30:06 PT [2021/03/18 19:30:06 ET]
Table 'Figneria' 9-max Seat #2 is the button
Seat 1: skuzubov ($3.92 in chips) 
Seat 2: Dorex2007 ($1.47 in chips) 
Seat 3: gringhostil ($1.56 in chips) 
Seat 4: dubg58 ($1.10 in chips) 
Seat 5: noonehasever ($0.86 in chips) 
Seat 6: hejomocr ($2.75 in chips) 
Seat 7: Buddy R06 ($2.12 in chips) 
Seat 8: Pieckhardt ($2.90 in chips) 
Seat 9: Dog Weed ($1.24 in chips) 
gringhostil: posts small blind $0.01
dubg58: posts big blind $0.02
*** HOLE CARDS ***
Dealt to Dorex2007 [Kc Js]
noonehasever: folds 
hejomocr: folds 
Buddy R06: raises $0.02 to $0.04
Pieckhardt: calls $0.04
Dog Weed: folds 
skuzubov: folds 
Dorex2007: folds 
gringhostil: calls $0.03
dubg58: calls $0.02
*** FLOP *** [9d 3d 3s]
gringhostil: checks 
dubg58: checks 
Buddy R06: bets $0.08
Pieckhardt: folds 
gringhostil: calls $0.08
dubg58: folds 
*** TURN *** [9d 3d 3s] [7s]
gringhostil: checks 
Buddy R06: bets $0.18
gringhostil: calls $0.18
*** RIVER *** [9d 3d 3s 7s] [6c]
gringhostil: bets $0.66
Buddy R06: calls $0.66
*** SHOW DOWN ***
gringhostil: shows [3h Ac] (three of a kind, Threes)
Buddy R06: mucks hand 
gringhostil collected $1.93 from pot
*** SUMMARY ***
Total pot $2 | Rake $0.07 
Board [9d 3d 3s 7s 6c]
Seat 1: skuzubov folded before Flop (didn't bet)
Seat 2: Dorex2007 (button) folded before Flop (didn't bet)
Seat 3: gringhostil (small blind) showed [3h Ac] and won ($1.93) with three of a kind, Threes
Seat 4: dubg58 (big blind) folded on the Flop
Seat 5: noonehasever folded before Flop (didn't bet)
Seat 6: hejomocr folded before Flop (didn't bet)
Seat 7: Buddy R06 mucked [7d 9s]
Seat 8: Pieckhardt folded on the Flop
Seat 9: Dog Weed folded before Flop (didn't bet)



PokerStars Hand #224949486743:  Hold'em No Limit ($0.01/$0.02 USD) - 2021/03/18 16:31:17 PT [2021/03/18 19:31:17 ET]
Table 'Figneria' 9-max Seat #3 is the button
Seat 1: skuzubov ($3.92 in chips) 
Seat 2: Dorex2007 ($1.47 in chips) 
Seat 3: gringhostil ($2.53 in chips) 
Seat 4: dubg58 ($1.06 in chips) 
Seat 5: noonehasever ($0.86 in chips) 
Seat 6: hejomocr ($2.75 in chips) 
Seat 7: Buddy R06 ($1.16 in chips) 
Seat 8: Pieckhardt ($2.86 in chips) 
Seat 9: Dog Weed ($1.24 in chips) 
dubg58: posts small blind $0.01
noonehasever: posts big blind $0.02
*** HOLE CARDS ***
Dealt to Dorex2007 [Qd 4d]
hejomocr: folds 
Buddy R06: raises $0.04 to $0.06
Pieckhardt: calls $0.06
Dog Weed: folds 
skuzubov: folds 
Dorex2007: folds 
gringhostil: calls $0.06
dubg58: folds 
noonehasever: calls $0.04
*** FLOP *** [2s Kh As]
noonehasever: checks 
Buddy R06: bets $0.16
Pieckhardt: folds 
gringhostil: raises $0.56 to $0.72
noonehasever: folds 
Buddy R06: raises $0.38 to $1.10 and is all-in
gringhostil: calls $0.38
*** TURN *** [2s Kh As] [9d]
*** RIVER *** [2s Kh As 9d] [6c]
*** SHOW DOWN ***
Buddy R06: shows [Ks Qs] (a pair of Kings)
gringhostil: shows [Ac 8h] (a pair of Aces)
gringhostil cashed out the hand for $1.14 | Cash Out Fee $0.01
*** SUMMARY ***
Total pot $2.45 | Rake $0.09 
Board [2s Kh As 9d 6c]
Seat 1: skuzubov folded before Flop (didn't bet)
Seat 2: Dorex2007 folded before Flop (didn't bet)
Seat 3: gringhostil (button) showed [Ac 8h] and won ($2.36) with a pair of Aces (pot not awarded as player cashed out)
Seat 4: dubg58 (small blind) folded before Flop
Seat 5: noonehasever (big blind) folded on the Flop
Seat 6: hejomocr folded before Flop (didn't bet)
Seat 7: Buddy R06 showed [Ks Qs] and lost with a pair of Kings
Seat 8: Pieckhardt folded on the Flop
Seat 9: Dog Weed folded before Flop (didn't bet)



PokerStars Hand #224949517754:  Hold'em No Limit ($0.01/$0.02 USD) - 2021/03/18 16:32:23 PT [2021/03/18 19:32:23 ET]
Table 'Figneria' 9-max Seat #4 is the button
Seat 1: skuzubov ($3.92 in chips) 
Seat 2: Dorex2007 ($1.47 in chips) 
Seat 3: gringhostil ($2.51 in chips) 
Seat 4: dubg58 ($1.05 in chips) 
Seat 5: noonehasever ($0.80 in chips) 
Seat 6: hejomocr ($2.75 in chips) 
Seat 8: Pieckhardt ($2.80 in chips) 
Seat 9: Dog Weed ($1.24 in chips) 
noonehasever: posts small blind $0.01
hejomocr: posts big blind $0.02
*** HOLE CARDS ***
Dealt to Dorex2007 [7d 4s]
Pieckhardt: calls $0.02
Dog Weed: folds 
Buddy R06 leaves the table
skuzubov: folds 
Dorex2007: folds 
gringhostil: folds 
dubg58: folds 
noonehasever: calls $0.01
hejomocr: checks 
*** FLOP *** [3h 5s 2d]
noonehasever: checks 
hejomocr: checks 
Pieckhardt: checks 
*** TURN *** [3h 5s 2d] [4d]
noonehasever: checks 
hejomocr: checks 
Pieckhardt: checks 
*** RIVER *** [3h 5s 2d 4d] [8s]
noonehasever: bets $0.06
hejomocr: folds 
Pieckhardt: folds 
Uncalled bet ($0.06) returned to noonehasever
noonehasever collected $0.06 from pot
noonehasever: doesn't show hand 
*** SUMMARY ***
Total pot $0.06 | Rake $0 
Board [3h 5s 2d 4d 8s]
Seat 1: skuzubov folded before Flop (didn't bet)
Seat 2: Dorex2007 folded before Flop (didn't bet)
Seat 3: gringhostil folded before Flop (didn't bet)
Seat 4: dubg58 (button) folded before Flop (didn't bet)
Seat 5: noonehasever (small blind) collected ($0.06)
Seat 6: hejomocr (big blind) folded on the River
Seat 8: Pieckhardt folded on the River
Seat 9: Dog Weed folded before Flop (didn't bet)



PokerStars Hand #224949539019:  Hold'em No Limit ($0.01/$0.02 USD) - 2021/03/18 16:33:08 PT [2021/03/18 19:33:08 ET]
Table 'Figneria' 9-max Seat #5 is the button
Seat 1: skuzubov ($3.92 in chips) 
Seat 2: Dorex2007 ($1.47 in chips) 
Seat 3: gringhostil ($2.51 in chips) 
Seat 4: dubg58 ($1.05 in chips) 
Seat 5: noonehasever ($0.84 in chips) 
Seat 6: hejomocr ($2.73 in chips) 
Seat 8: Pieckhardt ($2.78 in chips) 
Seat 9: Dog Weed ($1.24 in chips) 
hejomocr: posts small blind $0.01
Pieckhardt: posts big blind $0.02
*** HOLE CARDS ***
Dealt to Dorex2007 [7c 6c]
Dog Weed: folds 
skuzubov: folds 
Dorex2007: raises $0.04 to $0.06
gringhostil: folds 
dubg58: calls $0.06
noonehasever: folds 
hejomocr: folds 
Pieckhardt: folds 
*** FLOP *** [Ac Jc 8c]
Dorex2007: bets $0.20
dubg58: calls $0.20
*** TURN *** [Ac Jc 8c] [Kh]
8UG5Y joins the table at seat #7 
Dorex2007: bets $0.80
dubg58: calls $0.79 and is all-in
Uncalled bet ($0.01) returned to Dorex2007
*** RIVER *** [Ac Jc 8c Kh] [Jd]
*** SHOW DOWN ***
Dorex2007: shows [7c 6c] (a flush, Ace high)
dubg58: shows [Qh Tc] (a straight, Ten to Ace)
Dorex2007 collected $2.06 from pot
*** SUMMARY ***
Total pot $2.13 | Rake $0.07 
Board [Ac Jc 8c Kh Jd]
Seat 1: skuzubov folded before Flop (didn't bet)
Seat 2: Dorex2007 showed [7c 6c] and won ($2.06) with a flush, Ace high
Seat 3: gringhostil folded before Flop (didn't bet)
Seat 4: dubg58 showed [Qh Tc] and lost with a straight, Ten to Ace
Seat 5: noonehasever (button) folded before Flop (didn't bet)
Seat 6: hejomocr (small blind) folded before Flop
Seat 8: Pieckhardt (big blind) folded before Flop
Seat 9: Dog Weed folded before Flop (didn't bet)



PokerStars Hand #224949568362:  Hold'em No Limit ($0.01/$0.02 USD) - 2021/03/18 16:34:11 PT [2021/03/18 19:34:11 ET]
Table 'Figneria' 9-max Seat #6 is the button
Seat 1: skuzubov ($3.92 in chips) 
Seat 2: Dorex2007 ($2.48 in chips) 
Seat 3: gringhostil ($2.51 in chips) 
Seat 5: noonehasever ($0.84 in chips) 
Seat 6: hejomocr ($2.72 in chips) 
Seat 8: Pieckhardt ($2.76 in chips) 
Seat 9: Dog Weed ($1.24 in chips) 
Pieckhardt: posts small blind $0.01
Dog Weed: posts big blind $0.02
*** HOLE CARDS ***
Dealt to Dorex2007 [Qc 7c]
skuzubov: folds 
Dorex2007: folds 
gringhostil: calls $0.02
noonehasever: calls $0.02
hejomocr: folds 
Pieckhardt: calls $0.01
Dog Weed: checks 
*** FLOP *** [8c 6c 3h]
Pieckhardt: checks 
Dog Weed: checks 
gringhostil: checks 
noonehasever: bets $0.04
Pieckhardt: folds 
Dog Weed: calls $0.04
gringhostil: calls $0.04
*** TURN *** [8c 6c 3h] [4d]
Dog Weed: checks 
gringhostil: checks 
noonehasever: checks 
*** RIVER *** [8c 6c 3h 4d] [Td]
Dog Weed: bets $0.10
gringhostil: folds 
noonehasever: calls $0.10
*** SHOW DOWN ***
Dog Weed: shows [3s Tc] (two pair, Tens and Threes)
noonehasever: mucks hand 
Dog Weed collected $0.39 from pot
*** SUMMARY ***
Total pot $0.40 | Rake $0.01 
Board [8c 6c 3h 4d Td]
Seat 1: skuzubov folded before Flop (didn't bet)
Seat 2: Dorex2007 folded before Flop (didn't bet)
Seat 3: gringhostil folded on the River
Seat 5: noonehasever mucked [9h Th]
Seat 6: hejomocr (button) folded before Flop (didn't bet)
Seat 8: Pieckhardt (small blind) folded on the Flop
Seat 9: Dog Weed (big blind) showed [3s Tc] and won ($0.39) with two pair, Tens and Threes



PokerStars Hand #224949611025:  Hold'em No Limit ($0.01/$0.02 USD) - 2021/03/18 16:35:27 PT [2021/03/18 19:35:27 ET]
Table 'Figneria' 9-max Seat #8 is the button
Seat 1: skuzubov ($3.92 in chips) 
Seat 2: Dorex2007 ($2.48 in chips) 
Seat 3: gringhostil ($2.45 in chips) 
Seat 4: dubg58 ($2 in chips) 
Seat 5: noonehasever ($0.68 in chips) 
Seat 6: hejomocr ($2.72 in chips) 
Seat 7: 8UG5Y ($1.60 in chips) 
Seat 8: Pieckhardt ($2.74 in chips) 
Seat 9: Dog Weed ($1.47 in chips) 
Dog Weed: posts small blind $0.01
skuzubov: posts big blind $0.02
8UG5Y: posts big blind $0.02
*** HOLE CARDS ***
Dealt to Dorex2007 [Th 9h]
Dorex2007: folds 
gringhostil: folds 
dubg58: calls $0.02
noonehasever: raises $0.04 to $0.06
hejomocr: folds 
8UG5Y: folds 
Pieckhardt: calls $0.06
Dog Weed: folds 
skuzubov: calls $0.04
dubg58: calls $0.04
*** FLOP *** [3h Kh 8d]
skuzubov: checks 
dubg58: checks 
noonehasever: bets $0.13
Pieckhardt: calls $0.13
skuzubov: folds 
dubg58: folds 
*** TURN *** [3h Kh 8d] [Ah]
noonehasever: checks 
Pieckhardt: bets $0.49
noonehasever: folds 
Uncalled bet ($0.49) returned to Pieckhardt
Pieckhardt collected $0.51 from pot
Pieckhardt: doesn't show hand 
*** SUMMARY ***
Total pot $0.53 | Rake $0.02 
Board [3h Kh 8d Ah]
Seat 1: skuzubov (big blind) folded on the Flop
Seat 2: Dorex2007 folded before Flop (didn't bet)
Seat 3: gringhostil folded before Flop (didn't bet)
Seat 4: dubg58 folded on the Flop
Seat 5: noonehasever folded on the Turn
Seat 6: hejomocr folded before Flop (didn't bet)
Seat 7: 8UG5Y folded before Flop (didn't bet)
Seat 8: Pieckhardt (button) collected ($0.51)
Seat 9: Dog Weed (small blind) folded before Flop



PokerStars Hand #224949647066:  Hold'em No Limit ($0.01/$0.02 USD) - 2021/03/18 16:36:46 PT [2021/03/18 19:36:46 ET]
Table 'Figneria' 9-max Seat #9 is the button
Seat 1: skuzubov ($3.86 in chips) 
Seat 2: Dorex2007 ($2.48 in chips) 
Seat 3: gringhostil ($2.45 in chips) 
Seat 4: dubg58 ($1.94 in chips) 
Seat 5: noonehasever ($0.49 in chips) 
Seat 6: hejomocr ($2.72 in chips) 
Seat 7: 8UG5Y ($1.58 in chips) 
Seat 8: Pieckhardt ($3.06 in chips) 
Seat 9: Dog Weed ($1.46 in chips) 
skuzubov: posts small blind $0.01
Dorex2007: posts big blind $0.02
*** HOLE CARDS ***
Dealt to Dorex2007 [6d Jc]
gringhostil: folds 
dubg58: folds 
noonehasever: raises $0.04 to $0.06
hejomocr: folds 
8UG5Y: folds 
Pieckhardt: folds 
Dog Weed: calls $0.06
skuzubov: folds 
Dorex2007: folds 
*** FLOP *** [Kc Kh 6s]
noonehasever: bets $0.07
Dog Weed: folds 
Uncalled bet ($0.07) returned to noonehasever
noonehasever collected $0.14 from pot
noonehasever: doesn't show hand 
*** SUMMARY ***
Total pot $0.15 | Rake $0.01 
Board [Kc Kh 6s]
Seat 1: skuzubov (small blind) folded before Flop
Seat 2: Dorex2007 (big blind) folded before Flop
Seat 3: gringhostil folded before Flop (didn't bet)
Seat 4: dubg58 folded before Flop (didn't bet)
Seat 5: noonehasever collected ($0.14)
Seat 6: hejomocr folded before Flop (didn't bet)
Seat 7: 8UG5Y folded before Flop (didn't bet)
Seat 8: Pieckhardt folded before Flop (didn't bet)
Seat 9: Dog Weed (button) folded on the Flop



PokerStars Hand #224949668335:  Hold'em No Limit ($0.01/$0.02 USD) - 2021/03/18 16:37:32 PT [2021/03/18 19:37:32 ET]
Table 'Figneria' 9-max Seat #1 is the button
Seat 1: skuzubov ($3.85 in chips) 
Seat 2: Dorex2007 ($2.46 in chips) 
Seat 3: gringhostil ($2.45 in chips) 
Seat 4: dubg58 ($1.94 in chips) 
Seat 5: noonehasever ($0.57 in chips) 
Seat 6: hejomocr ($2.72 in chips) 
Seat 7: 8UG5Y ($1.58 in chips) 
Seat 8: Pieckhardt ($3.06 in chips) 
Seat 9: Dog Weed ($1.40 in chips) 
Dorex2007: posts small blind $0.01
gringhostil: posts big blind $0.02
*** HOLE CARDS ***
Dealt to Dorex2007 [4h 3d]
dubg58: folds 
noonehasever: folds 
noonehasever leaves the table
Artinvestpro joins the table at seat #5 
hejomocr: folds 
8UG5Y: folds 
Pieckhardt has timed out
Pieckhardt: folds 
Dog Weed: folds 
skuzubov: folds 
Dorex2007: folds 
Uncalled bet ($0.01) returned to gringhostil
gringhostil collected $0.02 from pot
gringhostil: doesn't show hand 
*** SUMMARY ***
Total pot $0.02 | Rake $0 
Seat 1: skuzubov (button) folded before Flop (didn't bet)
Seat 2: Dorex2007 (small blind) folded before Flop
Seat 3: gringhostil (big blind) collected ($0.02)
Seat 4: dubg58 folded before Flop (didn't bet)
Seat 5: noonehasever folded before Flop (didn't bet)
Seat 6: hejomocr folded before Flop (didn't bet)
Seat 7: 8UG5Y folded before Flop (didn't bet)
Seat 8: Pieckhardt folded before Flop (didn't bet)
Seat 9: Dog Weed folded before Flop (didn't bet)



PokerStars Hand #224949682148:  Hold'em No Limit ($0.01/$0.02 USD) - 2021/03/18 16:38:03 PT [2021/03/18 19:38:03 ET]
Table 'Figneria' 9-max Seat #2 is the button
Seat 1: skuzubov ($3.85 in chips) 
Seat 2: Dorex2007 ($2.45 in chips) 
Seat 3: gringhostil ($2.46 in chips) 
Seat 4: dubg58 ($1.94 in chips) 
Seat 5: Artinvestpro ($0.80 in chips) 
Seat 6: hejomocr ($2.72 in chips) 
Seat 7: 8UG5Y ($1.58 in chips) 
Seat 8: Pieckhardt ($3.06 in chips) 
Seat 9: Dog Weed ($1.40 in chips) 
gringhostil: posts small blind $0.01
dubg58: posts big blind $0.02
Artinvestpro: posts big blind $0.02
*** HOLE CARDS ***
Dealt to Dorex2007 [5h 7c]
Artinvestpro: raises $0.04 to $0.06
hejomocr: folds 
8UG5Y: folds 
Pieckhardt: folds 
Dog Weed: folds 
skuzubov: folds 
Dorex2007: folds 
gringhostil: calls $0.05
dubg58: calls $0.04
*** FLOP *** [Jc Jd Qd]
gringhostil: checks 
dubg58: checks 
Artinvestpro: bets $0.17
gringhostil: calls $0.17
dubg58: folds 
*** TURN *** [Jc Jd Qd] [Ah]
gringhostil: checks 
Artinvestpro: bets $0.50
gringhostil: raises $0.50 to $1
Artinvestpro: calls $0.07 and is all-in
Uncalled bet ($0.43) returned to gringhostil
*** RIVER *** [Jc Jd Qd Ah] [4c]
*** SHOW DOWN ***
gringhostil: shows [9d Td] (a pair of Jacks)
Artinvestpro: shows [3s 5c] (a pair of Jacks - lower kicker)
gringhostil cashed out the hand for $1.32 | Cash Out Fee $0.01
*** SUMMARY ***
Total pot $1.66 | Rake $0.06 
Board [Jc Jd Qd Ah 4c]
Seat 1: skuzubov folded before Flop (didn't bet)
Seat 2: Dorex2007 (button) folded before Flop (didn't bet)
Seat 3: gringhostil (small blind) showed [9d Td] and won ($1.60) with a pair of Jacks (pot not awarded as player cashed out)
Seat 4: dubg58 (big blind) folded on the Flop
Seat 5: Artinvestpro showed [3s 5c] and lost with a pair of Jacks
Seat 6: hejomocr folded before Flop (didn't bet)
Seat 7: 8UG5Y folded before Flop (didn't bet)
Seat 8: Pieckhardt folded before Flop (didn't bet)
Seat 9: Dog Weed folded before Flop (didn't bet)



PokerStars Hand #224949718578:  Hold'em No Limit ($0.01/$0.02 USD) - 2021/03/18 16:39:23 PT [2021/03/18 19:39:23 ET]
Table 'Figneria' 9-max Seat #3 is the button
Seat 1: skuzubov ($3.85 in chips) 
Seat 2: Dorex2007 ($2.45 in chips) 
Seat 3: gringhostil ($2.98 in chips) 
Seat 4: dubg58 ($1.88 in chips) 
Seat 6: hejomocr ($2.72 in chips) 
Seat 7: 8UG5Y ($1.58 in chips) 
Seat 8: Pieckhardt ($3.06 in chips) 
Seat 9: Dog Weed ($1.40 in chips) 
dubg58: posts small blind $0.01
hejomocr: posts big blind $0.02
*** HOLE CARDS ***
Dealt to Dorex2007 [5c 2d]
8UG5Y: folds 
Pieckhardt: folds 
Dog Weed: folds 
skuzubov: folds 
Dorex2007: folds 
gringhostil: folds 
dubg58: calls $0.01
hejomocr: checks 
*** FLOP *** [Tc Qd Ts]
Artinvestpro leaves the table
dubg58: checks 
hejomocr: bets $0.03
dubg58: calls $0.03
*** TURN *** [Tc Qd Ts] [3d]
dubg58: checks 
hejomocr: bets $0.08
dubg58: folds 
Uncalled bet ($0.08) returned to hejomocr
hejomocr collected $0.10 from pot
hejomocr: doesn't show hand 
*** SUMMARY ***
Total pot $0.10 | Rake $0 
Board [Tc Qd Ts 3d]
Seat 1: skuzubov folded before Flop (didn't bet)
Seat 2: Dorex2007 folded before Flop (didn't bet)
Seat 3: gringhostil (button) folded before Flop (didn't bet)
Seat 4: dubg58 (small blind) folded on the Turn
Seat 6: hejomocr (big blind) collected ($0.10)
Seat 7: 8UG5Y folded before Flop (didn't bet)
Seat 8: Pieckhardt folded before Flop (didn't bet)
Seat 9: Dog Weed folded before Flop (didn't bet)



PokerStars Hand #224949750875:  Hold'em No Limit ($0.01/$0.02 USD) - 2021/03/18 16:40:22 PT [2021/03/18 19:40:22 ET]
Table 'Figneria' 9-max Seat #4 is the button
Seat 1: skuzubov ($3.85 in chips) 
Seat 2: Dorex2007 ($2.45 in chips) 
Seat 3: gringhostil ($2.98 in chips) 
Seat 4: dubg58 ($1.83 in chips) 
Seat 6: hejomocr ($2.77 in chips) 
Seat 7: 8UG5Y ($1.58 in chips) 
Seat 8: Pieckhardt ($3.06 in chips) 
Seat 9: Dog Weed ($1.40 in chips) 
hejomocr: posts small blind $0.01
8UG5Y: posts big blind $0.02
*** HOLE CARDS ***
Dealt to Dorex2007 [2d Jd]
Pieckhardt: calls $0.02
Dog Weed: folds 
skuzubov: folds 
Dorex2007: folds 
gringhostil: calls $0.02
dubg58: calls $0.02
hejomocr: folds 
8UG5Y: checks 
*** FLOP *** [4d 7h 8s]
8UG5Y: checks 
Pieckhardt: checks 
Alemarcori95 joins the table at seat #5 
gringhostil: checks 
dubg58: checks 
*** TURN *** [4d 7h 8s] [8h]
8UG5Y: checks 
Pieckhardt: checks 
gringhostil: bets $0.06
dubg58: folds 
8UG5Y: folds 
Pieckhardt: calls $0.06
*** RIVER *** [4d 7h 8s 8h] [Kd]
Pieckhardt: checks 
gringhostil: checks 
*** SHOW DOWN ***
Pieckhardt: shows [4c Jh] (two pair, Eights and Fours)
gringhostil: shows [7c As] (two pair, Eights and Sevens)
gringhostil collected $0.20 from pot
*** SUMMARY ***
Total pot $0.21 | Rake $0.01 
Board [4d 7h 8s 8h Kd]
Seat 1: skuzubov folded before Flop (didn't bet)
Seat 2: Dorex2007 folded before Flop (didn't bet)
Seat 3: gringhostil showed [7c As] and won ($0.20) with two pair, Eights and Sevens
Seat 4: dubg58 (button) folded on the Turn
Seat 6: hejomocr (small blind) folded before Flop
Seat 7: 8UG5Y (big blind) folded on the Turn
Seat 8: Pieckhardt showed [4c Jh] and lost with two pair, Eights and Fours
Seat 9: Dog Weed folded before Flop (didn't bet)



PokerStars Hand #224949784961:  Hold'em No Limit ($0.01/$0.02 USD) - 2021/03/18 16:41:38 PT [2021/03/18 19:41:38 ET]
Table 'Figneria' 9-max Seat #6 is the button
Seat 1: skuzubov ($3.85 in chips) 
Seat 2: Dorex2007 ($2.45 in chips) 
Seat 3: gringhostil ($3.10 in chips) 
Seat 4: dubg58 ($1.81 in chips) 
Seat 6: hejomocr ($2.76 in chips) 
Seat 7: 8UG5Y ($1.56 in chips) 
Seat 8: Pieckhardt ($2.98 in chips) 
Seat 9: Dog Weed ($1.40 in chips) 
8UG5Y: posts small blind $0.01
Pieckhardt: posts big blind $0.02
Alemarcori95: sits out 
*** HOLE CARDS ***
Dealt to Dorex2007 [5d Qd]
Dog Weed: raises $0.04 to $0.06
skuzubov: folds 
Dorex2007: folds 
gringhostil: folds 
dubg58: folds 
hejomocr: calls $0.06
8UG5Y: folds 
Pieckhardt: folds 
*** FLOP *** [Ac 5h 9d]
Dog Weed: bets $0.10
hejomocr: folds 
Uncalled bet ($0.10) returned to Dog Weed
Dog Weed collected $0.14 from pot
Dog Weed: doesn't show hand 
*** SUMMARY ***
Total pot $0.15 | Rake $0.01 
Board [Ac 5h 9d]
Seat 1: skuzubov folded before Flop (didn't bet)
Seat 2: Dorex2007 folded before Flop (didn't bet)
Seat 3: gringhostil folded before Flop (didn't bet)
Seat 4: dubg58 folded before Flop (didn't bet)
Seat 6: hejomocr (button) folded on the Flop
Seat 7: 8UG5Y (small blind) folded before Flop
Seat 8: Pieckhardt (big blind) folded before Flop
Seat 9: Dog Weed collected ($0.14)



PokerStars Hand #224949798711:  Hold'em No Limit ($0.01/$0.02 USD) - 2021/03/18 16:42:09 PT [2021/03/18 19:42:09 ET]
Table 'Figneria' 9-max Seat #7 is the button
Seat 1: skuzubov ($3.85 in chips) 
Seat 2: Dorex2007 ($2.45 in chips) 
Seat 3: gringhostil ($3.10 in chips) 
Seat 4: dubg58 ($1.81 in chips) 
Seat 6: hejomocr ($2.70 in chips) 
Seat 7: 8UG5Y ($1.55 in chips) 
Seat 8: Pieckhardt ($2.96 in chips) 
Seat 9: Dog Weed ($1.48 in chips) 
Pieckhardt: posts small blind $0.01
Dog Weed: posts big blind $0.02
Alemarcori95: sits out 
*** HOLE CARDS ***
Dealt to Dorex2007 [Qh 3h]
skuzubov: folds 
Dorex2007: folds 
gringhostil: folds 
dubg58: folds 
hejomocr: folds 
8UG5Y: folds 
Pieckhardt: folds 
Uncalled bet ($0.01) returned to Dog Weed
Dog Weed collected $0.02 from pot
Dog Weed: doesn't show hand 
*** SUMMARY ***
Total pot $0.02 | Rake $0 
Seat 1: skuzubov folded before Flop (didn't bet)
Seat 2: Dorex2007 folded before Flop (didn't bet)
Seat 3: gringhostil folded before Flop (didn't bet)
Seat 4: dubg58 folded before Flop (didn't bet)
Seat 6: hejomocr folded before Flop (didn't bet)
Seat 7: 8UG5Y (button) folded before Flop (didn't bet)
Seat 8: Pieckhardt (small blind) folded before Flop
Seat 9: Dog Weed (big blind) collected ($0.02)



PokerStars Hand #224949806471:  Hold'em No Limit ($0.01/$0.02 USD) - 2021/03/18 16:42:27 PT [2021/03/18 19:42:27 ET]
Table 'Figneria' 9-max Seat #8 is the button
Seat 1: skuzubov ($3.85 in chips) 
Seat 2: Dorex2007 ($2.45 in chips) 
Seat 3: gringhostil ($3.10 in chips) 
Seat 4: dubg58 ($1.81 in chips) 
Seat 6: hejomocr ($2.70 in chips) 
Seat 7: 8UG5Y ($1.55 in chips) 
Seat 8: Pieckhardt ($2.95 in chips) 
Seat 9: Dog Weed ($1.49 in chips) 
Dog Weed: posts small blind $0.01
skuzubov: posts big blind $0.02
Alemarcori95: sits out 
*** HOLE CARDS ***
Dealt to Dorex2007 [Jc Qs]
Dorex2007: folds 
gringhostil: folds 
dubg58: folds 
hejomocr: folds 
8UG5Y: folds 
Pieckhardt: calls $0.02
Dog Weed: folds 
skuzubov: checks 
*** FLOP *** [2s 5c Qh]
skuzubov: checks 
Pieckhardt: checks 
*** TURN *** [2s 5c Qh] [2c]
skuzubov: checks 
Pieckhardt: checks 
*** RIVER *** [2s 5c Qh 2c] [Ks]
skuzubov: checks 
Pieckhardt: bets $0.13
skuzubov: folds 
Uncalled bet ($0.13) returned to Pieckhardt
Pieckhardt collected $0.05 from pot
Pieckhardt: doesn't show hand 
*** SUMMARY ***
Total pot $0.05 | Rake $0 
Board [2s 5c Qh 2c Ks]
Seat 1: skuzubov (big blind) folded on the River
Seat 2: Dorex2007 folded before Flop (didn't bet)
Seat 3: gringhostil folded before Flop (didn't bet)
Seat 4: dubg58 folded before Flop (didn't bet)
Seat 6: hejomocr folded before Flop (didn't bet)
Seat 7: 8UG5Y folded before Flop (didn't bet)
Seat 8: Pieckhardt (button) collected ($0.05)
Seat 9: Dog Weed (small blind) folded before Flop



PokerStars Hand #224949827961:  Hold'em No Limit ($0.01/$0.02 USD) - 2021/03/18 16:43:15 PT [2021/03/18 19:43:15 ET]
Table 'Figneria' 9-max Seat #9 is the button
Seat 1: skuzubov ($3.83 in chips) 
Seat 2: Dorex2007 ($2.45 in chips) 
Seat 3: gringhostil ($3.10 in chips) 
Seat 4: dubg58 ($1.81 in chips) 
Seat 6: hejomocr ($2.70 in chips) 
Seat 7: 8UG5Y ($1.55 in chips) 
Seat 8: Pieckhardt ($2.98 in chips) 
Seat 9: Dog Weed ($1.48 in chips) 
skuzubov: posts small blind $0.01
Dorex2007: posts big blind $0.02
Alemarcori95: sits out 
*** HOLE CARDS ***
Dealt to Dorex2007 [Ad 7h]
gringhostil: raises $0.04 to $0.06
dubg58: folds 
hejomocr: folds 
8UG5Y: folds 
Pieckhardt: calls $0.06
Dog Weed: folds 
skuzubov: folds 
Dorex2007: folds 
*** FLOP *** [9h 4c 9c]
gringhostil: bets $0.14
Pieckhardt: calls $0.14
*** TURN *** [9h 4c 9c] [Ah]
gringhostil: bets $0.41
Pieckhardt: calls $0.41
*** RIVER *** [9h 4c 9c Ah] [2h]
gringhostil: bets $1.21
Pieckhardt: calls $1.21
*** SHOW DOWN ***
gringhostil: shows [Qc Qd] (two pair, Queens and Nines)
Pieckhardt: shows [Kh 6h] (a flush, Ace high)
Pieckhardt collected $3.54 from pot
*** SUMMARY ***
Total pot $3.67 | Rake $0.13 
Board [9h 4c 9c Ah 2h]
Seat 1: skuzubov (small blind) folded before Flop
Seat 2: Dorex2007 (big blind) folded before Flop
Seat 3: gringhostil showed [Qc Qd] and lost with two pair, Queens and Nines
Seat 4: dubg58 folded before Flop (didn't bet)
Seat 6: hejomocr folded before Flop (didn't bet)
Seat 7: 8UG5Y folded before Flop (didn't bet)
Seat 8: Pieckhardt showed [Kh 6h] and won ($3.54) with a flush, Ace high
Seat 9: Dog Weed (button) folded before Flop (didn't bet)



PokerStars Hand #224949847976:  Hold'em No Limit ($0.01/$0.02 USD) - 2021/03/18 16:44:01 PT [2021/03/18 19:44:01 ET]
Table 'Figneria' 9-max Seat #1 is the button
Seat 1: skuzubov ($3.82 in chips) 
Seat 2: Dorex2007 ($2.43 in chips) 
Seat 3: gringhostil ($1.28 in chips) 
Seat 4: dubg58 ($1.81 in chips) 
Seat 6: hejomocr ($2.70 in chips) 
Seat 7: 8UG5Y ($1.55 in chips) 
Seat 8: Pieckhardt ($4.70 in chips) 
Seat 9: Dog Weed ($1.48 in chips) 
Dorex2007: posts small blind $0.01
gringhostil: posts big blind $0.02
Alemarcori95: sits out 
*** HOLE CARDS ***
Dealt to Dorex2007 [Qd Kc]
dubg58: folds 
hejomocr: folds 
8UG5Y: raises $0.04 to $0.06
Pieckhardt: folds 
Dog Weed: folds 
Pieckhardt leaves the table
skuzubov: calls $0.06
Dorex2007: folds 
gringhostil: folds 
*** FLOP *** [Qc 2d Tc]
8UG5Y: bets $0.11
erikadirago joins the table at seat #8 
skuzubov: calls $0.11
*** TURN *** [Qc 2d Tc] [Jh]
8UG5Y: bets $0.27
skuzubov: folds 
Uncalled bet ($0.27) returned to 8UG5Y
8UG5Y collected $0.36 from pot
8UG5Y: doesn't show hand 
*** SUMMARY ***
Total pot $0.37 | Rake $0.01 
Board [Qc 2d Tc Jh]
Seat 1: skuzubov (button) folded on the Turn
Seat 2: Dorex2007 (small blind) folded before Flop
Seat 3: gringhostil (big blind) folded before Flop
Seat 4: dubg58 folded before Flop (didn't bet)
Seat 6: hejomocr folded before Flop (didn't bet)
Seat 7: 8UG5Y collected ($0.36)
Seat 8: Pieckhardt folded before Flop (didn't bet)
Seat 9: Dog Weed folded before Flop (didn't bet)



PokerStars Hand #224949874573:  Hold'em No Limit ($0.01/$0.02 USD) - 2021/03/18 16:44:54 PT [2021/03/18 19:44:54 ET]
Table 'Figneria' 9-max Seat #2 is the button
Seat 1: skuzubov ($3.65 in chips) 
Seat 2: Dorex2007 ($2.42 in chips) 
Seat 3: gringhostil ($1.26 in chips) 
Seat 4: dubg58 ($1.81 in chips) 
Seat 6: hejomocr ($2.70 in chips) 
Seat 7: 8UG5Y ($1.74 in chips) 
Seat 9: Dog Weed ($1.48 in chips) 
gringhostil: posts small blind $0.01
dubg58: posts big blind $0.02
Alemarcori95: sits out 
erikadirago: sits out 
*** HOLE CARDS ***
Dealt to Dorex2007 [Jh 2h]
hejomocr: folds 
8UG5Y: folds 
Dog Weed: raises $0.04 to $0.06
skuzubov: folds 
Dorex2007: folds 
gringhostil: calls $0.05
dubg58: calls $0.04
*** FLOP *** [7h 7c Qd]
gringhostil: bets $0.17
dubg58: folds 
Dog Weed: folds 
Uncalled bet ($0.17) returned to gringhostil
gringhostil collected $0.17 from pot
gringhostil: doesn't show hand 
*** SUMMARY ***
Total pot $0.18 | Rake $0.01 
Board [7h 7c Qd]
Seat 1: skuzubov folded before Flop (didn't bet)
Seat 2: Dorex2007 (button) folded before Flop (didn't bet)
Seat 3: gringhostil (small blind) collected ($0.17)
Seat 4: dubg58 (big blind) folded on the Flop
Seat 6: hejomocr folded before Flop (didn't bet)
Seat 7: 8UG5Y folded before Flop (didn't bet)
Seat 9: Dog Weed folded on the Flop



PokerStars Hand #224949888153:  Hold'em No Limit ($0.01/$0.02 USD) - 2021/03/18 16:45:24 PT [2021/03/18 19:45:24 ET]
Table 'Figneria' 9-max Seat #3 is the button
Seat 1: skuzubov ($3.65 in chips) 
Seat 2: Dorex2007 ($2.42 in chips) 
Seat 3: gringhostil ($1.37 in chips) 
Seat 4: dubg58 ($1.75 in chips) 
Seat 5: Alemarcori95 ($2 in chips) 
Seat 6: hejomocr ($2.70 in chips) 
Seat 7: 8UG5Y ($1.74 in chips) 
Seat 9: Dog Weed ($1.42 in chips) 
dubg58: posts small blind $0.01
Alemarcori95: posts big blind $0.02
erikadirago: sits out 
*** HOLE CARDS ***
Dealt to Dorex2007 [Ks 4h]
hejomocr has timed out
hejomocr: folds 
8UG5Y: folds 
Dog Weed: folds 
skuzubov: folds 
Dorex2007: folds 
gringhostil: calls $0.02
dubg58: calls $0.01
Alemarcori95: checks 
*** FLOP *** [As 6s 8s]
dubg58: bets $0.02
Alemarcori95: folds 
gringhostil: folds 
Uncalled bet ($0.02) returned to dubg58
dubg58 collected $0.06 from pot
*** SUMMARY ***
Total pot $0.06 | Rake $0 
Board [As 6s 8s]
Seat 1: skuzubov folded before Flop (didn't bet)
Seat 2: Dorex2007 folded before Flop (didn't bet)
Seat 3: gringhostil (button) folded on the Flop
Seat 4: dubg58 (small blind) collected ($0.06)
Seat 5: Alemarcori95 (big blind) folded on the Flop
Seat 6: hejomocr folded before Flop (didn't bet)
Seat 7: 8UG5Y folded before Flop (didn't bet)
Seat 9: Dog Weed folded before Flop (didn't bet)



PokerStars Hand #224949905159:  Hold'em No Limit ($0.01/$0.02 USD) - 2021/03/18 16:46:03 PT [2021/03/18 19:46:03 ET]
Table 'Figneria' 9-max Seat #4 is the button
Seat 1: skuzubov ($3.65 in chips) 
Seat 2: Dorex2007 ($2.42 in chips) 
Seat 3: gringhostil ($1.35 in chips) 
Seat 4: dubg58 ($1.79 in chips) 
Seat 5: Alemarcori95 ($1.98 in chips) 
Seat 6: hejomocr ($2.70 in chips) 
Seat 7: 8UG5Y ($1.74 in chips) 
Seat 9: Dog Weed ($1.42 in chips) 
Alemarcori95: posts small blind $0.01
hejomocr: posts big blind $0.02
erikadirago: sits out 
*** HOLE CARDS ***
Dealt to Dorex2007 [9d 9s]
8UG5Y: folds 
Dog Weed: folds 
skuzubov: folds 
Dorex2007: raises $0.04 to $0.06
gringhostil: calls $0.06
dubg58: folds 
Alemarcori95: folds 
hejomocr: folds 
*** FLOP *** [Ad 8d Tc]
Dorex2007: bets $0.14
gringhostil: calls $0.14
*** TURN *** [Ad 8d Tc] [Kc]
Dorex2007: checks 
gringhostil: bets $1.15 and is all-in
Dorex2007: folds 
Uncalled bet ($1.15) returned to gringhostil
gringhostil collected $0.41 from pot
gringhostil: doesn't show hand 
*** SUMMARY ***
Total pot $0.43 | Rake $0.02 
Board [Ad 8d Tc Kc]
Seat 1: skuzubov folded before Flop (didn't bet)
Seat 2: Dorex2007 folded on the Turn
Seat 3: gringhostil collected ($0.41)
Seat 4: dubg58 (button) folded before Flop (didn't bet)
Seat 5: Alemarcori95 (small blind) folded before Flop
Seat 6: hejomocr (big blind) folded before Flop
Seat 7: 8UG5Y folded before Flop (didn't bet)
Seat 9: Dog Weed folded before Flop (didn't bet)



PokerStars Hand #224949929360:  Hold'em No Limit ($0.01/$0.02 USD) - 2021/03/18 16:46:58 PT [2021/03/18 19:46:58 ET]
Table 'Figneria' 9-max Seat #5 is the button
Seat 1: skuzubov ($3.65 in chips) 
Seat 2: Dorex2007 ($2.22 in chips) 
Seat 3: gringhostil ($1.56 in chips) 
Seat 4: dubg58 ($1.79 in chips) 
Seat 5: Alemarcori95 ($1.97 in chips) 
Seat 6: hejomocr ($2.68 in chips) 
Seat 7: 8UG5Y ($1.74 in chips) 
Seat 9: Dog Weed ($1.42 in chips) 
hejomocr: posts small blind $0.01
8UG5Y: posts big blind $0.02
erikadirago: sits out 
*** HOLE CARDS ***
Dealt to Dorex2007 [4d 3c]
Dog Weed: folds 
skuzubov: folds 
Dorex2007: folds 
gringhostil: calls $0.02
dubg58: folds 
Alemarcori95: folds 
hejomocr: folds 
8UG5Y: checks 
*** FLOP *** [2c 7c Ah]
8UG5Y: checks 
gringhostil: checks 
*** TURN *** [2c 7c Ah] [8c]
8UG5Y: checks 
gringhostil: checks 
*** RIVER *** [2c 7c Ah 8c] [5d]
8UG5Y: checks 
gringhostil: checks 
*** SHOW DOWN ***
8UG5Y: shows [Ks 6h] (high card Ace)
gringhostil: shows [Kh Td] (high card Ace - King+Ten kicker)
gringhostil collected $0.05 from pot
*** SUMMARY ***
Total pot $0.05 | Rake $0 
Board [2c 7c Ah 8c 5d]
Seat 1: skuzubov folded before Flop (didn't bet)
Seat 2: Dorex2007 folded before Flop (didn't bet)
Seat 3: gringhostil showed [Kh Td] and won ($0.05) with high card Ace
Seat 4: dubg58 folded before Flop (didn't bet)
Seat 5: Alemarcori95 (button) folded before Flop (didn't bet)
Seat 6: hejomocr (small blind) folded before Flop
Seat 7: 8UG5Y (big blind) showed [Ks 6h] and lost with high card Ace
Seat 9: Dog Weed folded before Flop (didn't bet)



PokerStars Hand #224949951231:  Hold'em No Limit ($0.01/$0.02 USD) - 2021/03/18 16:47:48 PT [2021/03/18 19:47:48 ET]
Table 'Figneria' 9-max Seat #6 is the button
Seat 1: skuzubov ($3.65 in chips) 
Seat 2: Dorex2007 ($2.22 in chips) 
Seat 3: gringhostil ($1.59 in chips) 
Seat 4: dubg58 ($1.79 in chips) 
Seat 5: Alemarcori95 ($1.97 in chips) 
Seat 6: hejomocr ($2.67 in chips) 
Seat 7: 8UG5Y ($1.72 in chips) 
Seat 8: erikadirago ($1.60 in chips) 
Seat 9: Dog Weed ($1.42 in chips) 
8UG5Y: posts small blind $0.01
erikadirago: posts big blind $0.02
*** HOLE CARDS ***
Dealt to Dorex2007 [9s Kc]
Dog Weed: folds 
skuzubov: folds 
Dorex2007: folds 
gringhostil: folds 
dubg58: folds 
Alemarcori95: folds 
hejomocr: raises $0.06 to $0.08
8UG5Y: raises $0.10 to $0.18
erikadirago: folds 
hejomocr: folds 
Uncalled bet ($0.10) returned to 8UG5Y
8UG5Y collected $0.18 from pot
8UG5Y: doesn't show hand 
*** SUMMARY ***
Total pot $0.18 | Rake $0 
Seat 1: skuzubov folded before Flop (didn't bet)
Seat 2: Dorex2007 folded before Flop (didn't bet)
Seat 3: gringhostil folded before Flop (didn't bet)
Seat 4: dubg58 folded before Flop (didn't bet)
Seat 5: Alemarcori95 folded before Flop (didn't bet)
Seat 6: hejomocr (button) folded before Flop
Seat 7: 8UG5Y (small blind) collected ($0.18)
Seat 8: erikadirago (big blind) folded before Flop
Seat 9: Dog Weed folded before Flop (didn't bet)



PokerStars Hand #224949972058:  Hold'em No Limit ($0.01/$0.02 USD) - 2021/03/18 16:48:35 PT [2021/03/18 19:48:35 ET]
Table 'Figneria' 9-max Seat #7 is the button
Seat 1: skuzubov ($3.65 in chips) 
Seat 2: Dorex2007 ($2.22 in chips) 
Seat 3: gringhostil ($1.59 in chips) 
Seat 4: dubg58 ($1.79 in chips) 
Seat 5: Alemarcori95 ($1.97 in chips) 
Seat 6: hejomocr ($2.59 in chips) 
Seat 7: 8UG5Y ($1.82 in chips) 
Seat 8: erikadirago ($1.58 in chips) 
Seat 9: Dog Weed ($1.42 in chips) 
erikadirago: posts small blind $0.01
Dog Weed: posts big blind $0.02
*** HOLE CARDS ***
Dealt to Dorex2007 [8c 7h]
skuzubov: folds 
Dorex2007: folds 
gringhostil: raises $0.04 to $0.06
dubg58: folds 
Alemarcori95: folds 
hejomocr: folds 
8UG5Y: folds 
erikadirago: calls $0.05
Dog Weed: folds 
*** FLOP *** [5c 9s Jh]
erikadirago: bets $0.07
gringhostil: calls $0.07
*** TURN *** [5c 9s Jh] [8h]
erikadirago: checks 
gringhostil: bets $0.22
erikadirago: calls $0.22
*** RIVER *** [5c 9s Jh 8h] [Kh]
erikadirago: checks 
gringhostil: checks 
*** SHOW DOWN ***
erikadirago: shows [Kc Tc] (a pair of Kings)
gringhostil: mucks hand 
erikadirago collected $0.69 from pot
*** SUMMARY ***
Total pot $0.72 | Rake $0.03 
Board [5c 9s Jh 8h Kh]
Seat 1: skuzubov folded before Flop (didn't bet)
Seat 2: Dorex2007 folded before Flop (didn't bet)
Seat 3: gringhostil mucked [9c Ac]
Seat 4: dubg58 folded before Flop (didn't bet)
Seat 5: Alemarcori95 folded before Flop (didn't bet)
Seat 6: hejomocr folded before Flop (didn't bet)
Seat 7: 8UG5Y (button) folded before Flop (didn't bet)
Seat 8: erikadirago (small blind) showed [Kc Tc] and won ($0.69) with a pair of Kings
Seat 9: Dog Weed (big blind) folded before Flop



PokerStars Hand #224950009503:  Hold'em No Limit ($0.01/$0.02 USD) - 2021/03/18 16:49:41 PT [2021/03/18 19:49:41 ET]
Table 'Figneria' 9-max Seat #8 is the button
Seat 1: skuzubov ($3.65 in chips) 
Seat 2: Dorex2007 ($2.22 in chips) 
Seat 3: gringhostil ($1.24 in chips) 
Seat 4: dubg58 ($1.79 in chips) 
Seat 5: Alemarcori95 ($1.97 in chips) 
Seat 6: hejomocr ($2.59 in chips) 
Seat 7: 8UG5Y ($1.82 in chips) 
Seat 8: erikadirago ($1.92 in chips) 
Seat 9: Dog Weed ($1.40 in chips) 
Dog Weed: posts small blind $0.01
skuzubov: posts big blind $0.02
*** HOLE CARDS ***
Dealt to Dorex2007 [8s 5d]
Dorex2007: folds 
gringhostil: raises $0.04 to $0.06
dubg58: folds 
Alemarcori95: folds 
hejomocr: raises $0.15 to $0.21
8UG5Y: folds 
erikadirago: folds 
Dog Weed: calls $0.20
skuzubov: folds 
gringhostil: calls $0.15
*** FLOP *** [Ad Qh 6c]
Dog Weed: checks 
gringhostil: checks 
hejomocr: checks 
*** TURN *** [Ad Qh 6c] [7c]
Dog Weed: bets $0.63
gringhostil: folds 
hejomocr: folds 
Uncalled bet ($0.63) returned to Dog Weed
Dog Weed collected $0.63 from pot
Dog Weed: doesn't show hand 
*** SUMMARY ***
Total pot $0.65 | Rake $0.02 
Board [Ad Qh 6c 7c]
Seat 1: skuzubov (big blind) folded before Flop
Seat 2: Dorex2007 folded before Flop (didn't bet)
Seat 3: gringhostil folded on the Turn
Seat 4: dubg58 folded before Flop (didn't bet)
Seat 5: Alemarcori95 folded before Flop (didn't bet)
Seat 6: hejomocr folded on the Turn
Seat 7: 8UG5Y folded before Flop (didn't bet)
Seat 8: erikadirago (button) folded before Flop (didn't bet)
Seat 9: Dog Weed (small blind) collected ($0.63)



PokerStars Hand #224950038024:  Hold'em No Limit ($0.01/$0.02 USD) - 2021/03/18 16:50:47 PT [2021/03/18 19:50:47 ET]
Table 'Figneria' 9-max Seat #9 is the button
Seat 1: skuzubov ($3.63 in chips) 
Seat 2: Dorex2007 ($2.22 in chips) 
Seat 3: gringhostil ($1.03 in chips) 
Seat 4: dubg58 ($1.79 in chips) 
Seat 5: Alemarcori95 ($1.97 in chips) 
Seat 6: hejomocr ($2.38 in chips) 
Seat 7: 8UG5Y ($1.82 in chips) 
Seat 8: erikadirago ($1.92 in chips) 
Seat 9: Dog Weed ($1.82 in chips) 
skuzubov: posts small blind $0.01
Dorex2007: posts big blind $0.02
*** HOLE CARDS ***
Dealt to Dorex2007 [6s 5c]
gringhostil: folds 
dubg58: calls $0.02
Alemarcori95: folds 
hejomocr: folds 
8UG5Y: raises $0.03 to $0.05
erikadirago: folds 
Dog Weed: folds 
skuzubov: calls $0.04
Dorex2007: folds 
dubg58: calls $0.03
*** FLOP *** [8c 2c 2h]
skuzubov: checks 
dubg58: checks 
8UG5Y: checks 
*** TURN *** [8c 2c 2h] [6h]
skuzubov: checks 
dubg58: checks 
8UG5Y: bets $0.02
skuzubov: calls $0.02
dubg58: folds 
*** RIVER *** [8c 2c 2h 6h] [7h]
skuzubov: checks 
8UG5Y: bets $0.02
skuzubov: raises $0.18 to $0.20
8UG5Y: raises $0.75 to $0.95
skuzubov: calls $0.75
*** SHOW DOWN ***
8UG5Y: shows [2d 2s] (four of a kind, Deuces)
skuzubov: mucks hand 
8UG5Y collected $2.04 from pot
*** SUMMARY ***
Total pot $2.11 | Rake $0.07 
Board [8c 2c 2h 6h 7h]
Seat 1: skuzubov (small blind) mucked [Jh Ah]
Seat 2: Dorex2007 (big blind) folded before Flop
Seat 3: gringhostil folded before Flop (didn't bet)
Seat 4: dubg58 folded on the Turn
Seat 5: Alemarcori95 folded before Flop (didn't bet)
Seat 6: hejomocr folded before Flop (didn't bet)
Seat 7: 8UG5Y showed [2d 2s] and won ($2.04) with four of a kind, Deuces
Seat 8: erikadirago folded before Flop (didn't bet)
Seat 9: Dog Weed (button) folded before Flop (didn't bet)



PokerStars Hand #224950080288:  Hold'em No Limit ($0.01/$0.02 USD) - 2021/03/18 16:52:12 PT [2021/03/18 19:52:12 ET]
Table 'Figneria' 9-max Seat #1 is the button
Seat 1: skuzubov ($2.61 in chips) 
Seat 2: Dorex2007 ($2.20 in chips) 
Seat 3: gringhostil ($1.03 in chips) 
Seat 4: dubg58 ($1.74 in chips) 
Seat 5: Alemarcori95 ($1.97 in chips) 
Seat 6: hejomocr ($2.38 in chips) 
Seat 7: 8UG5Y ($2.84 in chips) 
Seat 8: erikadirago ($1.92 in chips) 
Seat 9: Dog Weed ($1.82 in chips) 
Dorex2007: posts small blind $0.01
gringhostil: posts big blind $0.02
*** HOLE CARDS ***
Dealt to Dorex2007 [Ts 4h]
dubg58: folds 
Alemarcori95: folds 
hejomocr: folds 
8UG5Y: folds 
erikadirago: folds 
Dog Weed: raises $0.04 to $0.06
skuzubov: folds 
Dorex2007: folds 
gringhostil: calls $0.04
*** FLOP *** [Kc 2h 7h]
gringhostil: checks 
Dog Weed: bets $0.10
gringhostil: folds 
Uncalled bet ($0.10) returned to Dog Weed
Dog Weed collected $0.13 from pot
Dog Weed: doesn't show hand 
*** SUMMARY ***
Total pot $0.13 | Rake $0 
Board [Kc 2h 7h]
Seat 1: skuzubov (button) folded before Flop (didn't bet)
Seat 2: Dorex2007 (small blind) folded before Flop
Seat 3: gringhostil (big blind) folded on the Flop
Seat 4: dubg58 folded before Flop (didn't bet)
Seat 5: Alemarcori95 folded before Flop (didn't bet)
Seat 6: hejomocr folded before Flop (didn't bet)
Seat 7: 8UG5Y folded before Flop (didn't bet)
Seat 8: erikadirago folded before Flop (didn't bet)
Seat 9: Dog Weed collected ($0.13)



PokerStars Hand #224950097177:  Hold'em No Limit ($0.01/$0.02 USD) - 2021/03/18 16:52:51 PT [2021/03/18 19:52:51 ET]
Table 'Figneria' 9-max Seat #2 is the button
Seat 1: skuzubov ($2.61 in chips) 
Seat 2: Dorex2007 ($2.19 in chips) 
Seat 3: gringhostil ($0.97 in chips) 
Seat 4: dubg58 ($1.74 in chips) 
Seat 5: Alemarcori95 ($1.97 in chips) 
Seat 6: hejomocr ($2.38 in chips) 
Seat 8: erikadirago ($1.92 in chips) 
Seat 9: Dog Weed ($1.89 in chips) 
gringhostil: posts small blind $0.01
dubg58: posts big blind $0.02
*** HOLE CARDS ***
Dealt to Dorex2007 [As 6c]
Alemarcori95: raises $0.02 to $0.04
hejomocr: folds 
erikadirago: folds 
Dog Weed: folds 
skuzubov: calls $0.04
Dorex2007: folds 
gringhostil: folds 
dubg58: calls $0.02
*** FLOP *** [Ad 7c 7h]
dubg58: checks 
Alemarcori95: checks 
skuzubov: checks 
*** TURN *** [Ad 7c 7h] [9c]
dubg58: checks 
Alemarcori95: bets $0.07
skuzubov: calls $0.07
dubg58: folds 
*** RIVER *** [Ad 7c 7h 9c] [2h]
Alemarcori95: checks 
skuzubov: checks 
*** SHOW DOWN ***
Alemarcori95: shows [Qh Kh] (a pair of Sevens)
skuzubov: shows [Ac 2c] (two pair, Aces and Sevens)
skuzubov collected $0.26 from pot
*** SUMMARY ***
Total pot $0.27 | Rake $0.01 
Board [Ad 7c 7h 9c 2h]
Seat 1: skuzubov showed [Ac 2c] and won ($0.26) with two pair, Aces and Sevens
Seat 2: Dorex2007 (button) folded before Flop (didn't bet)
Seat 3: gringhostil (small blind) folded before Flop
Seat 4: dubg58 (big blind) folded on the Turn
Seat 5: Alemarcori95 showed [Qh Kh] and lost with a pair of Sevens
Seat 6: hejomocr folded before Flop (didn't bet)
Seat 8: erikadirago folded before Flop (didn't bet)
Seat 9: Dog Weed folded before Flop (didn't bet)



PokerStars Hand #224950120720:  Hold'em No Limit ($0.01/$0.02 USD) - 2021/03/18 16:53:46 PT [2021/03/18 19:53:46 ET]
Table 'Figneria' 9-max Seat #3 is the button
Seat 1: skuzubov ($2.76 in chips) 
Seat 2: Dorex2007 ($2.19 in chips) 
Seat 3: gringhostil ($0.96 in chips) 
Seat 4: dubg58 ($1.70 in chips) 
Seat 5: Alemarcori95 ($1.86 in chips) 
Seat 6: hejomocr ($2.38 in chips) 
Seat 8: erikadirago ($1.92 in chips) 
Seat 9: Dog Weed ($1.89 in chips) 
dubg58: posts small blind $0.01
Alemarcori95: posts big blind $0.02
*** HOLE CARDS ***
Dealt to Dorex2007 [9s Ks]
hejomocr: folds 
erikadirago: folds 
Dog Weed: folds 
skuzubov: raises $0.02 to $0.04
Dorex2007: folds 
gringhostil: calls $0.04
dubg58: calls $0.03
Alemarcori95: calls $0.02
*** FLOP *** [Jh Td Ah]
dubg58: bets $0.02
Alemarcori95: calls $0.02
skuzubov: raises $0.07 to $0.09
gringhostil: calls $0.09
dubg58: calls $0.07
Alemarcori95: calls $0.07
*** TURN *** [Jh Td Ah] [9h]
dubg58: checks 
Alemarcori95: checks 
skuzubov: bets $0.17
gringhostil: calls $0.17
dubg58: folds 
Alemarcori95: raises $0.23 to $0.40
skuzubov: raises $0.49 to $0.89
gringhostil: folds 
Alemarcori95: raises $0.84 to $1.73 and is all-in
skuzubov: calls $0.84
skuzubov has timed out
*** RIVER *** [Jh Td Ah 9h] [8s]
*** SHOW DOWN ***
Alemarcori95: shows [8h Qh] (a flush, Ace high)
skuzubov: shows [Kh Qs] (a straight, Ten to Ace)
Alemarcori95 collected $4 from pot
*** SUMMARY ***
Total pot $4.15 | Rake $0.15 
Board [Jh Td Ah 9h 8s]
Seat 1: skuzubov showed [Kh Qs] and lost with a straight, Ten to Ace
Seat 2: Dorex2007 folded before Flop (didn't bet)
Seat 3: gringhostil (button) folded on the Turn
Seat 4: dubg58 (small blind) folded on the Turn
Seat 5: Alemarcori95 (big blind) showed [8h Qh] and won ($4) with a flush, Ace high
Seat 6: hejomocr folded before Flop (didn't bet)
Seat 8: erikadirago folded before Flop (didn't bet)
Seat 9: Dog Weed folded before Flop (didn't bet)



PokerStars Hand #224950167427:  Hold'em No Limit ($0.01/$0.02 USD) - 2021/03/18 16:55:44 PT [2021/03/18 19:55:44 ET]
Table 'Figneria' 9-max Seat #4 is the button
Seat 1: skuzubov ($0.90 in chips) 
Seat 2: Dorex2007 ($2.19 in chips) 
Seat 3: gringhostil ($0.66 in chips) 
Seat 4: dubg58 ($1.57 in chips) 
Seat 5: Alemarcori95 ($4 in chips) 
Seat 6: hejomocr ($2.38 in chips) 
Seat 7: 8UG5Y ($2.84 in chips) 
Seat 8: erikadirago ($1.92 in chips) 
Seat 9: Dog Weed ($1.89 in chips) 
Alemarcori95: posts small blind $0.01
hejomocr: posts big blind $0.02
*** HOLE CARDS ***
Dealt to Dorex2007 [2d 9c]
8UG5Y: folds 
erikadirago: folds 
Dog Weed: raises $0.04 to $0.06
skuzubov: folds 
skuzubov leaves the table
Dorex2007: folds 
gringhostil: calls $0.06
dubg58: folds 
Alemarcori95: folds 
hejomocr: folds 
*** FLOP *** [7d 3d 7s]
Dog Weed: checks 
gringhostil: checks 
*** TURN *** [7d 3d 7s] [Kd]
Dog Weed: bets $0.08
gringhostil: calls $0.08
*** RIVER *** [7d 3d 7s Kd] [Qc]
Dog Weed: bets $0.12
gringhostil: raises $0.12 to $0.24
Dog Weed: calls $0.12
*** SHOW DOWN ***
gringhostil: shows [9d Ad] (a flush, Ace high)
Dog Weed: mucks hand 
gringhostil collected $0.76 from pot
*** SUMMARY ***
Total pot $0.79 | Rake $0.03 
Board [7d 3d 7s Kd Qc]
Seat 1: skuzubov folded before Flop (didn't bet)
Seat 2: Dorex2007 folded before Flop (didn't bet)
Seat 3: gringhostil showed [9d Ad] and won ($0.76) with a flush, Ace high
Seat 4: dubg58 (button) folded before Flop (didn't bet)
Seat 5: Alemarcori95 (small blind) folded before Flop
Seat 6: hejomocr (big blind) folded before Flop
Seat 7: 8UG5Y folded before Flop (didn't bet)
Seat 8: erikadirago folded before Flop (didn't bet)
Seat 9: Dog Weed mucked [Ks Qs]



PokerStars Hand #224950180828:  Hold'em No Limit ($0.01/$0.02 USD) - 2021/03/18 16:56:23 PT [2021/03/18 19:56:23 ET]
Table 'Figneria' 9-max Seat #5 is the button
Seat 2: Dorex2007 ($2.19 in chips) 
Seat 3: gringhostil ($1.04 in chips) 
Seat 4: dubg58 ($1.57 in chips) 
Seat 5: Alemarcori95 ($3.99 in chips) 
Seat 6: hejomocr ($2.36 in chips) 
Seat 7: 8UG5Y ($2.84 in chips) 
Seat 8: erikadirago ($1.92 in chips) 
Seat 9: Dog Weed ($1.51 in chips) 
hejomocr: posts small blind $0.01
8UG5Y: posts big blind $0.02
*** HOLE CARDS ***
Dealt to Dorex2007 [Kd 9d]
erikadirago: raises $0.02 to $0.04
Dog Weed: calls $0.04
Dorex2007: folds 
gringhostil: calls $0.04
dubg58: calls $0.04
Alemarcori95: calls $0.04
hejomocr: folds 
8UG5Y: folds 
*** FLOP *** [Kh Jd Js]
erikadirago: checks 
Dog Weed: checks 
gringhostil: checks 
dubg58: bets $0.02
Alemarcori95: calls $0.02
erikadirago: calls $0.02
Dog Weed: calls $0.02
gringhostil: folds 
*** TURN *** [Kh Jd Js] [3c]
erikadirago: checks 
Dog Weed: checks 
dubg58: bets $0.02
Alemarcori95: calls $0.02
erikadirago: calls $0.02
Dog Weed: calls $0.02
*** RIVER *** [Kh Jd Js 3c] [6s]
erikadirago: checks 
Dog Weed: checks 
dubg58: bets $0.38
Alemarcori95: folds 
erikadirago: folds 
Dog Weed: folds 
Uncalled bet ($0.38) returned to dubg58
dubg58 collected $0.38 from pot
*** SUMMARY ***
Total pot $0.39 | Rake $0.01 
Board [Kh Jd Js 3c 6s]
Seat 2: Dorex2007 folded before Flop (didn't bet)
Seat 3: gringhostil folded on the Flop
Seat 4: dubg58 collected ($0.38)
Seat 5: Alemarcori95 (button) folded on the River
Seat 6: hejomocr (small blind) folded before Flop
Seat 7: 8UG5Y (big blind) folded before Flop
Seat 8: erikadirago folded on the River
Seat 9: Dog Weed folded on the River



PokerStars Hand #224950208584:  Hold'em No Limit ($0.01/$0.02 USD) - 2021/03/18 16:57:44 PT [2021/03/18 19:57:44 ET]
Table 'Figneria' 9-max Seat #6 is the button
Seat 2: Dorex2007 ($2.19 in chips) 
Seat 3: gringhostil ($1 in chips) 
Seat 4: dubg58 ($1.87 in chips) 
Seat 5: Alemarcori95 ($3.91 in chips) 
Seat 6: hejomocr ($2.35 in chips) 
Seat 7: 8UG5Y ($2.82 in chips) 
Seat 8: erikadirago ($1.84 in chips) 
Seat 9: Dog Weed ($1.43 in chips) 
8UG5Y: posts small blind $0.01
erikadirago: posts big blind $0.02
*** HOLE CARDS ***
Dealt to Dorex2007 [Th 5h]
Dog Weed: folds 
02shwals joins the table at seat #1 
Dorex2007: folds 
gringhostil: folds 
dubg58: folds 
Alemarcori95: folds 
hejomocr: raises $0.08 to $0.10
8UG5Y: folds 
erikadirago: folds 
Uncalled bet ($0.08) returned to hejomocr
hejomocr collected $0.05 from pot
hejomocr: doesn't show hand 
*** SUMMARY ***
Total pot $0.05 | Rake $0 
Seat 2: Dorex2007 folded before Flop (didn't bet)
Seat 3: gringhostil folded before Flop (didn't bet)
Seat 4: dubg58 folded before Flop (didn't bet)
Seat 5: Alemarcori95 folded before Flop (didn't bet)
Seat 6: hejomocr (button) collected ($0.05)
Seat 7: 8UG5Y (small blind) folded before Flop
Seat 8: erikadirago (big blind) folded before Flop
Seat 9: Dog Weed folded before Flop (didn't bet)



PokerStars Hand #224950214075:  Hold'em No Limit ($0.01/$0.02 USD) - 2021/03/18 16:58:01 PT [2021/03/18 19:58:01 ET]
Table 'Figneria' 9-max Seat #7 is the button
Seat 2: Dorex2007 ($2.19 in chips) 
Seat 3: gringhostil ($1 in chips) 
Seat 4: dubg58 ($1.87 in chips) 
Seat 5: Alemarcori95 ($3.91 in chips) 
Seat 6: hejomocr ($2.38 in chips) 
Seat 7: 8UG5Y ($2.81 in chips) 
Seat 8: erikadirago ($1.82 in chips) 
Seat 9: Dog Weed ($1.43 in chips) 
erikadirago: posts small blind $0.01
Dog Weed: posts big blind $0.02
02shwals: sits out 
*** HOLE CARDS ***
Dealt to Dorex2007 [Jh 8h]
Dorex2007: folds 
gringhostil: folds 
dubg58: calls $0.02
Alemarcori95: folds 
hejomocr: folds 
8UG5Y: raises $0.06 to $0.08
erikadirago: folds 
Dog Weed: folds 
dubg58: calls $0.06
*** FLOP *** [5c 2h 8c]
dubg58: checks 
8UG5Y: bets $0.14
dubg58: folds 
Uncalled bet ($0.14) returned to 8UG5Y
8UG5Y collected $0.18 from pot
8UG5Y: doesn't show hand 
*** SUMMARY ***
Total pot $0.19 | Rake $0.01 
Board [5c 2h 8c]
Seat 2: Dorex2007 folded before Flop (didn't bet)
Seat 3: gringhostil folded before Flop (didn't bet)
Seat 4: dubg58 folded on the Flop
Seat 5: Alemarcori95 folded before Flop (didn't bet)
Seat 6: hejomocr folded before Flop (didn't bet)
Seat 7: 8UG5Y (button) collected ($0.18)
Seat 8: erikadirago (small blind) folded before Flop
Seat 9: Dog Weed (big blind) folded before Flop



PokerStars Hand #224950229070:  Hold'em No Limit ($0.01/$0.02 USD) - 2021/03/18 16:58:44 PT [2021/03/18 19:58:44 ET]
Table 'Figneria' 9-max Seat #8 is the button
Seat 1: 02shwals ($2 in chips) 
Seat 2: Dorex2007 ($2.19 in chips) 
Seat 3: gringhostil ($1 in chips) 
Seat 4: dubg58 ($1.79 in chips) 
Seat 5: Alemarcori95 ($3.91 in chips) 
Seat 6: hejomocr ($2.38 in chips) 
Seat 7: 8UG5Y ($2.91 in chips) 
Seat 8: erikadirago ($1.81 in chips) 
Seat 9: Dog Weed ($1.41 in chips) 
Dog Weed: posts small blind $0.01
02shwals: posts big blind $0.02
*** HOLE CARDS ***
Dealt to Dorex2007 [9s Kd]
Dorex2007: folds 
gringhostil: folds 
dubg58: folds 
Alemarcori95: folds 
hejomocr has timed out
hejomocr: folds 
8UG5Y: folds 
erikadirago: raises $0.04 to $0.06
Dog Weed: folds 
02shwals: calls $0.04
*** FLOP *** [8d Qh 4h]
02shwals: checks 
erikadirago: checks 
*** TURN *** [8d Qh 4h] [2c]
02shwals: bets $0.04
erikadirago: calls $0.04
*** RIVER *** [8d Qh 4h 2c] [Tc]
02shwals: checks 
erikadirago: checks 
*** SHOW DOWN ***
02shwals: shows [Jh Js] (a pair of Jacks)
erikadirago: mucks hand 
02shwals collected $0.20 from pot
*** SUMMARY ***
Total pot $0.21 | Rake $0.01 
Board [8d Qh 4h 2c Tc]
Seat 1: 02shwals (big blind) showed [Jh Js] and won ($0.20) with a pair of Jacks
Seat 2: Dorex2007 folded before Flop (didn't bet)
Seat 3: gringhostil folded before Flop (didn't bet)
Seat 4: dubg58 folded before Flop (didn't bet)
Seat 5: Alemarcori95 folded before Flop (didn't bet)
Seat 6: hejomocr folded before Flop (didn't bet)
Seat 7: 8UG5Y folded before Flop (didn't bet)
Seat 8: erikadirago (button) mucked [Ks Ad]
Seat 9: Dog Weed (small blind) folded before Flop



PokerStars Hand #224950248717:  Hold'em No Limit ($0.01/$0.02 USD) - 2021/03/18 16:59:41 PT [2021/03/18 19:59:41 ET]
Table 'Figneria' 9-max Seat #9 is the button
Seat 1: 02shwals ($2.10 in chips) 
Seat 2: Dorex2007 ($2.19 in chips) 
Seat 3: gringhostil ($1 in chips) 
Seat 4: dubg58 ($1.79 in chips) 
Seat 5: Alemarcori95 ($3.91 in chips) 
Seat 6: hejomocr ($2.38 in chips) 
Seat 7: 8UG5Y ($2.91 in chips) 
Seat 8: erikadirago ($1.71 in chips) 
Seat 9: Dog Weed ($1.40 in chips) 
02shwals: posts small blind $0.01
Dorex2007: posts big blind $0.02
*** HOLE CARDS ***
Dealt to Dorex2007 [Tc Jd]
gringhostil: folds 
dubg58: folds 
Alemarcori95: folds 
hejomocr: folds 
8UG5Y: folds 
erikadirago: raises $0.04 to $0.06
Dog Weed: folds 
02shwals: calls $0.05
Dorex2007: calls $0.04
*** FLOP *** [6s 7h 6c]
02shwals: checks 
Dorex2007: checks 
erikadirago: checks 
*** TURN *** [6s 7h 6c] [Js]
02shwals: checks 
Dorex2007: bets $0.17
erikadirago: folds 
02shwals: folds 
Uncalled bet ($0.17) returned to Dorex2007
Dorex2007 collected $0.17 from pot
Dorex2007: doesn't show hand 
*** SUMMARY ***
Total pot $0.18 | Rake $0.01 
Board [6s 7h 6c Js]
Seat 1: 02shwals (small blind) folded on the Turn
Seat 2: Dorex2007 (big blind) collected ($0.17)
Seat 3: gringhostil folded before Flop (didn't bet)
Seat 4: dubg58 folded before Flop (didn't bet)
Seat 5: Alemarcori95 folded before Flop (didn't bet)
Seat 6: hejomocr folded before Flop (didn't bet)
Seat 7: 8UG5Y folded before Flop (didn't bet)
Seat 8: erikadirago folded on the Turn
Seat 9: Dog Weed (button) folded before Flop (didn't bet)



PokerStars Hand #224950265932:  Hold'em No Limit ($0.01/$0.02 USD) - 2021/03/18 17:00:28 PT [2021/03/18 20:00:28 ET]
Table 'Figneria' 9-max Seat #1 is the button
Seat 1: 02shwals ($2.04 in chips) 
Seat 2: Dorex2007 ($2.30 in chips) 
Seat 3: gringhostil ($1 in chips) 
Seat 4: dubg58 ($1.79 in chips) 
Seat 5: Alemarcori95 ($3.91 in chips) 
Seat 6: hejomocr ($2.38 in chips) 
Seat 7: 8UG5Y ($2.91 in chips) 
Seat 8: erikadirago ($1.65 in chips) 
Seat 9: Dog Weed ($1.40 in chips) 
Dorex2007: posts small blind $0.01
gringhostil: posts big blind $0.02
*** HOLE CARDS ***
Dealt to Dorex2007 [8s Qc]
dubg58: calls $0.02
Alemarcori95: folds 
hejomocr: folds 
8UG5Y: folds 
erikadirago: folds 
Dog Weed: raises $0.04 to $0.06
02shwals: calls $0.06
Dorex2007: folds 
gringhostil: folds 
dubg58: calls $0.04
*** FLOP *** [6d Js 5d]
dubg58: checks 
Dog Weed: bets $0.10
02shwals: calls $0.10
dubg58: folds 
*** TURN *** [6d Js 5d] [Tc]
Dog Weed: bets $0.16
02shwals: calls $0.16
*** RIVER *** [6d Js 5d Tc] [3s]
Dog Weed: bets $0.20
02shwals: raises $1.52 to $1.72 and is all-in
Dog Weed: folds 
Uncalled bet ($1.52) returned to 02shwals
02shwals collected $1.09 from pot
02shwals: doesn't show hand 
*** SUMMARY ***
Total pot $1.13 | Rake $0.04 
Board [6d Js 5d Tc 3s]
Seat 1: 02shwals (button) collected ($1.09)
Seat 2: Dorex2007 (small blind) folded before Flop
Seat 3: gringhostil (big blind) folded before Flop
Seat 4: dubg58 folded on the Flop
Seat 5: Alemarcori95 folded before Flop (didn't bet)
Seat 6: hejomocr folded before Flop (didn't bet)
Seat 7: 8UG5Y folded before Flop (didn't bet)
Seat 8: erikadirago folded before Flop (didn't bet)
Seat 9: Dog Weed folded on the River



PokerStars Hand #224950310638:  Hold'em No Limit ($0.01/$0.02 USD) - 2021/03/18 17:02:19 PT [2021/03/18 20:02:19 ET]
Table 'Figneria' 9-max Seat #2 is the button
Seat 1: 02shwals ($2.61 in chips) 
Seat 2: Dorex2007 ($2.29 in chips) 
Seat 3: gringhostil ($0.98 in chips) 
Seat 4: dubg58 ($1.73 in chips) 
Seat 5: Alemarcori95 ($3.91 in chips) 
Seat 6: hejomocr ($2.38 in chips) 
Seat 7: 8UG5Y ($2.91 in chips) 
Seat 8: erikadirago ($1.65 in chips) 
Seat 9: Dog Weed ($0.88 in chips) 
gringhostil: posts small blind $0.01
dubg58: posts big blind $0.02
*** HOLE CARDS ***
Dealt to Dorex2007 [2d Js]
Alemarcori95: folds 
hejomocr: folds 
8UG5Y: folds 
erikadirago: folds 
Dog Weed: folds 
02shwals: folds 
Dorex2007: folds 
gringhostil: raises $0.04 to $0.06
dubg58: calls $0.04
*** FLOP *** [2c Qs 5h]
gringhostil: checks 
dubg58: bets $0.06
gringhostil: folds [As]
Uncalled bet ($0.06) returned to dubg58
dubg58 collected $0.12 from pot
*** SUMMARY ***
Total pot $0.12 | Rake $0 
Board [2c Qs 5h]
Seat 1: 02shwals folded before Flop (didn't bet)
Seat 2: Dorex2007 (button) folded before Flop (didn't bet)
Seat 3: gringhostil (small blind) folded on the Flop
Seat 4: dubg58 (big blind) collected ($0.12)
Seat 5: Alemarcori95 folded before Flop (didn't bet)
Seat 6: hejomocr folded before Flop (didn't bet)
Seat 7: 8UG5Y folded before Flop (didn't bet)
Seat 8: erikadirago folded before Flop (didn't bet)
Seat 9: Dog Weed folded before Flop (didn't bet)



PokerStars Hand #224950326972:  Hold'em No Limit ($0.01/$0.02 USD) - 2021/03/18 17:02:58 PT [2021/03/18 20:02:58 ET]
Table 'Figneria' 9-max Seat #3 is the button
Seat 1: 02shwals ($2.61 in chips) 
Seat 2: Dorex2007 ($2.29 in chips) 
Seat 3: gringhostil ($0.92 in chips) 
Seat 4: dubg58 ($1.79 in chips) 
Seat 5: Alemarcori95 ($3.91 in chips) 
Seat 6: hejomocr ($2.38 in chips) 
Seat 7: 8UG5Y ($2.91 in chips) 
Seat 8: erikadirago ($1.65 in chips) 
Seat 9: Dog Weed ($0.88 in chips) 
dubg58: posts small blind $0.01
Alemarcori95: posts big blind $0.02
*** HOLE CARDS ***
Dealt to Dorex2007 [9c 2c]
hejomocr: folds 
8UG5Y: folds 
erikadirago: raises $0.04 to $0.06
Dog Weed: folds 
02shwals: folds 
Dorex2007: folds 
gringhostil: folds 
dubg58: calls $0.05
Alemarcori95: folds 
*** FLOP *** [8d 6d Jc]
dubg58: bets $0.02
erikadirago: calls $0.02
*** TURN *** [8d 6d Jc] [8c]
dubg58: bets $0.04
erikadirago: folds 
Uncalled bet ($0.04) returned to dubg58
dubg58 collected $0.17 from pot
*** SUMMARY ***
Total pot $0.18 | Rake $0.01 
Board [8d 6d Jc 8c]
Seat 1: 02shwals folded before Flop (didn't bet)
Seat 2: Dorex2007 folded before Flop (didn't bet)
Seat 3: gringhostil (button) folded before Flop (didn't bet)
Seat 4: dubg58 (small blind) collected ($0.17)
Seat 5: Alemarcori95 (big blind) folded before Flop
Seat 6: hejomocr folded before Flop (didn't bet)
Seat 7: 8UG5Y folded before Flop (didn't bet)
Seat 8: erikadirago folded on the Turn
Seat 9: Dog Weed folded before Flop (didn't bet)



PokerStars Hand #224950342513:  Hold'em No Limit ($0.01/$0.02 USD) - 2021/03/18 17:03:35 PT [2021/03/18 20:03:35 ET]
Table 'Figneria' 9-max Seat #4 is the button
Seat 1: 02shwals ($2.61 in chips) 
Seat 2: Dorex2007 ($2.29 in chips) 
Seat 3: gringhostil ($0.92 in chips) 
Seat 4: dubg58 ($1.88 in chips) 
Seat 5: Alemarcori95 ($3.89 in chips) 
Seat 7: 8UG5Y ($2.91 in chips) 
Seat 8: erikadirago ($1.57 in chips) 
Seat 9: Dog Weed ($0.88 in chips) 
Alemarcori95: posts small blind $0.01
hejomocr: is sitting out 
8UG5Y: posts big blind $0.02
*** HOLE CARDS ***
Dealt to Dorex2007 [Kc 3c]
erikadirago: folds 
Dog Weed: raises $0.04 to $0.06
02shwals: folds 
Dorex2007: folds 
gringhostil: calls $0.06
dubg58: folds 
Alemarcori95: folds 
8UG5Y: folds 
*** FLOP *** [9s 3h Qh]
Dog Weed: checks 
gringhostil: bets $0.10
Dog Weed: calls $0.10
*** TURN *** [9s 3h Qh] [Jc]
Dog Weed: checks 
gringhostil: checks 
*** RIVER *** [9s 3h Qh Jc] [6h]
Dog Weed: bets $0.12
gringhostil: folds 
Uncalled bet ($0.12) returned to Dog Weed
Dog Weed collected $0.34 from pot
Dog Weed: doesn't show hand 
*** SUMMARY ***
Total pot $0.35 | Rake $0.01 
Board [9s 3h Qh Jc 6h]
Seat 1: 02shwals folded before Flop (didn't bet)
Seat 2: Dorex2007 folded before Flop (didn't bet)
Seat 3: gringhostil folded on the River
Seat 4: dubg58 (button) folded before Flop (didn't bet)
Seat 5: Alemarcori95 (small blind) folded before Flop
Seat 7: 8UG5Y (big blind) folded before Flop
Seat 8: erikadirago folded before Flop (didn't bet)
Seat 9: Dog Weed collected ($0.34)



PokerStars Hand #224950368454:  Hold'em No Limit ($0.01/$0.02 USD) - 2021/03/18 17:04:24 PT [2021/03/18 20:04:24 ET]
Table 'Figneria' 9-max Seat #5 is the button
Seat 1: 02shwals ($2.61 in chips) 
Seat 2: Dorex2007 ($2.29 in chips) 
Seat 3: gringhostil ($0.76 in chips) 
Seat 4: dubg58 ($1.88 in chips) 
Seat 5: Alemarcori95 ($3.88 in chips) 
Seat 7: 8UG5Y ($2.89 in chips) 
Seat 8: erikadirago ($1.57 in chips) 
Seat 9: Dog Weed ($1.06 in chips) 
8UG5Y: posts small blind $0.01
erikadirago: posts big blind $0.02
*** HOLE CARDS ***
Dealt to Dorex2007 [Kh 5d]
Dog Weed: folds 
02shwals: raises $0.04 to $0.06
Dorex2007: folds 
gringhostil: folds 
dubg58: folds 
Alemarcori95: calls $0.06
8UG5Y: folds 
erikadirago: folds 
*** FLOP *** [9d Ks Qh]
02shwals: bets $0.08
Alemarcori95: calls $0.08
*** TURN *** [9d Ks Qh] [Kd]
02shwals: bets $0.10
Alemarcori95: calls $0.10
*** RIVER *** [9d Ks Qh Kd] [Qd]
02shwals: checks 
Alemarcori95: checks 
*** SHOW DOWN ***
02shwals: shows [9s 9h] (a full house, Nines full of Kings)
Alemarcori95: mucks hand 
02shwals collected $0.49 from pot
*** SUMMARY ***
Total pot $0.51 | Rake $0.02 
Board [9d Ks Qh Kd Qd]
Seat 1: 02shwals showed [9s 9h] and won ($0.49) with a full house, Nines full of Kings
Seat 2: Dorex2007 folded before Flop (didn't bet)
Seat 3: gringhostil folded before Flop (didn't bet)
Seat 4: dubg58 folded before Flop (didn't bet)
Seat 5: Alemarcori95 (button) mucked [Jd Th]
Seat 7: 8UG5Y (small blind) folded before Flop
Seat 8: erikadirago (big blind) folded before Flop
Seat 9: Dog Weed folded before Flop (didn't bet)



PokerStars Hand #224950391573:  Hold'em No Limit ($0.01/$0.02 USD) - 2021/03/18 17:05:18 PT [2021/03/18 20:05:18 ET]
Table 'Figneria' 9-max Seat #7 is the button
Seat 1: 02shwals ($2.86 in chips) 
Seat 2: Dorex2007 ($2.29 in chips) 
Seat 3: gringhostil ($0.76 in chips) 
Seat 4: dubg58 ($1.88 in chips) 
Seat 5: Alemarcori95 ($3.64 in chips) 
Seat 7: 8UG5Y ($2.88 in chips) 
Seat 8: erikadirago ($1.55 in chips) 
Seat 9: Dog Weed ($1.06 in chips) 
erikadirago: posts small blind $0.01
Dog Weed: posts big blind $0.02
*** HOLE CARDS ***
Dealt to Dorex2007 [3d Js]
02shwals: folds 
Dorex2007: folds 
gringhostil: folds 
dubg58: folds 
Alemarcori95: folds 
8UG5Y: raises $0.04 to $0.06
erikadirago: calls $0.05
Dog Weed: calls $0.04
*** FLOP *** [Ac 4c Ad]
erikadirago: checks 
Dog Weed: checks 
8UG5Y: bets $0.06
erikadirago: folds 
Dog Weed: folds 
Uncalled bet ($0.06) returned to 8UG5Y
8UG5Y collected $0.17 from pot
8UG5Y: doesn't show hand 
*** SUMMARY ***
Total pot $0.18 | Rake $0.01 
Board [Ac 4c Ad]
Seat 1: 02shwals folded before Flop (didn't bet)
Seat 2: Dorex2007 folded before Flop (didn't bet)
Seat 3: gringhostil folded before Flop (didn't bet)
Seat 4: dubg58 folded before Flop (didn't bet)
Seat 5: Alemarcori95 folded before Flop (didn't bet)
Seat 7: 8UG5Y (button) collected ($0.17)
Seat 8: erikadirago (small blind) folded on the Flop
Seat 9: Dog Weed (big blind) folded on the Flop



PokerStars Hand #224950416415:  Hold'em No Limit ($0.01/$0.02 USD) - 2021/03/18 17:05:59 PT [2021/03/18 20:05:59 ET]
Table 'Figneria' 9-max Seat #8 is the button
Seat 1: 02shwals ($2.86 in chips) 
Seat 2: Dorex2007 ($2.29 in chips) 
Seat 3: gringhostil ($0.76 in chips) 
Seat 4: dubg58 ($1.88 in chips) 
Seat 5: Alemarcori95 ($3.64 in chips) 
Seat 7: 8UG5Y ($2.99 in chips) 
Seat 8: erikadirago ($1.49 in chips) 
Seat 9: Dog Weed ($1 in chips) 
Dog Weed: posts small blind $0.01
02shwals: posts big blind $0.02
*** HOLE CARDS ***
Dealt to Dorex2007 [8d 8h]
hejomocr leaves the table
Dorex2007: calls $0.02
gringhostil: raises $0.06 to $0.08
dubg58: folds 
Alemarcori95: folds 
8UG5Y: folds 
erikadirago: folds 
Dog Weed: folds 
02shwals: folds 
Dorex2007: calls $0.06
*** FLOP *** [As 6d 2s]
Dorex2007: checks 
gringhostil: bets $0.09
Dorex2007: calls $0.09
*** TURN *** [As 6d 2s] [Qh]
Dorex2007: checks 
gringhostil: checks 
*** RIVER *** [As 6d 2s Qh] [4h]
Dorex2007: bets $0.24
gringhostil: folds 
Uncalled bet ($0.24) returned to Dorex2007
Dorex2007 collected $0.36 from pot
Dorex2007: doesn't show hand 
*** SUMMARY ***
Total pot $0.37 | Rake $0.01 
Board [As 6d 2s Qh 4h]
Seat 1: 02shwals (big blind) folded before Flop
Seat 2: Dorex2007 collected ($0.36)
Seat 3: gringhostil folded on the River
Seat 4: dubg58 folded before Flop (didn't bet)
Seat 5: Alemarcori95 folded before Flop (didn't bet)
Seat 7: 8UG5Y folded before Flop (didn't bet)
Seat 8: erikadirago (button) folded before Flop (didn't bet)
Seat 9: Dog Weed (small blind) folded before Flop



PokerStars Hand #224950445313:  Hold'em No Limit ($0.01/$0.02 USD) - 2021/03/18 17:07:08 PT [2021/03/18 20:07:08 ET]
Table 'Figneria' 9-max Seat #9 is the button
Seat 1: 02shwals ($2.84 in chips) 
Seat 2: Dorex2007 ($2.48 in chips) 
Seat 3: gringhostil ($0.59 in chips) 
Seat 4: dubg58 ($1.88 in chips) 
Seat 5: Alemarcori95 ($3.64 in chips) 
Seat 7: 8UG5Y ($2.99 in chips) 
Seat 8: erikadirago ($1.49 in chips) 
Seat 9: Dog Weed ($0.99 in chips) 
02shwals: posts small blind $0.01
Dorex2007: posts big blind $0.02
*** HOLE CARDS ***
Dealt to Dorex2007 [2s Kh]
gringhostil: folds 
gufjara567 joins the table at seat #6 
dubg58: calls $0.02
Alemarcori95: folds 
8UG5Y: folds 
erikadirago: calls $0.02
Dog Weed: folds 
02shwals: folds 
Dorex2007: checks 
*** FLOP *** [7h 6s As]
Dorex2007: checks 
dubg58: bets $0.07
erikadirago: raises $0.11 to $0.18
Dorex2007: folds 
dubg58: calls $0.11
*** TURN *** [7h 6s As] [Qs]
gringhostil is disconnected 
dubg58: checks 
erikadirago: bets $0.21
dubg58: calls $0.21
*** RIVER *** [7h 6s As Qs] [4d]
dubg58: checks 
erikadirago: checks 
*** SHOW DOWN ***
dubg58: shows [Ad Qd] (two pair, Aces and Queens)
erikadirago: mucks hand 
dubg58 collected $0.82 from pot
*** SUMMARY ***
Total pot $0.85 | Rake $0.03 
Board [7h 6s As Qs 4d]
Seat 1: 02shwals (small blind) folded before Flop
Seat 2: Dorex2007 (big blind) folded on the Flop
Seat 3: gringhostil folded before Flop (didn't bet)
Seat 4: dubg58 showed [Ad Qd] and won ($0.82) with two pair, Aces and Queens
Seat 5: Alemarcori95 folded before Flop (didn't bet)
Seat 7: 8UG5Y folded before Flop (didn't bet)
Seat 8: erikadirago mucked [6h Ah]
Seat 9: Dog Weed (button) folded before Flop (didn't bet)



PokerStars Hand #224950474316:  Hold'em No Limit ($0.01/$0.02 USD) - 2021/03/18 17:08:18 PT [2021/03/18 20:08:18 ET]
Table 'Figneria' 9-max Seat #1 is the button
Seat 1: 02shwals ($2.83 in chips) 
Seat 2: Dorex2007 ($2.46 in chips) 
Seat 3: gringhostil ($0.59 in chips) 
Seat 4: dubg58 ($2.29 in chips) 
Seat 5: Alemarcori95 ($3.64 in chips) 
Seat 6: gufjara567 ($0.80 in chips) 
Seat 7: 8UG5Y ($2.99 in chips) 
Seat 8: erikadirago ($1.08 in chips) 
Seat 9: Dog Weed ($0.99 in chips) 
Dorex2007: posts small blind $0.01
gringhostil: posts big blind $0.02
gufjara567: posts big blind $0.02
*** HOLE CARDS ***
Dealt to Dorex2007 [Kh 3d]
dubg58: folds 
Alemarcori95: folds 
gufjara567: checks 
8UG5Y: raises $0.06 to $0.08
erikadirago: folds 
Dog Weed: calls $0.08
02shwals: folds 
Dorex2007: folds 
gringhostil: calls $0.06
gufjara567: calls $0.06
*** FLOP *** [Ad 8c 2s]
gringhostil: checks 
gufjara567: checks 
8UG5Y: bets $0.11
Dog Weed: calls $0.11
gringhostil: calls $0.11
gufjara567: folds 
*** TURN *** [Ad 8c 2s] [2c]
gringhostil: checks 
8UG5Y: checks 
Dog Weed: bets $0.22
gringhostil: folds 
8UG5Y: folds 
Uncalled bet ($0.22) returned to Dog Weed
Dog Weed collected $0.64 from pot
Dog Weed: doesn't show hand 
*** SUMMARY ***
Total pot $0.66 | Rake $0.02 
Board [Ad 8c 2s 2c]
Seat 1: 02shwals (button) folded before Flop (didn't bet)
Seat 2: Dorex2007 (small blind) folded before Flop
Seat 3: gringhostil (big blind) folded on the Turn
Seat 4: dubg58 folded before Flop (didn't bet)
Seat 5: Alemarcori95 folded before Flop (didn't bet)
Seat 6: gufjara567 folded on the Flop
Seat 7: 8UG5Y folded on the Turn
Seat 8: erikadirago folded before Flop (didn't bet)
Seat 9: Dog Weed collected ($0.64)



PokerStars Hand #224950498565:  Hold'em No Limit ($0.01/$0.02 USD) - 2021/03/18 17:09:17 PT [2021/03/18 20:09:17 ET]
Table 'Figneria' 9-max Seat #2 is the button
Seat 1: 02shwals ($2.83 in chips) 
Seat 2: Dorex2007 ($2.45 in chips) 
Seat 3: gringhostil ($0.40 in chips) 
Seat 4: dubg58 ($2.29 in chips) 
Seat 5: Alemarcori95 ($3.64 in chips) 
Seat 6: gufjara567 ($0.72 in chips) 
Seat 7: 8UG5Y ($2.80 in chips) 
Seat 8: erikadirago ($1.08 in chips) 
Seat 9: Dog Weed ($1.44 in chips) 
gringhostil: posts small blind $0.01
dubg58: posts big blind $0.02
*** HOLE CARDS ***
Dealt to Dorex2007 [Kd 3c]
Alemarcori95: folds 
gufjara567: calls $0.02
8UG5Y: folds 
erikadirago: folds 
Dog Weed: folds 
02shwals: folds 
Dorex2007: folds 
gringhostil: folds 
dubg58: checks 
*** FLOP *** [Kh Ad Qc]
dubg58: bets $0.05
gufjara567: folds 
Uncalled bet ($0.05) returned to dubg58
dubg58 collected $0.05 from pot
*** SUMMARY ***
Total pot $0.05 | Rake $0 
Board [Kh Ad Qc]
Seat 1: 02shwals folded before Flop (didn't bet)
Seat 2: Dorex2007 (button) folded before Flop (didn't bet)
Seat 3: gringhostil (small blind) folded before Flop
Seat 4: dubg58 (big blind) collected ($0.05)
Seat 5: Alemarcori95 folded before Flop (didn't bet)
Seat 6: gufjara567 folded on the Flop
Seat 7: 8UG5Y folded before Flop (didn't bet)
Seat 8: erikadirago folded before Flop (didn't bet)
Seat 9: Dog Weed folded before Flop (didn't bet)



PokerStars Hand #224950506967:  Hold'em No Limit ($0.01/$0.02 USD) - 2021/03/18 17:09:37 PT [2021/03/18 20:09:37 ET]
Table 'Figneria' 9-max Seat #3 is the button
Seat 1: 02shwals ($2.83 in chips) 
Seat 2: Dorex2007 ($2.45 in chips) 
Seat 3: gringhostil ($0.39 in chips) 
Seat 4: dubg58 ($2.32 in chips) 
Seat 5: Alemarcori95 ($3.64 in chips) 
Seat 6: gufjara567 ($0.70 in chips) 
Seat 7: 8UG5Y ($2.80 in chips) 
Seat 8: erikadirago ($1.08 in chips) 
Seat 9: Dog Weed ($1.44 in chips) 
dubg58: posts small blind $0.01
Alemarcori95: posts big blind $0.02
*** HOLE CARDS ***
Dealt to Dorex2007 [Ah Jc]
gufjara567: folds 
8UG5Y: folds 
erikadirago: folds 
Dog Weed: folds 
02shwals: folds 
Dorex2007: raises $0.04 to $0.06
gringhostil: folds 
dubg58: calls $0.05
Alemarcori95: calls $0.04
*** FLOP *** [9d 6h 4c]
dubg58: checks 
Alemarcori95: checks 
Dorex2007: checks 
*** TURN *** [9d 6h 4c] [6s]
dubg58: checks 
Alemarcori95: checks 
Dorex2007: bets $0.09
dubg58: folds 
Alemarcori95: folds 
Uncalled bet ($0.09) returned to Dorex2007
Dorex2007 collected $0.17 from pot
Dorex2007: doesn't show hand 
*** SUMMARY ***
Total pot $0.18 | Rake $0.01 
Board [9d 6h 4c 6s]
Seat 1: 02shwals folded before Flop (didn't bet)
Seat 2: Dorex2007 collected ($0.17)
Seat 3: gringhostil (button) folded before Flop (didn't bet)
Seat 4: dubg58 (small blind) folded on the Turn
Seat 5: Alemarcori95 (big blind) folded on the Turn
Seat 6: gufjara567 folded before Flop (didn't bet)
Seat 7: 8UG5Y folded before Flop (didn't bet)
Seat 8: erikadirago folded before Flop (didn't bet)
Seat 9: Dog Weed folded before Flop (didn't bet)



PokerStars Hand #224950523122:  Hold'em No Limit ($0.01/$0.02 USD) - 2021/03/18 17:10:16 PT [2021/03/18 20:10:16 ET]
Table 'Figneria' 9-max Seat #4 is the button
Seat 1: 02shwals ($2.83 in chips) 
Seat 2: Dorex2007 ($2.56 in chips) 
Seat 3: gringhostil ($0.39 in chips) 
Seat 4: dubg58 ($2.26 in chips) 
Seat 5: Alemarcori95 ($3.58 in chips) 
Seat 6: gufjara567 ($0.70 in chips) 
Seat 7: 8UG5Y ($2.80 in chips) 
Seat 8: erikadirago ($1.08 in chips) 
Seat 9: Dog Weed ($1.44 in chips) 
Alemarcori95: posts small blind $0.01
gufjara567: posts big blind $0.02
*** HOLE CARDS ***
Dealt to Dorex2007 [6h 6s]
8UG5Y: raises $0.04 to $0.06
erikadirago: folds 
Dog Weed: folds 
02shwals: calls $0.06
Dorex2007: folds 
gringhostil: folds 
dubg58: folds 
Alemarcori95: folds 
gufjara567: calls $0.04
*** FLOP *** [3d 7c Qs]
gufjara567: checks 
8UG5Y: bets $0.14
02shwals: calls $0.14
gufjara567: folds 
*** TURN *** [3d 7c Qs] [Ks]
8UG5Y: bets $0.34
02shwals: calls $0.34
*** RIVER *** [3d 7c Qs Ks] [Td]
8UG5Y: bets $0.83
02shwals: raises $1.15 to $1.98
8UG5Y: calls $1.15
*** SHOW DOWN ***
02shwals: shows [Jc As] (a straight, Ten to Ace)
8UG5Y: mucks hand 
02shwals collected $4.93 from pot
*** SUMMARY ***
Total pot $5.11 | Rake $0.18 
Board [3d 7c Qs Ks Td]
Seat 1: 02shwals showed [Jc As] and won ($4.93) with a straight, Ten to Ace
Seat 2: Dorex2007 folded before Flop (didn't bet)
Seat 3: gringhostil folded before Flop (didn't bet)
Seat 4: dubg58 (button) folded before Flop (didn't bet)
Seat 5: Alemarcori95 (small blind) folded before Flop
Seat 6: gufjara567 (big blind) folded on the Flop
Seat 7: 8UG5Y mucked [Ac Kc]
Seat 8: erikadirago folded before Flop (didn't bet)
Seat 9: Dog Weed folded before Flop (didn't bet)



PokerStars Hand #224950555084:  Hold'em No Limit ($0.01/$0.02 USD) - 2021/03/18 17:11:33 PT [2021/03/18 20:11:33 ET]
Table 'Figneria' 9-max Seat #5 is the button
Seat 1: 02shwals ($5.24 in chips) 
Seat 2: Dorex2007 ($2.56 in chips) 
Seat 3: gringhostil ($0.39 in chips) 
Seat 4: dubg58 ($2.26 in chips) 
Seat 5: Alemarcori95 ($3.57 in chips) 
Seat 6: gufjara567 ($0.64 in chips) 
Seat 7: 8UG5Y ($0.28 in chips) 
Seat 8: erikadirago ($1.08 in chips) 
Seat 9: Dog Weed ($1.44 in chips) 
gufjara567: posts small blind $0.01
8UG5Y: posts big blind $0.02
*** HOLE CARDS ***
Dealt to Dorex2007 [6d 5s]
erikadirago: folds 
Dog Weed: raises $0.04 to $0.06
02shwals: calls $0.06
Dorex2007: folds 
gringhostil: calls $0.06
dubg58: folds 
Alemarcori95: folds 
gufjara567: folds 
8UG5Y: folds 
*** FLOP *** [8s 2h 5c]
Dog Weed: bets $0.10
02shwals: raises $0.24 to $0.34
gringhostil: folds 
Dog Weed: folds 
Uncalled bet ($0.24) returned to 02shwals
02shwals collected $0.40 from pot
02shwals: doesn't show hand 
*** SUMMARY ***
Total pot $0.41 | Rake $0.01 
Board [8s 2h 5c]
Seat 1: 02shwals collected ($0.40)
Seat 2: Dorex2007 folded before Flop (didn't bet)
Seat 3: gringhostil folded on the Flop
Seat 4: dubg58 folded before Flop (didn't bet)
Seat 5: Alemarcori95 (button) folded before Flop (didn't bet)
Seat 6: gufjara567 (small blind) folded before Flop
Seat 7: 8UG5Y (big blind) folded before Flop
Seat 8: erikadirago folded before Flop (didn't bet)
Seat 9: Dog Weed folded on the Flop



PokerStars Hand #224950579910:  Hold'em No Limit ($0.01/$0.02 USD) - 2021/03/18 17:12:22 PT [2021/03/18 20:12:22 ET]
Table 'Figneria' 9-max Seat #6 is the button
Seat 1: 02shwals ($5.48 in chips) 
Seat 2: Dorex2007 ($2.56 in chips) 
Seat 3: gringhostil ($0.33 in chips) 
Seat 4: dubg58 ($2.26 in chips) 
Seat 5: Alemarcori95 ($3.57 in chips) 
Seat 6: gufjara567 ($0.63 in chips) 
Seat 7: 8UG5Y ($1.82 in chips) 
Seat 8: erikadirago ($1.08 in chips) 
Seat 9: Dog Weed ($1.28 in chips) 
8UG5Y: posts small blind $0.01
erikadirago: posts big blind $0.02
*** HOLE CARDS ***
Dealt to Dorex2007 [8s Ah]
Dog Weed: folds 
02shwals: folds 
Dorex2007: folds 
gringhostil: folds 
dubg58: folds 
Alemarcori95: calls $0.02
gufjara567: calls $0.02
8UG5Y: folds 
erikadirago: checks 
*** FLOP *** [2s Ad 5c]
erikadirago: checks 
Alemarcori95: bets $0.02
gufjara567: calls $0.02
erikadirago: calls $0.02
*** TURN *** [2s Ad 5c] [Qd]
erikadirago: checks 
Alemarcori95: bets $0.07
gufjara567: folds 
erikadirago: folds 
Uncalled bet ($0.07) returned to Alemarcori95
Alemarcori95 collected $0.13 from pot
Alemarcori95: doesn't show hand 
*** SUMMARY ***
Total pot $0.13 | Rake $0 
Board [2s Ad 5c Qd]
Seat 1: 02shwals folded before Flop (didn't bet)
Seat 2: Dorex2007 folded before Flop (didn't bet)
Seat 3: gringhostil folded before Flop (didn't bet)
Seat 4: dubg58 folded before Flop (didn't bet)
Seat 5: Alemarcori95 collected ($0.13)
Seat 6: gufjara567 (button) folded on the Turn
Seat 7: 8UG5Y (small blind) folded before Flop
Seat 8: erikadirago (big blind) folded on the Turn
Seat 9: Dog Weed folded before Flop (didn't bet)



PokerStars Hand #224950595434:  Hold'em No Limit ($0.01/$0.02 USD) - 2021/03/18 17:13:00 PT [2021/03/18 20:13:00 ET]
Table 'Figneria' 9-max Seat #7 is the button
Seat 1: 02shwals ($5.48 in chips) 
Seat 2: Dorex2007 ($2.56 in chips) 
Seat 3: gringhostil ($0.33 in chips) 
Seat 4: dubg58 ($2.26 in chips) 
Seat 5: Alemarcori95 ($3.66 in chips) 
Seat 6: gufjara567 ($0.59 in chips) 
Seat 7: 8UG5Y ($1.81 in chips) 
Seat 8: erikadirago ($1.04 in chips) 
Seat 9: Dog Weed ($1.28 in chips) 
erikadirago: posts small blind $0.01
Dog Weed: posts big blind $0.02
*** HOLE CARDS ***
Dealt to Dorex2007 [Jd 9h]
02shwals: folds 
Dorex2007: folds 
gringhostil: folds 
dubg58: folds 
Alemarcori95: calls $0.02
gufjara567: calls $0.02
8UG5Y: folds 
erikadirago: folds 
Dog Weed: checks 
*** FLOP *** [4s 3s 8h]
Dog Weed: checks 
Alemarcori95: checks 
gufjara567: checks 
*** TURN *** [4s 3s 8h] [Kh]
Dog Weed: checks 
Alemarcori95: bets $0.04
gufjara567: folds 
Dog Weed: folds 
Uncalled bet ($0.04) returned to Alemarcori95
Alemarcori95 collected $0.07 from pot
Alemarcori95: doesn't show hand 
*** SUMMARY ***
Total pot $0.07 | Rake $0 
Board [4s 3s 8h Kh]
Seat 1: 02shwals folded before Flop (didn't bet)
Seat 2: Dorex2007 folded before Flop (didn't bet)
Seat 3: gringhostil folded before Flop (didn't bet)
Seat 4: dubg58 folded before Flop (didn't bet)
Seat 5: Alemarcori95 collected ($0.07)
Seat 6: gufjara567 folded on the Turn
Seat 7: 8UG5Y (button) folded before Flop (didn't bet)
Seat 8: erikadirago (small blind) folded before Flop
Seat 9: Dog Weed (big blind) folded on the Turn



PokerStars Hand #224950608647:  Hold'em No Limit ($0.01/$0.02 USD) - 2021/03/18 17:13:32 PT [2021/03/18 20:13:32 ET]
Table 'Figneria' 9-max Seat #8 is the button
Seat 1: 02shwals ($5.48 in chips) 
Seat 2: Dorex2007 ($2.56 in chips) 
Seat 3: gringhostil ($0.33 in chips) 
Seat 4: dubg58 ($2.26 in chips) 
Seat 5: Alemarcori95 ($3.71 in chips) 
Seat 6: gufjara567 ($0.57 in chips) 
Seat 7: 8UG5Y ($1.81 in chips) 
Seat 8: erikadirago ($1.03 in chips) 
Seat 9: Dog Weed ($1.26 in chips) 
Dog Weed: posts small blind $0.01
02shwals: posts big blind $0.02
*** HOLE CARDS ***
Dealt to Dorex2007 [As 7c]
Dorex2007: folds 
gringhostil: folds 
dubg58: calls $0.02
Alemarcori95: folds 
gufjara567: folds 
8UG5Y: folds 
erikadirago: calls $0.02
Dog Weed: folds 
02shwals: checks 
*** FLOP *** [Ts Ad 8s]
02shwals: checks 
dubg58: bets $0.07
erikadirago: folds 
02shwals: folds 
Uncalled bet ($0.07) returned to dubg58
dubg58 collected $0.07 from pot
*** SUMMARY ***
Total pot $0.07 | Rake $0 
Board [Ts Ad 8s]
Seat 1: 02shwals (big blind) folded on the Flop
Seat 2: Dorex2007 folded before Flop (didn't bet)
Seat 3: gringhostil folded before Flop (didn't bet)
Seat 4: dubg58 collected ($0.07)
Seat 5: Alemarcori95 folded before Flop (didn't bet)
Seat 6: gufjara567 folded before Flop (didn't bet)
Seat 7: 8UG5Y folded before Flop (didn't bet)
Seat 8: erikadirago (button) folded on the Flop
Seat 9: Dog Weed (small blind) folded before Flop



PokerStars Hand #224950624181:  Hold'em No Limit ($0.01/$0.02 USD) - 2021/03/18 17:14:10 PT [2021/03/18 20:14:10 ET]
Table 'Figneria' 9-max Seat #9 is the button
Seat 1: 02shwals ($5.46 in chips) 
Seat 2: Dorex2007 ($2.56 in chips) 
Seat 3: gringhostil ($0.33 in chips) 
Seat 4: dubg58 ($2.31 in chips) 
Seat 5: Alemarcori95 ($3.71 in chips) 
Seat 6: gufjara567 ($0.57 in chips) 
Seat 7: 8UG5Y ($1.81 in chips) 
Seat 8: erikadirago ($1.01 in chips) 
Seat 9: Dog Weed ($1.25 in chips) 
02shwals: posts small blind $0.01
Dorex2007: posts big blind $0.02
*** HOLE CARDS ***
Dealt to Dorex2007 [6c Ah]
gringhostil: raises $0.04 to $0.06
dubg58: folds 
Alemarcori95: folds 
gufjara567: calls $0.06
8UG5Y: folds 
erikadirago: calls $0.06
Dog Weed: folds 
02shwals: calls $0.05
Dorex2007: folds 
*** FLOP *** [Kc Qs Ad]
02shwals: checks 
gringhostil: bets $0.27 and is all-in
gufjara567: folds 
erikadirago: folds 
02shwals: folds 
Uncalled bet ($0.27) returned to gringhostil
gringhostil collected $0.25 from pot
gringhostil: doesn't show hand 
*** SUMMARY ***
Total pot $0.26 | Rake $0.01 
Board [Kc Qs Ad]
Seat 1: 02shwals (small blind) folded on the Flop
Seat 2: Dorex2007 (big blind) folded before Flop
Seat 3: gringhostil collected ($0.25)
Seat 4: dubg58 folded before Flop (didn't bet)
Seat 5: Alemarcori95 folded before Flop (didn't bet)
Seat 6: gufjara567 folded on the Flop
Seat 7: 8UG5Y folded before Flop (didn't bet)
Seat 8: erikadirago folded on the Flop
Seat 9: Dog Weed (button) folded before Flop (didn't bet)



PokerStars Hand #224950648291:  Hold'em No Limit ($0.01/$0.02 USD) - 2021/03/18 17:15:03 PT [2021/03/18 20:15:03 ET]
Table 'Figneria' 9-max Seat #1 is the button
Seat 1: 02shwals ($5.40 in chips) 
Seat 2: Dorex2007 ($2.54 in chips) 
Seat 3: gringhostil ($0.52 in chips) 
Seat 4: dubg58 ($2.31 in chips) 
Seat 5: Alemarcori95 ($3.71 in chips) 
Seat 6: gufjara567 ($0.51 in chips) 
Seat 7: 8UG5Y ($1.81 in chips) 
Seat 8: erikadirago ($0.95 in chips) 
Seat 9: Dog Weed ($1.25 in chips) 
Dorex2007: posts small blind $0.01
gringhostil: posts big blind $0.02
*** HOLE CARDS ***
Dealt to Dorex2007 [6s 2c]
dubg58: calls $0.02
Alemarcori95: folds 
gufjara567: folds 
8UG5Y: folds 
erikadirago: calls $0.02
Dog Weed: calls $0.02
02shwals: raises $0.08 to $0.10
Dorex2007: folds 
gringhostil: calls $0.08
dubg58: calls $0.08
erikadirago: calls $0.08
Dog Weed: calls $0.08
*** FLOP *** [9d 3h Ac]
gringhostil: checks 
dubg58: checks 
erikadirago: checks 
Dog Weed: checks 
02shwals: bets $0.38
gringhostil: folds 
dubg58: calls $0.38
erikadirago: folds 
Dog Weed: folds 
*** TURN *** [9d 3h Ac] [2h]
dubg58: checks 
02shwals: bets $4.92 and is all-in
dubg58: calls $1.83 and is all-in
Uncalled bet ($3.09) returned to 02shwals
*** RIVER *** [9d 3h Ac 2h] [2d]
*** SHOW DOWN ***
dubg58: shows [Jc Js] (two pair, Jacks and Deuces)
02shwals: shows [Ah Kh] (two pair, Aces and Deuces)
02shwals collected $4.76 from pot
*** SUMMARY ***
Total pot $4.93 | Rake $0.17 
Board [9d 3h Ac 2h 2d]
Seat 1: 02shwals (button) showed [Ah Kh] and won ($4.76) with two pair, Aces and Deuces
Seat 2: Dorex2007 (small blind) folded before Flop
Seat 3: gringhostil (big blind) folded on the Flop
Seat 4: dubg58 showed [Jc Js] and lost with two pair, Jacks and Deuces
Seat 5: Alemarcori95 folded before Flop (didn't bet)
Seat 6: gufjara567 folded before Flop (didn't bet)
Seat 7: 8UG5Y folded before Flop (didn't bet)
Seat 8: erikadirago folded on the Flop
Seat 9: Dog Weed folded on the Flop



PokerStars Hand #224950683761:  Hold'em No Limit ($0.01/$0.02 USD) - 2021/03/18 17:16:30 PT [2021/03/18 20:16:30 ET]
Table 'Figneria' 9-max Seat #2 is the button
Seat 1: 02shwals ($7.85 in chips) 
Seat 2: Dorex2007 ($2.53 in chips) 
Seat 3: gringhostil ($0.42 in chips) 
Seat 5: Alemarcori95 ($3.71 in chips) 
Seat 6: gufjara567 ($0.51 in chips) 
Seat 7: 8UG5Y ($1.81 in chips) 
Seat 8: erikadirago ($0.85 in chips) 
Seat 9: Dog Weed ($1.15 in chips) 
gringhostil: posts small blind $0.01
Alemarcori95: posts big blind $0.02
*** HOLE CARDS ***
Dealt to Dorex2007 [Qc 4s]
gufjara567: folds 
8UG5Y: raises $0.04 to $0.06
erikadirago: folds 
Dog Weed: calls $0.06
02shwals: folds 
Dorex2007: folds 
gringhostil: folds 
Alemarcori95: folds 
*** FLOP *** [3h 2s 8d]
8UG5Y: checks 
dubg58 leaves the table
Dog Weed: checks 
*** TURN *** [3h 2s 8d] [2d]
8UG5Y: bets $0.05
Dog Weed: calls $0.05
*** RIVER *** [3h 2s 8d 2d] [Ah]
TheMaybury joins the table at seat #4 
8UG5Y: checks 
Dog Weed: checks 
*** SHOW DOWN ***
8UG5Y: shows [As Ac] (a full house, Aces full of Deuces)
Dog Weed: mucks hand 
8UG5Y collected $0.24 from pot
*** SUMMARY ***
Total pot $0.25 | Rake $0.01 
Board [3h 2s 8d 2d Ah]
Seat 1: 02shwals folded before Flop (didn't bet)
Seat 2: Dorex2007 (button) folded before Flop (didn't bet)
Seat 3: gringhostil (small blind) folded before Flop
Seat 5: Alemarcori95 (big blind) folded before Flop
Seat 6: gufjara567 folded before Flop (didn't bet)
Seat 7: 8UG5Y showed [As Ac] and won ($0.24) with a full house, Aces full of Deuces
Seat 8: erikadirago folded before Flop (didn't bet)
Seat 9: Dog Weed mucked [Qh Js]



PokerStars Hand #224950701325:  Hold'em No Limit ($0.01/$0.02 USD) - 2021/03/18 17:17:13 PT [2021/03/18 20:17:13 ET]
Table 'Figneria' 9-max Seat #3 is the button
Seat 1: 02shwals ($7.85 in chips) 
Seat 2: Dorex2007 ($2.53 in chips) 
Seat 3: gringhostil ($0.41 in chips) 
Seat 5: Alemarcori95 ($3.69 in chips) 
Seat 6: gufjara567 ($0.51 in chips) 
Seat 7: 8UG5Y ($1.94 in chips) 
Seat 8: erikadirago ($0.85 in chips) 
Seat 9: Dog Weed ($1.04 in chips) 
Alemarcori95: posts small blind $0.01
gufjara567: posts big blind $0.02
*** HOLE CARDS ***
Dealt to Dorex2007 [7c Td]
8UG5Y: folds 
erikadirago: folds 
Dog Weed: folds 
02shwals: folds 
Dorex2007: folds 
gringhostil: folds 
Alemarcori95: calls $0.01
gufjara567: checks 
*** FLOP *** [6d 7h 8s]
Alemarcori95: checks 
gufjara567: bets $0.02
Alemarcori95: calls $0.02
*** TURN *** [6d 7h 8s] [8c]
Alemarcori95: checks 
gufjara567: bets $0.04
Alemarcori95: calls $0.04
*** RIVER *** [6d 7h 8s 8c] [Qs]
Alemarcori95: checks 
gufjara567: bets $0.12
Alemarcori95: folds 
Uncalled bet ($0.12) returned to gufjara567
gufjara567 collected $0.15 from pot
gufjara567: doesn't show hand 
*** SUMMARY ***
Total pot $0.16 | Rake $0.01 
Board [6d 7h 8s 8c Qs]
Seat 1: 02shwals folded before Flop (didn't bet)
Seat 2: Dorex2007 folded before Flop (didn't bet)
Seat 3: gringhostil (button) folded before Flop (didn't bet)
Seat 5: Alemarcori95 (small blind) folded on the River
Seat 6: gufjara567 (big blind) collected ($0.15)
Seat 7: 8UG5Y folded before Flop (didn't bet)
Seat 8: erikadirago folded before Flop (didn't bet)
Seat 9: Dog Weed folded before Flop (didn't bet)



PokerStars Hand #224950716407:  Hold'em No Limit ($0.01/$0.02 USD) - 2021/03/18 17:17:51 PT [2021/03/18 20:17:51 ET]
Table 'Figneria' 9-max Seat #5 is the button
Seat 1: 02shwals ($7.85 in chips) 
Seat 2: Dorex2007 ($2.53 in chips) 
Seat 3: gringhostil ($0.41 in chips) 
Seat 5: Alemarcori95 ($3.61 in chips) 
Seat 6: gufjara567 ($0.58 in chips) 
Seat 7: 8UG5Y ($1.94 in chips) 
Seat 8: erikadirago ($0.85 in chips) 
Seat 9: Dog Weed ($1.04 in chips) 
gufjara567: posts small blind $0.01
8UG5Y: posts big blind $0.02
TheMaybury: sits out 
*** HOLE CARDS ***
Dealt to Dorex2007 [9c 5h]
erikadirago: folds 
Dog Weed: raises $0.02 to $0.04
02shwals: folds 
Dorex2007: folds 
gringhostil: calls $0.04
Alemarcori95: calls $0.04
gufjara567: folds 
8UG5Y: calls $0.02
*** FLOP *** [Kh Js 3h]
8UG5Y: bets $0.12
Dog Weed: calls $0.12
gringhostil: folds 
Alemarcori95: folds 
*** TURN *** [Kh Js 3h] [8h]
8UG5Y: bets $0.30
Dog Weed: calls $0.30
*** RIVER *** [Kh Js 3h 8h] [3d]
8UG5Y: bets $0.32
Dog Weed: folds 
Uncalled bet ($0.32) returned to 8UG5Y
8UG5Y collected $0.97 from pot
8UG5Y: doesn't show hand 
*** SUMMARY ***
Total pot $1.01 | Rake $0.04 
Board [Kh Js 3h 8h 3d]
Seat 1: 02shwals folded before Flop (didn't bet)
Seat 2: Dorex2007 folded before Flop (didn't bet)
Seat 3: gringhostil folded on the Flop
Seat 5: Alemarcori95 (button) folded on the Flop
Seat 6: gufjara567 (small blind) folded before Flop
Seat 7: 8UG5Y (big blind) collected ($0.97)
Seat 8: erikadirago folded before Flop (didn't bet)
Seat 9: Dog Weed folded on the River



PokerStars Hand #224950755313:  Hold'em No Limit ($0.01/$0.02 USD) - 2021/03/18 17:18:47 PT [2021/03/18 20:18:47 ET]
Table 'Figneria' 9-max Seat #6 is the button
Seat 1: 02shwals ($7.85 in chips) 
Seat 2: Dorex2007 ($2.53 in chips) 
Seat 3: gringhostil ($0.37 in chips) 
Seat 5: Alemarcori95 ($3.57 in chips) 
Seat 6: gufjara567 ($0.57 in chips) 
Seat 7: 8UG5Y ($2.45 in chips) 
Seat 8: erikadirago ($0.85 in chips) 
Seat 9: Dog Weed ($0.58 in chips) 
8UG5Y: posts small blind $0.01
erikadirago: posts big blind $0.02
TheMaybury: sits out 
*** HOLE CARDS ***
Dealt to Dorex2007 [Qs Jc]
Dog Weed: folds 
02shwals: folds 
Dorex2007: folds 
gringhostil: folds 
Alemarcori95: folds 
gufjara567: folds 
8UG5Y: raises $0.04 to $0.06
erikadirago: raises $0.12 to $0.18
8UG5Y: calls $0.12
*** FLOP *** [9c Qd Qc]
8UG5Y: checks 
erikadirago: bets $0.67 and is all-in
8UG5Y: calls $0.67
*** TURN *** [9c Qd Qc] [Kh]
*** RIVER *** [9c Qd Qc Kh] [4c]
*** SHOW DOWN ***
8UG5Y: shows [8s 8d] (two pair, Queens and Eights)
erikadirago: shows [As 3s] (a pair of Queens)
8UG5Y collected $1.64 from pot
*** SUMMARY ***
Total pot $1.70 | Rake $0.06 
Board [9c Qd Qc Kh 4c]
Seat 1: 02shwals folded before Flop (didn't bet)
Seat 2: Dorex2007 folded before Flop (didn't bet)
Seat 3: gringhostil folded before Flop (didn't bet)
Seat 5: Alemarcori95 folded before Flop (didn't bet)
Seat 6: gufjara567 (button) folded before Flop (didn't bet)
Seat 7: 8UG5Y (small blind) showed [8s 8d] and won ($1.64) with two pair, Queens and Eights
Seat 8: erikadirago (big blind) showed [As 3s] and lost with a pair of Queens
Seat 9: Dog Weed folded before Flop (didn't bet)



PokerStars Hand #224950772519:  Hold'em No Limit ($0.01/$0.02 USD) - 2021/03/18 17:19:29 PT [2021/03/18 20:19:29 ET]
Table 'Figneria' 9-max Seat #7 is the button
Seat 1: 02shwals ($7.85 in chips) 
Seat 2: Dorex2007 ($2.53 in chips) 
Seat 3: gringhostil ($0.37 in chips) 
Seat 5: Alemarcori95 ($3.57 in chips) 
Seat 6: gufjara567 ($0.57 in chips) 
Seat 7: 8UG5Y ($3.24 in chips) 
Seat 9: Dog Weed ($0.58 in chips) 
Dog Weed: posts small blind $0.01
02shwals: posts big blind $0.02
TheMaybury: sits out 
*** HOLE CARDS ***
Dealt to Dorex2007 [2h 2d]
Dorex2007: folds 
gringhostil: calls $0.02
Alemarcori95: folds 
gufjara567: calls $0.02
8UG5Y: folds 
Dog Weed: calls $0.01
02shwals: checks 
*** FLOP *** [8h 3h Ts]
Dog Weed: checks 
02shwals: checks 
gringhostil: checks 
gufjara567: checks 
*** TURN *** [8h 3h Ts] [5h]
Dog Weed: checks 
02shwals: bets $0.04
gringhostil: folds 
gufjara567: folds 
Dog Weed: folds 
Uncalled bet ($0.04) returned to 02shwals
02shwals collected $0.08 from pot
02shwals: doesn't show hand 
*** SUMMARY ***
Total pot $0.08 | Rake $0 
Board [8h 3h Ts 5h]
Seat 1: 02shwals (big blind) collected ($0.08)
Seat 2: Dorex2007 folded before Flop (didn't bet)
Seat 3: gringhostil folded on the Turn
Seat 5: Alemarcori95 folded before Flop (didn't bet)
Seat 6: gufjara567 folded on the Turn
Seat 7: 8UG5Y (button) folded before Flop (didn't bet)
Seat 9: Dog Weed (small blind) folded on the Turn



PokerStars Hand #224950786847:  Hold'em No Limit ($0.01/$0.02 USD) - 2021/03/18 17:20:04 PT [2021/03/18 20:20:04 ET]
Table 'Figneria' 9-max Seat #9 is the button
Seat 1: 02shwals ($7.91 in chips) 
Seat 2: Dorex2007 ($2.53 in chips) 
Seat 3: gringhostil ($0.35 in chips) 
Seat 5: Alemarcori95 ($3.57 in chips) 
Seat 6: gufjara567 ($0.55 in chips) 
Seat 7: 8UG5Y ($3.24 in chips) 
Seat 9: Dog Weed ($0.56 in chips) 
02shwals: posts small blind $0.01
Dorex2007: posts big blind $0.02
TheMaybury: sits out 
*** HOLE CARDS ***
Dealt to Dorex2007 [9s Ts]
gringhostil: raises $0.04 to $0.06
Alemarcori95: folds 
gufjara567: calls $0.06
8UG5Y: calls $0.06
Dog Weed: folds 
02shwals: folds 
Dorex2007: calls $0.04
*** FLOP *** [Th 3h Kc]
Dorex2007: checks 
gringhostil: bets $0.29 and is all-in
erikadirago leaves the table
gufjara567: folds 
8UG5Y: folds 
reynalyn joins the table at seat #8 
Dorex2007: folds 
Uncalled bet ($0.29) returned to gringhostil
gringhostil collected $0.24 from pot
gringhostil: doesn't show hand 
*** SUMMARY ***
Total pot $0.25 | Rake $0.01 
Board [Th 3h Kc]
Seat 1: 02shwals (small blind) folded before Flop
Seat 2: Dorex2007 (big blind) folded on the Flop
Seat 3: gringhostil collected ($0.24)
Seat 5: Alemarcori95 folded before Flop (didn't bet)
Seat 6: gufjara567 folded on the Flop
Seat 7: 8UG5Y folded on the Flop
Seat 9: Dog Weed (button) folded before Flop (didn't bet)



PokerStars Hand #224950806480:  Hold'em No Limit ($0.01/$0.02 USD) - 2021/03/18 17:20:52 PT [2021/03/18 20:20:52 ET]
Table 'Figneria' 9-max Seat #1 is the button
Seat 1: 02shwals ($7.90 in chips) 
Seat 2: Dorex2007 ($2.47 in chips) 
Seat 3: gringhostil ($0.53 in chips) 
Seat 5: Alemarcori95 ($3.57 in chips) 
Seat 6: gufjara567 ($0.49 in chips) 
Seat 7: 8UG5Y ($3.18 in chips) 
Seat 9: Dog Weed ($0.56 in chips) 
Dorex2007: posts small blind $0.01
gringhostil: posts big blind $0.02
TheMaybury: sits out 
*** HOLE CARDS ***
Dealt to Dorex2007 [7c 9h]
Alemarcori95: folds 
gufjara567: folds 
8UG5Y: folds 
Dog Weed: folds 
02shwals: calls $0.02
Dorex2007: calls $0.01
gringhostil: checks 
*** FLOP *** [4s 2h Qh]
Dorex2007: checks 
gringhostil: checks 
02shwals: checks 
*** TURN *** [4s 2h Qh] [Ts]
Dorex2007: checks 
gringhostil: bets $0.04
02shwals: calls $0.04
Dorex2007: folds 
*** RIVER *** [4s 2h Qh Ts] [8d]
gringhostil: checks 
02shwals: checks 
*** SHOW DOWN ***
gringhostil: shows [5h Jh] (high card Queen)
02shwals: shows [Ac Js] (high card Ace)
02shwals collected $0.14 from pot
*** SUMMARY ***
Total pot $0.14 | Rake $0 
Board [4s 2h Qh Ts 8d]
Seat 1: 02shwals (button) showed [Ac Js] and won ($0.14) with high card Ace
Seat 2: Dorex2007 (small blind) folded on the Turn
Seat 3: gringhostil (big blind) showed [5h Jh] and lost with high card Queen
Seat 5: Alemarcori95 folded before Flop (didn't bet)
Seat 6: gufjara567 folded before Flop (didn't bet)
Seat 7: 8UG5Y folded before Flop (didn't bet)
Seat 9: Dog Weed folded before Flop (didn't bet)



PokerStars Hand #224950826310:  Hold'em No Limit ($0.01/$0.02 USD) - 2021/03/18 17:21:41 PT [2021/03/18 20:21:41 ET]
Table 'Figneria' 9-max Seat #2 is the button
Seat 1: 02shwals ($7.98 in chips) 
Seat 2: Dorex2007 ($2.45 in chips) 
Seat 3: gringhostil ($0.47 in chips) 
Seat 4: TheMaybury ($0.82 in chips) 
Seat 5: Alemarcori95 ($3.57 in chips) 
Seat 6: gufjara567 ($0.49 in chips) 
Seat 7: 8UG5Y ($3.18 in chips) 
Seat 9: Dog Weed ($0.56 in chips) 
gringhostil: posts small blind $0.01
TheMaybury: posts big blind $0.02
*** HOLE CARDS ***
Dealt to Dorex2007 [Qs 2d]
Alemarcori95: folds 
gufjara567: raises $0.02 to $0.04
8UG5Y: folds 
Dog Weed: calls $0.04
02shwals: folds 
Dorex2007: folds 
gringhostil: folds 
TheMaybury: calls $0.02
*** FLOP *** [Jd 4c Kh]
TheMaybury: checks 
gufjara567: bets $0.04
Dog Weed: folds 
TheMaybury: folds 
Uncalled bet ($0.04) returned to gufjara567
gufjara567 collected $0.13 from pot
gufjara567: doesn't show hand 
*** SUMMARY ***
Total pot $0.13 | Rake $0 
Board [Jd 4c Kh]
Seat 1: 02shwals folded before Flop (didn't bet)
Seat 2: Dorex2007 (button) folded before Flop (didn't bet)
Seat 3: gringhostil (small blind) folded before Flop
Seat 4: TheMaybury (big blind) folded on the Flop
Seat 5: Alemarcori95 folded before Flop (didn't bet)
Seat 6: gufjara567 collected ($0.13)
Seat 7: 8UG5Y folded before Flop (didn't bet)
Seat 9: Dog Weed folded on the Flop



PokerStars Hand #224950841677:  Hold'em No Limit ($0.01/$0.02 USD) - 2021/03/18 17:22:19 PT [2021/03/18 20:22:19 ET]
Table 'Figneria' 9-max Seat #3 is the button
Seat 1: 02shwals ($7.98 in chips) 
Seat 2: Dorex2007 ($2.45 in chips) 
Seat 3: gringhostil ($0.46 in chips) 
Seat 4: TheMaybury ($0.78 in chips) 
Seat 5: Alemarcori95 ($3.57 in chips) 
Seat 6: gufjara567 ($0.58 in chips) 
Seat 7: 8UG5Y ($3.18 in chips) 
Seat 9: Dog Weed ($0.52 in chips) 
TheMaybury: posts small blind $0.01
Alemarcori95: posts big blind $0.02
*** HOLE CARDS ***
Dealt to Dorex2007 [7s 3d]
gufjara567: folds 
8UG5Y: folds 
Dog Weed: raises $0.04 to $0.06
02shwals: folds 
Dorex2007: folds 
gringhostil: raises $0.15 to $0.21
TheMaybury: folds 
Alemarcori95: raises $0.27 to $0.48
Dog Weed: folds 
gringhostil: calls $0.25 and is all-in
Uncalled bet ($0.02) returned to Alemarcori95
*** FLOP *** [3h 9c 9d]
*** TURN *** [3h 9c 9d] [9h]
*** RIVER *** [3h 9c 9d 9h] [8d]
*** SHOW DOWN ***
Alemarcori95: shows [Qd Qh] (a full house, Nines full of Queens)
gringhostil: shows [Td Th] (a full house, Nines full of Tens)
Alemarcori95 collected $0.96 from pot
*** SUMMARY ***
Total pot $0.99 | Rake $0.03 
Board [3h 9c 9d 9h 8d]
Seat 1: 02shwals folded before Flop (didn't bet)
Seat 2: Dorex2007 folded before Flop (didn't bet)
Seat 3: gringhostil (button) showed [Td Th] and lost with a full house, Nines full of Tens
Seat 4: TheMaybury (small blind) folded before Flop
Seat 5: Alemarcori95 (big blind) showed [Qd Qh] and won ($0.96) with a full house, Nines full of Queens
Seat 6: gufjara567 folded before Flop (didn't bet)
Seat 7: 8UG5Y folded before Flop (didn't bet)
Seat 9: Dog Weed folded before Flop



PokerStars Hand #224950859207:  Hold'em No Limit ($0.01/$0.02 USD) - 2021/03/18 17:23:02 PT [2021/03/18 20:23:02 ET]
Table 'Figneria' 9-max Seat #4 is the button
Seat 1: 02shwals ($7.98 in chips) 
Seat 2: Dorex2007 ($2.45 in chips) 
Seat 4: TheMaybury ($0.77 in chips) 
Seat 5: Alemarcori95 ($4.07 in chips) 
Seat 6: gufjara567 ($0.58 in chips) 
Seat 7: 8UG5Y ($3.18 in chips) 
Seat 9: Dog Weed ($0.46 in chips) 
Alemarcori95: posts small blind $0.01
gufjara567: posts big blind $0.02
*** HOLE CARDS ***
Dealt to Dorex2007 [2c Kc]
8UG5Y: folds 
Dog Weed: raises $0.04 to $0.06
02shwals: calls $0.06
Dorex2007: folds 
TheMaybury: folds 
Alemarcori95: calls $0.05
gufjara567: calls $0.04
*** FLOP *** [Qs 3h 2h]
Alemarcori95: checks 
gufjara567: bets $0.02
Dog Weed: raises $0.38 to $0.40 and is all-in
02shwals: calls $0.40
Alemarcori95: folds 
gufjara567: folds 
*** TURN *** [Qs 3h 2h] [3s]
*** RIVER *** [Qs 3h 2h 3s] [9h]
*** SHOW DOWN ***
Dog Weed: shows [Kd Ah] (a pair of Threes)
02shwals: shows [Qd Jd] (two pair, Queens and Threes)
02shwals collected $1.02 from pot
*** SUMMARY ***
Total pot $1.06 | Rake $0.04 
Board [Qs 3h 2h 3s 9h]
Seat 1: 02shwals showed [Qd Jd] and won ($1.02) with two pair, Queens and Threes
Seat 2: Dorex2007 folded before Flop (didn't bet)
Seat 4: TheMaybury (button) folded before Flop (didn't bet)
Seat 5: Alemarcori95 (small blind) folded on the Flop
Seat 6: gufjara567 (big blind) folded on the Flop
Seat 7: 8UG5Y folded before Flop (didn't bet)
Seat 9: Dog Weed showed [Kd Ah] and lost with a pair of Threes



PokerStars Hand #224950879349:  Hold'em No Limit ($0.01/$0.02 USD) - 2021/03/18 17:23:52 PT [2021/03/18 20:23:52 ET]
Table 'Figneria' 9-max Seat #5 is the button
Seat 1: 02shwals ($8.54 in chips) 
Seat 2: Dorex2007 ($2.45 in chips) 
Seat 3: gringhostil ($1 in chips) 
Seat 4: TheMaybury ($0.77 in chips) 
Seat 5: Alemarcori95 ($4.01 in chips) 
Seat 6: gufjara567 ($0.50 in chips) 
Seat 7: 8UG5Y ($3.18 in chips) 
gufjara567: posts small blind $0.01
8UG5Y: posts big blind $0.02
*** HOLE CARDS ***
Dealt to Dorex2007 [Jh 2c]
02shwals: folds 
Dorex2007: folds 
Dog Weed leaves the table
gringhostil: folds 
TheMaybury: folds 
Alemarcori95: folds 
gufjara567: raises $0.06 to $0.08
8UG5Y: calls $0.06
*** FLOP *** [6s Td Js]
gufjara567: checks 
8UG5Y: bets $0.05
gufjara567: calls $0.05
*** TURN *** [6s Td Js] [7h]
gufjara567: checks 
8UG5Y: checks 
*** RIVER *** [6s Td Js 7h] [Ks]
gufjara567: bets $0.37 and is all-in
8UG5Y: folds 
Uncalled bet ($0.37) returned to gufjara567
gufjara567 collected $0.25 from pot
gufjara567: doesn't show hand 
*** SUMMARY ***
Total pot $0.26 | Rake $0.01 
Board [6s Td Js 7h Ks]
Seat 1: 02shwals folded before Flop (didn't bet)
Seat 2: Dorex2007 folded before Flop (didn't bet)
Seat 3: gringhostil folded before Flop (didn't bet)
Seat 4: TheMaybury folded before Flop (didn't bet)
Seat 5: Alemarcori95 (button) folded before Flop (didn't bet)
Seat 6: gufjara567 (small blind) collected ($0.25)
Seat 7: 8UG5Y (big blind) folded on the River



PokerStars Hand #224950896178:  Hold'em No Limit ($0.01/$0.02 USD) - 2021/03/18 17:24:34 PT [2021/03/18 20:24:34 ET]
Table 'Figneria' 9-max Seat #6 is the button
Seat 1: 02shwals ($8.54 in chips) 
Seat 2: Dorex2007 ($2.45 in chips) 
Seat 3: gringhostil ($1 in chips) 
Seat 4: TheMaybury ($0.77 in chips) 
Seat 5: Alemarcori95 ($4.01 in chips) 
Seat 6: gufjara567 ($0.62 in chips) 
Seat 7: 8UG5Y ($3.05 in chips) 
8UG5Y: posts small blind $0.01
02shwals: posts big blind $0.02
*** HOLE CARDS ***
Dealt to Dorex2007 [Ks 7d]
Dorex2007: folds 
gringhostil: raises $0.04 to $0.06
TheMaybury: folds 
Alemarcori95: folds 
gufjara567: folds 
8UG5Y: folds 
02shwals: folds 
Uncalled bet ($0.04) returned to gringhostil
gringhostil collected $0.05 from pot
gringhostil: doesn't show hand 
*** SUMMARY ***
Total pot $0.05 | Rake $0 
Seat 1: 02shwals (big blind) folded before Flop
Seat 2: Dorex2007 folded before Flop (didn't bet)
Seat 3: gringhostil collected ($0.05)
Seat 4: TheMaybury folded before Flop (didn't bet)
Seat 5: Alemarcori95 folded before Flop (didn't bet)
Seat 6: gufjara567 (button) folded before Flop (didn't bet)
Seat 7: 8UG5Y (small blind) folded before Flop



PokerStars Hand #224950906944:  Hold'em No Limit ($0.01/$0.02 USD) - 2021/03/18 17:25:00 PT [2021/03/18 20:25:00 ET]
Table 'Figneria' 9-max Seat #7 is the button
Seat 1: 02shwals ($8.52 in chips) 
Seat 2: Dorex2007 ($2.45 in chips) 
Seat 3: gringhostil ($1.03 in chips) 
Seat 4: TheMaybury ($0.77 in chips) 
Seat 5: Alemarcori95 ($4.01 in chips) 
Seat 6: gufjara567 ($0.62 in chips) 
Seat 7: 8UG5Y ($3.04 in chips) 
02shwals: posts small blind $0.01
Dorex2007: posts big blind $0.02
*** HOLE CARDS ***
Dealt to Dorex2007 [8d Js]
gringhostil: folds 
TheMaybury: calls $0.02
Alemarcori95: folds 
AGadowsk joins the table at seat #9 
gufjara567: calls $0.02
8UG5Y: folds 
02shwals: folds 
Dorex2007: checks 
*** FLOP *** [Qc 3d 4h]
Dorex2007: checks 
TheMaybury: bets $0.02
gufjara567: calls $0.02
Dorex2007: folds 
*** TURN *** [Qc 3d 4h] [As]
TheMaybury: bets $0.04
gufjara567: raises $0.08 to $0.12
TheMaybury: folds 
Uncalled bet ($0.08) returned to gufjara567
gufjara567 collected $0.18 from pot
gufjara567: doesn't show hand 
*** SUMMARY ***
Total pot $0.19 | Rake $0.01 
Board [Qc 3d 4h As]
Seat 1: 02shwals (small blind) folded before Flop
Seat 2: Dorex2007 (big blind) folded on the Flop
Seat 3: gringhostil folded before Flop (didn't bet)
Seat 4: TheMaybury folded on the Turn
Seat 5: Alemarcori95 folded before Flop (didn't bet)
Seat 6: gufjara567 collected ($0.18)
Seat 7: 8UG5Y (button) folded before Flop (didn't bet)



PokerStars Hand #224950930901:  Hold'em No Limit ($0.01/$0.02 USD) - 2021/03/18 17:26:00 PT [2021/03/18 20:26:00 ET]
Table 'Figneria' 9-max Seat #1 is the button
Seat 1: 02shwals ($8.51 in chips) 
Seat 2: Dorex2007 ($2.43 in chips) 
Seat 3: gringhostil ($1.03 in chips) 
Seat 4: TheMaybury ($0.69 in chips) 
Seat 5: Alemarcori95 ($4.01 in chips) 
Seat 6: gufjara567 ($0.72 in chips) 
Seat 7: 8UG5Y ($3.04 in chips) 
Seat 8: reynalyn ($0.80 in chips) 
Seat 9: AGadowsk ($1.60 in chips) 
Dorex2007: posts small blind $0.01
gringhostil: posts big blind $0.02
reynalyn: posts big blind $0.02
AGadowsk: posts big blind $0.02
*** HOLE CARDS ***
Dealt to Dorex2007 [7s Ts]
TheMaybury: folds 
Alemarcori95: raises $0.04 to $0.06
gufjara567: folds 
8UG5Y: folds 
reynalyn: folds 
AGadowsk: calls $0.04
02shwals: folds 
Dorex2007: folds 
gringhostil: folds 
*** FLOP *** [5s Ac Js]
Alemarcori95: bets $0.16
AGadowsk: calls $0.16
*** TURN *** [5s Ac Js] [Th]
Alemarcori95: bets $0.24
AGadowsk: folds 
Uncalled bet ($0.24) returned to Alemarcori95
Alemarcori95 collected $0.47 from pot
Alemarcori95: doesn't show hand 
*** SUMMARY ***
Total pot $0.49 | Rake $0.02 
Board [5s Ac Js Th]
Seat 1: 02shwals (button) folded before Flop (didn't bet)
Seat 2: Dorex2007 (small blind) folded before Flop
Seat 3: gringhostil (big blind) folded before Flop
Seat 4: TheMaybury folded before Flop (didn't bet)
Seat 5: Alemarcori95 collected ($0.47)
Seat 6: gufjara567 folded before Flop (didn't bet)
Seat 7: 8UG5Y folded before Flop (didn't bet)
Seat 8: reynalyn folded before Flop (didn't bet)
Seat 9: AGadowsk folded on the Turn



PokerStars Hand #224950955487:  Hold'em No Limit ($0.01/$0.02 USD) - 2021/03/18 17:27:01 PT [2021/03/18 20:27:01 ET]
Table 'Figneria' 9-max Seat #2 is the button
Seat 1: 02shwals ($8.51 in chips) 
Seat 2: Dorex2007 ($2.42 in chips) 
Seat 3: gringhostil ($1.01 in chips) 
Seat 4: TheMaybury ($0.69 in chips) 
Seat 5: Alemarcori95 ($4.26 in chips) 
Seat 6: gufjara567 ($0.72 in chips) 
Seat 7: 8UG5Y ($3.04 in chips) 
Seat 8: reynalyn ($0.78 in chips) 
Seat 9: AGadowsk ($1.38 in chips) 
gringhostil: posts small blind $0.01
TheMaybury: posts big blind $0.02
*** HOLE CARDS ***
Dealt to Dorex2007 [Tc Js]
Alemarcori95: calls $0.02
gufjara567: folds 
8UG5Y: folds 
reynalyn: folds 
AGadowsk: raises $0.02 to $0.04
02shwals: folds 
Dorex2007: folds 
gringhostil: folds 
TheMaybury: calls $0.02
Alemarcori95: calls $0.02
*** FLOP *** [8s Qc 5d]
TheMaybury: checks 
Alemarcori95: checks 
AGadowsk: checks 
*** TURN *** [8s Qc 5d] [2c]
TheMaybury: bets $0.07
Alemarcori95: folds 
AGadowsk: calls $0.07
*** RIVER *** [8s Qc 5d 2c] [8c]
TheMaybury: checks 
AGadowsk: bets $0.13
TheMaybury: folds 
Uncalled bet ($0.13) returned to AGadowsk
AGadowsk collected $0.26 from pot
AGadowsk: doesn't show hand 
*** SUMMARY ***
Total pot $0.27 | Rake $0.01 
Board [8s Qc 5d 2c 8c]
Seat 1: 02shwals folded before Flop (didn't bet)
Seat 2: Dorex2007 (button) folded before Flop (didn't bet)
Seat 3: gringhostil (small blind) folded before Flop
Seat 4: TheMaybury (big blind) folded on the River
Seat 5: Alemarcori95 folded on the Turn
Seat 6: gufjara567 folded before Flop (didn't bet)
Seat 7: 8UG5Y folded before Flop (didn't bet)
Seat 8: reynalyn folded before Flop (didn't bet)
Seat 9: AGadowsk collected ($0.26)



PokerStars Hand #224950976296:  Hold'em No Limit ($0.01/$0.02 USD) - 2021/03/18 17:27:52 PT [2021/03/18 20:27:52 ET]
Table 'Figneria' 9-max Seat #3 is the button
Seat 1: 02shwals ($8.51 in chips) 
Seat 2: Dorex2007 ($2.42 in chips) 
Seat 3: gringhostil ($1 in chips) 
Seat 4: TheMaybury ($0.58 in chips) 
Seat 5: Alemarcori95 ($4.22 in chips) 
Seat 6: gufjara567 ($0.72 in chips) 
Seat 7: 8UG5Y ($3.04 in chips) 
Seat 8: reynalyn ($0.78 in chips) 
Seat 9: AGadowsk ($1.53 in chips) 
TheMaybury: posts small blind $0.01
Alemarcori95: posts big blind $0.02
*** HOLE CARDS ***
Dealt to Dorex2007 [Ad Ks]
gufjara567: raises $0.02 to $0.04
8UG5Y: folds 
reynalyn: folds 
AGadowsk: folds 
02shwals: folds 
Dorex2007: raises $0.12 to $0.16
gringhostil: folds 
TheMaybury: folds 
Alemarcori95: folds 
gufjara567: calls $0.12
*** FLOP *** [7h Qs 3d]
gufjara567: checks 
Dorex2007: bets $0.23
gufjara567: folds 
Uncalled bet ($0.23) returned to Dorex2007
Dorex2007 collected $0.34 from pot
Dorex2007: doesn't show hand 
*** SUMMARY ***
Total pot $0.35 | Rake $0.01 
Board [7h Qs 3d]
Seat 1: 02shwals folded before Flop (didn't bet)
Seat 2: Dorex2007 collected ($0.34)
Seat 3: gringhostil (button) folded before Flop (didn't bet)
Seat 4: TheMaybury (small blind) folded before Flop
Seat 5: Alemarcori95 (big blind) folded before Flop
Seat 6: gufjara567 folded on the Flop
Seat 7: 8UG5Y folded before Flop (didn't bet)
Seat 8: reynalyn folded before Flop (didn't bet)
Seat 9: AGadowsk folded before Flop (didn't bet)



PokerStars Hand #224950995487:  Hold'em No Limit ($0.01/$0.02 USD) - 2021/03/18 17:28:40 PT [2021/03/18 20:28:40 ET]
Table 'Figneria' 9-max Seat #4 is the button
Seat 1: 02shwals ($8.51 in chips) 
Seat 2: Dorex2007 ($2.60 in chips) 
Seat 3: gringhostil ($1 in chips) 
Seat 4: TheMaybury ($0.57 in chips) 
Seat 5: Alemarcori95 ($4.20 in chips) 
Seat 6: gufjara567 ($0.56 in chips) 
Seat 7: 8UG5Y ($3.04 in chips) 
Seat 8: reynalyn ($0.78 in chips) 
Seat 9: AGadowsk ($1.53 in chips) 
Alemarcori95: posts small blind $0.01
gufjara567: posts big blind $0.02
*** HOLE CARDS ***
Dealt to Dorex2007 [3d Kd]
8UG5Y has timed out
8UG5Y: folds 
reynalyn: raises $0.02 to $0.04
AGadowsk: folds 
02shwals: folds 
Dorex2007: folds 
gringhostil: folds 
TheMaybury: calls $0.04
Alemarcori95: calls $0.03
gufjara567: raises $0.06 to $0.10
reynalyn: raises $0.28 to $0.38
TheMaybury: raises $0.19 to $0.57 and is all-in
Alemarcori95: folds 
gufjara567: calls $0.46 and is all-in
reynalyn: calls $0.19
*** FLOP *** [2s Js Kh]
*** TURN *** [2s Js Kh] [Ac]
*** RIVER *** [2s Js Kh Ac] [Tc]
*** SHOW DOWN ***
reynalyn: shows [Qs Qd] (a straight, Ten to Ace)
TheMaybury: shows [Ad 7c] (a pair of Aces)
gufjara567: shows [Jh Kc] (two pair, Kings and Jacks)
gufjara567 cashed out the hand for $0.40
reynalyn cashed out the hand for $0.83 | Cash Out Fee $0.01
*** SUMMARY ***
Total pot $1.74 Main pot $1.66. Side pot $0.02. | Rake $0.06 
Board [2s Js Kh Ac Tc]
Seat 1: 02shwals folded before Flop (didn't bet)
Seat 2: Dorex2007 folded before Flop (didn't bet)
Seat 3: gringhostil folded before Flop (didn't bet)
Seat 4: TheMaybury (button) showed [Ad 7c] and lost with a pair of Aces
Seat 5: Alemarcori95 (small blind) folded before Flop
Seat 6: gufjara567 (big blind) showed [Jh Kc] and lost with two pair, Kings and Jacks (cashed out).
Seat 7: 8UG5Y folded before Flop (didn't bet)
Seat 8: reynalyn showed [Qs Qd] and won ($1.68) with a straight, Ten to Ace (pot not awarded as player cashed out)
Seat 9: AGadowsk folded before Flop (didn't bet)



PokerStars Hand #224951020836:  Hold'em No Limit ($0.01/$0.02 USD) - 2021/03/18 17:29:43 PT [2021/03/18 20:29:43 ET]
Table 'Figneria' 9-max Seat #5 is the button
Seat 1: 02shwals ($8.51 in chips) 
Seat 2: Dorex2007 ($2.60 in chips) 
Seat 3: gringhostil ($1 in chips) 
Seat 5: Alemarcori95 ($4.16 in chips) 
Seat 6: gufjara567 ($0.40 in chips) 
Seat 7: 8UG5Y ($3.04 in chips) 
Seat 8: reynalyn ($1.04 in chips) 
Seat 9: AGadowsk ($1.53 in chips) 
gufjara567: posts small blind $0.01
8UG5Y: posts big blind $0.02
*** HOLE CARDS ***
Dealt to Dorex2007 [9s 2d]
reynalyn: calls $0.02
AGadowsk: calls $0.02
02shwals: folds 
Dorex2007: folds 
gringhostil: folds 
Alemarcori95: folds 
gufjara567: calls $0.01
8UG5Y: checks 
*** FLOP *** [4h Ts Qs]
TheMaybury leaves the table
gufjara567: bets $0.02
8UG5Y: folds 
reynalyn: folds 
AGadowsk: raises $0.02 to $0.04
gufjara567: calls $0.02
*** TURN *** [4h Ts Qs] [Qh]
gufjara567: checks 
AGadowsk: checks 
*** RIVER *** [4h Ts Qs Qh] [8c]
gufjara567: checks 
AGadowsk: checks 
*** SHOW DOWN ***
gufjara567: shows [3d As] (a pair of Queens)
AGadowsk: shows [Ks Ac] (a pair of Queens - Ace+King kicker)
AGadowsk collected $0.15 from pot
*** SUMMARY ***
Total pot $0.16 | Rake $0.01 
Board [4h Ts Qs Qh 8c]
Seat 1: 02shwals folded before Flop (didn't bet)
Seat 2: Dorex2007 folded before Flop (didn't bet)
Seat 3: gringhostil folded before Flop (didn't bet)
Seat 5: Alemarcori95 (button) folded before Flop (didn't bet)
Seat 6: gufjara567 (small blind) showed [3d As] and lost with a pair of Queens
Seat 7: 8UG5Y (big blind) folded on the Flop
Seat 8: reynalyn folded on the Flop
Seat 9: AGadowsk showed [Ks Ac] and won ($0.15) with a pair of Queens



PokerStars Hand #224951034928:  Hold'em No Limit ($0.01/$0.02 USD) - 2021/03/18 17:30:18 PT [2021/03/18 20:30:18 ET]
Table 'Figneria' 9-max Seat #6 is the button
Seat 1: 02shwals ($8.51 in chips) 
Seat 2: Dorex2007 ($2.60 in chips) 
Seat 3: gringhostil ($1 in chips) 
Seat 5: Alemarcori95 ($4.16 in chips) 
Seat 6: gufjara567 ($0.34 in chips) 
Seat 7: 8UG5Y ($3.02 in chips) 
Seat 8: reynalyn ($1.02 in chips) 
Seat 9: AGadowsk ($1.62 in chips) 
8UG5Y: posts small blind $0.01
reynalyn: posts big blind $0.02
*** HOLE CARDS ***
Dealt to Dorex2007 [9s Qh]
AGadowsk: folds 
02shwals: folds 
Dorex2007: folds 
gringhostil: folds 
Alemarcori95: folds 
gufjara567: folds 
8UG5Y: raises $0.04 to $0.06
reynalyn: folds 
Uncalled bet ($0.04) returned to 8UG5Y
8UG5Y collected $0.04 from pot
8UG5Y: doesn't show hand 
*** SUMMARY ***
Total pot $0.04 | Rake $0 
Seat 1: 02shwals folded before Flop (didn't bet)
Seat 2: Dorex2007 folded before Flop (didn't bet)
Seat 3: gringhostil folded before Flop (didn't bet)
Seat 5: Alemarcori95 folded before Flop (didn't bet)
Seat 6: gufjara567 (button) folded before Flop (didn't bet)
Seat 7: 8UG5Y (small blind) collected ($0.04)
Seat 8: reynalyn (big blind) folded before Flop
Seat 9: AGadowsk folded before Flop (didn't bet)



PokerStars Hand #224951043584:  Hold'em No Limit ($0.01/$0.02 USD) - 2021/03/18 17:30:40 PT [2021/03/18 20:30:40 ET]
Table 'Figneria' 9-max Seat #7 is the button
Seat 1: 02shwals ($8.51 in chips) 
Seat 2: Dorex2007 ($2.60 in chips) 
Seat 3: gringhostil ($1 in chips) 
Seat 5: Alemarcori95 ($4.16 in chips) 
Seat 6: gufjara567 ($0.34 in chips) 
Seat 7: 8UG5Y ($3.04 in chips) 
Seat 8: reynalyn ($1 in chips) 
Seat 9: AGadowsk ($1.62 in chips) 
reynalyn: posts small blind $0.01
AGadowsk: posts big blind $0.02
*** HOLE CARDS ***
Dealt to Dorex2007 [7d Kd]
02shwals: folds 
Dorex2007: folds 
gringhostil: folds 
Alemarcori95: calls $0.02
gufjara567: folds 
8UG5Y: folds 
reynalyn: calls $0.01
AGadowsk: checks 
*** FLOP *** [7s 9c Td]
reynalyn: checks 
AGadowsk: bets $0.02
Alemarcori95: calls $0.02
reynalyn: calls $0.02
*** TURN *** [7s 9c Td] [5h]
reynalyn: checks 
AGadowsk: bets $0.02
Alemarcori95: calls $0.02
reynalyn: calls $0.02
*** RIVER *** [7s 9c Td 5h] [Th]
reynalyn: checks 
AGadowsk: bets $0.06
Alemarcori95: folds 
reynalyn: calls $0.06
*** SHOW DOWN ***
AGadowsk: shows [Ah Ts] (three of a kind, Tens)
reynalyn: mucks hand 
AGadowsk collected $0.29 from pot
*** SUMMARY ***
Total pot $0.30 | Rake $0.01 
Board [7s 9c Td 5h Th]
Seat 1: 02shwals folded before Flop (didn't bet)
Seat 2: Dorex2007 folded before Flop (didn't bet)
Seat 3: gringhostil folded before Flop (didn't bet)
Seat 5: Alemarcori95 folded on the River
Seat 6: gufjara567 folded before Flop (didn't bet)
Seat 7: 8UG5Y (button) folded before Flop (didn't bet)
Seat 8: reynalyn (small blind) mucked [Jd Tc]
Seat 9: AGadowsk (big blind) showed [Ah Ts] and won ($0.29) with three of a kind, Tens



PokerStars Hand #224951067335:  Hold'em No Limit ($0.01/$0.02 USD) - 2021/03/18 17:31:39 PT [2021/03/18 20:31:39 ET]
Table 'Figneria' 9-max Seat #8 is the button
Seat 1: 02shwals ($8.51 in chips) 
Seat 2: Dorex2007 ($2.60 in chips) 
Seat 3: gringhostil ($1 in chips) 
Seat 5: Alemarcori95 ($4.10 in chips) 
Seat 6: gufjara567 ($0.34 in chips) 
Seat 7: 8UG5Y ($3.04 in chips) 
Seat 8: reynalyn ($0.88 in chips) 
Seat 9: AGadowsk ($1.79 in chips) 
AGadowsk: posts small blind $0.01
02shwals: posts big blind $0.02
*** HOLE CARDS ***
Dealt to Dorex2007 [Qh Td]
Dorex2007: folds 
gringhostil: folds 
Alemarcori95: calls $0.02
gufjara567: raises $0.04 to $0.06
8UG5Y: folds 
reynalyn: folds 
AGadowsk: folds 
02shwals: folds 
Alemarcori95: folds 
Uncalled bet ($0.04) returned to gufjara567
gufjara567 collected $0.07 from pot
gufjara567: doesn't show hand 
*** SUMMARY ***
Total pot $0.07 | Rake $0 
Seat 1: 02shwals (big blind) folded before Flop
Seat 2: Dorex2007 folded before Flop (didn't bet)
Seat 3: gringhostil folded before Flop (didn't bet)
Seat 5: Alemarcori95 folded before Flop
Seat 6: gufjara567 collected ($0.07)
Seat 7: 8UG5Y folded before Flop (didn't bet)
Seat 8: reynalyn (button) folded before Flop (didn't bet)
Seat 9: AGadowsk (small blind) folded before Flop



PokerStars Hand #224951075601:  Hold'em No Limit ($0.01/$0.02 USD) - 2021/03/18 17:31:59 PT [2021/03/18 20:31:59 ET]
Table 'Figneria' 9-max Seat #9 is the button
Seat 1: 02shwals ($8.49 in chips) 
Seat 2: Dorex2007 ($2.60 in chips) 
Seat 3: gringhostil ($1 in chips) 
Seat 5: Alemarcori95 ($4.08 in chips) 
Seat 6: gufjara567 ($0.39 in chips) 
Seat 7: 8UG5Y ($3.04 in chips) 
Seat 8: reynalyn ($0.88 in chips) 
Seat 9: AGadowsk ($1.78 in chips) 
02shwals: posts small blind $0.01
Dorex2007: posts big blind $0.02
*** HOLE CARDS ***
Dealt to Dorex2007 [Kh 7h]
gringhostil: folds 
Alemarcori95: raises $0.04 to $0.06
gufjara567: folds 
8UG5Y: folds 
reynalyn: folds 
AGadowsk: folds 
02shwals: folds 
Dorex2007: calls $0.04
*** FLOP *** [4s Ad 6d]
Dorex2007: checks 
Alemarcori95: bets $0.07
Dorex2007: folds 
Uncalled bet ($0.07) returned to Alemarcori95
Alemarcori95 collected $0.13 from pot
Alemarcori95: doesn't show hand 
*** SUMMARY ***
Total pot $0.13 | Rake $0 
Board [4s Ad 6d]
Seat 1: 02shwals (small blind) folded before Flop
Seat 2: Dorex2007 (big blind) folded on the Flop
Seat 3: gringhostil folded before Flop (didn't bet)
Seat 5: Alemarcori95 collected ($0.13)
Seat 6: gufjara567 folded before Flop (didn't bet)
Seat 7: 8UG5Y folded before Flop (didn't bet)
Seat 8: reynalyn folded before Flop (didn't bet)
Seat 9: AGadowsk (button) folded before Flop (didn't bet)



PokerStars Hand #224951089620:  Hold'em No Limit ($0.01/$0.02 USD) - 2021/03/18 17:32:31 PT [2021/03/18 20:32:31 ET]
Table 'Figneria' 9-max Seat #1 is the button
Seat 1: 02shwals ($8.48 in chips) 
Seat 2: Dorex2007 ($2.54 in chips) 
Seat 3: gringhostil ($1 in chips) 
Seat 5: Alemarcori95 ($4.15 in chips) 
Seat 6: gufjara567 ($0.39 in chips) 
Seat 7: 8UG5Y ($3.04 in chips) 
Seat 8: reynalyn ($0.88 in chips) 
Seat 9: AGadowsk ($1.78 in chips) 
Dorex2007: posts small blind $0.01
gringhostil: posts big blind $0.02
*** HOLE CARDS ***
Dealt to Dorex2007 [6s 4d]
Alemarcori95: folds 
gufjara567: folds 
gufjara567 leaves the table
8UG5Y: folds 
reynalyn: folds 
AGadowsk: calls $0.02
02shwals: calls $0.02
Dorex2007: folds 
gringhostil: checks 
*** FLOP *** [2s Qh Tc]
gringhostil: checks 
AGadowsk: bets $0.04
02shwals: folds 
gringhostil: calls $0.04
*** TURN *** [2s Qh Tc] [Js]
gringhostil: checks 
AGadowsk: checks 
*** RIVER *** [2s Qh Tc Js] [8c]
gringhostil: bets $0.14
AGadowsk: calls $0.14
*** SHOW DOWN ***
gringhostil: shows [Th Qs] (two pair, Queens and Tens)
AGadowsk: mucks hand 
gringhostil collected $0.41 from pot
*** SUMMARY ***
Total pot $0.43 | Rake $0.02 
Board [2s Qh Tc Js 8c]
Seat 1: 02shwals (button) folded on the Flop
Seat 2: Dorex2007 (small blind) folded before Flop
Seat 3: gringhostil (big blind) showed [Th Qs] and won ($0.41) with two pair, Queens and Tens
Seat 5: Alemarcori95 folded before Flop (didn't bet)
Seat 6: gufjara567 folded before Flop (didn't bet)
Seat 7: 8UG5Y folded before Flop (didn't bet)
Seat 8: reynalyn folded before Flop (didn't bet)
Seat 9: AGadowsk mucked [Qd 6d]



PokerStars Hand #224951109572:  Hold'em No Limit ($0.01/$0.02 USD) - 2021/03/18 17:33:16 PT [2021/03/18 20:33:16 ET]
Table 'Figneria' 9-max Seat #2 is the button
Seat 1: 02shwals ($8.46 in chips) 
Seat 2: Dorex2007 ($2.53 in chips) 
Seat 3: gringhostil ($1.21 in chips) 
Seat 5: Alemarcori95 ($4.15 in chips) 
Seat 7: 8UG5Y ($3.04 in chips) 
Seat 8: reynalyn ($0.88 in chips) 
Seat 9: AGadowsk ($1.58 in chips) 
gringhostil: posts small blind $0.01
Alemarcori95: posts big blind $0.02
*** HOLE CARDS ***
Dealt to Dorex2007 [3c Ks]
8UG5Y: folds 
reynalyn: folds 
AGadowsk: calls $0.02
02shwals: folds 
Dorex2007: folds 
gringhostil: calls $0.01
Alemarcori95: raises $0.02 to $0.04
AGadowsk: calls $0.02
bopsving joins the table at seat #6 
gringhostil: calls $0.02
*** FLOP *** [Kh 6d 2s]
@VulgoLim joins the table at seat #4 
gringhostil: checks 
Alemarcori95: bets $0.06
AGadowsk: folds 
gringhostil: calls $0.06
*** TURN *** [Kh 6d 2s] [Jd]
@VulgoLim leaves the table
gringhostil: checks 
Alemarcori95: checks 
*** RIVER *** [Kh 6d 2s Jd] [5c]
gringhostil: bets $0.23
Alemarcori95: folds 
Uncalled bet ($0.23) returned to gringhostil
gringhostil collected $0.23 from pot
gringhostil: doesn't show hand 
*** SUMMARY ***
Total pot $0.24 | Rake $0.01 
Board [Kh 6d 2s Jd 5c]
Seat 1: 02shwals folded before Flop (didn't bet)
Seat 2: Dorex2007 (button) folded before Flop (didn't bet)
Seat 3: gringhostil (small blind) collected ($0.23)
Seat 5: Alemarcori95 (big blind) folded on the River
Seat 7: 8UG5Y folded before Flop (didn't bet)
Seat 8: reynalyn folded before Flop (didn't bet)
Seat 9: AGadowsk folded on the Flop



PokerStars Hand #224951136501:  Hold'em No Limit ($0.01/$0.02 USD) - 2021/03/18 17:33:59 PT [2021/03/18 20:33:59 ET]
Table 'Figneria' 9-max Seat #3 is the button
Seat 1: 02shwals ($8.46 in chips) 
Seat 2: Dorex2007 ($2.53 in chips) 
Seat 3: gringhostil ($1.34 in chips) 
Seat 5: Alemarcori95 ($4.05 in chips) 
Seat 7: 8UG5Y ($3.04 in chips) 
Seat 8: reynalyn ($0.88 in chips) 
Seat 9: AGadowsk ($1.54 in chips) 
Alemarcori95: posts small blind $0.01
8UG5Y: posts big blind $0.02
*** HOLE CARDS ***
Dealt to Dorex2007 [Jh 3s]
reynalyn: folds 
AGadowsk: calls $0.02
02shwals: raises $0.06 to $0.08
Dorex2007: folds 
gringhostil: folds 
Alemarcori95: folds 
8UG5Y: folds 
AGadowsk: calls $0.06
*** FLOP *** [5h 9h 9s]
AGadowsk: checks 
02shwals: bets $0.10
yjqian23 joins the table at seat #4 
AGadowsk: folds 
Uncalled bet ($0.10) returned to 02shwals
02shwals collected $0.18 from pot
02shwals: doesn't show hand 
*** SUMMARY ***
Total pot $0.19 | Rake $0.01 
Board [5h 9h 9s]
Seat 1: 02shwals collected ($0.18)
Seat 2: Dorex2007 folded before Flop (didn't bet)
Seat 3: gringhostil (button) folded before Flop (didn't bet)
Seat 5: Alemarcori95 (small blind) folded before Flop
Seat 7: 8UG5Y (big blind) folded before Flop
Seat 8: reynalyn folded before Flop (didn't bet)
Seat 9: AGadowsk folded on the Flop



PokerStars Hand #224951155014:  Hold'em No Limit ($0.01/$0.02 USD) - 2021/03/18 17:34:42 PT [2021/03/18 20:34:42 ET]
Table 'Figneria' 9-max Seat #5 is the button
Seat 1: 02shwals ($8.56 in chips) 
Seat 2: Dorex2007 ($2.53 in chips) 
Seat 3: gringhostil ($1.34 in chips) 
Seat 4: yjqian23 ($2 in chips) 
Seat 5: Alemarcori95 ($4.04 in chips) 
Seat 7: 8UG5Y ($3.02 in chips) 
Seat 8: reynalyn ($0.88 in chips) 
Seat 9: AGadowsk ($1.46 in chips) 
8UG5Y: posts small blind $0.01
reynalyn: posts big blind $0.02
yjqian23: posts big blind $0.02
*** HOLE CARDS ***
Dealt to Dorex2007 [9c Qs]
AGadowsk: folds 
02shwals: calls $0.02
Dorex2007: folds 
gringhostil: calls $0.02
yjqian23: checks 
Alemarcori95: calls $0.02
8UG5Y: calls $0.01
reynalyn: checks 
*** FLOP *** [Td 5s 5c]
8UG5Y: checks 
reynalyn: checks 
02shwals: checks 
gringhostil: checks 
yjqian23: checks 
Alemarcori95: bets $0.04
8UG5Y: folds 
reynalyn: folds 
02shwals: folds 
gringhostil: folds 
yjqian23: calls $0.04
*** TURN *** [Td 5s 5c] [3c]
yjqian23: bets $0.02
Alemarcori95: raises $0.06 to $0.08
yjqian23: calls $0.06
*** RIVER *** [Td 5s 5c 3c] [6h]
yjqian23: bets $0.02
Alemarcori95: calls $0.02
*** SHOW DOWN ***
yjqian23: shows [Tc Th] (a full house, Tens full of Fives)
Alemarcori95: mucks hand 
yjqian23 collected $0.39 from pot
*** SUMMARY ***
Total pot $0.40 | Rake $0.01 
Board [Td 5s 5c 3c 6h]
Seat 1: 02shwals folded on the Flop
Seat 2: Dorex2007 folded before Flop (didn't bet)
Seat 3: gringhostil folded on the Flop
Seat 4: yjqian23 showed [Tc Th] and won ($0.39) with a full house, Tens full of Fives
Seat 5: Alemarcori95 (button) mucked [5d Ah]
Seat 7: 8UG5Y (small blind) folded on the Flop
Seat 8: reynalyn (big blind) folded on the Flop
Seat 9: AGadowsk folded before Flop (didn't bet)



PokerStars Hand #224951194474:  Hold'em No Limit ($0.01/$0.02 USD) - 2021/03/18 17:36:10 PT [2021/03/18 20:36:10 ET]
Table 'Figneria' 9-max Seat #7 is the button
Seat 1: 02shwals ($8.54 in chips) 
Seat 2: Dorex2007 ($2.53 in chips) 
Seat 3: gringhostil ($1.32 in chips) 
Seat 4: yjqian23 ($2.23 in chips) 
Seat 5: Alemarcori95 ($3.88 in chips) 
Seat 7: 8UG5Y ($3 in chips) 
Seat 8: reynalyn ($0.86 in chips) 
Seat 9: AGadowsk ($1.46 in chips) 
reynalyn: posts small blind $0.01
AGadowsk: posts big blind $0.02
bopsving: sits out 
*** HOLE CARDS ***
Dealt to Dorex2007 [Ac 7c]
02shwals: folds 
Dorex2007: calls $0.02
gringhostil: folds 
yjqian23: folds 
yjqian23 leaves the table
Alemarcori95: calls $0.02
8UG5Y: folds 
reynalyn: folds 
AGadowsk: checks 
*** FLOP *** [8c As 4h]
AGadowsk: checks 
Dorex2007: bets $0.07
Alemarcori95: calls $0.07
AGadowsk: folds 
*** TURN *** [8c As 4h] [Ah]
Dorex2007: checks 
Alemarcori95: checks 
*** RIVER *** [8c As 4h Ah] [7h]
Dorex2007: bets $0.32
Teacdiver joins the table at seat #4 
Alemarcori95: folds 
Uncalled bet ($0.32) returned to Dorex2007
Dorex2007 collected $0.20 from pot
Dorex2007: doesn't show hand 
*** SUMMARY ***
Total pot $0.21 | Rake $0.01 
Board [8c As 4h Ah 7h]
Seat 1: 02shwals folded before Flop (didn't bet)
Seat 2: Dorex2007 collected ($0.20)
Seat 3: gringhostil folded before Flop (didn't bet)
Seat 4: yjqian23 folded before Flop (didn't bet)
Seat 5: Alemarcori95 folded on the River
Seat 7: 8UG5Y (button) folded before Flop (didn't bet)
Seat 8: reynalyn (small blind) folded before Flop
Seat 9: AGadowsk (big blind) folded on the Flop



PokerStars Hand #224951229214:  Hold'em No Limit ($0.01/$0.02 USD) - 2021/03/18 17:37:30 PT [2021/03/18 20:37:30 ET]
Table 'Figneria' 9-max Seat #8 is the button
Seat 1: 02shwals ($8.54 in chips) 
Seat 2: Dorex2007 ($2.64 in chips) 
Seat 3: gringhostil ($1.32 in chips) 
Seat 5: Alemarcori95 ($3.79 in chips) 
Seat 7: 8UG5Y ($3 in chips) 
Seat 8: reynalyn ($0.85 in chips) 
Seat 9: AGadowsk ($1.44 in chips) 
AGadowsk: posts small blind $0.01
02shwals: posts big blind $0.02
Teacdiver: sits out 
bopsving: sits out 
*** HOLE CARDS ***
Dealt to Dorex2007 [6s 7s]
Dorex2007: raises $0.04 to $0.06
gringhostil: folds 
Alemarcori95: folds 
8UG5Y: folds 
reynalyn: folds 
AGadowsk: folds 
02shwals: calls $0.04
*** FLOP *** [2s 4d Kh]
02shwals: checks 
Dorex2007: bets $0.09
02shwals: folds 
Uncalled bet ($0.09) returned to Dorex2007
Dorex2007 collected $0.13 from pot
Dorex2007: doesn't show hand 
*** SUMMARY ***
Total pot $0.13 | Rake $0 
Board [2s 4d Kh]
Seat 1: 02shwals (big blind) folded on the Flop
Seat 2: Dorex2007 collected ($0.13)
Seat 3: gringhostil folded before Flop (didn't bet)
Seat 5: Alemarcori95 folded before Flop (didn't bet)
Seat 7: 8UG5Y folded before Flop (didn't bet)
Seat 8: reynalyn (button) folded before Flop (didn't bet)
Seat 9: AGadowsk (small blind) folded before Flop



PokerStars Hand #224951244511:  Hold'em No Limit ($0.01/$0.02 USD) - 2021/03/18 17:38:09 PT [2021/03/18 20:38:09 ET]
Table 'Figneria' 9-max Seat #9 is the button
Seat 1: 02shwals ($8.48 in chips) 
Seat 2: Dorex2007 ($2.71 in chips) 
Seat 3: gringhostil ($1.32 in chips) 
Seat 4: Teacdiver ($1.60 in chips) 
Seat 5: Alemarcori95 ($3.79 in chips) 
Seat 7: 8UG5Y ($3 in chips) 
Seat 8: reynalyn ($0.85 in chips) 
Seat 9: AGadowsk ($1.43 in chips) 
02shwals: posts small blind $0.01
Dorex2007: posts big blind $0.02
Teacdiver: posts big blind $0.02
bopsving: sits out 
*** HOLE CARDS ***
Dealt to Dorex2007 [2h 2d]
gringhostil has timed out
gringhostil: folds 
Teacdiver: checks 
Alemarcori95: calls $0.02
8UG5Y: folds 
reynalyn: folds 
AGadowsk: calls $0.02
02shwals: folds 
Dorex2007: checks 
*** FLOP *** [Js 4s Qc]
Dorex2007: checks 
Teacdiver: checks 
Alemarcori95: bets $0.02
AGadowsk: folds 
Dorex2007: calls $0.02
Teacdiver: calls $0.02
*** TURN *** [Js 4s Qc] [Ad]
Dorex2007: checks 
Teacdiver: checks 
Alemarcori95: bets $0.07
Dorex2007: folds 
Teacdiver: calls $0.07
*** RIVER *** [Js 4s Qc Ad] [5h]
Teacdiver: checks 
Alemarcori95: bets $0.28
Teacdiver: folds 
Uncalled bet ($0.28) returned to Alemarcori95
Alemarcori95 collected $0.28 from pot
Alemarcori95: doesn't show hand 
*** SUMMARY ***
Total pot $0.29 | Rake $0.01 
Board [Js 4s Qc Ad 5h]
Seat 1: 02shwals (small blind) folded before Flop
Seat 2: Dorex2007 (big blind) folded on the Turn
Seat 3: gringhostil folded before Flop (didn't bet)
Seat 4: Teacdiver folded on the River
Seat 5: Alemarcori95 collected ($0.28)
Seat 7: 8UG5Y folded before Flop (didn't bet)
Seat 8: reynalyn folded before Flop (didn't bet)
Seat 9: AGadowsk (button) folded on the Flop



