PokerStars Hand #230439818091:  Hold'em No Limit ($0.01/$0.02 USD) - 2021/10/07 22:43:30 PT [2021/10/08 1:43:30 ET]
Table 'Konkolya' 9-max Seat #2 is the button
Seat 1: Dorex2007 ($2 in chips) 
Seat 2: alepoker1437 ($5.47 in chips) 
Seat 3: Manuto94 ($4.29 in chips) 
Seat 4: Luck-Roma64 ($2.05 in chips) 
Seat 5: x0zzi ($1.82 in chips) 
Seat 6: KaurisDream ($2 in chips) 
Seat 7: diegoc1991 ($0.67 in chips) 
Seat 8: jacktequila6 ($2.41 in chips) 
Seat 9: Libe05 ($1.27 in chips) 
Manuto94: posts small blind $0.01
Luck-Roma64: posts big blind $0.02
Dorex2007: posts big blind $0.02
*** HOLE CARDS ***
Dealt to Dorex2007 [7d 2h]
x0zzi: folds 
KaurisDream: folds 
diegoc1991: raises $0.10 to $0.12
jacktequila6: folds 
Libe05: folds 
Dorex2007: folds 
alepoker1437: calls $0.12
Manuto94: folds 
Luck-Roma64: folds 
*** FLOP *** [Ks 3s Qs]
diegoc1991: checks 
alepoker1437: checks 
*** TURN *** [Ks 3s Qs] [6d]
diegoc1991: checks 
alepoker1437: bets $0.14
diegoc1991: folds 
Uncalled bet ($0.14) returned to alepoker1437
alepoker1437 collected $0.28 from pot
alepoker1437: doesn't show hand 
*** SUMMARY ***
Total pot $0.29 | Rake $0.01 
Board [Ks 3s Qs 6d]
Seat 1: Dorex2007 folded before Flop (didn't bet)
Seat 2: alepoker1437 (button) collected ($0.28)
Seat 3: Manuto94 (small blind) folded before Flop
Seat 4: Luck-Roma64 (big blind) folded before Flop
Seat 5: x0zzi folded before Flop (didn't bet)
Seat 6: KaurisDream folded before Flop (didn't bet)
Seat 7: diegoc1991 folded on the Turn
Seat 8: jacktequila6 folded before Flop (didn't bet)
Seat 9: Libe05 folded before Flop (didn't bet)



PokerStars Hand #230439822780:  Hold'em No Limit ($0.01/$0.02 USD) - 2021/10/07 22:44:05 PT [2021/10/08 1:44:05 ET]
Table 'Konkolya' 9-max Seat #3 is the button
Seat 1: Dorex2007 ($2 in chips) 
Seat 2: alepoker1437 ($5.63 in chips) 
Seat 3: Manuto94 ($4.28 in chips) 
Seat 4: Luck-Roma64 ($2.03 in chips) 
Seat 5: x0zzi ($1.82 in chips) 
Seat 6: KaurisDream ($2 in chips) 
Seat 7: diegoc1991 ($0.55 in chips) 
Seat 8: jacktequila6 ($2.41 in chips) 
Seat 9: Libe05 ($1.27 in chips) 
Luck-Roma64: posts small blind $0.01
x0zzi: posts big blind $0.02
*** HOLE CARDS ***
Dealt to Dorex2007 [6c 9c]
KaurisDream: folds 
diegoc1991: folds 
jacktequila6: folds 
Libe05: calls $0.02
Dorex2007: folds 
alepoker1437: folds 
Manuto94: folds 
Luck-Roma64: raises $0.08 to $0.10
x0zzi: folds 
Libe05: calls $0.08
*** FLOP *** [2d 4c 2c]
Luck-Roma64: bets $0.10
Libe05: folds 
Uncalled bet ($0.10) returned to Luck-Roma64
Luck-Roma64 collected $0.21 from pot
Luck-Roma64: doesn't show hand 
*** SUMMARY ***
Total pot $0.22 | Rake $0.01 
Board [2d 4c 2c]
Seat 1: Dorex2007 folded before Flop (didn't bet)
Seat 2: alepoker1437 folded before Flop (didn't bet)
Seat 3: Manuto94 (button) folded before Flop (didn't bet)
Seat 4: Luck-Roma64 (small blind) collected ($0.21)
Seat 5: x0zzi (big blind) folded before Flop
Seat 6: KaurisDream folded before Flop (didn't bet)
Seat 7: diegoc1991 folded before Flop (didn't bet)
Seat 8: jacktequila6 folded before Flop (didn't bet)
Seat 9: Libe05 folded on the Flop



PokerStars Hand #230439828391:  Hold'em No Limit ($0.01/$0.02 USD) - 2021/10/07 22:44:47 PT [2021/10/08 1:44:47 ET]
Table 'Konkolya' 9-max Seat #4 is the button
Seat 1: Dorex2007 ($2 in chips) 
Seat 2: alepoker1437 ($5.63 in chips) 
Seat 3: Manuto94 ($4.28 in chips) 
Seat 4: Luck-Roma64 ($2.14 in chips) 
Seat 5: x0zzi ($1.80 in chips) 
Seat 6: KaurisDream ($2 in chips) 
Seat 7: diegoc1991 ($0.55 in chips) 
Seat 8: jacktequila6 ($2.41 in chips) 
Seat 9: Libe05 ($1.17 in chips) 
x0zzi: posts small blind $0.01
KaurisDream: posts big blind $0.02
*** HOLE CARDS ***
Dealt to Dorex2007 [6d Th]
diegoc1991: folds 
jacktequila6: folds 
Libe05: calls $0.02
Dorex2007: folds 
alepoker1437: folds 
Manuto94: raises $0.06 to $0.08
Luck-Roma64: folds 
x0zzi: folds 
KaurisDream: calls $0.06
Libe05: calls $0.06
*** FLOP *** [4d Tc 6s]
KaurisDream: checks 
Libe05: checks 
Manuto94: bets $0.12
KaurisDream: folds 
Libe05: folds 
Uncalled bet ($0.12) returned to Manuto94
Manuto94 collected $0.24 from pot
Manuto94: doesn't show hand 
*** SUMMARY ***
Total pot $0.25 | Rake $0.01 
Board [4d Tc 6s]
Seat 1: Dorex2007 folded before Flop (didn't bet)
Seat 2: alepoker1437 folded before Flop (didn't bet)
Seat 3: Manuto94 collected ($0.24)
Seat 4: Luck-Roma64 (button) folded before Flop (didn't bet)
Seat 5: x0zzi (small blind) folded before Flop
Seat 6: KaurisDream (big blind) folded on the Flop
Seat 7: diegoc1991 folded before Flop (didn't bet)
Seat 8: jacktequila6 folded before Flop (didn't bet)
Seat 9: Libe05 folded on the Flop



PokerStars Hand #230439835636:  Hold'em No Limit ($0.01/$0.02 USD) - 2021/10/07 22:45:43 PT [2021/10/08 1:45:43 ET]
Table 'Konkolya' 9-max Seat #5 is the button
Seat 1: Dorex2007 ($2 in chips) 
Seat 2: alepoker1437 ($5.63 in chips) 
Seat 3: Manuto94 ($4.44 in chips) 
Seat 4: Luck-Roma64 ($2.14 in chips) 
Seat 5: x0zzi ($1.79 in chips) 
Seat 6: KaurisDream ($2 in chips) 
Seat 7: diegoc1991 ($0.55 in chips) 
Seat 8: jacktequila6 ($2.41 in chips) 
Seat 9: Libe05 ($1.09 in chips) 
KaurisDream: posts small blind $0.01
diegoc1991: posts big blind $0.02
*** HOLE CARDS ***
Dealt to Dorex2007 [Jd 6h]
jacktequila6: calls $0.02
Libe05: calls $0.02
Dorex2007: folds 
alepoker1437: folds 
Manuto94: calls $0.02
Luck-Roma64: folds 
x0zzi: folds 
KaurisDream: folds 
diegoc1991: checks 
*** FLOP *** [Ad 6c Tc]
diegoc1991: checks 
jacktequila6: bets $0.03
Libe05: calls $0.03
Manuto94: folds 
diegoc1991: folds 
*** TURN *** [Ad 6c Tc] [3d]
jacktequila6: checks 
Libe05: bets $0.02
jacktequila6: calls $0.02
*** RIVER *** [Ad 6c Tc 3d] [Th]
jacktequila6: checks 
Libe05: bets $0.02
jacktequila6: folds [Kc]
Uncalled bet ($0.02) returned to Libe05
Libe05 collected $0.18 from pot
Libe05: doesn't show hand 
*** SUMMARY ***
Total pot $0.19 | Rake $0.01 
Board [Ad 6c Tc 3d Th]
Seat 1: Dorex2007 folded before Flop (didn't bet)
Seat 2: alepoker1437 folded before Flop (didn't bet)
Seat 3: Manuto94 folded on the Flop
Seat 4: Luck-Roma64 folded before Flop (didn't bet)
Seat 5: x0zzi (button) folded before Flop (didn't bet)
Seat 6: KaurisDream (small blind) folded before Flop
Seat 7: diegoc1991 (big blind) folded on the Flop
Seat 8: jacktequila6 folded on the River
Seat 9: Libe05 collected ($0.18)



PokerStars Hand #230439842116:  Hold'em No Limit ($0.01/$0.02 USD) - 2021/10/07 22:46:32 PT [2021/10/08 1:46:32 ET]
Table 'Konkolya' 9-max Seat #7 is the button
Seat 1: Dorex2007 ($2 in chips) 
Seat 2: alepoker1437 ($5.63 in chips) 
Seat 3: Manuto94 ($4.42 in chips) 
Seat 4: Luck-Roma64 ($2.14 in chips) 
Seat 5: x0zzi ($1.79 in chips) 
Seat 7: diegoc1991 ($0.53 in chips) 
Seat 8: jacktequila6 ($2.34 in chips) 
Seat 9: Libe05 ($1.20 in chips) 
jacktequila6: posts small blind $0.01
Libe05: posts big blind $0.02
*** HOLE CARDS ***
Dealt to Dorex2007 [2c Ac]
Dorex2007: calls $0.02
alepoker1437: folds 
Manuto94: folds 
Luck-Roma64: folds 
x0zzi: folds 
diegoc1991: folds 
jacktequila6: folds 
Libe05: checks 
*** FLOP *** [7d 6d 9d]
Libe05: bets $0.02
Dorex2007: calls $0.02
*** TURN *** [7d 6d 9d] [3h]
Libe05: bets $0.02
Dorex2007: calls $0.02
*** RIVER *** [7d 6d 9d 3h] [9c]
Libe05: bets $0.02
Dorex2007: raises $0.11 to $0.13
Libe05: calls $0.11
*** SHOW DOWN ***
Dorex2007: shows [2c Ac] (a pair of Nines)
Libe05: shows [Kh 6c] (two pair, Nines and Sixes)
Libe05 collected $0.38 from pot
*** SUMMARY ***
Total pot $0.39 | Rake $0.01 
Board [7d 6d 9d 3h 9c]
Seat 1: Dorex2007 showed [2c Ac] and lost with a pair of Nines
Seat 2: alepoker1437 folded before Flop (didn't bet)
Seat 3: Manuto94 folded before Flop (didn't bet)
Seat 4: Luck-Roma64 folded before Flop (didn't bet)
Seat 5: x0zzi folded before Flop (didn't bet)
Seat 7: diegoc1991 (button) folded before Flop (didn't bet)
Seat 8: jacktequila6 (small blind) folded before Flop
Seat 9: Libe05 (big blind) showed [Kh 6c] and won ($0.38) with two pair, Nines and Sixes



PokerStars Hand #230439849631:  Hold'em No Limit ($0.01/$0.02 USD) - 2021/10/07 22:47:30 PT [2021/10/08 1:47:30 ET]
Table 'Konkolya' 9-max Seat #8 is the button
Seat 1: Dorex2007 ($2 in chips) 
Seat 2: alepoker1437 ($5.63 in chips) 
Seat 3: Manuto94 ($4.42 in chips) 
Seat 4: Luck-Roma64 ($2.14 in chips) 
Seat 5: x0zzi ($1.79 in chips) 
Seat 7: diegoc1991 ($2 in chips) 
Seat 8: jacktequila6 ($2.33 in chips) 
Seat 9: Libe05 ($1.39 in chips) 
Libe05: posts small blind $0.01
Dorex2007: posts big blind $0.02
*** HOLE CARDS ***
Dealt to Dorex2007 [9h As]
alepoker1437: folds 
Manuto94: folds 
Luck-Roma64: folds 
x0zzi: raises $0.04 to $0.06
diegoc1991: folds 
jacktequila6: folds 
Libe05: calls $0.05
Dorex2007: folds 
*** FLOP *** [Jc 2s 6s]
Libe05: checks 
x0zzi: bets $0.11
Libe05: folds 
Uncalled bet ($0.11) returned to x0zzi
x0zzi collected $0.14 from pot
x0zzi: doesn't show hand 
*** SUMMARY ***
Total pot $0.14 | Rake $0 
Board [Jc 2s 6s]
Seat 1: Dorex2007 (big blind) folded before Flop
Seat 2: alepoker1437 folded before Flop (didn't bet)
Seat 3: Manuto94 folded before Flop (didn't bet)
Seat 4: Luck-Roma64 folded before Flop (didn't bet)
Seat 5: x0zzi collected ($0.14)
Seat 7: diegoc1991 folded before Flop (didn't bet)
Seat 8: jacktequila6 (button) folded before Flop (didn't bet)
Seat 9: Libe05 (small blind) folded on the Flop



PokerStars Hand #230439853777:  Hold'em No Limit ($0.01/$0.02 USD) - 2021/10/07 22:48:01 PT [2021/10/08 1:48:01 ET]
Table 'Konkolya' 9-max Seat #9 is the button
Seat 1: Dorex2007 ($2 in chips) 
Seat 2: alepoker1437 ($5.63 in chips) 
Seat 3: Manuto94 ($4.42 in chips) 
Seat 4: Luck-Roma64 ($2.14 in chips) 
Seat 5: x0zzi ($1.87 in chips) 
Seat 7: diegoc1991 ($2 in chips) 
Seat 8: jacktequila6 ($2.33 in chips) 
Seat 9: Libe05 ($1.33 in chips) 
Dorex2007: posts small blind $0.01
alepoker1437: posts big blind $0.02
*** HOLE CARDS ***
Dealt to Dorex2007 [7s 6c]
Manuto94: folds 
Luck-Roma64: folds 
x0zzi: folds 
diegoc1991: folds 
jacktequila6: folds 
Libe05: calls $0.02
Dorex2007: folds 
alepoker1437: checks 
*** FLOP *** [Qh 3c Kh]
alepoker1437: bets $0.05
Libe05: folds 
Uncalled bet ($0.05) returned to alepoker1437
alepoker1437 collected $0.05 from pot
alepoker1437: doesn't show hand 
*** SUMMARY ***
Total pot $0.05 | Rake $0 
Board [Qh 3c Kh]
Seat 1: Dorex2007 (small blind) folded before Flop
Seat 2: alepoker1437 (big blind) collected ($0.05)
Seat 3: Manuto94 folded before Flop (didn't bet)
Seat 4: Luck-Roma64 folded before Flop (didn't bet)
Seat 5: x0zzi folded before Flop (didn't bet)
Seat 7: diegoc1991 folded before Flop (didn't bet)
Seat 8: jacktequila6 folded before Flop (didn't bet)
Seat 9: Libe05 (button) folded on the Flop



PokerStars Hand #230439856552:  Hold'em No Limit ($0.01/$0.02 USD) - 2021/10/07 22:48:22 PT [2021/10/08 1:48:22 ET]
Table 'Konkolya' 9-max Seat #1 is the button
Seat 1: Dorex2007 ($2 in chips) 
Seat 2: alepoker1437 ($5.66 in chips) 
Seat 3: Manuto94 ($4.42 in chips) 
Seat 4: Luck-Roma64 ($2.14 in chips) 
Seat 5: x0zzi ($1.87 in chips) 
Seat 7: diegoc1991 ($2 in chips) 
Seat 8: jacktequila6 ($2.33 in chips) 
Seat 9: Libe05 ($1.31 in chips) 
alepoker1437: posts small blind $0.01
Manuto94: posts big blind $0.02
*** HOLE CARDS ***
Dealt to Dorex2007 [9h 5c]
Luck-Roma64: folds 
x0zzi: folds 
diegoc1991: folds 
jacktequila6: folds 
Libe05: calls $0.02
Dorex2007: folds 
alepoker1437: raises $0.06 to $0.08
Manuto94: calls $0.06
Libe05: calls $0.06
*** FLOP *** [Jd 7h 5s]
alepoker1437: bets $0.15
Manuto94: calls $0.15
Libe05: folds 
*** TURN *** [Jd 7h 5s] [5h]
alepoker1437: bets $0.30
Manuto94: calls $0.30
*** RIVER *** [Jd 7h 5s 5h] [Ks]
alepoker1437: bets $0.90
Manuto94: raises $2.90 to $3.80
alepoker1437: calls $2.90
*** SHOW DOWN ***
Manuto94: shows [7c 7s] (a full house, Sevens full of Fives)
alepoker1437: mucks hand 
Manuto94 collected $8.44 from pot
*** SUMMARY ***
Total pot $8.74 | Rake $0.30 
Board [Jd 7h 5s 5h Ks]
Seat 1: Dorex2007 (button) folded before Flop (didn't bet)
Seat 2: alepoker1437 (small blind) mucked [Jc Kc]
Seat 3: Manuto94 (big blind) showed [7c 7s] and won ($8.44) with a full house, Sevens full of Fives
Seat 4: Luck-Roma64 folded before Flop (didn't bet)
Seat 5: x0zzi folded before Flop (didn't bet)
Seat 7: diegoc1991 folded before Flop (didn't bet)
Seat 8: jacktequila6 folded before Flop (didn't bet)
Seat 9: Libe05 folded on the Flop



PokerStars Hand #230439873636:  Hold'em No Limit ($0.01/$0.02 USD) - 2021/10/07 22:50:34 PT [2021/10/08 1:50:34 ET]
Table 'Konkolya' 9-max Seat #3 is the button
Seat 1: Dorex2007 ($2 in chips) 
Seat 3: Manuto94 ($8.53 in chips) 
Seat 4: Luck-Roma64 ($2.14 in chips) 
Seat 5: x0zzi ($1.87 in chips) 
Seat 7: diegoc1991 ($2 in chips) 
Seat 8: jacktequila6 ($2.33 in chips) 
Seat 9: Libe05 ($1.23 in chips) 
Luck-Roma64: posts small blind $0.01
x0zzi: posts big blind $0.02
*** HOLE CARDS ***
Dealt to Dorex2007 [Ad 6h]
diegoc1991: folds 
jacktequila6: calls $0.02
Libe05: calls $0.02
Dorex2007: folds 
Manuto94: folds 
Luck-Roma64: calls $0.01
x0zzi: raises $0.10 to $0.12
jacktequila6: calls $0.10
Libe05: calls $0.10
Luck-Roma64: calls $0.10
*** FLOP *** [9d 8d 5d]
Luck-Roma64: checks 
x0zzi: bets $0.27
jacktequila6: folds 
Libe05: folds 
Luck-Roma64: calls $0.27
*** TURN *** [9d 8d 5d] [3d]
Luck-Roma64: checks 
x0zzi: checks 
*** RIVER *** [9d 8d 5d 3d] [Jc]
Luck-Roma64: checks 
x0zzi: checks 
*** SHOW DOWN ***
Luck-Roma64: shows [8s 5s] (two pair, Eights and Fives)
x0zzi: mucks hand 
Luck-Roma64 collected $0.98 from pot
*** SUMMARY ***
Total pot $1.02 | Rake $0.04 
Board [9d 8d 5d 3d Jc]
Seat 1: Dorex2007 folded before Flop (didn't bet)
Seat 3: Manuto94 (button) folded before Flop (didn't bet)
Seat 4: Luck-Roma64 (small blind) showed [8s 5s] and won ($0.98) with two pair, Eights and Fives
Seat 5: x0zzi (big blind) mucked [7c 7h]
Seat 7: diegoc1991 folded before Flop (didn't bet)
Seat 8: jacktequila6 folded on the Flop
Seat 9: Libe05 folded on the Flop



PokerStars Hand #230439880433:  Hold'em No Limit ($0.01/$0.02 USD) - 2021/10/07 22:51:27 PT [2021/10/08 1:51:27 ET]
Table 'Konkolya' 9-max Seat #4 is the button
Seat 1: Dorex2007 ($2 in chips) 
Seat 2: alepoker1437 ($2 in chips) 
Seat 3: Manuto94 ($8.53 in chips) 
Seat 4: Luck-Roma64 ($2.73 in chips) 
Seat 5: x0zzi ($1.48 in chips) 
Seat 7: diegoc1991 ($2 in chips) 
Seat 8: jacktequila6 ($2.21 in chips) 
Seat 9: Libe05 ($1.11 in chips) 
x0zzi: posts small blind $0.01
diegoc1991: posts big blind $0.02
*** HOLE CARDS ***
Dealt to Dorex2007 [Qh Kh]
jacktequila6: folds 
Libe05: folds 
Dorex2007: raises $0.04 to $0.06
alepoker1437: raises $0.15 to $0.21
Manuto94: calls $0.21
Luck-Roma64: folds 
x0zzi: folds 
diegoc1991: calls $0.19
Dorex2007: folds 
*** FLOP *** [2s Jh Ts]
diegoc1991: checks 
alepoker1437: checks 
Manuto94: checks 
*** TURN *** [2s Jh Ts] [8c]
diegoc1991: checks 
alepoker1437: checks 
Manuto94: checks 
*** RIVER *** [2s Jh Ts 8c] [Kd]
diegoc1991: checks 
alepoker1437: checks 
Manuto94: bets $0.20
diegoc1991: folds 
alepoker1437: calls $0.20
*** SHOW DOWN ***
Manuto94: shows [Ks Ah] (a pair of Kings)
alepoker1437: shows [Kc As] (a pair of Kings)
alepoker1437 collected $0.53 from pot
Manuto94 collected $0.53 from pot
*** SUMMARY ***
Total pot $1.10 | Rake $0.04 
Board [2s Jh Ts 8c Kd]
Seat 1: Dorex2007 folded before Flop
Seat 2: alepoker1437 showed [Kc As] and won ($0.53) with a pair of Kings
Seat 3: Manuto94 showed [Ks Ah] and won ($0.53) with a pair of Kings
Seat 4: Luck-Roma64 (button) folded before Flop (didn't bet)
Seat 5: x0zzi (small blind) folded before Flop
Seat 7: diegoc1991 (big blind) folded on the River
Seat 8: jacktequila6 folded before Flop (didn't bet)
Seat 9: Libe05 folded before Flop (didn't bet)



PokerStars Hand #230439890124:  Hold'em No Limit ($0.01/$0.02 USD) - 2021/10/07 22:52:44 PT [2021/10/08 1:52:44 ET]
Table 'Konkolya' 9-max Seat #5 is the button
Seat 1: Dorex2007 ($2 in chips) 
Seat 2: alepoker1437 ($2.12 in chips) 
Seat 3: Manuto94 ($8.65 in chips) 
Seat 4: Luck-Roma64 ($2.73 in chips) 
Seat 5: x0zzi ($1.47 in chips) 
Seat 7: diegoc1991 ($1.79 in chips) 
Seat 8: jacktequila6 ($2.21 in chips) 
Seat 9: Libe05 ($1.11 in chips) 
diegoc1991: posts small blind $0.01
jacktequila6: posts big blind $0.02
*** HOLE CARDS ***
Dealt to Dorex2007 [2h 7h]
Libe05: calls $0.02
Dorex2007: folds 
alepoker1437: folds 
Manuto94: calls $0.02
Luck-Roma64: folds 
x0zzi: raises $0.04 to $0.06
diegoc1991: folds 
jacktequila6: folds 
Libe05: calls $0.04
Manuto94: calls $0.04
*** FLOP *** [Th 7s 8d]
Libe05: bets $0.04
Manuto94: folds 
x0zzi: calls $0.04
*** TURN *** [Th 7s 8d] [Qs]
Libe05: bets $0.10
x0zzi: calls $0.10
*** RIVER *** [Th 7s 8d Qs] [3c]
Libe05: bets $0.20
KaurisDream leaves the table
x0zzi: folds 
Uncalled bet ($0.20) returned to Libe05
Libe05 collected $0.47 from pot
Libe05: doesn't show hand 
*** SUMMARY ***
Total pot $0.49 | Rake $0.02 
Board [Th 7s 8d Qs 3c]
Seat 1: Dorex2007 folded before Flop (didn't bet)
Seat 2: alepoker1437 folded before Flop (didn't bet)
Seat 3: Manuto94 folded on the Flop
Seat 4: Luck-Roma64 folded before Flop (didn't bet)
Seat 5: x0zzi (button) folded on the River
Seat 7: diegoc1991 (small blind) folded before Flop
Seat 8: jacktequila6 (big blind) folded before Flop
Seat 9: Libe05 collected ($0.47)



PokerStars Hand #230439899676:  Hold'em No Limit ($0.01/$0.02 USD) - 2021/10/07 22:54:00 PT [2021/10/08 1:54:00 ET]
Table 'Konkolya' 9-max Seat #7 is the button
Seat 1: Dorex2007 ($2 in chips) 
Seat 2: alepoker1437 ($2.12 in chips) 
Seat 3: Manuto94 ($8.59 in chips) 
Seat 5: x0zzi ($1.27 in chips) 
Seat 7: diegoc1991 ($1.78 in chips) 
Seat 8: jacktequila6 ($2.19 in chips) 
Seat 9: Libe05 ($1.38 in chips) 
jacktequila6: posts small blind $0.01
Libe05: posts big blind $0.02
*** HOLE CARDS ***
Dealt to Dorex2007 [7d 9d]
Dorex2007: folds 
alepoker1437: raises $0.05 to $0.07
kaosluntik joins the table at seat #6 
Manuto94: folds 
x0zzi: folds 
diegoc1991: calls $0.07
jacktequila6: calls $0.06
Libe05: calls $0.05
*** FLOP *** [Kh Ad As]
jacktequila6: checks 
Libe05: checks 
alepoker1437: checks 
diegoc1991: checks 
*** TURN *** [Kh Ad As] [Jc]
jacktequila6: bets $0.14
Libe05: folds 
alepoker1437: folds 
diegoc1991: folds 
Uncalled bet ($0.14) returned to jacktequila6
jacktequila6 collected $0.27 from pot
jacktequila6: doesn't show hand 
*** SUMMARY ***
Total pot $0.28 | Rake $0.01 
Board [Kh Ad As Jc]
Seat 1: Dorex2007 folded before Flop (didn't bet)
Seat 2: alepoker1437 folded on the Turn
Seat 3: Manuto94 folded before Flop (didn't bet)
Seat 5: x0zzi folded before Flop (didn't bet)
Seat 7: diegoc1991 (button) folded on the Turn
Seat 8: jacktequila6 (small blind) collected ($0.27)
Seat 9: Libe05 (big blind) folded on the Turn



PokerStars Hand #230439906376:  Hold'em No Limit ($0.01/$0.02 USD) - 2021/10/07 22:54:53 PT [2021/10/08 1:54:53 ET]
Table 'Konkolya' 9-max Seat #8 is the button
Seat 1: Dorex2007 ($2 in chips) 
Seat 2: alepoker1437 ($2.05 in chips) 
Seat 3: Manuto94 ($8.59 in chips) 
Seat 5: x0zzi ($1.27 in chips) 
Seat 7: diegoc1991 ($1.71 in chips) 
Seat 8: jacktequila6 ($2.39 in chips) 
Seat 9: Libe05 ($1.31 in chips) 
Libe05: posts small blind $0.01
Dorex2007: posts big blind $0.02
kaosluntik: sits out 
*** HOLE CARDS ***
Dealt to Dorex2007 [Ks 2h]
alepoker1437: folds 
Manuto94: folds 
x0zzi: raises $0.04 to $0.06
diegoc1991: folds 
jacktequila6: folds 
Libe05: calls $0.05
Dorex2007: folds 
*** FLOP *** [9h Ac 7s]
Libe05: checks 
x0zzi: bets $0.08
Libe05: calls $0.08
*** TURN *** [9h Ac 7s] [Ad]
Libe05: checks 
x0zzi: bets $0.17
Libe05: folds 
Uncalled bet ($0.17) returned to x0zzi
x0zzi collected $0.29 from pot
x0zzi: doesn't show hand 
*** SUMMARY ***
Total pot $0.30 | Rake $0.01 
Board [9h Ac 7s Ad]
Seat 1: Dorex2007 (big blind) folded before Flop
Seat 2: alepoker1437 folded before Flop (didn't bet)
Seat 3: Manuto94 folded before Flop (didn't bet)
Seat 5: x0zzi collected ($0.29)
Seat 7: diegoc1991 folded before Flop (didn't bet)
Seat 8: jacktequila6 (button) folded before Flop (didn't bet)
Seat 9: Libe05 (small blind) folded on the Turn



PokerStars Hand #230439911524:  Hold'em No Limit ($0.01/$0.02 USD) - 2021/10/07 22:55:37 PT [2021/10/08 1:55:37 ET]
Table 'Konkolya' 9-max Seat #9 is the button
Seat 1: Dorex2007 ($2 in chips) 
Seat 2: alepoker1437 ($2.05 in chips) 
Seat 3: Manuto94 ($8.59 in chips) 
Seat 5: x0zzi ($1.42 in chips) 
Seat 7: diegoc1991 ($1.71 in chips) 
Seat 8: jacktequila6 ($2.39 in chips) 
Seat 9: Libe05 ($1.17 in chips) 
Dorex2007: posts small blind $0.01
alepoker1437: posts big blind $0.02
kaosluntik: sits out 
*** HOLE CARDS ***
Dealt to Dorex2007 [Kd Qs]
Manuto94: folds 
x0zzi: raises $0.04 to $0.06
diegoc1991: calls $0.06
jacktequila6: raises $0.21 to $0.27
Libe05: folds 
Dorex2007: folds 
alepoker1437: folds 
x0zzi: folds 
diegoc1991: folds 
Uncalled bet ($0.21) returned to jacktequila6
jacktequila6 collected $0.21 from pot
jacktequila6: doesn't show hand 
*** SUMMARY ***
Total pot $0.21 | Rake $0 
Seat 1: Dorex2007 (small blind) folded before Flop
Seat 2: alepoker1437 (big blind) folded before Flop
Seat 3: Manuto94 folded before Flop (didn't bet)
Seat 5: x0zzi folded before Flop
Seat 7: diegoc1991 folded before Flop
Seat 8: jacktequila6 collected ($0.21)
Seat 9: Libe05 (button) folded before Flop (didn't bet)



PokerStars Hand #230439914924:  Hold'em No Limit ($0.01/$0.02 USD) - 2021/10/07 22:56:07 PT [2021/10/08 1:56:07 ET]
Table 'Konkolya' 9-max Seat #1 is the button
Seat 1: Dorex2007 ($2 in chips) 
Seat 2: alepoker1437 ($2.03 in chips) 
Seat 3: Manuto94 ($8.59 in chips) 
Seat 5: x0zzi ($1.36 in chips) 
Seat 7: diegoc1991 ($1.65 in chips) 
Seat 8: jacktequila6 ($2.54 in chips) 
Seat 9: Libe05 ($1.17 in chips) 
alepoker1437: posts small blind $0.01
Manuto94: posts big blind $0.02
kaosluntik: sits out 
*** HOLE CARDS ***
Dealt to Dorex2007 [Kd Jd]
x0zzi: folds 
diegoc1991: folds 
jacktequila6: raises $0.05 to $0.07
Libe05: folds 
Dorex2007: calls $0.07
alepoker1437: calls $0.06
Manuto94: folds 
*** FLOP *** [5s 6s 9s]
alepoker1437: checks 
jacktequila6: bets $0.11
Dorex2007: folds 
alepoker1437: folds 
Uncalled bet ($0.11) returned to jacktequila6
jacktequila6 collected $0.22 from pot
jacktequila6: doesn't show hand 
*** SUMMARY ***
Total pot $0.23 | Rake $0.01 
Board [5s 6s 9s]
Seat 1: Dorex2007 (button) folded on the Flop
Seat 2: alepoker1437 (small blind) folded on the Flop
Seat 3: Manuto94 (big blind) folded before Flop
Seat 5: x0zzi folded before Flop (didn't bet)
Seat 7: diegoc1991 folded before Flop (didn't bet)
Seat 8: jacktequila6 collected ($0.22)
Seat 9: Libe05 folded before Flop (didn't bet)



PokerStars Hand #230439918350:  Hold'em No Limit ($0.01/$0.02 USD) - 2021/10/07 22:56:38 PT [2021/10/08 1:56:38 ET]
Table 'Konkolya' 9-max Seat #2 is the button
Seat 1: Dorex2007 ($2 in chips) 
Seat 2: alepoker1437 ($1.96 in chips) 
Seat 3: Manuto94 ($8.57 in chips) 
Seat 5: x0zzi ($1.36 in chips) 
Seat 7: diegoc1991 ($1.65 in chips) 
Seat 8: jacktequila6 ($2.69 in chips) 
Seat 9: Libe05 ($1.17 in chips) 
Manuto94: posts small blind $0.01
x0zzi: posts big blind $0.02
kaosluntik: sits out 
*** HOLE CARDS ***
Dealt to Dorex2007 [Js Jc]
diegoc1991: raises $0.06 to $0.08
jacktequila6: folds 
Libe05: calls $0.08
Dorex2007: raises $1.92 to $2 and is all-in
alepoker1437: folds 
Manuto94: folds 
x0zzi: folds 
diegoc1991: folds 
Libe05: folds 
Uncalled bet ($1.92) returned to Dorex2007
Dorex2007 collected $0.27 from pot
Dorex2007: doesn't show hand 
*** SUMMARY ***
Total pot $0.27 | Rake $0 
Seat 1: Dorex2007 collected ($0.27)
Seat 2: alepoker1437 (button) folded before Flop (didn't bet)
Seat 3: Manuto94 (small blind) folded before Flop
Seat 5: x0zzi (big blind) folded before Flop
Seat 7: diegoc1991 folded before Flop
Seat 8: jacktequila6 folded before Flop (didn't bet)
Seat 9: Libe05 folded before Flop



PokerStars Hand #230439923489:  Hold'em No Limit ($0.01/$0.02 USD) - 2021/10/07 22:57:23 PT [2021/10/08 1:57:23 ET]
Table 'Konkolya' 9-max Seat #3 is the button
Seat 1: Dorex2007 ($2.19 in chips) 
Seat 2: alepoker1437 ($1.96 in chips) 
Seat 3: Manuto94 ($8.56 in chips) 
Seat 5: x0zzi ($1.34 in chips) 
Seat 6: kaosluntik ($2 in chips) 
Seat 7: diegoc1991 ($1.57 in chips) 
Seat 8: jacktequila6 ($2.69 in chips) 
Seat 9: Libe05 ($1.09 in chips) 
x0zzi: posts small blind $0.01
kaosluntik: posts big blind $0.02
*** HOLE CARDS ***
Dealt to Dorex2007 [5s 8h]
diegoc1991: folds 
jacktequila6: folds 
Libe05: calls $0.02
Dorex2007: folds 
alepoker1437: calls $0.02
Manuto94: folds 
x0zzi: folds 
kaosluntik: raises $0.08 to $0.10
Libe05: calls $0.08
alepoker1437: calls $0.08
*** FLOP *** [Ah Qc Th]
kaosluntik: checks 
Libe05: bets $0.02
alepoker1437: calls $0.02
kaosluntik: folds 
*** TURN *** [Ah Qc Th] [5h]
Libe05: bets $0.10
alepoker1437: folds 
Uncalled bet ($0.10) returned to Libe05
Libe05 collected $0.34 from pot
Libe05: doesn't show hand 
*** SUMMARY ***
Total pot $0.35 | Rake $0.01 
Board [Ah Qc Th 5h]
Seat 1: Dorex2007 folded before Flop (didn't bet)
Seat 2: alepoker1437 folded on the Turn
Seat 3: Manuto94 (button) folded before Flop (didn't bet)
Seat 5: x0zzi (small blind) folded before Flop
Seat 6: kaosluntik (big blind) folded on the Flop
Seat 7: diegoc1991 folded before Flop (didn't bet)
Seat 8: jacktequila6 folded before Flop (didn't bet)
Seat 9: Libe05 collected ($0.34)



PokerStars Hand #230439929243:  Hold'em No Limit ($0.01/$0.02 USD) - 2021/10/07 22:58:14 PT [2021/10/08 1:58:14 ET]
Table 'Konkolya' 9-max Seat #5 is the button
Seat 1: Dorex2007 ($2.19 in chips) 
Seat 2: alepoker1437 ($1.84 in chips) 
Seat 3: Manuto94 ($8.56 in chips) 
Seat 5: x0zzi ($1.33 in chips) 
Seat 6: kaosluntik ($2 in chips) 
Seat 7: diegoc1991 ($1.57 in chips) 
Seat 8: jacktequila6 ($2.69 in chips) 
Seat 9: Libe05 ($1.31 in chips) 
kaosluntik: posts small blind $0.01
diegoc1991: posts big blind $0.02
Luck-Roma64: sits out 
*** HOLE CARDS ***
Dealt to Dorex2007 [Qd As]
jacktequila6: folds 
Libe05: calls $0.02
Dorex2007: calls $0.02
alepoker1437: calls $0.02
Manuto94: folds 
x0zzi: raises $0.04 to $0.06
kaosluntik: folds 
diegoc1991: calls $0.04
Libe05: calls $0.04
Dorex2007: calls $0.04
alepoker1437: calls $0.04
*** FLOP *** [Jd Qc 6h]
diegoc1991: checks 
Libe05: bets $0.10
Dorex2007: raises $0.33 to $0.43
alepoker1437: folds 
x0zzi: folds 
diegoc1991: folds 
Libe05: calls $0.33
*** TURN *** [Jd Qc 6h] [2d]
Libe05: bets $0.10
Dorex2007: raises $1.60 to $1.70 and is all-in
Libe05: calls $0.72 and is all-in
Uncalled bet ($0.88) returned to Dorex2007
*** RIVER *** [Jd Qc 6h 2d] [2h]
*** SHOW DOWN ***
Libe05: shows [Ts Js] (two pair, Jacks and Deuces)
Dorex2007: shows [Qd As] (two pair, Queens and Deuces)
Dorex2007 cashed out the hand for $2.38 | Cash Out Fee $0.02
*** SUMMARY ***
Total pot $2.81 | Rake $0.10 
Board [Jd Qc 6h 2d 2h]
Seat 1: Dorex2007 showed [Qd As] and won ($2.71) with two pair, Queens and Deuces (pot not awarded as player cashed out)
Seat 2: alepoker1437 folded on the Flop
Seat 3: Manuto94 folded before Flop (didn't bet)
Seat 5: x0zzi (button) folded on the Flop
Seat 6: kaosluntik (small blind) folded before Flop
Seat 7: diegoc1991 (big blind) folded on the Flop
Seat 8: jacktequila6 folded before Flop (didn't bet)
Seat 9: Libe05 showed [Ts Js] and lost with two pair, Jacks and Deuces



PokerStars Hand #230439939265:  Hold'em No Limit ($0.01/$0.02 USD) - 2021/10/07 22:59:42 PT [2021/10/08 1:59:42 ET]
Table 'Konkolya' 9-max Seat #6 is the button
Seat 1: Dorex2007 ($3.26 in chips) 
Seat 2: alepoker1437 ($2 in chips) 
Seat 3: Manuto94 ($8.56 in chips) 
Seat 5: x0zzi ($1.27 in chips) 
Seat 6: kaosluntik ($2 in chips) 
Seat 7: diegoc1991 ($1.51 in chips) 
Seat 8: jacktequila6 ($2.69 in chips) 
diegoc1991: posts small blind $0.01
jacktequila6: posts big blind $0.02
Luck-Roma64: sits out 
*** HOLE CARDS ***
Dealt to Dorex2007 [3c 6h]
Dorex2007: folds 
alepoker1437: folds 
Manuto94: folds 
x0zzi: folds 
kaosluntik: folds 
diegoc1991: folds 
Uncalled bet ($0.01) returned to jacktequila6
jacktequila6 collected $0.02 from pot
jacktequila6: doesn't show hand 
*** SUMMARY ***
Total pot $0.02 | Rake $0 
Seat 1: Dorex2007 folded before Flop (didn't bet)
Seat 2: alepoker1437 folded before Flop (didn't bet)
Seat 3: Manuto94 folded before Flop (didn't bet)
Seat 5: x0zzi folded before Flop (didn't bet)
Seat 6: kaosluntik (button) folded before Flop (didn't bet)
Seat 7: diegoc1991 (small blind) folded before Flop
Seat 8: jacktequila6 (big blind) collected ($0.02)



PokerStars Hand #230439941073:  Hold'em No Limit ($0.01/$0.02 USD) - 2021/10/07 22:59:52 PT [2021/10/08 1:59:52 ET]
Table 'Konkolya' 9-max Seat #7 is the button
Seat 1: Dorex2007 ($3.26 in chips) 
Seat 2: alepoker1437 ($2 in chips) 
Seat 3: Manuto94 ($8.56 in chips) 
Seat 5: x0zzi ($1.27 in chips) 
Seat 6: kaosluntik ($2 in chips) 
Seat 7: diegoc1991 ($1.50 in chips) 
Seat 8: jacktequila6 ($2.70 in chips) 
Seat 9: Libe05 ($1 in chips) 
jacktequila6: posts small blind $0.01
Libe05: posts big blind $0.02
Luck-Roma64: sits out 
*** HOLE CARDS ***
Dealt to Dorex2007 [Qc 8d]
Dorex2007: folds 
alepoker1437: folds 
Manuto94: folds 
x0zzi: folds 
kaosluntik: folds 
diegoc1991: folds 
jacktequila6: raises $0.04 to $0.06
Libe05: calls $0.04
*** FLOP *** [5s 5d Tc]
jacktequila6: bets $0.06
Libe05: calls $0.06
*** TURN *** [5s 5d Tc] [4d]
jacktequila6: bets $0.12
Libe05: folds 
Uncalled bet ($0.12) returned to jacktequila6
jacktequila6 collected $0.23 from pot
jacktequila6: doesn't show hand 
*** SUMMARY ***
Total pot $0.24 | Rake $0.01 
Board [5s 5d Tc 4d]
Seat 1: Dorex2007 folded before Flop (didn't bet)
Seat 2: alepoker1437 folded before Flop (didn't bet)
Seat 3: Manuto94 folded before Flop (didn't bet)
Seat 5: x0zzi folded before Flop (didn't bet)
Seat 6: kaosluntik folded before Flop (didn't bet)
Seat 7: diegoc1991 (button) folded before Flop (didn't bet)
Seat 8: jacktequila6 (small blind) collected ($0.23)
Seat 9: Libe05 (big blind) folded on the Turn



PokerStars Hand #230439945956:  Hold'em No Limit ($0.01/$0.02 USD) - 2021/10/07 23:00:33 PT [2021/10/08 2:00:33 ET]
Table 'Konkolya' 9-max Seat #8 is the button
Seat 1: Dorex2007 ($3.26 in chips) 
Seat 2: alepoker1437 ($2 in chips) 
Seat 3: Manuto94 ($8.56 in chips) 
Seat 5: x0zzi ($1.27 in chips) 
Seat 6: kaosluntik ($2 in chips) 
Seat 7: diegoc1991 ($1.50 in chips) 
Seat 8: jacktequila6 ($2.81 in chips) 
Seat 9: Libe05 ($0.88 in chips) 
Libe05: posts small blind $0.01
Dorex2007: posts big blind $0.02
Luck-Roma64: sits out 
*** HOLE CARDS ***
Dealt to Dorex2007 [7c 9d]
alepoker1437: folds 
Manuto94: folds 
x0zzi: folds 
kaosluntik: folds 
diegoc1991: folds 
jacktequila6: raises $0.02 to $0.04
Libe05: calls $0.03
Dorex2007: folds 
*** FLOP *** [Ad Qc 8h]
Libe05: bets $0.02
jacktequila6: raises $0.04 to $0.06
Libe05: calls $0.04
*** TURN *** [Ad Qc 8h] [9s]
Libe05: checks 
jacktequila6: checks 
*** RIVER *** [Ad Qc 8h 9s] [5s]
Libe05: checks 
jacktequila6: checks 
*** SHOW DOWN ***
Libe05: shows [Ks 6c] (high card Ace)
jacktequila6: shows [Kd 8d] (a pair of Eights)
jacktequila6 collected $0.21 from pot
*** SUMMARY ***
Total pot $0.22 | Rake $0.01 
Board [Ad Qc 8h 9s 5s]
Seat 1: Dorex2007 (big blind) folded before Flop
Seat 2: alepoker1437 folded before Flop (didn't bet)
Seat 3: Manuto94 folded before Flop (didn't bet)
Seat 5: x0zzi folded before Flop (didn't bet)
Seat 6: kaosluntik folded before Flop (didn't bet)
Seat 7: diegoc1991 folded before Flop (didn't bet)
Seat 8: jacktequila6 (button) showed [Kd 8d] and won ($0.21) with a pair of Eights
Seat 9: Libe05 (small blind) showed [Ks 6c] and lost with high card Ace



PokerStars Hand #230439951998:  Hold'em No Limit ($0.01/$0.02 USD) - 2021/10/07 23:01:21 PT [2021/10/08 2:01:21 ET]
Table 'Konkolya' 9-max Seat #9 is the button
Seat 1: Dorex2007 ($3.24 in chips) 
Seat 2: alepoker1437 ($2 in chips) 
Seat 3: Manuto94 ($8.56 in chips) 
Seat 5: x0zzi ($1.27 in chips) 
Seat 6: kaosluntik ($2 in chips) 
Seat 7: diegoc1991 ($1.50 in chips) 
Seat 8: jacktequila6 ($2.92 in chips) 
Seat 9: Libe05 ($0.78 in chips) 
Dorex2007: posts small blind $0.01
alepoker1437: posts big blind $0.02
Luck-Roma64: sits out 
*** HOLE CARDS ***
Dealt to Dorex2007 [Qs 7c]
Manuto94: folds 
x0zzi: folds 
kaosluntik: raises $0.04 to $0.06
diegoc1991: calls $0.06
jacktequila6: folds 
Libe05: calls $0.06
Dorex2007: folds 
alepoker1437: folds 
*** FLOP *** [Th 3c 7s]
kaosluntik: checks 
diegoc1991: checks 
Libe05: checks 
*** TURN *** [Th 3c 7s] [Ac]
kaosluntik: checks 
diegoc1991: checks 
Libe05: checks 
*** RIVER *** [Th 3c 7s Ac] [4s]
kaosluntik: checks 
diegoc1991: bets $0.14
Libe05: folds 
kaosluntik: folds 
Uncalled bet ($0.14) returned to diegoc1991
diegoc1991 collected $0.20 from pot
diegoc1991: doesn't show hand 
*** SUMMARY ***
Total pot $0.21 | Rake $0.01 
Board [Th 3c 7s Ac 4s]
Seat 1: Dorex2007 (small blind) folded before Flop
Seat 2: alepoker1437 (big blind) folded before Flop
Seat 3: Manuto94 folded before Flop (didn't bet)
Seat 5: x0zzi folded before Flop (didn't bet)
Seat 6: kaosluntik folded on the River
Seat 7: diegoc1991 collected ($0.20)
Seat 8: jacktequila6 folded before Flop (didn't bet)
Seat 9: Libe05 (button) folded on the River



PokerStars Hand #230439959997:  Hold'em No Limit ($0.01/$0.02 USD) - 2021/10/07 23:02:24 PT [2021/10/08 2:02:24 ET]
Table 'Konkolya' 9-max Seat #1 is the button
Seat 1: Dorex2007 ($3.23 in chips) 
Seat 2: alepoker1437 ($1.98 in chips) 
Seat 3: Manuto94 ($8.56 in chips) 
Seat 5: x0zzi ($1.27 in chips) 
Seat 6: kaosluntik ($2 in chips) 
Seat 7: diegoc1991 ($1.64 in chips) 
Seat 8: jacktequila6 ($2.92 in chips) 
Seat 9: Libe05 ($0.72 in chips) 
alepoker1437: posts small blind $0.01
Manuto94: posts big blind $0.02
Luck-Roma64: sits out 
*** HOLE CARDS ***
Dealt to Dorex2007 [3c 3h]
x0zzi: raises $0.04 to $0.06
kaosluntik: folds 
diegoc1991: folds 
jacktequila6: folds 
Libe05: calls $0.06
Dorex2007: folds 
alepoker1437: folds 
Manuto94: folds 
*** FLOP *** [Kh 6d Ks]
x0zzi: bets $0.11
Libe05: calls $0.11
*** TURN *** [Kh 6d Ks] [Jc]
x0zzi: bets $0.13
Libe05: raises $0.13 to $0.26
x0zzi: calls $0.13
*** RIVER *** [Kh 6d Ks Jc] [Jh]
x0zzi: bets $0.68
Libe05: calls $0.29 and is all-in
Uncalled bet ($0.39) returned to x0zzi
*** SHOW DOWN ***
x0zzi: shows [9h Ac] (two pair, Kings and Jacks)
Libe05: shows [Qc Jd] (a full house, Jacks full of Kings)
Libe05 collected $1.42 from pot
*** SUMMARY ***
Total pot $1.47 | Rake $0.05 
Board [Kh 6d Ks Jc Jh]
Seat 1: Dorex2007 (button) folded before Flop (didn't bet)
Seat 2: alepoker1437 (small blind) folded before Flop
Seat 3: Manuto94 (big blind) folded before Flop
Seat 5: x0zzi showed [9h Ac] and lost with two pair, Kings and Jacks
Seat 6: kaosluntik folded before Flop (didn't bet)
Seat 7: diegoc1991 folded before Flop (didn't bet)
Seat 8: jacktequila6 folded before Flop (didn't bet)
Seat 9: Libe05 showed [Qc Jd] and won ($1.42) with a full house, Jacks full of Kings



PokerStars Hand #230439965802:  Hold'em No Limit ($0.01/$0.02 USD) - 2021/10/07 23:03:08 PT [2021/10/08 2:03:08 ET]
Table 'Konkolya' 9-max Seat #2 is the button
Seat 1: Dorex2007 ($3.23 in chips) 
Seat 2: alepoker1437 ($1.97 in chips) 
Seat 3: Manuto94 ($8.54 in chips) 
Seat 4: Luck-Roma64 ($2.73 in chips) 
Seat 5: x0zzi ($0.55 in chips) 
Seat 6: kaosluntik ($2 in chips) 
Seat 7: diegoc1991 ($1.64 in chips) 
Seat 8: jacktequila6 ($2.92 in chips) 
Seat 9: Libe05 ($1.42 in chips) 
Manuto94: posts small blind $0.01
Luck-Roma64: posts big blind $0.02
*** HOLE CARDS ***
Dealt to Dorex2007 [2d Kd]
x0zzi: raises $0.04 to $0.06
kaosluntik: folds 
diegoc1991: folds 
jacktequila6: raises $2.86 to $2.92 and is all-in
Libe05: folds 
Dorex2007: folds 
alepoker1437: folds 
Manuto94: folds 
Luck-Roma64: folds 
x0zzi: calls $0.49 and is all-in
Uncalled bet ($2.37) returned to jacktequila6
*** FLOP *** [6c Th 8s]
*** TURN *** [6c Th 8s] [6d]
*** RIVER *** [6c Th 8s 6d] [Kh]
*** SHOW DOWN ***
x0zzi: shows [Qd Ad] (a pair of Sixes)
jacktequila6: shows [Qs Qh] (two pair, Queens and Sixes)
jacktequila6 collected $1.09 from pot
*** SUMMARY ***
Total pot $1.13 | Rake $0.04 
Board [6c Th 8s 6d Kh]
Seat 1: Dorex2007 folded before Flop (didn't bet)
Seat 2: alepoker1437 (button) folded before Flop (didn't bet)
Seat 3: Manuto94 (small blind) folded before Flop
Seat 4: Luck-Roma64 (big blind) folded before Flop
Seat 5: x0zzi showed [Qd Ad] and lost with a pair of Sixes
Seat 6: kaosluntik folded before Flop (didn't bet)
Seat 7: diegoc1991 folded before Flop (didn't bet)
Seat 8: jacktequila6 showed [Qs Qh] and won ($1.09) with two pair, Queens and Sixes
Seat 9: Libe05 folded before Flop (didn't bet)



PokerStars Hand #230439972557:  Hold'em No Limit ($0.01/$0.02 USD) - 2021/10/07 23:04:00 PT [2021/10/08 2:04:00 ET]
Table 'Konkolya' 9-max Seat #3 is the button
Seat 1: Dorex2007 ($3.23 in chips) 
Seat 2: alepoker1437 ($1.97 in chips) 
Seat 3: Manuto94 ($8.53 in chips) 
Seat 4: Luck-Roma64 ($2.71 in chips) 
Seat 6: kaosluntik ($2 in chips) 
Seat 7: diegoc1991 ($1.64 in chips) 
Seat 8: jacktequila6 ($3.46 in chips) 
Seat 9: Libe05 ($1.42 in chips) 
Luck-Roma64: posts small blind $0.01
kaosluntik: posts big blind $0.02
*** HOLE CARDS ***
Dealt to Dorex2007 [Qs 5h]
diegoc1991: folds 
jacktequila6: folds 
Libe05: calls $0.02
Dorex2007: folds 
alepoker1437: folds 
Manuto94: folds 
Luck-Roma64: folds 
kaosluntik: checks 
*** FLOP *** [2d 4d 5s]
kaosluntik: checks 
Libe05: checks 
*** TURN *** [2d 4d 5s] [3c]
kaosluntik: checks 
Libe05: checks 
*** RIVER *** [2d 4d 5s 3c] [5c]
kaosluntik: checks 
Libe05: checks 
*** SHOW DOWN ***
kaosluntik: shows [3d Js] (two pair, Fives and Threes)
Libe05: mucks hand 
kaosluntik collected $0.05 from pot
*** SUMMARY ***
Total pot $0.05 | Rake $0 
Board [2d 4d 5s 3c 5c]
Seat 1: Dorex2007 folded before Flop (didn't bet)
Seat 2: alepoker1437 folded before Flop (didn't bet)
Seat 3: Manuto94 (button) folded before Flop (didn't bet)
Seat 4: Luck-Roma64 (small blind) folded before Flop
Seat 6: kaosluntik (big blind) showed [3d Js] and won ($0.05) with two pair, Fives and Threes
Seat 7: diegoc1991 folded before Flop (didn't bet)
Seat 8: jacktequila6 folded before Flop (didn't bet)
Seat 9: Libe05 mucked [Ks 7c]



PokerStars Hand #230439983793:  Hold'em No Limit ($0.01/$0.02 USD) - 2021/10/07 23:04:30 PT [2021/10/08 2:04:30 ET]
Table 'Konkolya' 9-max Seat #4 is the button
Seat 1: Dorex2007 ($3.23 in chips) 
Seat 2: alepoker1437 ($1.97 in chips) 
Seat 3: Manuto94 ($8.53 in chips) 
Seat 4: Luck-Roma64 ($2.70 in chips) 
Seat 6: kaosluntik ($2.03 in chips) 
Seat 7: diegoc1991 ($1.64 in chips) 
Seat 8: jacktequila6 ($3.46 in chips) 
Seat 9: Libe05 ($1.40 in chips) 
kaosluntik: posts small blind $0.01
diegoc1991: posts big blind $0.02
*** HOLE CARDS ***
Dealt to Dorex2007 [9c 7d]
jacktequila6: folds 
Libe05: folds 
Dorex2007: folds 
alepoker1437: folds 
Manuto94: folds 
Luck-Roma64: raises $0.03 to $0.05
kaosluntik: folds 
diegoc1991: folds 
Uncalled bet ($0.03) returned to Luck-Roma64
Luck-Roma64 collected $0.05 from pot
Luck-Roma64: doesn't show hand 
*** SUMMARY ***
Total pot $0.05 | Rake $0 
Seat 1: Dorex2007 folded before Flop (didn't bet)
Seat 2: alepoker1437 folded before Flop (didn't bet)
Seat 3: Manuto94 folded before Flop (didn't bet)
Seat 4: Luck-Roma64 (button) collected ($0.05)
Seat 6: kaosluntik (small blind) folded before Flop
Seat 7: diegoc1991 (big blind) folded before Flop
Seat 8: jacktequila6 folded before Flop (didn't bet)
Seat 9: Libe05 folded before Flop (didn't bet)



PokerStars Hand #230439986844:  Hold'em No Limit ($0.01/$0.02 USD) - 2021/10/07 23:04:54 PT [2021/10/08 2:04:54 ET]
Table 'Konkolya' 9-max Seat #6 is the button
Seat 1: Dorex2007 ($3.23 in chips) 
Seat 2: alepoker1437 ($1.97 in chips) 
Seat 4: Luck-Roma64 ($2.73 in chips) 
Seat 6: kaosluntik ($2.02 in chips) 
Seat 7: diegoc1991 ($1.62 in chips) 
Seat 8: jacktequila6 ($3.46 in chips) 
Seat 9: Libe05 ($1.40 in chips) 
diegoc1991: posts small blind $0.01
jacktequila6: posts big blind $0.02
*** HOLE CARDS ***
Dealt to Dorex2007 [6s 5s]
Libe05: calls $0.02
Dorex2007: folds 
alepoker1437: folds 
Luck-Roma64: folds 
kaosluntik: folds 
diegoc1991: calls $0.01
jacktequila6: checks 
*** FLOP *** [7s 8c Jh]
diegoc1991: checks 
jacktequila6: checks 
Libe05: checks 
*** TURN *** [7s 8c Jh] [5c]
diegoc1991: checks 
jacktequila6: checks 
Libe05: checks 
*** RIVER *** [7s 8c Jh 5c] [7c]
diegoc1991: checks 
jacktequila6: bets $0.03
Libe05: folds 
diegoc1991: folds 
Uncalled bet ($0.03) returned to jacktequila6
jacktequila6 collected $0.06 from pot
jacktequila6: doesn't show hand 
*** SUMMARY ***
Total pot $0.06 | Rake $0 
Board [7s 8c Jh 5c 7c]
Seat 1: Dorex2007 folded before Flop (didn't bet)
Seat 2: alepoker1437 folded before Flop (didn't bet)
Seat 4: Luck-Roma64 folded before Flop (didn't bet)
Seat 6: kaosluntik (button) folded before Flop (didn't bet)
Seat 7: diegoc1991 (small blind) folded on the River
Seat 8: jacktequila6 (big blind) collected ($0.06)
Seat 9: Libe05 folded on the River



PokerStars Hand #230439992959:  Hold'em No Limit ($0.01/$0.02 USD) - 2021/10/07 23:05:39 PT [2021/10/08 2:05:39 ET]
Table 'Konkolya' 9-max Seat #7 is the button
Seat 1: Dorex2007 ($3.23 in chips) 
Seat 2: alepoker1437 ($1.97 in chips) 
Seat 4: Luck-Roma64 ($2.73 in chips) 
Seat 6: kaosluntik ($2.02 in chips) 
Seat 7: diegoc1991 ($1.60 in chips) 
Seat 8: jacktequila6 ($3.50 in chips) 
Seat 9: Libe05 ($1.38 in chips) 
jacktequila6: posts small blind $0.01
Libe05: posts big blind $0.02
*** HOLE CARDS ***
Dealt to Dorex2007 [5s 7d]
Dorex2007: folds 
alepoker1437: raises $0.04 to $0.06
Luck-Roma64: folds 
kaosluntik: folds 
diegoc1991: folds 
jacktequila6: folds 
Libe05: folds 
Uncalled bet ($0.04) returned to alepoker1437
alepoker1437 collected $0.05 from pot
alepoker1437: doesn't show hand 
*** SUMMARY ***
Total pot $0.05 | Rake $0 
Seat 1: Dorex2007 folded before Flop (didn't bet)
Seat 2: alepoker1437 collected ($0.05)
Seat 4: Luck-Roma64 folded before Flop (didn't bet)
Seat 6: kaosluntik folded before Flop (didn't bet)
Seat 7: diegoc1991 (button) folded before Flop (didn't bet)
Seat 8: jacktequila6 (small blind) folded before Flop
Seat 9: Libe05 (big blind) folded before Flop



PokerStars Hand #230439996267:  Hold'em No Limit ($0.01/$0.02 USD) - 2021/10/07 23:06:05 PT [2021/10/08 2:06:05 ET]
Table 'Konkolya' 9-max Seat #8 is the button
Seat 1: Dorex2007 ($3.23 in chips) 
Seat 2: alepoker1437 ($2 in chips) 
Seat 4: Luck-Roma64 ($2.73 in chips) 
Seat 6: kaosluntik ($2.02 in chips) 
Seat 7: diegoc1991 ($1.60 in chips) 
Seat 8: jacktequila6 ($3.49 in chips) 
Seat 9: Libe05 ($1.36 in chips) 
Libe05: posts small blind $0.01
Dorex2007: posts big blind $0.02
*** HOLE CARDS ***
Dealt to Dorex2007 [Ac Qd]
alepoker1437: folds 
Luck-Roma64: raises $0.04 to $0.06
kaosluntik: folds 
diegoc1991: folds 
jacktequila6: folds 
Libe05: calls $0.05
Dorex2007: calls $0.04
*** FLOP *** [6c Kh 9d]
Libe05: checks 
Dorex2007: checks 
Luck-Roma64: checks 
*** TURN *** [6c Kh 9d] [4c]
Libe05: checks 
Dorex2007: checks 
Luck-Roma64: checks 
*** RIVER *** [6c Kh 9d 4c] [7c]
Libe05: checks 
Dorex2007: checks 
Luck-Roma64: checks 
*** SHOW DOWN ***
Libe05: shows [Qc Td] (high card King)
Dorex2007: shows [Ac Qd] (high card Ace)
Luck-Roma64: shows [Th Tc] (a pair of Tens)
Luck-Roma64 collected $0.17 from pot
*** SUMMARY ***
Total pot $0.18 | Rake $0.01 
Board [6c Kh 9d 4c 7c]
Seat 1: Dorex2007 (big blind) showed [Ac Qd] and lost with high card Ace
Seat 2: alepoker1437 folded before Flop (didn't bet)
Seat 4: Luck-Roma64 showed [Th Tc] and won ($0.17) with a pair of Tens
Seat 6: kaosluntik folded before Flop (didn't bet)
Seat 7: diegoc1991 folded before Flop (didn't bet)
Seat 8: jacktequila6 (button) folded before Flop (didn't bet)
Seat 9: Libe05 (small blind) showed [Qc Td] and lost with high card King



PokerStars Hand #230440003835:  Hold'em No Limit ($0.01/$0.02 USD) - 2021/10/07 23:07:02 PT [2021/10/08 2:07:02 ET]
Table 'Konkolya' 9-max Seat #9 is the button
Seat 1: Dorex2007 ($3.17 in chips) 
Seat 2: alepoker1437 ($2 in chips) 
Seat 3: Manuto94 ($8.53 in chips) 
Seat 4: Luck-Roma64 ($2.84 in chips) 
Seat 6: kaosluntik ($2.02 in chips) 
Seat 7: diegoc1991 ($1.60 in chips) 
Seat 8: jacktequila6 ($3.49 in chips) 
Seat 9: Libe05 ($1.30 in chips) 
Dorex2007: posts small blind $0.01
alepoker1437: posts big blind $0.02
*** HOLE CARDS ***
Dealt to Dorex2007 [7s 7d]
Manuto94: folds 
Luck-Roma64: folds 
kaosluntik: folds 
diegoc1991: folds 
jacktequila6: folds 
Libe05: calls $0.02
Dorex2007: calls $0.01
alepoker1437: checks 
*** FLOP *** [3s Qd 6s]
Dorex2007: bets $0.03
alepoker1437: folds 
Libe05: calls $0.03
*** TURN *** [3s Qd 6s] [4s]
Dorex2007: checks 
Libe05: bets $0.10
Dorex2007: calls $0.10
*** RIVER *** [3s Qd 6s 4s] [Jc]
Dorex2007: bets $0.21
Libe05: calls $0.21
*** SHOW DOWN ***
Dorex2007: shows [7s 7d] (a pair of Sevens)
Libe05: mucks hand 
Dorex2007 collected $0.71 from pot
*** SUMMARY ***
Total pot $0.74 | Rake $0.03 
Board [3s Qd 6s 4s Jc]
Seat 1: Dorex2007 (small blind) showed [7s 7d] and won ($0.71) with a pair of Sevens
Seat 2: alepoker1437 (big blind) folded on the Flop
Seat 3: Manuto94 folded before Flop (didn't bet)
Seat 4: Luck-Roma64 folded before Flop (didn't bet)
Seat 6: kaosluntik folded before Flop (didn't bet)
Seat 7: diegoc1991 folded before Flop (didn't bet)
Seat 8: jacktequila6 folded before Flop (didn't bet)
Seat 9: Libe05 (button) mucked [5s 5h]



PokerStars Hand #230440009597:  Hold'em No Limit ($0.01/$0.02 USD) - 2021/10/07 23:07:45 PT [2021/10/08 2:07:45 ET]
Table 'Konkolya' 9-max Seat #1 is the button
Seat 1: Dorex2007 ($3.52 in chips) 
Seat 2: alepoker1437 ($1.98 in chips) 
Seat 3: Manuto94 ($8.53 in chips) 
Seat 6: kaosluntik ($2.02 in chips) 
Seat 7: diegoc1991 ($1.60 in chips) 
Seat 8: jacktequila6 ($3.49 in chips) 
Seat 9: Libe05 ($0.94 in chips) 
alepoker1437: posts small blind $0.01
Manuto94: posts big blind $0.02
*** HOLE CARDS ***
Dealt to Dorex2007 [4s Qc]
kaosluntik: raises $0.03 to $0.05
diegoc1991: folds 
jacktequila6: folds 
Libe05: calls $0.05
Dorex2007: folds 
alepoker1437: calls $0.04
Manuto94: folds 
*** FLOP *** [9h Kc Ac]
alepoker1437: checks 
kaosluntik: bets $0.11
Libe05: folds 
alepoker1437: folds 
Uncalled bet ($0.11) returned to kaosluntik
kaosluntik collected $0.16 from pot
kaosluntik: doesn't show hand 
*** SUMMARY ***
Total pot $0.17 | Rake $0.01 
Board [9h Kc Ac]
Seat 1: Dorex2007 (button) folded before Flop (didn't bet)
Seat 2: alepoker1437 (small blind) folded on the Flop
Seat 3: Manuto94 (big blind) folded before Flop
Seat 6: kaosluntik collected ($0.16)
Seat 7: diegoc1991 folded before Flop (didn't bet)
Seat 8: jacktequila6 folded before Flop (didn't bet)
Seat 9: Libe05 folded on the Flop



PokerStars Hand #230440012547:  Hold'em No Limit ($0.01/$0.02 USD) - 2021/10/07 23:08:07 PT [2021/10/08 2:08:07 ET]
Table 'Konkolya' 9-max Seat #2 is the button
Seat 1: Dorex2007 ($3.52 in chips) 
Seat 2: alepoker1437 ($1.93 in chips) 
Seat 3: Manuto94 ($8.51 in chips) 
Seat 6: kaosluntik ($2.13 in chips) 
Seat 7: diegoc1991 ($1.60 in chips) 
Seat 8: jacktequila6 ($3.49 in chips) 
Seat 9: Libe05 ($0.89 in chips) 
Manuto94: posts small blind $0.01
kaosluntik: posts big blind $0.02
*** HOLE CARDS ***
Dealt to Dorex2007 [Ac 3c]
diegoc1991: raises $0.06 to $0.08
jacktequila6: folds 
Libe05: calls $0.08
Dorex2007: folds 
alepoker1437: folds 
Manuto94: folds 
kaosluntik: folds 
*** FLOP *** [Th 2h 2s]
diegoc1991: checks 
Libe05: checks 
*** TURN *** [Th 2h 2s] [Ah]
diegoc1991: checks 
Libe05: bets $0.40
diegoc1991: folds 
Uncalled bet ($0.40) returned to Libe05
Libe05 collected $0.18 from pot
Libe05: doesn't show hand 
*** SUMMARY ***
Total pot $0.19 | Rake $0.01 
Board [Th 2h 2s Ah]
Seat 1: Dorex2007 folded before Flop (didn't bet)
Seat 2: alepoker1437 (button) folded before Flop (didn't bet)
Seat 3: Manuto94 (small blind) folded before Flop
Seat 6: kaosluntik (big blind) folded before Flop
Seat 7: diegoc1991 folded on the Turn
Seat 8: jacktequila6 folded before Flop (didn't bet)
Seat 9: Libe05 collected ($0.18)



PokerStars Hand #230440017656:  Hold'em No Limit ($0.01/$0.02 USD) - 2021/10/07 23:08:46 PT [2021/10/08 2:08:46 ET]
Table 'Konkolya' 9-max Seat #3 is the button
Seat 1: Dorex2007 ($3.52 in chips) 
Seat 2: alepoker1437 ($1.93 in chips) 
Seat 3: Manuto94 ($8.50 in chips) 
Seat 6: kaosluntik ($2.11 in chips) 
Seat 7: diegoc1991 ($1.52 in chips) 
Seat 8: jacktequila6 ($3.49 in chips) 
Seat 9: Libe05 ($0.99 in chips) 
kaosluntik: posts small blind $0.01
diegoc1991: posts big blind $0.02
*** HOLE CARDS ***
Dealt to Dorex2007 [Jc Qh]
jacktequila6: folds 
Libe05: calls $0.02
Dorex2007: calls $0.02
alepoker1437: folds 
Manuto94: folds 
kaosluntik: folds 
diegoc1991: checks 
*** FLOP *** [Ts 5h 3s]
diegoc1991: checks 
Libe05: checks 
Dorex2007: checks 
*** TURN *** [Ts 5h 3s] [4s]
diegoc1991: bets $0.06
Libe05: calls $0.06
Dorex2007: folds 
*** RIVER *** [Ts 5h 3s 4s] [2d]
diegoc1991: bets $0.12
Libe05: calls $0.12
*** SHOW DOWN ***
diegoc1991: shows [2s As] (a flush, Ace high)
Libe05: mucks hand 
diegoc1991 collected $0.41 from pot
*** SUMMARY ***
Total pot $0.43 | Rake $0.02 
Board [Ts 5h 3s 4s 2d]
Seat 1: Dorex2007 folded on the Turn
Seat 2: alepoker1437 folded before Flop (didn't bet)
Seat 3: Manuto94 (button) folded before Flop (didn't bet)
Seat 6: kaosluntik (small blind) folded before Flop
Seat 7: diegoc1991 (big blind) showed [2s As] and won ($0.41) with a flush, Ace high
Seat 8: jacktequila6 folded before Flop (didn't bet)
Seat 9: Libe05 mucked [6h 6s]



PokerStars Hand #230440022118:  Hold'em No Limit ($0.01/$0.02 USD) - 2021/10/07 23:09:20 PT [2021/10/08 2:09:20 ET]
Table 'Konkolya' 9-max Seat #6 is the button
Seat 1: Dorex2007 ($3.50 in chips) 
Seat 2: alepoker1437 ($1.93 in chips) 
Seat 3: Manuto94 ($8.50 in chips) 
Seat 6: kaosluntik ($2.10 in chips) 
Seat 7: diegoc1991 ($1.73 in chips) 
Seat 8: jacktequila6 ($3.49 in chips) 
Seat 9: Libe05 ($0.79 in chips) 
diegoc1991: posts small blind $0.01
jacktequila6: posts big blind $0.02
*** HOLE CARDS ***
Dealt to Dorex2007 [5d 4c]
Libe05: calls $0.02
Dorex2007: folds 
alepoker1437: folds 
Manuto94: folds 
kaosluntik: folds 
diegoc1991: calls $0.01
jacktequila6: checks 
*** FLOP *** [4s Qd 7h]
diegoc1991: checks 
jacktequila6: checks 
Libe05: checks 
*** TURN *** [4s Qd 7h] [4d]
diegoc1991: bets $0.04
jacktequila6: folds 
Libe05: calls $0.04
*** RIVER *** [4s Qd 7h 4d] [8c]
diegoc1991: checks 
Libe05: bets $0.30
diegoc1991: folds 
Uncalled bet ($0.30) returned to Libe05
Libe05 collected $0.14 from pot
Libe05: doesn't show hand 
*** SUMMARY ***
Total pot $0.14 | Rake $0 
Board [4s Qd 7h 4d 8c]
Seat 1: Dorex2007 folded before Flop (didn't bet)
Seat 2: alepoker1437 folded before Flop (didn't bet)
Seat 3: Manuto94 folded before Flop (didn't bet)
Seat 6: kaosluntik (button) folded before Flop (didn't bet)
Seat 7: diegoc1991 (small blind) folded on the River
Seat 8: jacktequila6 (big blind) folded on the Turn
Seat 9: Libe05 collected ($0.14)



PokerStars Hand #230440029993:  Hold'em No Limit ($0.01/$0.02 USD) - 2021/10/07 23:10:19 PT [2021/10/08 2:10:19 ET]
Table 'Konkolya' 9-max Seat #7 is the button
Seat 1: Dorex2007 ($3.50 in chips) 
Seat 2: alepoker1437 ($1.93 in chips) 
Seat 3: Manuto94 ($8.50 in chips) 
Seat 6: kaosluntik ($2.10 in chips) 
Seat 7: diegoc1991 ($1.67 in chips) 
Seat 8: jacktequila6 ($3.47 in chips) 
Seat 9: Libe05 ($0.87 in chips) 
jacktequila6: posts small blind $0.01
Libe05: posts big blind $0.02
x0zzi: sits out 
*** HOLE CARDS ***
Dealt to Dorex2007 [7d 2s]
Dorex2007: folds 
alepoker1437: folds 
Manuto94: folds 
kaosluntik: folds 
diegoc1991: folds 
jacktequila6: folds 
Uncalled bet ($0.01) returned to Libe05
Libe05 collected $0.02 from pot
Libe05: doesn't show hand 
*** SUMMARY ***
Total pot $0.02 | Rake $0 
Seat 1: Dorex2007 folded before Flop (didn't bet)
Seat 2: alepoker1437 folded before Flop (didn't bet)
Seat 3: Manuto94 folded before Flop (didn't bet)
Seat 6: kaosluntik folded before Flop (didn't bet)
Seat 7: diegoc1991 (button) folded before Flop (didn't bet)
Seat 8: jacktequila6 (small blind) folded before Flop
Seat 9: Libe05 (big blind) collected ($0.02)



PokerStars Hand #230440031733:  Hold'em No Limit ($0.01/$0.02 USD) - 2021/10/07 23:10:32 PT [2021/10/08 2:10:32 ET]
Table 'Konkolya' 9-max Seat #8 is the button
Seat 1: Dorex2007 ($3.50 in chips) 
Seat 2: alepoker1437 ($1.93 in chips) 
Seat 3: Manuto94 ($8.50 in chips) 
Seat 6: kaosluntik ($2.10 in chips) 
Seat 7: diegoc1991 ($1.67 in chips) 
Seat 8: jacktequila6 ($3.46 in chips) 
Seat 9: Libe05 ($0.88 in chips) 
Libe05: posts small blind $0.01
Dorex2007: posts big blind $0.02
x0zzi: sits out 
*** HOLE CARDS ***
Dealt to Dorex2007 [Ac 5s]
alepoker1437: raises $0.04 to $0.06
Manuto94: folds 
kaosluntik: folds 
diegoc1991: folds 
jacktequila6: folds 
Libe05: calls $0.05
Dorex2007: folds 
*** FLOP *** [4d 5h Ks]
Libe05: checks 
alepoker1437: bets $0.14
Libe05: folds 
Uncalled bet ($0.14) returned to alepoker1437
alepoker1437 collected $0.14 from pot
alepoker1437: doesn't show hand 
*** SUMMARY ***
Total pot $0.14 | Rake $0 
Board [4d 5h Ks]
Seat 1: Dorex2007 (big blind) folded before Flop
Seat 2: alepoker1437 collected ($0.14)
Seat 3: Manuto94 folded before Flop (didn't bet)
Seat 6: kaosluntik folded before Flop (didn't bet)
Seat 7: diegoc1991 folded before Flop (didn't bet)
Seat 8: jacktequila6 (button) folded before Flop (didn't bet)
Seat 9: Libe05 (small blind) folded on the Flop



PokerStars Hand #230440034849:  Hold'em No Limit ($0.01/$0.02 USD) - 2021/10/07 23:10:55 PT [2021/10/08 2:10:55 ET]
Table 'Konkolya' 9-max Seat #9 is the button
Seat 1: Dorex2007 ($3.48 in chips) 
Seat 2: alepoker1437 ($2.01 in chips) 
Seat 3: Manuto94 ($8.50 in chips) 
Seat 6: kaosluntik ($2.10 in chips) 
Seat 7: diegoc1991 ($1.67 in chips) 
Seat 8: jacktequila6 ($3.46 in chips) 
Seat 9: Libe05 ($0.82 in chips) 
Dorex2007: posts small blind $0.01
alepoker1437: posts big blind $0.02
x0zzi: sits out 
*** HOLE CARDS ***
Dealt to Dorex2007 [2c 2d]
Manuto94: folds 
kaosluntik: folds 
diegoc1991: folds 
jacktequila6: folds 
Libe05: calls $0.02
Dorex2007: calls $0.01
alepoker1437: checks 
*** FLOP *** [7c 9c Qd]
Dorex2007: checks 
alepoker1437: checks 
Libe05: checks 
*** TURN *** [7c 9c Qd] [As]
Dorex2007: checks 
alepoker1437: checks 
Libe05: checks 
*** RIVER *** [7c 9c Qd As] [Qh]
Dorex2007: checks 
alepoker1437: checks 
Libe05: checks 
*** SHOW DOWN ***
Dorex2007: shows [2c 2d] (two pair, Queens and Deuces)
alepoker1437: mucks hand 
Libe05: mucks hand 
Dorex2007 collected $0.06 from pot
*** SUMMARY ***
Total pot $0.06 | Rake $0 
Board [7c 9c Qd As Qh]
Seat 1: Dorex2007 (small blind) showed [2c 2d] and won ($0.06) with two pair, Queens and Deuces
Seat 2: alepoker1437 (big blind) mucked [3s 5d]
Seat 3: Manuto94 folded before Flop (didn't bet)
Seat 6: kaosluntik folded before Flop (didn't bet)
Seat 7: diegoc1991 folded before Flop (didn't bet)
Seat 8: jacktequila6 folded before Flop (didn't bet)
Seat 9: Libe05 (button) mucked [Kc 6h]



PokerStars Hand #230440038939:  Hold'em No Limit ($0.01/$0.02 USD) - 2021/10/07 23:11:26 PT [2021/10/08 2:11:26 ET]
Table 'Konkolya' 9-max Seat #1 is the button
Seat 1: Dorex2007 ($3.52 in chips) 
Seat 2: alepoker1437 ($1.99 in chips) 
Seat 3: Manuto94 ($8.50 in chips) 
Seat 6: kaosluntik ($2.10 in chips) 
Seat 7: diegoc1991 ($1.67 in chips) 
Seat 8: jacktequila6 ($3.46 in chips) 
Seat 9: Libe05 ($0.80 in chips) 
alepoker1437: posts small blind $0.01
Manuto94: posts big blind $0.02
x0zzi: sits out 
*** HOLE CARDS ***
Dealt to Dorex2007 [Qc Qs]
kaosluntik: folds 
diegoc1991: folds 
jacktequila6: folds 
Libe05: calls $0.02
Dorex2007: raises $0.04 to $0.06
alepoker1437: calls $0.05
Manuto94: raises $0.20 to $0.26
Libe05: folds 
Dorex2007: calls $0.20
alepoker1437: folds 
*** FLOP *** [Js 3h Qh]
Manuto94: bets $0.29
Dorex2007: raises $0.58 to $0.87
Manuto94: calls $0.58
*** TURN *** [Js 3h Qh] [9c]
Manuto94: checks 
Dorex2007: bets $2.39 and is all-in
Manuto94: folds 
Uncalled bet ($2.39) returned to Dorex2007
Dorex2007 collected $2.26 from pot
Dorex2007: doesn't show hand 
*** SUMMARY ***
Total pot $2.34 | Rake $0.08 
Board [Js 3h Qh 9c]
Seat 1: Dorex2007 (button) collected ($2.26)
Seat 2: alepoker1437 (small blind) folded before Flop
Seat 3: Manuto94 (big blind) folded on the Turn
Seat 6: kaosluntik folded before Flop (didn't bet)
Seat 7: diegoc1991 folded before Flop (didn't bet)
Seat 8: jacktequila6 folded before Flop (didn't bet)
Seat 9: Libe05 folded before Flop



PokerStars Hand #230440056113:  Hold'em No Limit ($0.01/$0.02 USD) - 2021/10/07 23:13:37 PT [2021/10/08 2:13:37 ET]
Table 'Konkolya' 9-max Seat #2 is the button
Seat 1: Dorex2007 ($4.65 in chips) 
Seat 2: alepoker1437 ($1.93 in chips) 
Seat 3: Manuto94 ($7.37 in chips) 
Seat 5: x0zzi ($2 in chips) 
Seat 6: kaosluntik ($2.10 in chips) 
Seat 7: diegoc1991 ($1.67 in chips) 
Seat 8: jacktequila6 ($3.46 in chips) 
Seat 9: Libe05 ($0.78 in chips) 
Manuto94: posts small blind $0.01
x0zzi: posts big blind $0.02
*** HOLE CARDS ***
Dealt to Dorex2007 [Jh Kh]
kaosluntik: folds 
diegoc1991: folds 
jacktequila6: folds 
jacktequila6 leaves the table
Libe05: calls $0.02
Dorex2007: calls $0.02
alepoker1437: folds 
Manuto94: folds 
x0zzi: raises $0.02 to $0.04
Libe05: calls $0.02
Thiago_Bravo joins the table at seat #8 
Dorex2007: calls $0.02
*** FLOP *** [5d Kd 7s]
x0zzi: checks 
Libe05: checks 
Dorex2007: bets $0.13
x0zzi: folds 
Libe05: folds 
Uncalled bet ($0.13) returned to Dorex2007
Dorex2007 collected $0.13 from pot
Dorex2007: doesn't show hand 
*** SUMMARY ***
Total pot $0.13 | Rake $0 
Board [5d Kd 7s]
Seat 1: Dorex2007 collected ($0.13)
Seat 2: alepoker1437 (button) folded before Flop (didn't bet)
Seat 3: Manuto94 (small blind) folded before Flop
Seat 5: x0zzi (big blind) folded on the Flop
Seat 6: kaosluntik folded before Flop (didn't bet)
Seat 7: diegoc1991 folded before Flop (didn't bet)
Seat 8: jacktequila6 folded before Flop (didn't bet)
Seat 9: Libe05 folded on the Flop



PokerStars Hand #230440061574:  Hold'em No Limit ($0.01/$0.02 USD) - 2021/10/07 23:14:19 PT [2021/10/08 2:14:19 ET]
Table 'Konkolya' 9-max Seat #3 is the button
Seat 1: Dorex2007 ($4.74 in chips) 
Seat 2: alepoker1437 ($1.93 in chips) 
Seat 3: Manuto94 ($7.36 in chips) 
Seat 5: x0zzi ($1.96 in chips) 
Seat 6: kaosluntik ($2.10 in chips) 
Seat 7: diegoc1991 ($1.67 in chips) 
Seat 9: Libe05 ($0.74 in chips) 
x0zzi: posts small blind $0.01
kaosluntik: posts big blind $0.02
Thiago_Bravo: sits out 
*** HOLE CARDS ***
Dealt to Dorex2007 [8d Jh]
diegoc1991: folds 
Libe05: calls $0.02
Dorex2007: folds 
alepoker1437: calls $0.02
Manuto94: folds 
x0zzi: folds 
kaosluntik: raises $0.08 to $0.10
Libe05: folds 
alepoker1437: calls $0.08
*** FLOP *** [Kd 9d 7s]
kaosluntik: bets $0.07
alepoker1437: calls $0.07
*** TURN *** [Kd 9d 7s] [4c]
kaosluntik: checks 
alepoker1437: bets $0.36
kaosluntik: folds 
Uncalled bet ($0.36) returned to alepoker1437
alepoker1437 collected $0.36 from pot
alepoker1437: doesn't show hand 
*** SUMMARY ***
Total pot $0.37 | Rake $0.01 
Board [Kd 9d 7s 4c]
Seat 1: Dorex2007 folded before Flop (didn't bet)
Seat 2: alepoker1437 collected ($0.36)
Seat 3: Manuto94 (button) folded before Flop (didn't bet)
Seat 5: x0zzi (small blind) folded before Flop
Seat 6: kaosluntik (big blind) folded on the Turn
Seat 7: diegoc1991 folded before Flop (didn't bet)
Seat 9: Libe05 folded before Flop



PokerStars Hand #230440066809:  Hold'em No Limit ($0.01/$0.02 USD) - 2021/10/07 23:14:57 PT [2021/10/08 2:14:57 ET]
Table 'Konkolya' 9-max Seat #5 is the button
Seat 1: Dorex2007 ($4.74 in chips) 
Seat 2: alepoker1437 ($2.12 in chips) 
Seat 3: Manuto94 ($7.36 in chips) 
Seat 5: x0zzi ($1.95 in chips) 
Seat 6: kaosluntik ($2 in chips) 
Seat 7: diegoc1991 ($1.67 in chips) 
Seat 9: Libe05 ($0.72 in chips) 
kaosluntik: posts small blind $0.01
diegoc1991: posts big blind $0.02
Thiago_Bravo: sits out 
*** HOLE CARDS ***
Dealt to Dorex2007 [2c 7s]
Libe05: calls $0.02
Dorex2007: folds 
alepoker1437: calls $0.02
Manuto94: folds 
x0zzi: raises $0.06 to $0.08
kaosluntik: folds 
diegoc1991: folds 
Libe05: calls $0.06
alepoker1437: calls $0.06
*** FLOP *** [6h 7d Kd]
Libe05: bets $0.02
alepoker1437: calls $0.02
x0zzi: raises $0.25 to $0.27
Libe05: calls $0.25
alepoker1437: calls $0.25
*** TURN *** [6h 7d Kd] [5h]
Libe05: bets $0.10
alepoker1437: calls $0.10
x0zzi: raises $1.50 to $1.60 and is all-in
Libe05: calls $0.27 and is all-in
alepoker1437: calls $1.50
*** RIVER *** [6h 7d Kd 5h] [4h]
*** SHOW DOWN ***
alepoker1437: shows [9c 8s] (a straight, Five to Nine)
x0zzi: shows [Qd 7h] (a pair of Sevens)
Libe05: shows [5d 9d] (a pair of Fives)
alepoker1437 cashed out the hand for $3.99 | Cash Out Fee $0.04
*** SUMMARY ***
Total pot $4.65 Main pot $2.11. Side pot $2.38. | Rake $0.16 
Board [6h 7d Kd 5h 4h]
Seat 1: Dorex2007 folded before Flop (didn't bet)
Seat 2: alepoker1437 showed [9c 8s] and won ($4.49) with a straight, Five to Nine (pot not awarded as player cashed out)
Seat 3: Manuto94 folded before Flop (didn't bet)
Seat 5: x0zzi (button) showed [Qd 7h] and lost with a pair of Sevens
Seat 6: kaosluntik (small blind) folded before Flop
Seat 7: diegoc1991 (big blind) folded before Flop
Seat 9: Libe05 showed [5d 9d] and lost with a pair of Fives



PokerStars Hand #230440074831:  Hold'em No Limit ($0.01/$0.02 USD) - 2021/10/07 23:15:59 PT [2021/10/08 2:15:59 ET]
Table 'Konkolya' 9-max Seat #6 is the button
Seat 1: Dorex2007 ($4.74 in chips) 
Seat 3: Manuto94 ($7.36 in chips) 
Seat 6: kaosluntik ($2 in chips) 
Seat 7: diegoc1991 ($1.65 in chips) 
Seat 8: Thiago_Bravo ($1.60 in chips) 
diegoc1991: posts small blind $0.01
Thiago_Bravo: posts big blind $0.02
*** HOLE CARDS ***
Dealt to Dorex2007 [Qh Ad]
Dorex2007: raises $0.04 to $0.06
Manuto94: folds 
kaosluntik: folds 
Libe05 leaves the table
diegoc1991: folds 
Thiago_Bravo: calls $0.04
*** FLOP *** [3h 8c Kd]
Thiago_Bravo: checks 
Dorex2007: bets $0.07
Thiago_Bravo: folds 
Uncalled bet ($0.07) returned to Dorex2007
Dorex2007 collected $0.13 from pot
Dorex2007: doesn't show hand 
*** SUMMARY ***
Total pot $0.13 | Rake $0 
Board [3h 8c Kd]
Seat 1: Dorex2007 collected ($0.13)
Seat 3: Manuto94 folded before Flop (didn't bet)
Seat 6: kaosluntik (button) folded before Flop (didn't bet)
Seat 7: diegoc1991 (small blind) folded before Flop
Seat 8: Thiago_Bravo (big blind) folded on the Flop



PokerStars Hand #230440078659:  Hold'em No Limit ($0.01/$0.02 USD) - 2021/10/07 23:16:28 PT [2021/10/08 2:16:28 ET]
Table 'Konkolya' 9-max Seat #7 is the button
Seat 1: Dorex2007 ($4.81 in chips) 
Seat 2: alepoker1437 ($4.16 in chips) 
Seat 3: Manuto94 ($7.36 in chips) 
Seat 5: x0zzi ($2 in chips) 
Seat 6: kaosluntik ($2 in chips) 
Seat 7: diegoc1991 ($1.64 in chips) 
Seat 8: Thiago_Bravo ($1.54 in chips) 
Thiago_Bravo: posts small blind $0.01
Dorex2007: posts big blind $0.02
*** HOLE CARDS ***
Dealt to Dorex2007 [6d 3c]
alepoker1437: raises $0.05 to $0.07
Manuto94: folds 
x0zzi: calls $0.07
kaosluntik: folds 
diegoc1991: calls $0.07
Thiago_Bravo: calls $0.06
Dorex2007: folds 
*** FLOP *** [Js 7h 3d]
Thiago_Bravo: checks 
alepoker1437: bets $0.33
Luck-Roma64 leaves the table
x0zzi: folds 
diegoc1991: folds 
Thiago_Bravo: folds 
Uncalled bet ($0.33) returned to alepoker1437
alepoker1437 collected $0.29 from pot
alepoker1437: doesn't show hand 
*** SUMMARY ***
Total pot $0.30 | Rake $0.01 
Board [Js 7h 3d]
Seat 1: Dorex2007 (big blind) folded before Flop
Seat 2: alepoker1437 collected ($0.29)
Seat 3: Manuto94 folded before Flop (didn't bet)
Seat 5: x0zzi folded on the Flop
Seat 6: kaosluntik folded before Flop (didn't bet)
Seat 7: diegoc1991 (button) folded on the Flop
Seat 8: Thiago_Bravo (small blind) folded on the Flop



PokerStars Hand #230440084146:  Hold'em No Limit ($0.01/$0.02 USD) - 2021/10/07 23:17:10 PT [2021/10/08 2:17:10 ET]
Table 'Konkolya' 9-max Seat #8 is the button
Seat 1: Dorex2007 ($4.79 in chips) 
Seat 2: alepoker1437 ($4.38 in chips) 
Seat 3: Manuto94 ($7.36 in chips) 
Seat 5: x0zzi ($1.93 in chips) 
Seat 6: kaosluntik ($2 in chips) 
Seat 7: diegoc1991 ($1.57 in chips) 
Seat 8: Thiago_Bravo ($1.47 in chips) 
Dorex2007: posts small blind $0.01
alepoker1437: posts big blind $0.02
*** HOLE CARDS ***
Dealt to Dorex2007 [9s Kh]
Manuto94: folds 
x0zzi: raises $0.04 to $0.06
kaosluntik: folds 
diegoc1991: folds 
Thiago_Bravo: folds 
Dorex2007: folds 
alepoker1437: folds 
Uncalled bet ($0.04) returned to x0zzi
x0zzi collected $0.05 from pot
x0zzi: doesn't show hand 
*** SUMMARY ***
Total pot $0.05 | Rake $0 
Seat 1: Dorex2007 (small blind) folded before Flop
Seat 2: alepoker1437 (big blind) folded before Flop
Seat 3: Manuto94 folded before Flop (didn't bet)
Seat 5: x0zzi collected ($0.05)
Seat 6: kaosluntik folded before Flop (didn't bet)
Seat 7: diegoc1991 folded before Flop (didn't bet)
Seat 8: Thiago_Bravo (button) folded before Flop (didn't bet)



PokerStars Hand #230440085233:  Hold'em No Limit ($0.01/$0.02 USD) - 2021/10/07 23:17:18 PT [2021/10/08 2:17:18 ET]
Table 'Konkolya' 9-max Seat #1 is the button
Seat 1: Dorex2007 ($4.78 in chips) 
Seat 2: alepoker1437 ($4.36 in chips) 
Seat 5: x0zzi ($1.96 in chips) 
Seat 6: kaosluntik ($2 in chips) 
Seat 7: diegoc1991 ($1.57 in chips) 
Seat 8: Thiago_Bravo ($1.47 in chips) 
alepoker1437: posts small blind $0.01
Manuto94: is sitting out 
Manuto94 leaves the table
x0zzi: posts big blind $0.02
*** HOLE CARDS ***
Dealt to Dorex2007 [9c Qs]
kaosluntik: folds 
diegoc1991: folds 
Thiago_Bravo: folds 
Dorex2007: folds 
alepoker1437: raises $0.04 to $0.06
x0zzi: calls $0.04
*** FLOP *** [3s 2d 5d]
alepoker1437: checks 
x0zzi: bets $0.10
alepoker1437: folds 
Uncalled bet ($0.10) returned to x0zzi
x0zzi collected $0.12 from pot
x0zzi: doesn't show hand 
*** SUMMARY ***
Total pot $0.12 | Rake $0 
Board [3s 2d 5d]
Seat 1: Dorex2007 (button) folded before Flop (didn't bet)
Seat 2: alepoker1437 (small blind) folded on the Flop
Seat 5: x0zzi (big blind) collected ($0.12)
Seat 6: kaosluntik folded before Flop (didn't bet)
Seat 7: diegoc1991 folded before Flop (didn't bet)
Seat 8: Thiago_Bravo folded before Flop (didn't bet)



PokerStars Hand #230440091429:  Hold'em No Limit ($0.01/$0.02 USD) - 2021/10/07 23:18:05 PT [2021/10/08 2:18:05 ET]
Table 'Konkolya' 9-max Seat #2 is the button
Seat 1: Dorex2007 ($4.78 in chips) 
Seat 2: alepoker1437 ($4.30 in chips) 
Seat 5: x0zzi ($2.02 in chips) 
Seat 6: kaosluntik ($2 in chips) 
Seat 7: diegoc1991 ($1.57 in chips) 
Seat 8: Thiago_Bravo ($1.47 in chips) 
x0zzi: posts small blind $0.01
kaosluntik: posts big blind $0.02
*** HOLE CARDS ***
Dealt to Dorex2007 [2c 6d]
diegoc1991: folds 
Thiago_Bravo: folds 
Dorex2007: folds 
alepoker1437: folds 
x0zzi: raises $0.06 to $0.08
kaosluntik: folds 
Uncalled bet ($0.06) returned to x0zzi
x0zzi collected $0.04 from pot
x0zzi: doesn't show hand 
*** SUMMARY ***
Total pot $0.04 | Rake $0 
Seat 1: Dorex2007 folded before Flop (didn't bet)
Seat 2: alepoker1437 (button) folded before Flop (didn't bet)
Seat 5: x0zzi (small blind) collected ($0.04)
Seat 6: kaosluntik (big blind) folded before Flop
Seat 7: diegoc1991 folded before Flop (didn't bet)
Seat 8: Thiago_Bravo folded before Flop (didn't bet)



PokerStars Hand #230440093590:  Hold'em No Limit ($0.01/$0.02 USD) - 2021/10/07 23:18:21 PT [2021/10/08 2:18:21 ET]
Table 'Konkolya' 9-max Seat #5 is the button
Seat 1: Dorex2007 ($4.78 in chips) 
Seat 2: alepoker1437 ($4.30 in chips) 
Seat 5: x0zzi ($2.04 in chips) 
Seat 6: kaosluntik ($2 in chips) 
Seat 7: diegoc1991 ($1.57 in chips) 
Seat 8: Thiago_Bravo ($1.47 in chips) 
kaosluntik: posts small blind $0.01
diegoc1991: posts big blind $0.02
*** HOLE CARDS ***
Dealt to Dorex2007 [9s 2s]
Thiago_Bravo has timed out
Thiago_Bravo: folds 
Dorex2007: folds 
alepoker1437: folds 
x0zzi: raises $0.04 to $0.06
kaosluntik: folds 
diegoc1991: folds 
Uncalled bet ($0.04) returned to x0zzi
x0zzi collected $0.05 from pot
x0zzi: doesn't show hand 
*** SUMMARY ***
Total pot $0.05 | Rake $0 
Seat 1: Dorex2007 folded before Flop (didn't bet)
Seat 2: alepoker1437 folded before Flop (didn't bet)
Seat 5: x0zzi (button) collected ($0.05)
Seat 6: kaosluntik (small blind) folded before Flop
Seat 7: diegoc1991 (big blind) folded before Flop
Seat 8: Thiago_Bravo folded before Flop (didn't bet)



PokerStars Hand #230440096120:  Hold'em No Limit ($0.01/$0.02 USD) - 2021/10/07 23:18:41 PT [2021/10/08 2:18:41 ET]
Table 'Konkolya' 9-max Seat #6 is the button
Seat 1: Dorex2007 ($4.78 in chips) 
Seat 2: alepoker1437 ($4.30 in chips) 
Seat 5: x0zzi ($2.07 in chips) 
Seat 6: kaosluntik ($2 in chips) 
Seat 7: diegoc1991 ($1.55 in chips) 
Thiago_Bravo leaves the table
diegoc1991: posts small blind $0.01
Dorex2007: posts big blind $0.02
*** HOLE CARDS ***
Dealt to Dorex2007 [Qs 2h]
alepoker1437: folds 
x0zzi: folds 
kaosluntik: folds 
diegoc1991: calls $0.01
Dorex2007: checks 
*** FLOP *** [8s 8h Ac]
diegoc1991: checks 
Dorex2007: checks 
*** TURN *** [8s 8h Ac] [2d]
diegoc1991: checks 
Dorex2007: bets $0.03
diegoc1991: folds 
Uncalled bet ($0.03) returned to Dorex2007
Dorex2007 collected $0.04 from pot
Dorex2007: doesn't show hand 
*** SUMMARY ***
Total pot $0.04 | Rake $0 
Board [8s 8h Ac 2d]
Seat 1: Dorex2007 (big blind) collected ($0.04)
Seat 2: alepoker1437 folded before Flop (didn't bet)
Seat 5: x0zzi folded before Flop (didn't bet)
Seat 6: kaosluntik (button) folded before Flop (didn't bet)
Seat 7: diegoc1991 (small blind) folded on the Turn



