PokerStars Hand #227637120087:  Hold'em No Limit ($0.01/$0.02 USD) - 2021/06/16 19:16:09 PT [2021/06/16 22:16:09 ET]
Table 'Gase II' 9-max Seat #9 is the button
Seat 1: bob4tier ($1.37 in chips) 
Seat 2: gringhostil ($2.24 in chips) 
Seat 3: gabs289 ($2.14 in chips) 
Seat 4: Lucas_chav ($1.48 in chips) 
Seat 5: 1Asthma1 ($2.07 in chips) 
Seat 6: bañonrod ($2.10 in chips) 
Seat 7: Vijai Ronin ($3.32 in chips) 
Seat 8: Dorex2007 ($2 in chips) 
Seat 9: DoubleAngle314 ($2.20 in chips) 
bob4tier: posts small blind $0.01
gringhostil: posts big blind $0.02
Dorex2007: posts big blind $0.02
*** HOLE CARDS ***
Dealt to Dorex2007 [Js 4c]
gabs289: folds 
Lucas_chav: folds 
1Asthma1: raises $0.06 to $0.08
bañonrod: folds 
Vijai Ronin: calls $0.08
Dorex2007: folds 
DoubleAngle314: calls $0.08
bob4tier: folds 
gringhostil: folds 
*** FLOP *** [Jh 9d 7c]
1Asthma1: bets $0.18
Vijai Ronin: folds 
DoubleAngle314: folds 
Uncalled bet ($0.18) returned to 1Asthma1
1Asthma1 collected $0.28 from pot
1Asthma1: doesn't show hand 
*** SUMMARY ***
Total pot $0.29 | Rake $0.01 
Board [Jh 9d 7c]
Seat 1: bob4tier (small blind) folded before Flop
Seat 2: gringhostil (big blind) folded before Flop
Seat 3: gabs289 folded before Flop (didn't bet)
Seat 4: Lucas_chav folded before Flop (didn't bet)
Seat 5: 1Asthma1 collected ($0.28)
Seat 6: bañonrod folded before Flop (didn't bet)
Seat 7: Vijai Ronin folded on the Flop
Seat 8: Dorex2007 folded before Flop (didn't bet)
Seat 9: DoubleAngle314 (button) folded on the Flop



PokerStars Hand #227637129412:  Hold'em No Limit ($0.01/$0.02 USD) - 2021/06/16 19:16:51 PT [2021/06/16 22:16:51 ET]
Table 'Gase II' 9-max Seat #1 is the button
Seat 1: bob4tier ($1.36 in chips) 
Seat 2: gringhostil ($2.22 in chips) 
Seat 3: gabs289 ($2.14 in chips) 
Seat 4: Lucas_chav ($1.48 in chips) 
Seat 5: 1Asthma1 ($2.27 in chips) 
Seat 6: bañonrod ($2.10 in chips) 
Seat 7: Vijai Ronin ($3.24 in chips) 
Seat 8: Dorex2007 ($1.98 in chips) 
Seat 9: DoubleAngle314 ($2.12 in chips) 
gringhostil: posts small blind $0.01
gabs289: posts big blind $0.02
*** HOLE CARDS ***
Dealt to Dorex2007 [9h 5h]
Lucas_chav: folds 
1Asthma1: folds 
bañonrod: folds 
Vijai Ronin: folds 
Dorex2007: folds 
DoubleAngle314: calls $0.02
bob4tier: folds 
gringhostil: calls $0.01
gabs289: checks 
*** FLOP *** [3s Kd Ac]
gringhostil: checks 
gabs289: checks 
DoubleAngle314: checks 
*** TURN *** [3s Kd Ac] [2s]
gringhostil: checks 
gabs289: checks 
DoubleAngle314: bets $0.06
gringhostil: folds 
gabs289: folds 
Uncalled bet ($0.06) returned to DoubleAngle314
DoubleAngle314 collected $0.06 from pot
*** SUMMARY ***
Total pot $0.06 | Rake $0 
Board [3s Kd Ac 2s]
Seat 1: bob4tier (button) folded before Flop (didn't bet)
Seat 2: gringhostil (small blind) folded on the Turn
Seat 3: gabs289 (big blind) folded on the Turn
Seat 4: Lucas_chav folded before Flop (didn't bet)
Seat 5: 1Asthma1 folded before Flop (didn't bet)
Seat 6: bañonrod folded before Flop (didn't bet)
Seat 7: Vijai Ronin folded before Flop (didn't bet)
Seat 8: Dorex2007 folded before Flop (didn't bet)
Seat 9: DoubleAngle314 collected ($0.06)



PokerStars Hand #227637140880:  Hold'em No Limit ($0.01/$0.02 USD) - 2021/06/16 19:17:44 PT [2021/06/16 22:17:44 ET]
Table 'Gase II' 9-max Seat #2 is the button
Seat 1: bob4tier ($1.36 in chips) 
Seat 2: gringhostil ($2.20 in chips) 
Seat 3: gabs289 ($2.12 in chips) 
Seat 4: Lucas_chav ($1.48 in chips) 
Seat 5: 1Asthma1 ($2.27 in chips) 
Seat 6: bañonrod ($2.10 in chips) 
Seat 7: Vijai Ronin ($3.24 in chips) 
Seat 8: Dorex2007 ($1.98 in chips) 
Seat 9: DoubleAngle314 ($2.16 in chips) 
gabs289: posts small blind $0.01
Lucas_chav: posts big blind $0.02
*** HOLE CARDS ***
Dealt to Dorex2007 [Jd 9c]
1Asthma1: folds 
bañonrod: folds 
Vijai Ronin: folds 
Dorex2007: folds 
DoubleAngle314: raises $0.04 to $0.06
bob4tier: folds 
gringhostil: calls $0.06
gabs289: folds 
Lucas_chav: folds 
*** FLOP *** [2c 2h 3s]
DoubleAngle314: checks 
gringhostil: checks 
*** TURN *** [2c 2h 3s] [3c]
DoubleAngle314: checks 
gringhostil: bets $0.10
DoubleAngle314: calls $0.10
*** RIVER *** [2c 2h 3s 3c] [6d]
DoubleAngle314: checks 
gringhostil: checks 
*** SHOW DOWN ***
DoubleAngle314: shows [Qc 6c] (two pair, Sixes and Threes)
gringhostil: mucks hand 
DoubleAngle314 collected $0.34 from pot
*** SUMMARY ***
Total pot $0.35 | Rake $0.01 
Board [2c 2h 3s 3c 6d]
Seat 1: bob4tier folded before Flop (didn't bet)
Seat 2: gringhostil (button) mucked [Ah 9d]
Seat 3: gabs289 (small blind) folded before Flop
Seat 4: Lucas_chav (big blind) folded before Flop
Seat 5: 1Asthma1 folded before Flop (didn't bet)
Seat 6: bañonrod folded before Flop (didn't bet)
Seat 7: Vijai Ronin folded before Flop (didn't bet)
Seat 8: Dorex2007 folded before Flop (didn't bet)
Seat 9: DoubleAngle314 showed [Qc 6c] and won ($0.34) with two pair, Sixes and Threes



PokerStars Hand #227637150666:  Hold'em No Limit ($0.01/$0.02 USD) - 2021/06/16 19:18:28 PT [2021/06/16 22:18:28 ET]
Table 'Gase II' 9-max Seat #3 is the button
Seat 1: bob4tier ($1.36 in chips) 
Seat 2: gringhostil ($2.04 in chips) 
Seat 3: gabs289 ($2.11 in chips) 
Seat 4: Lucas_chav ($1.46 in chips) 
Seat 5: 1Asthma1 ($2.27 in chips) 
Seat 6: bañonrod ($2.10 in chips) 
Seat 7: Vijai Ronin ($3.24 in chips) 
Seat 8: Dorex2007 ($1.98 in chips) 
Seat 9: DoubleAngle314 ($2.34 in chips) 
Lucas_chav: posts small blind $0.01
1Asthma1: posts big blind $0.02
*** HOLE CARDS ***
Dealt to Dorex2007 [2h 2s]
bañonrod: folds 
Vijai Ronin: folds 
Dorex2007: raises $0.02 to $0.04
DoubleAngle314: calls $0.04
bob4tier: folds 
gringhostil: folds 
gabs289: folds 
Lucas_chav: calls $0.03
1Asthma1: calls $0.02
*** FLOP *** [Kh 5c Tc]
Lucas_chav: bets $0.08
1Asthma1: raises $0.10 to $0.18
Dorex2007: folds 
DoubleAngle314: folds 
Lucas_chav: calls $0.10
*** TURN *** [Kh 5c Tc] [Qh]
Lucas_chav: checks 
1Asthma1: bets $0.33
Lucas_chav: folds 
Uncalled bet ($0.33) returned to 1Asthma1
1Asthma1 collected $0.50 from pot
1Asthma1: doesn't show hand 
*** SUMMARY ***
Total pot $0.52 | Rake $0.02 
Board [Kh 5c Tc Qh]
Seat 1: bob4tier folded before Flop (didn't bet)
Seat 2: gringhostil folded before Flop (didn't bet)
Seat 3: gabs289 (button) folded before Flop (didn't bet)
Seat 4: Lucas_chav (small blind) folded on the Turn
Seat 5: 1Asthma1 (big blind) collected ($0.50)
Seat 6: bañonrod folded before Flop (didn't bet)
Seat 7: Vijai Ronin folded before Flop (didn't bet)
Seat 8: Dorex2007 folded on the Flop
Seat 9: DoubleAngle314 folded on the Flop



PokerStars Hand #227637169779:  Hold'em No Limit ($0.01/$0.02 USD) - 2021/06/16 19:19:20 PT [2021/06/16 22:19:20 ET]
Table 'Gase II' 9-max Seat #4 is the button
Seat 1: bob4tier ($1.36 in chips) 
Seat 2: gringhostil ($2.04 in chips) 
Seat 3: gabs289 ($2.11 in chips) 
Seat 4: Lucas_chav ($1.24 in chips) 
Seat 5: 1Asthma1 ($2.55 in chips) 
Seat 6: bañonrod ($2.10 in chips) 
Seat 7: Vijai Ronin ($3.24 in chips) 
Seat 8: Dorex2007 ($1.94 in chips) 
Seat 9: DoubleAngle314 ($2.30 in chips) 
1Asthma1: posts small blind $0.01
bañonrod: posts big blind $0.02
*** HOLE CARDS ***
Dealt to Dorex2007 [Ts Qc]
Vijai Ronin: folds 
Dorex2007: folds 
DoubleAngle314: folds 
bob4tier: folds 
gringhostil: folds 
gabs289: folds 
Lucas_chav: folds 
1Asthma1: raises $0.04 to $0.06
bañonrod: calls $0.04
*** FLOP *** [Kh 5d 3c]
1Asthma1: checks 
bañonrod: checks 
*** TURN *** [Kh 5d 3c] [Ks]
1Asthma1: checks 
bañonrod: bets $0.06
1Asthma1: folds 
Uncalled bet ($0.06) returned to bañonrod
bañonrod collected $0.12 from pot
*** SUMMARY ***
Total pot $0.12 | Rake $0 
Board [Kh 5d 3c Ks]
Seat 1: bob4tier folded before Flop (didn't bet)
Seat 2: gringhostil folded before Flop (didn't bet)
Seat 3: gabs289 folded before Flop (didn't bet)
Seat 4: Lucas_chav (button) folded before Flop (didn't bet)
Seat 5: 1Asthma1 (small blind) folded on the Turn
Seat 6: bañonrod (big blind) collected ($0.12)
Seat 7: Vijai Ronin folded before Flop (didn't bet)
Seat 8: Dorex2007 folded before Flop (didn't bet)
Seat 9: DoubleAngle314 folded before Flop (didn't bet)



PokerStars Hand #227637181809:  Hold'em No Limit ($0.01/$0.02 USD) - 2021/06/16 19:20:16 PT [2021/06/16 22:20:16 ET]
Table 'Gase II' 9-max Seat #5 is the button
Seat 1: bob4tier ($1.36 in chips) 
Seat 2: gringhostil ($2.04 in chips) 
Seat 3: gabs289 ($2.11 in chips) 
Seat 4: Lucas_chav ($1.24 in chips) 
Seat 5: 1Asthma1 ($2.49 in chips) 
Seat 6: bañonrod ($2.16 in chips) 
Seat 7: Vijai Ronin ($3.24 in chips) 
Seat 8: Dorex2007 ($1.94 in chips) 
Seat 9: DoubleAngle314 ($2.30 in chips) 
bañonrod: posts small blind $0.01
Vijai Ronin: posts big blind $0.02
*** HOLE CARDS ***
Dealt to Dorex2007 [As Kd]
Dorex2007: raises $0.04 to $0.06
DoubleAngle314: folds 
bob4tier: folds 
gringhostil: folds 
gabs289: folds 
Lucas_chav: folds 
1Asthma1: folds 
bañonrod: folds 
Vijai Ronin: folds 
Uncalled bet ($0.04) returned to Dorex2007
Dorex2007 collected $0.05 from pot
Dorex2007: doesn't show hand 
*** SUMMARY ***
Total pot $0.05 | Rake $0 
Seat 1: bob4tier folded before Flop (didn't bet)
Seat 2: gringhostil folded before Flop (didn't bet)
Seat 3: gabs289 folded before Flop (didn't bet)
Seat 4: Lucas_chav folded before Flop (didn't bet)
Seat 5: 1Asthma1 (button) folded before Flop (didn't bet)
Seat 6: bañonrod (small blind) folded before Flop
Seat 7: Vijai Ronin (big blind) folded before Flop
Seat 8: Dorex2007 collected ($0.05)
Seat 9: DoubleAngle314 folded before Flop (didn't bet)



PokerStars Hand #227637184790:  Hold'em No Limit ($0.01/$0.02 USD) - 2021/06/16 19:20:30 PT [2021/06/16 22:20:30 ET]
Table 'Gase II' 9-max Seat #6 is the button
Seat 1: bob4tier ($1.36 in chips) 
Seat 2: gringhostil ($2.04 in chips) 
Seat 3: gabs289 ($2.11 in chips) 
Seat 4: Lucas_chav ($1.24 in chips) 
Seat 5: 1Asthma1 ($2.49 in chips) 
Seat 6: bañonrod ($2.15 in chips) 
Seat 7: Vijai Ronin ($3.22 in chips) 
Seat 8: Dorex2007 ($1.97 in chips) 
Seat 9: DoubleAngle314 ($2.30 in chips) 
Vijai Ronin: posts small blind $0.01
Dorex2007: posts big blind $0.02
*** HOLE CARDS ***
Dealt to Dorex2007 [As 2h]
DoubleAngle314: folds 
bob4tier: calls $0.02
gringhostil: calls $0.02
gabs289: folds 
Lucas_chav: folds 
1Asthma1: raises $0.08 to $0.10
bañonrod: folds 
Vijai Ronin: folds 
Dorex2007: folds 
bob4tier: calls $0.08
gringhostil: calls $0.08
*** FLOP *** [2s Qs 7h]
bob4tier: checks 
gringhostil: checks 
1Asthma1: checks 
*** TURN *** [2s Qs 7h] [8c]
bob4tier: checks 
gringhostil: checks 
1Asthma1: checks 
*** RIVER *** [2s Qs 7h 8c] [6s]
bob4tier: bets $0.16
gringhostil: folds 
1Asthma1: folds 
Uncalled bet ($0.16) returned to bob4tier
bob4tier collected $0.32 from pot
bob4tier: doesn't show hand 
*** SUMMARY ***
Total pot $0.33 | Rake $0.01 
Board [2s Qs 7h 8c 6s]
Seat 1: bob4tier collected ($0.32)
Seat 2: gringhostil folded on the River
Seat 3: gabs289 folded before Flop (didn't bet)
Seat 4: Lucas_chav folded before Flop (didn't bet)
Seat 5: 1Asthma1 folded on the River
Seat 6: bañonrod (button) folded before Flop (didn't bet)
Seat 7: Vijai Ronin (small blind) folded before Flop
Seat 8: Dorex2007 (big blind) folded before Flop
Seat 9: DoubleAngle314 folded before Flop (didn't bet)



PokerStars Hand #227637197755:  Hold'em No Limit ($0.01/$0.02 USD) - 2021/06/16 19:21:29 PT [2021/06/16 22:21:29 ET]
Table 'Gase II' 9-max Seat #7 is the button
Seat 1: bob4tier ($1.58 in chips) 
Seat 2: gringhostil ($1.94 in chips) 
Seat 3: gabs289 ($2.11 in chips) 
Seat 4: Lucas_chav ($1.24 in chips) 
Seat 5: 1Asthma1 ($2.39 in chips) 
Seat 6: bañonrod ($2.15 in chips) 
Seat 7: Vijai Ronin ($3.21 in chips) 
Seat 8: Dorex2007 ($1.95 in chips) 
Seat 9: DoubleAngle314 ($2.30 in chips) 
Dorex2007: posts small blind $0.01
DoubleAngle314: posts big blind $0.02
*** HOLE CARDS ***
Dealt to Dorex2007 [6h 7h]
bob4tier: folds 
gringhostil: folds 
gabs289: folds 
Lucas_chav: calls $0.02
1Asthma1: folds 
bañonrod: raises $0.04 to $0.06
Vijai Ronin: folds 
Dorex2007: calls $0.05
DoubleAngle314: folds 
Lucas_chav: folds 
*** FLOP *** [9d 6d 2h]
Dorex2007: bets $0.15
bañonrod: folds 
Uncalled bet ($0.15) returned to Dorex2007
Dorex2007 collected $0.15 from pot
Dorex2007: doesn't show hand 
*** SUMMARY ***
Total pot $0.16 | Rake $0.01 
Board [9d 6d 2h]
Seat 1: bob4tier folded before Flop (didn't bet)
Seat 2: gringhostil folded before Flop (didn't bet)
Seat 3: gabs289 folded before Flop (didn't bet)
Seat 4: Lucas_chav folded before Flop
Seat 5: 1Asthma1 folded before Flop (didn't bet)
Seat 6: bañonrod folded on the Flop
Seat 7: Vijai Ronin (button) folded before Flop (didn't bet)
Seat 8: Dorex2007 (small blind) collected ($0.15)
Seat 9: DoubleAngle314 (big blind) folded before Flop



PokerStars Hand #227637205789:  Hold'em No Limit ($0.01/$0.02 USD) - 2021/06/16 19:22:07 PT [2021/06/16 22:22:07 ET]
Table 'Gase II' 9-max Seat #8 is the button
Seat 1: bob4tier ($1.58 in chips) 
Seat 2: gringhostil ($1.94 in chips) 
Seat 3: gabs289 ($2.11 in chips) 
Seat 4: Lucas_chav ($1.22 in chips) 
Seat 5: 1Asthma1 ($2.39 in chips) 
Seat 6: bañonrod ($2.09 in chips) 
Seat 7: Vijai Ronin ($3.21 in chips) 
Seat 8: Dorex2007 ($2.04 in chips) 
Seat 9: DoubleAngle314 ($2.28 in chips) 
DoubleAngle314: posts small blind $0.01
bob4tier: posts big blind $0.02
*** HOLE CARDS ***
Dealt to Dorex2007 [7d 9d]
gringhostil: calls $0.02
gabs289: folds 
Lucas_chav: folds 
1Asthma1: folds 
bañonrod: calls $0.02
Vijai Ronin: folds 
Dorex2007: calls $0.02
DoubleAngle314: calls $0.01
bob4tier: checks 
*** FLOP *** [Kd 9c 7s]
DoubleAngle314: checks 
bob4tier: checks 
gringhostil: checks 
bañonrod: checks 
Dorex2007: bets $0.05
DoubleAngle314: folds 
bob4tier: folds 
gringhostil: folds 
bañonrod: calls $0.05
*** TURN *** [Kd 9c 7s] [Ts]
bañonrod: checks 
Dorex2007: bets $0.13
bañonrod: raises $0.15 to $0.28
Dorex2007: calls $0.15
*** RIVER *** [Kd 9c 7s Ts] [As]
bañonrod: bets $0.73
Dorex2007: calls $0.73
*** SHOW DOWN ***
bañonrod: shows [Jd Qs] (a straight, Ten to Ace)
Dorex2007: mucks hand 
bañonrod collected $2.14 from pot
*** SUMMARY ***
Total pot $2.22 | Rake $0.08 
Board [Kd 9c 7s Ts As]
Seat 1: bob4tier (big blind) folded on the Flop
Seat 2: gringhostil folded on the Flop
Seat 3: gabs289 folded before Flop (didn't bet)
Seat 4: Lucas_chav folded before Flop (didn't bet)
Seat 5: 1Asthma1 folded before Flop (didn't bet)
Seat 6: bañonrod showed [Jd Qs] and won ($2.14) with a straight, Ten to Ace
Seat 7: Vijai Ronin folded before Flop (didn't bet)
Seat 8: Dorex2007 (button) mucked [7d 9d]
Seat 9: DoubleAngle314 (small blind) folded on the Flop



PokerStars Hand #227637228625:  Hold'em No Limit ($0.01/$0.02 USD) - 2021/06/16 19:23:54 PT [2021/06/16 22:23:54 ET]
Table 'Gase II' 9-max Seat #9 is the button
Seat 1: bob4tier ($1.56 in chips) 
Seat 2: gringhostil ($1.92 in chips) 
Seat 3: gabs289 ($2.11 in chips) 
Seat 4: Lucas_chav ($1.22 in chips) 
Seat 5: 1Asthma1 ($2.39 in chips) 
Seat 6: bañonrod ($3.15 in chips) 
Seat 7: Vijai Ronin ($3.21 in chips) 
Seat 8: Dorex2007 ($0.96 in chips) 
Seat 9: DoubleAngle314 ($2.26 in chips) 
bob4tier: posts small blind $0.01
gringhostil: posts big blind $0.02
*** HOLE CARDS ***
Dealt to Dorex2007 [6s Ks]
gabs289: folds 
Lucas_chav: folds 
1Asthma1: folds 
bañonrod: calls $0.02
Vijai Ronin: folds 
Dorex2007: folds 
DoubleAngle314: folds 
bob4tier: calls $0.01
gringhostil: checks 
*** FLOP *** [7h 9c 6c]
bob4tier: checks 
gringhostil: bets $0.04
bañonrod: folds 
bob4tier: folds 
Uncalled bet ($0.04) returned to gringhostil
gringhostil collected $0.06 from pot
*** SUMMARY ***
Total pot $0.06 | Rake $0 
Board [7h 9c 6c]
Seat 1: bob4tier (small blind) folded on the Flop
Seat 2: gringhostil (big blind) collected ($0.06)
Seat 3: gabs289 folded before Flop (didn't bet)
Seat 4: Lucas_chav folded before Flop (didn't bet)
Seat 5: 1Asthma1 folded before Flop (didn't bet)
Seat 6: bañonrod folded on the Flop
Seat 7: Vijai Ronin folded before Flop (didn't bet)
Seat 8: Dorex2007 folded before Flop (didn't bet)
Seat 9: DoubleAngle314 (button) folded before Flop (didn't bet)



PokerStars Hand #227637239719:  Hold'em No Limit ($0.01/$0.02 USD) - 2021/06/16 19:24:46 PT [2021/06/16 22:24:46 ET]
Table 'Gase II' 9-max Seat #1 is the button
Seat 1: bob4tier ($1.54 in chips) 
Seat 2: gringhostil ($1.96 in chips) 
Seat 3: gabs289 ($2.11 in chips) 
Seat 4: Lucas_chav ($1.22 in chips) 
Seat 5: 1Asthma1 ($2.39 in chips) 
Seat 6: bañonrod ($3.13 in chips) 
Seat 7: Vijai Ronin ($3.21 in chips) 
Seat 8: Dorex2007 ($1.76 in chips) 
Seat 9: DoubleAngle314 ($2.26 in chips) 
gringhostil: posts small blind $0.01
gabs289: posts big blind $0.02
*** HOLE CARDS ***
Dealt to Dorex2007 [8d 2h]
Lucas_chav: folds 
1Asthma1: raises $0.04 to $0.06
bañonrod: folds 
Vijai Ronin: folds 
Dorex2007: folds 
DoubleAngle314: folds 
bob4tier: folds 
gringhostil: folds 
gabs289: calls $0.04
*** FLOP *** [3s 8h 3d]
gabs289: checks 
1Asthma1: bets $0.07
gabs289: raises $0.09 to $0.16
1Asthma1: calls $0.09
*** TURN *** [3s 8h 3d] [Qd]
gabs289: bets $0.22
1Asthma1: calls $0.22
*** RIVER *** [3s 8h 3d Qd] [7c]
gabs289: checks 
1Asthma1: bets $0.43
gabs289: folds 
Uncalled bet ($0.43) returned to 1Asthma1
1Asthma1 collected $0.86 from pot
1Asthma1: doesn't show hand 
*** SUMMARY ***
Total pot $0.89 | Rake $0.03 
Board [3s 8h 3d Qd 7c]
Seat 1: bob4tier (button) folded before Flop (didn't bet)
Seat 2: gringhostil (small blind) folded before Flop
Seat 3: gabs289 (big blind) folded on the River
Seat 4: Lucas_chav folded before Flop (didn't bet)
Seat 5: 1Asthma1 collected ($0.86)
Seat 6: bañonrod folded before Flop (didn't bet)
Seat 7: Vijai Ronin folded before Flop (didn't bet)
Seat 8: Dorex2007 folded before Flop (didn't bet)
Seat 9: DoubleAngle314 folded before Flop (didn't bet)



PokerStars Hand #227637249189:  Hold'em No Limit ($0.01/$0.02 USD) - 2021/06/16 19:25:30 PT [2021/06/16 22:25:30 ET]
Table 'Gase II' 9-max Seat #2 is the button
Seat 1: bob4tier ($1.54 in chips) 
Seat 2: gringhostil ($1.95 in chips) 
Seat 3: gabs289 ($1.67 in chips) 
Seat 4: Lucas_chav ($1.22 in chips) 
Seat 5: 1Asthma1 ($2.81 in chips) 
Seat 6: bañonrod ($3.13 in chips) 
Seat 7: Vijai Ronin ($3.21 in chips) 
Seat 8: Dorex2007 ($1.76 in chips) 
Seat 9: DoubleAngle314 ($2.26 in chips) 
gabs289: posts small blind $0.01
Lucas_chav: posts big blind $0.02
*** HOLE CARDS ***
Dealt to Dorex2007 [6s 9d]
1Asthma1: folds 
bañonrod: folds 
Vijai Ronin: raises $0.04 to $0.06
Dorex2007: folds 
DoubleAngle314: calls $0.06
bob4tier: folds 
gringhostil: folds 
gabs289: calls $0.05
Lucas_chav: folds 
*** FLOP *** [6c Th 6d]
gabs289: checks 
Vijai Ronin: checks 
DoubleAngle314: bets $0.14
gabs289: folds 
Vijai Ronin: folds 
Uncalled bet ($0.14) returned to DoubleAngle314
DoubleAngle314 collected $0.19 from pot
*** SUMMARY ***
Total pot $0.20 | Rake $0.01 
Board [6c Th 6d]
Seat 1: bob4tier folded before Flop (didn't bet)
Seat 2: gringhostil (button) folded before Flop (didn't bet)
Seat 3: gabs289 (small blind) folded on the Flop
Seat 4: Lucas_chav (big blind) folded before Flop
Seat 5: 1Asthma1 folded before Flop (didn't bet)
Seat 6: bañonrod folded before Flop (didn't bet)
Seat 7: Vijai Ronin folded on the Flop
Seat 8: Dorex2007 folded before Flop (didn't bet)
Seat 9: DoubleAngle314 collected ($0.19)



PokerStars Hand #227637258546:  Hold'em No Limit ($0.01/$0.02 USD) - 2021/06/16 19:26:15 PT [2021/06/16 22:26:15 ET]
Table 'Gase II' 9-max Seat #3 is the button
Seat 1: bob4tier ($1.54 in chips) 
Seat 2: gringhostil ($1.95 in chips) 
Seat 3: gabs289 ($1.61 in chips) 
Seat 4: Lucas_chav ($1.20 in chips) 
Seat 5: 1Asthma1 ($2.81 in chips) 
Seat 6: bañonrod ($3.13 in chips) 
Seat 7: Vijai Ronin ($3.15 in chips) 
Seat 8: Dorex2007 ($1.76 in chips) 
Seat 9: DoubleAngle314 ($2.39 in chips) 
Lucas_chav: posts small blind $0.01
1Asthma1: posts big blind $0.02
*** HOLE CARDS ***
Dealt to Dorex2007 [6s 4d]
bañonrod: folds 
Vijai Ronin has timed out
Vijai Ronin: folds 
Dorex2007: folds 
DoubleAngle314: raises $0.04 to $0.06
bob4tier: folds 
gringhostil: folds 
gabs289: folds 
Lucas_chav: calls $0.05
1Asthma1: folds 
*** FLOP *** [Kc 5d 3h]
Lucas_chav: bets $0.07
DoubleAngle314: calls $0.07
*** TURN *** [Kc 5d 3h] [Ks]
Lucas_chav: bets $0.14
DoubleAngle314: folds 
Uncalled bet ($0.14) returned to Lucas_chav
Lucas_chav collected $0.27 from pot
*** SUMMARY ***
Total pot $0.28 | Rake $0.01 
Board [Kc 5d 3h Ks]
Seat 1: bob4tier folded before Flop (didn't bet)
Seat 2: gringhostil folded before Flop (didn't bet)
Seat 3: gabs289 (button) folded before Flop (didn't bet)
Seat 4: Lucas_chav (small blind) collected ($0.27)
Seat 5: 1Asthma1 (big blind) folded before Flop
Seat 6: bañonrod folded before Flop (didn't bet)
Seat 7: Vijai Ronin folded before Flop (didn't bet)
Seat 8: Dorex2007 folded before Flop (didn't bet)
Seat 9: DoubleAngle314 folded on the Turn



PokerStars Hand #227637269458:  Hold'em No Limit ($0.01/$0.02 USD) - 2021/06/16 19:27:07 PT [2021/06/16 22:27:07 ET]
Table 'Gase II' 9-max Seat #4 is the button
Seat 1: bob4tier ($1.54 in chips) 
Seat 2: gringhostil ($1.95 in chips) 
Seat 3: gabs289 ($1.61 in chips) 
Seat 4: Lucas_chav ($1.34 in chips) 
Seat 5: 1Asthma1 ($2.79 in chips) 
Seat 6: bañonrod ($3.13 in chips) 
Seat 7: Vijai Ronin ($3.15 in chips) 
Seat 8: Dorex2007 ($1.76 in chips) 
Seat 9: DoubleAngle314 ($2.26 in chips) 
1Asthma1: posts small blind $0.01
bañonrod: posts big blind $0.02
*** HOLE CARDS ***
Dealt to Dorex2007 [4h 2s]
Vijai Ronin: folds 
Dorex2007: folds 
DoubleAngle314: folds 
bob4tier: folds 
gringhostil: raises $0.04 to $0.06
gabs289: folds 
Lucas_chav: folds 
1Asthma1: folds 
bañonrod: calls $0.04
*** FLOP *** [Qc 4d 5s]
bañonrod: checks 
gringhostil: bets $0.10
bañonrod: calls $0.10
*** TURN *** [Qc 4d 5s] [8h]
bañonrod: checks 
gringhostil: bets $0.26
bañonrod: calls $0.26
*** RIVER *** [Qc 4d 5s 8h] [9c]
bañonrod: checks 
gringhostil: checks 
*** SHOW DOWN ***
bañonrod: shows [Qh Kc] (a pair of Queens)
gringhostil: mucks hand 
bañonrod collected $0.82 from pot
*** SUMMARY ***
Total pot $0.85 | Rake $0.03 
Board [Qc 4d 5s 8h 9c]
Seat 1: bob4tier folded before Flop (didn't bet)
Seat 2: gringhostil mucked [Qd 6d]
Seat 3: gabs289 folded before Flop (didn't bet)
Seat 4: Lucas_chav (button) folded before Flop (didn't bet)
Seat 5: 1Asthma1 (small blind) folded before Flop
Seat 6: bañonrod (big blind) showed [Qh Kc] and won ($0.82) with a pair of Queens
Seat 7: Vijai Ronin folded before Flop (didn't bet)
Seat 8: Dorex2007 folded before Flop (didn't bet)
Seat 9: DoubleAngle314 folded before Flop (didn't bet)



PokerStars Hand #227637293415:  Hold'em No Limit ($0.01/$0.02 USD) - 2021/06/16 19:28:15 PT [2021/06/16 22:28:15 ET]
Table 'Gase II' 9-max Seat #5 is the button
Seat 1: bob4tier ($1.54 in chips) 
Seat 2: gringhostil ($1.53 in chips) 
Seat 3: gabs289 ($1.61 in chips) 
Seat 4: Lucas_chav ($1.34 in chips) 
Seat 5: 1Asthma1 ($2.78 in chips) 
Seat 6: bañonrod ($3.53 in chips) 
Seat 7: Vijai Ronin ($3.15 in chips) 
Seat 8: Dorex2007 ($1.76 in chips) 
Seat 9: DoubleAngle314 ($2.26 in chips) 
bañonrod: posts small blind $0.01
Vijai Ronin: posts big blind $0.02
*** HOLE CARDS ***
Dealt to Dorex2007 [Ad Qc]
Dorex2007: raises $0.04 to $0.06
DoubleAngle314: folds 
bob4tier: folds 
gringhostil: folds 
gabs289: calls $0.06
Lucas_chav: folds 
1Asthma1: folds 
bañonrod: calls $0.05
Vijai Ronin: folds 
*** FLOP *** [Qs 9c 3s]
bañonrod: checks 
Dorex2007: bets $0.10
gabs289: folds 
gabs289 leaves the table
bañonrod: folds 
Uncalled bet ($0.10) returned to Dorex2007
Dorex2007 collected $0.19 from pot
Dorex2007: doesn't show hand 
*** SUMMARY ***
Total pot $0.20 | Rake $0.01 
Board [Qs 9c 3s]
Seat 1: bob4tier folded before Flop (didn't bet)
Seat 2: gringhostil folded before Flop (didn't bet)
Seat 3: gabs289 folded on the Flop
Seat 4: Lucas_chav folded before Flop (didn't bet)
Seat 5: 1Asthma1 (button) folded before Flop (didn't bet)
Seat 6: bañonrod (small blind) folded on the Flop
Seat 7: Vijai Ronin (big blind) folded before Flop
Seat 8: Dorex2007 collected ($0.19)
Seat 9: DoubleAngle314 folded before Flop (didn't bet)



PokerStars Hand #227637305063:  Hold'em No Limit ($0.01/$0.02 USD) - 2021/06/16 19:29:10 PT [2021/06/16 22:29:10 ET]
Table 'Gase II' 9-max Seat #6 is the button
Seat 1: bob4tier ($1.54 in chips) 
Seat 2: gringhostil ($1.53 in chips) 
Seat 4: Lucas_chav ($1.34 in chips) 
Seat 5: 1Asthma1 ($2.78 in chips) 
Seat 6: bañonrod ($3.47 in chips) 
Seat 7: Vijai Ronin ($3.13 in chips) 
Seat 8: Dorex2007 ($1.89 in chips) 
Seat 9: DoubleAngle314 ($2.26 in chips) 
Vijai Ronin: posts small blind $0.01
Dorex2007: posts big blind $0.02
*** HOLE CARDS ***
Dealt to Dorex2007 [Ah 5h]
DoubleAngle314: folds 
bob4tier: folds 
gringhostil: folds 
BAHbKA003 joins the table at seat #3 
Lucas_chav: folds 
1Asthma1: folds 
bañonrod: raises $0.04 to $0.06
Vijai Ronin: folds 
Dorex2007: calls $0.04
*** FLOP *** [Tc 2h 4s]
Dorex2007: checks 
bañonrod: checks 
*** TURN *** [Tc 2h 4s] [4h]
Dorex2007: bets $0.13
bañonrod: folds 
Uncalled bet ($0.13) returned to Dorex2007
Dorex2007 collected $0.13 from pot
Dorex2007: doesn't show hand 
*** SUMMARY ***
Total pot $0.13 | Rake $0 
Board [Tc 2h 4s 4h]
Seat 1: bob4tier folded before Flop (didn't bet)
Seat 2: gringhostil folded before Flop (didn't bet)
Seat 4: Lucas_chav folded before Flop (didn't bet)
Seat 5: 1Asthma1 folded before Flop (didn't bet)
Seat 6: bañonrod (button) folded on the Turn
Seat 7: Vijai Ronin (small blind) folded before Flop
Seat 8: Dorex2007 (big blind) collected ($0.13)
Seat 9: DoubleAngle314 folded before Flop (didn't bet)



PokerStars Hand #227637317763:  Hold'em No Limit ($0.01/$0.02 USD) - 2021/06/16 19:30:10 PT [2021/06/16 22:30:10 ET]
Table 'Gase II' 9-max Seat #7 is the button
Seat 1: bob4tier ($1.54 in chips) 
Seat 2: gringhostil ($1.53 in chips) 
Seat 3: BAHbKA003 ($2 in chips) 
Seat 4: Lucas_chav ($1.34 in chips) 
Seat 5: 1Asthma1 ($2.78 in chips) 
Seat 6: bañonrod ($3.41 in chips) 
Seat 7: Vijai Ronin ($3.12 in chips) 
Seat 8: Dorex2007 ($1.96 in chips) 
Seat 9: DoubleAngle314 ($2.26 in chips) 
Dorex2007: posts small blind $0.01
DoubleAngle314: posts big blind $0.02
BAHbKA003: posts big blind $0.02
*** HOLE CARDS ***
Dealt to Dorex2007 [5c 5s]
bob4tier: folds 
gringhostil: folds 
BAHbKA003: checks 
Lucas_chav: raises $0.02 to $0.04
1Asthma1: folds 
bañonrod: calls $0.04
Vijai Ronin: folds 
Dorex2007: calls $0.03
DoubleAngle314: folds 
BAHbKA003: folds 
*** FLOP *** [3c 5d 2h]
Dorex2007: checks 
Lucas_chav: checks 
bañonrod: checks 
*** TURN *** [3c 5d 2h] [Qh]
Dorex2007: checks 
Lucas_chav: checks 
bañonrod: checks 
*** RIVER *** [3c 5d 2h Qh] [4s]
Dorex2007: checks 
Lucas_chav: checks 
bañonrod: checks 
*** SHOW DOWN ***
Dorex2007: shows [5c 5s] (three of a kind, Fives)
Lucas_chav: shows [Jc Ac] (a straight, Ace to Five)
bañonrod: mucks hand 
Lucas_chav collected $0.15 from pot
*** SUMMARY ***
Total pot $0.16 | Rake $0.01 
Board [3c 5d 2h Qh 4s]
Seat 1: bob4tier folded before Flop (didn't bet)
Seat 2: gringhostil folded before Flop (didn't bet)
Seat 3: BAHbKA003 folded before Flop (didn't bet)
Seat 4: Lucas_chav showed [Jc Ac] and won ($0.15) with a straight, Ace to Five
Seat 5: 1Asthma1 folded before Flop (didn't bet)
Seat 6: bañonrod mucked [Kh Js]
Seat 7: Vijai Ronin (button) folded before Flop (didn't bet)
Seat 8: Dorex2007 (small blind) showed [5c 5s] and lost with three of a kind, Fives
Seat 9: DoubleAngle314 (big blind) folded before Flop



PokerStars Hand #227637336338:  Hold'em No Limit ($0.01/$0.02 USD) - 2021/06/16 19:31:39 PT [2021/06/16 22:31:39 ET]
Table 'Gase II' 9-max Seat #8 is the button
Seat 1: bob4tier ($1.54 in chips) 
Seat 2: gringhostil ($1.53 in chips) 
Seat 3: BAHbKA003 ($1.98 in chips) 
Seat 4: Lucas_chav ($1.45 in chips) 
Seat 5: 1Asthma1 ($2.78 in chips) 
Seat 6: bañonrod ($3.37 in chips) 
Seat 7: Vijai Ronin ($3.12 in chips) 
Seat 8: Dorex2007 ($1.92 in chips) 
Seat 9: DoubleAngle314 ($2.24 in chips) 
DoubleAngle314: posts small blind $0.01
bob4tier: posts big blind $0.02
*** HOLE CARDS ***
Dealt to Dorex2007 [2d 7c]
gringhostil: calls $0.02
BAHbKA003: folds 
Lucas_chav: folds 
1Asthma1: folds 
bañonrod: folds 
Vijai Ronin: folds 
Dorex2007: folds 
DoubleAngle314: calls $0.01
bob4tier: raises $0.08 to $0.10
gringhostil: calls $0.08
DoubleAngle314: folds 
*** FLOP *** [4h Qh 5d]
bob4tier: bets $0.21
gringhostil: folds 
Uncalled bet ($0.21) returned to bob4tier
bob4tier collected $0.21 from pot
bob4tier: doesn't show hand 
*** SUMMARY ***
Total pot $0.22 | Rake $0.01 
Board [4h Qh 5d]
Seat 1: bob4tier (big blind) collected ($0.21)
Seat 2: gringhostil folded on the Flop
Seat 3: BAHbKA003 folded before Flop (didn't bet)
Seat 4: Lucas_chav folded before Flop (didn't bet)
Seat 5: 1Asthma1 folded before Flop (didn't bet)
Seat 6: bañonrod folded before Flop (didn't bet)
Seat 7: Vijai Ronin folded before Flop (didn't bet)
Seat 8: Dorex2007 (button) folded before Flop (didn't bet)
Seat 9: DoubleAngle314 (small blind) folded before Flop



PokerStars Hand #227637353641:  Hold'em No Limit ($0.01/$0.02 USD) - 2021/06/16 19:32:19 PT [2021/06/16 22:32:19 ET]
Table 'Gase II' 9-max Seat #9 is the button
Seat 1: bob4tier ($1.65 in chips) 
Seat 2: gringhostil ($1.43 in chips) 
Seat 3: BAHbKA003 ($1.98 in chips) 
Seat 4: Lucas_chav ($1.45 in chips) 
Seat 5: 1Asthma1 ($2.78 in chips) 
Seat 6: bañonrod ($3.37 in chips) 
Seat 7: Vijai Ronin ($3.12 in chips) 
Seat 8: Dorex2007 ($1.92 in chips) 
Seat 9: DoubleAngle314 ($2.22 in chips) 
bob4tier: posts small blind $0.01
gringhostil: posts big blind $0.02
*** HOLE CARDS ***
Dealt to Dorex2007 [3h 7s]
BAHbKA003: folds 
Lucas_chav: calls $0.02
1Asthma1: folds 
bañonrod: folds 
Vijai Ronin: folds 
Dorex2007: folds 
DoubleAngle314: calls $0.02
bob4tier: raises $0.08 to $0.10
gringhostil: folds 
Lucas_chav: folds 
DoubleAngle314: folds 
Uncalled bet ($0.08) returned to bob4tier
bob4tier collected $0.08 from pot
bob4tier: doesn't show hand 
*** SUMMARY ***
Total pot $0.08 | Rake $0 
Seat 1: bob4tier (small blind) collected ($0.08)
Seat 2: gringhostil (big blind) folded before Flop
Seat 3: BAHbKA003 folded before Flop (didn't bet)
Seat 4: Lucas_chav folded before Flop
Seat 5: 1Asthma1 folded before Flop (didn't bet)
Seat 6: bañonrod folded before Flop (didn't bet)
Seat 7: Vijai Ronin folded before Flop (didn't bet)
Seat 8: Dorex2007 folded before Flop (didn't bet)
Seat 9: DoubleAngle314 (button) folded before Flop



PokerStars Hand #227637360873:  Hold'em No Limit ($0.01/$0.02 USD) - 2021/06/16 19:32:53 PT [2021/06/16 22:32:53 ET]
Table 'Gase II' 9-max Seat #1 is the button
Seat 1: bob4tier ($1.71 in chips) 
Seat 2: gringhostil ($1.41 in chips) 
Seat 3: BAHbKA003 ($1.98 in chips) 
Seat 4: Lucas_chav ($1.43 in chips) 
Seat 5: 1Asthma1 ($2.78 in chips) 
Seat 6: bañonrod ($3.37 in chips) 
Seat 7: Vijai Ronin ($3.12 in chips) 
Seat 8: Dorex2007 ($1.92 in chips) 
Seat 9: DoubleAngle314 ($2.20 in chips) 
gringhostil: posts small blind $0.01
BAHbKA003: posts big blind $0.02
*** HOLE CARDS ***
Dealt to Dorex2007 [Th 9c]
Lucas_chav: folds 
1Asthma1: folds 
bañonrod: folds 
Vijai Ronin: folds 
Dorex2007: folds 
DoubleAngle314: folds 
bob4tier: folds 
gringhostil: calls $0.01
BAHbKA003: raises $0.04 to $0.06
gringhostil: calls $0.04
*** FLOP *** [5d 8d 4d]
gringhostil: checks 
BAHbKA003: bets $0.08
gringhostil: calls $0.08
*** TURN *** [5d 8d 4d] [6d]
gringhostil: checks 
BAHbKA003: checks 
*** RIVER *** [5d 8d 4d 6d] [Qc]
gringhostil: bets $0.27
BAHbKA003: calls $0.27
*** SHOW DOWN ***
gringhostil: shows [4c Qh] (two pair, Queens and Fours)
BAHbKA003: shows [6s 7c] (a straight, Four to Eight)
BAHbKA003 collected $0.79 from pot
*** SUMMARY ***
Total pot $0.82 | Rake $0.03 
Board [5d 8d 4d 6d Qc]
Seat 1: bob4tier (button) folded before Flop (didn't bet)
Seat 2: gringhostil (small blind) showed [4c Qh] and lost with two pair, Queens and Fours
Seat 3: BAHbKA003 (big blind) showed [6s 7c] and won ($0.79) with a straight, Four to Eight
Seat 4: Lucas_chav folded before Flop (didn't bet)
Seat 5: 1Asthma1 folded before Flop (didn't bet)
Seat 6: bañonrod folded before Flop (didn't bet)
Seat 7: Vijai Ronin folded before Flop (didn't bet)
Seat 8: Dorex2007 folded before Flop (didn't bet)
Seat 9: DoubleAngle314 folded before Flop (didn't bet)



PokerStars Hand #227637370364:  Hold'em No Limit ($0.01/$0.02 USD) - 2021/06/16 19:33:38 PT [2021/06/16 22:33:38 ET]
Table 'Gase II' 9-max Seat #2 is the button
Seat 1: bob4tier ($1.71 in chips) 
Seat 2: gringhostil ($1 in chips) 
Seat 3: BAHbKA003 ($2.36 in chips) 
Seat 4: Lucas_chav ($1.43 in chips) 
Seat 5: 1Asthma1 ($2.78 in chips) 
Seat 6: bañonrod ($3.37 in chips) 
Seat 7: Vijai Ronin ($3.12 in chips) 
Seat 8: Dorex2007 ($1.92 in chips) 
Seat 9: DoubleAngle314 ($2.20 in chips) 
BAHbKA003: posts small blind $0.01
Lucas_chav: posts big blind $0.02
*** HOLE CARDS ***
Dealt to Dorex2007 [6h 9c]
1Asthma1: folds 
bañonrod: folds 
Vijai Ronin: folds 
Dorex2007: folds 
DoubleAngle314: raises $0.04 to $0.06
bob4tier: folds 
gringhostil: folds 
BAHbKA003: calls $0.05
Lucas_chav: calls $0.04
*** FLOP *** [Kc 7c 5s]
BAHbKA003: checks 
Lucas_chav: checks 
DoubleAngle314: checks 
*** TURN *** [Kc 7c 5s] [6c]
BAHbKA003: checks 
Lucas_chav: checks 
DoubleAngle314: checks 
*** RIVER *** [Kc 7c 5s 6c] [3c]
BAHbKA003: bets $0.11
Lucas_chav: folds 
DoubleAngle314: folds 
Uncalled bet ($0.11) returned to BAHbKA003
BAHbKA003 collected $0.17 from pot
BAHbKA003: doesn't show hand 
*** SUMMARY ***
Total pot $0.18 | Rake $0.01 
Board [Kc 7c 5s 6c 3c]
Seat 1: bob4tier folded before Flop (didn't bet)
Seat 2: gringhostil (button) folded before Flop (didn't bet)
Seat 3: BAHbKA003 (small blind) collected ($0.17)
Seat 4: Lucas_chav (big blind) folded on the River
Seat 5: 1Asthma1 folded before Flop (didn't bet)
Seat 6: bañonrod folded before Flop (didn't bet)
Seat 7: Vijai Ronin folded before Flop (didn't bet)
Seat 8: Dorex2007 folded before Flop (didn't bet)
Seat 9: DoubleAngle314 folded on the River



PokerStars Hand #227637381716:  Hold'em No Limit ($0.01/$0.02 USD) - 2021/06/16 19:34:34 PT [2021/06/16 22:34:34 ET]
Table 'Gase II' 9-max Seat #3 is the button
Seat 1: bob4tier ($1.71 in chips) 
Seat 2: gringhostil ($1 in chips) 
Seat 3: BAHbKA003 ($2.47 in chips) 
Seat 4: Lucas_chav ($1.37 in chips) 
Seat 5: 1Asthma1 ($2.78 in chips) 
Seat 6: bañonrod ($3.37 in chips) 
Seat 7: Vijai Ronin ($3.12 in chips) 
Seat 8: Dorex2007 ($1.92 in chips) 
Seat 9: DoubleAngle314 ($2.14 in chips) 
Lucas_chav: posts small blind $0.01
1Asthma1: posts big blind $0.02
*** HOLE CARDS ***
Dealt to Dorex2007 [Qc As]
bañonrod: folds 
Vijai Ronin: folds 
Dorex2007: raises $0.04 to $0.06
DoubleAngle314: calls $0.06
bob4tier: calls $0.06
gringhostil: folds 
BAHbKA003: calls $0.06
Lucas_chav: folds 
1Asthma1: folds 
*** FLOP *** [3c 9d Ac]
Dorex2007: checks 
DoubleAngle314: checks 
bob4tier: checks 
BAHbKA003: bets $0.17
Dorex2007: calls $0.17
DoubleAngle314: folds 
bob4tier: folds 
*** TURN *** [3c 9d Ac] [7s]
Dorex2007: bets $0.30
BAHbKA003: folds 
Uncalled bet ($0.30) returned to Dorex2007
Dorex2007 collected $0.59 from pot
Dorex2007: doesn't show hand 
*** SUMMARY ***
Total pot $0.61 | Rake $0.02 
Board [3c 9d Ac 7s]
Seat 1: bob4tier folded on the Flop
Seat 2: gringhostil folded before Flop (didn't bet)
Seat 3: BAHbKA003 (button) folded on the Turn
Seat 4: Lucas_chav (small blind) folded before Flop
Seat 5: 1Asthma1 (big blind) folded before Flop
Seat 6: bañonrod folded before Flop (didn't bet)
Seat 7: Vijai Ronin folded before Flop (didn't bet)
Seat 8: Dorex2007 collected ($0.59)
Seat 9: DoubleAngle314 folded on the Flop



PokerStars Hand #227637392763:  Hold'em No Limit ($0.01/$0.02 USD) - 2021/06/16 19:35:27 PT [2021/06/16 22:35:27 ET]
Table 'Gase II' 9-max Seat #4 is the button
Seat 1: bob4tier ($1.65 in chips) 
Seat 2: gringhostil ($1 in chips) 
Seat 3: BAHbKA003 ($2.24 in chips) 
Seat 4: Lucas_chav ($1.36 in chips) 
Seat 5: 1Asthma1 ($2.76 in chips) 
Seat 7: Vijai Ronin ($3.12 in chips) 
Seat 8: Dorex2007 ($2.28 in chips) 
Seat 9: DoubleAngle314 ($2.08 in chips) 
1Asthma1: posts small blind $0.01
bañonrod: is sitting out 
Vijai Ronin: posts big blind $0.02
*** HOLE CARDS ***
Dealt to Dorex2007 [2s Th]
bañonrod leaves the table
Dorex2007: folds 
DoubleAngle314: folds 
bob4tier: folds 
gringhostil: folds 
BAHbKA003: raises $0.04 to $0.06
Lucas_chav: folds 
1Asthma1: folds 
Vijai Ronin: folds 
Uncalled bet ($0.04) returned to BAHbKA003
BAHbKA003 collected $0.05 from pot
BAHbKA003: doesn't show hand 
*** SUMMARY ***
Total pot $0.05 | Rake $0 
Seat 1: bob4tier folded before Flop (didn't bet)
Seat 2: gringhostil folded before Flop (didn't bet)
Seat 3: BAHbKA003 collected ($0.05)
Seat 4: Lucas_chav (button) folded before Flop (didn't bet)
Seat 5: 1Asthma1 (small blind) folded before Flop
Seat 7: Vijai Ronin (big blind) folded before Flop
Seat 8: Dorex2007 folded before Flop (didn't bet)
Seat 9: DoubleAngle314 folded before Flop (didn't bet)



PokerStars Hand #227637397542:  Hold'em No Limit ($0.01/$0.02 USD) - 2021/06/16 19:35:49 PT [2021/06/16 22:35:49 ET]
Table 'Gase II' 9-max Seat #5 is the button
Seat 1: bob4tier ($1.65 in chips) 
Seat 2: gringhostil ($1 in chips) 
Seat 3: BAHbKA003 ($2.27 in chips) 
Seat 4: Lucas_chav ($1.36 in chips) 
Seat 5: 1Asthma1 ($2.75 in chips) 
Seat 7: Vijai Ronin ($3.10 in chips) 
Seat 8: Dorex2007 ($2.28 in chips) 
Seat 9: DoubleAngle314 ($2.08 in chips) 
Vijai Ronin: posts small blind $0.01
Dorex2007: posts big blind $0.02
*** HOLE CARDS ***
Dealt to Dorex2007 [Jh 9c]
DoubleAngle314: folds 
bob4tier: folds 
gringhostil: folds 
BAHbKA003: calls $0.02
Lucas_chav: folds 
1Asthma1: folds 
Vijai Ronin: folds 
Dorex2007: checks 
*** FLOP *** [Qs 4h 6h]
Dorex2007: checks 
BAHbKA003: bets $0.03
Dorex2007: folds 
Uncalled bet ($0.03) returned to BAHbKA003
BAHbKA003 collected $0.05 from pot
BAHbKA003: doesn't show hand 
*** SUMMARY ***
Total pot $0.05 | Rake $0 
Board [Qs 4h 6h]
Seat 1: bob4tier folded before Flop (didn't bet)
Seat 2: gringhostil folded before Flop (didn't bet)
Seat 3: BAHbKA003 collected ($0.05)
Seat 4: Lucas_chav folded before Flop (didn't bet)
Seat 5: 1Asthma1 (button) folded before Flop (didn't bet)
Seat 7: Vijai Ronin (small blind) folded before Flop
Seat 8: Dorex2007 (big blind) folded on the Flop
Seat 9: DoubleAngle314 folded before Flop (didn't bet)



PokerStars Hand #227637404316:  Hold'em No Limit ($0.01/$0.02 USD) - 2021/06/16 19:36:22 PT [2021/06/16 22:36:22 ET]
Table 'Gase II' 9-max Seat #7 is the button
Seat 1: bob4tier ($1.65 in chips) 
Seat 2: gringhostil ($1 in chips) 
Seat 3: BAHbKA003 ($2.30 in chips) 
Seat 4: Lucas_chav ($1.36 in chips) 
Seat 5: 1Asthma1 ($2.75 in chips) 
Seat 7: Vijai Ronin ($3.09 in chips) 
Seat 8: Dorex2007 ($2.26 in chips) 
Seat 9: DoubleAngle314 ($2.08 in chips) 
Dorex2007: posts small blind $0.01
DoubleAngle314: posts big blind $0.02
*** HOLE CARDS ***
Dealt to Dorex2007 [3d Qc]
bob4tier: folds 
gringhostil: calls $0.02
BAHbKA003: calls $0.02
Lucas_chav: calls $0.02
1Asthma1: folds 
Vijai Ronin: raises $0.12 to $0.14
Dorex2007: folds 
DoubleAngle314: folds 
gringhostil: calls $0.12
BAHbKA003: calls $0.12
Chicão36 joins the table at seat #6 
Lucas_chav: folds 
*** FLOP *** [9s 7s Js]
gringhostil: checks 
BAHbKA003: bets $0.34
Vijai Ronin: calls $0.34
gringhostil: folds 
*** TURN *** [9s 7s Js] [Kh]
BAHbKA003: checks 
Vijai Ronin: bets $0.94
BAHbKA003: calls $0.94
*** RIVER *** [9s 7s Js Kh] [8s]
BAHbKA003: checks 
Vijai Ronin: bets $1.67 and is all-in
BAHbKA003: folds 
Uncalled bet ($1.67) returned to Vijai Ronin
Vijai Ronin collected $2.92 from pot
Vijai Ronin: doesn't show hand 
*** SUMMARY ***
Total pot $3.03 | Rake $0.11 
Board [9s 7s Js Kh 8s]
Seat 1: bob4tier folded before Flop (didn't bet)
Seat 2: gringhostil folded on the Flop
Seat 3: BAHbKA003 folded on the River
Seat 4: Lucas_chav folded before Flop
Seat 5: 1Asthma1 folded before Flop (didn't bet)
Seat 7: Vijai Ronin (button) collected ($2.92)
Seat 8: Dorex2007 (small blind) folded before Flop
Seat 9: DoubleAngle314 (big blind) folded before Flop



PokerStars Hand #227637424293:  Hold'em No Limit ($0.01/$0.02 USD) - 2021/06/16 19:37:59 PT [2021/06/16 22:37:59 ET]
Table 'Gase II' 9-max Seat #8 is the button
Seat 2: gringhostil ($0.86 in chips) 
Seat 3: BAHbKA003 ($0.88 in chips) 
Seat 4: Lucas_chav ($1.34 in chips) 
Seat 5: 1Asthma1 ($2.75 in chips) 
Seat 6: Chicão36 ($0.80 in chips) 
Seat 7: Vijai Ronin ($4.59 in chips) 
Seat 8: Dorex2007 ($2.25 in chips) 
Seat 9: DoubleAngle314 ($2.06 in chips) 
DoubleAngle314: posts small blind $0.01
bob4tier: is sitting out 
gringhostil: posts big blind $0.02
Chicão36: posts big blind $0.02
*** HOLE CARDS ***
Dealt to Dorex2007 [8h Td]
bob4tier leaves the table
BAHbKA003: folds 
Lucas_chav: folds 
1Asthma1: raises $0.06 to $0.08
Chicão36: folds 
Vijai Ronin: raises $0.18 to $0.26
Dorex2007: folds 
DoubleAngle314: folds 
gringhostil: folds 
1Asthma1: folds 
Uncalled bet ($0.18) returned to Vijai Ronin
Vijai Ronin collected $0.21 from pot
Vijai Ronin: doesn't show hand 
*** SUMMARY ***
Total pot $0.21 | Rake $0 
Seat 2: gringhostil (big blind) folded before Flop
Seat 3: BAHbKA003 folded before Flop (didn't bet)
Seat 4: Lucas_chav folded before Flop (didn't bet)
Seat 5: 1Asthma1 folded before Flop
Seat 6: Chicão36 folded before Flop (didn't bet)
Seat 7: Vijai Ronin collected ($0.21)
Seat 8: Dorex2007 (button) folded before Flop (didn't bet)
Seat 9: DoubleAngle314 (small blind) folded before Flop



PokerStars Hand #227637431853:  Hold'em No Limit ($0.01/$0.02 USD) - 2021/06/16 19:38:36 PT [2021/06/16 22:38:36 ET]
Table 'Gase II' 9-max Seat #9 is the button
Seat 2: gringhostil ($0.84 in chips) 
Seat 3: BAHbKA003 ($2 in chips) 
Seat 4: Lucas_chav ($1.34 in chips) 
Seat 5: 1Asthma1 ($2.67 in chips) 
Seat 6: Chicão36 ($0.78 in chips) 
Seat 7: Vijai Ronin ($4.72 in chips) 
Seat 8: Dorex2007 ($2.25 in chips) 
Seat 9: DoubleAngle314 ($2.05 in chips) 
gringhostil: posts small blind $0.01
BAHbKA003: posts big blind $0.02
*** HOLE CARDS ***
Dealt to Dorex2007 [Jc 6h]
Lucas_chav: folds 
1Asthma1: folds 
Chicão36: calls $0.02
Vijai Ronin: folds 
Dorex2007: folds 
DoubleAngle314: raises $0.04 to $0.06
gringhostil: folds 
BAHbKA003: folds 
Chicão36: calls $0.04
*** FLOP *** [2c Kc Kh]
Chicão36: bets $0.02
DoubleAngle314: folds 
Uncalled bet ($0.02) returned to Chicão36
Chicão36 collected $0.14 from pot
Chicão36: doesn't show hand 
*** SUMMARY ***
Total pot $0.15 | Rake $0.01 
Board [2c Kc Kh]
Seat 2: gringhostil (small blind) folded before Flop
Seat 3: BAHbKA003 (big blind) folded before Flop
Seat 4: Lucas_chav folded before Flop (didn't bet)
Seat 5: 1Asthma1 folded before Flop (didn't bet)
Seat 6: Chicão36 collected ($0.14)
Seat 7: Vijai Ronin folded before Flop (didn't bet)
Seat 8: Dorex2007 folded before Flop (didn't bet)
Seat 9: DoubleAngle314 (button) folded on the Flop



PokerStars Hand #227637439845:  Hold'em No Limit ($0.01/$0.02 USD) - 2021/06/16 19:39:15 PT [2021/06/16 22:39:15 ET]
Table 'Gase II' 9-max Seat #2 is the button
Seat 2: gringhostil ($0.83 in chips) 
Seat 3: BAHbKA003 ($1.98 in chips) 
Seat 4: Lucas_chav ($1.34 in chips) 
Seat 5: 1Asthma1 ($2.67 in chips) 
Seat 6: Chicão36 ($0.86 in chips) 
Seat 7: Vijai Ronin ($4.72 in chips) 
Seat 8: Dorex2007 ($2.25 in chips) 
Seat 9: DoubleAngle314 ($1.99 in chips) 
BAHbKA003: posts small blind $0.01
Lucas_chav: posts big blind $0.02
*** HOLE CARDS ***
Dealt to Dorex2007 [8c 2s]
1Asthma1: folds 
Chicão36: calls $0.02
Vijai Ronin: folds 
Dorex2007: folds 
DoubleAngle314: raises $0.04 to $0.06
gringhostil: folds 
BAHbKA003: folds 
Lucas_chav: folds 
Chicão36: calls $0.04
*** FLOP *** [Qs 8s 4h]
Chicão36: checks 
DoubleAngle314: bets $0.07
marjimgon joins the table at seat #1 
Chicão36: calls $0.07
*** TURN *** [Qs 8s 4h] [9d]
Chicão36: checks 
DoubleAngle314: checks 
*** RIVER *** [Qs 8s 4h 9d] [Jh]
Chicão36: bets $0.14
DoubleAngle314: raises $1.72 to $1.86 and is all-in
Chicão36: folds 
Uncalled bet ($1.72) returned to DoubleAngle314
DoubleAngle314 collected $0.55 from pot
*** SUMMARY ***
Total pot $0.57 | Rake $0.02 
Board [Qs 8s 4h 9d Jh]
Seat 2: gringhostil (button) folded before Flop (didn't bet)
Seat 3: BAHbKA003 (small blind) folded before Flop
Seat 4: Lucas_chav (big blind) folded before Flop
Seat 5: 1Asthma1 folded before Flop (didn't bet)
Seat 6: Chicão36 folded on the River
Seat 7: Vijai Ronin folded before Flop (didn't bet)
Seat 8: Dorex2007 folded before Flop (didn't bet)
Seat 9: DoubleAngle314 collected ($0.55)



PokerStars Hand #227637450784:  Hold'em No Limit ($0.01/$0.02 USD) - 2021/06/16 19:40:09 PT [2021/06/16 22:40:09 ET]
Table 'Gase II' 9-max Seat #3 is the button
Seat 2: gringhostil ($0.83 in chips) 
Seat 3: BAHbKA003 ($1.97 in chips) 
Seat 4: Lucas_chav ($1.32 in chips) 
Seat 5: 1Asthma1 ($2.67 in chips) 
Seat 6: Chicão36 ($0.59 in chips) 
Seat 7: Vijai Ronin ($4.72 in chips) 
Seat 8: Dorex2007 ($2.25 in chips) 
Seat 9: DoubleAngle314 ($2.27 in chips) 
Lucas_chav: posts small blind $0.01
1Asthma1: posts big blind $0.02
marjimgon: sits out 
*** HOLE CARDS ***
Dealt to Dorex2007 [Ac Kd]
Chicão36: folds 
Vijai Ronin: folds 
Dorex2007: raises $0.04 to $0.06
DoubleAngle314: calls $0.06
gringhostil: folds 
BAHbKA003: calls $0.06
Lucas_chav: folds 
1Asthma1: folds 
*** FLOP *** [Kc 2s Ts]
Dorex2007: bets $0.10
DoubleAngle314: calls $0.10
BAHbKA003: folds 
*** TURN *** [Kc 2s Ts] [Ad]
Dorex2007: checks 
DoubleAngle314: checks 
*** RIVER *** [Kc 2s Ts Ad] [9s]
Dorex2007: bets $0.20
DoubleAngle314: folds 
Uncalled bet ($0.20) returned to Dorex2007
Dorex2007 collected $0.40 from pot
Dorex2007: doesn't show hand 
*** SUMMARY ***
Total pot $0.41 | Rake $0.01 
Board [Kc 2s Ts Ad 9s]
Seat 2: gringhostil folded before Flop (didn't bet)
Seat 3: BAHbKA003 (button) folded on the Flop
Seat 4: Lucas_chav (small blind) folded before Flop
Seat 5: 1Asthma1 (big blind) folded before Flop
Seat 6: Chicão36 folded before Flop (didn't bet)
Seat 7: Vijai Ronin folded before Flop (didn't bet)
Seat 8: Dorex2007 collected ($0.40)
Seat 9: DoubleAngle314 folded on the River



PokerStars Hand #227637467888:  Hold'em No Limit ($0.01/$0.02 USD) - 2021/06/16 19:41:32 PT [2021/06/16 22:41:32 ET]
Table 'Gase II' 9-max Seat #4 is the button
Seat 2: gringhostil ($0.83 in chips) 
Seat 3: BAHbKA003 ($1.91 in chips) 
Seat 4: Lucas_chav ($1.31 in chips) 
Seat 5: 1Asthma1 ($2.65 in chips) 
Seat 6: Chicão36 ($0.59 in chips) 
Seat 7: Vijai Ronin ($4.72 in chips) 
Seat 8: Dorex2007 ($2.49 in chips) 
Seat 9: DoubleAngle314 ($2.11 in chips) 
1Asthma1: posts small blind $0.01
Chicão36: posts big blind $0.02
marjimgon: sits out 
*** HOLE CARDS ***
Dealt to Dorex2007 [Js Ks]
Vijai Ronin: folds 
Dorex2007: raises $0.02 to $0.04
DoubleAngle314: folds 
gringhostil: folds 
BAHbKA003: folds 
Lucas_chav: folds 
1Asthma1: folds 
Chicão36: calls $0.02
*** FLOP *** [Ah Qc Qh]
Chicão36: bets $0.02
Dorex2007: calls $0.02
*** TURN *** [Ah Qc Qh] [6s]
Chicão36: bets $0.02
Dorex2007: calls $0.02
*** RIVER *** [Ah Qc Qh 6s] [2s]
Chicão36: bets $0.08
Dorex2007: folds 
Uncalled bet ($0.08) returned to Chicão36
Chicão36 collected $0.16 from pot
Chicão36: doesn't show hand 
*** SUMMARY ***
Total pot $0.17 | Rake $0.01 
Board [Ah Qc Qh 6s 2s]
Seat 2: gringhostil folded before Flop (didn't bet)
Seat 3: BAHbKA003 folded before Flop (didn't bet)
Seat 4: Lucas_chav (button) folded before Flop (didn't bet)
Seat 5: 1Asthma1 (small blind) folded before Flop
Seat 6: Chicão36 (big blind) collected ($0.16)
Seat 7: Vijai Ronin folded before Flop (didn't bet)
Seat 8: Dorex2007 folded on the River
Seat 9: DoubleAngle314 folded before Flop (didn't bet)



PokerStars Hand #227637475538:  Hold'em No Limit ($0.01/$0.02 USD) - 2021/06/16 19:42:10 PT [2021/06/16 22:42:10 ET]
Table 'Gase II' 9-max Seat #5 is the button
Seat 2: gringhostil ($0.83 in chips) 
Seat 3: BAHbKA003 ($1.91 in chips) 
Seat 4: Lucas_chav ($1.31 in chips) 
Seat 5: 1Asthma1 ($2.64 in chips) 
Seat 6: Chicão36 ($0.67 in chips) 
Seat 7: Vijai Ronin ($4.72 in chips) 
Seat 8: Dorex2007 ($2.41 in chips) 
Seat 9: DoubleAngle314 ($2.11 in chips) 
Chicão36: posts small blind $0.01
Vijai Ronin: posts big blind $0.02
marjimgon: sits out 
*** HOLE CARDS ***
Dealt to Dorex2007 [9s 3c]
Dorex2007: folds 
DoubleAngle314: folds 
gringhostil: raises $0.04 to $0.06
BAHbKA003: folds 
Lucas_chav: folds 
1Asthma1: folds 
Chicão36: calls $0.05
Vijai Ronin: folds 
*** FLOP *** [8h 5s 4h]
Chicão36: checks 
gringhostil: bets $0.10
Chicão36: folds 
Uncalled bet ($0.10) returned to gringhostil
gringhostil collected $0.14 from pot
*** SUMMARY ***
Total pot $0.14 | Rake $0 
Board [8h 5s 4h]
Seat 2: gringhostil collected ($0.14)
Seat 3: BAHbKA003 folded before Flop (didn't bet)
Seat 4: Lucas_chav folded before Flop (didn't bet)
Seat 5: 1Asthma1 (button) folded before Flop (didn't bet)
Seat 6: Chicão36 (small blind) folded on the Flop
Seat 7: Vijai Ronin (big blind) folded before Flop
Seat 8: Dorex2007 folded before Flop (didn't bet)
Seat 9: DoubleAngle314 folded before Flop (didn't bet)



PokerStars Hand #227637484784:  Hold'em No Limit ($0.01/$0.02 USD) - 2021/06/16 19:42:46 PT [2021/06/16 22:42:46 ET]
Table 'Gase II' 9-max Seat #6 is the button
Seat 2: gringhostil ($0.91 in chips) 
Seat 3: BAHbKA003 ($1.91 in chips) 
Seat 4: Lucas_chav ($1.31 in chips) 
Seat 5: 1Asthma1 ($2.64 in chips) 
Seat 6: Chicão36 ($0.61 in chips) 
Seat 7: Vijai Ronin ($4.70 in chips) 
Seat 8: Dorex2007 ($2.41 in chips) 
Seat 9: DoubleAngle314 ($2.11 in chips) 
Vijai Ronin: posts small blind $0.01
Dorex2007: posts big blind $0.02
marjimgon: sits out 
*** HOLE CARDS ***
Dealt to Dorex2007 [3c 9s]
DoubleAngle314: folds 
gringhostil: folds 
BAHbKA003: raises $0.04 to $0.06
Lucas_chav: folds 
1Asthma1: folds 
Chicão36: folds 
Vijai Ronin: folds 
Dorex2007: folds 
Uncalled bet ($0.04) returned to BAHbKA003
BAHbKA003 collected $0.05 from pot
BAHbKA003: doesn't show hand 
*** SUMMARY ***
Total pot $0.05 | Rake $0 
Seat 2: gringhostil folded before Flop (didn't bet)
Seat 3: BAHbKA003 collected ($0.05)
Seat 4: Lucas_chav folded before Flop (didn't bet)
Seat 5: 1Asthma1 folded before Flop (didn't bet)
Seat 6: Chicão36 (button) folded before Flop (didn't bet)
Seat 7: Vijai Ronin (small blind) folded before Flop
Seat 8: Dorex2007 (big blind) folded before Flop
Seat 9: DoubleAngle314 folded before Flop (didn't bet)



PokerStars Hand #227637488522:  Hold'em No Limit ($0.01/$0.02 USD) - 2021/06/16 19:43:04 PT [2021/06/16 22:43:04 ET]
Table 'Gase II' 9-max Seat #7 is the button
Seat 2: gringhostil ($0.91 in chips) 
Seat 3: BAHbKA003 ($1.94 in chips) 
Seat 4: Lucas_chav ($1.31 in chips) 
Seat 5: 1Asthma1 ($2.64 in chips) 
Seat 6: Chicão36 ($0.61 in chips) 
Seat 7: Vijai Ronin ($4.69 in chips) 
Seat 8: Dorex2007 ($2.39 in chips) 
Seat 9: DoubleAngle314 ($2.11 in chips) 
Dorex2007: posts small blind $0.01
DoubleAngle314: posts big blind $0.02
marjimgon: sits out 
*** HOLE CARDS ***
Dealt to Dorex2007 [7c Ks]
gringhostil: folds 
BAHbKA003: folds 
Lucas_chav: folds 
1Asthma1: folds 
Chicão36: calls $0.02
Vijai Ronin: raises $0.08 to $0.10
Dorex2007: folds 
DoubleAngle314: folds 
Chicão36: calls $0.08
*** FLOP *** [3c Ah 2c]
Chicão36: bets $0.22
Vijai Ronin: raises $0.56 to $0.78
Chicão36: calls $0.29 and is all-in
Uncalled bet ($0.27) returned to Vijai Ronin
*** TURN *** [3c Ah 2c] [Js]
*** RIVER *** [3c Ah 2c Js] [9h]
*** SHOW DOWN ***
Chicão36: shows [7h Ad] (a pair of Aces)
Vijai Ronin: shows [Tc Kc] (high card Ace)
Chicão36 collected $1.21 from pot
Vijai Ronin cashed out the hand for $0.45
*** SUMMARY ***
Total pot $1.25 | Rake $0.04 
Board [3c Ah 2c Js 9h]
Seat 2: gringhostil folded before Flop (didn't bet)
Seat 3: BAHbKA003 folded before Flop (didn't bet)
Seat 4: Lucas_chav folded before Flop (didn't bet)
Seat 5: 1Asthma1 folded before Flop (didn't bet)
Seat 6: Chicão36 showed [7h Ad] and won ($1.21) with a pair of Aces
Seat 7: Vijai Ronin (button) showed [Tc Kc] and lost with high card Ace (cashed out).
Seat 8: Dorex2007 (small blind) folded before Flop
Seat 9: DoubleAngle314 (big blind) folded before Flop



PokerStars Hand #227637498914:  Hold'em No Limit ($0.01/$0.02 USD) - 2021/06/16 19:43:56 PT [2021/06/16 22:43:56 ET]
Table 'Gase II' 9-max Seat #8 is the button
Seat 1: marjimgon ($0.80 in chips) 
Seat 2: gringhostil ($0.91 in chips) 
Seat 3: BAHbKA003 ($1.94 in chips) 
Seat 4: Lucas_chav ($1.31 in chips) 
Seat 5: 1Asthma1 ($2.64 in chips) 
Seat 6: Chicão36 ($1.21 in chips) 
Seat 7: Vijai Ronin ($4.53 in chips) 
Seat 8: Dorex2007 ($2.38 in chips) 
Seat 9: DoubleAngle314 ($2.09 in chips) 
DoubleAngle314: posts small blind $0.01
marjimgon: posts big blind $0.02
*** HOLE CARDS ***
Dealt to Dorex2007 [4h Th]
gringhostil: folds 
BAHbKA003: raises $0.04 to $0.06
Lucas_chav: calls $0.06
1Asthma1: folds 
Chicão36: folds 
Vijai Ronin: calls $0.06
Dorex2007: folds 
DoubleAngle314: folds 
marjimgon: folds 
*** FLOP *** [3d Qs 4d]
BAHbKA003: bets $0.13
Lucas_chav: folds 
Vijai Ronin: folds 
Uncalled bet ($0.13) returned to BAHbKA003
BAHbKA003 collected $0.20 from pot
BAHbKA003: doesn't show hand 
*** SUMMARY ***
Total pot $0.21 | Rake $0.01 
Board [3d Qs 4d]
Seat 1: marjimgon (big blind) folded before Flop
Seat 2: gringhostil folded before Flop (didn't bet)
Seat 3: BAHbKA003 collected ($0.20)
Seat 4: Lucas_chav folded on the Flop
Seat 5: 1Asthma1 folded before Flop (didn't bet)
Seat 6: Chicão36 folded before Flop (didn't bet)
Seat 7: Vijai Ronin folded on the Flop
Seat 8: Dorex2007 (button) folded before Flop (didn't bet)
Seat 9: DoubleAngle314 (small blind) folded before Flop



PokerStars Hand #227637507753:  Hold'em No Limit ($0.01/$0.02 USD) - 2021/06/16 19:44:41 PT [2021/06/16 22:44:41 ET]
Table 'Gase II' 9-max Seat #9 is the button
Seat 1: marjimgon ($0.78 in chips) 
Seat 2: gringhostil ($0.91 in chips) 
Seat 3: BAHbKA003 ($2.08 in chips) 
Seat 4: Lucas_chav ($1.25 in chips) 
Seat 5: 1Asthma1 ($2.64 in chips) 
Seat 6: Chicão36 ($1.21 in chips) 
Seat 7: Vijai Ronin ($4.47 in chips) 
Seat 8: Dorex2007 ($2.38 in chips) 
Seat 9: DoubleAngle314 ($2.08 in chips) 
marjimgon: posts small blind $0.01
gringhostil: posts big blind $0.02
*** HOLE CARDS ***
Dealt to Dorex2007 [8s Kd]
BAHbKA003: folds 
Lucas_chav: folds 
1Asthma1: folds 
Chicão36: calls $0.02
Vijai Ronin: folds 
Dorex2007: folds 
DoubleAngle314: calls $0.02
marjimgon: folds 
gringhostil: checks 
*** FLOP *** [Jd Tc 9c]
gringhostil: checks 
Chicão36: checks 
DoubleAngle314: bets $0.05
gringhostil: calls $0.05
Chicão36: calls $0.05
*** TURN *** [Jd Tc 9c] [3c]
gringhostil: checks 
Chicão36: bets $0.10
DoubleAngle314: raises $0.22 to $0.32
gringhostil: folds 
Chicão36: calls $0.22
*** RIVER *** [Jd Tc 9c 3c] [6h]
Chicão36: checks 
DoubleAngle314: bets $0.82
Chicão36: calls $0.82 and is all-in
*** SHOW DOWN ***
DoubleAngle314: shows [2c 8c] (a flush, Ten high)
Chicão36: shows [Ts 9d] (two pair, Tens and Nines)
DoubleAngle314 collected $2.41 from pot
*** SUMMARY ***
Total pot $2.50 | Rake $0.09 
Board [Jd Tc 9c 3c 6h]
Seat 1: marjimgon (small blind) folded before Flop
Seat 2: gringhostil (big blind) folded on the Turn
Seat 3: BAHbKA003 folded before Flop (didn't bet)
Seat 4: Lucas_chav folded before Flop (didn't bet)
Seat 5: 1Asthma1 folded before Flop (didn't bet)
Seat 6: Chicão36 showed [Ts 9d] and lost with two pair, Tens and Nines
Seat 7: Vijai Ronin folded before Flop (didn't bet)
Seat 8: Dorex2007 folded before Flop (didn't bet)
Seat 9: DoubleAngle314 (button) showed [2c 8c] and won ($2.41) with a flush, Ten high



PokerStars Hand #227637520221:  Hold'em No Limit ($0.01/$0.02 USD) - 2021/06/16 19:45:44 PT [2021/06/16 22:45:44 ET]
Table 'Gase II' 9-max Seat #1 is the button
Seat 1: marjimgon ($0.77 in chips) 
Seat 2: gringhostil ($0.84 in chips) 
Seat 3: BAHbKA003 ($2.08 in chips) 
Seat 4: Lucas_chav ($1.25 in chips) 
Seat 5: 1Asthma1 ($2.64 in chips) 
Seat 7: Vijai Ronin ($4.47 in chips) 
Seat 8: Dorex2007 ($2.38 in chips) 
Seat 9: DoubleAngle314 ($3.28 in chips) 
gringhostil: posts small blind $0.01
BAHbKA003: posts big blind $0.02
*** HOLE CARDS ***
Dealt to Dorex2007 [8c 4h]
Lucas_chav: folds 
1Asthma1: folds 
Vijai Ronin: folds 
Dorex2007: folds 
Chicão36 leaves the table
DoubleAngle314: raises $0.04 to $0.06
marjimgon: folds 
gringhostil: calls $0.05
BAHbKA003: raises $0.17 to $0.23
ssin censura joins the table at seat #6 
DoubleAngle314: raises $3.05 to $3.28 and is all-in
gringhostil: folds 
BAHbKA003: folds 
Uncalled bet ($3.05) returned to DoubleAngle314
DoubleAngle314 collected $0.52 from pot
*** SUMMARY ***
Total pot $0.52 | Rake $0 
Seat 1: marjimgon (button) folded before Flop (didn't bet)
Seat 2: gringhostil (small blind) folded before Flop
Seat 3: BAHbKA003 (big blind) folded before Flop
Seat 4: Lucas_chav folded before Flop (didn't bet)
Seat 5: 1Asthma1 folded before Flop (didn't bet)
Seat 7: Vijai Ronin folded before Flop (didn't bet)
Seat 8: Dorex2007 folded before Flop (didn't bet)
Seat 9: DoubleAngle314 collected ($0.52)



PokerStars Hand #227637532497:  Hold'em No Limit ($0.01/$0.02 USD) - 2021/06/16 19:46:47 PT [2021/06/16 22:46:47 ET]
Table 'Gase II' 9-max Seat #2 is the button
Seat 1: marjimgon ($0.77 in chips) 
Seat 2: gringhostil ($0.78 in chips) 
Seat 3: BAHbKA003 ($1.85 in chips) 
Seat 4: Lucas_chav ($1.25 in chips) 
Seat 5: 1Asthma1 ($2.64 in chips) 
Seat 6: ssin censura ($1.60 in chips) 
Seat 7: Vijai Ronin ($4.47 in chips) 
Seat 8: Dorex2007 ($2.38 in chips) 
Seat 9: DoubleAngle314 ($3.57 in chips) 
BAHbKA003: posts small blind $0.01
Lucas_chav: posts big blind $0.02
ssin censura: posts big blind $0.02
*** HOLE CARDS ***
Dealt to Dorex2007 [2c Qc]
1Asthma1: folds 
ssin censura: checks 
Vijai Ronin: folds 
Dorex2007: folds 
DoubleAngle314: folds 
marjimgon: calls $0.02
gringhostil: folds 
BAHbKA003: raises $0.06 to $0.08
Lucas_chav: folds 
ssin censura: folds 
marjimgon: folds 
Uncalled bet ($0.06) returned to BAHbKA003
ssin censura leaves the table
BAHbKA003 collected $0.08 from pot
BAHbKA003: doesn't show hand 
*** SUMMARY ***
Total pot $0.08 | Rake $0 
Seat 1: marjimgon folded before Flop
Seat 2: gringhostil (button) folded before Flop (didn't bet)
Seat 3: BAHbKA003 (small blind) collected ($0.08)
Seat 4: Lucas_chav (big blind) folded before Flop
Seat 5: 1Asthma1 folded before Flop (didn't bet)
Seat 6: ssin censura folded before Flop (didn't bet)
Seat 7: Vijai Ronin folded before Flop (didn't bet)
Seat 8: Dorex2007 folded before Flop (didn't bet)
Seat 9: DoubleAngle314 folded before Flop (didn't bet)



PokerStars Hand #227637541778:  Hold'em No Limit ($0.01/$0.02 USD) - 2021/06/16 19:47:33 PT [2021/06/16 22:47:33 ET]
Table 'Gase II' 9-max Seat #3 is the button
Seat 1: marjimgon ($0.75 in chips) 
Seat 2: gringhostil ($0.78 in chips) 
Seat 3: BAHbKA003 ($2 in chips) 
Seat 4: Lucas_chav ($1.23 in chips) 
Seat 5: 1Asthma1 ($2.64 in chips) 
Seat 7: Vijai Ronin ($4.47 in chips) 
Seat 8: Dorex2007 ($2.38 in chips) 
Seat 9: DoubleAngle314 ($3.57 in chips) 
Lucas_chav: posts small blind $0.01
1Asthma1: posts big blind $0.02
*** HOLE CARDS ***
Dealt to Dorex2007 [7c 7d]
Vijai Ronin: folds 
Dorex2007: raises $0.04 to $0.06
DoubleAngle314: folds 
marjimgon: folds 
gringhostil: folds 
bigmars1 joins the table at seat #6 
BAHbKA003: calls $0.06
Lucas_chav: folds 
1Asthma1: folds 
*** FLOP *** [5h Jc Ac]
Dorex2007: checks 
BAHbKA003: bets $0.10
Dorex2007: folds 
Uncalled bet ($0.10) returned to BAHbKA003
BAHbKA003 collected $0.14 from pot
BAHbKA003: doesn't show hand 
*** SUMMARY ***
Total pot $0.15 | Rake $0.01 
Board [5h Jc Ac]
Seat 1: marjimgon folded before Flop (didn't bet)
Seat 2: gringhostil folded before Flop (didn't bet)
Seat 3: BAHbKA003 (button) collected ($0.14)
Seat 4: Lucas_chav (small blind) folded before Flop
Seat 5: 1Asthma1 (big blind) folded before Flop
Seat 7: Vijai Ronin folded before Flop (didn't bet)
Seat 8: Dorex2007 folded on the Flop
Seat 9: DoubleAngle314 folded before Flop (didn't bet)



PokerStars Hand #227637548467:  Hold'em No Limit ($0.01/$0.02 USD) - 2021/06/16 19:48:07 PT [2021/06/16 22:48:07 ET]
Table 'Gase II' 9-max Seat #4 is the button
Seat 1: marjimgon ($0.75 in chips) 
Seat 2: gringhostil ($0.78 in chips) 
Seat 3: BAHbKA003 ($2.08 in chips) 
Seat 4: Lucas_chav ($1.22 in chips) 
Seat 5: 1Asthma1 ($2.62 in chips) 
Seat 6: bigmars1 ($0.80 in chips) 
Seat 7: Vijai Ronin ($4.47 in chips) 
Seat 8: Dorex2007 ($2.32 in chips) 
Seat 9: DoubleAngle314 ($3.57 in chips) 
1Asthma1: posts small blind $0.01
bigmars1: posts big blind $0.02
*** HOLE CARDS ***
Dealt to Dorex2007 [2c 9h]
Vijai Ronin: folds 
Dorex2007: folds 
DoubleAngle314: folds 
marjimgon: calls $0.02
gringhostil: calls $0.02
BAHbKA003: folds 
Lucas_chav: folds 
1Asthma1: raises $0.10 to $0.12
bigmars1: folds 
marjimgon: folds 
gringhostil: calls $0.10
*** FLOP *** [7h 2h 5h]
1Asthma1: checks 
gringhostil: checks 
*** TURN *** [7h 2h 5h] [Qs]
1Asthma1: checks 
gringhostil: bets $0.14
1Asthma1: folds 
Uncalled bet ($0.14) returned to gringhostil
gringhostil collected $0.27 from pot
*** SUMMARY ***
Total pot $0.28 | Rake $0.01 
Board [7h 2h 5h Qs]
Seat 1: marjimgon folded before Flop
Seat 2: gringhostil collected ($0.27)
Seat 3: BAHbKA003 folded before Flop (didn't bet)
Seat 4: Lucas_chav (button) folded before Flop (didn't bet)
Seat 5: 1Asthma1 (small blind) folded on the Turn
Seat 6: bigmars1 (big blind) folded before Flop
Seat 7: Vijai Ronin folded before Flop (didn't bet)
Seat 8: Dorex2007 folded before Flop (didn't bet)
Seat 9: DoubleAngle314 folded before Flop (didn't bet)



PokerStars Hand #227637560712:  Hold'em No Limit ($0.01/$0.02 USD) - 2021/06/16 19:49:09 PT [2021/06/16 22:49:09 ET]
Table 'Gase II' 9-max Seat #5 is the button
Seat 1: marjimgon ($0.73 in chips) 
Seat 2: gringhostil ($0.93 in chips) 
Seat 3: BAHbKA003 ($2.08 in chips) 
Seat 4: Lucas_chav ($1.22 in chips) 
Seat 5: 1Asthma1 ($2.50 in chips) 
Seat 6: bigmars1 ($0.78 in chips) 
Seat 7: Vijai Ronin ($4.47 in chips) 
Seat 8: Dorex2007 ($2.32 in chips) 
Seat 9: DoubleAngle314 ($3.57 in chips) 
bigmars1: posts small blind $0.01
Vijai Ronin: posts big blind $0.02
*** HOLE CARDS ***
Dealt to Dorex2007 [4s 9c]
Dorex2007: folds 
DoubleAngle314: folds 
marjimgon: folds 
gringhostil: folds 
BAHbKA003: raises $0.04 to $0.06
Lucas_chav: folds 
1Asthma1: folds 
bigmars1: calls $0.05
Vijai Ronin: folds 
*** FLOP *** [Kd Td 8h]
bigmars1: checks 
BAHbKA003: bets $0.09
bigmars1: calls $0.09
*** TURN *** [Kd Td 8h] [Ah]
bigmars1: checks 
BAHbKA003: bets $0.24
bigmars1: calls $0.24
*** RIVER *** [Kd Td 8h Ah] [As]
bigmars1: checks 
BAHbKA003: bets $0.50
bigmars1: calls $0.39 and is all-in
Uncalled bet ($0.11) returned to BAHbKA003
*** SHOW DOWN ***
BAHbKA003: shows [Qd Js] (a straight, Ten to Ace)
bigmars1: shows [7c Kh] (two pair, Aces and Kings)
BAHbKA003 collected $1.52 from pot
*** SUMMARY ***
Total pot $1.58 | Rake $0.06 
Board [Kd Td 8h Ah As]
Seat 1: marjimgon folded before Flop (didn't bet)
Seat 2: gringhostil folded before Flop (didn't bet)
Seat 3: BAHbKA003 showed [Qd Js] and won ($1.52) with a straight, Ten to Ace
Seat 4: Lucas_chav folded before Flop (didn't bet)
Seat 5: 1Asthma1 (button) folded before Flop (didn't bet)
Seat 6: bigmars1 (small blind) showed [7c Kh] and lost with two pair, Aces and Kings
Seat 7: Vijai Ronin (big blind) folded before Flop
Seat 8: Dorex2007 folded before Flop (didn't bet)
Seat 9: DoubleAngle314 folded before Flop (didn't bet)



PokerStars Hand #227637582807:  Hold'em No Limit ($0.01/$0.02 USD) - 2021/06/16 19:50:18 PT [2021/06/16 22:50:18 ET]
Table 'Gase II' 9-max Seat #7 is the button
Seat 1: marjimgon ($0.73 in chips) 
Seat 2: gringhostil ($0.93 in chips) 
Seat 3: BAHbKA003 ($2.82 in chips) 
Seat 4: Lucas_chav ($1.22 in chips) 
Seat 5: 1Asthma1 ($2.50 in chips) 
Seat 7: Vijai Ronin ($4.45 in chips) 
Seat 8: Dorex2007 ($2.32 in chips) 
Seat 9: DoubleAngle314 ($3.57 in chips) 
Dorex2007: posts small blind $0.01
DoubleAngle314: posts big blind $0.02
*** HOLE CARDS ***
Dealt to Dorex2007 [4s Kc]
marjimgon: folds 
gringhostil: folds 
BAHbKA003: raises $0.04 to $0.06
Lucas_chav: folds 
1Asthma1: folds 
Vijai Ronin: folds 
Dorex2007: folds 
DoubleAngle314: calls $0.04
*** FLOP *** [8d 7c 2h]
DoubleAngle314: checks 
BAHbKA003: checks 
*** TURN *** [8d 7c 2h] [9s]
DoubleAngle314: checks 
BAHbKA003: bets $0.10
DoubleAngle314: folds 
Uncalled bet ($0.10) returned to BAHbKA003
BAHbKA003 collected $0.13 from pot
BAHbKA003: doesn't show hand 
*** SUMMARY ***
Total pot $0.13 | Rake $0 
Board [8d 7c 2h 9s]
Seat 1: marjimgon folded before Flop (didn't bet)
Seat 2: gringhostil folded before Flop (didn't bet)
Seat 3: BAHbKA003 collected ($0.13)
Seat 4: Lucas_chav folded before Flop (didn't bet)
Seat 5: 1Asthma1 folded before Flop (didn't bet)
Seat 7: Vijai Ronin (button) folded before Flop (didn't bet)
Seat 8: Dorex2007 (small blind) folded before Flop
Seat 9: DoubleAngle314 (big blind) folded on the Turn



PokerStars Hand #227637592437:  Hold'em No Limit ($0.01/$0.02 USD) - 2021/06/16 19:51:08 PT [2021/06/16 22:51:08 ET]
Table 'Gase II' 9-max Seat #8 is the button
Seat 1: marjimgon ($0.73 in chips) 
Seat 2: gringhostil ($0.93 in chips) 
Seat 3: BAHbKA003 ($2.89 in chips) 
Seat 4: Lucas_chav ($1.22 in chips) 
Seat 5: 1Asthma1 ($2.50 in chips) 
Seat 6: bigmars1 ($0.80 in chips) 
Seat 7: Vijai Ronin ($4.45 in chips) 
Seat 8: Dorex2007 ($2.31 in chips) 
Seat 9: DoubleAngle314 ($3.51 in chips) 
DoubleAngle314: posts small blind $0.01
marjimgon: posts big blind $0.02
*** HOLE CARDS ***
Dealt to Dorex2007 [8h Ah]
gringhostil: folds 
BAHbKA003: folds 
Lucas_chav: calls $0.02
1Asthma1: folds 
bigmars1: calls $0.02
Vijai Ronin: folds 
Dorex2007: calls $0.02
DoubleAngle314: calls $0.01
marjimgon: checks 
*** FLOP *** [Td 7c 3s]
DoubleAngle314: bets $0.18
marjimgon: folds 
Lucas_chav: folds 
bigmars1: folds 
Dorex2007: folds 
Uncalled bet ($0.18) returned to DoubleAngle314
DoubleAngle314 collected $0.10 from pot
*** SUMMARY ***
Total pot $0.10 | Rake $0 
Board [Td 7c 3s]
Seat 1: marjimgon (big blind) folded on the Flop
Seat 2: gringhostil folded before Flop (didn't bet)
Seat 3: BAHbKA003 folded before Flop (didn't bet)
Seat 4: Lucas_chav folded on the Flop
Seat 5: 1Asthma1 folded before Flop (didn't bet)
Seat 6: bigmars1 folded on the Flop
Seat 7: Vijai Ronin folded before Flop (didn't bet)
Seat 8: Dorex2007 (button) folded on the Flop
Seat 9: DoubleAngle314 (small blind) collected ($0.10)



PokerStars Hand #227637600607:  Hold'em No Limit ($0.01/$0.02 USD) - 2021/06/16 19:51:50 PT [2021/06/16 22:51:50 ET]
Table 'Gase II' 9-max Seat #9 is the button
Seat 1: marjimgon ($0.71 in chips) 
Seat 2: gringhostil ($0.93 in chips) 
Seat 3: BAHbKA003 ($2.89 in chips) 
Seat 4: Lucas_chav ($1.20 in chips) 
Seat 5: 1Asthma1 ($2.50 in chips) 
Seat 6: bigmars1 ($0.78 in chips) 
Seat 7: Vijai Ronin ($4.45 in chips) 
Seat 8: Dorex2007 ($2.29 in chips) 
Seat 9: DoubleAngle314 ($3.59 in chips) 
marjimgon: posts small blind $0.01
gringhostil: posts big blind $0.02
*** HOLE CARDS ***
Dealt to Dorex2007 [7h 8h]
BAHbKA003: folds 
Lucas_chav: folds 
1Asthma1: folds 
bigmars1: calls $0.02
Vijai Ronin: folds 
Dorex2007: calls $0.02
DoubleAngle314: folds 
marjimgon: calls $0.01
gringhostil: checks 
*** FLOP *** [9h 8c 2d]
marjimgon: bets $0.10
gringhostil: folds 
bigmars1: folds 
Dorex2007: folds 
Uncalled bet ($0.10) returned to marjimgon
marjimgon collected $0.08 from pot
marjimgon: doesn't show hand 
*** SUMMARY ***
Total pot $0.08 | Rake $0 
Board [9h 8c 2d]
Seat 1: marjimgon (small blind) collected ($0.08)
Seat 2: gringhostil (big blind) folded on the Flop
Seat 3: BAHbKA003 folded before Flop (didn't bet)
Seat 4: Lucas_chav folded before Flop (didn't bet)
Seat 5: 1Asthma1 folded before Flop (didn't bet)
Seat 6: bigmars1 folded on the Flop
Seat 7: Vijai Ronin folded before Flop (didn't bet)
Seat 8: Dorex2007 folded on the Flop
Seat 9: DoubleAngle314 (button) folded before Flop (didn't bet)



PokerStars Hand #227637616706:  Hold'em No Limit ($0.01/$0.02 USD) - 2021/06/16 19:52:36 PT [2021/06/16 22:52:36 ET]
Table 'Gase II' 9-max Seat #1 is the button
Seat 1: marjimgon ($0.77 in chips) 
Seat 2: gringhostil ($0.91 in chips) 
Seat 3: BAHbKA003 ($2.89 in chips) 
Seat 4: Lucas_chav ($1.20 in chips) 
Seat 5: 1Asthma1 ($2.50 in chips) 
Seat 6: bigmars1 ($0.76 in chips) 
Seat 7: Vijai Ronin ($4.45 in chips) 
Seat 8: Dorex2007 ($2.27 in chips) 
Seat 9: DoubleAngle314 ($3.59 in chips) 
gringhostil: posts small blind $0.01
BAHbKA003: posts big blind $0.02
*** HOLE CARDS ***
Dealt to Dorex2007 [Qh 6h]
Lucas_chav: raises $0.02 to $0.04
1Asthma1: folds 
bigmars1: folds 
Vijai Ronin: folds 
Dorex2007: folds 
DoubleAngle314: folds 
marjimgon: folds 
gringhostil: folds 
BAHbKA003: calls $0.02
*** FLOP *** [4c 2s 5c]
1Asthma1 is disconnected 
BAHbKA003: bets $0.06
Lucas_chav: calls $0.06
*** TURN *** [4c 2s 5c] [Jh]
BAHbKA003: checks 
Lucas_chav: bets $0.10
BAHbKA003: folds 
Uncalled bet ($0.10) returned to Lucas_chav
Lucas_chav collected $0.20 from pot
*** SUMMARY ***
Total pot $0.21 | Rake $0.01 
Board [4c 2s 5c Jh]
Seat 1: marjimgon (button) folded before Flop (didn't bet)
Seat 2: gringhostil (small blind) folded before Flop
Seat 3: BAHbKA003 (big blind) folded on the Turn
Seat 4: Lucas_chav collected ($0.20)
Seat 5: 1Asthma1 folded before Flop (didn't bet)
Seat 6: bigmars1 folded before Flop (didn't bet)
Seat 7: Vijai Ronin folded before Flop (didn't bet)
Seat 8: Dorex2007 folded before Flop (didn't bet)
Seat 9: DoubleAngle314 folded before Flop (didn't bet)



PokerStars Hand #227637626558:  Hold'em No Limit ($0.01/$0.02 USD) - 2021/06/16 19:53:27 PT [2021/06/16 22:53:27 ET]
Table 'Gase II' 9-max Seat #2 is the button
Seat 1: marjimgon ($0.77 in chips) 
Seat 2: gringhostil ($0.90 in chips) 
Seat 3: BAHbKA003 ($2.79 in chips) 
Seat 4: Lucas_chav ($1.30 in chips) 
Seat 5: 1Asthma1 ($2.50 in chips) 
Seat 6: bigmars1 ($0.76 in chips) 
Seat 7: Vijai Ronin ($4.45 in chips) 
Seat 8: Dorex2007 ($2.27 in chips) 
Seat 9: DoubleAngle314 ($3.59 in chips) 
BAHbKA003: posts small blind $0.01
Lucas_chav: posts big blind $0.02
*** HOLE CARDS ***
Dealt to Dorex2007 [7s Qs]
1Asthma1 is connected 
1Asthma1: folds 
bigmars1: folds 
Vijai Ronin: folds 
Dorex2007: folds 
DoubleAngle314: folds 
marjimgon: folds 
gringhostil: folds 
BAHbKA003: raises $0.04 to $0.06
Lucas_chav: raises $0.04 to $0.10
BAHbKA003: folds 
Uncalled bet ($0.04) returned to Lucas_chav
Lucas_chav collected $0.12 from pot
*** SUMMARY ***
Total pot $0.12 | Rake $0 
Seat 1: marjimgon folded before Flop (didn't bet)
Seat 2: gringhostil (button) folded before Flop (didn't bet)
Seat 3: BAHbKA003 (small blind) folded before Flop
Seat 4: Lucas_chav (big blind) collected ($0.12)
Seat 5: 1Asthma1 folded before Flop (didn't bet)
Seat 6: bigmars1 folded before Flop (didn't bet)
Seat 7: Vijai Ronin folded before Flop (didn't bet)
Seat 8: Dorex2007 folded before Flop (didn't bet)
Seat 9: DoubleAngle314 folded before Flop (didn't bet)



PokerStars Hand #227637633814:  Hold'em No Limit ($0.01/$0.02 USD) - 2021/06/16 19:54:04 PT [2021/06/16 22:54:04 ET]
Table 'Gase II' 9-max Seat #3 is the button
Seat 1: marjimgon ($0.77 in chips) 
Seat 2: gringhostil ($0.90 in chips) 
Seat 3: BAHbKA003 ($2.73 in chips) 
Seat 4: Lucas_chav ($1.36 in chips) 
Seat 5: 1Asthma1 ($2.50 in chips) 
Seat 6: bigmars1 ($0.76 in chips) 
Seat 7: Vijai Ronin ($4.45 in chips) 
Seat 8: Dorex2007 ($2.27 in chips) 
Seat 9: DoubleAngle314 ($3.59 in chips) 
Lucas_chav: posts small blind $0.01
1Asthma1: posts big blind $0.02
*** HOLE CARDS ***
Dealt to Dorex2007 [7h 5h]
bigmars1: calls $0.02
Vijai Ronin: folds 
Dorex2007: folds 
DoubleAngle314: raises $0.04 to $0.06
marjimgon: folds 
gringhostil: folds 
BAHbKA003: calls $0.06
Lucas_chav: folds 
1Asthma1: calls $0.04
bigmars1: calls $0.04
*** FLOP *** [6d 5s Qc]
1Asthma1: checks 
bigmars1: checks 
DoubleAngle314: checks 
BAHbKA003: checks 
*** TURN *** [6d 5s Qc] [6s]
1Asthma1: checks 
bigmars1: checks 
DoubleAngle314: checks 
BAHbKA003: bets $0.18
1Asthma1: folds 
bigmars1: folds 
DoubleAngle314: folds 
Uncalled bet ($0.18) returned to BAHbKA003
BAHbKA003 collected $0.24 from pot
BAHbKA003: doesn't show hand 
*** SUMMARY ***
Total pot $0.25 | Rake $0.01 
Board [6d 5s Qc 6s]
Seat 1: marjimgon folded before Flop (didn't bet)
Seat 2: gringhostil folded before Flop (didn't bet)
Seat 3: BAHbKA003 (button) collected ($0.24)
Seat 4: Lucas_chav (small blind) folded before Flop
Seat 5: 1Asthma1 (big blind) folded on the Turn
Seat 6: bigmars1 folded on the Turn
Seat 7: Vijai Ronin folded before Flop (didn't bet)
Seat 8: Dorex2007 folded before Flop (didn't bet)
Seat 9: DoubleAngle314 folded on the Turn



PokerStars Hand #227637649559:  Hold'em No Limit ($0.01/$0.02 USD) - 2021/06/16 19:55:00 PT [2021/06/16 22:55:00 ET]
Table 'Gase II' 9-max Seat #4 is the button
Seat 1: marjimgon ($0.77 in chips) 
Seat 2: gringhostil ($0.90 in chips) 
Seat 3: BAHbKA003 ($2.91 in chips) 
Seat 4: Lucas_chav ($1.35 in chips) 
Seat 5: 1Asthma1 ($2.44 in chips) 
Seat 6: bigmars1 ($0.70 in chips) 
Seat 7: Vijai Ronin ($4.45 in chips) 
Seat 8: Dorex2007 ($2.27 in chips) 
Seat 9: DoubleAngle314 ($3.53 in chips) 
1Asthma1: posts small blind $0.01
bigmars1: posts big blind $0.02
*** HOLE CARDS ***
Dealt to Dorex2007 [Th Qh]
Vijai Ronin: folds 
Dorex2007: raises $0.02 to $0.04
DoubleAngle314: folds 
marjimgon: folds 
gringhostil: folds 
BAHbKA003: calls $0.04
Lucas_chav: folds 
1Asthma1: folds 
bigmars1: calls $0.02
*** FLOP *** [Ah Kh 4s]
bigmars1: bets $0.04
Dorex2007: raises $0.06 to $0.10
BAHbKA003: calls $0.10
bigmars1: calls $0.06
*** TURN *** [Ah Kh 4s] [6c]
bigmars1: checks 
Dorex2007: bets $0.10
BAHbKA003: calls $0.10
bigmars1: calls $0.10
*** RIVER *** [Ah Kh 4s 6c] [9d]
bigmars1: checks 
Dorex2007: checks 
BAHbKA003: bets $0.36
bigmars1: folds 
Dorex2007: folds 
Uncalled bet ($0.36) returned to BAHbKA003
BAHbKA003 collected $0.70 from pot
BAHbKA003: doesn't show hand 
*** SUMMARY ***
Total pot $0.73 | Rake $0.03 
Board [Ah Kh 4s 6c 9d]
Seat 1: marjimgon folded before Flop (didn't bet)
Seat 2: gringhostil folded before Flop (didn't bet)
Seat 3: BAHbKA003 collected ($0.70)
Seat 4: Lucas_chav (button) folded before Flop (didn't bet)
Seat 5: 1Asthma1 (small blind) folded before Flop
Seat 6: bigmars1 (big blind) folded on the River
Seat 7: Vijai Ronin folded before Flop (didn't bet)
Seat 8: Dorex2007 folded on the River
Seat 9: DoubleAngle314 folded before Flop (didn't bet)



PokerStars Hand #227637663448:  Hold'em No Limit ($0.01/$0.02 USD) - 2021/06/16 19:56:26 PT [2021/06/16 22:56:26 ET]
Table 'Gase II' 9-max Seat #5 is the button
Seat 1: marjimgon ($0.77 in chips) 
Seat 2: gringhostil ($0.90 in chips) 
Seat 3: BAHbKA003 ($3.37 in chips) 
Seat 4: Lucas_chav ($1.35 in chips) 
Seat 5: 1Asthma1 ($2.43 in chips) 
Seat 6: bigmars1 ($0.46 in chips) 
Seat 7: Vijai Ronin ($4.45 in chips) 
Seat 8: Dorex2007 ($2.03 in chips) 
Seat 9: DoubleAngle314 ($3.53 in chips) 
bigmars1: posts small blind $0.01
Vijai Ronin: posts big blind $0.02
*** HOLE CARDS ***
Dealt to Dorex2007 [As 2d]
Dorex2007: folds 
DoubleAngle314: folds 
marjimgon: folds 
gringhostil: folds 
BAHbKA003: raises $0.04 to $0.06
Lucas_chav: folds 
1Asthma1: folds 
bigmars1: calls $0.05
Vijai Ronin: calls $0.04
*** FLOP *** [6s 8h 2h]
bigmars1: checks 
Vijai Ronin: checks 
BAHbKA003: bets $0.14
bigmars1: folds 
Vijai Ronin: folds 
Uncalled bet ($0.14) returned to BAHbKA003
BAHbKA003 collected $0.17 from pot
BAHbKA003: doesn't show hand 
*** SUMMARY ***
Total pot $0.18 | Rake $0.01 
Board [6s 8h 2h]
Seat 1: marjimgon folded before Flop (didn't bet)
Seat 2: gringhostil folded before Flop (didn't bet)
Seat 3: BAHbKA003 collected ($0.17)
Seat 4: Lucas_chav folded before Flop (didn't bet)
Seat 5: 1Asthma1 (button) folded before Flop (didn't bet)
Seat 6: bigmars1 (small blind) folded on the Flop
Seat 7: Vijai Ronin (big blind) folded on the Flop
Seat 8: Dorex2007 folded before Flop (didn't bet)
Seat 9: DoubleAngle314 folded before Flop (didn't bet)



PokerStars Hand #227637671503:  Hold'em No Limit ($0.01/$0.02 USD) - 2021/06/16 19:57:17 PT [2021/06/16 22:57:17 ET]
Table 'Gase II' 9-max Seat #6 is the button
Seat 1: marjimgon ($0.77 in chips) 
Seat 2: gringhostil ($0.90 in chips) 
Seat 3: BAHbKA003 ($3.48 in chips) 
Seat 4: Lucas_chav ($1.35 in chips) 
Seat 5: 1Asthma1 ($2.43 in chips) 
Seat 6: bigmars1 ($0.40 in chips) 
Seat 7: Vijai Ronin ($4.39 in chips) 
Seat 8: Dorex2007 ($2.03 in chips) 
Seat 9: DoubleAngle314 ($3.53 in chips) 
Vijai Ronin: posts small blind $0.01
Dorex2007: posts big blind $0.02
*** HOLE CARDS ***
Dealt to Dorex2007 [Tc Qc]
DoubleAngle314: raises $0.04 to $0.06
marjimgon: folds 
gringhostil: calls $0.06
BAHbKA003: calls $0.06
Lucas_chav: folds 
1Asthma1: folds 
bigmars1: folds 
Vijai Ronin: folds 
Dorex2007: calls $0.04
*** FLOP *** [Th Jd 3d]
Dorex2007: checks 
DoubleAngle314: checks 
gringhostil: bets $0.12
BAHbKA003: raises $0.26 to $0.38
Dorex2007: folds 
DoubleAngle314: folds 
gringhostil: calls $0.26
*** TURN *** [Th Jd 3d] [Td]
gringhostil: checks 
BAHbKA003: checks 
*** RIVER *** [Th Jd 3d Td] [Kd]
gringhostil: bets $0.46 and is all-in
BAHbKA003: calls $0.46
*** SHOW DOWN ***
gringhostil: shows [Jc Kc] (two pair, Kings and Jacks)
BAHbKA003: shows [Ts Js] (a full house, Tens full of Jacks)
BAHbKA003 collected $1.86 from pot
*** SUMMARY ***
Total pot $1.93 | Rake $0.07 
Board [Th Jd 3d Td Kd]
Seat 1: marjimgon folded before Flop (didn't bet)
Seat 2: gringhostil showed [Jc Kc] and lost with two pair, Kings and Jacks
Seat 3: BAHbKA003 showed [Ts Js] and won ($1.86) with a full house, Tens full of Jacks
Seat 4: Lucas_chav folded before Flop (didn't bet)
Seat 5: 1Asthma1 folded before Flop (didn't bet)
Seat 6: bigmars1 (button) folded before Flop (didn't bet)
Seat 7: Vijai Ronin (small blind) folded before Flop
Seat 8: Dorex2007 (big blind) folded on the Flop
Seat 9: DoubleAngle314 folded on the Flop



PokerStars Hand #227637684176:  Hold'em No Limit ($0.01/$0.02 USD) - 2021/06/16 19:58:37 PT [2021/06/16 22:58:37 ET]
Table 'Gase II' 9-max Seat #7 is the button
Seat 1: marjimgon ($0.77 in chips) 
Seat 3: BAHbKA003 ($4.44 in chips) 
Seat 4: Lucas_chav ($1.35 in chips) 
Seat 5: 1Asthma1 ($2.43 in chips) 
Seat 6: bigmars1 ($0.40 in chips) 
Seat 7: Vijai Ronin ($4.38 in chips) 
Seat 8: Dorex2007 ($1.97 in chips) 
Seat 9: DoubleAngle314 ($3.47 in chips) 
Dorex2007: posts small blind $0.01
DoubleAngle314: posts big blind $0.02
*** HOLE CARDS ***
Dealt to Dorex2007 [6s Qh]
marjimgon: folds 
gringhostil leaves the table
BAHbKA003: folds 
Kupec Danila joins the table at seat #2 
Lucas_chav has timed out
Lucas_chav: folds 
1Asthma1: folds 
bigmars1: calls $0.02
Vijai Ronin: raises $0.08 to $0.10
Dorex2007: folds 
DoubleAngle314: folds 
bigmars1: folds 
Uncalled bet ($0.08) returned to Vijai Ronin
Vijai Ronin collected $0.07 from pot
Vijai Ronin: doesn't show hand 
*** SUMMARY ***
Total pot $0.07 | Rake $0 
Seat 1: marjimgon folded before Flop (didn't bet)
Seat 3: BAHbKA003 folded before Flop (didn't bet)
Seat 4: Lucas_chav folded before Flop (didn't bet)
Seat 5: 1Asthma1 folded before Flop (didn't bet)
Seat 6: bigmars1 folded before Flop
Seat 7: Vijai Ronin (button) collected ($0.07)
Seat 8: Dorex2007 (small blind) folded before Flop
Seat 9: DoubleAngle314 (big blind) folded before Flop



PokerStars Hand #227637691212:  Hold'em No Limit ($0.01/$0.02 USD) - 2021/06/16 19:59:21 PT [2021/06/16 22:59:21 ET]
Table 'Gase II' 9-max Seat #8 is the button
Seat 1: marjimgon ($0.77 in chips) 
Seat 3: BAHbKA003 ($4.44 in chips) 
Seat 4: Lucas_chav ($1.35 in chips) 
Seat 5: 1Asthma1 ($2.43 in chips) 
Seat 6: bigmars1 ($0.38 in chips) 
Seat 7: Vijai Ronin ($4.43 in chips) 
Seat 8: Dorex2007 ($1.96 in chips) 
Seat 9: DoubleAngle314 ($3.45 in chips) 
DoubleAngle314: posts small blind $0.01
marjimgon: posts big blind $0.02
Kupec Danila: sits out 
*** HOLE CARDS ***
Dealt to Dorex2007 [Ah 8h]
BAHbKA003: folds 
Lucas_chav has timed out
Lucas_chav: folds 
1Asthma1: folds 
bigmars1: folds 
Vijai Ronin: folds 
Dorex2007: raises $0.04 to $0.06
DoubleAngle314: calls $0.05
marjimgon: folds 
*** FLOP *** [3h 6d 7h]
DoubleAngle314: checks 
Dorex2007: bets $0.14
DoubleAngle314: folds 
Uncalled bet ($0.14) returned to Dorex2007
Dorex2007 collected $0.14 from pot
Dorex2007: doesn't show hand 
*** SUMMARY ***
Total pot $0.14 | Rake $0 
Board [3h 6d 7h]
Seat 1: marjimgon (big blind) folded before Flop
Seat 3: BAHbKA003 folded before Flop (didn't bet)
Seat 4: Lucas_chav folded before Flop (didn't bet)
Seat 5: 1Asthma1 folded before Flop (didn't bet)
Seat 6: bigmars1 folded before Flop (didn't bet)
Seat 7: Vijai Ronin folded before Flop (didn't bet)
Seat 8: Dorex2007 (button) collected ($0.14)
Seat 9: DoubleAngle314 (small blind) folded on the Flop



PokerStars Hand #227637699259:  Hold'em No Limit ($0.01/$0.02 USD) - 2021/06/16 20:00:11 PT [2021/06/16 23:00:11 ET]
Table 'Gase II' 9-max Seat #9 is the button
Seat 1: marjimgon ($0.75 in chips) 
Seat 2: Kupec Danila ($1 in chips) 
Seat 3: BAHbKA003 ($4.44 in chips) 
Seat 4: Lucas_chav ($1.35 in chips) 
Seat 5: 1Asthma1 ($2.43 in chips) 
Seat 6: bigmars1 ($0.38 in chips) 
Seat 7: Vijai Ronin ($4.43 in chips) 
Seat 8: Dorex2007 ($2.04 in chips) 
Seat 9: DoubleAngle314 ($3.39 in chips) 
marjimgon: posts small blind $0.01
Kupec Danila: posts big blind $0.02
*** HOLE CARDS ***
Dealt to Dorex2007 [9h 6c]
BAHbKA003: folds 
Lucas_chav has timed out
Lucas_chav: folds 
1Asthma1: folds 
bigmars1: calls $0.02
Vijai Ronin: folds 
Dorex2007: folds 
DoubleAngle314: calls $0.02
marjimgon: calls $0.01
Kupec Danila: checks 
*** FLOP *** [Kc 8c Qc]
marjimgon: bets $0.04
Kupec Danila: calls $0.04
bigmars1: calls $0.04
DoubleAngle314: folds 
*** TURN *** [Kc 8c Qc] [9c]
BAHbKA003 leaves the table
marjimgon: checks 
Kupec Danila: checks 
bigmars1: checks 
*** RIVER *** [Kc 8c Qc 9c] [Ts]
marjimgon: bets $0.24
Sausagemcbean joins the table at seat #3 
Kupec Danila: calls $0.24
bigmars1: folds 
*** SHOW DOWN ***
marjimgon: shows [Ac 3h] (a flush, Ace high)
Kupec Danila: mucks hand 
marjimgon collected $0.66 from pot
*** SUMMARY ***
Total pot $0.68 | Rake $0.02 
Board [Kc 8c Qc 9c Ts]
Seat 1: marjimgon (small blind) showed [Ac 3h] and won ($0.66) with a flush, Ace high
Seat 2: Kupec Danila (big blind) mucked [Tc 4s]
Seat 3: BAHbKA003 folded before Flop (didn't bet)
Seat 4: Lucas_chav folded before Flop (didn't bet)
Seat 5: 1Asthma1 folded before Flop (didn't bet)
Seat 6: bigmars1 folded on the River
Seat 7: Vijai Ronin folded before Flop (didn't bet)
Seat 8: Dorex2007 folded before Flop (didn't bet)
Seat 9: DoubleAngle314 (button) folded on the Flop



PokerStars Hand #227637713315:  Hold'em No Limit ($0.01/$0.02 USD) - 2021/06/16 20:01:28 PT [2021/06/16 23:01:28 ET]
Table 'Gase II' 9-max Seat #1 is the button
Seat 1: marjimgon ($1.11 in chips) 
Seat 2: Kupec Danila ($1 in chips) 
Seat 3: Sausagemcbean ($2 in chips) 
Seat 4: Lucas_chav ($1.35 in chips) 
Seat 5: 1Asthma1 ($2.43 in chips) 
Seat 6: bigmars1 ($0.32 in chips) 
Seat 7: Vijai Ronin ($4.43 in chips) 
Seat 8: Dorex2007 ($2.04 in chips) 
Seat 9: DoubleAngle314 ($3.37 in chips) 
Kupec Danila: posts small blind $0.01
Sausagemcbean: posts big blind $0.02
*** HOLE CARDS ***
Dealt to Dorex2007 [9d 8h]
Lucas_chav has timed out
Lucas_chav: folds 
1Asthma1 has timed out
1Asthma1: folds 
bigmars1: folds 
Vijai Ronin: raises $0.04 to $0.06
Dorex2007: folds 
DoubleAngle314: folds 
marjimgon has timed out
marjimgon: folds 
Kupec Danila: calls $0.05
Sausagemcbean: calls $0.04
*** FLOP *** [Jc 7c Ts]
Kupec Danila: checks 
Sausagemcbean: checks 
Vijai Ronin: bets $0.14
Kupec Danila: folds 
Sausagemcbean: folds 
Uncalled bet ($0.14) returned to Vijai Ronin
Vijai Ronin collected $0.17 from pot
Vijai Ronin: doesn't show hand 
*** SUMMARY ***
Total pot $0.18 | Rake $0.01 
Board [Jc 7c Ts]
Seat 1: marjimgon (button) folded before Flop (didn't bet)
Seat 2: Kupec Danila (small blind) folded on the Flop
Seat 3: Sausagemcbean (big blind) folded on the Flop
Seat 4: Lucas_chav folded before Flop (didn't bet)
Seat 5: 1Asthma1 folded before Flop (didn't bet)
Seat 6: bigmars1 folded before Flop (didn't bet)
Seat 7: Vijai Ronin collected ($0.17)
Seat 8: Dorex2007 folded before Flop (didn't bet)
Seat 9: DoubleAngle314 folded before Flop (didn't bet)



PokerStars Hand #227637726767:  Hold'em No Limit ($0.01/$0.02 USD) - 2021/06/16 20:02:38 PT [2021/06/16 23:02:38 ET]
Table 'Gase II' 9-max Seat #2 is the button
Seat 1: marjimgon ($1.11 in chips) 
Seat 2: Kupec Danila ($1 in chips) 
Seat 3: Sausagemcbean ($1.94 in chips) 
Seat 4: Lucas_chav ($1.35 in chips) 
Seat 6: bigmars1 ($0.32 in chips) 
Seat 7: Vijai Ronin ($4.54 in chips) 
Seat 8: Dorex2007 ($2.04 in chips) 
Seat 9: DoubleAngle314 ($3.37 in chips) 
Sausagemcbean: posts small blind $0.01
Lucas_chav: posts big blind $0.02
*** HOLE CARDS ***
Dealt to Dorex2007 [Qc 7c]
bigmars1: calls $0.02
Vijai Ronin: folds 
Dorex2007: folds 
DoubleAngle314: raises $0.06 to $0.08
marjimgon: folds 
Kupec Danila: folds 
Sausagemcbean: folds 
Lucas_chav: calls $0.06
bigmars1: calls $0.06
*** FLOP *** [2c 3d Ad]
Lucas_chav: bets $0.12
bigmars1: calls $0.12
DoubleAngle314: calls $0.12
*** TURN *** [2c 3d Ad] [Tc]
Lucas_chav: bets $0.30
bigmars1: folds 
DoubleAngle314: folds 
Uncalled bet ($0.30) returned to Lucas_chav
Lucas_chav collected $0.59 from pot
*** SUMMARY ***
Total pot $0.61 | Rake $0.02 
Board [2c 3d Ad Tc]
Seat 1: marjimgon folded before Flop (didn't bet)
Seat 2: Kupec Danila (button) folded before Flop (didn't bet)
Seat 3: Sausagemcbean (small blind) folded before Flop
Seat 4: Lucas_chav (big blind) collected ($0.59)
Seat 6: bigmars1 folded on the Turn
Seat 7: Vijai Ronin folded before Flop (didn't bet)
Seat 8: Dorex2007 folded before Flop (didn't bet)
Seat 9: DoubleAngle314 folded on the Turn



PokerStars Hand #227637735497:  Hold'em No Limit ($0.01/$0.02 USD) - 2021/06/16 20:03:24 PT [2021/06/16 23:03:24 ET]
Table 'Gase II' 9-max Seat #3 is the button
Seat 1: marjimgon ($1.11 in chips) 
Seat 2: Kupec Danila ($1 in chips) 
Seat 3: Sausagemcbean ($1.93 in chips) 
Seat 4: Lucas_chav ($1.74 in chips) 
Seat 5: 1Asthma1 ($2.43 in chips) 
Seat 6: bigmars1 ($0.12 in chips) 
Seat 8: Dorex2007 ($2.04 in chips) 
Seat 9: DoubleAngle314 ($3.17 in chips) 
Lucas_chav: posts small blind $0.01
1Asthma1: posts big blind $0.02
*** HOLE CARDS ***
Dealt to Dorex2007 [3c 4c]
bigmars1: calls $0.02
Dorex2007: folds 
DoubleAngle314: calls $0.02
marjimgon: folds 
Kupec Danila: folds 
Sausagemcbean: folds 
Lucas_chav: folds 
1Asthma1: checks 
*** FLOP *** [6s 8h 5s]
1Asthma1: checks 
bigmars1: checks 
DoubleAngle314: bets $0.08
1Asthma1: calls $0.08
bigmars1: calls $0.08
*** TURN *** [6s 8h 5s] [9d]
1Asthma1: checks 
bigmars1: checks 
DoubleAngle314: checks 
*** RIVER *** [6s 8h 5s 9d] [3h]
1Asthma1: checks 
bigmars1: checks 
DoubleAngle314: checks 
*** SHOW DOWN ***
1Asthma1: shows [Js 8s] (a pair of Eights)
bigmars1: mucks hand 
DoubleAngle314: mucks hand 
1Asthma1 collected $0.30 from pot
*** SUMMARY ***
Total pot $0.31 | Rake $0.01 
Board [6s 8h 5s 9d 3h]
Seat 1: marjimgon folded before Flop (didn't bet)
Seat 2: Kupec Danila folded before Flop (didn't bet)
Seat 3: Sausagemcbean (button) folded before Flop (didn't bet)
Seat 4: Lucas_chav (small blind) folded before Flop
Seat 5: 1Asthma1 (big blind) showed [Js 8s] and won ($0.30) with a pair of Eights
Seat 6: bigmars1 mucked [Qs 6h]
Seat 8: Dorex2007 folded before Flop (didn't bet)
Seat 9: DoubleAngle314 mucked [Jc 5c]



PokerStars Hand #227637744075:  Hold'em No Limit ($0.01/$0.02 USD) - 2021/06/16 20:04:09 PT [2021/06/16 23:04:09 ET]
Table 'Gase II' 9-max Seat #4 is the button
Seat 1: marjimgon ($1.11 in chips) 
Seat 2: Kupec Danila ($1 in chips) 
Seat 3: Sausagemcbean ($1.93 in chips) 
Seat 4: Lucas_chav ($1.73 in chips) 
Seat 5: 1Asthma1 ($2.63 in chips) 
Seat 6: bigmars1 ($0.02 in chips) 
Seat 8: Dorex2007 ($2.04 in chips) 
Seat 9: DoubleAngle314 ($3.07 in chips) 
1Asthma1: posts small blind $0.01
bigmars1: posts big blind $0.02 and is all-in
*** HOLE CARDS ***
Dealt to Dorex2007 [3h Ac]
Dorex2007: folds 
DoubleAngle314: raises $0.04 to $0.06
marjimgon: folds 
Kupec Danila: folds 
Sausagemcbean: calls $0.06
Lucas_chav: folds 
1Asthma1: folds 
*** FLOP *** [8s As Qs]
DoubleAngle314: checks 
Sausagemcbean: checks 
*** TURN *** [8s As Qs] [8h]
DoubleAngle314: bets $0.02
Sausagemcbean: calls $0.02
*** RIVER *** [8s As Qs 8h] [7s]
DoubleAngle314: checks 
Sausagemcbean: checks 
*** SHOW DOWN ***
DoubleAngle314: shows [6s Ah] (a flush, Ace high)
Sausagemcbean: mucks hand 
DoubleAngle314 collected $0.11 from side pot
bigmars1: mucks hand 
DoubleAngle314 collected $0.07 from main pot
*** SUMMARY ***
Total pot $0.19 Main pot $0.07. Side pot $0.11. | Rake $0.01 
Board [8s As Qs 8h 7s]
Seat 1: marjimgon folded before Flop (didn't bet)
Seat 2: Kupec Danila folded before Flop (didn't bet)
Seat 3: Sausagemcbean mucked [2d Ad]
Seat 4: Lucas_chav (button) folded before Flop (didn't bet)
Seat 5: 1Asthma1 (small blind) folded before Flop
Seat 6: bigmars1 (big blind) mucked [2s 6c]
Seat 8: Dorex2007 folded before Flop (didn't bet)
Seat 9: DoubleAngle314 showed [6s Ah] and won ($0.18) with a flush, Ace high



PokerStars Hand #227637752086:  Hold'em No Limit ($0.01/$0.02 USD) - 2021/06/16 20:04:51 PT [2021/06/16 23:04:51 ET]
Table 'Gase II' 9-max Seat #5 is the button
Seat 1: marjimgon ($1.11 in chips) 
Seat 2: Kupec Danila ($1 in chips) 
Seat 3: Sausagemcbean ($1.85 in chips) 
Seat 4: Lucas_chav ($1.73 in chips) 
Seat 5: 1Asthma1 ($2.62 in chips) 
Seat 8: Dorex2007 ($2.04 in chips) 
Seat 9: DoubleAngle314 ($3.17 in chips) 
Dorex2007: posts small blind $0.01
DoubleAngle314: posts big blind $0.02
*** HOLE CARDS ***
Dealt to Dorex2007 [As 7d]
marjimgon has timed out
marjimgon: folds 
Kupec Danila: folds 
Sausagemcbean: folds 
Lucas_chav: folds 
1Asthma1: folds 
Dorex2007: raises $0.02 to $0.04
DoubleAngle314: raises $0.10 to $0.14
Dorex2007: folds 
Uncalled bet ($0.10) returned to DoubleAngle314
DoubleAngle314 collected $0.08 from pot
DoubleAngle314: shows [7c 9s]
*** SUMMARY ***
Total pot $0.08 | Rake $0 
Seat 1: marjimgon folded before Flop (didn't bet)
Seat 2: Kupec Danila folded before Flop (didn't bet)
Seat 3: Sausagemcbean folded before Flop (didn't bet)
Seat 4: Lucas_chav folded before Flop (didn't bet)
Seat 5: 1Asthma1 (button) folded before Flop (didn't bet)
Seat 8: Dorex2007 (small blind) folded before Flop
Seat 9: DoubleAngle314 (big blind) collected ($0.08)



PokerStars Hand #227637758243:  Hold'em No Limit ($0.01/$0.02 USD) - 2021/06/16 20:05:24 PT [2021/06/16 23:05:24 ET]
Table 'Gase II' 9-max Seat #8 is the button
Seat 2: Kupec Danila ($1 in chips) 
Seat 3: Sausagemcbean ($1.85 in chips) 
Seat 4: Lucas_chav ($1.73 in chips) 
Seat 5: 1Asthma1 ($2.62 in chips) 
Seat 8: Dorex2007 ($2 in chips) 
Seat 9: DoubleAngle314 ($3.21 in chips) 
DoubleAngle314: posts small blind $0.01
Kupec Danila: posts big blind $0.02
bigmars1: sits out 
*** HOLE CARDS ***
Dealt to Dorex2007 [9c 4s]
Sausagemcbean: folds 
Lucas_chav has timed out
Lucas_chav: folds 
1Asthma1: raises $0.04 to $0.06
Dorex2007: folds 
DoubleAngle314: folds 
Kupec Danila: folds 
Uncalled bet ($0.04) returned to 1Asthma1
1Asthma1 collected $0.05 from pot
1Asthma1: doesn't show hand 
*** SUMMARY ***
Total pot $0.05 | Rake $0 
Seat 2: Kupec Danila (big blind) folded before Flop
Seat 3: Sausagemcbean folded before Flop (didn't bet)
Seat 4: Lucas_chav folded before Flop (didn't bet)
Seat 5: 1Asthma1 collected ($0.05)
Seat 8: Dorex2007 (button) folded before Flop (didn't bet)
Seat 9: DoubleAngle314 (small blind) folded before Flop



PokerStars Hand #227637763163:  Hold'em No Limit ($0.01/$0.02 USD) - 2021/06/16 20:05:50 PT [2021/06/16 23:05:50 ET]
Table 'Gase II' 9-max Seat #9 is the button
Seat 2: Kupec Danila ($1 in chips) 
Seat 3: Sausagemcbean ($1.85 in chips) 
Seat 5: 1Asthma1 ($2.65 in chips) 
Seat 8: Dorex2007 ($2 in chips) 
Seat 9: DoubleAngle314 ($3.20 in chips) 
Kupec Danila: posts small blind $0.01
Sausagemcbean: posts big blind $0.02
bigmars1: sits out 
*** HOLE CARDS ***
Dealt to Dorex2007 [Ac Td]
1Asthma1: folds 
Dorex2007: raises $0.02 to $0.04
DoubleAngle314: folds 
Kupec Danila: folds 
Sausagemcbean: folds 
Uncalled bet ($0.02) returned to Dorex2007
Dorex2007 collected $0.05 from pot
Dorex2007: doesn't show hand 
*** SUMMARY ***
Total pot $0.05 | Rake $0 
Seat 2: Kupec Danila (small blind) folded before Flop
Seat 3: Sausagemcbean (big blind) folded before Flop
Seat 5: 1Asthma1 folded before Flop (didn't bet)
Seat 8: Dorex2007 collected ($0.05)
Seat 9: DoubleAngle314 (button) folded before Flop (didn't bet)



PokerStars Hand #227637766685:  Hold'em No Limit ($0.01/$0.02 USD) - 2021/06/16 20:06:08 PT [2021/06/16 23:06:08 ET]
Table 'Gase II' 9-max Seat #2 is the button
Seat 2: Kupec Danila ($1 in chips) 
Seat 3: Sausagemcbean ($1.83 in chips) 
Seat 5: 1Asthma1 ($2.65 in chips) 
Seat 8: Dorex2007 ($2.03 in chips) 
Seat 9: DoubleAngle314 ($3.20 in chips) 
Sausagemcbean: posts small blind $0.01
1Asthma1: posts big blind $0.02
bigmars1: sits out 
marjimgon: sits out 
*** HOLE CARDS ***
Dealt to Dorex2007 [7h 2d]
Dorex2007: folds 
DoubleAngle314: folds 
Kupec Danila: raises $0.04 to $0.06
Sausagemcbean: folds 
1Asthma1: folds 
Uncalled bet ($0.04) returned to Kupec Danila
Kupec Danila collected $0.05 from pot
*** SUMMARY ***
Total pot $0.05 | Rake $0 
Seat 2: Kupec Danila (button) collected ($0.05)
Seat 3: Sausagemcbean (small blind) folded before Flop
Seat 5: 1Asthma1 (big blind) folded before Flop
Seat 8: Dorex2007 folded before Flop (didn't bet)
Seat 9: DoubleAngle314 folded before Flop (didn't bet)



PokerStars Hand #227637769612:  Hold'em No Limit ($0.01/$0.02 USD) - 2021/06/16 20:06:24 PT [2021/06/16 23:06:24 ET]
Table 'Gase II' 9-max Seat #3 is the button
Seat 2: Kupec Danila ($1.03 in chips) 
Seat 3: Sausagemcbean ($1.82 in chips) 
Seat 5: 1Asthma1 ($2.63 in chips) 
Seat 6: bigmars1 ($0.80 in chips) 
Seat 8: Dorex2007 ($2.03 in chips) 
Seat 9: DoubleAngle314 ($3.20 in chips) 
1Asthma1: posts small blind $0.01
bigmars1: posts big blind $0.02
marjimgon: sits out 
*** HOLE CARDS ***
Dealt to Dorex2007 [3c 2d]
Dorex2007: folds 
DoubleAngle314: folds 
Kupec Danila: raises $0.04 to $0.06
Sausagemcbean: folds 
1Asthma1: folds 
bigmars1: folds 
Uncalled bet ($0.04) returned to Kupec Danila
Kupec Danila collected $0.05 from pot
*** SUMMARY ***
Total pot $0.05 | Rake $0 
Seat 2: Kupec Danila collected ($0.05)
Seat 3: Sausagemcbean (button) folded before Flop (didn't bet)
Seat 5: 1Asthma1 (small blind) folded before Flop
Seat 6: bigmars1 (big blind) folded before Flop
Seat 8: Dorex2007 folded before Flop (didn't bet)
Seat 9: DoubleAngle314 folded before Flop (didn't bet)



PokerStars Hand #227637774617:  Hold'em No Limit ($0.01/$0.02 USD) - 2021/06/16 20:06:51 PT [2021/06/16 23:06:51 ET]
Table 'Gase II' 9-max Seat #5 is the button
Seat 2: Kupec Danila ($1.06 in chips) 
Seat 3: Sausagemcbean ($1.82 in chips) 
Seat 5: 1Asthma1 ($2.62 in chips) 
Seat 6: bigmars1 ($0.78 in chips) 
Seat 8: Dorex2007 ($2.03 in chips) 
Seat 9: DoubleAngle314 ($3.20 in chips) 
bigmars1: posts small blind $0.01
Dorex2007: posts big blind $0.02
marjimgon: sits out 
*** HOLE CARDS ***
Dealt to Dorex2007 [3s As]
DoubleAngle314 is disconnected 
DoubleAngle314 has timed out while disconnected
DoubleAngle314: folds 
Kupec Danila: folds 
Sausagemcbean: folds 
1Asthma1: folds 
bigmars1: folds 
Uncalled bet ($0.01) returned to Dorex2007
Dorex2007 collected $0.02 from pot
Dorex2007: doesn't show hand 
*** SUMMARY ***
Total pot $0.02 | Rake $0 
Seat 2: Kupec Danila folded before Flop (didn't bet)
Seat 3: Sausagemcbean folded before Flop (didn't bet)
Seat 5: 1Asthma1 (button) folded before Flop (didn't bet)
Seat 6: bigmars1 (small blind) folded before Flop
Seat 8: Dorex2007 (big blind) collected ($0.02)
Seat 9: DoubleAngle314 folded before Flop (didn't bet)



PokerStars Hand #227637778402:  Hold'em No Limit ($0.01/$0.02 USD) - 2021/06/16 20:07:11 PT [2021/06/16 23:07:11 ET]
Table 'Gase II' 9-max Seat #6 is the button
Seat 1: marjimgon ($1.11 in chips) 
Seat 2: Kupec Danila ($1.06 in chips) 
Seat 3: Sausagemcbean ($1.82 in chips) 
Seat 5: 1Asthma1 ($2.62 in chips) 
Seat 6: bigmars1 ($0.77 in chips) 
Seat 8: Dorex2007 ($2.04 in chips) 
Dorex2007: posts small blind $0.01
marjimgon: posts big blind $0.02
*** HOLE CARDS ***
Dealt to Dorex2007 [4d 7s]
Kupec Danila has timed out
Kupec Danila: folds 
Sausagemcbean: folds 
1Asthma1: folds 
bigmars1: calls $0.02
Dorex2007: folds 
marjimgon: checks 
*** FLOP *** [8s 9d Qd]
marjimgon: bets $0.04
bigmars1: calls $0.04
*** TURN *** [8s 9d Qd] [5c]
marjimgon: bets $0.10
bigmars1: calls $0.10
*** RIVER *** [8s 9d Qd 5c] [Kc]
marjimgon: checks 
bigmars1: bets $0.32
marjimgon: folds 
Uncalled bet ($0.32) returned to bigmars1
bigmars1 collected $0.32 from pot
bigmars1: doesn't show hand 
*** SUMMARY ***
Total pot $0.33 | Rake $0.01 
Board [8s 9d Qd 5c Kc]
Seat 1: marjimgon (big blind) folded on the River
Seat 2: Kupec Danila folded before Flop (didn't bet)
Seat 3: Sausagemcbean folded before Flop (didn't bet)
Seat 5: 1Asthma1 folded before Flop (didn't bet)
Seat 6: bigmars1 (button) collected ($0.32)
Seat 8: Dorex2007 (small blind) folded before Flop



PokerStars Hand #227637787976:  Hold'em No Limit ($0.01/$0.02 USD) - 2021/06/16 20:08:01 PT [2021/06/16 23:08:01 ET]
Table 'Gase II' 9-max Seat #8 is the button
Seat 1: marjimgon ($0.95 in chips) 
Seat 2: Kupec Danila ($1.06 in chips) 
Seat 3: Sausagemcbean ($1.82 in chips) 
Seat 5: 1Asthma1 ($2.62 in chips) 
Seat 6: bigmars1 ($0.93 in chips) 
Seat 8: Dorex2007 ($2.03 in chips) 
marjimgon: posts small blind $0.01
Kupec Danila: posts big blind $0.02
*** HOLE CARDS ***
Dealt to Dorex2007 [Ks Qs]
Sausagemcbean: folds 
1Asthma1: folds 
bigmars1: calls $0.02
Dorex2007: raises $0.04 to $0.06
marjimgon: folds 
Kupec Danila: folds 
bigmars1: calls $0.04
*** FLOP *** [6c 2c 8h]
bigmars1: checks 
Dorex2007: bets $0.09
bigmars1: calls $0.09
*** TURN *** [6c 2c 8h] [9h]
bigmars1: checks 
Dorex2007: bets $0.32
bigmars1: folds 
Uncalled bet ($0.32) returned to Dorex2007
Dorex2007 collected $0.32 from pot
Dorex2007: doesn't show hand 
*** SUMMARY ***
Total pot $0.33 | Rake $0.01 
Board [6c 2c 8h 9h]
Seat 1: marjimgon (small blind) folded before Flop
Seat 2: Kupec Danila (big blind) folded before Flop
Seat 3: Sausagemcbean folded before Flop (didn't bet)
Seat 5: 1Asthma1 folded before Flop (didn't bet)
Seat 6: bigmars1 folded on the Turn
Seat 8: Dorex2007 (button) collected ($0.32)



PokerStars Hand #227637803790:  Hold'em No Limit ($0.01/$0.02 USD) - 2021/06/16 20:08:49 PT [2021/06/16 23:08:49 ET]
Table 'Gase II' 9-max Seat #1 is the button
Seat 1: marjimgon ($0.94 in chips) 
Seat 2: Kupec Danila ($1.04 in chips) 
Seat 3: Sausagemcbean ($1.82 in chips) 
Seat 5: 1Asthma1 ($2.62 in chips) 
Seat 6: bigmars1 ($0.78 in chips) 
Seat 8: Dorex2007 ($2.20 in chips) 
Kupec Danila: posts small blind $0.01
Sausagemcbean: posts big blind $0.02
Vijai Ronin: sits out 
DoubleAngle314: sits out 
*** HOLE CARDS ***
Dealt to Dorex2007 [3h 2c]
1Asthma1: folds 
bigmars1: calls $0.02
Dorex2007: folds 
marjimgon: calls $0.02
Kupec Danila: raises $0.08 to $0.10
Sausagemcbean: calls $0.08
bigmars1: calls $0.08
marjimgon: folds 
*** FLOP *** [Ah 5c 6c]
Kupec Danila: bets $0.23
Sausagemcbean: folds 
bigmars1: folds 
Uncalled bet ($0.23) returned to Kupec Danila
Kupec Danila collected $0.31 from pot
*** SUMMARY ***
Total pot $0.32 | Rake $0.01 
Board [Ah 5c 6c]
Seat 1: marjimgon (button) folded before Flop
Seat 2: Kupec Danila (small blind) collected ($0.31)
Seat 3: Sausagemcbean (big blind) folded on the Flop
Seat 5: 1Asthma1 folded before Flop (didn't bet)
Seat 6: bigmars1 folded on the Flop
Seat 8: Dorex2007 folded before Flop (didn't bet)



PokerStars Hand #227637810524:  Hold'em No Limit ($0.01/$0.02 USD) - 2021/06/16 20:09:25 PT [2021/06/16 23:09:25 ET]
Table 'Gase II' 9-max Seat #2 is the button
Seat 1: marjimgon ($0.92 in chips) 
Seat 2: Kupec Danila ($1.25 in chips) 
Seat 3: Sausagemcbean ($1.72 in chips) 
Seat 5: 1Asthma1 ($2.62 in chips) 
Seat 6: bigmars1 ($0.68 in chips) 
Seat 8: Dorex2007 ($2.20 in chips) 
Sausagemcbean: posts small blind $0.01
1Asthma1: posts big blind $0.02
Vijai Ronin: sits out 
DoubleAngle314: sits out 
*** HOLE CARDS ***
Dealt to Dorex2007 [Ts 9h]
bigmars1: calls $0.02
Dorex2007: folds 
marjimgon: folds 
Kupec Danila has timed out
Kupec Danila: folds 
Sausagemcbean: raises $0.06 to $0.08
1Asthma1: folds 
bigmars1: calls $0.06
*** FLOP *** [Qs 7h 5c]
Sausagemcbean: bets $0.10
bigmars1: folds 
Uncalled bet ($0.10) returned to Sausagemcbean
Sausagemcbean collected $0.17 from pot
*** SUMMARY ***
Total pot $0.18 | Rake $0.01 
Board [Qs 7h 5c]
Seat 1: marjimgon folded before Flop (didn't bet)
Seat 2: Kupec Danila (button) folded before Flop (didn't bet)
Seat 3: Sausagemcbean (small blind) collected ($0.17)
Seat 5: 1Asthma1 (big blind) folded before Flop
Seat 6: bigmars1 folded on the Flop
Seat 8: Dorex2007 folded before Flop (didn't bet)



PokerStars Hand #227637819609:  Hold'em No Limit ($0.01/$0.02 USD) - 2021/06/16 20:10:14 PT [2021/06/16 23:10:14 ET]
Table 'Gase II' 9-max Seat #3 is the button
Seat 1: marjimgon ($0.92 in chips) 
Seat 2: Kupec Danila ($1.25 in chips) 
Seat 3: Sausagemcbean ($1.81 in chips) 
Seat 5: 1Asthma1 ($2.60 in chips) 
Seat 6: bigmars1 ($0.60 in chips) 
Seat 8: Dorex2007 ($2.20 in chips) 
1Asthma1: posts small blind $0.01
bigmars1: posts big blind $0.02
Vijai Ronin: sits out 
DoubleAngle314: sits out 
*** HOLE CARDS ***
Dealt to Dorex2007 [6h Jh]
Dorex2007: folds 
marjimgon: folds 
Kupec Danila: folds 
Sausagemcbean: raises $0.04 to $0.06
1Asthma1: calls $0.05
bigmars1: calls $0.04
*** FLOP *** [6d 4d 4h]
1Asthma1: checks 
bigmars1: checks 
Sausagemcbean: checks 
*** TURN *** [6d 4d 4h] [8s]
1Asthma1: bets $0.11
bigmars1: calls $0.11
Sausagemcbean: folds 
*** RIVER *** [6d 4d 4h 8s] [7h]
1Asthma1: bets $0.44
bigmars1: calls $0.43 and is all-in
Uncalled bet ($0.01) returned to 1Asthma1
*** SHOW DOWN ***
1Asthma1: shows [4s 4c] (four of a kind, Fours)
bigmars1: shows [7s Ad] (two pair, Sevens and Fours)
1Asthma1 collected $1.22 from pot
*** SUMMARY ***
Total pot $1.26 | Rake $0.04 
Board [6d 4d 4h 8s 7h]
Seat 1: marjimgon folded before Flop (didn't bet)
Seat 2: Kupec Danila folded before Flop (didn't bet)
Seat 3: Sausagemcbean (button) folded on the Turn
Seat 5: 1Asthma1 (small blind) showed [4s 4c] and won ($1.22) with four of a kind, Fours
Seat 6: bigmars1 (big blind) showed [7s Ad] and lost with two pair, Sevens and Fours
Seat 8: Dorex2007 folded before Flop (didn't bet)



PokerStars Hand #227637825792:  Hold'em No Limit ($0.01/$0.02 USD) - 2021/06/16 20:10:47 PT [2021/06/16 23:10:47 ET]
Table 'Gase II' 9-max Seat #5 is the button
Seat 1: marjimgon ($0.92 in chips) 
Seat 2: Kupec Danila ($1.25 in chips) 
Seat 3: Sausagemcbean ($1.75 in chips) 
Seat 5: 1Asthma1 ($3.22 in chips) 
Seat 8: Dorex2007 ($2.20 in chips) 
Seat 9: DoubleAngle314 ($3.20 in chips) 
Dorex2007: posts small blind $0.01
DoubleAngle314: posts big blind $0.02
*** HOLE CARDS ***
Dealt to Dorex2007 [Th Ac]
marjimgon: calls $0.02
Kupec Danila: folds 
Sausagemcbean: folds 
1Asthma1: folds 
Dorex2007: calls $0.01
DoubleAngle314: raises $0.06 to $0.08
marjimgon: calls $0.06
Dorex2007: calls $0.06
*** FLOP *** [9s Ah Ks]
Dorex2007: checks 
DoubleAngle314: checks 
marjimgon: bets $0.10
Dorex2007: calls $0.10
DoubleAngle314: folds 
*** TURN *** [9s Ah Ks] [Qc]
Dorex2007: bets $0.21
marjimgon: calls $0.21
*** RIVER *** [9s Ah Ks Qc] [2h]
Dorex2007: checks 
marjimgon: checks 
*** SHOW DOWN ***
Dorex2007: shows [Th Ac] (a pair of Aces)
marjimgon: shows [As Jc] (a pair of Aces - King+Queen+Jack kicker)
marjimgon collected $0.83 from pot
*** SUMMARY ***
Total pot $0.86 | Rake $0.03 
Board [9s Ah Ks Qc 2h]
Seat 1: marjimgon showed [As Jc] and won ($0.83) with a pair of Aces
Seat 2: Kupec Danila folded before Flop (didn't bet)
Seat 3: Sausagemcbean folded before Flop (didn't bet)
Seat 5: 1Asthma1 (button) folded before Flop (didn't bet)
Seat 8: Dorex2007 (small blind) showed [Th Ac] and lost with a pair of Aces
Seat 9: DoubleAngle314 (big blind) folded on the Flop



PokerStars Hand #227637834083:  Hold'em No Limit ($0.01/$0.02 USD) - 2021/06/16 20:11:31 PT [2021/06/16 23:11:31 ET]
Table 'Gase II' 9-max Seat #8 is the button
Seat 1: marjimgon ($1.36 in chips) 
Seat 2: Kupec Danila ($1.25 in chips) 
Seat 3: Sausagemcbean ($1.75 in chips) 
Seat 5: 1Asthma1 ($3.22 in chips) 
Seat 6: bigmars1 ($0.80 in chips) 
Seat 8: Dorex2007 ($1.81 in chips) 
Seat 9: DoubleAngle314 ($3.12 in chips) 
DoubleAngle314: posts small blind $0.01
marjimgon: posts big blind $0.02
bigmars1: posts small blind $0.01
Vijai Ronin: sits out 
*** HOLE CARDS ***
Dealt to Dorex2007 [5s 3c]
Kupec Danila: folds 
Sausagemcbean: folds 
1Asthma1: folds 
bigmars1: calls $0.02
Dorex2007: folds 
DoubleAngle314: calls $0.01
marjimgon: checks 
*** FLOP *** [Ah 3s Kc]
DoubleAngle314: checks 
marjimgon: bets $0.04
bigmars1: folds 
DoubleAngle314: folds 
Uncalled bet ($0.04) returned to marjimgon
marjimgon collected $0.07 from pot
marjimgon: doesn't show hand 
*** SUMMARY ***
Total pot $0.07 | Rake $0 
Board [Ah 3s Kc]
Seat 1: marjimgon (big blind) collected ($0.07)
Seat 2: Kupec Danila folded before Flop (didn't bet)
Seat 3: Sausagemcbean folded before Flop (didn't bet)
Seat 5: 1Asthma1 folded before Flop (didn't bet)
Seat 6: bigmars1 folded on the Flop
Seat 8: Dorex2007 (button) folded before Flop (didn't bet)
Seat 9: DoubleAngle314 (small blind) folded on the Flop



PokerStars Hand #227637839257:  Hold'em No Limit ($0.01/$0.02 USD) - 2021/06/16 20:11:59 PT [2021/06/16 23:11:59 ET]
Table 'Gase II' 9-max Seat #9 is the button
Seat 1: marjimgon ($1.41 in chips) 
Seat 2: Kupec Danila ($1.25 in chips) 
Seat 3: Sausagemcbean ($1.75 in chips) 
Seat 5: 1Asthma1 ($3.22 in chips) 
Seat 6: bigmars1 ($0.77 in chips) 
Seat 8: Dorex2007 ($2 in chips) 
Seat 9: DoubleAngle314 ($3.10 in chips) 
marjimgon: posts small blind $0.01
Kupec Danila: posts big blind $0.02
Vijai Ronin: sits out 
*** HOLE CARDS ***
Dealt to Dorex2007 [Ts 6c]
Sausagemcbean: folds 
1Asthma1: folds 
bigmars1: folds 
Dorex2007: folds 
DoubleAngle314: folds 
marjimgon: raises $0.04 to $0.06
Kupec Danila: raises $1.19 to $1.25 and is all-in
marjimgon: folds 
Uncalled bet ($1.19) returned to Kupec Danila
Kupec Danila collected $0.12 from pot
*** SUMMARY ***
Total pot $0.12 | Rake $0 
Seat 1: marjimgon (small blind) folded before Flop
Seat 2: Kupec Danila (big blind) collected ($0.12)
Seat 3: Sausagemcbean folded before Flop (didn't bet)
Seat 5: 1Asthma1 folded before Flop (didn't bet)
Seat 6: bigmars1 folded before Flop (didn't bet)
Seat 8: Dorex2007 folded before Flop (didn't bet)
Seat 9: DoubleAngle314 (button) folded before Flop (didn't bet)



PokerStars Hand #227637843846:  Hold'em No Limit ($0.01/$0.02 USD) - 2021/06/16 20:12:24 PT [2021/06/16 23:12:24 ET]
Table 'Gase II' 9-max Seat #1 is the button
Seat 1: marjimgon ($1.35 in chips) 
Seat 2: Kupec Danila ($1.31 in chips) 
Seat 3: Sausagemcbean ($1.75 in chips) 
Seat 5: 1Asthma1 ($3.22 in chips) 
Seat 6: bigmars1 ($0.77 in chips) 
Seat 8: Dorex2007 ($2 in chips) 
Seat 9: DoubleAngle314 ($3.10 in chips) 
Kupec Danila: posts small blind $0.01
Sausagemcbean: posts big blind $0.02
Vijai Ronin: sits out 
*** HOLE CARDS ***
Dealt to Dorex2007 [9h 3h]
1Asthma1: folds 
bigmars1: calls $0.02
Dorex2007: folds 
DoubleAngle314: raises $0.06 to $0.08
marjimgon: calls $0.08
Kupec Danila: folds 
Sausagemcbean: folds 
bigmars1: calls $0.06
*** FLOP *** [Kd 2c Ad]
bigmars1: bets $0.04
DoubleAngle314: calls $0.04
marjimgon: calls $0.04
*** TURN *** [Kd 2c Ad] [4s]
bigmars1: checks 
DoubleAngle314: bets $0.20
marjimgon: calls $0.20
bigmars1: calls $0.20
*** RIVER *** [Kd 2c Ad 4s] [Qd]
bigmars1: checks 
DoubleAngle314: checks 
marjimgon: checks 
*** SHOW DOWN ***
bigmars1: shows [Kc 6s] (a pair of Kings)
DoubleAngle314: shows [Qc As] (two pair, Aces and Queens)
marjimgon: shows [2d 2h] (three of a kind, Deuces)
marjimgon collected $0.96 from pot
*** SUMMARY ***
Total pot $0.99 | Rake $0.03 
Board [Kd 2c Ad 4s Qd]
Seat 1: marjimgon (button) showed [2d 2h] and won ($0.96) with three of a kind, Deuces
Seat 2: Kupec Danila (small blind) folded before Flop
Seat 3: Sausagemcbean (big blind) folded before Flop
Seat 5: 1Asthma1 folded before Flop (didn't bet)
Seat 6: bigmars1 showed [Kc 6s] and lost with a pair of Kings
Seat 8: Dorex2007 folded before Flop (didn't bet)
Seat 9: DoubleAngle314 showed [Qc As] and lost with two pair, Aces and Queens



PokerStars Hand #227637859876:  Hold'em No Limit ($0.01/$0.02 USD) - 2021/06/16 20:13:26 PT [2021/06/16 23:13:26 ET]
Table 'Gase II' 9-max Seat #2 is the button
Seat 1: marjimgon ($1.99 in chips) 
Seat 2: Kupec Danila ($1.30 in chips) 
Seat 3: Sausagemcbean ($1.73 in chips) 
Seat 5: 1Asthma1 ($3.22 in chips) 
Seat 6: bigmars1 ($0.45 in chips) 
Seat 8: Dorex2007 ($2 in chips) 
Seat 9: DoubleAngle314 ($2.78 in chips) 
Sausagemcbean: posts small blind $0.01
1Asthma1: posts big blind $0.02
Vijai Ronin: sits out 
*** HOLE CARDS ***
Dealt to Dorex2007 [4d 2d]
bigmars1: calls $0.02
Dorex2007: folds 
DoubleAngle314: folds 
marjimgon: folds 
Kupec Danila: folds 
Sausagemcbean: folds 
1Asthma1: raises $0.08 to $0.10
bigmars1: calls $0.08
*** FLOP *** [Ad 4s 8c]
1Asthma1: bets $0.10
bigmars1: calls $0.10
*** TURN *** [Ad 4s 8c] [9s]
1Asthma1: bets $0.34
bigmars1: calls $0.25 and is all-in
Uncalled bet ($0.09) returned to 1Asthma1
*** RIVER *** [Ad 4s 8c 9s] [7h]
*** SHOW DOWN ***
1Asthma1: shows [Ks As] (a pair of Aces)
bigmars1: shows [Ah Kd] (a pair of Aces)
1Asthma1 collected $0.44 from pot
bigmars1 collected $0.44 from pot
*** SUMMARY ***
Total pot $0.91 | Rake $0.03 
Board [Ad 4s 8c 9s 7h]
Seat 1: marjimgon folded before Flop (didn't bet)
Seat 2: Kupec Danila (button) folded before Flop (didn't bet)
Seat 3: Sausagemcbean (small blind) folded before Flop
Seat 5: 1Asthma1 (big blind) showed [Ks As] and won ($0.44) with a pair of Aces
Seat 6: bigmars1 showed [Ah Kd] and won ($0.44) with a pair of Aces
Seat 8: Dorex2007 folded before Flop (didn't bet)
Seat 9: DoubleAngle314 folded before Flop (didn't bet)



PokerStars Hand #227637866807:  Hold'em No Limit ($0.01/$0.02 USD) - 2021/06/16 20:14:03 PT [2021/06/16 23:14:03 ET]
Table 'Gase II' 9-max Seat #3 is the button
Seat 1: marjimgon ($1.99 in chips) 
Seat 2: Kupec Danila ($1.30 in chips) 
Seat 3: Sausagemcbean ($1.72 in chips) 
Seat 5: 1Asthma1 ($3.21 in chips) 
Seat 6: bigmars1 ($0.44 in chips) 
Seat 8: Dorex2007 ($2 in chips) 
Seat 9: DoubleAngle314 ($2.78 in chips) 
1Asthma1: posts small blind $0.01
bigmars1: posts big blind $0.02
Vijai Ronin: sits out 
*** HOLE CARDS ***
Dealt to Dorex2007 [5s 4d]
Dorex2007: folds 
DoubleAngle314: raises $0.04 to $0.06
marjimgon: folds 
Kupec Danila: raises $0.15 to $0.21
Sausagemcbean: folds 
1Asthma1: folds 
bigmars1: folds 
DoubleAngle314: calls $0.15
*** FLOP *** [8s 8h 2c]
DoubleAngle314: checks 
Kupec Danila: bets $0.14
DoubleAngle314: folds 
Uncalled bet ($0.14) returned to Kupec Danila
Kupec Danila collected $0.43 from pot
*** SUMMARY ***
Total pot $0.45 | Rake $0.02 
Board [8s 8h 2c]
Seat 1: marjimgon folded before Flop (didn't bet)
Seat 2: Kupec Danila collected ($0.43)
Seat 3: Sausagemcbean (button) folded before Flop (didn't bet)
Seat 5: 1Asthma1 (small blind) folded before Flop
Seat 6: bigmars1 (big blind) folded before Flop
Seat 8: Dorex2007 folded before Flop (didn't bet)
Seat 9: DoubleAngle314 folded on the Flop



PokerStars Hand #227637873775:  Hold'em No Limit ($0.01/$0.02 USD) - 2021/06/16 20:14:41 PT [2021/06/16 23:14:41 ET]
Table 'Gase II' 9-max Seat #5 is the button
Seat 1: marjimgon ($1.99 in chips) 
Seat 2: Kupec Danila ($1.52 in chips) 
Seat 3: Sausagemcbean ($1.72 in chips) 
Seat 5: 1Asthma1 ($3.20 in chips) 
Seat 6: bigmars1 ($0.42 in chips) 
Seat 7: Vijai Ronin ($4.54 in chips) 
Seat 8: Dorex2007 ($2 in chips) 
Seat 9: DoubleAngle314 ($2.57 in chips) 
bigmars1: posts small blind $0.01
Vijai Ronin: posts big blind $0.02
*** HOLE CARDS ***
Dealt to Dorex2007 [9s Kh]
Dorex2007: folds 
DoubleAngle314: folds 
marjimgon: calls $0.02
Kupec Danila: folds 
Sausagemcbean: folds 
1Asthma1: folds 
bigmars1: calls $0.01
Vijai Ronin: checks 
*** FLOP *** [9d 7d 5h]
bigmars1: checks 
Vijai Ronin: checks 
marjimgon: bets $0.06
bigmars1: calls $0.06
Vijai Ronin: calls $0.06
*** TURN *** [9d 7d 5h] [7c]
bigmars1: checks 
Vijai Ronin: checks 
marjimgon: bets $0.16
bigmars1: folds 
Vijai Ronin: folds 
Uncalled bet ($0.16) returned to marjimgon
marjimgon collected $0.23 from pot
marjimgon: doesn't show hand 
*** SUMMARY ***
Total pot $0.24 | Rake $0.01 
Board [9d 7d 5h 7c]
Seat 1: marjimgon collected ($0.23)
Seat 2: Kupec Danila folded before Flop (didn't bet)
Seat 3: Sausagemcbean folded before Flop (didn't bet)
Seat 5: 1Asthma1 (button) folded before Flop (didn't bet)
Seat 6: bigmars1 (small blind) folded on the Turn
Seat 7: Vijai Ronin (big blind) folded on the Turn
Seat 8: Dorex2007 folded before Flop (didn't bet)
Seat 9: DoubleAngle314 folded before Flop (didn't bet)



PokerStars Hand #227637890930:  Hold'em No Limit ($0.01/$0.02 USD) - 2021/06/16 20:16:14 PT [2021/06/16 23:16:14 ET]
Table 'Gase II' 9-max Seat #6 is the button
Seat 1: marjimgon ($2.14 in chips) 
Seat 2: Kupec Danila ($1.52 in chips) 
Seat 3: Sausagemcbean ($1.72 in chips) 
Seat 5: 1Asthma1 ($3.20 in chips) 
Seat 6: bigmars1 ($0.34 in chips) 
Seat 7: Vijai Ronin ($4.46 in chips) 
Seat 8: Dorex2007 ($2 in chips) 
Seat 9: DoubleAngle314 ($2.57 in chips) 
Vijai Ronin: posts small blind $0.01
Dorex2007: posts big blind $0.02
*** HOLE CARDS ***
Dealt to Dorex2007 [5h 6h]
DoubleAngle314: raises $0.06 to $0.08
marjimgon: folds 
Kupec Danila: folds 
Sausagemcbean: calls $0.08
1Asthma1: folds 
bigmars1: folds 
Vijai Ronin: folds 
Dorex2007: folds 
*** FLOP *** [Qh Kh 7d]
DoubleAngle314: bets $0.10
Sausagemcbean: folds 
Uncalled bet ($0.10) returned to DoubleAngle314
DoubleAngle314 collected $0.18 from pot
*** SUMMARY ***
Total pot $0.19 | Rake $0.01 
Board [Qh Kh 7d]
Seat 1: marjimgon folded before Flop (didn't bet)
Seat 2: Kupec Danila folded before Flop (didn't bet)
Seat 3: Sausagemcbean folded on the Flop
Seat 5: 1Asthma1 folded before Flop (didn't bet)
Seat 6: bigmars1 (button) folded before Flop (didn't bet)
Seat 7: Vijai Ronin (small blind) folded before Flop
Seat 8: Dorex2007 (big blind) folded before Flop
Seat 9: DoubleAngle314 collected ($0.18)



PokerStars Hand #227637896179:  Hold'em No Limit ($0.01/$0.02 USD) - 2021/06/16 20:16:42 PT [2021/06/16 23:16:42 ET]
Table 'Gase II' 9-max Seat #7 is the button
Seat 1: marjimgon ($2.14 in chips) 
Seat 2: Kupec Danila ($1.52 in chips) 
Seat 3: Sausagemcbean ($1.64 in chips) 
Seat 5: 1Asthma1 ($3.20 in chips) 
Seat 6: bigmars1 ($0.34 in chips) 
Seat 7: Vijai Ronin ($4.45 in chips) 
Seat 8: Dorex2007 ($1.98 in chips) 
Seat 9: DoubleAngle314 ($2.67 in chips) 
Dorex2007: posts small blind $0.01
DoubleAngle314: posts big blind $0.02
*** HOLE CARDS ***
Dealt to Dorex2007 [8d 9c]
marjimgon: folds 
Kupec Danila: folds 
marjimgon leaves the table
Sausagemcbean: folds 
1Asthma1: raises $0.04 to $0.06
bigmars1: folds 
Vijai Ronin: folds 
Dorex2007: folds 
DoubleAngle314: calls $0.04
*** FLOP *** [Ks Kd Jd]
DoubleAngle314: checks 
1Asthma1: checks 
*** TURN *** [Ks Kd Jd] [2d]
DoubleAngle314: bets $0.07
1Asthma1: calls $0.07
*** RIVER *** [Ks Kd Jd 2d] [Kh]
DoubleAngle314: checks 
1Asthma1: bets $0.22
destroynl joins the table at seat #1 
DoubleAngle314: folds 
Uncalled bet ($0.22) returned to 1Asthma1
1Asthma1 collected $0.26 from pot
1Asthma1: doesn't show hand 
*** SUMMARY ***
Total pot $0.27 | Rake $0.01 
Board [Ks Kd Jd 2d Kh]
Seat 1: marjimgon folded before Flop (didn't bet)
Seat 2: Kupec Danila folded before Flop (didn't bet)
Seat 3: Sausagemcbean folded before Flop (didn't bet)
Seat 5: 1Asthma1 collected ($0.26)
Seat 6: bigmars1 folded before Flop (didn't bet)
Seat 7: Vijai Ronin (button) folded before Flop (didn't bet)
Seat 8: Dorex2007 (small blind) folded before Flop
Seat 9: DoubleAngle314 (big blind) folded on the River



PokerStars Hand #227637904464:  Hold'em No Limit ($0.01/$0.02 USD) - 2021/06/16 20:17:27 PT [2021/06/16 23:17:27 ET]
Table 'Gase II' 9-max Seat #8 is the button
Seat 1: destroynl ($2 in chips) 
Seat 2: Kupec Danila ($1.52 in chips) 
Seat 3: Sausagemcbean ($1.64 in chips) 
Seat 5: 1Asthma1 ($3.33 in chips) 
Seat 6: bigmars1 ($0.34 in chips) 
Seat 7: Vijai Ronin ($4.45 in chips) 
Seat 8: Dorex2007 ($1.97 in chips) 
Seat 9: DoubleAngle314 ($2.54 in chips) 
DoubleAngle314: posts small blind $0.01
destroynl: posts big blind $0.02
*** HOLE CARDS ***
Dealt to Dorex2007 [Qh Kd]
Kupec Danila: folds 
Sausagemcbean: folds 
1Asthma1: raises $0.04 to $0.06
bigmars1: calls $0.06
Vijai Ronin: folds 
Dorex2007: calls $0.06
DoubleAngle314: calls $0.05
destroynl: folds 
*** FLOP *** [4s 2h Td]
DoubleAngle314: checks 
1Asthma1: checks 
bigmars1: bets $0.02
Dorex2007: folds 
DoubleAngle314: raises $0.12 to $0.14
1Asthma1: folds 
bigmars1: calls $0.12
*** TURN *** [4s 2h Td] [7s]
DoubleAngle314: bets $2.34 and is all-in
bigmars1: calls $0.14 and is all-in
Uncalled bet ($2.20) returned to DoubleAngle314
*** RIVER *** [4s 2h Td 7s] [9d]
*** SHOW DOWN ***
DoubleAngle314: shows [4d 4c] (three of a kind, Fours)
bigmars1: shows [Ts 9c] (two pair, Tens and Nines)
DoubleAngle314 collected $0.79 from pot
*** SUMMARY ***
Total pot $0.82 | Rake $0.03 
Board [4s 2h Td 7s 9d]
Seat 1: destroynl (big blind) folded before Flop
Seat 2: Kupec Danila folded before Flop (didn't bet)
Seat 3: Sausagemcbean folded before Flop (didn't bet)
Seat 5: 1Asthma1 folded on the Flop
Seat 6: bigmars1 showed [Ts 9c] and lost with two pair, Tens and Nines
Seat 7: Vijai Ronin folded before Flop (didn't bet)
Seat 8: Dorex2007 (button) folded on the Flop
Seat 9: DoubleAngle314 (small blind) showed [4d 4c] and won ($0.79) with three of a kind, Fours



PokerStars Hand #227637915180:  Hold'em No Limit ($0.01/$0.02 USD) - 2021/06/16 20:18:25 PT [2021/06/16 23:18:25 ET]
Table 'Gase II' 9-max Seat #9 is the button
Seat 1: destroynl ($2 in chips) 
Seat 2: Kupec Danila ($1.52 in chips) 
Seat 3: Sausagemcbean ($1.64 in chips) 
Seat 5: 1Asthma1 ($3.27 in chips) 
Seat 7: Vijai Ronin ($4.45 in chips) 
Seat 8: Dorex2007 ($1.91 in chips) 
Seat 9: DoubleAngle314 ($2.99 in chips) 
destroynl: posts small blind $0.01
Kupec Danila: posts big blind $0.02
*** HOLE CARDS ***
Dealt to Dorex2007 [Tc Kd]
Sausagemcbean: folds 
1Asthma1: folds 
Vijai Ronin: folds 
Dorex2007: folds 
DoubleAngle314: raises $0.04 to $0.06
destroynl: folds 
Kupec Danila: calls $0.04
*** FLOP *** [9c 4c 6c]
Kupec Danila: checks 
DoubleAngle314: checks 
*** TURN *** [9c 4c 6c] [9h]
Kupec Danila: bets $0.08
DoubleAngle314: folds 
Uncalled bet ($0.08) returned to Kupec Danila
Kupec Danila collected $0.13 from pot
*** SUMMARY ***
Total pot $0.13 | Rake $0 
Board [9c 4c 6c 9h]
Seat 1: destroynl (small blind) folded before Flop
Seat 2: Kupec Danila (big blind) collected ($0.13)
Seat 3: Sausagemcbean folded before Flop (didn't bet)
Seat 5: 1Asthma1 folded before Flop (didn't bet)
Seat 7: Vijai Ronin folded before Flop (didn't bet)
Seat 8: Dorex2007 folded before Flop (didn't bet)
Seat 9: DoubleAngle314 (button) folded on the Turn



PokerStars Hand #227637923425:  Hold'em No Limit ($0.01/$0.02 USD) - 2021/06/16 20:19:09 PT [2021/06/16 23:19:09 ET]
Table 'Gase II' 9-max Seat #1 is the button
Seat 1: destroynl ($2 in chips) 
Seat 2: Kupec Danila ($1.59 in chips) 
Seat 3: Sausagemcbean ($1.64 in chips) 
Seat 5: 1Asthma1 ($3.27 in chips) 
Seat 6: bigmars1 ($0.80 in chips) 
Seat 7: Vijai Ronin ($4.45 in chips) 
Seat 8: Dorex2007 ($1.91 in chips) 
Seat 9: DoubleAngle314 ($2.93 in chips) 
Kupec Danila: posts small blind $0.01
Sausagemcbean: posts big blind $0.02
*** HOLE CARDS ***
Dealt to Dorex2007 [6s 9h]
1Asthma1: raises $0.04 to $0.06
bigmars1: folds 
Vijai Ronin: folds 
Dorex2007: folds 
DoubleAngle314: folds 
destroynl: folds 
Kupec Danila: folds 
Sausagemcbean: folds 
Uncalled bet ($0.04) returned to 1Asthma1
1Asthma1 collected $0.05 from pot
1Asthma1: doesn't show hand 
*** SUMMARY ***
Total pot $0.05 | Rake $0 
Seat 1: destroynl (button) folded before Flop (didn't bet)
Seat 2: Kupec Danila (small blind) folded before Flop
Seat 3: Sausagemcbean (big blind) folded before Flop
Seat 5: 1Asthma1 collected ($0.05)
Seat 6: bigmars1 folded before Flop (didn't bet)
Seat 7: Vijai Ronin folded before Flop (didn't bet)
Seat 8: Dorex2007 folded before Flop (didn't bet)
Seat 9: DoubleAngle314 folded before Flop (didn't bet)



PokerStars Hand #227637926524:  Hold'em No Limit ($0.01/$0.02 USD) - 2021/06/16 20:19:26 PT [2021/06/16 23:19:26 ET]
Table 'Gase II' 9-max Seat #2 is the button
Seat 1: destroynl ($2 in chips) 
Seat 2: Kupec Danila ($1.58 in chips) 
Seat 3: Sausagemcbean ($1.62 in chips) 
Seat 5: 1Asthma1 ($3.30 in chips) 
Seat 6: bigmars1 ($0.80 in chips) 
Seat 7: Vijai Ronin ($4.45 in chips) 
Seat 8: Dorex2007 ($1.91 in chips) 
Seat 9: DoubleAngle314 ($2.93 in chips) 
Sausagemcbean: posts small blind $0.01
1Asthma1: posts big blind $0.02
*** HOLE CARDS ***
Dealt to Dorex2007 [Ts 8h]
bigmars1: calls $0.02
Vijai Ronin: folds 
Dorex2007: folds 
DoubleAngle314: raises $0.06 to $0.08
destroynl: folds 
Kupec Danila: folds 
Sausagemcbean: folds 
1Asthma1: folds 
bigmars1: folds 
Uncalled bet ($0.06) returned to DoubleAngle314
DoubleAngle314 collected $0.07 from pot
Lucas_chav leaves the table
*** SUMMARY ***
Total pot $0.07 | Rake $0 
Seat 1: destroynl folded before Flop (didn't bet)
Seat 2: Kupec Danila (button) folded before Flop (didn't bet)
Seat 3: Sausagemcbean (small blind) folded before Flop
Seat 5: 1Asthma1 (big blind) folded before Flop
Seat 6: bigmars1 folded before Flop
Seat 7: Vijai Ronin folded before Flop (didn't bet)
Seat 8: Dorex2007 folded before Flop (didn't bet)
Seat 9: DoubleAngle314 collected ($0.07)



PokerStars Hand #227637931662:  Hold'em No Limit ($0.01/$0.02 USD) - 2021/06/16 20:19:54 PT [2021/06/16 23:19:54 ET]
Table 'Gase II' 9-max Seat #3 is the button
Seat 1: destroynl ($2 in chips) 
Seat 2: Kupec Danila ($1.58 in chips) 
Seat 3: Sausagemcbean ($1.61 in chips) 
Seat 5: 1Asthma1 ($3.28 in chips) 
Seat 6: bigmars1 ($0.78 in chips) 
Seat 7: Vijai Ronin ($4.45 in chips) 
Seat 8: Dorex2007 ($1.91 in chips) 
Seat 9: DoubleAngle314 ($2.98 in chips) 
1Asthma1: posts small blind $0.01
bigmars1: posts big blind $0.02
*** HOLE CARDS ***
Dealt to Dorex2007 [Jc 2c]
Vijai Ronin: folds 
Dorex2007: folds 
DoubleAngle314: calls $0.02
destroynl: folds 
Kupec Danila: folds 
Sausagemcbean: folds 
1Asthma1: raises $0.08 to $0.10
bigmars1: calls $0.08
DoubleAngle314: folds 
*** FLOP *** [Td 5s Ts]
iwannabe29 joins the table at seat #4 
1Asthma1: checks 
bigmars1: checks 
*** TURN *** [Td 5s Ts] [Tc]
1Asthma1: bets $0.14
bigmars1: folds 
Uncalled bet ($0.14) returned to 1Asthma1
1Asthma1 collected $0.21 from pot
1Asthma1: doesn't show hand 
*** SUMMARY ***
Total pot $0.22 | Rake $0.01 
Board [Td 5s Ts Tc]
Seat 1: destroynl folded before Flop (didn't bet)
Seat 2: Kupec Danila folded before Flop (didn't bet)
Seat 3: Sausagemcbean (button) folded before Flop (didn't bet)
Seat 5: 1Asthma1 (small blind) collected ($0.21)
Seat 6: bigmars1 (big blind) folded on the Turn
Seat 7: Vijai Ronin folded before Flop (didn't bet)
Seat 8: Dorex2007 folded before Flop (didn't bet)
Seat 9: DoubleAngle314 folded before Flop



PokerStars Hand #227637940298:  Hold'em No Limit ($0.01/$0.02 USD) - 2021/06/16 20:20:42 PT [2021/06/16 23:20:42 ET]
Table 'Gase II' 9-max Seat #5 is the button
Seat 1: destroynl ($2 in chips) 
Seat 2: Kupec Danila ($1.58 in chips) 
Seat 3: Sausagemcbean ($1.61 in chips) 
Seat 4: iwannabe29 ($1.60 in chips) 
Seat 5: 1Asthma1 ($3.39 in chips) 
Seat 6: bigmars1 ($0.68 in chips) 
Seat 7: Vijai Ronin ($4.45 in chips) 
Seat 8: Dorex2007 ($1.91 in chips) 
Seat 9: DoubleAngle314 ($2.96 in chips) 
bigmars1: posts small blind $0.01
Vijai Ronin: posts big blind $0.02
iwannabe29: posts big blind $0.02
*** HOLE CARDS ***
Dealt to Dorex2007 [Jc Tc]
Dorex2007: raises $0.02 to $0.04
DoubleAngle314: raises $0.12 to $0.16
destroynl: folds 
Kupec Danila: folds 
Sausagemcbean: folds 
iwannabe29: folds 
1Asthma1: folds 
bigmars1: calls $0.15
Vijai Ronin: folds 
Dorex2007: folds 
*** FLOP *** [8d 6d Ac]
bigmars1: bets $0.04
DoubleAngle314: calls $0.04
*** TURN *** [8d 6d Ac] [Qh]
bigmars1: bets $0.04
DoubleAngle314: calls $0.04
*** RIVER *** [8d 6d Ac Qh] [5s]
bigmars1: bets $0.44 and is all-in
DoubleAngle314: folds 
Uncalled bet ($0.44) returned to bigmars1
bigmars1 collected $0.54 from pot
bigmars1: doesn't show hand 
*** SUMMARY ***
Total pot $0.56 | Rake $0.02 
Board [8d 6d Ac Qh 5s]
Seat 1: destroynl folded before Flop (didn't bet)
Seat 2: Kupec Danila folded before Flop (didn't bet)
Seat 3: Sausagemcbean folded before Flop (didn't bet)
Seat 4: iwannabe29 folded before Flop (didn't bet)
Seat 5: 1Asthma1 (button) folded before Flop (didn't bet)
Seat 6: bigmars1 (small blind) collected ($0.54)
Seat 7: Vijai Ronin (big blind) folded before Flop
Seat 8: Dorex2007 folded before Flop
Seat 9: DoubleAngle314 folded on the River



