PokerStars Hand #224581432256:  Hold'em No Limit ($0.01/$0.02 USD) - 2021/03/07 19:01:22 PT [2021/03/07 22:01:22 ET]
Table 'Aladfar' 9-max Seat #7 is the button
Seat 1: chucky389 ($1.32 in chips) 
Seat 2: Harvey165 ($1.63 in chips) 
Seat 3: Pate1903 ($1.17 in chips) 
Seat 4: DanRussel ($1.97 in chips) 
Seat 5: Radyschen ($2 in chips) 
Seat 7: momi225 ($2.05 in chips) 
Seat 8: matmur69 ($0.92 in chips) 
Seat 9: Dorex2007 ($1.50 in chips) 
matmur69: posts small blind $0.01
Dorex2007: posts big blind $0.02
*** HOLE CARDS ***
Dealt to Dorex2007 [9s Qh]
chucky389: folds 
Harvey165: folds 
Pate1903: calls $0.02
DanRussel: folds 
Radyschen: folds 
momi225: calls $0.02
matmur69: calls $0.01
Dorex2007: checks 
*** FLOP *** [6d Td Ad]
matmur69: checks 
Dorex2007: checks 
Pate1903: checks 
momi225: checks 
*** TURN *** [6d Td Ad] [2s]
matmur69: checks 
Dorex2007: checks 
Pate1903: checks 
momi225: checks 
*** RIVER *** [6d Td Ad 2s] [7c]
matmur69: checks 
Dorex2007: bets $0.08
Pate1903: folds 
momi225: folds 
matmur69: folds 
Uncalled bet ($0.08) returned to Dorex2007
Dorex2007 collected $0.08 from pot
Dorex2007: doesn't show hand 
*** SUMMARY ***
Total pot $0.08 | Rake $0 
Board [6d Td Ad 2s 7c]
Seat 1: chucky389 folded before Flop (didn't bet)
Seat 2: Harvey165 folded before Flop (didn't bet)
Seat 3: Pate1903 folded on the River
Seat 4: DanRussel folded before Flop (didn't bet)
Seat 5: Radyschen folded before Flop (didn't bet)
Seat 7: momi225 (button) folded on the River
Seat 8: matmur69 (small blind) folded on the River
Seat 9: Dorex2007 (big blind) collected ($0.08)



PokerStars Hand #224581451009:  Hold'em No Limit ($0.01/$0.02 USD) - 2021/03/07 19:02:32 PT [2021/03/07 22:02:32 ET]
Table 'Aladfar' 9-max Seat #8 is the button
Seat 1: chucky389 ($1.32 in chips) 
Seat 2: Harvey165 ($1.63 in chips) 
Seat 3: Pate1903 ($1.15 in chips) 
Seat 4: DanRussel ($1.97 in chips) 
Seat 5: Radyschen ($2 in chips) 
Seat 7: momi225 ($2.03 in chips) 
Seat 8: matmur69 ($0.90 in chips) 
Seat 9: Dorex2007 ($1.56 in chips) 
Dorex2007: posts small blind $0.01
chucky389: posts big blind $0.02
*** HOLE CARDS ***
Dealt to Dorex2007 [6h 8s]
Harvey165: folds 
Pate1903: calls $0.02
DanRussel: raises $1.95 to $1.97 and is all-in
Radyschen: folds 
momi225: folds 
matmur69: folds 
Dorex2007: folds 
chucky389: folds 
Pate1903: folds 
Uncalled bet ($1.95) returned to DanRussel
DanRussel collected $0.07 from pot
DanRussel: doesn't show hand 
*** SUMMARY ***
Total pot $0.07 | Rake $0 
Seat 1: chucky389 (big blind) folded before Flop
Seat 2: Harvey165 folded before Flop (didn't bet)
Seat 3: Pate1903 folded before Flop
Seat 4: DanRussel collected ($0.07)
Seat 5: Radyschen folded before Flop (didn't bet)
Seat 7: momi225 folded before Flop (didn't bet)
Seat 8: matmur69 (button) folded before Flop (didn't bet)
Seat 9: Dorex2007 (small blind) folded before Flop



PokerStars Hand #224581456524:  Hold'em No Limit ($0.01/$0.02 USD) - 2021/03/07 19:02:53 PT [2021/03/07 22:02:53 ET]
Table 'Aladfar' 9-max Seat #9 is the button
Seat 1: chucky389 ($1.30 in chips) 
Seat 2: Harvey165 ($1.63 in chips) 
Seat 3: Pate1903 ($1.13 in chips) 
Seat 4: DanRussel ($2.02 in chips) 
Seat 5: Radyschen ($2 in chips) 
Seat 7: momi225 ($2.03 in chips) 
Seat 8: matmur69 ($0.90 in chips) 
Seat 9: Dorex2007 ($1.55 in chips) 
chucky389: posts small blind $0.01
Harvey165: posts big blind $0.02
*** HOLE CARDS ***
Dealt to Dorex2007 [Kd 6c]
Pate1903: folds 
DanRussel: folds 
Radyschen: folds 
momi225: raises $0.06 to $0.08
matmur69: folds 
Dorex2007: folds 
chucky389: folds 
Harvey165: calls $0.06
*** FLOP *** [Ts Qd Qc]
Harvey165: checks 
momi225: checks 
*** TURN *** [Ts Qd Qc] [Td]
Harvey165: bets $0.05
momi225: folds 
Uncalled bet ($0.05) returned to Harvey165
Harvey165 collected $0.16 from pot
Harvey165: doesn't show hand 
*** SUMMARY ***
Total pot $0.17 | Rake $0.01 
Board [Ts Qd Qc Td]
Seat 1: chucky389 (small blind) folded before Flop
Seat 2: Harvey165 (big blind) collected ($0.16)
Seat 3: Pate1903 folded before Flop (didn't bet)
Seat 4: DanRussel folded before Flop (didn't bet)
Seat 5: Radyschen folded before Flop (didn't bet)
Seat 7: momi225 folded on the Turn
Seat 8: matmur69 folded before Flop (didn't bet)
Seat 9: Dorex2007 (button) folded before Flop (didn't bet)



PokerStars Hand #224581473576:  Hold'em No Limit ($0.01/$0.02 USD) - 2021/03/07 19:03:58 PT [2021/03/07 22:03:58 ET]
Table 'Aladfar' 9-max Seat #1 is the button
Seat 1: chucky389 ($1.29 in chips) 
Seat 2: Harvey165 ($1.71 in chips) 
Seat 3: Pate1903 ($1.13 in chips) 
Seat 4: DanRussel ($2.02 in chips) 
Seat 5: Radyschen ($2 in chips) 
Seat 7: momi225 ($1.95 in chips) 
Seat 8: matmur69 ($0.90 in chips) 
Seat 9: Dorex2007 ($1.55 in chips) 
Harvey165: posts small blind $0.01
Pate1903: posts big blind $0.02
*** HOLE CARDS ***
Dealt to Dorex2007 [5h Ac]
DanRussel: folds 
Radyschen: folds 
momi225: folds 
matmur69: raises $0.05 to $0.07
Dorex2007: folds 
Pate1903 is disconnected 
chucky389 has timed out
chucky389: folds 
Harvey165: calls $0.06
Pate1903 is connected 
Pate1903 has timed out
Pate1903: folds 
*** FLOP *** [2c Jd 3c]
Harvey165: bets $0.04
matmur69: raises $0.12 to $0.16
Harvey165: calls $0.12
*** TURN *** [2c Jd 3c] [5d]
Harvey165: checks 
matmur69: checks 
*** RIVER *** [2c Jd 3c 5d] [2s]
Harvey165: bets $0.10
matmur69: calls $0.10
*** SHOW DOWN ***
Harvey165: shows [6c 5c] (two pair, Fives and Deuces)
matmur69: mucks hand 
Harvey165 collected $0.66 from pot
*** SUMMARY ***
Total pot $0.68 | Rake $0.02 
Board [2c Jd 3c 5d 2s]
Seat 1: chucky389 (button) folded before Flop (didn't bet)
Seat 2: Harvey165 (small blind) showed [6c 5c] and won ($0.66) with two pair, Fives and Deuces
Seat 3: Pate1903 (big blind) folded before Flop
Seat 4: DanRussel folded before Flop (didn't bet)
Seat 5: Radyschen folded before Flop (didn't bet)
Seat 7: momi225 folded before Flop (didn't bet)
Seat 8: matmur69 mucked [As 3s]
Seat 9: Dorex2007 folded before Flop (didn't bet)



PokerStars Hand #224581503996:  Hold'em No Limit ($0.01/$0.02 USD) - 2021/03/07 19:05:46 PT [2021/03/07 22:05:46 ET]
Table 'Aladfar' 9-max Seat #2 is the button
Seat 2: Harvey165 ($2.04 in chips) 
Seat 3: Pate1903 ($1.11 in chips) 
Seat 4: DanRussel ($2.02 in chips) 
Seat 5: Radyschen ($2 in chips) 
Seat 7: momi225 ($1.95 in chips) 
Seat 8: matmur69 ($0.57 in chips) 
Seat 9: Dorex2007 ($1.55 in chips) 
Pate1903: posts small blind $0.01
DanRussel: posts big blind $0.02
*** HOLE CARDS ***
Dealt to Dorex2007 [As 2d]
Radyschen: folds 
momi225: folds 
matmur69: folds 
Dorex2007: folds 
Harvey165: folds 
Pate1903: calls $0.01
DanRussel: checks 
*** FLOP *** [9d Ks 5h]
Pate1903: bets $0.02
DanRussel: folds 
Uncalled bet ($0.02) returned to Pate1903
Pate1903 collected $0.04 from pot
Pate1903: doesn't show hand 
*** SUMMARY ***
Total pot $0.04 | Rake $0 
Board [9d Ks 5h]
Seat 2: Harvey165 (button) folded before Flop (didn't bet)
Seat 3: Pate1903 (small blind) collected ($0.04)
Seat 4: DanRussel (big blind) folded on the Flop
Seat 5: Radyschen folded before Flop (didn't bet)
Seat 7: momi225 folded before Flop (didn't bet)
Seat 8: matmur69 folded before Flop (didn't bet)
Seat 9: Dorex2007 folded before Flop (didn't bet)



PokerStars Hand #224581510531:  Hold'em No Limit ($0.01/$0.02 USD) - 2021/03/07 19:06:10 PT [2021/03/07 22:06:10 ET]
Table 'Aladfar' 9-max Seat #3 is the button
Seat 2: Harvey165 ($2.04 in chips) 
Seat 3: Pate1903 ($1.13 in chips) 
Seat 4: DanRussel ($2 in chips) 
Seat 5: Radyschen ($2 in chips) 
Seat 7: momi225 ($1.95 in chips) 
Seat 8: matmur69 ($0.57 in chips) 
Seat 9: Dorex2007 ($1.55 in chips) 
DanRussel: posts small blind $0.01
Radyschen: posts big blind $0.02
*** HOLE CARDS ***
Dealt to Dorex2007 [Jc 7h]
momi225: folds 
matmur69: folds 
Dorex2007: folds 
Harvey165: folds 
Pate1903: folds 
DanRussel: folds 
Uncalled bet ($0.01) returned to Radyschen
Radyschen collected $0.02 from pot
Radyschen: doesn't show hand 
*** SUMMARY ***
Total pot $0.02 | Rake $0 
Seat 2: Harvey165 folded before Flop (didn't bet)
Seat 3: Pate1903 (button) folded before Flop (didn't bet)
Seat 4: DanRussel (small blind) folded before Flop
Seat 5: Radyschen (big blind) collected ($0.02)
Seat 7: momi225 folded before Flop (didn't bet)
Seat 8: matmur69 folded before Flop (didn't bet)
Seat 9: Dorex2007 folded before Flop (didn't bet)



PokerStars Hand #224581514992:  Hold'em No Limit ($0.01/$0.02 USD) - 2021/03/07 19:06:27 PT [2021/03/07 22:06:27 ET]
Table 'Aladfar' 9-max Seat #4 is the button
Seat 2: Harvey165 ($2.04 in chips) 
Seat 3: Pate1903 ($1.13 in chips) 
Seat 4: DanRussel ($1.99 in chips) 
Seat 5: Radyschen ($2.01 in chips) 
Seat 7: momi225 ($1.95 in chips) 
Seat 8: matmur69 ($0.57 in chips) 
Seat 9: Dorex2007 ($1.55 in chips) 
Radyschen: posts small blind $0.01
momi225: posts big blind $0.02
*** HOLE CARDS ***
Dealt to Dorex2007 [5d Jc]
matmur69: folds 
Dorex2007: folds 
Harvey165: folds 
Pate1903 has timed out
Pate1903: folds 
DanRussel: folds 
Radyschen: folds 
Uncalled bet ($0.01) returned to momi225
momi225 collected $0.02 from pot
Deko19 leaves the table
momi225: doesn't show hand 
*** SUMMARY ***
Total pot $0.02 | Rake $0 
Seat 2: Harvey165 folded before Flop (didn't bet)
Seat 3: Pate1903 folded before Flop (didn't bet)
Seat 4: DanRussel (button) folded before Flop (didn't bet)
Seat 5: Radyschen (small blind) folded before Flop
Seat 7: momi225 (big blind) collected ($0.02)
Seat 8: matmur69 folded before Flop (didn't bet)
Seat 9: Dorex2007 folded before Flop (didn't bet)



PokerStars Hand #224581530021:  Hold'em No Limit ($0.01/$0.02 USD) - 2021/03/07 19:06:54 PT [2021/03/07 22:06:54 ET]
Table 'Aladfar' 9-max Seat #5 is the button
Seat 2: Harvey165 ($2.04 in chips) 
Seat 4: DanRussel ($1.99 in chips) 
Seat 5: Radyschen ($2 in chips) 
Seat 7: momi225 ($1.96 in chips) 
Seat 8: matmur69 ($0.57 in chips) 
Seat 9: Dorex2007 ($1.55 in chips) 
momi225: posts small blind $0.01
matmur69: posts big blind $0.02
*** HOLE CARDS ***
Dealt to Dorex2007 [Kd 8h]
Dorex2007: folds 
Harvey165: raises $0.03 to $0.05
DanRussel: folds 
Radyschen: folds 
momi225: folds 
matmur69: folds 
Uncalled bet ($0.03) returned to Harvey165
Harvey165 collected $0.05 from pot
Harvey165: doesn't show hand 
*** SUMMARY ***
Total pot $0.05 | Rake $0 
Seat 2: Harvey165 collected ($0.05)
Seat 4: DanRussel folded before Flop (didn't bet)
Seat 5: Radyschen (button) folded before Flop (didn't bet)
Seat 7: momi225 (small blind) folded before Flop
Seat 8: matmur69 (big blind) folded before Flop
Seat 9: Dorex2007 folded before Flop (didn't bet)



PokerStars Hand #224581535980:  Hold'em No Limit ($0.01/$0.02 USD) - 2021/03/07 19:07:16 PT [2021/03/07 22:07:16 ET]
Table 'Aladfar' 9-max Seat #7 is the button
Seat 1: chucky389 ($1.29 in chips) 
Seat 2: Harvey165 ($2.07 in chips) 
Seat 3: Pate1903 ($1.13 in chips) 
Seat 4: DanRussel ($1.99 in chips) 
Seat 5: Radyschen ($2 in chips) 
Seat 7: momi225 ($1.95 in chips) 
Seat 8: matmur69 ($0.55 in chips) 
Seat 9: Dorex2007 ($1.55 in chips) 
matmur69: posts small blind $0.01
Dorex2007: posts big blind $0.02
*** HOLE CARDS ***
Dealt to Dorex2007 [3h Ah]
chucky389: calls $0.02
Harvey165: folds 
Pate1903: calls $0.02
DanRussel: folds 
Radyschen: calls $0.02
momi225: folds 
matmur69: raises $0.53 to $0.55 and is all-in
Dorex2007: folds 
chucky389: calls $0.53
Pate1903: folds 
Radyschen: folds 
*** FLOP *** [Jh 3d Qd]
*** TURN *** [Jh 3d Qd] [5d]
*** RIVER *** [Jh 3d Qd 5d] [4s]
*** SHOW DOWN ***
matmur69: shows [4h 4d] (three of a kind, Fours)
chucky389: shows [7s Qs] (a pair of Queens)
matmur69 collected $1.12 from pot
*** SUMMARY ***
Total pot $1.16 | Rake $0.04 
Board [Jh 3d Qd 5d 4s]
Seat 1: chucky389 showed [7s Qs] and lost with a pair of Queens
Seat 2: Harvey165 folded before Flop (didn't bet)
Seat 3: Pate1903 folded before Flop
Seat 4: DanRussel folded before Flop (didn't bet)
Seat 5: Radyschen folded before Flop
Seat 7: momi225 (button) folded before Flop (didn't bet)
Seat 8: matmur69 (small blind) showed [4h 4d] and won ($1.12) with three of a kind, Fours
Seat 9: Dorex2007 (big blind) folded before Flop



PokerStars Hand #224581551691:  Hold'em No Limit ($0.01/$0.02 USD) - 2021/03/07 19:08:14 PT [2021/03/07 22:08:14 ET]
Table 'Aladfar' 9-max Seat #8 is the button
Seat 1: chucky389 ($0.74 in chips) 
Seat 2: Harvey165 ($2.07 in chips) 
Seat 3: Pate1903 ($1.11 in chips) 
Seat 4: DanRussel ($1.99 in chips) 
Seat 5: Radyschen ($2 in chips) 
Seat 7: momi225 ($1.95 in chips) 
Seat 8: matmur69 ($1.12 in chips) 
Seat 9: Dorex2007 ($1.53 in chips) 
Dorex2007: posts small blind $0.01
chucky389: posts big blind $0.02
*** HOLE CARDS ***
Dealt to Dorex2007 [7s 6h]
Harvey165: folds 
Pate1903: calls $0.02
DanRussel: folds 
Radyschen: folds 
momi225: raises $0.04 to $0.06
matmur69: folds 
Dorex2007: folds 
chucky389: calls $0.04
Pate1903: calls $0.04
*** FLOP *** [5h 6s 3c]
Xaxaec joins the table at seat #6 
chucky389: checks 
Pate1903: checks 
momi225: checks 
*** TURN *** [5h 6s 3c] [2s]
chucky389: checks 
Pate1903: checks 
momi225: checks 
*** RIVER *** [5h 6s 3c 2s] [4c]
chucky389: bets $0.68 and is all-in
Pate1903: folds 
momi225: folds 
Uncalled bet ($0.68) returned to chucky389
chucky389 collected $0.18 from pot
*** SUMMARY ***
Total pot $0.19 | Rake $0.01 
Board [5h 6s 3c 2s 4c]
Seat 1: chucky389 (big blind) collected ($0.18)
Seat 2: Harvey165 folded before Flop (didn't bet)
Seat 3: Pate1903 folded on the River
Seat 4: DanRussel folded before Flop (didn't bet)
Seat 5: Radyschen folded before Flop (didn't bet)
Seat 7: momi225 folded on the River
Seat 8: matmur69 (button) folded before Flop (didn't bet)
Seat 9: Dorex2007 (small blind) folded before Flop



PokerStars Hand #224581564369:  Hold'em No Limit ($0.01/$0.02 USD) - 2021/03/07 19:09:02 PT [2021/03/07 22:09:02 ET]
Table 'Aladfar' 9-max Seat #9 is the button
Seat 1: chucky389 ($0.86 in chips) 
Seat 2: Harvey165 ($2.07 in chips) 
Seat 3: Pate1903 ($1.05 in chips) 
Seat 4: DanRussel ($1.99 in chips) 
Seat 5: Radyschen ($2 in chips) 
Seat 7: momi225 ($1.89 in chips) 
Seat 8: matmur69 ($1.12 in chips) 
Seat 9: Dorex2007 ($1.52 in chips) 
chucky389: posts small blind $0.01
Harvey165: posts big blind $0.02
Xaxaec: sits out 
*** HOLE CARDS ***
Dealt to Dorex2007 [Kh Jc]
Pate1903: raises $0.04 to $0.06
DanRussel: folds 
Radyschen: folds 
momi225: folds 
matmur69: folds 
Dorex2007: calls $0.06
chucky389: calls $0.05
Harvey165: folds 
*** FLOP *** [5d 4s 5s]
chucky389: checks 
Pate1903: checks 
Dorex2007: checks 
*** TURN *** [5d 4s 5s] [5h]
chucky389: checks 
Pate1903: bets $0.04
Dorex2007: calls $0.04
chucky389: folds 
*** RIVER *** [5d 4s 5s 5h] [Td]
Pate1903: bets $0.24
Dorex2007: folds 
Uncalled bet ($0.24) returned to Pate1903
Pate1903 collected $0.27 from pot
Pate1903: doesn't show hand 
*** SUMMARY ***
Total pot $0.28 | Rake $0.01 
Board [5d 4s 5s 5h Td]
Seat 1: chucky389 (small blind) folded on the Turn
Seat 2: Harvey165 (big blind) folded before Flop
Seat 3: Pate1903 collected ($0.27)
Seat 4: DanRussel folded before Flop (didn't bet)
Seat 5: Radyschen folded before Flop (didn't bet)
Seat 7: momi225 folded before Flop (didn't bet)
Seat 8: matmur69 folded before Flop (didn't bet)
Seat 9: Dorex2007 (button) folded on the River



PokerStars Hand #224581577492:  Hold'em No Limit ($0.01/$0.02 USD) - 2021/03/07 19:09:52 PT [2021/03/07 22:09:52 ET]
Table 'Aladfar' 9-max Seat #1 is the button
Seat 1: chucky389 ($0.80 in chips) 
Seat 2: Harvey165 ($2.05 in chips) 
Seat 3: Pate1903 ($1.22 in chips) 
Seat 4: DanRussel ($1.99 in chips) 
Seat 5: Radyschen ($2 in chips) 
Seat 7: momi225 ($1.89 in chips) 
Seat 8: matmur69 ($1.12 in chips) 
Seat 9: Dorex2007 ($2 in chips) 
Harvey165: posts small blind $0.01
Pate1903: posts big blind $0.02
Xaxaec: sits out 
*** HOLE CARDS ***
Dealt to Dorex2007 [Ac 4c]
DanRussel: folds 
Radyschen: folds 
momi225: raises $0.04 to $0.06
matmur69: raises $0.15 to $0.21
Dorex2007: folds 
chucky389: folds 
Harvey165: folds 
Pate1903: folds 
momi225: calls $0.15
*** FLOP *** [3c 7d Ah]
momi225: checks 
matmur69: bets $0.22
momi225: folds 
Uncalled bet ($0.22) returned to matmur69
matmur69 collected $0.43 from pot
matmur69: doesn't show hand 
*** SUMMARY ***
Total pot $0.45 | Rake $0.02 
Board [3c 7d Ah]
Seat 1: chucky389 (button) folded before Flop (didn't bet)
Seat 2: Harvey165 (small blind) folded before Flop
Seat 3: Pate1903 (big blind) folded before Flop
Seat 4: DanRussel folded before Flop (didn't bet)
Seat 5: Radyschen folded before Flop (didn't bet)
Seat 7: momi225 folded on the Flop
Seat 8: matmur69 collected ($0.43)
Seat 9: Dorex2007 folded before Flop (didn't bet)



PokerStars Hand #224581590684:  Hold'em No Limit ($0.01/$0.02 USD) - 2021/03/07 19:10:37 PT [2021/03/07 22:10:37 ET]
Table 'Aladfar' 9-max Seat #2 is the button
Seat 1: chucky389 ($0.80 in chips) 
Seat 2: Harvey165 ($2.04 in chips) 
Seat 3: Pate1903 ($1.20 in chips) 
Seat 4: DanRussel ($1.99 in chips) 
Seat 5: Radyschen ($2 in chips) 
Seat 7: momi225 ($1.68 in chips) 
Seat 8: matmur69 ($1.34 in chips) 
Seat 9: Dorex2007 ($2 in chips) 
Pate1903: posts small blind $0.01
DanRussel: posts big blind $0.02
Xaxaec: sits out 
*** HOLE CARDS ***
Dealt to Dorex2007 [4s 6c]
Radyschen: folds 
momi225: raises $0.04 to $0.06
matmur69: folds 
Dorex2007: folds 
chucky389: raises $0.04 to $0.10
Harvey165: folds 
Pate1903 has timed out
Pate1903: folds 
DanRussel: folds 
momi225: raises $0.18 to $0.28
chucky389: raises $0.18 to $0.46
momi225: calls $0.18
*** FLOP *** [3h 4h Tc]
momi225: bets $0.46
chucky389: calls $0.34 and is all-in
Uncalled bet ($0.12) returned to momi225
*** TURN *** [3h 4h Tc] [5c]
*** RIVER *** [3h 4h Tc 5c] [5s]
*** SHOW DOWN ***
momi225: shows [As Kc] (a pair of Fives)
chucky389: shows [Kd Kh] (two pair, Kings and Fives)
chucky389 collected $1.57 from pot
*** SUMMARY ***
Total pot $1.63 | Rake $0.06 
Board [3h 4h Tc 5c 5s]
Seat 1: chucky389 showed [Kd Kh] and won ($1.57) with two pair, Kings and Fives
Seat 2: Harvey165 (button) folded before Flop (didn't bet)
Seat 3: Pate1903 (small blind) folded before Flop
Seat 4: DanRussel (big blind) folded before Flop
Seat 5: Radyschen folded before Flop (didn't bet)
Seat 7: momi225 showed [As Kc] and lost with a pair of Fives
Seat 8: matmur69 folded before Flop (didn't bet)
Seat 9: Dorex2007 folded before Flop (didn't bet)



PokerStars Hand #224581610681:  Hold'em No Limit ($0.01/$0.02 USD) - 2021/03/07 19:11:47 PT [2021/03/07 22:11:47 ET]
Table 'Aladfar' 9-max Seat #4 is the button
Seat 1: chucky389 ($1.57 in chips) 
Seat 2: Harvey165 ($2.04 in chips) 
Seat 4: DanRussel ($1.97 in chips) 
Seat 5: Radyschen ($2 in chips) 
Seat 6: Xaxaec ($1 in chips) 
Seat 7: momi225 ($0.88 in chips) 
Seat 8: matmur69 ($1.34 in chips) 
Seat 9: Dorex2007 ($2 in chips) 
Radyschen: posts small blind $0.01
Xaxaec: posts big blind $0.02
*** HOLE CARDS ***
Dealt to Dorex2007 [Qc As]
momi225: folds 
matmur69: folds 
Dorex2007: raises $0.04 to $0.06
chucky389: calls $0.06
Harvey165: folds 
DanRussel: folds 
Pate1903 is disconnected 
Radyschen: calls $0.05
Xaxaec: calls $0.04
*** FLOP *** [Jc 9s 4c]
Radyschen: checks 
Xaxaec: bets $0.07
Dorex2007: folds 
chucky389: folds 
Radyschen: calls $0.07
*** TURN *** [Jc 9s 4c] [3s]
Radyschen: checks 
Xaxaec: checks 
*** RIVER *** [Jc 9s 4c 3s] [8d]
Radyschen: bets $0.20
Xaxaec: calls $0.20
*** SHOW DOWN ***
Radyschen: shows [Qs Ts] (a straight, Eight to Queen)
Xaxaec: mucks hand 
Radyschen collected $0.75 from pot
*** SUMMARY ***
Total pot $0.78 | Rake $0.03 
Board [Jc 9s 4c 3s 8d]
Seat 1: chucky389 folded on the Flop
Seat 2: Harvey165 folded before Flop (didn't bet)
Seat 4: DanRussel (button) folded before Flop (didn't bet)
Seat 5: Radyschen (small blind) showed [Qs Ts] and won ($0.75) with a straight, Eight to Queen
Seat 6: Xaxaec (big blind) mucked [Jh Kh]
Seat 7: momi225 folded before Flop (didn't bet)
Seat 8: matmur69 folded before Flop (didn't bet)
Seat 9: Dorex2007 folded on the Flop



PokerStars Hand #224581630026:  Hold'em No Limit ($0.01/$0.02 USD) - 2021/03/07 19:13:01 PT [2021/03/07 22:13:01 ET]
Table 'Aladfar' 9-max Seat #5 is the button
Seat 1: chucky389 ($1.51 in chips) 
Seat 2: Harvey165 ($2.04 in chips) 
Seat 4: DanRussel ($1.97 in chips) 
Seat 5: Radyschen ($2.42 in chips) 
Seat 6: Xaxaec ($0.67 in chips) 
Seat 7: momi225 ($2 in chips) 
Seat 8: matmur69 ($1.34 in chips) 
Seat 9: Dorex2007 ($2 in chips) 
Xaxaec: posts small blind $0.01
momi225: posts big blind $0.02
*** HOLE CARDS ***
Dealt to Dorex2007 [6h 4h]
matmur69: folds 
Dorex2007: folds 
chucky389: calls $0.02
Harvey165: raises $0.05 to $0.07
DanRussel: folds 
Radyschen: folds 
Xaxaec: folds 
momi225: calls $0.05
chucky389: raises $0.05 to $0.12
Harvey165: calls $0.05
momi225: folds 
*** FLOP *** [8d 6d Kh]
chucky389: checks 
Harvey165: bets $0.04
Pate1903 is disconnected 
chucky389: calls $0.04
*** TURN *** [8d 6d Kh] [3h]
chucky389: checks 
Harvey165: bets $0.06
chucky389: raises $0.06 to $0.12
Harvey165: folds 
Uncalled bet ($0.06) returned to chucky389
chucky389 collected $0.50 from pot
*** SUMMARY ***
Total pot $0.52 | Rake $0.02 
Board [8d 6d Kh 3h]
Seat 1: chucky389 collected ($0.50)
Seat 2: Harvey165 folded on the Turn
Seat 4: DanRussel folded before Flop (didn't bet)
Seat 5: Radyschen (button) folded before Flop (didn't bet)
Seat 6: Xaxaec (small blind) folded before Flop
Seat 7: momi225 (big blind) folded before Flop
Seat 8: matmur69 folded before Flop (didn't bet)
Seat 9: Dorex2007 folded before Flop (didn't bet)



PokerStars Hand #224581656524:  Hold'em No Limit ($0.01/$0.02 USD) - 2021/03/07 19:14:36 PT [2021/03/07 22:14:36 ET]
Table 'Aladfar' 9-max Seat #6 is the button
Seat 1: chucky389 ($1.79 in chips) 
Seat 2: Harvey165 ($1.82 in chips) 
Seat 4: DanRussel ($1.97 in chips) 
Seat 5: Radyschen ($2.42 in chips) 
Seat 6: Xaxaec ($0.66 in chips) 
Seat 7: momi225 ($1.93 in chips) 
Seat 8: matmur69 ($1.34 in chips) 
Seat 9: Dorex2007 ($2 in chips) 
momi225: posts small blind $0.01
matmur69: posts big blind $0.02
*** HOLE CARDS ***
Dealt to Dorex2007 [Jh 7d]
Dorex2007: folds 
chucky389: calls $0.02
Harvey165: folds 
DanRussel: folds 
Radyschen: raises $0.06 to $0.08
Xaxaec: folds 
momi225: folds 
matmur69: calls $0.06
chucky389: folds 
*** FLOP *** [9c Qs Ad]
matmur69: checks 
Radyschen: bets $0.09
matmur69: folds 
Uncalled bet ($0.09) returned to Radyschen
Radyschen collected $0.18 from pot
Radyschen: doesn't show hand 
*** SUMMARY ***
Total pot $0.19 | Rake $0.01 
Board [9c Qs Ad]
Seat 1: chucky389 folded before Flop
Seat 2: Harvey165 folded before Flop (didn't bet)
Seat 4: DanRussel folded before Flop (didn't bet)
Seat 5: Radyschen collected ($0.18)
Seat 6: Xaxaec (button) folded before Flop (didn't bet)
Seat 7: momi225 (small blind) folded before Flop
Seat 8: matmur69 (big blind) folded on the Flop
Seat 9: Dorex2007 folded before Flop (didn't bet)



PokerStars Hand #224581668383:  Hold'em No Limit ($0.01/$0.02 USD) - 2021/03/07 19:15:22 PT [2021/03/07 22:15:22 ET]
Table 'Aladfar' 9-max Seat #7 is the button
Seat 1: chucky389 ($1.77 in chips) 
Seat 2: Harvey165 ($1.82 in chips) 
Seat 4: DanRussel ($1.97 in chips) 
Seat 5: Radyschen ($2.52 in chips) 
Seat 6: Xaxaec ($0.66 in chips) 
Seat 7: momi225 ($1.92 in chips) 
Seat 8: matmur69 ($1.26 in chips) 
Seat 9: Dorex2007 ($2 in chips) 
matmur69: posts small blind $0.01
Dorex2007: posts big blind $0.02
*** HOLE CARDS ***
Dealt to Dorex2007 [2c 8c]
Pate1903 is disconnected 
chucky389: raises $0.02 to $0.04
Harvey165: folds 
DanRussel: folds 
Radyschen: folds 
Xaxaec: folds 
momi225: folds 
matmur69: folds 
Dorex2007: calls $0.02
*** FLOP *** [5h Ad 8h]
Dorex2007: checks 
chucky389: checks 
*** TURN *** [5h Ad 8h] [7c]
Dorex2007: checks 
chucky389: checks 
*** RIVER *** [5h Ad 8h 7c] [Jh]
Dorex2007: checks 
chucky389: bets $0.06
Dorex2007: calls $0.06
*** SHOW DOWN ***
chucky389: shows [Jd 9h] (a pair of Jacks)
Dorex2007: mucks hand 
chucky389 collected $0.20 from pot
*** SUMMARY ***
Total pot $0.21 | Rake $0.01 
Board [5h Ad 8h 7c Jh]
Seat 1: chucky389 showed [Jd 9h] and won ($0.20) with a pair of Jacks
Seat 2: Harvey165 folded before Flop (didn't bet)
Seat 4: DanRussel folded before Flop (didn't bet)
Seat 5: Radyschen folded before Flop (didn't bet)
Seat 6: Xaxaec folded before Flop (didn't bet)
Seat 7: momi225 (button) folded before Flop (didn't bet)
Seat 8: matmur69 (small blind) folded before Flop
Seat 9: Dorex2007 (big blind) mucked [2c 8c]



PokerStars Hand #224581682009:  Hold'em No Limit ($0.01/$0.02 USD) - 2021/03/07 19:16:14 PT [2021/03/07 22:16:14 ET]
Table 'Aladfar' 9-max Seat #8 is the button
Seat 1: chucky389 ($1.87 in chips) 
Seat 2: Harvey165 ($1.82 in chips) 
Seat 4: DanRussel ($1.97 in chips) 
Seat 5: Radyschen ($2.52 in chips) 
Seat 6: Xaxaec ($0.66 in chips) 
Seat 7: momi225 ($1.92 in chips) 
Seat 8: matmur69 ($1.25 in chips) 
Seat 9: Dorex2007 ($2 in chips) 
Dorex2007: posts small blind $0.01
chucky389: posts big blind $0.02
*** HOLE CARDS ***
Dealt to Dorex2007 [4c 5d]
Harvey165: calls $0.02
DanRussel: folds 
Radyschen: folds 
Xaxaec: folds 
momi225: folds 
momi225 leaves the table
matmur69: raises $0.07 to $0.09
Dorex2007: folds 
chucky389: calls $0.07
Harvey165: folds 
*** FLOP *** [4s 6h 8s]
chucky389: bets $0.02
matmur69: calls $0.02
*** TURN *** [4s 6h 8s] [3s]
chucky389: checks 
matmur69: checks 
*** RIVER *** [4s 6h 8s 3s] [7c]
mickey889 joins the table at seat #7 
chucky389: checks 
matmur69: checks 
*** SHOW DOWN ***
chucky389: shows [Jd Th] (high card Jack)
matmur69: shows [Kd Jc] (high card King)
matmur69 collected $0.24 from pot
*** SUMMARY ***
Total pot $0.25 | Rake $0.01 
Board [4s 6h 8s 3s 7c]
Seat 1: chucky389 (big blind) showed [Jd Th] and lost with high card Jack
Seat 2: Harvey165 folded before Flop
Seat 4: DanRussel folded before Flop (didn't bet)
Seat 5: Radyschen folded before Flop (didn't bet)
Seat 6: Xaxaec folded before Flop (didn't bet)
Seat 7: momi225 folded before Flop (didn't bet)
Seat 8: matmur69 (button) showed [Kd Jc] and won ($0.24) with high card King
Seat 9: Dorex2007 (small blind) folded before Flop



PokerStars Hand #224581715070:  Hold'em No Limit ($0.01/$0.02 USD) - 2021/03/07 19:17:28 PT [2021/03/07 22:17:28 ET]
Table 'Aladfar' 9-max Seat #9 is the button
Seat 1: chucky389 ($1.76 in chips) 
Seat 2: Harvey165 ($1.80 in chips) 
Seat 4: DanRussel ($1.97 in chips) 
Seat 5: Radyschen ($2.52 in chips) 
Seat 6: Xaxaec ($0.66 in chips) 
Seat 8: matmur69 ($1.38 in chips) 
Seat 9: Dorex2007 ($2 in chips) 
chucky389: posts small blind $0.01
Harvey165: posts big blind $0.02
mickey889: sits out 
*** HOLE CARDS ***
Dealt to Dorex2007 [5d Kh]
DanRussel: folds 
Radyschen: folds 
Xaxaec: folds 
matmur69: folds 
Dorex2007: folds 
chucky389: calls $0.01
Harvey165: checks 
*** FLOP *** [Jd Kd Qh]
Pate1903 is disconnected 
chucky389: bets $0.02
Harvey165: folds 
Uncalled bet ($0.02) returned to chucky389
chucky389 collected $0.04 from pot
*** SUMMARY ***
Total pot $0.04 | Rake $0 
Board [Jd Kd Qh]
Seat 1: chucky389 (small blind) collected ($0.04)
Seat 2: Harvey165 (big blind) folded on the Flop
Seat 4: DanRussel folded before Flop (didn't bet)
Seat 5: Radyschen folded before Flop (didn't bet)
Seat 6: Xaxaec folded before Flop (didn't bet)
Seat 8: matmur69 folded before Flop (didn't bet)
Seat 9: Dorex2007 (button) folded before Flop (didn't bet)



PokerStars Hand #224581725177:  Hold'em No Limit ($0.01/$0.02 USD) - 2021/03/07 19:18:07 PT [2021/03/07 22:18:07 ET]
Table 'Aladfar' 9-max Seat #1 is the button
Seat 1: chucky389 ($1.78 in chips) 
Seat 2: Harvey165 ($1.78 in chips) 
Seat 4: DanRussel ($1.97 in chips) 
Seat 5: Radyschen ($2.52 in chips) 
Seat 6: Xaxaec ($0.66 in chips) 
Seat 8: matmur69 ($1.38 in chips) 
Seat 9: Dorex2007 ($2 in chips) 
Harvey165: posts small blind $0.01
DanRussel: posts big blind $0.02
mickey889: sits out 
*** HOLE CARDS ***
Dealt to Dorex2007 [Jc 9d]
Radyschen: folds 
Xaxaec: raises $0.02 to $0.04
matmur69: folds 
Dorex2007: folds 
chucky389: raises $0.02 to $0.06
Harvey165: folds 
DanRussel: folds 
Xaxaec: calls $0.02
*** FLOP *** [8d 2s Kd]
Xaxaec: bets $0.04
chucky389: calls $0.04
*** TURN *** [8d 2s Kd] [Qc]
Xaxaec: bets $0.04
chucky389: calls $0.04
*** RIVER *** [8d 2s Kd Qc] [4h]
Xaxaec: checks 
chucky389: bets $0.14
Xaxaec: calls $0.14
*** SHOW DOWN ***
chucky389: shows [8h 8s] (three of a kind, Eights)
Xaxaec: mucks hand 
chucky389 collected $0.57 from pot
*** SUMMARY ***
Total pot $0.59 | Rake $0.02 
Board [8d 2s Kd Qc 4h]
Seat 1: chucky389 (button) showed [8h 8s] and won ($0.57) with three of a kind, Eights
Seat 2: Harvey165 (small blind) folded before Flop
Seat 4: DanRussel (big blind) folded before Flop
Seat 5: Radyschen folded before Flop (didn't bet)
Seat 6: Xaxaec mucked [Ts Kh]
Seat 8: matmur69 folded before Flop (didn't bet)
Seat 9: Dorex2007 folded before Flop (didn't bet)



PokerStars Hand #224581743213:  Hold'em No Limit ($0.01/$0.02 USD) - 2021/03/07 19:19:10 PT [2021/03/07 22:19:10 ET]
Table 'Aladfar' 9-max Seat #2 is the button
Seat 1: chucky389 ($2.07 in chips) 
Seat 2: Harvey165 ($1.77 in chips) 
Seat 4: DanRussel ($1.95 in chips) 
Seat 5: Radyschen ($2.52 in chips) 
Seat 6: Xaxaec ($0.38 in chips) 
Seat 8: matmur69 ($1.38 in chips) 
Seat 9: Dorex2007 ($2 in chips) 
DanRussel: posts small blind $0.01
Radyschen: posts big blind $0.02
mickey889: sits out 
*** HOLE CARDS ***
Dealt to Dorex2007 [Tc 7h]
Xaxaec: folds 
matmur69: folds 
Dorex2007: folds 
chucky389: raises $0.02 to $0.04
Harvey165: raises $0.04 to $0.08
DanRussel: folds 
Radyschen: folds 
chucky389: calls $0.04
*** FLOP *** [8c 9c 4c]
chucky389: checks 
Harvey165: bets $0.10
Pate1903 is disconnected 
chucky389: calls $0.10
*** TURN *** [8c 9c 4c] [7s]
chucky389: checks 
Harvey165: bets $0.12
chucky389: folds 
Uncalled bet ($0.12) returned to Harvey165
Harvey165 collected $0.38 from pot
Harvey165: doesn't show hand 
*** SUMMARY ***
Total pot $0.39 | Rake $0.01 
Board [8c 9c 4c 7s]
Seat 1: chucky389 folded on the Turn
Seat 2: Harvey165 (button) collected ($0.38)
Seat 4: DanRussel (small blind) folded before Flop
Seat 5: Radyschen (big blind) folded before Flop
Seat 6: Xaxaec folded before Flop (didn't bet)
Seat 8: matmur69 folded before Flop (didn't bet)
Seat 9: Dorex2007 folded before Flop (didn't bet)



PokerStars Hand #224581766572:  Hold'em No Limit ($0.01/$0.02 USD) - 2021/03/07 19:20:41 PT [2021/03/07 22:20:41 ET]
Table 'Aladfar' 9-max Seat #4 is the button
Seat 1: chucky389 ($1.89 in chips) 
Seat 2: Harvey165 ($1.97 in chips) 
Seat 4: DanRussel ($1.94 in chips) 
Seat 5: Radyschen ($2.50 in chips) 
Seat 6: Xaxaec ($0.38 in chips) 
Seat 8: matmur69 ($1.38 in chips) 
Seat 9: Dorex2007 ($2 in chips) 
Radyschen: posts small blind $0.01
Xaxaec: posts big blind $0.02
mickey889: sits out 
*** HOLE CARDS ***
Dealt to Dorex2007 [6s 3d]
Pate1903 is disconnected 
matmur69: folds 
Dorex2007: folds 
chucky389: calls $0.02
Harvey165: raises $0.02 to $0.04
DanRussel: folds 
Radyschen: folds 
Xaxaec: calls $0.02
chucky389: calls $0.02
*** FLOP *** [6d Ah 9d]
Xaxaec: checks 
chucky389: checks 
Harvey165: bets $0.04
Pate1903 is disconnected 
Xaxaec: calls $0.04
chucky389: calls $0.04
*** TURN *** [6d Ah 9d] [8h]
Xaxaec: checks 
chucky389: checks 
Harvey165: checks 
*** RIVER *** [6d Ah 9d 8h] [As]
Xaxaec: checks 
chucky389: bets $0.12
Harvey165: folds 
Xaxaec: folds 
Uncalled bet ($0.12) returned to chucky389
chucky389 collected $0.24 from pot
*** SUMMARY ***
Total pot $0.25 | Rake $0.01 
Board [6d Ah 9d 8h As]
Seat 1: chucky389 collected ($0.24)
Seat 2: Harvey165 folded on the River
Seat 4: DanRussel (button) folded before Flop (didn't bet)
Seat 5: Radyschen (small blind) folded before Flop
Seat 6: Xaxaec (big blind) folded on the River
Seat 8: matmur69 folded before Flop (didn't bet)
Seat 9: Dorex2007 folded before Flop (didn't bet)



PokerStars Hand #224581796877:  Hold'em No Limit ($0.01/$0.02 USD) - 2021/03/07 19:22:28 PT [2021/03/07 22:22:28 ET]
Table 'Aladfar' 9-max Seat #5 is the button
Seat 1: chucky389 ($2.05 in chips) 
Seat 2: Harvey165 ($1.89 in chips) 
Seat 4: DanRussel ($1.94 in chips) 
Seat 5: Radyschen ($2.49 in chips) 
Seat 6: Xaxaec ($0.30 in chips) 
Seat 7: mickey889 ($0.80 in chips) 
Seat 8: matmur69 ($1.38 in chips) 
Seat 9: Dorex2007 ($2 in chips) 
Xaxaec: posts small blind $0.01
mickey889: posts big blind $0.02
*** HOLE CARDS ***
Dealt to Dorex2007 [Ah 4h]
matmur69: folds 
Dorex2007: raises $0.04 to $0.06
chucky389: folds 
Harvey165: folds 
DanRussel: folds 
Radyschen: folds 
Xaxaec: raises $0.04 to $0.10
mickey889: folds 
Dorex2007: calls $0.04
*** FLOP *** [4d Qs 8s]
Xaxaec: checks 
Dorex2007: checks 
*** TURN *** [4d Qs 8s] [9h]
Xaxaec: bets $0.02
Dorex2007: calls $0.02
*** RIVER *** [4d Qs 8s 9h] [Jd]
Xaxaec: bets $0.02
Dorex2007: folds 
Uncalled bet ($0.02) returned to Xaxaec
Xaxaec collected $0.25 from pot
Xaxaec: doesn't show hand 
*** SUMMARY ***
Total pot $0.26 | Rake $0.01 
Board [4d Qs 8s 9h Jd]
Seat 1: chucky389 folded before Flop (didn't bet)
Seat 2: Harvey165 folded before Flop (didn't bet)
Seat 4: DanRussel folded before Flop (didn't bet)
Seat 5: Radyschen (button) folded before Flop (didn't bet)
Seat 6: Xaxaec (small blind) collected ($0.25)
Seat 7: mickey889 (big blind) folded before Flop
Seat 8: matmur69 folded before Flop (didn't bet)
Seat 9: Dorex2007 folded on the River



PokerStars Hand #224581811387:  Hold'em No Limit ($0.01/$0.02 USD) - 2021/03/07 19:23:26 PT [2021/03/07 22:23:26 ET]
Table 'Aladfar' 9-max Seat #6 is the button
Seat 1: chucky389 ($2.05 in chips) 
Seat 2: Harvey165 ($1.89 in chips) 
Seat 4: DanRussel ($1.94 in chips) 
Seat 5: Radyschen ($2.49 in chips) 
Seat 6: Xaxaec ($0.43 in chips) 
Seat 7: mickey889 ($0.78 in chips) 
Seat 9: Dorex2007 ($2 in chips) 
mickey889: posts small blind $0.01
matmur69: is sitting out 
Dorex2007: posts big blind $0.02
*** HOLE CARDS ***
Dealt to Dorex2007 [Qh 2d]
chucky389: folds 
matmur69 leaves the table
Harvey165: raises $0.02 to $0.04
DanRussel: folds 
Radyschen: folds 
Jeissbock joins the table at seat #8 
Xaxaec: calls $0.04
mickey889: calls $0.03
Dorex2007: folds 
*** FLOP *** [3c Js 6c]
mickey889: checks 
Jeissbock leaves the table
Harvey165: checks 
Xaxaec: checks 
*** TURN *** [3c Js 6c] [9h]
mickey889: bets $0.04
Harvey165: folds 
Xaxaec: calls $0.04
*** RIVER *** [3c Js 6c 9h] [2c]
Jeissbock joins the table at seat #8 
mickey889: checks 
Xaxaec: bets $0.06
mickey889: calls $0.06
*** SHOW DOWN ***
Xaxaec: shows [Tc 9c] (a flush, Ten high)
mickey889: mucks hand 
Xaxaec collected $0.33 from pot
*** SUMMARY ***
Total pot $0.34 | Rake $0.01 
Board [3c Js 6c 9h 2c]
Seat 1: chucky389 folded before Flop (didn't bet)
Seat 2: Harvey165 folded on the Turn
Seat 4: DanRussel folded before Flop (didn't bet)
Seat 5: Radyschen folded before Flop (didn't bet)
Seat 6: Xaxaec (button) showed [Tc 9c] and won ($0.33) with a flush, Ten high
Seat 7: mickey889 (small blind) mucked [6d Td]
Seat 9: Dorex2007 (big blind) folded before Flop



PokerStars Hand #224581827203:  Hold'em No Limit ($0.01/$0.02 USD) - 2021/03/07 19:24:29 PT [2021/03/07 22:24:29 ET]
Table 'Aladfar' 9-max Seat #7 is the button
Seat 1: chucky389 ($2.05 in chips) 
Seat 2: Harvey165 ($1.85 in chips) 
Seat 4: DanRussel ($1.94 in chips) 
Seat 5: Radyschen ($2.49 in chips) 
Seat 6: Xaxaec ($0.62 in chips) 
Seat 7: mickey889 ($0.64 in chips) 
Seat 9: Dorex2007 ($2 in chips) 
Dorex2007: posts small blind $0.01
chucky389: posts big blind $0.02
*** HOLE CARDS ***
Dealt to Dorex2007 [3s 6c]
Harvey165: raises $0.04 to $0.06
DanRussel: folds 
Radyschen: folds 
Xaxaec: folds 
mickey889: folds 
Dorex2007: folds 
chucky389: folds 
Uncalled bet ($0.04) returned to Harvey165
Harvey165 collected $0.05 from pot
Harvey165: doesn't show hand 
*** SUMMARY ***
Total pot $0.05 | Rake $0 
Seat 1: chucky389 (big blind) folded before Flop
Seat 2: Harvey165 collected ($0.05)
Seat 4: DanRussel folded before Flop (didn't bet)
Seat 5: Radyschen folded before Flop (didn't bet)
Seat 6: Xaxaec folded before Flop (didn't bet)
Seat 7: mickey889 (button) folded before Flop (didn't bet)
Seat 9: Dorex2007 (small blind) folded before Flop



PokerStars Hand #224581832617:  Hold'em No Limit ($0.01/$0.02 USD) - 2021/03/07 19:24:51 PT [2021/03/07 22:24:51 ET]
Table 'Aladfar' 9-max Seat #9 is the button
Seat 1: chucky389 ($2.03 in chips) 
Seat 2: Harvey165 ($1.88 in chips) 
Seat 4: DanRussel ($1.94 in chips) 
Seat 5: Radyschen ($2.49 in chips) 
Seat 6: Xaxaec ($0.62 in chips) 
Seat 7: mickey889 ($0.64 in chips) 
Seat 8: Jeissbock ($1.60 in chips) 
Seat 9: Dorex2007 ($2 in chips) 
chucky389: posts small blind $0.01
Harvey165: posts big blind $0.02
Jeissbock: posts big blind $0.02
*** HOLE CARDS ***
Dealt to Dorex2007 [8c Qc]
DanRussel: folds 
Radyschen: folds 
Xaxaec: folds 
mickey889: folds 
Jeissbock: raises $0.02 to $0.04
Dorex2007: raises $0.06 to $0.10
chucky389: folds 
Harvey165: calls $0.08
Jeissbock: calls $0.06
*** FLOP *** [6h 3s Kh]
Harvey165: bets $0.04
Jeissbock: calls $0.04
Dorex2007: folds 
*** TURN *** [6h 3s Kh] [Jc]
Harvey165: checks 
Jeissbock: bets $0.16
Harvey165: folds 
Uncalled bet ($0.16) returned to Jeissbock
Jeissbock collected $0.38 from pot
Jeissbock: doesn't show hand 
*** SUMMARY ***
Total pot $0.39 | Rake $0.01 
Board [6h 3s Kh Jc]
Seat 1: chucky389 (small blind) folded before Flop
Seat 2: Harvey165 (big blind) folded on the Turn
Seat 4: DanRussel folded before Flop (didn't bet)
Seat 5: Radyschen folded before Flop (didn't bet)
Seat 6: Xaxaec folded before Flop (didn't bet)
Seat 7: mickey889 folded before Flop (didn't bet)
Seat 8: Jeissbock collected ($0.38)
Seat 9: Dorex2007 (button) folded on the Flop



PokerStars Hand #224581851149:  Hold'em No Limit ($0.01/$0.02 USD) - 2021/03/07 19:26:05 PT [2021/03/07 22:26:05 ET]
Table 'Aladfar' 9-max Seat #1 is the button
Seat 1: chucky389 ($2.02 in chips) 
Seat 2: Harvey165 ($1.74 in chips) 
Seat 3: Pate1903 ($1.19 in chips) 
Seat 4: DanRussel ($1.94 in chips) 
Seat 6: Xaxaec ($0.62 in chips) 
Seat 7: mickey889 ($0.64 in chips) 
Seat 8: Jeissbock ($1.84 in chips) 
Seat 9: Dorex2007 ($2 in chips) 
Harvey165: posts small blind $0.01
Pate1903: posts big blind $0.02
*** HOLE CARDS ***
Dealt to Dorex2007 [Qd 6h]
DanRussel: folds 
Xaxaec: folds 
mickey889: folds 
Jeissbock: folds 
Dorex2007: folds 
chucky389: calls $0.02
Harvey165: folds 
Pate1903: checks 
*** FLOP *** [2s 6s 3d]
Pate1903: bets $0.04
chucky389: raises $0.04 to $0.08
Pate1903: calls $0.04
*** TURN *** [2s 6s 3d] [Ac]
Pate1903: checks 
chucky389: checks 
*** RIVER *** [2s 6s 3d Ac] [6d]
Pate1903: bets $0.06
chucky389: raises $0.06 to $0.12
Pate1903: raises $0.97 to $1.09 and is all-in
chucky389: folds 
Uncalled bet ($0.97) returned to Pate1903
Pate1903 collected $0.43 from pot
Pate1903: doesn't show hand 
*** SUMMARY ***
Total pot $0.45 | Rake $0.02 
Board [2s 6s 3d Ac 6d]
Seat 1: chucky389 (button) folded on the River
Seat 2: Harvey165 (small blind) folded before Flop
Seat 3: Pate1903 (big blind) collected ($0.43)
Seat 4: DanRussel folded before Flop (didn't bet)
Seat 6: Xaxaec folded before Flop (didn't bet)
Seat 7: mickey889 folded before Flop (didn't bet)
Seat 8: Jeissbock folded before Flop (didn't bet)
Seat 9: Dorex2007 folded before Flop (didn't bet)



PokerStars Hand #224581868884:  Hold'em No Limit ($0.01/$0.02 USD) - 2021/03/07 19:27:17 PT [2021/03/07 22:27:17 ET]
Table 'Aladfar' 9-max Seat #3 is the button
Seat 1: chucky389 ($1.80 in chips) 
Seat 3: Pate1903 ($1.40 in chips) 
Seat 4: DanRussel ($1.94 in chips) 
Seat 6: Xaxaec ($0.62 in chips) 
Seat 7: mickey889 ($0.64 in chips) 
Seat 8: Jeissbock ($1.84 in chips) 
Seat 9: Dorex2007 ($2 in chips) 
DanRussel: posts small blind $0.01
Xaxaec: posts big blind $0.02
*** HOLE CARDS ***
Dealt to Dorex2007 [Qd 5c]
mickey889: folds 
Jeissbock: raises $0.02 to $0.04
Dorex2007: folds 
chucky389: calls $0.04
Pate1903: calls $0.04
DanRussel: folds 
Xaxaec: calls $0.02
*** FLOP *** [Kh Tc 7s]
Xaxaec: checks 
Jeissbock: checks 
chucky389: checks 
Pate1903: checks 
*** TURN *** [Kh Tc 7s] [Ad]
Xaxaec: bets $0.06
Jeissbock: folds 
chucky389: folds 
Pate1903: folds 
Uncalled bet ($0.06) returned to Xaxaec
Xaxaec collected $0.16 from pot
Xaxaec: doesn't show hand 
*** SUMMARY ***
Total pot $0.17 | Rake $0.01 
Board [Kh Tc 7s Ad]
Seat 1: chucky389 folded on the Turn
Seat 3: Pate1903 (button) folded on the Turn
Seat 4: DanRussel (small blind) folded before Flop
Seat 6: Xaxaec (big blind) collected ($0.16)
Seat 7: mickey889 folded before Flop (didn't bet)
Seat 8: Jeissbock folded on the Turn
Seat 9: Dorex2007 folded before Flop (didn't bet)



PokerStars Hand #224581886456:  Hold'em No Limit ($0.01/$0.02 USD) - 2021/03/07 19:28:07 PT [2021/03/07 22:28:07 ET]
Table 'Aladfar' 9-max Seat #4 is the button
Seat 1: chucky389 ($1.76 in chips) 
Seat 3: Pate1903 ($1.36 in chips) 
Seat 4: DanRussel ($1.93 in chips) 
Seat 6: Xaxaec ($0.74 in chips) 
Seat 7: mickey889 ($0.64 in chips) 
Seat 8: Jeissbock ($1.80 in chips) 
Seat 9: Dorex2007 ($2 in chips) 
Xaxaec: posts small blind $0.01
mickey889: posts big blind $0.02
*** HOLE CARDS ***
Dealt to Dorex2007 [9d Js]
Jeissbock: folds 
Dorex2007: folds 
chucky389: calls $0.02
Pate1903: folds 
DanRussel: folds 
Xaxaec: folds 
mickey889: checks 
*** FLOP *** [Jc 4s 5s]
mickey889: checks 
chucky389: checks 
*** TURN *** [Jc 4s 5s] [2d]
mickey889: checks 
chucky389: bets $0.02
mickey889: folds 
Uncalled bet ($0.02) returned to chucky389
chucky389 collected $0.05 from pot
*** SUMMARY ***
Total pot $0.05 | Rake $0 
Board [Jc 4s 5s 2d]
Seat 1: chucky389 collected ($0.05)
Seat 3: Pate1903 folded before Flop (didn't bet)
Seat 4: DanRussel (button) folded before Flop (didn't bet)
Seat 6: Xaxaec (small blind) folded before Flop
Seat 7: mickey889 (big blind) folded on the Turn
Seat 8: Jeissbock folded before Flop (didn't bet)
Seat 9: Dorex2007 folded before Flop (didn't bet)



PokerStars Hand #224581896261:  Hold'em No Limit ($0.01/$0.02 USD) - 2021/03/07 19:28:47 PT [2021/03/07 22:28:47 ET]
Table 'Aladfar' 9-max Seat #6 is the button
Seat 1: chucky389 ($1.79 in chips) 
Seat 3: Pate1903 ($1.36 in chips) 
Seat 4: DanRussel ($1.93 in chips) 
Seat 6: Xaxaec ($0.73 in chips) 
Seat 7: mickey889 ($0.62 in chips) 
Seat 8: Jeissbock ($1.80 in chips) 
Seat 9: Dorex2007 ($2 in chips) 
mickey889: posts small blind $0.01
Jeissbock: posts big blind $0.02
*** HOLE CARDS ***
Dealt to Dorex2007 [8s 2s]
Dorex2007: folds 
chucky389: folds 
Pate1903 has timed out
Pate1903: folds 
DanRussel: folds 
Xaxaec: raises $0.04 to $0.06
mickey889: folds 
Jeissbock: folds 
Uncalled bet ($0.04) returned to Xaxaec
Xaxaec collected $0.05 from pot
Xaxaec: doesn't show hand 
*** SUMMARY ***
Total pot $0.05 | Rake $0 
Seat 1: chucky389 folded before Flop (didn't bet)
Seat 3: Pate1903 folded before Flop (didn't bet)
Seat 4: DanRussel folded before Flop (didn't bet)
Seat 6: Xaxaec (button) collected ($0.05)
Seat 7: mickey889 (small blind) folded before Flop
Seat 8: Jeissbock (big blind) folded before Flop
Seat 9: Dorex2007 folded before Flop (didn't bet)



PokerStars Hand #224581911787:  Hold'em No Limit ($0.01/$0.02 USD) - 2021/03/07 19:29:27 PT [2021/03/07 22:29:27 ET]
Table 'Aladfar' 9-max Seat #7 is the button
Seat 1: chucky389 ($1.79 in chips) 
Seat 4: DanRussel ($1.93 in chips) 
Seat 6: Xaxaec ($0.76 in chips) 
Seat 7: mickey889 ($0.61 in chips) 
Seat 8: Jeissbock ($1.78 in chips) 
Seat 9: Dorex2007 ($2 in chips) 
Jeissbock: posts small blind $0.01
Dorex2007: posts big blind $0.02
*** HOLE CARDS ***
Dealt to Dorex2007 [8c 5c]
chucky389: folds 
DanRussel: folds 
Xaxaec: folds 
mickey889: folds 
Jeissbock: folds 
Uncalled bet ($0.01) returned to Dorex2007
Dorex2007 collected $0.02 from pot
Dorex2007: doesn't show hand 
*** SUMMARY ***
Total pot $0.02 | Rake $0 
Seat 1: chucky389 folded before Flop (didn't bet)
Seat 4: DanRussel folded before Flop (didn't bet)
Seat 6: Xaxaec folded before Flop (didn't bet)
Seat 7: mickey889 (button) folded before Flop (didn't bet)
Seat 8: Jeissbock (small blind) folded before Flop
Seat 9: Dorex2007 (big blind) collected ($0.02)



PokerStars Hand #224581915377:  Hold'em No Limit ($0.01/$0.02 USD) - 2021/03/07 19:29:42 PT [2021/03/07 22:29:42 ET]
Table 'Aladfar' 9-max Seat #8 is the button
Seat 1: chucky389 ($1.79 in chips) 
Seat 3: Pate1903 ($1.36 in chips) 
Seat 4: DanRussel ($1.93 in chips) 
Seat 6: Xaxaec ($0.76 in chips) 
Seat 7: mickey889 ($0.61 in chips) 
Seat 8: Jeissbock ($1.77 in chips) 
Seat 9: Dorex2007 ($2.01 in chips) 
Dorex2007: posts small blind $0.01
chucky389: posts big blind $0.02
*** HOLE CARDS ***
Dealt to Dorex2007 [Qc 9s]
Pate1903 has timed out
Pate1903: folds 
DanRussel: folds 
Xaxaec: folds 
mickey889: calls $0.02
Jeissbock has timed out
Jeissbock: folds 
Dorex2007: calls $0.01
chucky389: checks 
*** FLOP *** [7c 4d 8h]
Dorex2007: checks 
chucky389: bets $0.02
mickey889: folds 
Dorex2007: folds 
Uncalled bet ($0.02) returned to chucky389
chucky389 collected $0.06 from pot
*** SUMMARY ***
Total pot $0.06 | Rake $0 
Board [7c 4d 8h]
Seat 1: chucky389 (big blind) collected ($0.06)
Seat 3: Pate1903 folded before Flop (didn't bet)
Seat 4: DanRussel folded before Flop (didn't bet)
Seat 6: Xaxaec folded before Flop (didn't bet)
Seat 7: mickey889 folded on the Flop
Seat 8: Jeissbock (button) folded before Flop (didn't bet)
Seat 9: Dorex2007 (small blind) folded on the Flop



PokerStars Hand #224581930381:  Hold'em No Limit ($0.01/$0.02 USD) - 2021/03/07 19:30:43 PT [2021/03/07 22:30:43 ET]
Table 'Aladfar' 9-max Seat #9 is the button
Seat 1: chucky389 ($1.83 in chips) 
Seat 4: DanRussel ($1.93 in chips) 
Seat 6: Xaxaec ($0.76 in chips) 
Seat 7: mickey889 ($0.59 in chips) 
Seat 8: Jeissbock ($1.77 in chips) 
Seat 9: Dorex2007 ($2 in chips) 
chucky389: posts small blind $0.01
DanRussel: posts big blind $0.02
*** HOLE CARDS ***
Dealt to Dorex2007 [Js 7s]
Xaxaec: folds 
mickey889: folds 
Jeissbock: calls $0.02
Dorex2007: calls $0.02
chucky389: folds 
DanRussel: checks 
*** FLOP *** [Qh Kd Ts]
chucky389 leaves the table
DanRussel: checks 
Jeissbock: checks 
Dorex2007: checks 
*** TURN *** [Qh Kd Ts] [Qc]
DanRussel: checks 
Jeissbock: checks 
Dorex2007: checks 
*** RIVER *** [Qh Kd Ts Qc] [9h]
DanRussel: checks 
Jeissbock: checks 
Dorex2007: bets $0.07
DanRussel: folds 
Jeissbock: folds 
Uncalled bet ($0.07) returned to Dorex2007
Dorex2007 collected $0.07 from pot
Dorex2007: doesn't show hand 
*** SUMMARY ***
Total pot $0.07 | Rake $0 
Board [Qh Kd Ts Qc 9h]
Seat 1: chucky389 (small blind) folded before Flop
Seat 4: DanRussel (big blind) folded on the River
Seat 6: Xaxaec folded before Flop (didn't bet)
Seat 7: mickey889 folded before Flop (didn't bet)
Seat 8: Jeissbock folded on the River
Seat 9: Dorex2007 (button) collected ($0.07)



PokerStars Hand #224581945240:  Hold'em No Limit ($0.01/$0.02 USD) - 2021/03/07 19:31:44 PT [2021/03/07 22:31:44 ET]
Table 'Aladfar' 9-max Seat #4 is the button
Seat 4: DanRussel ($1.91 in chips) 
Seat 6: Xaxaec ($0.76 in chips) 
Seat 8: Jeissbock ($1.75 in chips) 
Seat 9: Dorex2007 ($2.05 in chips) 
Xaxaec: posts small blind $0.01
mickey889: is sitting out 
Jeissbock: posts big blind $0.02
*** HOLE CARDS ***
Dealt to Dorex2007 [Td 4c]
Dorex2007: folds 
DanRussel: folds 
Xaxaec: folds 
Uncalled bet ($0.01) returned to Jeissbock
Jeissbock collected $0.02 from pot
Jeissbock: doesn't show hand 
*** SUMMARY ***
Total pot $0.02 | Rake $0 
Seat 4: DanRussel (button) folded before Flop (didn't bet)
Seat 6: Xaxaec (small blind) folded before Flop
Seat 8: Jeissbock (big blind) collected ($0.02)
Seat 9: Dorex2007 folded before Flop (didn't bet)



PokerStars Hand #224581947058:  Hold'em No Limit ($0.01/$0.02 USD) - 2021/03/07 19:31:52 PT [2021/03/07 22:31:52 ET]
Table 'Aladfar' 9-max Seat #6 is the button
Seat 4: DanRussel ($1.91 in chips) 
Seat 6: Xaxaec ($0.75 in chips) 
Seat 8: Jeissbock ($1.76 in chips) 
Seat 9: Dorex2007 ($2.05 in chips) 
Jeissbock: posts small blind $0.01
Dorex2007: posts big blind $0.02
*** HOLE CARDS ***
Dealt to Dorex2007 [3c 3h]
mickey889 leaves the table
DanRussel: folds 
Xaxaec: folds 
Jeissbock: calls $0.01
Dorex2007: checks 
*** FLOP *** [9s 5d 3s]
Jeissbock: checks 
Dorex2007: bets $0.04
DanRussel leaves the table
Jeissbock: folds 
Uncalled bet ($0.04) returned to Dorex2007
Dorex2007 collected $0.04 from pot
Dorex2007: doesn't show hand 
*** SUMMARY ***
Total pot $0.04 | Rake $0 
Board [9s 5d 3s]
Seat 4: DanRussel folded before Flop (didn't bet)
Seat 6: Xaxaec (button) folded before Flop (didn't bet)
Seat 8: Jeissbock (small blind) folded on the Flop
Seat 9: Dorex2007 (big blind) collected ($0.04)



PokerStars Hand #224581957915:  Hold'em No Limit ($0.01/$0.02 USD) - 2021/03/07 19:32:36 PT [2021/03/07 22:32:36 ET]
Table 'Aladfar' 9-max Seat #8 is the button
Seat 3: Pate1903 ($1.36 in chips) 
Seat 6: Xaxaec ($0.75 in chips) 
Seat 8: Jeissbock ($1.74 in chips) 
Seat 9: Dorex2007 ($2.07 in chips) 
Dorex2007: posts small blind $0.01
Pate1903: posts big blind $0.02
*** HOLE CARDS ***
Dealt to Dorex2007 [Kc 3d]
Xaxaec: folds 
Radyschen leaves the table
Jeissbock: folds 
Dorex2007: folds 
Uncalled bet ($0.01) returned to Pate1903
Pate1903 collected $0.02 from pot
Pate1903: doesn't show hand 
*** SUMMARY ***
Total pot $0.02 | Rake $0 
Seat 3: Pate1903 (big blind) collected ($0.02)
Seat 6: Xaxaec folded before Flop (didn't bet)
Seat 8: Jeissbock (button) folded before Flop (didn't bet)
Seat 9: Dorex2007 (small blind) folded before Flop



