PokerStars Home Game Hand #226498944157: {Club #4784625}  Hold'em No Limit ($0.01/$0.02 USD) - 2021/05/05 18:38:56 PT [2021/05/05 21:38:56 ET]
Table 'Cash Game' 9-max Seat #2 is the button
Seat 1: Dorex2007 ($2 in chips) 
Seat 2: kristymallory ($2 in chips) 
kristymallory: posts small blind $0.01
Dorex2007: posts big blind $0.02
*** HOLE CARDS ***
Dealt to Dorex2007 [Jh 3c]
kristymallory: calls $0.01
Psych0P4th joins the table at seat #5 
beanMachine444 joins the table at seat #3 
Dorex2007: checks 
*** FLOP *** [As 4d 6h]
Dorex2007: checks 
kristymallory: checks 
*** TURN *** [As 4d 6h] [Td]
Dorex2007: checks 
kristymallory: checks 
*** RIVER *** [As 4d 6h Td] [Ts]
Dorex2007: checks 
kristymallory: checks 
*** SHOW DOWN ***
Dorex2007: shows [Jh 3c] (a pair of Tens)
kristymallory: shows [5d Qs] (a pair of Tens - Ace+Queen kicker)
kristymallory collected $0.04 from pot
*** SUMMARY ***
Total pot $0.04 | Rake $0 
Board [As 4d 6h Td Ts]
Seat 1: Dorex2007 (big blind) showed [Jh 3c] and lost with a pair of Tens
Seat 2: kristymallory (button) (small blind) showed [5d Qs] and won ($0.04) with a pair of Tens



PokerStars Home Game Hand #226498967269: {Club #4784625}  Hold'em No Limit ($0.01/$0.02 USD) - 2021/05/05 18:40:19 PT [2021/05/05 21:40:19 ET]
Table 'Cash Game' 9-max Seat #1 is the button
Seat 1: Dorex2007 ($1.98 in chips) 
Seat 2: kristymallory ($2.02 in chips) 
Seat 3: beanMachine444 ($1.60 in chips) 
Seat 5: Psych0P4th ($2 in chips) 
kristymallory: posts small blind $0.01
beanMachine444: posts big blind $0.02
Psych0P4th: posts big blind $0.02
*** HOLE CARDS ***
Dealt to Dorex2007 [3d 2c]
Psych0P4th: checks 
Dorex2007: folds 
kristymallory: calls $0.01
beanMachine444: checks 
*** FLOP *** [6h 9h Qh]
kristymallory: bets $0.02
beanMachine444: calls $0.02
Psych0P4th: calls $0.02
*** TURN *** [6h 9h Qh] [5h]
kristymallory: checks 
beanMachine444: checks 
Psych0P4th: checks 
*** RIVER *** [6h 9h Qh 5h] [Js]
kristymallory: checks 
beanMachine444: bets $0.02
Psych0P4th: calls $0.02
kristymallory: folds 
*** SHOW DOWN ***
beanMachine444: shows [Jc 6d] (two pair, Jacks and Sixes)
Psych0P4th: shows [Jd 8h] (a flush, Queen high)
Psych0P4th collected $0.15 from pot
*** SUMMARY ***
Total pot $0.16 | Rake $0.01 
Board [6h 9h Qh 5h Js]
Seat 1: Dorex2007 (button) folded before Flop (didn't bet)
Seat 2: kristymallory (small blind) folded on the River
Seat 3: beanMachine444 (big blind) showed [Jc 6d] and lost with two pair, Jacks and Sixes
Seat 5: Psych0P4th showed [Jd 8h] and won ($0.15) with a flush, Queen high



PokerStars Home Game Hand #226498980664: {Club #4784625}  Hold'em No Limit ($0.01/$0.02 USD) - 2021/05/05 18:41:07 PT [2021/05/05 21:41:07 ET]
Table 'Cash Game' 9-max Seat #2 is the button
Seat 1: Dorex2007 ($1.98 in chips) 
Seat 2: kristymallory ($1.98 in chips) 
Seat 3: beanMachine444 ($1.54 in chips) 
Seat 5: Psych0P4th ($2.09 in chips) 
beanMachine444: posts small blind $0.01
Psych0P4th: posts big blind $0.02
*** HOLE CARDS ***
Dealt to Dorex2007 [7s Kc]
Dorex2007: folds 
kristymallory: raises $0.04 to $0.06
beanMachine444: calls $0.05
Psych0P4th: folds 
*** FLOP *** [4c 6d Jh]
WWiebe23 joins the table at seat #6 
beanMachine444: checks 
kristymallory: bets $0.07
beanMachine444: calls $0.07
*** TURN *** [4c 6d Jh] [6s]
beanMachine444: bets $0.02
kristymallory: folds 
Uncalled bet ($0.02) returned to beanMachine444
beanMachine444 collected $0.27 from pot
*** SUMMARY ***
Total pot $0.28 | Rake $0.01 
Board [4c 6d Jh 6s]
Seat 1: Dorex2007 folded before Flop (didn't bet)
Seat 2: kristymallory (button) folded on the Turn
Seat 3: beanMachine444 (small blind) collected ($0.27)
Seat 5: Psych0P4th (big blind) folded before Flop



PokerStars Home Game Hand #226498990795: {Club #4784625}  Hold'em No Limit ($0.01/$0.02 USD) - 2021/05/05 18:41:43 PT [2021/05/05 21:41:43 ET]
Table 'Cash Game' 9-max Seat #3 is the button
Seat 1: Dorex2007 ($1.98 in chips) 
Seat 2: kristymallory ($1.85 in chips) 
Seat 3: beanMachine444 ($1.68 in chips) 
Seat 5: Psych0P4th ($2.07 in chips) 
Seat 6: WWiebe23 ($2 in chips) 
Psych0P4th: posts small blind $0.01
WWiebe23: posts big blind $0.02
*** HOLE CARDS ***
Dealt to Dorex2007 [Th 3s]
Dorex2007: folds 
kristymallory: folds 
beanMachine444: calls $0.02
Psych0P4th: raises $0.07 to $0.09
WWiebe23: calls $0.07
beanMachine444: calls $0.07
*** FLOP *** [8d 2c 6s]
Psych0P4th: bets $0.20
WWiebe23: calls $0.20
beanMachine444: calls $0.20
*** TURN *** [8d 2c 6s] [8h]
Psych0P4th: checks 
WWiebe23: checks 
beanMachine444: checks 
*** RIVER *** [8d 2c 6s 8h] [4c]
Psych0P4th: bets $0.34
WWiebe23: folds 
beanMachine444: raises $0.34 to $0.68
Psych0P4th: calls $0.34
*** SHOW DOWN ***
beanMachine444: shows [Qs Qc] (two pair, Queens and Eights)
Psych0P4th: mucks hand 
beanMachine444 collected $2.15 from pot
*** SUMMARY ***
Total pot $2.23 | Rake $0.08 
Board [8d 2c 6s 8h 4c]
Seat 1: Dorex2007 folded before Flop (didn't bet)
Seat 2: kristymallory folded before Flop (didn't bet)
Seat 3: beanMachine444 (button) showed [Qs Qc] and won ($2.15) with two pair, Queens and Eights
Seat 5: Psych0P4th (small blind) mucked [7h 7c]
Seat 6: WWiebe23 (big blind) folded on the River



PokerStars Home Game Hand #226499016045: {Club #4784625}  Hold'em No Limit ($0.01/$0.02 USD) - 2021/05/05 18:43:15 PT [2021/05/05 21:43:15 ET]
Table 'Cash Game' 9-max Seat #5 is the button
Seat 1: Dorex2007 ($1.98 in chips) 
Seat 2: kristymallory ($1.85 in chips) 
Seat 3: beanMachine444 ($2.86 in chips) 
Seat 5: Psych0P4th ($1.10 in chips) 
Seat 6: WWiebe23 ($1.71 in chips) 
WWiebe23: posts small blind $0.01
Dorex2007: posts big blind $0.02
*** HOLE CARDS ***
Dealt to Dorex2007 [7s 2c]
kristymallory: folds 
beanMachine444: calls $0.02
Psych0P4th: raises $0.06 to $0.08
WWiebe23: raises $0.06 to $0.14
Dorex2007: folds 
beanMachine444: calls $0.12
Psych0P4th: calls $0.06
*** FLOP *** [Qh 6h 4h]
WWiebe23: bets $0.02
beanMachine444: calls $0.02
Psych0P4th: raises $0.16 to $0.18
WWiebe23: calls $0.16
beanMachine444: folds 
*** TURN *** [Qh 6h 4h] [7c]
WWiebe23: bets $0.16
Psych0P4th: calls $0.16
*** RIVER *** [Qh 6h 4h 7c] [Td]
WWiebe23: bets $0.22
Psych0P4th: folds 
Uncalled bet ($0.22) returned to WWiebe23
WWiebe23 collected $1.10 from pot
WWiebe23: doesn't show hand 
*** SUMMARY ***
Total pot $1.14 | Rake $0.04 
Board [Qh 6h 4h 7c Td]
Seat 1: Dorex2007 (big blind) folded before Flop
Seat 2: kristymallory folded before Flop (didn't bet)
Seat 3: beanMachine444 folded on the Flop
Seat 5: Psych0P4th (button) folded on the River
Seat 6: WWiebe23 (small blind) collected ($1.10)



PokerStars Home Game Hand #226499046002: {Club #4784625}  Hold'em No Limit ($0.01/$0.02 USD) - 2021/05/05 18:45:05 PT [2021/05/05 21:45:05 ET]
Table 'Cash Game' 9-max Seat #6 is the button
Seat 1: Dorex2007 ($1.96 in chips) 
Seat 2: kristymallory ($1.85 in chips) 
Seat 3: beanMachine444 ($2.70 in chips) 
Seat 5: Psych0P4th ($1.52 in chips) 
Seat 6: WWiebe23 ($2.33 in chips) 
Dorex2007: posts small blind $0.01
kristymallory: posts big blind $0.02
*** HOLE CARDS ***
Dealt to Dorex2007 [Qh 7s]
beanMachine444: calls $0.02
Psych0P4th: folds 
WWiebe23: calls $0.02
Dorex2007: calls $0.01
kristymallory: checks 
*** FLOP *** [4d 6c 9h]
Dorex2007: checks 
kristymallory: checks 
beanMachine444: checks 
WWiebe23: checks 
*** TURN *** [4d 6c 9h] [6s]
Dorex2007: checks 
kristymallory: checks 
beanMachine444: checks 
WWiebe23: checks 
*** RIVER *** [4d 6c 9h 6s] [Ah]
Dorex2007: checks 
kristymallory: bets $0.04
beanMachine444: calls $0.04
WWiebe23: calls $0.04
Dorex2007: folds 
*** SHOW DOWN ***
kristymallory: shows [As 2h] (two pair, Aces and Sixes)
beanMachine444: mucks hand 
WWiebe23: mucks hand 
kristymallory collected $0.19 from pot
*** SUMMARY ***
Total pot $0.20 | Rake $0.01 
Board [4d 6c 9h 6s Ah]
Seat 1: Dorex2007 (small blind) folded on the River
Seat 2: kristymallory (big blind) showed [As 2h] and won ($0.19) with two pair, Aces and Sixes
Seat 3: beanMachine444 mucked [Js Kd]
Seat 5: Psych0P4th folded before Flop (didn't bet)
Seat 6: WWiebe23 (button) mucked [3d Kh]



PokerStars Home Game Hand #226499060923: {Club #4784625}  Hold'em No Limit ($0.01/$0.02 USD) - 2021/05/05 18:45:59 PT [2021/05/05 21:45:59 ET]
Table 'Cash Game' 9-max Seat #1 is the button
Seat 1: Dorex2007 ($1.94 in chips) 
Seat 2: kristymallory ($1.98 in chips) 
Seat 3: beanMachine444 ($2.64 in chips) 
Seat 5: Psych0P4th ($2 in chips) 
Seat 6: WWiebe23 ($2.27 in chips) 
kristymallory: posts small blind $0.01
beanMachine444: posts big blind $0.02
*** HOLE CARDS ***
Dealt to Dorex2007 [2c Qh]
Psych0P4th: folds 
WWiebe23: calls $0.02
Dorex2007: folds 
kristymallory: calls $0.01
beanMachine444: checks 
*** FLOP *** [Jc 4d 4h]
kristymallory: bets $0.03
beanMachine444: calls $0.03
WWiebe23: folds 
*** TURN *** [Jc 4d 4h] [7h]
kristymallory: bets $0.04
beanMachine444: calls $0.04
*** RIVER *** [Jc 4d 4h 7h] [2h]
kristymallory: bets $0.04
beanMachine444: calls $0.04
*** SHOW DOWN ***
kristymallory: shows [Jd Th] (two pair, Jacks and Fours)
beanMachine444: mucks hand 
kristymallory collected $0.27 from pot
*** SUMMARY ***
Total pot $0.28 | Rake $0.01 
Board [Jc 4d 4h 7h 2h]
Seat 1: Dorex2007 (button) folded before Flop (didn't bet)
Seat 2: kristymallory (small blind) showed [Jd Th] and won ($0.27) with two pair, Jacks and Fours
Seat 3: beanMachine444 (big blind) mucked [3d Ah]
Seat 5: Psych0P4th folded before Flop (didn't bet)
Seat 6: WWiebe23 folded on the Flop



PokerStars Home Game Hand #226499073526: {Club #4784625}  Hold'em No Limit ($0.01/$0.02 USD) - 2021/05/05 18:46:45 PT [2021/05/05 21:46:45 ET]
Table 'Cash Game' 9-max Seat #2 is the button
Seat 1: Dorex2007 ($1.94 in chips) 
Seat 2: kristymallory ($2.12 in chips) 
Seat 3: beanMachine444 ($2.51 in chips) 
Seat 6: WWiebe23 ($2.25 in chips) 
beanMachine444: posts small blind $0.01
WWiebe23: posts big blind $0.02
*** HOLE CARDS ***
Dealt to Dorex2007 [9h 5s]
Dorex2007: folds 
kristymallory: folds 
beanMachine444: calls $0.01
WWiebe23: checks 
*** FLOP *** [4c Qh Ks]
beanMachine444: checks 
WWiebe23: checks 
*** TURN *** [4c Qh Ks] [2s]
beanMachine444: bets $0.02
WWiebe23: calls $0.02
*** RIVER *** [4c Qh Ks 2s] [8d]
beanMachine444: bets $0.04
WWiebe23: calls $0.04
*** SHOW DOWN ***
beanMachine444: shows [Kc 7d] (a pair of Kings)
WWiebe23: mucks hand 
beanMachine444 collected $0.15 from pot
*** SUMMARY ***
Total pot $0.16 | Rake $0.01 
Board [4c Qh Ks 2s 8d]
Seat 1: Dorex2007 folded before Flop (didn't bet)
Seat 2: kristymallory (button) folded before Flop (didn't bet)
Seat 3: beanMachine444 (small blind) showed [Kc 7d] and won ($0.15) with a pair of Kings
Seat 6: WWiebe23 (big blind) mucked [2d 6h]



PokerStars Home Game Hand #226499082009: {Club #4784625}  Hold'em No Limit ($0.01/$0.02 USD) - 2021/05/05 18:47:16 PT [2021/05/05 21:47:16 ET]
Table 'Cash Game' 9-max Seat #3 is the button
Seat 1: Dorex2007 ($1.94 in chips) 
Seat 2: kristymallory ($2.12 in chips) 
Seat 3: beanMachine444 ($2.58 in chips) 
Seat 6: WWiebe23 ($2.17 in chips) 
WWiebe23: posts small blind $0.01
Dorex2007: posts big blind $0.02
*** HOLE CARDS ***
Dealt to Dorex2007 [Ks 4d]
kristymallory: folds 
beanMachine444: raises $0.02 to $0.04
WWiebe23: folds 
Dorex2007: folds 
Uncalled bet ($0.02) returned to beanMachine444
beanMachine444 collected $0.05 from pot
*** SUMMARY ***
Total pot $0.05 | Rake $0 
Seat 1: Dorex2007 (big blind) folded before Flop
Seat 2: kristymallory folded before Flop (didn't bet)
Seat 3: beanMachine444 (button) collected ($0.05)
Seat 6: WWiebe23 (small blind) folded before Flop



PokerStars Home Game Hand #226499085096: {Club #4784625}  Hold'em No Limit ($0.01/$0.02 USD) - 2021/05/05 18:47:28 PT [2021/05/05 21:47:28 ET]
Table 'Cash Game' 9-max Seat #6 is the button
Seat 1: Dorex2007 ($1.92 in chips) 
Seat 2: kristymallory ($2.12 in chips) 
Seat 3: beanMachine444 ($2.61 in chips) 
Seat 6: WWiebe23 ($2.16 in chips) 
Dorex2007: posts small blind $0.01
kristymallory: posts big blind $0.02
*** HOLE CARDS ***
Dealt to Dorex2007 [3c Qh]
beanMachine444: calls $0.02
WWiebe23: folds 
Dorex2007: folds 
kristymallory: checks 
*** FLOP *** [2h 3d 4s]
kristymallory: checks 
beanMachine444: checks 
*** TURN *** [2h 3d 4s] [9d]
kristymallory: checks 
beanMachine444: bets $0.02
kristymallory: folds 
Uncalled bet ($0.02) returned to beanMachine444
beanMachine444 collected $0.05 from pot
*** SUMMARY ***
Total pot $0.05 | Rake $0 
Board [2h 3d 4s 9d]
Seat 1: Dorex2007 (small blind) folded before Flop
Seat 2: kristymallory (big blind) folded on the Turn
Seat 3: beanMachine444 collected ($0.05)
Seat 6: WWiebe23 (button) folded before Flop (didn't bet)



PokerStars Home Game Hand #226499095240: {Club #4784625}  Hold'em No Limit ($0.01/$0.02 USD) - 2021/05/05 18:47:53 PT [2021/05/05 21:47:53 ET]
Table 'Cash Game' 9-max Seat #1 is the button
Seat 1: Dorex2007 ($1.91 in chips) 
Seat 2: kristymallory ($2.10 in chips) 
Seat 3: beanMachine444 ($2.64 in chips) 
Seat 6: WWiebe23 ($2.16 in chips) 
kristymallory: posts small blind $0.01
beanMachine444: posts big blind $0.02
*** HOLE CARDS ***
Dealt to Dorex2007 [5s Qd]
WWiebe23: folds 
Dorex2007: folds 
kristymallory: folds 
Uncalled bet ($0.01) returned to beanMachine444
beanMachine444 collected $0.02 from pot
*** SUMMARY ***
Total pot $0.02 | Rake $0 
Seat 1: Dorex2007 (button) folded before Flop (didn't bet)
Seat 2: kristymallory (small blind) folded before Flop
Seat 3: beanMachine444 (big blind) collected ($0.02)
Seat 6: WWiebe23 folded before Flop (didn't bet)



PokerStars Home Game Hand #226499097812: {Club #4784625}  Hold'em No Limit ($0.01/$0.02 USD) - 2021/05/05 18:48:02 PT [2021/05/05 21:48:02 ET]
Table 'Cash Game' 9-max Seat #2 is the button
Seat 1: Dorex2007 ($1.91 in chips) 
Seat 2: kristymallory ($2.09 in chips) 
Seat 3: beanMachine444 ($2.65 in chips) 
Seat 6: WWiebe23 ($2.16 in chips) 
beanMachine444: posts small blind $0.01
WWiebe23: posts big blind $0.02
*** HOLE CARDS ***
Dealt to Dorex2007 [Js 7h]
Dorex2007: folds 
kristymallory: folds 
beanMachine444: calls $0.01
WWiebe23: raises $0.02 to $0.04
beanMachine444: calls $0.02
*** FLOP *** [9h Kd 6h]
beanMachine444: bets $0.02
WWiebe23: raises $0.02 to $0.04
beanMachine444: calls $0.02
*** TURN *** [9h Kd 6h] [Ad]
beanMachine444: checks 
WWiebe23: bets $0.40
beanMachine444: folds 
Uncalled bet ($0.40) returned to WWiebe23
WWiebe23 collected $0.15 from pot
WWiebe23: doesn't show hand 
*** SUMMARY ***
Total pot $0.16 | Rake $0.01 
Board [9h Kd 6h Ad]
Seat 1: Dorex2007 folded before Flop (didn't bet)
Seat 2: kristymallory (button) folded before Flop (didn't bet)
Seat 3: beanMachine444 (small blind) folded on the Turn
Seat 6: WWiebe23 (big blind) collected ($0.15)



PokerStars Home Game Hand #226499110979: {Club #4784625}  Hold'em No Limit ($0.01/$0.02 USD) - 2021/05/05 18:48:50 PT [2021/05/05 21:48:50 ET]
Table 'Cash Game' 9-max Seat #3 is the button
Seat 1: Dorex2007 ($1.91 in chips) 
Seat 2: kristymallory ($2.09 in chips) 
Seat 3: beanMachine444 ($2.57 in chips) 
Seat 6: WWiebe23 ($2.23 in chips) 
WWiebe23: posts small blind $0.01
Dorex2007: posts big blind $0.02
*** HOLE CARDS ***
Dealt to Dorex2007 [Qs 8d]
kristymallory: raises $0.04 to $0.06
beanMachine444: calls $0.06
WWiebe23: calls $0.05
Dorex2007: folds 
*** FLOP *** [Jc 7h Tc]
WWiebe23: bets $0.02
kristymallory: raises $0.12 to $0.14
beanMachine444: calls $0.14
WWiebe23: calls $0.12
*** TURN *** [Jc 7h Tc] [Kc]
WWiebe23: bets $0.48
kristymallory: folds 
beanMachine444: folds 
Uncalled bet ($0.48) returned to WWiebe23
WWiebe23 collected $0.60 from pot
WWiebe23: doesn't show hand 
*** SUMMARY ***
Total pot $0.62 | Rake $0.02 
Board [Jc 7h Tc Kc]
Seat 1: Dorex2007 (big blind) folded before Flop
Seat 2: kristymallory folded on the Turn
Seat 3: beanMachine444 (button) folded on the Turn
Seat 6: WWiebe23 (small blind) collected ($0.60)



PokerStars Home Game Hand #226499126785: {Club #4784625}  Hold'em No Limit ($0.01/$0.02 USD) - 2021/05/05 18:49:48 PT [2021/05/05 21:49:48 ET]
Table 'Cash Game' 9-max Seat #6 is the button
Seat 1: Dorex2007 ($1.89 in chips) 
Seat 2: kristymallory ($1.89 in chips) 
Seat 3: beanMachine444 ($2.37 in chips) 
Seat 6: WWiebe23 ($2.63 in chips) 
Dorex2007: posts small blind $0.01
kristymallory: posts big blind $0.02
*** HOLE CARDS ***
Dealt to Dorex2007 [2s Ts]
beanMachine444: calls $0.02
WWiebe23: folds 
Dorex2007: calls $0.01
kristymallory: checks 
*** FLOP *** [3d Kh 3s]
Dorex2007: checks 
kristymallory: checks 
beanMachine444: bets $0.02
Dorex2007: folds 
kristymallory: folds 
Uncalled bet ($0.02) returned to beanMachine444
beanMachine444 collected $0.06 from pot
*** SUMMARY ***
Total pot $0.06 | Rake $0 
Board [3d Kh 3s]
Seat 1: Dorex2007 (small blind) folded on the Flop
Seat 2: kristymallory (big blind) folded on the Flop
Seat 3: beanMachine444 collected ($0.06)
Seat 6: WWiebe23 (button) folded before Flop (didn't bet)



PokerStars Home Game Hand #226499132112: {Club #4784625}  Hold'em No Limit ($0.01/$0.02 USD) - 2021/05/05 18:50:07 PT [2021/05/05 21:50:07 ET]
Table 'Cash Game' 9-max Seat #1 is the button
Seat 1: Dorex2007 ($1.87 in chips) 
Seat 2: kristymallory ($1.87 in chips) 
Seat 3: beanMachine444 ($2.41 in chips) 
Seat 6: WWiebe23 ($2.63 in chips) 
kristymallory: posts small blind $0.01
beanMachine444: posts big blind $0.02
*** HOLE CARDS ***
Dealt to Dorex2007 [Jc 2h]
WWiebe23: folds 
Dorex2007: folds 
kristymallory: calls $0.01
beanMachine444: raises $0.02 to $0.04
kristymallory: calls $0.02
*** FLOP *** [3c Qs Ah]
kristymallory: bets $0.04
beanMachine444: calls $0.04
*** TURN *** [3c Qs Ah] [6c]
kristymallory: bets $0.08
beanMachine444: folds 
Uncalled bet ($0.08) returned to kristymallory
kristymallory collected $0.15 from pot
*** SUMMARY ***
Total pot $0.16 | Rake $0.01 
Board [3c Qs Ah 6c]
Seat 1: Dorex2007 (button) folded before Flop (didn't bet)
Seat 2: kristymallory (small blind) collected ($0.15)
Seat 3: beanMachine444 (big blind) folded on the Turn
Seat 6: WWiebe23 folded before Flop (didn't bet)



PokerStars Home Game Hand #226499140450: {Club #4784625}  Hold'em No Limit ($0.01/$0.02 USD) - 2021/05/05 18:50:38 PT [2021/05/05 21:50:38 ET]
Table 'Cash Game' 9-max Seat #2 is the button
Seat 1: Dorex2007 ($1.87 in chips) 
Seat 2: kristymallory ($1.94 in chips) 
Seat 3: beanMachine444 ($2.33 in chips) 
Seat 6: WWiebe23 ($2.63 in chips) 
beanMachine444: posts small blind $0.01
WWiebe23: posts big blind $0.02
*** HOLE CARDS ***
Dealt to Dorex2007 [2s 5c]
Dorex2007: folds 
kristymallory: folds 
beanMachine444: calls $0.01
WWiebe23: checks 
*** FLOP *** [5s 3h 6s]
beanMachine444: checks 
WWiebe23: checks 
*** TURN *** [5s 3h 6s] [Ts]
beanMachine444: checks 
WWiebe23: checks 
*** RIVER *** [5s 3h 6s Ts] [Qd]
beanMachine444: bets $0.02
WWiebe23: folds 
Uncalled bet ($0.02) returned to beanMachine444
beanMachine444 collected $0.04 from pot
*** SUMMARY ***
Total pot $0.04 | Rake $0 
Board [5s 3h 6s Ts Qd]
Seat 1: Dorex2007 folded before Flop (didn't bet)
Seat 2: kristymallory (button) folded before Flop (didn't bet)
Seat 3: beanMachine444 (small blind) collected ($0.04)
Seat 6: WWiebe23 (big blind) folded on the River



PokerStars Home Game Hand #226499159174: {Club #4784625}  Hold'em No Limit ($0.01/$0.02 USD) - 2021/05/05 18:51:14 PT [2021/05/05 21:51:14 ET]
Table 'Cash Game' 9-max Seat #3 is the button
Seat 1: Dorex2007 ($1.87 in chips) 
Seat 2: kristymallory ($1.94 in chips) 
Seat 3: beanMachine444 ($2.35 in chips) 
Seat 6: WWiebe23 ($2.61 in chips) 
WWiebe23: posts small blind $0.01
Dorex2007: posts big blind $0.02
*** HOLE CARDS ***
Dealt to Dorex2007 [7s Tc]
kristymallory: folds 
beanMachine444: calls $0.02
WWiebe23: calls $0.01
Dorex2007: checks 
*** FLOP *** [3c Js 6c]
WWiebe23: checks 
Dorex2007: checks 
beanMachine444: checks 
*** TURN *** [3c Js 6c] [As]
WWiebe23: checks 
Dorex2007: checks 
beanMachine444: checks 
*** RIVER *** [3c Js 6c As] [5d]
WWiebe23: checks 
Dorex2007: checks 
beanMachine444: checks 
*** SHOW DOWN ***
WWiebe23: shows [6h 9c] (a pair of Sixes)
Dorex2007: mucks hand 
beanMachine444: mucks hand 
WWiebe23 collected $0.06 from pot
*** SUMMARY ***
Total pot $0.06 | Rake $0 
Board [3c Js 6c As 5d]
Seat 1: Dorex2007 (big blind) mucked [7s Tc]
Seat 2: kristymallory folded before Flop (didn't bet)
Seat 3: beanMachine444 (button) mucked [9s 4h]
Seat 6: WWiebe23 (small blind) showed [6h 9c] and won ($0.06) with a pair of Sixes



PokerStars Home Game Hand #226499171662: {Club #4784625}  Hold'em No Limit ($0.01/$0.02 USD) - 2021/05/05 18:52:00 PT [2021/05/05 21:52:00 ET]
Table 'Cash Game' 9-max Seat #6 is the button
Seat 1: Dorex2007 ($1.85 in chips) 
Seat 2: kristymallory ($1.94 in chips) 
Seat 3: beanMachine444 ($2.33 in chips) 
Seat 5: Psych0P4th ($2 in chips) 
Seat 6: WWiebe23 ($2.65 in chips) 
Dorex2007: posts small blind $0.01
kristymallory: posts big blind $0.02
Psych0P4th: posts small & big blinds $0.03
*** HOLE CARDS ***
Dealt to Dorex2007 [Tc 2s]
beanMachine444: calls $0.02
Psych0P4th: checks 
WWiebe23: calls $0.02
Dorex2007: calls $0.01
kristymallory: checks 
*** FLOP *** [3h 2c 6c]
Dorex2007: checks 
kristymallory: checks 
beanMachine444: checks 
Psych0P4th: bets $0.07
WWiebe23: folds 
Dorex2007: folds 
kristymallory: folds 
beanMachine444: calls $0.07
*** TURN *** [3h 2c 6c] [7h]
beanMachine444: checks 
Psych0P4th: bets $0.15
beanMachine444: folds 
Uncalled bet ($0.15) returned to Psych0P4th
Psych0P4th collected $0.24 from pot
Psych0P4th: doesn't show hand 
*** SUMMARY ***
Total pot $0.25 | Rake $0.01 
Board [3h 2c 6c 7h]
Seat 1: Dorex2007 (small blind) folded on the Flop
Seat 2: kristymallory (big blind) folded on the Flop
Seat 3: beanMachine444 folded on the Turn
Seat 5: Psych0P4th collected ($0.24)
Seat 6: WWiebe23 (button) folded on the Flop



PokerStars Home Game Hand #226499191529: {Club #4784625}  Hold'em No Limit ($0.01/$0.02 USD) - 2021/05/05 18:53:12 PT [2021/05/05 21:53:12 ET]
Table 'Cash Game' 9-max Seat #1 is the button
Seat 1: Dorex2007 ($1.98 in chips) 
Seat 2: kristymallory ($1.92 in chips) 
Seat 3: beanMachine444 ($2.24 in chips) 
Seat 5: Psych0P4th ($2.14 in chips) 
Seat 6: WWiebe23 ($2.63 in chips) 
kristymallory: posts small blind $0.01
beanMachine444: posts big blind $0.02
*** HOLE CARDS ***
Dealt to Dorex2007 [6s Qd]
Psych0P4th: folds 
WWiebe23: folds 
Dorex2007: folds 
kristymallory: calls $0.01
beanMachine444: checks 
*** FLOP *** [7c Qc 5c]
kristymallory: checks 
beanMachine444: checks 
*** TURN *** [7c Qc 5c] [Qs]
kristymallory: checks 
beanMachine444: bets $0.02
kristymallory: calls $0.02
*** RIVER *** [7c Qc 5c Qs] [2s]
kristymallory: checks 
beanMachine444: bets $0.02
kristymallory: folds 
Uncalled bet ($0.02) returned to beanMachine444
beanMachine444 collected $0.08 from pot
*** SUMMARY ***
Total pot $0.08 | Rake $0 
Board [7c Qc 5c Qs 2s]
Seat 1: Dorex2007 (button) folded before Flop (didn't bet)
Seat 2: kristymallory (small blind) folded on the River
Seat 3: beanMachine444 (big blind) collected ($0.08)
Seat 5: Psych0P4th folded before Flop (didn't bet)
Seat 6: WWiebe23 folded before Flop (didn't bet)



PokerStars Home Game Hand #226499202318: {Club #4784625}  Hold'em No Limit ($0.01/$0.02 USD) - 2021/05/05 18:53:52 PT [2021/05/05 21:53:52 ET]
Table 'Cash Game' 9-max Seat #2 is the button
Seat 1: Dorex2007 ($1.98 in chips) 
Seat 2: kristymallory ($1.88 in chips) 
Seat 3: beanMachine444 ($2.28 in chips) 
Seat 5: Psych0P4th ($2.14 in chips) 
Seat 6: WWiebe23 ($2.63 in chips) 
beanMachine444: posts small blind $0.01
Psych0P4th: posts big blind $0.02
*** HOLE CARDS ***
Dealt to Dorex2007 [Th Js]
WWiebe23: folds 
Dorex2007: raises $0.04 to $0.06
kristymallory: folds 
beanMachine444: calls $0.05
Psych0P4th: calls $0.04
*** FLOP *** [Tc Qs 5s]
beanMachine444: bets $0.02
Psych0P4th: folds 
Dorex2007: raises $0.04 to $0.06
beanMachine444: raises $0.04 to $0.10
Dorex2007: calls $0.04
*** TURN *** [Tc Qs 5s] [6h]
beanMachine444: bets $0.02
Dorex2007: calls $0.02
*** RIVER *** [Tc Qs 5s 6h] [Ac]
beanMachine444: bets $0.02
Dorex2007: raises $0.20 to $0.22
beanMachine444: raises $0.20 to $0.42
Dorex2007: folds 
Uncalled bet ($0.20) returned to beanMachine444
beanMachine444 collected $0.83 from pot
*** SUMMARY ***
Total pot $0.86 | Rake $0.03 
Board [Tc Qs 5s 6h Ac]
Seat 1: Dorex2007 folded on the River
Seat 2: kristymallory (button) folded before Flop (didn't bet)
Seat 3: beanMachine444 (small blind) collected ($0.83)
Seat 5: Psych0P4th (big blind) folded on the Flop
Seat 6: WWiebe23 folded before Flop (didn't bet)



PokerStars Home Game Hand #226499228600: {Club #4784625}  Hold'em No Limit ($0.01/$0.02 USD) - 2021/05/05 18:55:02 PT [2021/05/05 21:55:02 ET]
Table 'Cash Game' 9-max Seat #3 is the button
Seat 1: Dorex2007 ($1.58 in chips) 
Seat 2: kristymallory ($1.88 in chips) 
Seat 3: beanMachine444 ($2.71 in chips) 
Seat 5: Psych0P4th ($2.08 in chips) 
Seat 6: WWiebe23 ($2.63 in chips) 
Psych0P4th: posts small blind $0.01
WWiebe23: posts big blind $0.02
*** HOLE CARDS ***
Dealt to Dorex2007 [6c 6d]
Dorex2007: raises $0.04 to $0.06
kristymallory: folds 
beanMachine444: calls $0.06
Psych0P4th: folds 
WWiebe23: calls $0.04
*** FLOP *** [4c 8s 3c]
WWiebe23: checks 
Dorex2007: bets $0.18
beanMachine444: calls $0.18
WWiebe23: calls $0.18
*** TURN *** [4c 8s 3c] [6s]
WWiebe23: checks 
Dorex2007: bets $0.70
beanMachine444: folds 
WWiebe23: folds 
Uncalled bet ($0.70) returned to Dorex2007
Dorex2007 collected $0.70 from pot
Dorex2007: doesn't show hand 
*** SUMMARY ***
Total pot $0.73 | Rake $0.03 
Board [4c 8s 3c 6s]
Seat 1: Dorex2007 collected ($0.70)
Seat 2: kristymallory folded before Flop (didn't bet)
Seat 3: beanMachine444 (button) folded on the Turn
Seat 5: Psych0P4th (small blind) folded before Flop
Seat 6: WWiebe23 (big blind) folded on the Turn



PokerStars Home Game Hand #226499242280: {Club #4784625}  Hold'em No Limit ($0.01/$0.02 USD) - 2021/05/05 18:56:07 PT [2021/05/05 21:56:07 ET]
Table 'Cash Game' 9-max Seat #5 is the button
Seat 1: Dorex2007 ($2.04 in chips) 
Seat 2: kristymallory ($1.88 in chips) 
Seat 3: beanMachine444 ($2.47 in chips) 
Seat 5: Psych0P4th ($2.07 in chips) 
Seat 6: WWiebe23 ($2.39 in chips) 
WWiebe23: posts small blind $0.01
Dorex2007: posts big blind $0.02
*** HOLE CARDS ***
Dealt to Dorex2007 [Ah 2c]
kristymallory: folds 
beanMachine444: folds 
Psych0P4th: raises $0.03 to $0.05
WWiebe23: calls $0.04
Dorex2007: folds 
*** FLOP *** [3c Qs 7h]
WWiebe23: checks 
Psych0P4th: bets $0.06
WWiebe23: calls $0.06
*** TURN *** [3c Qs 7h] [Kh]
WWiebe23: checks 
Psych0P4th: bets $0.08
WWiebe23: calls $0.08
*** RIVER *** [3c Qs 7h Kh] [4c]
WWiebe23: checks 
Psych0P4th: checks 
*** SHOW DOWN ***
WWiebe23: shows [Tc Qh] (a pair of Queens)
Psych0P4th: mucks hand 
WWiebe23 collected $0.39 from pot
*** SUMMARY ***
Total pot $0.40 | Rake $0.01 
Board [3c Qs 7h Kh 4c]
Seat 1: Dorex2007 (big blind) folded before Flop
Seat 2: kristymallory folded before Flop (didn't bet)
Seat 3: beanMachine444 folded before Flop (didn't bet)
Seat 5: Psych0P4th (button) mucked [7s Ts]
Seat 6: WWiebe23 (small blind) showed [Tc Qh] and won ($0.39) with a pair of Queens



PokerStars Home Game Hand #226499254868: {Club #4784625}  Hold'em No Limit ($0.01/$0.02 USD) - 2021/05/05 18:57:08 PT [2021/05/05 21:57:08 ET]
Table 'Cash Game' 9-max Seat #6 is the button
Seat 1: Dorex2007 ($2.02 in chips) 
Seat 2: kristymallory ($1.88 in chips) 
Seat 3: beanMachine444 ($2.47 in chips) 
Seat 5: Psych0P4th ($2 in chips) 
Seat 6: WWiebe23 ($2.59 in chips) 
Dorex2007: posts small blind $0.01
kristymallory: posts big blind $0.02
*** HOLE CARDS ***
Dealt to Dorex2007 [8c Th]
beanMachine444: calls $0.02
Psych0P4th: folds 
WWiebe23: calls $0.02
Dorex2007: calls $0.01
kristymallory: checks 
*** FLOP *** [8s Qh 4s]
Dorex2007: checks 
kristymallory: checks 
beanMachine444: bets $0.02
WWiebe23: raises $0.02 to $0.04
Dorex2007: calls $0.04
kristymallory: folds 
beanMachine444: calls $0.02
*** TURN *** [8s Qh 4s] [Ac]
Dorex2007: checks 
beanMachine444: bets $0.02
WWiebe23: calls $0.02
Dorex2007: calls $0.02
*** RIVER *** [8s Qh 4s Ac] [Js]
Dorex2007: checks 
beanMachine444: bets $0.02
WWiebe23: raises $0.10 to $0.12
Dorex2007: folds 
beanMachine444: calls $0.10
*** SHOW DOWN ***
WWiebe23: shows [7d Qd] (a pair of Queens)
beanMachine444: mucks hand 
WWiebe23 collected $0.48 from pot
*** SUMMARY ***
Total pot $0.50 | Rake $0.02 
Board [8s Qh 4s Ac Js]
Seat 1: Dorex2007 (small blind) folded on the River
Seat 2: kristymallory (big blind) folded on the Flop
Seat 3: beanMachine444 mucked [Kc 4c]
Seat 5: Psych0P4th folded before Flop (didn't bet)
Seat 6: WWiebe23 (button) showed [7d Qd] and won ($0.48) with a pair of Queens



PokerStars Home Game Hand #226499271015: {Club #4784625}  Hold'em No Limit ($0.01/$0.02 USD) - 2021/05/05 18:58:26 PT [2021/05/05 21:58:26 ET]
Table 'Cash Game' 9-max Seat #1 is the button
Seat 1: Dorex2007 ($1.94 in chips) 
Seat 2: kristymallory ($1.86 in chips) 
Seat 3: beanMachine444 ($2.27 in chips) 
Seat 5: Psych0P4th ($2 in chips) 
Seat 6: WWiebe23 ($2.87 in chips) 
kristymallory: posts small blind $0.01
beanMachine444: posts big blind $0.02
*** HOLE CARDS ***
Dealt to Dorex2007 [Jd 5s]
Psych0P4th: folds 
WWiebe23: calls $0.02
Dorex2007: folds 
kristymallory: calls $0.01
beanMachine444: checks 
*** FLOP *** [5h 9h Ah]
kristymallory: checks 
beanMachine444: bets $0.02
WWiebe23: calls $0.02
kristymallory: folds 
*** TURN *** [5h 9h Ah] [Kh]
beanMachine444: bets $0.02
WWiebe23: calls $0.02
*** RIVER *** [5h 9h Ah Kh] [5d]
beanMachine444: bets $0.07
WWiebe23: folds 
Uncalled bet ($0.07) returned to beanMachine444
beanMachine444 collected $0.14 from pot
*** SUMMARY ***
Total pot $0.14 | Rake $0 
Board [5h 9h Ah Kh 5d]
Seat 1: Dorex2007 (button) folded before Flop (didn't bet)
Seat 2: kristymallory (small blind) folded on the Flop
Seat 3: beanMachine444 (big blind) collected ($0.14)
Seat 5: Psych0P4th folded before Flop (didn't bet)
Seat 6: WWiebe23 folded on the River



PokerStars Home Game Hand #226499282044: {Club #4784625}  Hold'em No Limit ($0.01/$0.02 USD) - 2021/05/05 18:59:20 PT [2021/05/05 21:59:20 ET]
Table 'Cash Game' 9-max Seat #2 is the button
Seat 1: Dorex2007 ($1.94 in chips) 
Seat 2: kristymallory ($1.84 in chips) 
Seat 3: beanMachine444 ($2.35 in chips) 
Seat 5: Psych0P4th ($2 in chips) 
Seat 6: WWiebe23 ($2.81 in chips) 
beanMachine444: posts small blind $0.01
Psych0P4th: posts big blind $0.02
*** HOLE CARDS ***
Dealt to Dorex2007 [2h Ad]
WWiebe23: calls $0.02
Dorex2007: folds 
kristymallory: raises $0.04 to $0.06
beanMachine444: calls $0.05
Psych0P4th: folds 
WWiebe23: calls $0.04
*** FLOP *** [Td Tc 5s]
beanMachine444: checks 
WWiebe23: bets $0.10
kristymallory: calls $0.10
beanMachine444: calls $0.10
*** TURN *** [Td Tc 5s] [6c]
beanMachine444: checks 
WWiebe23: bets $0.12
kristymallory: calls $0.12
beanMachine444: calls $0.12
*** RIVER *** [Td Tc 5s 6c] [As]
beanMachine444: bets $0.83
WWiebe23: raises $0.83 to $1.66
kristymallory: folds 
beanMachine444: calls $0.83
*** SHOW DOWN ***
WWiebe23: shows [Kh 5h] (two pair, Tens and Fives)
beanMachine444: shows [9s Ac] (two pair, Aces and Tens)
beanMachine444 collected $4.03 from pot
*** SUMMARY ***
Total pot $4.18 | Rake $0.15 
Board [Td Tc 5s 6c As]
Seat 1: Dorex2007 folded before Flop (didn't bet)
Seat 2: kristymallory (button) folded on the River
Seat 3: beanMachine444 (small blind) showed [9s Ac] and won ($4.03) with two pair, Aces and Tens
Seat 5: Psych0P4th (big blind) folded before Flop
Seat 6: WWiebe23 showed [Kh 5h] and lost with two pair, Tens and Fives



PokerStars Home Game Hand #226499312430: {Club #4784625}  Hold'em No Limit ($0.01/$0.02 USD) - 2021/05/05 19:00:54 PT [2021/05/05 22:00:54 ET]
Table 'Cash Game' 9-max Seat #3 is the button
Seat 1: Dorex2007 ($1.94 in chips) 
Seat 2: kristymallory ($1.56 in chips) 
Seat 3: beanMachine444 ($4.44 in chips) 
Seat 5: Psych0P4th ($2 in chips) 
Seat 6: WWiebe23 ($0.87 in chips) 
Psych0P4th: posts small blind $0.01
WWiebe23: posts big blind $0.02
*** HOLE CARDS ***
Dealt to Dorex2007 [9s 6c]
Dorex2007 has timed out
Dorex2007: folds 
kristymallory: calls $0.02
beanMachine444: calls $0.02
Psych0P4th: raises $0.12 to $0.14
WWiebe23: calls $0.12
kristymallory: folds 
beanMachine444: calls $0.12
*** FLOP *** [2d As 7c]
Psych0P4th: checks 
WWiebe23: checks 
beanMachine444: bets $0.02
Psych0P4th: folds 
WWiebe23: calls $0.02
*** TURN *** [2d As 7c] [8d]
WWiebe23: checks 
beanMachine444: bets $0.02
WWiebe23: calls $0.02
*** RIVER *** [2d As 7c 8d] [8c]
WWiebe23: bets $0.26
beanMachine444: calls $0.26
*** SHOW DOWN ***
WWiebe23: shows [Js 7s] (two pair, Eights and Sevens)
beanMachine444: shows [Qs 8s] (three of a kind, Eights)
beanMachine444 collected $1 from pot
*** SUMMARY ***
Total pot $1.04 | Rake $0.04 
Board [2d As 7c 8d 8c]
Seat 1: Dorex2007 folded before Flop (didn't bet)
Seat 2: kristymallory folded before Flop
Seat 3: beanMachine444 (button) showed [Qs 8s] and won ($1) with three of a kind, Eights
Seat 5: Psych0P4th (small blind) folded on the Flop
Seat 6: WWiebe23 (big blind) showed [Js 7s] and lost with two pair, Eights and Sevens



PokerStars Home Game Hand #226499338035: {Club #4784625}  Hold'em No Limit ($0.01/$0.02 USD) - 2021/05/05 19:02:29 PT [2021/05/05 22:02:29 ET]
Table 'Cash Game' 9-max Seat #5 is the button
Seat 1: Dorex2007 ($1.94 in chips) 
Seat 2: kristymallory ($1.54 in chips) 
Seat 3: beanMachine444 ($5 in chips) 
Seat 5: Psych0P4th ($2 in chips) 
Seat 6: WWiebe23 ($0.43 in chips) 
WWiebe23: posts small blind $0.01
Dorex2007: posts big blind $0.02
*** HOLE CARDS ***
Dealt to Dorex2007 [4s 7c]
kristymallory: raises $0.02 to $0.04
beanMachine444: calls $0.04
Psych0P4th: folds 
WWiebe23: calls $0.03
Dorex2007: folds 
*** FLOP *** [9h 5h Ks]
WWiebe23: checks 
kristymallory: checks 
beanMachine444: checks 
*** TURN *** [9h 5h Ks] [Js]
WWiebe23: checks 
kristymallory: checks 
beanMachine444: bets $0.02
WWiebe23: calls $0.02
kristymallory: calls $0.02
*** RIVER *** [9h 5h Ks Js] [2h]
WWiebe23: checks 
kristymallory: bets $0.02
beanMachine444: raises $0.35 to $0.37
WWiebe23: calls $0.37 and is all-in
kristymallory: folds 
*** SHOW DOWN ***
beanMachine444: shows [6c Jc] (a pair of Jacks)
WWiebe23: shows [As 2c] (a pair of Deuces)
beanMachine444 collected $0.93 from pot
*** SUMMARY ***
Total pot $0.96 | Rake $0.03 
Board [9h 5h Ks Js 2h]
Seat 1: Dorex2007 (big blind) folded before Flop
Seat 2: kristymallory folded on the River
Seat 3: beanMachine444 showed [6c Jc] and won ($0.93) with a pair of Jacks
Seat 5: Psych0P4th (button) folded before Flop (didn't bet)
Seat 6: WWiebe23 (small blind) showed [As 2c] and lost with a pair of Deuces



PokerStars Home Game Hand #226499355373: {Club #4784625}  Hold'em No Limit ($0.01/$0.02 USD) - 2021/05/05 19:03:33 PT [2021/05/05 22:03:33 ET]
Table 'Cash Game' 9-max Seat #1 is the button
Seat 1: Dorex2007 ($1.92 in chips) 
Seat 2: kristymallory ($1.46 in chips) 
Seat 3: beanMachine444 ($5.50 in chips) 
Seat 5: Psych0P4th ($2 in chips) 
kristymallory: posts small blind $0.01
beanMachine444: posts big blind $0.02
*** HOLE CARDS ***
Dealt to Dorex2007 [2c Jc]
Psych0P4th: folds 
Dorex2007: folds 
kristymallory: folds 
Uncalled bet ($0.01) returned to beanMachine444
beanMachine444 collected $0.02 from pot
*** SUMMARY ***
Total pot $0.02 | Rake $0 
Seat 1: Dorex2007 (button) folded before Flop (didn't bet)
Seat 2: kristymallory (small blind) folded before Flop
Seat 3: beanMachine444 (big blind) collected ($0.02)
Seat 5: Psych0P4th folded before Flop (didn't bet)



PokerStars Home Game Hand #226499359507: {Club #4784625}  Hold'em No Limit ($0.01/$0.02 USD) - 2021/05/05 19:03:49 PT [2021/05/05 22:03:49 ET]
Table 'Cash Game' 9-max Seat #2 is the button
Seat 1: Dorex2007 ($1.92 in chips) 
Seat 2: kristymallory ($1.45 in chips) 
Seat 3: beanMachine444 ($5.51 in chips) 
Seat 5: Psych0P4th ($2 in chips) 
beanMachine444: posts small blind $0.01
Psych0P4th: posts big blind $0.02
*** HOLE CARDS ***
Dealt to Dorex2007 [7h Ac]
Dorex2007: folds 
kristymallory: calls $0.02
beanMachine444: calls $0.01
Psych0P4th: checks 
*** FLOP *** [4d 4s Qd]
beanMachine444: checks 
Psych0P4th: checks 
kristymallory: checks 
*** TURN *** [4d 4s Qd] [2c]
beanMachine444: checks 
Psych0P4th: checks 
kristymallory: checks 
*** RIVER *** [4d 4s Qd 2c] [6d]
beanMachine444: checks 
Psych0P4th: checks 
kristymallory: bets $0.03
beanMachine444: folds 
Psych0P4th: folds 
Uncalled bet ($0.03) returned to kristymallory
kristymallory collected $0.06 from pot
*** SUMMARY ***
Total pot $0.06 | Rake $0 
Board [4d 4s Qd 2c 6d]
Seat 1: Dorex2007 folded before Flop (didn't bet)
Seat 2: kristymallory (button) collected ($0.06)
Seat 3: beanMachine444 (small blind) folded on the River
Seat 5: Psych0P4th (big blind) folded on the River



PokerStars Home Game Hand #226499378061: {Club #4784625}  Hold'em No Limit ($0.01/$0.02 USD) - 2021/05/05 19:04:57 PT [2021/05/05 22:04:57 ET]
Table 'Cash Game' 9-max Seat #3 is the button
Seat 1: Dorex2007 ($1.92 in chips) 
Seat 2: kristymallory ($1.49 in chips) 
Seat 3: beanMachine444 ($5.49 in chips) 
Seat 5: Psych0P4th ($2 in chips) 
Seat 6: WWiebe23 ($2 in chips) 
Psych0P4th: posts small blind $0.01
WWiebe23: posts big blind $0.02
*** HOLE CARDS ***
Dealt to Dorex2007 [6h 8d]
Dorex2007: folds 
kristymallory: raises $0.04 to $0.06
beanMachine444: calls $0.06
Psych0P4th: folds 
WWiebe23: calls $0.04
*** FLOP *** [Th 7h 9d]
WWiebe23: checks 
kristymallory: checks 
beanMachine444: checks 
*** TURN *** [Th 7h 9d] [2s]
WWiebe23: checks 
kristymallory: checks 
beanMachine444: checks 
*** RIVER *** [Th 7h 9d 2s] [3h]
WWiebe23: checks 
kristymallory: checks 
beanMachine444: bets $0.02
WWiebe23: calls $0.02
kristymallory: folds 
*** SHOW DOWN ***
beanMachine444: shows [6s As] (high card Ace)
WWiebe23: mucks hand 
beanMachine444 collected $0.22 from pot
*** SUMMARY ***
Total pot $0.23 | Rake $0.01 
Board [Th 7h 9d 2s 3h]
Seat 1: Dorex2007 folded before Flop (didn't bet)
Seat 2: kristymallory folded on the River
Seat 3: beanMachine444 (button) showed [6s As] and won ($0.22) with high card Ace
Seat 5: Psych0P4th (small blind) folded before Flop
Seat 6: WWiebe23 (big blind) mucked [Qs 4h]



PokerStars Home Game Hand #226499393179: {Club #4784625}  Hold'em No Limit ($0.01/$0.02 USD) - 2021/05/05 19:05:53 PT [2021/05/05 22:05:53 ET]
Table 'Cash Game' 9-max Seat #5 is the button
Seat 1: Dorex2007 ($1.92 in chips) 
Seat 2: kristymallory ($1.43 in chips) 
Seat 3: beanMachine444 ($5.63 in chips) 
Seat 5: Psych0P4th ($2 in chips) 
Seat 6: WWiebe23 ($1.92 in chips) 
WWiebe23: posts small blind $0.01
Dorex2007: posts big blind $0.02
*** HOLE CARDS ***
Dealt to Dorex2007 [4s Qd]
kristymallory: folds 
beanMachine444: calls $0.02
Psych0P4th: raises $0.06 to $0.08
WWiebe23: raises $0.06 to $0.14
Dorex2007: folds 
beanMachine444: calls $0.12
Psych0P4th: calls $0.06
*** FLOP *** [Kc Kd 4h]
WWiebe23: bets $0.22
beanMachine444: folds 
Psych0P4th: folds 
Uncalled bet ($0.22) returned to WWiebe23
WWiebe23 collected $0.42 from pot
WWiebe23: doesn't show hand 
*** SUMMARY ***
Total pot $0.44 | Rake $0.02 
Board [Kc Kd 4h]
Seat 1: Dorex2007 (big blind) folded before Flop
Seat 2: kristymallory folded before Flop (didn't bet)
Seat 3: beanMachine444 folded on the Flop
Seat 5: Psych0P4th (button) folded on the Flop
Seat 6: WWiebe23 (small blind) collected ($0.42)



PokerStars Home Game Hand #226499406899: {Club #4784625}  Hold'em No Limit ($0.01/$0.02 USD) - 2021/05/05 19:06:44 PT [2021/05/05 22:06:44 ET]
Table 'Cash Game' 9-max Seat #6 is the button
Seat 1: Dorex2007 ($1.90 in chips) 
Seat 2: kristymallory ($1.43 in chips) 
Seat 3: beanMachine444 ($5.49 in chips) 
Seat 5: Psych0P4th ($2 in chips) 
Seat 6: WWiebe23 ($2.20 in chips) 
Dorex2007: posts small blind $0.01
kristymallory: posts big blind $0.02
*** HOLE CARDS ***
Dealt to Dorex2007 [Ks Ac]
beanMachine444: calls $0.02
Psych0P4th: calls $0.02
WWiebe23: calls $0.02
Dorex2007: raises $0.06 to $0.08
kristymallory: folds 
beanMachine444: calls $0.06
Psych0P4th: calls $0.06
WWiebe23: calls $0.06
*** FLOP *** [4d 4s 6d]
Dorex2007: bets $0.33
beanMachine444: folds 
Psych0P4th: folds 
WWiebe23: calls $0.33
*** TURN *** [4d 4s 6d] [5h]
Dorex2007: checks 
WWiebe23: bets $0.52
Dorex2007: calls $0.52
*** RIVER *** [4d 4s 6d 5h] [2d]
Dorex2007: bets $0.97 and is all-in
WWiebe23: calls $0.97
*** SHOW DOWN ***
Dorex2007: shows [Ks Ac] (a pair of Fours)
WWiebe23: shows [5s 6s] (two pair, Sixes and Fives)
WWiebe23 collected $3.84 from pot
*** SUMMARY ***
Total pot $3.98 | Rake $0.14 
Board [4d 4s 6d 5h 2d]
Seat 1: Dorex2007 (small blind) showed [Ks Ac] and lost with a pair of Fours
Seat 2: kristymallory (big blind) folded before Flop
Seat 3: beanMachine444 folded on the Flop
Seat 5: Psych0P4th folded on the Flop
Seat 6: WWiebe23 (button) showed [5s 6s] and won ($3.84) with two pair, Sixes and Fives



PokerStars Home Game Hand #226499444293: {Club #4784625}  Hold'em No Limit ($0.01/$0.02 USD) - 2021/05/05 19:09:03 PT [2021/05/05 22:09:03 ET]
Table 'Cash Game' 9-max Seat #3 is the button
Seat 1: Dorex2007 ($2 in chips) 
Seat 2: kristymallory ($1.37 in chips) 
Seat 3: beanMachine444 ($5.37 in chips) 
Seat 5: Psych0P4th ($2 in chips) 
Seat 6: WWiebe23 ($4.46 in chips) 
Psych0P4th: posts small blind $0.01
WWiebe23: posts big blind $0.02
*** HOLE CARDS ***
Dealt to Dorex2007 [Kh Ac]
Dorex2007: raises $0.04 to $0.06
kristymallory: folds 
beanMachine444: calls $0.06
Psych0P4th: folds 
WWiebe23: calls $0.04
*** FLOP *** [Ts As Td]
WWiebe23: checks 
Dorex2007: bets $0.12
beanMachine444: calls $0.12
WWiebe23: calls $0.12
*** TURN *** [Ts As Td] [Tc]
WWiebe23: checks 
Dorex2007: bets $0.35
beanMachine444: folds 
WWiebe23: folds 
Uncalled bet ($0.35) returned to Dorex2007
Dorex2007 collected $0.53 from pot
Dorex2007: doesn't show hand 
*** SUMMARY ***
Total pot $0.55 | Rake $0.02 
Board [Ts As Td Tc]
Seat 1: Dorex2007 collected ($0.53)
Seat 2: kristymallory folded before Flop (didn't bet)
Seat 3: beanMachine444 (button) folded on the Turn
Seat 5: Psych0P4th (small blind) folded before Flop
Seat 6: WWiebe23 (big blind) folded on the Turn



PokerStars Home Game Hand #226499472094: {Club #4784625}  Hold'em No Limit ($0.01/$0.02 USD) - 2021/05/05 19:10:16 PT [2021/05/05 22:10:16 ET]
Table 'Cash Game' 9-max Seat #5 is the button
Seat 1: Dorex2007 ($2.35 in chips) 
Seat 2: kristymallory ($1.37 in chips) 
Seat 3: beanMachine444 ($5.19 in chips) 
Seat 5: Psych0P4th ($2 in chips) 
Seat 6: WWiebe23 ($4.28 in chips) 
WWiebe23: posts small blind $0.01
Dorex2007: posts big blind $0.02
*** HOLE CARDS ***
Dealt to Dorex2007 [8h 4d]
kristymallory: folds 
beanMachine444: calls $0.02
Psych0P4th: raises $0.06 to $0.08
WWiebe23: folds 
Dorex2007: folds 
beanMachine444: calls $0.06
*** FLOP *** [3d Qc Ad]
beanMachine444: bets $0.02
Psych0P4th: calls $0.02
*** TURN *** [3d Qc Ad] [As]
beanMachine444: checks 
Psych0P4th: checks 
*** RIVER *** [3d Qc Ad As] [7h]
beanMachine444: checks 
Psych0P4th: checks 
*** SHOW DOWN ***
beanMachine444: shows [Ts Jd] (a pair of Aces)
Psych0P4th: mucks hand 
beanMachine444 collected $0.22 from pot
*** SUMMARY ***
Total pot $0.23 | Rake $0.01 
Board [3d Qc Ad As 7h]
Seat 1: Dorex2007 (big blind) folded before Flop
Seat 2: kristymallory folded before Flop (didn't bet)
Seat 3: beanMachine444 showed [Ts Jd] and won ($0.22) with a pair of Aces
Seat 5: Psych0P4th (button) mucked [2h 5h]
Seat 6: WWiebe23 (small blind) folded before Flop



PokerStars Home Game Hand #226499487464: {Club #4784625}  Hold'em No Limit ($0.01/$0.02 USD) - 2021/05/05 19:11:13 PT [2021/05/05 22:11:13 ET]
Table 'Cash Game' 9-max Seat #6 is the button
Seat 1: Dorex2007 ($2.33 in chips) 
Seat 2: kristymallory ($1.37 in chips) 
Seat 3: beanMachine444 ($5.31 in chips) 
Seat 5: Psych0P4th ($2 in chips) 
Seat 6: WWiebe23 ($4.27 in chips) 
Dorex2007: posts small blind $0.01
kristymallory: posts big blind $0.02
*** HOLE CARDS ***
Dealt to Dorex2007 [Qh 8h]
beanMachine444: calls $0.02
Psych0P4th: raises $0.03 to $0.05
WWiebe23: calls $0.05
Dorex2007: folds 
kristymallory: folds 
beanMachine444: calls $0.03
*** FLOP *** [4c Qc Jc]
beanMachine444: bets $0.02
Psych0P4th: calls $0.02
WWiebe23: calls $0.02
*** TURN *** [4c Qc Jc] [7h]
beanMachine444: bets $0.02
Psych0P4th: calls $0.02
WWiebe23: calls $0.02
*** RIVER *** [4c Qc Jc 7h] [Tc]
beanMachine444: bets $0.02
Psych0P4th: calls $0.02
WWiebe23: raises $0.02 to $0.04
beanMachine444: calls $0.02
Psych0P4th: folds 
*** SHOW DOWN ***
WWiebe23: shows [Kh 9s] (a straight, Nine to King)
beanMachine444: mucks hand 
WWiebe23 collected $0.39 from pot
*** SUMMARY ***
Total pot $0.40 | Rake $0.01 
Board [4c Qc Jc 7h Tc]
Seat 1: Dorex2007 (small blind) folded before Flop
Seat 2: kristymallory (big blind) folded before Flop
Seat 3: beanMachine444 mucked [Jh 3d]
Seat 5: Psych0P4th folded on the River
Seat 6: WWiebe23 (button) showed [Kh 9s] and won ($0.39) with a straight, Nine to King



PokerStars Home Game Hand #226499511781: {Club #4784625}  Hold'em No Limit ($0.01/$0.02 USD) - 2021/05/05 19:12:26 PT [2021/05/05 22:12:26 ET]
Table 'Cash Game' 9-max Seat #1 is the button
Seat 1: Dorex2007 ($2.32 in chips) 
Seat 2: kristymallory ($1.35 in chips) 
Seat 3: beanMachine444 ($5.18 in chips) 
Seat 5: Psych0P4th ($2 in chips) 
Seat 6: WWiebe23 ($4.53 in chips) 
kristymallory: posts small blind $0.01
beanMachine444: posts big blind $0.02
*** HOLE CARDS ***
Dealt to Dorex2007 [4c Td]
Psych0P4th: raises $0.03 to $0.05
WWiebe23: calls $0.05
Dorex2007: folds 
kristymallory: folds 
beanMachine444: calls $0.03
*** FLOP *** [6s Jh 5c]
beanMachine444: checks 
Psych0P4th: checks 
WWiebe23: checks 
*** TURN *** [6s Jh 5c] [9h]
beanMachine444: checks 
Psych0P4th: checks 
WWiebe23: bets $4.48 and is all-in
beanMachine444: folds 
Psych0P4th: folds 
Uncalled bet ($4.48) returned to WWiebe23
WWiebe23 collected $0.15 from pot
WWiebe23: doesn't show hand 
*** SUMMARY ***
Total pot $0.16 | Rake $0.01 
Board [6s Jh 5c 9h]
Seat 1: Dorex2007 (button) folded before Flop (didn't bet)
Seat 2: kristymallory (small blind) folded before Flop
Seat 3: beanMachine444 (big blind) folded on the Turn
Seat 5: Psych0P4th folded on the Turn
Seat 6: WWiebe23 collected ($0.15)



PokerStars Home Game Hand #226499532159: {Club #4784625}  Hold'em No Limit ($0.01/$0.02 USD) - 2021/05/05 19:13:44 PT [2021/05/05 22:13:44 ET]
Table 'Cash Game' 9-max Seat #2 is the button
Seat 1: Dorex2007 ($2.32 in chips) 
Seat 2: kristymallory ($1.34 in chips) 
Seat 3: beanMachine444 ($5.13 in chips) 
Seat 5: Psych0P4th ($2 in chips) 
Seat 6: WWiebe23 ($4.63 in chips) 
beanMachine444: posts small blind $0.01
Psych0P4th: posts big blind $0.02
*** HOLE CARDS ***
Dealt to Dorex2007 [5h 6d]
WWiebe23 has timed out
WWiebe23: folds 
Dorex2007: folds 
kristymallory: folds 
beanMachine444: folds 
Uncalled bet ($0.01) returned to Psych0P4th
Psych0P4th collected $0.02 from pot
Psych0P4th: doesn't show hand 
*** SUMMARY ***
Total pot $0.02 | Rake $0 
Seat 1: Dorex2007 folded before Flop (didn't bet)
Seat 2: kristymallory (button) folded before Flop (didn't bet)
Seat 3: beanMachine444 (small blind) folded before Flop
Seat 5: Psych0P4th (big blind) collected ($0.02)
Seat 6: WWiebe23 folded before Flop (didn't bet)



PokerStars Home Game Hand #226499541845: {Club #4784625}  Hold'em No Limit ($0.01/$0.02 USD) - 2021/05/05 19:14:21 PT [2021/05/05 22:14:21 ET]
Table 'Cash Game' 9-max Seat #3 is the button
Seat 1: Dorex2007 ($2.32 in chips) 
Seat 2: kristymallory ($1.34 in chips) 
Seat 3: beanMachine444 ($5.12 in chips) 
Seat 5: Psych0P4th ($2.01 in chips) 
Seat 6: WWiebe23 ($4.63 in chips) 
Psych0P4th: posts small blind $0.01
WWiebe23: posts big blind $0.02
*** HOLE CARDS ***
Dealt to Dorex2007 [8d Jd]
Dorex2007: folds 
kristymallory: folds 
beanMachine444: folds 
beanMachine444 leaves the table
Psych0P4th: raises $0.04 to $0.06
WWiebe23: calls $0.04
*** FLOP *** [Jh 9s Kd]
Psych0P4th: bets $0.08
WWiebe23: calls $0.08
*** TURN *** [Jh 9s Kd] [2h]
Psych0P4th: bets $0.21
WWiebe23: folds 
Uncalled bet ($0.21) returned to Psych0P4th
Psych0P4th collected $0.27 from pot
Psych0P4th: doesn't show hand 
*** SUMMARY ***
Total pot $0.28 | Rake $0.01 
Board [Jh 9s Kd 2h]
Seat 1: Dorex2007 folded before Flop (didn't bet)
Seat 2: kristymallory folded before Flop (didn't bet)
Seat 3: beanMachine444 (button) folded before Flop (didn't bet)
Seat 5: Psych0P4th (small blind) collected ($0.27)
Seat 6: WWiebe23 (big blind) folded on the Turn



PokerStars Home Game Hand #226499554880: {Club #4784625}  Hold'em No Limit ($0.01/$0.02 USD) - 2021/05/05 19:15:11 PT [2021/05/05 22:15:11 ET]
Table 'Cash Game' 9-max Seat #5 is the button
Seat 1: Dorex2007 ($2.32 in chips) 
Seat 2: kristymallory ($1.34 in chips) 
Seat 5: Psych0P4th ($2.14 in chips) 
Seat 6: WWiebe23 ($4.49 in chips) 
WWiebe23: posts small blind $0.01
Dorex2007: posts big blind $0.02
*** HOLE CARDS ***
Dealt to Dorex2007 [Qh Tc]
kristymallory: folds 
Psych0P4th: raises $0.02 to $0.04
WWiebe23: calls $0.03
Dorex2007: calls $0.02
*** FLOP *** [6c Jc 9h]
beanMachine444 joins the table at seat #3 
WWiebe23: bets $1.54
Dorex2007: folds 
Psych0P4th: folds 
Uncalled bet ($1.54) returned to WWiebe23
WWiebe23 collected $0.12 from pot
WWiebe23: doesn't show hand 
*** SUMMARY ***
Total pot $0.12 | Rake $0 
Board [6c Jc 9h]
Seat 1: Dorex2007 (big blind) folded on the Flop
Seat 2: kristymallory folded before Flop (didn't bet)
Seat 5: Psych0P4th (button) folded on the Flop
Seat 6: WWiebe23 (small blind) collected ($0.12)



PokerStars Home Game Hand #226499566832: {Club #4784625}  Hold'em No Limit ($0.01/$0.02 USD) - 2021/05/05 19:15:56 PT [2021/05/05 22:15:56 ET]
Table 'Cash Game' 9-max Seat #6 is the button
Seat 1: Dorex2007 ($2.28 in chips) 
Seat 2: kristymallory ($1.34 in chips) 
Seat 5: Psych0P4th ($2.10 in chips) 
Seat 6: WWiebe23 ($4.57 in chips) 
Dorex2007: posts small blind $0.01
kristymallory: posts big blind $0.02
beanMachine444: sits out 
*** HOLE CARDS ***
Dealt to Dorex2007 [Jd 6c]
Psych0P4th: folds 
WWiebe23: calls $0.02
Dorex2007: calls $0.01
kristymallory: checks 
*** FLOP *** [Tc Ts 3d]
Dorex2007: checks 
kristymallory: checks 
WWiebe23: checks 
*** TURN *** [Tc Ts 3d] [Ad]
Dorex2007: checks 
kristymallory: checks 
WWiebe23: checks 
*** RIVER *** [Tc Ts 3d Ad] [7c]
Dorex2007: checks 
kristymallory: checks 
WWiebe23: checks 
*** SHOW DOWN ***
Dorex2007: shows [Jd 6c] (a pair of Tens)
kristymallory: shows [Js 5c] (a pair of Tens)
WWiebe23: mucks hand 
Dorex2007 collected $0.03 from pot
kristymallory collected $0.03 from pot
*** SUMMARY ***
Total pot $0.06 | Rake $0 
Board [Tc Ts 3d Ad 7c]
Seat 1: Dorex2007 (small blind) showed [Jd 6c] and won ($0.03) with a pair of Tens
Seat 2: kristymallory (big blind) showed [Js 5c] and won ($0.03) with a pair of Tens
Seat 5: Psych0P4th folded before Flop (didn't bet)
Seat 6: WWiebe23 (button) mucked [5h 4s]



PokerStars Home Game Hand #226499578312: {Club #4784625}  Hold'em No Limit ($0.01/$0.02 USD) - 2021/05/05 19:16:39 PT [2021/05/05 22:16:39 ET]
Table 'Cash Game' 9-max Seat #1 is the button
Seat 1: Dorex2007 ($2.29 in chips) 
Seat 2: kristymallory ($1.35 in chips) 
Seat 3: beanMachine444 ($5.12 in chips) 
Seat 5: Psych0P4th ($2.10 in chips) 
Seat 6: WWiebe23 ($4.55 in chips) 
kristymallory: posts small blind $0.01
beanMachine444: posts big blind $0.02
*** HOLE CARDS ***
Dealt to Dorex2007 [Td Jd]
Psych0P4th: folds 
WWiebe23: calls $0.02
Dorex2007: raises $0.04 to $0.06
kristymallory: folds 
beanMachine444: folds 
WWiebe23: calls $0.04
*** FLOP *** [6c 6h 7h]
WWiebe23: checks 
Dorex2007: checks 
*** TURN *** [6c 6h 7h] [2c]
WWiebe23: checks 
Dorex2007: bets $0.07
WWiebe23: calls $0.07
*** RIVER *** [6c 6h 7h 2c] [2h]
WWiebe23: checks 
Dorex2007: checks 
*** SHOW DOWN ***
WWiebe23: shows [Qh Kd] (two pair, Sixes and Deuces)
Dorex2007: mucks hand 
WWiebe23 collected $0.28 from pot
*** SUMMARY ***
Total pot $0.29 | Rake $0.01 
Board [6c 6h 7h 2c 2h]
Seat 1: Dorex2007 (button) mucked [Td Jd]
Seat 2: kristymallory (small blind) folded before Flop
Seat 3: beanMachine444 (big blind) folded before Flop
Seat 5: Psych0P4th folded before Flop (didn't bet)
Seat 6: WWiebe23 showed [Qh Kd] and won ($0.28) with two pair, Sixes and Deuces



PokerStars Home Game Hand #226499594632: {Club #4784625}  Hold'em No Limit ($0.01/$0.02 USD) - 2021/05/05 19:17:41 PT [2021/05/05 22:17:41 ET]
Table 'Cash Game' 9-max Seat #2 is the button
Seat 1: Dorex2007 ($2.16 in chips) 
Seat 2: kristymallory ($1.34 in chips) 
Seat 3: beanMachine444 ($5.10 in chips) 
Seat 5: Psych0P4th ($2.10 in chips) 
Seat 6: WWiebe23 ($4.70 in chips) 
beanMachine444: posts small blind $0.01
Psych0P4th: posts big blind $0.02
*** HOLE CARDS ***
Dealt to Dorex2007 [Ac 5d]
WWiebe23: calls $0.02
Dorex2007: calls $0.02
kristymallory: folds 
beanMachine444: calls $0.01
Psych0P4th: checks 
*** FLOP *** [7c Tc 3s]
beanMachine444: checks 
Psych0P4th: checks 
WWiebe23: checks 
Dorex2007: checks 
*** TURN *** [7c Tc 3s] [8c]
beanMachine444: checks 
Psych0P4th: bets $0.06
WWiebe23: calls $0.06
Dorex2007: folds 
beanMachine444: folds 
*** RIVER *** [7c Tc 3s 8c] [4d]
Psych0P4th: bets $0.10
WWiebe23: folds 
Uncalled bet ($0.10) returned to Psych0P4th
Psych0P4th collected $0.19 from pot
Psych0P4th: doesn't show hand 
*** SUMMARY ***
Total pot $0.20 | Rake $0.01 
Board [7c Tc 3s 8c 4d]
Seat 1: Dorex2007 folded on the Turn
Seat 2: kristymallory (button) folded before Flop (didn't bet)
Seat 3: beanMachine444 (small blind) folded on the Turn
Seat 5: Psych0P4th (big blind) collected ($0.19)
Seat 6: WWiebe23 folded on the River



PokerStars Home Game Hand #226499616009: {Club #4784625}  Hold'em No Limit ($0.01/$0.02 USD) - 2021/05/05 19:19:03 PT [2021/05/05 22:19:03 ET]
Table 'Cash Game' 9-max Seat #3 is the button
Seat 1: Dorex2007 ($2.14 in chips) 
Seat 2: kristymallory ($1.34 in chips) 
Seat 3: beanMachine444 ($5.08 in chips) 
Seat 5: Psych0P4th ($2.21 in chips) 
Seat 6: WWiebe23 ($4.62 in chips) 
Psych0P4th: posts small blind $0.01
WWiebe23: posts big blind $0.02
*** HOLE CARDS ***
Dealt to Dorex2007 [7s Td]
Dorex2007: folds 
kristymallory: raises $0.02 to $0.04
beanMachine444: calls $0.04
Psych0P4th: folds 
WWiebe23: calls $0.02
*** FLOP *** [Kc 3h 9h]
WWiebe23: checks 
kristymallory: bets $0.07
beanMachine444: calls $0.07
WWiebe23: calls $0.07
*** TURN *** [Kc 3h 9h] [Tc]
WWiebe23: checks 
kristymallory: bets $0.17
beanMachine444: calls $0.17
WWiebe23: folds 
*** RIVER *** [Kc 3h 9h Tc] [6h]
kristymallory: bets $0.33
beanMachine444: raises $4.47 to $4.80 and is all-in
kristymallory: calls $0.73 and is all-in
Uncalled bet ($3.74) returned to beanMachine444
*** SHOW DOWN ***
beanMachine444: shows [9s 9d] (three of a kind, Nines)
kristymallory: shows [Kh Ks] (three of a kind, Kings)
kristymallory collected $2.70 from pot
*** SUMMARY ***
Total pot $2.80 | Rake $0.10 
Board [Kc 3h 9h Tc 6h]
Seat 1: Dorex2007 folded before Flop (didn't bet)
Seat 2: kristymallory showed [Kh Ks] and won ($2.70) with three of a kind, Kings
Seat 3: beanMachine444 (button) showed [9s 9d] and lost with three of a kind, Nines
Seat 5: Psych0P4th (small blind) folded before Flop
Seat 6: WWiebe23 (big blind) folded on the Turn



PokerStars Home Game Hand #226499635517: {Club #4784625}  Hold'em No Limit ($0.01/$0.02 USD) - 2021/05/05 19:20:18 PT [2021/05/05 22:20:18 ET]
Table 'Cash Game' 9-max Seat #5 is the button
Seat 1: Dorex2007 ($2.14 in chips) 
Seat 2: kristymallory ($2.70 in chips) 
Seat 3: beanMachine444 ($3.74 in chips) 
Seat 5: Psych0P4th ($2.20 in chips) 
Seat 6: WWiebe23 ($4.51 in chips) 
WWiebe23: posts small blind $0.01
Dorex2007: posts big blind $0.02
*** HOLE CARDS ***
Dealt to Dorex2007 [4c 8h]
kristymallory: folds 
beanMachine444: folds 
Psych0P4th: raises $0.03 to $0.05
WWiebe23: calls $0.04
Dorex2007: folds 
*** FLOP *** [2s 9d 3s]
WWiebe23: checks 
Psych0P4th: bets $0.08
WWiebe23: folds 
Uncalled bet ($0.08) returned to Psych0P4th
Psych0P4th collected $0.12 from pot
Psych0P4th: doesn't show hand 
*** SUMMARY ***
Total pot $0.12 | Rake $0 
Board [2s 9d 3s]
Seat 1: Dorex2007 (big blind) folded before Flop
Seat 2: kristymallory folded before Flop (didn't bet)
Seat 3: beanMachine444 folded before Flop (didn't bet)
Seat 5: Psych0P4th (button) collected ($0.12)
Seat 6: WWiebe23 (small blind) folded on the Flop



PokerStars Home Game Hand #226499648333: {Club #4784625}  Hold'em No Limit ($0.01/$0.02 USD) - 2021/05/05 19:21:06 PT [2021/05/05 22:21:06 ET]
Table 'Cash Game' 9-max Seat #6 is the button
Seat 1: Dorex2007 ($2.12 in chips) 
Seat 2: kristymallory ($2.70 in chips) 
Seat 3: beanMachine444 ($3.74 in chips) 
Seat 5: Psych0P4th ($2.27 in chips) 
Seat 6: WWiebe23 ($4.46 in chips) 
Dorex2007: posts small blind $0.01
kristymallory: posts big blind $0.02
*** HOLE CARDS ***
Dealt to Dorex2007 [8c 6s]
beanMachine444: calls $0.02
Psych0P4th: folds 
WWiebe23: calls $0.02
Dorex2007: calls $0.01
kristymallory: checks 
*** FLOP *** [As 2c 5d]
Dorex2007: checks 
kristymallory: checks 
beanMachine444: bets $0.02
WWiebe23: calls $0.02
Dorex2007: folds 
kristymallory: folds 
*** TURN *** [As 2c 5d] [9d]
beanMachine444: bets $0.02
WWiebe23: calls $0.02
*** RIVER *** [As 2c 5d 9d] [Qh]
beanMachine444: bets $0.15
WWiebe23: folds 
Uncalled bet ($0.15) returned to beanMachine444
beanMachine444 collected $0.15 from pot
*** SUMMARY ***
Total pot $0.16 | Rake $0.01 
Board [As 2c 5d 9d Qh]
Seat 1: Dorex2007 (small blind) folded on the Flop
Seat 2: kristymallory (big blind) folded on the Flop
Seat 3: beanMachine444 collected ($0.15)
Seat 5: Psych0P4th folded before Flop (didn't bet)
Seat 6: WWiebe23 (button) folded on the River



PokerStars Home Game Hand #226499660080: {Club #4784625}  Hold'em No Limit ($0.01/$0.02 USD) - 2021/05/05 19:21:51 PT [2021/05/05 22:21:51 ET]
Table 'Cash Game' 9-max Seat #1 is the button
Seat 1: Dorex2007 ($2.10 in chips) 
Seat 2: kristymallory ($2.68 in chips) 
Seat 3: beanMachine444 ($3.83 in chips) 
Seat 5: Psych0P4th ($2.27 in chips) 
Seat 6: WWiebe23 ($4.40 in chips) 
kristymallory: posts small blind $0.01
beanMachine444: posts big blind $0.02
*** HOLE CARDS ***
Dealt to Dorex2007 [Qd 9d]
Psych0P4th: raises $0.03 to $0.05
WWiebe23: calls $0.05
Dorex2007: folds 
kristymallory: folds 
beanMachine444: calls $0.03
*** FLOP *** [2s 9c 6d]
beanMachine444: checks 
Psych0P4th: bets $0.10
WWiebe23: calls $0.10
beanMachine444: calls $0.10
*** TURN *** [2s 9c 6d] [5c]
beanMachine444: checks 
Psych0P4th: checks 
WWiebe23: checks 
*** RIVER *** [2s 9c 6d 5c] [7c]
beanMachine444: bets $0.02
Psych0P4th: folds 
WWiebe23: calls $0.02
*** SHOW DOWN ***
beanMachine444: shows [2d 7d] (two pair, Sevens and Deuces)
WWiebe23: mucks hand 
beanMachine444 collected $0.48 from pot
*** SUMMARY ***
Total pot $0.50 | Rake $0.02 
Board [2s 9c 6d 5c 7c]
Seat 1: Dorex2007 (button) folded before Flop (didn't bet)
Seat 2: kristymallory (small blind) folded before Flop
Seat 3: beanMachine444 (big blind) showed [2d 7d] and won ($0.48) with two pair, Sevens and Deuces
Seat 5: Psych0P4th folded on the River
Seat 6: WWiebe23 mucked [Jd Kh]



PokerStars Home Game Hand #226499682736: {Club #4784625}  Hold'em No Limit ($0.01/$0.02 USD) - 2021/05/05 19:22:54 PT [2021/05/05 22:22:54 ET]
Table 'Cash Game' 9-max Seat #2 is the button
Seat 1: Dorex2007 ($2.10 in chips) 
Seat 2: kristymallory ($2.67 in chips) 
Seat 3: beanMachine444 ($4.14 in chips) 
Seat 5: Psych0P4th ($2.12 in chips) 
Seat 6: WWiebe23 ($4.23 in chips) 
beanMachine444: posts small blind $0.01
Psych0P4th: posts big blind $0.02
*** HOLE CARDS ***
Dealt to Dorex2007 [8s 9s]
WWiebe23: folds 
Dorex2007: calls $0.02
kristymallory: raises $0.02 to $0.04
beanMachine444: calls $0.03
Psych0P4th: calls $0.02
Dorex2007: calls $0.02
*** FLOP *** [Js Ad 8d]
beanMachine444: bets $0.02
Psych0P4th: calls $0.02
Dorex2007: calls $0.02
kristymallory: calls $0.02
*** TURN *** [Js Ad 8d] [4d]
beanMachine444: bets $0.02
Psych0P4th: calls $0.02
Dorex2007: calls $0.02
kristymallory: calls $0.02
*** RIVER *** [Js Ad 8d 4d] [5d]
beanMachine444: bets $0.02
Psych0P4th: calls $0.02
Dorex2007: folds 
kristymallory: calls $0.02
*** SHOW DOWN ***
beanMachine444: shows [Qs Ts] (high card Ace)
Psych0P4th: shows [As 6s] (a pair of Aces)
kristymallory: mucks hand 
Psych0P4th collected $0.37 from pot
*** SUMMARY ***
Total pot $0.38 | Rake $0.01 
Board [Js Ad 8d 4d 5d]
Seat 1: Dorex2007 folded on the River
Seat 2: kristymallory (button) mucked [Ks Kc]
Seat 3: beanMachine444 (small blind) showed [Qs Ts] and lost with high card Ace
Seat 5: Psych0P4th (big blind) showed [As 6s] and won ($0.37) with a pair of Aces
Seat 6: WWiebe23 folded before Flop (didn't bet)



PokerStars Home Game Hand #226499702278: {Club #4784625}  Hold'em No Limit ($0.01/$0.02 USD) - 2021/05/05 19:24:10 PT [2021/05/05 22:24:10 ET]
Table 'Cash Game' 9-max Seat #3 is the button
Seat 1: Dorex2007 ($2.02 in chips) 
Seat 2: kristymallory ($2.57 in chips) 
Seat 3: beanMachine444 ($4.04 in chips) 
Seat 5: Psych0P4th ($2.39 in chips) 
Seat 6: WWiebe23 ($4.23 in chips) 
Psych0P4th: posts small blind $0.01
WWiebe23: posts big blind $0.02
*** HOLE CARDS ***
Dealt to Dorex2007 [Tc 2s]
Dorex2007: folds 
kristymallory: calls $0.02
beanMachine444: calls $0.02
Psych0P4th: calls $0.01
WWiebe23: checks 
*** FLOP *** [2h Ac Td]
Psych0P4th: checks 
WWiebe23: checks 
kristymallory: checks 
beanMachine444: checks 
*** TURN *** [2h Ac Td] [3c]
Psych0P4th: checks 
WWiebe23: checks 
kristymallory: checks 
beanMachine444: checks 
*** RIVER *** [2h Ac Td 3c] [Js]
Psych0P4th: checks 
WWiebe23: checks 
kristymallory: checks 
beanMachine444: bets $0.02
Psych0P4th: folds 
WWiebe23: calls $0.02
kristymallory: folds 
*** SHOW DOWN ***
beanMachine444: shows [8c Jd] (a pair of Jacks)
WWiebe23: mucks hand 
beanMachine444 collected $0.12 from pot
*** SUMMARY ***
Total pot $0.12 | Rake $0 
Board [2h Ac Td 3c Js]
Seat 1: Dorex2007 folded before Flop (didn't bet)
Seat 2: kristymallory folded on the River
Seat 3: beanMachine444 (button) showed [8c Jd] and won ($0.12) with a pair of Jacks
Seat 5: Psych0P4th (small blind) folded on the River
Seat 6: WWiebe23 (big blind) mucked [3s 8h]



PokerStars Home Game Hand #226499717702: {Club #4784625}  Hold'em No Limit ($0.01/$0.02 USD) - 2021/05/05 19:25:08 PT [2021/05/05 22:25:08 ET]
Table 'Cash Game' 9-max Seat #5 is the button
Seat 1: Dorex2007 ($2.02 in chips) 
Seat 2: kristymallory ($2.55 in chips) 
Seat 3: beanMachine444 ($4.12 in chips) 
Seat 5: Psych0P4th ($2.37 in chips) 
Seat 6: WWiebe23 ($4.19 in chips) 
WWiebe23: posts small blind $0.01
Dorex2007: posts big blind $0.02
*** HOLE CARDS ***
Dealt to Dorex2007 [9d 6c]
kristymallory: folds 
beanMachine444: calls $0.02
Psych0P4th: calls $0.02
WWiebe23: calls $0.01
Dorex2007: checks 
*** FLOP *** [4c Qs 3h]
WWiebe23: bets $0.16
Dorex2007: folds 
beanMachine444: calls $0.16
Psych0P4th: calls $0.16
*** TURN *** [4c Qs 3h] [6s]
WWiebe23: bets $0.02
beanMachine444: calls $0.02
Psych0P4th: raises $0.33 to $0.35
WWiebe23: raises $0.33 to $0.68
beanMachine444: calls $0.66
Psych0P4th: calls $0.33
*** RIVER *** [4c Qs 3h 6s] [2h]
WWiebe23: bets $3.33 and is all-in
beanMachine444: calls $3.26 and is all-in
Psych0P4th: calls $1.51 and is all-in
Uncalled bet ($0.07) returned to WWiebe23
*** SHOW DOWN ***
WWiebe23: shows [3c Qd] (two pair, Queens and Threes)
beanMachine444: shows [Ad Ah] (a pair of Aces)
WWiebe23 collected $3.45 from side pot
Psych0P4th: shows [7d 5h] (a straight, Three to Seven)
Psych0P4th collected $6.88 from main pot
*** SUMMARY ***
Total pot $10.63 Main pot $6.88. Side pot $3.45. | Rake $0.30 
Board [4c Qs 3h 6s 2h]
Seat 1: Dorex2007 (big blind) folded on the Flop
Seat 2: kristymallory folded before Flop (didn't bet)
Seat 3: beanMachine444 showed [Ad Ah] and lost with a pair of Aces
Seat 5: Psych0P4th (button) showed [7d 5h] and won ($6.88) with a straight, Three to Seven
Seat 6: WWiebe23 (small blind) showed [3c Qd] and won ($3.45) with two pair, Queens and Threes



PokerStars Home Game Hand #226499750199: {Club #4784625}  Hold'em No Limit ($0.01/$0.02 USD) - 2021/05/05 19:27:00 PT [2021/05/05 22:27:00 ET]
Table 'Cash Game' 9-max Seat #6 is the button
Seat 1: Dorex2007 ($2 in chips) 
Seat 2: kristymallory ($2.55 in chips) 
Seat 5: Psych0P4th ($6.88 in chips) 
Seat 6: WWiebe23 ($3.52 in chips) 
Dorex2007: posts small blind $0.01
kristymallory: posts big blind $0.02
*** HOLE CARDS ***
Dealt to Dorex2007 [7c Ac]
Psych0P4th: folds 
WWiebe23: calls $0.02
Dorex2007: calls $0.01
kristymallory: checks 
*** FLOP *** [Kc 2s Tc]
Dorex2007: checks 
kristymallory: checks 
WWiebe23: checks 
*** TURN *** [Kc 2s Tc] [Qs]
Dorex2007: checks 
kristymallory: checks 
WWiebe23: checks 
*** RIVER *** [Kc 2s Tc Qs] [Jh]
Dorex2007: bets $0.10
kristymallory: folds 
WWiebe23: calls $0.10
*** SHOW DOWN ***
Dorex2007: shows [7c Ac] (a straight, Ten to Ace)
WWiebe23: mucks hand 
Dorex2007 collected $0.25 from pot
*** SUMMARY ***
Total pot $0.26 | Rake $0.01 
Board [Kc 2s Tc Qs Jh]
Seat 1: Dorex2007 (small blind) showed [7c Ac] and won ($0.25) with a straight, Ten to Ace
Seat 2: kristymallory (big blind) folded on the River
Seat 5: Psych0P4th folded before Flop (didn't bet)
Seat 6: WWiebe23 (button) mucked [Jd 4h]



PokerStars Home Game Hand #226499766421: {Club #4784625}  Hold'em No Limit ($0.01/$0.02 USD) - 2021/05/05 19:28:02 PT [2021/05/05 22:28:02 ET]
Table 'Cash Game' 9-max Seat #1 is the button
Seat 1: Dorex2007 ($2.13 in chips) 
Seat 2: kristymallory ($2.53 in chips) 
Seat 5: Psych0P4th ($6.88 in chips) 
Seat 6: WWiebe23 ($3.40 in chips) 
kristymallory: posts small blind $0.01
Psych0P4th: posts big blind $0.02
*** HOLE CARDS ***
Dealt to Dorex2007 [6d Ad]
WWiebe23: calls $0.02
Dorex2007: calls $0.02
kristymallory: calls $0.01
Psych0P4th: checks 
*** FLOP *** [Jh 2h 2s]
kristymallory: checks 
Psych0P4th: checks 
WWiebe23: checks 
Dorex2007: checks 
*** TURN *** [Jh 2h 2s] [5d]
kristymallory: checks 
Psych0P4th: bets $0.05
WWiebe23: calls $0.05
Dorex2007: folds 
kristymallory: folds 
*** RIVER *** [Jh 2h 2s 5d] [8s]
Psych0P4th: bets $0.12
WWiebe23: folds 
Uncalled bet ($0.12) returned to Psych0P4th
Psych0P4th collected $0.17 from pot
Psych0P4th: doesn't show hand 
*** SUMMARY ***
Total pot $0.18 | Rake $0.01 
Board [Jh 2h 2s 5d 8s]
Seat 1: Dorex2007 (button) folded on the Turn
Seat 2: kristymallory (small blind) folded on the Turn
Seat 5: Psych0P4th (big blind) collected ($0.17)
Seat 6: WWiebe23 folded on the River



PokerStars Home Game Hand #226499782912: {Club #4784625}  Hold'em No Limit ($0.01/$0.02 USD) - 2021/05/05 19:29:07 PT [2021/05/05 22:29:07 ET]
Table 'Cash Game' 9-max Seat #2 is the button
Seat 1: Dorex2007 ($2.11 in chips) 
Seat 2: kristymallory ($2.51 in chips) 
Seat 5: Psych0P4th ($6.98 in chips) 
Seat 6: WWiebe23 ($3.33 in chips) 
Psych0P4th: posts small blind $0.01
WWiebe23: posts big blind $0.02
*** HOLE CARDS ***
Dealt to Dorex2007 [3s 2d]
Dorex2007: folds 
kristymallory: calls $0.02
Psych0P4th: calls $0.01
WWiebe23: checks 
*** FLOP *** [3c 6s Th]
Psych0P4th: checks 
WWiebe23: checks 
kristymallory: checks 
*** TURN *** [3c 6s Th] [Jc]
Psych0P4th: bets $0.04
WWiebe23: calls $0.04
kristymallory: calls $0.04
*** RIVER *** [3c 6s Th Jc] [9s]
Psych0P4th: bets $0.12
WWiebe23: calls $0.12
kristymallory: calls $0.12
*** SHOW DOWN ***
Psych0P4th: shows [Js 9c] (two pair, Jacks and Nines)
WWiebe23: mucks hand 
kristymallory: mucks hand 
Psych0P4th collected $0.52 from pot
*** SUMMARY ***
Total pot $0.54 | Rake $0.02 
Board [3c 6s Th Jc 9s]
Seat 1: Dorex2007 folded before Flop (didn't bet)
Seat 2: kristymallory (button) mucked [Jh Ah]
Seat 5: Psych0P4th (small blind) showed [Js 9c] and won ($0.52) with two pair, Jacks and Nines
Seat 6: WWiebe23 (big blind) mucked [Qd Qc]



PokerStars Home Game Hand #226499799168: {Club #4784625}  Hold'em No Limit ($0.01/$0.02 USD) - 2021/05/05 19:30:11 PT [2021/05/05 22:30:11 ET]
Table 'Cash Game' 9-max Seat #5 is the button
Seat 1: Dorex2007 ($2.11 in chips) 
Seat 2: kristymallory ($2.33 in chips) 
Seat 5: Psych0P4th ($7.32 in chips) 
Seat 6: WWiebe23 ($3.15 in chips) 
WWiebe23: posts small blind $0.01
Dorex2007: posts big blind $0.02
*** HOLE CARDS ***
Dealt to Dorex2007 [Js Qd]
kristymallory: calls $0.02
Psych0P4th: raises $0.06 to $0.08
WWiebe23: calls $0.07
Dorex2007: calls $0.06
kristymallory: calls $0.06
*** FLOP *** [2h 2c 9d]
WWiebe23: checks 
Dorex2007: checks 
kristymallory: bets $0.06
Psych0P4th: calls $0.06
WWiebe23: calls $0.06
beanMachine444 leaves the table
Dorex2007: folds 
*** TURN *** [2h 2c 9d] [As]
WWiebe23: checks 
kristymallory: checks 
Psych0P4th: checks 
*** RIVER *** [2h 2c 9d As] [2d]
WWiebe23: checks 
kristymallory: bets $0.08
Psych0P4th: folds 
WWiebe23: folds 
Uncalled bet ($0.08) returned to kristymallory
kristymallory collected $0.48 from pot
*** SUMMARY ***
Total pot $0.50 | Rake $0.02 
Board [2h 2c 9d As 2d]
Seat 1: Dorex2007 (big blind) folded on the Flop
Seat 2: kristymallory collected ($0.48)
Seat 5: Psych0P4th (button) folded on the River
Seat 6: WWiebe23 (small blind) folded on the River



PokerStars Home Game Hand #226499820999: {Club #4784625}  Hold'em No Limit ($0.01/$0.02 USD) - 2021/05/05 19:31:39 PT [2021/05/05 22:31:39 ET]
Table 'Cash Game' 9-max Seat #6 is the button
Seat 1: Dorex2007 ($2.03 in chips) 
Seat 2: kristymallory ($2.67 in chips) 
Seat 5: Psych0P4th ($7.18 in chips) 
Seat 6: WWiebe23 ($3.01 in chips) 
Dorex2007: posts small blind $0.01
kristymallory: posts big blind $0.02
*** HOLE CARDS ***
Dealt to Dorex2007 [2d 4h]
Psych0P4th: folds 
WWiebe23: calls $0.02
Dorex2007: calls $0.01
kristymallory: checks 
*** FLOP *** [Jd 6d 4c]
Dorex2007: checks 
kristymallory: checks 
WWiebe23: checks 
*** TURN *** [Jd 6d 4c] [8c]
Dorex2007: checks 
kristymallory: bets $0.06
WWiebe23: calls $0.06
Dorex2007: folds 
*** RIVER *** [Jd 6d 4c 8c] [5h]
kristymallory: checks 
WWiebe23: checks 
*** SHOW DOWN ***
kristymallory: shows [9c Ts] (high card Jack)
WWiebe23: shows [5c Ah] (a pair of Fives)
WWiebe23 collected $0.17 from pot
*** SUMMARY ***
Total pot $0.18 | Rake $0.01 
Board [Jd 6d 4c 8c 5h]
Seat 1: Dorex2007 (small blind) folded on the Turn
Seat 2: kristymallory (big blind) showed [9c Ts] and lost with high card Jack
Seat 5: Psych0P4th folded before Flop (didn't bet)
Seat 6: WWiebe23 (button) showed [5c Ah] and won ($0.17) with a pair of Fives



PokerStars Home Game Hand #226499833376: {Club #4784625}  Hold'em No Limit ($0.01/$0.02 USD) - 2021/05/05 19:32:28 PT [2021/05/05 22:32:28 ET]
Table 'Cash Game' 9-max Seat #1 is the button
Seat 1: Dorex2007 ($2.01 in chips) 
Seat 2: kristymallory ($2.59 in chips) 
Seat 5: Psych0P4th ($7.18 in chips) 
Seat 6: WWiebe23 ($3.10 in chips) 
kristymallory: posts small blind $0.01
Psych0P4th: posts big blind $0.02
*** HOLE CARDS ***
Dealt to Dorex2007 [3s 4d]
WWiebe23: calls $0.02
Dorex2007: folds 
kristymallory: folds 
Psych0P4th: checks 
*** FLOP *** [4s 2h As]
Psych0P4th: checks 
WWiebe23: checks 
*** TURN *** [4s 2h As] [8c]
Psych0P4th: bets $0.03
WWiebe23: calls $0.03
*** RIVER *** [4s 2h As 8c] [5d]
Psych0P4th: bets $0.08
WWiebe23: folds 
Uncalled bet ($0.08) returned to Psych0P4th
Psych0P4th collected $0.11 from pot
Psych0P4th: doesn't show hand 
*** SUMMARY ***
Total pot $0.11 | Rake $0 
Board [4s 2h As 8c 5d]
Seat 1: Dorex2007 (button) folded before Flop (didn't bet)
Seat 2: kristymallory (small blind) folded before Flop
Seat 5: Psych0P4th (big blind) collected ($0.11)
Seat 6: WWiebe23 folded on the River



PokerStars Home Game Hand #226499844194: {Club #4784625}  Hold'em No Limit ($0.01/$0.02 USD) - 2021/05/05 19:33:11 PT [2021/05/05 22:33:11 ET]
Table 'Cash Game' 9-max Seat #2 is the button
Seat 1: Dorex2007 ($2.01 in chips) 
Seat 2: kristymallory ($2.58 in chips) 
Seat 5: Psych0P4th ($7.24 in chips) 
Seat 6: WWiebe23 ($3.05 in chips) 
Psych0P4th: posts small blind $0.01
WWiebe23: posts big blind $0.02
*** HOLE CARDS ***
Dealt to Dorex2007 [6h Kd]
Dorex2007: folds 
kristymallory: folds 
Psych0P4th: raises $0.04 to $0.06
WWiebe23: calls $0.04
*** FLOP *** [Kc Qd 8c]
Psych0P4th: bets $0.03
WWiebe23: calls $0.03
*** TURN *** [Kc Qd 8c] [2d]
Psych0P4th: bets $0.20
WWiebe23: calls $0.20
*** RIVER *** [Kc Qd 8c 2d] [8d]
Psych0P4th: checks 
WWiebe23: bets $0.40
Psych0P4th: folds 
Uncalled bet ($0.40) returned to WWiebe23
WWiebe23 collected $0.56 from pot
WWiebe23: doesn't show hand 
*** SUMMARY ***
Total pot $0.58 | Rake $0.02 
Board [Kc Qd 8c 2d 8d]
Seat 1: Dorex2007 folded before Flop (didn't bet)
Seat 2: kristymallory (button) folded before Flop (didn't bet)
Seat 5: Psych0P4th (small blind) folded on the River
Seat 6: WWiebe23 (big blind) collected ($0.56)



PokerStars Home Game Hand #226499869727: {Club #4784625}  Hold'em No Limit ($0.01/$0.02 USD) - 2021/05/05 19:34:33 PT [2021/05/05 22:34:33 ET]
Table 'Cash Game' 9-max Seat #5 is the button
Seat 1: Dorex2007 ($2.01 in chips) 
Seat 2: kristymallory ($2.58 in chips) 
Seat 5: Psych0P4th ($6.95 in chips) 
Seat 6: WWiebe23 ($3.32 in chips) 
WWiebe23: posts small blind $0.01
Dorex2007: posts big blind $0.02
*** HOLE CARDS ***
Dealt to Dorex2007 [2d Ac]
kristymallory: folds 
Psych0P4th: folds 
WWiebe23: calls $0.01
Dorex2007: checks 
*** FLOP *** [8c 9c 7c]
WWiebe23: checks 
Dorex2007: bets $0.04
WWiebe23: calls $0.04
*** TURN *** [8c 9c 7c] [8s]
WWiebe23: checks 
Dorex2007: checks 
*** RIVER *** [8c 9c 7c 8s] [Th]
WWiebe23: checks 
Dorex2007: bets $0.08
WWiebe23: calls $0.08
*** SHOW DOWN ***
Dorex2007: shows [2d Ac] (a pair of Eights)
WWiebe23: shows [Qc Ah] (a pair of Eights - Ace+Queen kicker)
WWiebe23 collected $0.27 from pot
*** SUMMARY ***
Total pot $0.28 | Rake $0.01 
Board [8c 9c 7c 8s Th]
Seat 1: Dorex2007 (big blind) showed [2d Ac] and lost with a pair of Eights
Seat 2: kristymallory folded before Flop (didn't bet)
Seat 5: Psych0P4th (button) folded before Flop (didn't bet)
Seat 6: WWiebe23 (small blind) showed [Qc Ah] and won ($0.27) with a pair of Eights



PokerStars Home Game Hand #226499883900: {Club #4784625}  Hold'em No Limit ($0.01/$0.02 USD) - 2021/05/05 19:35:29 PT [2021/05/05 22:35:29 ET]
Table 'Cash Game' 9-max Seat #6 is the button
Seat 1: Dorex2007 ($1.87 in chips) 
Seat 2: kristymallory ($2.58 in chips) 
Seat 5: Psych0P4th ($6.95 in chips) 
Seat 6: WWiebe23 ($3.45 in chips) 
Dorex2007: posts small blind $0.01
kristymallory: posts big blind $0.02
*** HOLE CARDS ***
Dealt to Dorex2007 [7d 3h]
Psych0P4th: folds 
WWiebe23: calls $0.02
Dorex2007: calls $0.01
kristymallory: checks 
*** FLOP *** [Ks 8h Kc]
Dorex2007: checks 
kristymallory: checks 
WWiebe23: checks 
*** TURN *** [Ks 8h Kc] [Ts]
Dorex2007: checks 
kristymallory: checks 
WWiebe23: checks 
*** RIVER *** [Ks 8h Kc Ts] [7s]
Dorex2007: checks 
kristymallory: checks 
WWiebe23: checks 
*** SHOW DOWN ***
Dorex2007: shows [7d 3h] (two pair, Kings and Sevens)
kristymallory: shows [Qc 7h] (two pair, Kings and Sevens - Queen kicker)
WWiebe23: shows [Td 3d] (two pair, Kings and Tens)
WWiebe23 collected $0.06 from pot
*** SUMMARY ***
Total pot $0.06 | Rake $0 
Board [Ks 8h Kc Ts 7s]
Seat 1: Dorex2007 (small blind) showed [7d 3h] and lost with two pair, Kings and Sevens
Seat 2: kristymallory (big blind) showed [Qc 7h] and lost with two pair, Kings and Sevens
Seat 5: Psych0P4th folded before Flop (didn't bet)
Seat 6: WWiebe23 (button) showed [Td 3d] and won ($0.06) with two pair, Kings and Tens



PokerStars Home Game Hand #226499902481: {Club #4784625}  Hold'em No Limit ($0.01/$0.02 USD) - 2021/05/05 19:36:05 PT [2021/05/05 22:36:05 ET]
Table 'Cash Game' 9-max Seat #1 is the button
Seat 1: Dorex2007 ($1.98 in chips) 
Seat 2: kristymallory ($2.56 in chips) 
Seat 5: Psych0P4th ($6.95 in chips) 
Seat 6: WWiebe23 ($3.49 in chips) 
kristymallory: posts small blind $0.01
Psych0P4th: posts big blind $0.02
*** HOLE CARDS ***
Dealt to Dorex2007 [6h Ah]
WWiebe23: calls $0.02
Dorex2007: calls $0.02
kristymallory: folds 
Psych0P4th: checks 
*** FLOP *** [Qc 3h Kc]
Psych0P4th: checks 
WWiebe23: checks 
Dorex2007: checks 
*** TURN *** [Qc 3h Kc] [Jc]
Psych0P4th: bets $0.13
WWiebe23: calls $0.13
Dorex2007: folds 
*** RIVER *** [Qc 3h Kc Jc] [Js]
Psych0P4th: checks 
WWiebe23: checks 
*** SHOW DOWN ***
Psych0P4th: shows [2h Ac] (a pair of Jacks)
WWiebe23: shows [7c Qs] (two pair, Queens and Jacks)
WWiebe23 collected $0.32 from pot
*** SUMMARY ***
Total pot $0.33 | Rake $0.01 
Board [Qc 3h Kc Jc Js]
Seat 1: Dorex2007 (button) folded on the Turn
Seat 2: kristymallory (small blind) folded before Flop
Seat 5: Psych0P4th (big blind) showed [2h Ac] and lost with a pair of Jacks
Seat 6: WWiebe23 showed [7c Qs] and won ($0.32) with two pair, Queens and Jacks



PokerStars Home Game Hand #226499918477: {Club #4784625}  Hold'em No Limit ($0.01/$0.02 USD) - 2021/05/05 19:37:09 PT [2021/05/05 22:37:09 ET]
Table 'Cash Game' 9-max Seat #2 is the button
Seat 1: Dorex2007 ($1.96 in chips) 
Seat 2: kristymallory ($2.55 in chips) 
Seat 5: Psych0P4th ($6.80 in chips) 
Seat 6: WWiebe23 ($3.66 in chips) 
Psych0P4th: posts small blind $0.01
WWiebe23: posts big blind $0.02
*** HOLE CARDS ***
Dealt to Dorex2007 [9d 6s]
Dorex2007: folds 
kristymallory: raises $0.04 to $0.06
Psych0P4th: folds 
WWiebe23: calls $0.04
*** FLOP *** [8s 6c Th]
WWiebe23: checks 
kristymallory: bets $0.07
WWiebe23: calls $0.07
*** TURN *** [8s 6c Th] [4s]
WWiebe23: checks 
kristymallory: bets $0.13
WWiebe23: folds 
Uncalled bet ($0.13) returned to kristymallory
kristymallory collected $0.26 from pot
*** SUMMARY ***
Total pot $0.27 | Rake $0.01 
Board [8s 6c Th 4s]
Seat 1: Dorex2007 folded before Flop (didn't bet)
Seat 2: kristymallory (button) collected ($0.26)
Seat 5: Psych0P4th (small blind) folded before Flop
Seat 6: WWiebe23 (big blind) folded on the Turn



PokerStars Home Game Hand #226499929892: {Club #4784625}  Hold'em No Limit ($0.01/$0.02 USD) - 2021/05/05 19:37:55 PT [2021/05/05 22:37:55 ET]
Table 'Cash Game' 9-max Seat #5 is the button
Seat 1: Dorex2007 ($1.96 in chips) 
Seat 2: kristymallory ($2.68 in chips) 
Seat 5: Psych0P4th ($6.79 in chips) 
Seat 6: WWiebe23 ($3.53 in chips) 
WWiebe23: posts small blind $0.01
Dorex2007: posts big blind $0.02
*** HOLE CARDS ***
Dealt to Dorex2007 [3s 6s]
kristymallory: folds 
Psych0P4th: raises $0.03 to $0.05
WWiebe23: calls $0.04
Dorex2007: calls $0.03
*** FLOP *** [Kd 4d 7c]
WWiebe23: bets $0.02
Dorex2007: calls $0.02
Psych0P4th: raises $0.18 to $0.20
WWiebe23: calls $0.18
Dorex2007: folds 
*** TURN *** [Kd 4d 7c] [As]
WWiebe23: checks 
Psych0P4th: bets $0.61
WWiebe23: calls $0.61
*** RIVER *** [Kd 4d 7c As] [Kh]
WWiebe23: checks 
Psych0P4th: checks 
*** SHOW DOWN ***
WWiebe23: shows [Jc 4h] (two pair, Kings and Fours)
Psych0P4th: mucks hand 
WWiebe23 collected $1.73 from pot
*** SUMMARY ***
Total pot $1.79 | Rake $0.06 
Board [Kd 4d 7c As Kh]
Seat 1: Dorex2007 (big blind) folded on the Flop
Seat 2: kristymallory folded before Flop (didn't bet)
Seat 5: Psych0P4th (button) mucked [5s 3h]
Seat 6: WWiebe23 (small blind) showed [Jc 4h] and won ($1.73) with two pair, Kings and Fours



PokerStars Home Game Hand #226499951655: {Club #4784625}  Hold'em No Limit ($0.01/$0.02 USD) - 2021/05/05 19:39:23 PT [2021/05/05 22:39:23 ET]
Table 'Cash Game' 9-max Seat #6 is the button
Seat 1: Dorex2007 ($1.89 in chips) 
Seat 2: kristymallory ($2.68 in chips) 
Seat 5: Psych0P4th ($5.93 in chips) 
Seat 6: WWiebe23 ($4.40 in chips) 
Dorex2007: posts small blind $0.01
kristymallory: posts big blind $0.02
*** HOLE CARDS ***
Dealt to Dorex2007 [3d 2h]
Psych0P4th has timed out
Psych0P4th: folds 
WWiebe23: calls $0.02
Dorex2007: calls $0.01
kristymallory: checks 
*** FLOP *** [4h 5d 9h]
Dorex2007: checks 
kristymallory: checks 
WWiebe23: bets $0.06
Dorex2007: calls $0.06
kristymallory: folds 
*** TURN *** [4h 5d 9h] [2c]
Dorex2007: bets $0.09
WWiebe23: calls $0.09
*** RIVER *** [4h 5d 9h 2c] [Qh]
Dorex2007: checks 
WWiebe23: checks 
*** SHOW DOWN ***
Dorex2007: shows [3d 2h] (a pair of Deuces)
WWiebe23: shows [7c 9s] (a pair of Nines)
WWiebe23 collected $0.35 from pot
*** SUMMARY ***
Total pot $0.36 | Rake $0.01 
Board [4h 5d 9h 2c Qh]
Seat 1: Dorex2007 (small blind) showed [3d 2h] and lost with a pair of Deuces
Seat 2: kristymallory (big blind) folded on the Flop
Seat 5: Psych0P4th folded before Flop (didn't bet)
Seat 6: WWiebe23 (button) showed [7c 9s] and won ($0.35) with a pair of Nines



PokerStars Home Game Hand #226499965959: {Club #4784625}  Hold'em No Limit ($0.01/$0.02 USD) - 2021/05/05 19:40:22 PT [2021/05/05 22:40:22 ET]
Table 'Cash Game' 9-max Seat #1 is the button
Seat 1: Dorex2007 ($1.72 in chips) 
Seat 2: kristymallory ($2.66 in chips) 
Seat 5: Psych0P4th ($5.93 in chips) 
Seat 6: WWiebe23 ($4.58 in chips) 
kristymallory: posts small blind $0.01
Psych0P4th: posts big blind $0.02
*** HOLE CARDS ***
Dealt to Dorex2007 [9s 8d]
WWiebe23: calls $0.02
Dorex2007: calls $0.02
kristymallory: calls $0.01
Psych0P4th: raises $0.14 to $0.16
WWiebe23: calls $0.14
Dorex2007: folds 
kristymallory: folds 
*** FLOP *** [9d 8h 3h]
Psych0P4th: bets $0.23
WWiebe23: folds 
Uncalled bet ($0.23) returned to Psych0P4th
Psych0P4th collected $0.35 from pot
Psych0P4th: doesn't show hand 
*** SUMMARY ***
Total pot $0.36 | Rake $0.01 
Board [9d 8h 3h]
Seat 1: Dorex2007 (button) folded before Flop
Seat 2: kristymallory (small blind) folded before Flop
Seat 5: Psych0P4th (big blind) collected ($0.35)
Seat 6: WWiebe23 folded on the Flop



PokerStars Home Game Hand #226499979822: {Club #4784625}  Hold'em No Limit ($0.01/$0.02 USD) - 2021/05/05 19:41:18 PT [2021/05/05 22:41:18 ET]
Table 'Cash Game' 9-max Seat #2 is the button
Seat 1: Dorex2007 ($1.98 in chips) 
Seat 2: kristymallory ($2.64 in chips) 
Seat 5: Psych0P4th ($6.12 in chips) 
Seat 6: WWiebe23 ($4.42 in chips) 
Psych0P4th: posts small blind $0.01
WWiebe23: posts big blind $0.02
*** HOLE CARDS ***
Dealt to Dorex2007 [Kc Jc]
Dorex2007: raises $0.04 to $0.06
kristymallory: folds 
Psych0P4th: calls $0.05
WWiebe23: calls $0.04
*** FLOP *** [8s 7c 9d]
Psych0P4th: checks 
WWiebe23: checks 
Dorex2007: checks 
*** TURN *** [8s 7c 9d] [Ad]
Psych0P4th: bets $0.12
WWiebe23: calls $0.12
Dorex2007: folds 
*** RIVER *** [8s 7c 9d Ad] [9c]
Psych0P4th: checks 
WWiebe23: checks 
*** SHOW DOWN ***
Psych0P4th: shows [Tc 8c] (two pair, Nines and Eights)
WWiebe23: mucks hand 
Psych0P4th collected $0.41 from pot
*** SUMMARY ***
Total pot $0.42 | Rake $0.01 
Board [8s 7c 9d Ad 9c]
Seat 1: Dorex2007 folded on the Turn
Seat 2: kristymallory (button) folded before Flop (didn't bet)
Seat 5: Psych0P4th (small blind) showed [Tc 8c] and won ($0.41) with two pair, Nines and Eights
Seat 6: WWiebe23 (big blind) mucked [4h Kh]



PokerStars Home Game Hand #226499989548: {Club #4784625}  Hold'em No Limit ($0.01/$0.02 USD) - 2021/05/05 19:41:58 PT [2021/05/05 22:41:58 ET]
Table 'Cash Game' 9-max Seat #5 is the button
Seat 1: Dorex2007 ($1.92 in chips) 
Seat 2: kristymallory ($2.64 in chips) 
Seat 5: Psych0P4th ($6.35 in chips) 
Seat 6: WWiebe23 ($4.24 in chips) 
WWiebe23: posts small blind $0.01
Dorex2007: posts big blind $0.02
*** HOLE CARDS ***
Dealt to Dorex2007 [6s 8h]
kristymallory: folds 
Psych0P4th: folds 
WWiebe23: calls $0.01
Dorex2007: checks 
*** FLOP *** [Kd 5s 2h]
WWiebe23: checks 
Dorex2007: checks 
*** TURN *** [Kd 5s 2h] [9c]
WWiebe23: checks 
Dorex2007: checks 
*** RIVER *** [Kd 5s 2h 9c] [4h]
WWiebe23: checks 
Dorex2007: bets $0.04
WWiebe23: calls $0.04
*** SHOW DOWN ***
Dorex2007: shows [6s 8h] (high card King)
WWiebe23: shows [7h Qh] (high card King - Queen kicker)
WWiebe23 collected $0.12 from pot
*** SUMMARY ***
Total pot $0.12 | Rake $0 
Board [Kd 5s 2h 9c 4h]
Seat 1: Dorex2007 (big blind) showed [6s 8h] and lost with high card King
Seat 2: kristymallory folded before Flop (didn't bet)
Seat 5: Psych0P4th (button) folded before Flop (didn't bet)
Seat 6: WWiebe23 (small blind) showed [7h Qh] and won ($0.12) with high card King



PokerStars Home Game Hand #226500004376: {Club #4784625}  Hold'em No Limit ($0.01/$0.02 USD) - 2021/05/05 19:42:59 PT [2021/05/05 22:42:59 ET]
Table 'Cash Game' 9-max Seat #6 is the button
Seat 1: Dorex2007 ($1.86 in chips) 
Seat 2: kristymallory ($2.64 in chips) 
Seat 5: Psych0P4th ($6.35 in chips) 
Seat 6: WWiebe23 ($4.30 in chips) 
Dorex2007: posts small blind $0.01
kristymallory: posts big blind $0.02
*** HOLE CARDS ***
Dealt to Dorex2007 [Jc Kd]
Psych0P4th: raises $0.03 to $0.05
WWiebe23: calls $0.05
Dorex2007: calls $0.04
kristymallory: folds 
*** FLOP *** [Ks Ts 3s]
Dorex2007: checks 
Psych0P4th: bets $0.11
WWiebe23: calls $0.11
Dorex2007: calls $0.11
*** TURN *** [Ks Ts 3s] [6d]
Dorex2007: checks 
Psych0P4th: bets $0.31
WWiebe23: calls $0.31
Dorex2007: calls $0.31
*** RIVER *** [Ks Ts 3s 6d] [Tc]
Dorex2007: bets $0.69
Psych0P4th: calls $0.69
WWiebe23: calls $0.69
*** SHOW DOWN ***
Dorex2007: shows [Jc Kd] (two pair, Kings and Tens)
Psych0P4th: shows [Ah Th] (three of a kind, Tens)
WWiebe23: mucks hand 
Psych0P4th collected $3.38 from pot
*** SUMMARY ***
Total pot $3.50 | Rake $0.12 
Board [Ks Ts 3s 6d Tc]
Seat 1: Dorex2007 (small blind) showed [Jc Kd] and lost with two pair, Kings and Tens
Seat 2: kristymallory (big blind) folded before Flop
Seat 5: Psych0P4th showed [Ah Th] and won ($3.38) with three of a kind, Tens
Seat 6: WWiebe23 (button) mucked [Kh Qd]



PokerStars Home Game Hand #226500019811: {Club #4784625}  Hold'em No Limit ($0.01/$0.02 USD) - 2021/05/05 19:44:03 PT [2021/05/05 22:44:03 ET]
Table 'Cash Game' 9-max Seat #1 is the button
Seat 1: Dorex2007 ($0.70 in chips) 
Seat 2: kristymallory ($2.62 in chips) 
Seat 5: Psych0P4th ($8.57 in chips) 
Seat 6: WWiebe23 ($3.14 in chips) 
kristymallory: posts small blind $0.01
Psych0P4th: posts big blind $0.02
*** HOLE CARDS ***
Dealt to Dorex2007 [Jc 4c]
WWiebe23: calls $0.02
Dorex2007: folds 
kristymallory: calls $0.01
Psych0P4th: checks 
*** FLOP *** [6h 8d Jd]
kristymallory: checks 
Psych0P4th: checks 
WWiebe23: checks 
*** TURN *** [6h 8d Jd] [Kh]
kristymallory: checks 
Psych0P4th: checks 
WWiebe23: bets $0.06
kristymallory: calls $0.06
Psych0P4th: folds 
*** RIVER *** [6h 8d Jd Kh] [Qc]
kristymallory: checks 
WWiebe23: checks 
*** SHOW DOWN ***
kristymallory: shows [Ad 7d] (high card Ace)
WWiebe23: shows [Ks 9d] (a pair of Kings)
WWiebe23 collected $0.17 from pot
*** SUMMARY ***
Total pot $0.18 | Rake $0.01 
Board [6h 8d Jd Kh Qc]
Seat 1: Dorex2007 (button) folded before Flop (didn't bet)
Seat 2: kristymallory (small blind) showed [Ad 7d] and lost with high card Ace
Seat 5: Psych0P4th (big blind) folded on the Turn
Seat 6: WWiebe23 showed [Ks 9d] and won ($0.17) with a pair of Kings



PokerStars Home Game Hand #226500038332: {Club #4784625}  Hold'em No Limit ($0.01/$0.02 USD) - 2021/05/05 19:44:59 PT [2021/05/05 22:44:59 ET]
Table 'Cash Game' 9-max Seat #2 is the button
Seat 1: Dorex2007 ($2 in chips) 
Seat 2: kristymallory ($2.54 in chips) 
Seat 5: Psych0P4th ($8.55 in chips) 
Seat 6: WWiebe23 ($3.23 in chips) 
Psych0P4th: posts small blind $0.01
WWiebe23: posts big blind $0.02
*** HOLE CARDS ***
Dealt to Dorex2007 [9d Th]
Dorex2007: calls $0.02
kristymallory: calls $0.02
Psych0P4th: calls $0.01
WWiebe23: checks 
*** FLOP *** [5c Jc Qs]
Psych0P4th: checks 
WWiebe23: checks 
Dorex2007: checks 
kristymallory: bets $0.06
Psych0P4th: calls $0.06
WWiebe23: folds 
Dorex2007: calls $0.06
*** TURN *** [5c Jc Qs] [2s]
Psych0P4th: checks 
Dorex2007: checks 
kristymallory: bets $0.13
Psych0P4th: raises $0.31 to $0.44
Dorex2007: folds 
kristymallory: calls $0.31
*** RIVER *** [5c Jc Qs 2s] [9c]
Psych0P4th: bets $0.82
kristymallory: folds 
Uncalled bet ($0.82) returned to Psych0P4th
Psych0P4th collected $1.10 from pot
Psych0P4th: doesn't show hand 
*** SUMMARY ***
Total pot $1.14 | Rake $0.04 
Board [5c Jc Qs 2s 9c]
Seat 1: Dorex2007 folded on the Turn
Seat 2: kristymallory (button) folded on the River
Seat 5: Psych0P4th (small blind) collected ($1.10)
Seat 6: WWiebe23 (big blind) folded on the Flop



PokerStars Home Game Hand #226500057019: {Club #4784625}  Hold'em No Limit ($0.01/$0.02 USD) - 2021/05/05 19:46:17 PT [2021/05/05 22:46:17 ET]
Table 'Cash Game' 9-max Seat #5 is the button
Seat 1: Dorex2007 ($1.92 in chips) 
Seat 2: kristymallory ($2.02 in chips) 
Seat 5: Psych0P4th ($9.13 in chips) 
Seat 6: WWiebe23 ($3.21 in chips) 
WWiebe23: posts small blind $0.01
Dorex2007: posts big blind $0.02
*** HOLE CARDS ***
Dealt to Dorex2007 [Ah Td]
kristymallory: folds 
Psych0P4th: folds 
WWiebe23: calls $0.01
Dorex2007: checks 
*** FLOP *** [8d 7h 8s]
WWiebe23: bets $0.84
Dorex2007: folds 
Uncalled bet ($0.84) returned to WWiebe23
WWiebe23 collected $0.04 from pot
WWiebe23: doesn't show hand 
*** SUMMARY ***
Total pot $0.04 | Rake $0 
Board [8d 7h 8s]
Seat 1: Dorex2007 (big blind) folded on the Flop
Seat 2: kristymallory folded before Flop (didn't bet)
Seat 5: Psych0P4th (button) folded before Flop (didn't bet)
Seat 6: WWiebe23 (small blind) collected ($0.04)



PokerStars Home Game Hand #226500065875: {Club #4784625}  Hold'em No Limit ($0.01/$0.02 USD) - 2021/05/05 19:46:54 PT [2021/05/05 22:46:54 ET]
Table 'Cash Game' 9-max Seat #6 is the button
Seat 1: Dorex2007 ($1.90 in chips) 
Seat 2: kristymallory ($2.02 in chips) 
Seat 5: Psych0P4th ($9.13 in chips) 
Seat 6: WWiebe23 ($3.23 in chips) 
Dorex2007: posts small blind $0.01
kristymallory: posts big blind $0.02
*** HOLE CARDS ***
Dealt to Dorex2007 [3h Jh]
Psych0P4th: folds 
WWiebe23: calls $0.02
Dorex2007: calls $0.01
kristymallory: checks 
*** FLOP *** [5s 9s 9d]
Dorex2007: checks 
kristymallory: checks 
WWiebe23: checks 
*** TURN *** [5s 9s 9d] [Qh]
Dorex2007: checks 
kristymallory: checks 
WWiebe23: checks 
*** RIVER *** [5s 9s 9d Qh] [8d]
Dorex2007: checks 
kristymallory: checks 
WWiebe23: checks 
*** SHOW DOWN ***
Dorex2007: shows [3h Jh] (a pair of Nines)
kristymallory: shows [Ad 5d] (two pair, Nines and Fives)
WWiebe23: shows [4h Qd] (two pair, Queens and Nines)
WWiebe23 collected $0.06 from pot
*** SUMMARY ***
Total pot $0.06 | Rake $0 
Board [5s 9s 9d Qh 8d]
Seat 1: Dorex2007 (small blind) showed [3h Jh] and lost with a pair of Nines
Seat 2: kristymallory (big blind) showed [Ad 5d] and lost with two pair, Nines and Fives
Seat 5: Psych0P4th folded before Flop (didn't bet)
Seat 6: WWiebe23 (button) showed [4h Qd] and won ($0.06) with two pair, Queens and Nines



PokerStars Home Game Hand #226500080396: {Club #4784625}  Hold'em No Limit ($0.01/$0.02 USD) - 2021/05/05 19:47:55 PT [2021/05/05 22:47:55 ET]
Table 'Cash Game' 9-max Seat #1 is the button
Seat 1: Dorex2007 ($1.98 in chips) 
Seat 2: kristymallory ($2 in chips) 
Seat 5: Psych0P4th ($9.13 in chips) 
Seat 6: WWiebe23 ($3.27 in chips) 
kristymallory: posts small blind $0.01
Psych0P4th: posts big blind $0.02
*** HOLE CARDS ***
Dealt to Dorex2007 [5d Js]
WWiebe23: calls $0.02
Dorex2007: folds 
kristymallory: folds 
Psych0P4th: checks 
*** FLOP *** [4d Ks Qs]
Psych0P4th: checks 
WWiebe23: checks 
*** TURN *** [4d Ks Qs] [4s]
Psych0P4th: checks 
WWiebe23: bets $0.05
Psych0P4th: folds [Jc 7h]
Uncalled bet ($0.05) returned to WWiebe23
WWiebe23 collected $0.05 from pot
*** SUMMARY ***
Total pot $0.05 | Rake $0 
Board [4d Ks Qs 4s]
Seat 1: Dorex2007 (button) folded before Flop (didn't bet)
Seat 2: kristymallory (small blind) folded before Flop
Seat 5: Psych0P4th (big blind) folded on the Turn
Seat 6: WWiebe23 collected ($0.05)



PokerStars Home Game Hand #226500087853: {Club #4784625}  Hold'em No Limit ($0.01/$0.02 USD) - 2021/05/05 19:48:26 PT [2021/05/05 22:48:26 ET]
Table 'Cash Game' 9-max Seat #2 is the button
Seat 1: Dorex2007 ($2 in chips) 
Seat 2: kristymallory ($1.99 in chips) 
Seat 5: Psych0P4th ($9.11 in chips) 
Seat 6: WWiebe23 ($3.30 in chips) 
Psych0P4th: posts small blind $0.01
WWiebe23: posts big blind $0.02
*** HOLE CARDS ***
Dealt to Dorex2007 [Td 3h]
Dorex2007: folds 
kristymallory: folds 
Psych0P4th: raises $0.04 to $0.06
WWiebe23: raises $0.04 to $0.10
Psych0P4th: calls $0.04
*** FLOP *** [Th 5d 9s]
Psych0P4th: checks 
WWiebe23: checks 
*** TURN *** [Th 5d 9s] [5s]
Psych0P4th: checks 
WWiebe23: bets $0.19
Psych0P4th: folds 
Uncalled bet ($0.19) returned to WWiebe23
WWiebe23 collected $0.19 from pot
WWiebe23: doesn't show hand 
*** SUMMARY ***
Total pot $0.20 | Rake $0.01 
Board [Th 5d 9s 5s]
Seat 1: Dorex2007 folded before Flop (didn't bet)
Seat 2: kristymallory (button) folded before Flop (didn't bet)
Seat 5: Psych0P4th (small blind) folded on the Turn
Seat 6: WWiebe23 (big blind) collected ($0.19)



PokerStars Home Game Hand #226500097827: {Club #4784625}  Hold'em No Limit ($0.01/$0.02 USD) - 2021/05/05 19:49:09 PT [2021/05/05 22:49:09 ET]
Table 'Cash Game' 9-max Seat #5 is the button
Seat 1: Dorex2007 ($2 in chips) 
Seat 2: kristymallory ($1.99 in chips) 
Seat 5: Psych0P4th ($9.01 in chips) 
Seat 6: WWiebe23 ($3.39 in chips) 
WWiebe23: posts small blind $0.01
Dorex2007: posts big blind $0.02
*** HOLE CARDS ***
Dealt to Dorex2007 [3d Kc]
kristymallory: folds 
Psych0P4th: raises $0.03 to $0.05
WWiebe23: folds 
Dorex2007: calls $0.03
*** FLOP *** [Td As 9c]
Dorex2007: checks 
Psych0P4th: bets $0.08
Dorex2007: folds 
Uncalled bet ($0.08) returned to Psych0P4th
Psych0P4th collected $0.11 from pot
Psych0P4th: doesn't show hand 
*** SUMMARY ***
Total pot $0.11 | Rake $0 
Board [Td As 9c]
Seat 1: Dorex2007 (big blind) folded on the Flop
Seat 2: kristymallory folded before Flop (didn't bet)
Seat 5: Psych0P4th (button) collected ($0.11)
Seat 6: WWiebe23 (small blind) folded before Flop



PokerStars Home Game Hand #226500102807: {Club #4784625}  Hold'em No Limit ($0.01/$0.02 USD) - 2021/05/05 19:49:29 PT [2021/05/05 22:49:29 ET]
Table 'Cash Game' 9-max Seat #6 is the button
Seat 1: Dorex2007 ($2 in chips) 
Seat 2: kristymallory ($1.99 in chips) 
Seat 5: Psych0P4th ($9.07 in chips) 
Seat 6: WWiebe23 ($3.38 in chips) 
Dorex2007: posts small blind $0.01
kristymallory: posts big blind $0.02
*** HOLE CARDS ***
Dealt to Dorex2007 [8s 2c]
Psych0P4th: raises $0.03 to $0.05
WWiebe23: calls $0.05
Dorex2007: folds 
kristymallory: folds 
*** FLOP *** [6h Ts 3c]
Psych0P4th: bets $0.08
WWiebe23: calls $0.08
*** TURN *** [6h Ts 3c] [2d]
Psych0P4th: bets $0.15
WWiebe23: calls $0.15
*** RIVER *** [6h Ts 3c 2d] [6d]
Psych0P4th: checks 
WWiebe23: checks 
*** SHOW DOWN ***
Psych0P4th: shows [Tc Qd] (two pair, Tens and Sixes)
WWiebe23: mucks hand 
Psych0P4th collected $0.57 from pot
*** SUMMARY ***
Total pot $0.59 | Rake $0.02 
Board [6h Ts 3c 2d 6d]
Seat 1: Dorex2007 (small blind) folded before Flop
Seat 2: kristymallory (big blind) folded before Flop
Seat 5: Psych0P4th showed [Tc Qd] and won ($0.57) with two pair, Tens and Sixes
Seat 6: WWiebe23 (button) mucked [Qs 7h]



PokerStars Home Game Hand #226500112817: {Club #4784625}  Hold'em No Limit ($0.01/$0.02 USD) - 2021/05/05 19:50:11 PT [2021/05/05 22:50:11 ET]
Table 'Cash Game' 9-max Seat #1 is the button
Seat 1: Dorex2007 ($2 in chips) 
Seat 2: kristymallory ($1.97 in chips) 
Seat 5: Psych0P4th ($9.36 in chips) 
Seat 6: WWiebe23 ($3.10 in chips) 
kristymallory: posts small blind $0.01
Psych0P4th: posts big blind $0.02
*** HOLE CARDS ***
Dealt to Dorex2007 [3s 7c]
WWiebe23: calls $0.02
Dorex2007: folds 
kristymallory: folds 
Psych0P4th: raises $0.04 to $0.06
WWiebe23: calls $0.04
*** FLOP *** [8c 7s Jd]
Psych0P4th: bets $0.08
WWiebe23: calls $0.08
*** TURN *** [8c 7s Jd] [6d]
Psych0P4th: bets $0.23
WWiebe23: calls $0.23
*** RIVER *** [8c 7s Jd 6d] [6s]
Psych0P4th: bets $0.51
WWiebe23: raises $0.51 to $1.02
Psych0P4th: calls $0.51
*** SHOW DOWN ***
WWiebe23: shows [6h 9h] (three of a kind, Sixes)
Psych0P4th: mucks hand 
WWiebe23 collected $2.69 from pot
*** SUMMARY ***
Total pot $2.79 | Rake $0.10 
Board [8c 7s Jd 6d 6s]
Seat 1: Dorex2007 (button) folded before Flop (didn't bet)
Seat 2: kristymallory (small blind) folded before Flop
Seat 5: Psych0P4th (big blind) mucked [9d Jh]
Seat 6: WWiebe23 showed [6h 9h] and won ($2.69) with three of a kind, Sixes



PokerStars Home Game Hand #226500132382: {Club #4784625}  Hold'em No Limit ($0.01/$0.02 USD) - 2021/05/05 19:51:34 PT [2021/05/05 22:51:34 ET]
Table 'Cash Game' 9-max Seat #2 is the button
Seat 1: Dorex2007 ($2 in chips) 
Seat 2: kristymallory ($1.96 in chips) 
Seat 5: Psych0P4th ($7.97 in chips) 
Seat 6: WWiebe23 ($4.40 in chips) 
Psych0P4th: posts small blind $0.01
WWiebe23: posts big blind $0.02
*** HOLE CARDS ***
Dealt to Dorex2007 [As Qs]
Dorex2007: raises $0.04 to $0.06
kristymallory: folds 
Psych0P4th: calls $0.05
WWiebe23: calls $0.04
*** FLOP *** [9h 3h 5d]
Psych0P4th: checks 
WWiebe23: checks 
Dorex2007: checks 
*** TURN *** [9h 3h 5d] [2s]
Psych0P4th: bets $0.13
WWiebe23: folds 
Dorex2007: calls $0.13
*** RIVER *** [9h 3h 5d 2s] [Ts]
Psych0P4th: checks 
Dorex2007: checks 
*** SHOW DOWN ***
Psych0P4th: shows [4s 5s] (a pair of Fives)
Dorex2007: mucks hand 
Psych0P4th collected $0.42 from pot
*** SUMMARY ***
Total pot $0.44 | Rake $0.02 
Board [9h 3h 5d 2s Ts]
Seat 1: Dorex2007 mucked [As Qs]
Seat 2: kristymallory (button) folded before Flop (didn't bet)
Seat 5: Psych0P4th (small blind) showed [4s 5s] and won ($0.42) with a pair of Fives
Seat 6: WWiebe23 (big blind) folded on the Turn



PokerStars Home Game Hand #226500145763: {Club #4784625}  Hold'em No Limit ($0.01/$0.02 USD) - 2021/05/05 19:52:31 PT [2021/05/05 22:52:31 ET]
Table 'Cash Game' 9-max Seat #5 is the button
Seat 1: Dorex2007 ($2 in chips) 
Seat 2: kristymallory ($1.96 in chips) 
Seat 5: Psych0P4th ($8.20 in chips) 
Seat 6: WWiebe23 ($4.34 in chips) 
WWiebe23: posts small blind $0.01
Dorex2007: posts big blind $0.02
*** HOLE CARDS ***
Dealt to Dorex2007 [Js 3c]
kristymallory: folds 
Psych0P4th: folds 
WWiebe23: calls $0.01
Dorex2007: checks 
*** FLOP *** [3h Qd 9s]
WWiebe23: checks 
Dorex2007: checks 
*** TURN *** [3h Qd 9s] [8c]
WWiebe23: checks 
Dorex2007: checks 
*** RIVER *** [3h Qd 9s 8c] [9d]
WWiebe23: checks 
Dorex2007: checks 
*** SHOW DOWN ***
WWiebe23: shows [Kc 2s] (a pair of Nines)
Dorex2007: shows [Js 3c] (two pair, Nines and Threes)
Dorex2007 collected $0.04 from pot
*** SUMMARY ***
Total pot $0.04 | Rake $0 
Board [3h Qd 9s 8c 9d]
Seat 1: Dorex2007 (big blind) showed [Js 3c] and won ($0.04) with two pair, Nines and Threes
Seat 2: kristymallory folded before Flop (didn't bet)
Seat 5: Psych0P4th (button) folded before Flop (didn't bet)
Seat 6: WWiebe23 (small blind) showed [Kc 2s] and lost with a pair of Nines



PokerStars Home Game Hand #226500155141: {Club #4784625}  Hold'em No Limit ($0.01/$0.02 USD) - 2021/05/05 19:53:11 PT [2021/05/05 22:53:11 ET]
Table 'Cash Game' 9-max Seat #6 is the button
Seat 1: Dorex2007 ($2.02 in chips) 
Seat 2: kristymallory ($1.96 in chips) 
Seat 5: Psych0P4th ($8.20 in chips) 
Seat 6: WWiebe23 ($4.32 in chips) 
Dorex2007: posts small blind $0.01
kristymallory: posts big blind $0.02
*** HOLE CARDS ***
Dealt to Dorex2007 [Ks Th]
Psych0P4th: folds 
WWiebe23: calls $0.02
Dorex2007: raises $0.04 to $0.06
kristymallory: raises $0.06 to $0.12
WWiebe23: folds 
Dorex2007: calls $0.06
*** FLOP *** [4h 3h 5c]
Dorex2007: checks 
kristymallory: bets $0.13
Dorex2007: folds 
Uncalled bet ($0.13) returned to kristymallory
kristymallory collected $0.25 from pot
*** SUMMARY ***
Total pot $0.26 | Rake $0.01 
Board [4h 3h 5c]
Seat 1: Dorex2007 (small blind) folded on the Flop
Seat 2: kristymallory (big blind) collected ($0.25)
Seat 5: Psych0P4th folded before Flop (didn't bet)
Seat 6: WWiebe23 (button) folded before Flop



PokerStars Home Game Hand #226500165677: {Club #4784625}  Hold'em No Limit ($0.01/$0.02 USD) - 2021/05/05 19:53:56 PT [2021/05/05 22:53:56 ET]
Table 'Cash Game' 9-max Seat #1 is the button
Seat 1: Dorex2007 ($2 in chips) 
Seat 2: kristymallory ($2.09 in chips) 
Seat 5: Psych0P4th ($8.20 in chips) 
Seat 6: WWiebe23 ($4.30 in chips) 
kristymallory: posts small blind $0.01
Psych0P4th: posts big blind $0.02
*** HOLE CARDS ***
Dealt to Dorex2007 [Ah 5d]
WWiebe23: calls $0.02
Dorex2007: calls $0.02
kristymallory: folds 
Psych0P4th: raises $0.10 to $0.12
WWiebe23: folds 
Dorex2007: folds 
Uncalled bet ($0.10) returned to Psych0P4th
Psych0P4th collected $0.07 from pot
Psych0P4th: doesn't show hand 
*** SUMMARY ***
Total pot $0.07 | Rake $0 
Seat 1: Dorex2007 (button) folded before Flop
Seat 2: kristymallory (small blind) folded before Flop
Seat 5: Psych0P4th (big blind) collected ($0.07)
Seat 6: WWiebe23 folded before Flop



PokerStars Home Game Hand #226500181009: {Club #4784625}  Hold'em No Limit ($0.01/$0.02 USD) - 2021/05/05 19:54:30 PT [2021/05/05 22:54:30 ET]
Table 'Cash Game' 9-max Seat #2 is the button
Seat 1: Dorex2007 ($2 in chips) 
Seat 2: kristymallory ($2.08 in chips) 
Seat 5: Psych0P4th ($8.25 in chips) 
Seat 6: WWiebe23 ($4.28 in chips) 
Psych0P4th: posts small blind $0.01
WWiebe23: posts big blind $0.02
*** HOLE CARDS ***
Dealt to Dorex2007 [3c 9s]
Dorex2007: folds 
kristymallory: folds 
Psych0P4th: calls $0.01
WWiebe23: checks 
*** FLOP *** [Tc 4d Jh]
Psych0P4th: bets $0.03
WWiebe23: calls $0.03
*** TURN *** [Tc 4d Jh] [5c]
Psych0P4th: bets $0.08
WWiebe23: raises $0.08 to $0.16
Psych0P4th: calls $0.08
*** RIVER *** [Tc 4d Jh 5c] [5d]
Psych0P4th: checks 
WWiebe23: checks 
*** SHOW DOWN ***
Psych0P4th: shows [7c Th] (two pair, Tens and Fives)
WWiebe23: mucks hand 
Psych0P4th collected $0.41 from pot
*** SUMMARY ***
Total pot $0.42 | Rake $0.01 
Board [Tc 4d Jh 5c 5d]
Seat 1: Dorex2007 folded before Flop (didn't bet)
Seat 2: kristymallory (button) folded before Flop (didn't bet)
Seat 5: Psych0P4th (small blind) showed [7c Th] and won ($0.41) with two pair, Tens and Fives
Seat 6: WWiebe23 (big blind) mucked [9h 6d]



PokerStars Home Game Hand #226500192852: {Club #4784625}  Hold'em No Limit ($0.01/$0.02 USD) - 2021/05/05 19:55:26 PT [2021/05/05 22:55:26 ET]
Table 'Cash Game' 9-max Seat #5 is the button
Seat 1: Dorex2007 ($2 in chips) 
Seat 2: kristymallory ($2.08 in chips) 
Seat 5: Psych0P4th ($8.45 in chips) 
Seat 6: WWiebe23 ($4.07 in chips) 
WWiebe23: posts small blind $0.01
Dorex2007: posts big blind $0.02
*** HOLE CARDS ***
Dealt to Dorex2007 [Kc Ac]
kristymallory: folds 
Psych0P4th: raises $0.03 to $0.05
WWiebe23: calls $0.04
Dorex2007: raises $0.11 to $0.16
Psych0P4th: calls $0.11
WWiebe23: calls $0.11
*** FLOP *** [9h 8s 2h]
WWiebe23: bets $0.46
Dorex2007: calls $0.46
Psych0P4th: calls $0.46
*** TURN *** [9h 8s 2h] [As]
WWiebe23: bets $0.90
Dorex2007: raises $0.48 to $1.38 and is all-in
Psych0P4th: folds 
WWiebe23: calls $0.48
*** RIVER *** [9h 8s 2h As] [Jc]
*** SHOW DOWN ***
WWiebe23: shows [6c 7d] (high card Ace)
Dorex2007: shows [Kc Ac] (a pair of Aces)
Dorex2007 collected $4.46 from pot
*** SUMMARY ***
Total pot $4.62 | Rake $0.16 
Board [9h 8s 2h As Jc]
Seat 1: Dorex2007 (big blind) showed [Kc Ac] and won ($4.46) with a pair of Aces
Seat 2: kristymallory folded before Flop (didn't bet)
Seat 5: Psych0P4th (button) folded on the Turn
Seat 6: WWiebe23 (small blind) showed [6c 7d] and lost with high card Ace



PokerStars Home Game Hand #226500211508: {Club #4784625}  Hold'em No Limit ($0.01/$0.02 USD) - 2021/05/05 19:56:50 PT [2021/05/05 22:56:50 ET]
Table 'Cash Game' 9-max Seat #6 is the button
Seat 1: Dorex2007 ($4.46 in chips) 
Seat 2: kristymallory ($2.08 in chips) 
Seat 5: Psych0P4th ($7.83 in chips) 
Seat 6: WWiebe23 ($2.07 in chips) 
Dorex2007: posts small blind $0.01
kristymallory: posts big blind $0.02
*** HOLE CARDS ***
Dealt to Dorex2007 [5h Qc]
Psych0P4th: raises $0.03 to $0.05
WWiebe23: calls $0.05
Dorex2007: folds 
kristymallory: folds 
*** FLOP *** [2d Jh Tc]
Psych0P4th: bets $0.07
WWiebe23: calls $0.07
*** TURN *** [2d Jh Tc] [Td]
Psych0P4th: checks 
WWiebe23: checks 
*** RIVER *** [2d Jh Tc Td] [4s]
Psych0P4th: checks 
WWiebe23: checks 
*** SHOW DOWN ***
Psych0P4th: shows [3c 2c] (two pair, Tens and Deuces)
WWiebe23: shows [6s 4h] (two pair, Tens and Fours)
WWiebe23 collected $0.26 from pot
*** SUMMARY ***
Total pot $0.27 | Rake $0.01 
Board [2d Jh Tc Td 4s]
Seat 1: Dorex2007 (small blind) folded before Flop
Seat 2: kristymallory (big blind) folded before Flop
Seat 5: Psych0P4th showed [3c 2c] and lost with two pair, Tens and Deuces
Seat 6: WWiebe23 (button) showed [6s 4h] and won ($0.26) with two pair, Tens and Fours



PokerStars Home Game Hand #226500221101: {Club #4784625}  Hold'em No Limit ($0.01/$0.02 USD) - 2021/05/05 19:57:41 PT [2021/05/05 22:57:41 ET]
Table 'Cash Game' 9-max Seat #1 is the button
Seat 1: Dorex2007 ($4.45 in chips) 
Seat 2: kristymallory ($2.06 in chips) 
Seat 5: Psych0P4th ($7.71 in chips) 
Seat 6: WWiebe23 ($2.21 in chips) 
kristymallory: posts small blind $0.01
Psych0P4th: posts big blind $0.02
*** HOLE CARDS ***
Dealt to Dorex2007 [2h Qd]
WWiebe23: calls $0.02
Dorex2007: folds 
kristymallory: calls $0.01
Psych0P4th: raises $0.07 to $0.09
WWiebe23: folds 
kristymallory: folds 
Uncalled bet ($0.07) returned to Psych0P4th
Psych0P4th collected $0.06 from pot
Psych0P4th: doesn't show hand 
*** SUMMARY ***
Total pot $0.06 | Rake $0 
Seat 1: Dorex2007 (button) folded before Flop (didn't bet)
Seat 2: kristymallory (small blind) folded before Flop
Seat 5: Psych0P4th (big blind) collected ($0.06)
Seat 6: WWiebe23 folded before Flop



PokerStars Home Game Hand #226500226715: {Club #4784625}  Hold'em No Limit ($0.01/$0.02 USD) - 2021/05/05 19:58:10 PT [2021/05/05 22:58:10 ET]
Table 'Cash Game' 9-max Seat #2 is the button
Seat 1: Dorex2007 ($4.45 in chips) 
Seat 2: kristymallory ($2.04 in chips) 
Seat 5: Psych0P4th ($7.75 in chips) 
Seat 6: WWiebe23 ($2.19 in chips) 
Psych0P4th: posts small blind $0.01
WWiebe23: posts big blind $0.02
*** HOLE CARDS ***
Dealt to Dorex2007 [6h Ah]
Dorex2007: calls $0.02
kristymallory: folds 
Psych0P4th: calls $0.01
WWiebe23: checks 
*** FLOP *** [Kc 2d Kh]
Psych0P4th: checks 
WWiebe23: checks 
Dorex2007: checks 
*** TURN *** [Kc 2d Kh] [3d]
Psych0P4th: checks 
WWiebe23: checks 
Dorex2007: checks 
*** RIVER *** [Kc 2d Kh 3d] [4d]
Psych0P4th: checks 
WWiebe23: checks 
Dorex2007: checks 
*** SHOW DOWN ***
Psych0P4th: shows [Jh 5d] (a pair of Kings)
WWiebe23: shows [Qc 7s] (a pair of Kings - Queen kicker)
Dorex2007: shows [6h Ah] (a pair of Kings - Ace kicker)
Dorex2007 collected $0.06 from pot
*** SUMMARY ***
Total pot $0.06 | Rake $0 
Board [Kc 2d Kh 3d 4d]
Seat 1: Dorex2007 showed [6h Ah] and won ($0.06) with a pair of Kings
Seat 2: kristymallory (button) folded before Flop (didn't bet)
Seat 5: Psych0P4th (small blind) showed [Jh 5d] and lost with a pair of Kings
Seat 6: WWiebe23 (big blind) showed [Qc 7s] and lost with a pair of Kings



PokerStars Home Game Hand #226500232968: {Club #4784625}  Hold'em No Limit ($0.01/$0.02 USD) - 2021/05/05 19:58:43 PT [2021/05/05 22:58:43 ET]
Table 'Cash Game' 9-max Seat #5 is the button
Seat 1: Dorex2007 ($4.49 in chips) 
Seat 2: kristymallory ($2.04 in chips) 
Seat 5: Psych0P4th ($7.73 in chips) 
Seat 6: WWiebe23 ($2.17 in chips) 
WWiebe23: posts small blind $0.01
Dorex2007: posts big blind $0.02
*** HOLE CARDS ***
Dealt to Dorex2007 [4c Jd]
kristymallory: folds 
Psych0P4th: raises $0.04 to $0.06
WWiebe23: calls $0.05
Dorex2007: folds 
*** FLOP *** [6c Ks Ac]
WWiebe23: checks 
Psych0P4th: bets $0.07
WWiebe23: calls $0.07
*** TURN *** [6c Ks Ac] [Js]
WWiebe23: checks 
Psych0P4th: bets $0.17
WWiebe23: calls $0.17
*** RIVER *** [6c Ks Ac Js] [7h]
WWiebe23: checks 
Psych0P4th: bets $0.50
WWiebe23: calls $0.50
*** SHOW DOWN ***
Psych0P4th: shows [2d Ah] (a pair of Aces)
WWiebe23: mucks hand 
Psych0P4th collected $1.56 from pot
*** SUMMARY ***
Total pot $1.62 | Rake $0.06 
Board [6c Ks Ac Js 7h]
Seat 1: Dorex2007 (big blind) folded before Flop
Seat 2: kristymallory folded before Flop (didn't bet)
Seat 5: Psych0P4th (button) showed [2d Ah] and won ($1.56) with a pair of Aces
Seat 6: WWiebe23 (small blind) mucked [9c 8d]



PokerStars Home Game Hand #226500244630: {Club #4784625}  Hold'em No Limit ($0.01/$0.02 USD) - 2021/05/05 19:59:45 PT [2021/05/05 22:59:45 ET]
Table 'Cash Game' 9-max Seat #6 is the button
Seat 1: Dorex2007 ($4.47 in chips) 
Seat 2: kristymallory ($2.04 in chips) 
Seat 5: Psych0P4th ($8.49 in chips) 
Seat 6: WWiebe23 ($1.37 in chips) 
Dorex2007: posts small blind $0.01
kristymallory: posts big blind $0.02
*** HOLE CARDS ***
Dealt to Dorex2007 [Ks Jd]
Psych0P4th: raises $0.03 to $0.05
WWiebe23: calls $0.05
Dorex2007: calls $0.04
kristymallory: calls $0.03
*** FLOP *** [Ts 9s 7h]
Dorex2007: checks 
kristymallory: checks 
Psych0P4th: checks 
WWiebe23: checks 
*** TURN *** [Ts 9s 7h] [3c]
Dorex2007: checks 
kristymallory: checks 
Psych0P4th: checks 
WWiebe23: checks 
*** RIVER *** [Ts 9s 7h 3c] [Qd]
Dorex2007: checks 
kristymallory: checks 
Psych0P4th: checks 
WWiebe23: checks 
*** SHOW DOWN ***
Dorex2007: shows [Ks Jd] (a straight, Nine to King)
kristymallory: mucks hand 
Psych0P4th: mucks hand 
WWiebe23: mucks hand 
Dorex2007 collected $0.19 from pot
*** SUMMARY ***
Total pot $0.20 | Rake $0.01 
Board [Ts 9s 7h 3c Qd]
Seat 1: Dorex2007 (small blind) showed [Ks Jd] and won ($0.19) with a straight, Nine to King
Seat 2: kristymallory (big blind) mucked [4s 3s]
Seat 5: Psych0P4th mucked [Ac 2h]
Seat 6: WWiebe23 (button) mucked [Qs Jc]



PokerStars Home Game Hand #226500261170: {Club #4784625}  Hold'em No Limit ($0.01/$0.02 USD) - 2021/05/05 20:00:49 PT [2021/05/05 23:00:49 ET]
Table 'Cash Game' 9-max Seat #1 is the button
Seat 1: Dorex2007 ($4.61 in chips) 
Seat 2: kristymallory ($1.99 in chips) 
Seat 5: Psych0P4th ($8.44 in chips) 
Seat 6: WWiebe23 ($1.32 in chips) 
kristymallory: posts small blind $0.01
Psych0P4th: posts big blind $0.02
*** HOLE CARDS ***
Dealt to Dorex2007 [4d Qc]
WWiebe23: calls $0.02
Dorex2007: folds 
kristymallory: calls $0.01
Psych0P4th: checks 
*** FLOP *** [9d 5s 9c]
kristymallory: checks 
Psych0P4th: checks 
WWiebe23: bets $0.06
kristymallory: folds 
Psych0P4th: folds 
Uncalled bet ($0.06) returned to WWiebe23
WWiebe23 collected $0.06 from pot
*** SUMMARY ***
Total pot $0.06 | Rake $0 
Board [9d 5s 9c]
Seat 1: Dorex2007 (button) folded before Flop (didn't bet)
Seat 2: kristymallory (small blind) folded on the Flop
Seat 5: Psych0P4th (big blind) folded on the Flop
Seat 6: WWiebe23 collected ($0.06)



PokerStars Home Game Hand #226500268471: {Club #4784625}  Hold'em No Limit ($0.01/$0.02 USD) - 2021/05/05 20:01:21 PT [2021/05/05 23:01:21 ET]
Table 'Cash Game' 9-max Seat #2 is the button
Seat 1: Dorex2007 ($4.61 in chips) 
Seat 2: kristymallory ($1.97 in chips) 
Seat 5: Psych0P4th ($8.42 in chips) 
Seat 6: WWiebe23 ($1.36 in chips) 
Psych0P4th: posts small blind $0.01
WWiebe23: posts big blind $0.02
*** HOLE CARDS ***
Dealt to Dorex2007 [5c 6c]
Dorex2007: calls $0.02
kristymallory: folds 
Psych0P4th: calls $0.01
WWiebe23: checks 
*** FLOP *** [Td Qs 8s]
Psych0P4th: checks 
WWiebe23: checks 
Dorex2007: checks 
*** TURN *** [Td Qs 8s] [6s]
Psych0P4th: bets $0.04
WWiebe23: calls $0.04
Dorex2007: folds 
*** RIVER *** [Td Qs 8s 6s] [Qc]
Psych0P4th: bets $0.10
WWiebe23: raises $0.10 to $0.20
Psych0P4th: calls $0.10
*** SHOW DOWN ***
WWiebe23: shows [6d 9h] (two pair, Queens and Sixes)
Psych0P4th: shows [Qd 2s] (three of a kind, Queens)
Psych0P4th collected $0.52 from pot
*** SUMMARY ***
Total pot $0.54 | Rake $0.02 
Board [Td Qs 8s 6s Qc]
Seat 1: Dorex2007 folded on the Turn
Seat 2: kristymallory (button) folded before Flop (didn't bet)
Seat 5: Psych0P4th (small blind) showed [Qd 2s] and won ($0.52) with three of a kind, Queens
Seat 6: WWiebe23 (big blind) showed [6d 9h] and lost with two pair, Queens and Sixes



PokerStars Home Game Hand #226500277770: {Club #4784625}  Hold'em No Limit ($0.01/$0.02 USD) - 2021/05/05 20:02:02 PT [2021/05/05 23:02:02 ET]
Table 'Cash Game' 9-max Seat #5 is the button
Seat 1: Dorex2007 ($4.59 in chips) 
Seat 2: kristymallory ($1.97 in chips) 
Seat 5: Psych0P4th ($8.68 in chips) 
Seat 6: WWiebe23 ($1.10 in chips) 
WWiebe23: posts small blind $0.01
Dorex2007: posts big blind $0.02
*** HOLE CARDS ***
Dealt to Dorex2007 [As Ah]
kristymallory: folds 
Psych0P4th: folds 
WWiebe23: folds 
Uncalled bet ($0.01) returned to Dorex2007
Dorex2007 collected $0.02 from pot
Dorex2007: doesn't show hand 
*** SUMMARY ***
Total pot $0.02 | Rake $0 
Seat 1: Dorex2007 (big blind) collected ($0.02)
Seat 2: kristymallory folded before Flop (didn't bet)
Seat 5: Psych0P4th (button) folded before Flop (didn't bet)
Seat 6: WWiebe23 (small blind) folded before Flop



PokerStars Home Game Hand #226500280717: {Club #4784625}  Hold'em No Limit ($0.01/$0.02 USD) - 2021/05/05 20:02:16 PT [2021/05/05 23:02:16 ET]
Table 'Cash Game' 9-max Seat #6 is the button
Seat 1: Dorex2007 ($4.60 in chips) 
Seat 2: kristymallory ($1.97 in chips) 
Seat 5: Psych0P4th ($8.68 in chips) 
Seat 6: WWiebe23 ($1.09 in chips) 
Dorex2007: posts small blind $0.01
kristymallory: posts big blind $0.02
*** HOLE CARDS ***
Dealt to Dorex2007 [6c Kd]
Psych0P4th: folds 
WWiebe23: calls $0.02
Dorex2007: calls $0.01
kristymallory: checks 
*** FLOP *** [Ac Ts 7c]
Dorex2007: checks 
kristymallory: checks 
WWiebe23: checks 
*** TURN *** [Ac Ts 7c] [Td]
Dorex2007: checks 
kristymallory: checks 
WWiebe23: checks 
*** RIVER *** [Ac Ts 7c Td] [Th]
Dorex2007: checks 
kristymallory: checks 
WWiebe23: checks 
*** SHOW DOWN ***
Dorex2007: shows [6c Kd] (three of a kind, Tens)
kristymallory: shows [Jh Kc] (three of a kind, Tens)
WWiebe23: mucks hand 
Dorex2007 collected $0.03 from pot
kristymallory collected $0.03 from pot
*** SUMMARY ***
Total pot $0.06 | Rake $0 
Board [Ac Ts 7c Td Th]
Seat 1: Dorex2007 (small blind) showed [6c Kd] and won ($0.03) with three of a kind, Tens
Seat 2: kristymallory (big blind) showed [Jh Kc] and won ($0.03) with three of a kind, Tens
Seat 5: Psych0P4th folded before Flop (didn't bet)
Seat 6: WWiebe23 (button) mucked [Jd Qc]



PokerStars Home Game Hand #226500289681: {Club #4784625}  Hold'em No Limit ($0.01/$0.02 USD) - 2021/05/05 20:02:55 PT [2021/05/05 23:02:55 ET]
Table 'Cash Game' 9-max Seat #1 is the button
Seat 1: Dorex2007 ($4.61 in chips) 
Seat 2: kristymallory ($1.98 in chips) 
Seat 5: Psych0P4th ($8.68 in chips) 
Seat 6: WWiebe23 ($1.07 in chips) 
kristymallory: posts small blind $0.01
Psych0P4th: posts big blind $0.02
*** HOLE CARDS ***
Dealt to Dorex2007 [Kh 7h]
WWiebe23: folds 
Dorex2007: calls $0.02
kristymallory: folds 
Psych0P4th: checks 
*** FLOP *** [Ks 4h 5d]
Psych0P4th: checks 
Dorex2007: bets $0.05
Psych0P4th: folds 
Uncalled bet ($0.05) returned to Dorex2007
Dorex2007 collected $0.05 from pot
Dorex2007: doesn't show hand 
*** SUMMARY ***
Total pot $0.05 | Rake $0 
Board [Ks 4h 5d]
Seat 1: Dorex2007 (button) collected ($0.05)
Seat 2: kristymallory (small blind) folded before Flop
Seat 5: Psych0P4th (big blind) folded on the Flop
Seat 6: WWiebe23 folded before Flop (didn't bet)



PokerStars Home Game Hand #226500296001: {Club #4784625}  Hold'em No Limit ($0.01/$0.02 USD) - 2021/05/05 20:03:23 PT [2021/05/05 23:03:23 ET]
Table 'Cash Game' 9-max Seat #2 is the button
Seat 1: Dorex2007 ($4.64 in chips) 
Seat 2: kristymallory ($1.97 in chips) 
Seat 5: Psych0P4th ($8.66 in chips) 
Seat 6: WWiebe23 ($1.07 in chips) 
Psych0P4th: posts small blind $0.01
WWiebe23: posts big blind $0.02
*** HOLE CARDS ***
Dealt to Dorex2007 [3s 3d]
Dorex2007: calls $0.02
kristymallory: folds 
Psych0P4th: raises $0.07 to $0.09
WWiebe23: calls $0.07
Dorex2007: calls $0.07
*** FLOP *** [4d 2d Qs]
Psych0P4th: bets $0.17
WWiebe23: calls $0.17
Dorex2007: folds 
*** TURN *** [4d 2d Qs] [Jd]
Psych0P4th: checks 
WWiebe23: bets $0.30
Psych0P4th: calls $0.30
*** RIVER *** [4d 2d Qs Jd] [9c]
Psych0P4th: checks 
WWiebe23: bets $0.51 and is all-in
Psych0P4th: calls $0.51
*** SHOW DOWN ***
WWiebe23: shows [Jc 4c] (two pair, Jacks and Fours)
Psych0P4th: shows [Jh Ah] (a pair of Jacks)
WWiebe23 collected $2.15 from pot
*** SUMMARY ***
Total pot $2.23 | Rake $0.08 
Board [4d 2d Qs Jd 9c]
Seat 1: Dorex2007 folded on the Flop
Seat 2: kristymallory (button) folded before Flop (didn't bet)
Seat 5: Psych0P4th (small blind) showed [Jh Ah] and lost with a pair of Jacks
Seat 6: WWiebe23 (big blind) showed [Jc 4c] and won ($2.15) with two pair, Jacks and Fours



PokerStars Home Game Hand #226500315802: {Club #4784625}  Hold'em No Limit ($0.01/$0.02 USD) - 2021/05/05 20:04:31 PT [2021/05/05 23:04:31 ET]
Table 'Cash Game' 9-max Seat #5 is the button
Seat 1: Dorex2007 ($4.55 in chips) 
Seat 2: kristymallory ($1.97 in chips) 
Seat 5: Psych0P4th ($7.59 in chips) 
Seat 6: WWiebe23 ($2.15 in chips) 
WWiebe23: posts small blind $0.01
Dorex2007: posts big blind $0.02
*** HOLE CARDS ***
Dealt to Dorex2007 [8h 5c]
kristymallory: folds 
Psych0P4th: raises $0.03 to $0.05
WWiebe23: calls $0.04
Dorex2007: folds 
*** FLOP *** [7h 6h Ah]
WWiebe23: checks 
Psych0P4th: checks 
*** TURN *** [7h 6h Ah] [4h]
WWiebe23: checks 
Psych0P4th: checks 
*** RIVER *** [7h 6h Ah 4h] [Ad]
WWiebe23: bets $2.10 and is all-in
Psych0P4th: folds 
Uncalled bet ($2.10) returned to WWiebe23
WWiebe23 collected $0.12 from pot
WWiebe23: doesn't show hand 
*** SUMMARY ***
Total pot $0.12 | Rake $0 
Board [7h 6h Ah 4h Ad]
Seat 1: Dorex2007 (big blind) folded before Flop
Seat 2: kristymallory folded before Flop (didn't bet)
Seat 5: Psych0P4th (button) folded on the River
Seat 6: WWiebe23 (small blind) collected ($0.12)



PokerStars Home Game Hand #226500327603: {Club #4784625}  Hold'em No Limit ($0.01/$0.02 USD) - 2021/05/05 20:05:21 PT [2021/05/05 23:05:21 ET]
Table 'Cash Game' 9-max Seat #6 is the button
Seat 1: Dorex2007 ($4.53 in chips) 
Seat 2: kristymallory ($1.97 in chips) 
Seat 5: Psych0P4th ($7.54 in chips) 
Seat 6: WWiebe23 ($2.22 in chips) 
Dorex2007: posts small blind $0.01
kristymallory: posts big blind $0.02
*** HOLE CARDS ***
Dealt to Dorex2007 [Jh Qc]
Psych0P4th: folds 
WWiebe23: calls $0.02
Dorex2007: calls $0.01
kristymallory: checks 
*** FLOP *** [3h 5c Ac]
Dorex2007: checks 
kristymallory: checks 
WWiebe23: checks 
*** TURN *** [3h 5c Ac] [5h]
Dorex2007: checks 
kristymallory: checks 
WWiebe23: checks 
*** RIVER *** [3h 5c Ac 5h] [Kd]
Dorex2007: checks 
kristymallory: checks 
WWiebe23: checks 
*** SHOW DOWN ***
Dorex2007: shows [Jh Qc] (a pair of Fives)
kristymallory: mucks hand 
WWiebe23: mucks hand 
Dorex2007 collected $0.06 from pot
*** SUMMARY ***
Total pot $0.06 | Rake $0 
Board [3h 5c Ac 5h Kd]
Seat 1: Dorex2007 (small blind) showed [Jh Qc] and won ($0.06) with a pair of Fives
Seat 2: kristymallory (big blind) mucked [4d 8c]
Seat 5: Psych0P4th folded before Flop (didn't bet)
Seat 6: WWiebe23 (button) mucked [6s 8d]



PokerStars Home Game Hand #226500342250: {Club #4784625}  Hold'em No Limit ($0.01/$0.02 USD) - 2021/05/05 20:06:26 PT [2021/05/05 23:06:26 ET]
Table 'Cash Game' 9-max Seat #1 is the button
Seat 1: Dorex2007 ($4.57 in chips) 
Seat 2: kristymallory ($1.95 in chips) 
Seat 5: Psych0P4th ($7.54 in chips) 
Seat 6: WWiebe23 ($2.20 in chips) 
kristymallory: posts small blind $0.01
Psych0P4th: posts big blind $0.02
*** HOLE CARDS ***
Dealt to Dorex2007 [5c 3c]
WWiebe23: calls $0.02
Dorex2007: folds 
kristymallory: folds 
Psych0P4th: raises $0.08 to $0.10
WWiebe23: calls $0.08
*** FLOP *** [Qd Th Jc]
Psych0P4th: bets $0.13
WWiebe23: calls $0.13
*** TURN *** [Qd Th Jc] [6s]
Psych0P4th: bets $0.35
WWiebe23: calls $0.35
*** RIVER *** [Qd Th Jc 6s] [6d]
Psych0P4th: checks 
WWiebe23: checks 
*** SHOW DOWN ***
Psych0P4th: shows [Ah Qc] (two pair, Queens and Sixes)
WWiebe23: mucks hand 
Psych0P4th collected $1.13 from pot
*** SUMMARY ***
Total pot $1.17 | Rake $0.04 
Board [Qd Th Jc 6s 6d]
Seat 1: Dorex2007 (button) folded before Flop (didn't bet)
Seat 2: kristymallory (small blind) folded before Flop
Seat 5: Psych0P4th (big blind) showed [Ah Qc] and won ($1.13) with two pair, Queens and Sixes
Seat 6: WWiebe23 mucked [Kd Tc]



PokerStars Home Game Hand #226500360310: {Club #4784625}  Hold'em No Limit ($0.01/$0.02 USD) - 2021/05/05 20:07:44 PT [2021/05/05 23:07:44 ET]
Table 'Cash Game' 9-max Seat #2 is the button
Seat 1: Dorex2007 ($4.57 in chips) 
Seat 2: kristymallory ($1.94 in chips) 
Seat 5: Psych0P4th ($8.09 in chips) 
Seat 6: WWiebe23 ($1.62 in chips) 
Psych0P4th: posts small blind $0.01
WWiebe23: posts big blind $0.02
*** HOLE CARDS ***
Dealt to Dorex2007 [8d Qs]
Dorex2007: folds 
kristymallory: folds 
Psych0P4th: raises $0.03 to $0.05
WWiebe23: folds 
Uncalled bet ($0.03) returned to Psych0P4th
Psych0P4th collected $0.04 from pot
Psych0P4th: doesn't show hand 
*** SUMMARY ***
Total pot $0.04 | Rake $0 
Seat 1: Dorex2007 folded before Flop (didn't bet)
Seat 2: kristymallory (button) folded before Flop (didn't bet)
Seat 5: Psych0P4th (small blind) collected ($0.04)
Seat 6: WWiebe23 (big blind) folded before Flop



PokerStars Home Game Hand #226500364978: {Club #4784625}  Hold'em No Limit ($0.01/$0.02 USD) - 2021/05/05 20:08:04 PT [2021/05/05 23:08:04 ET]
Table 'Cash Game' 9-max Seat #5 is the button
Seat 1: Dorex2007 ($4.57 in chips) 
Seat 2: kristymallory ($1.94 in chips) 
Seat 5: Psych0P4th ($8.11 in chips) 
Seat 6: WWiebe23 ($1.60 in chips) 
WWiebe23: posts small blind $0.01
Dorex2007: posts big blind $0.02
*** HOLE CARDS ***
Dealt to Dorex2007 [7s 5h]
kristymallory: folds 
Psych0P4th: raises $0.03 to $0.05
WWiebe23: calls $0.04
Dorex2007: folds 
*** FLOP *** [9c 9s 6s]
WWiebe23: bets $0.12
Psych0P4th: calls $0.12
*** TURN *** [9c 9s 6s] [Ad]
WWiebe23: bets $1.43 and is all-in
Psych0P4th: calls $1.43
*** RIVER *** [9c 9s 6s Ad] [8c]
*** SHOW DOWN ***
WWiebe23: shows [Ah Ac] (a full house, Aces full of Nines)
Psych0P4th: shows [9d Kh] (three of a kind, Nines)
WWiebe23 collected $3.11 from pot
*** SUMMARY ***
Total pot $3.22 | Rake $0.11 
Board [9c 9s 6s Ad 8c]
Seat 1: Dorex2007 (big blind) folded before Flop
Seat 2: kristymallory folded before Flop (didn't bet)
Seat 5: Psych0P4th (button) showed [9d Kh] and lost with three of a kind, Nines
Seat 6: WWiebe23 (small blind) showed [Ah Ac] and won ($3.11) with a full house, Aces full of Nines



PokerStars Home Game Hand #226500376003: {Club #4784625}  Hold'em No Limit ($0.01/$0.02 USD) - 2021/05/05 20:08:53 PT [2021/05/05 23:08:53 ET]
Table 'Cash Game' 9-max Seat #6 is the button
Seat 1: Dorex2007 ($4.55 in chips) 
Seat 2: kristymallory ($1.94 in chips) 
Seat 5: Psych0P4th ($6.51 in chips) 
Seat 6: WWiebe23 ($3.11 in chips) 
Dorex2007: posts small blind $0.01
kristymallory: posts big blind $0.02
*** HOLE CARDS ***
Dealt to Dorex2007 [Qs 8d]
Psych0P4th: raises $0.03 to $0.05
WWiebe23: calls $0.05
Dorex2007: folds 
kristymallory: calls $0.03
*** FLOP *** [Js 4c 8c]
kristymallory: checks 
Psych0P4th: checks 
WWiebe23: checks 
*** TURN *** [Js 4c 8c] [6c]
kristymallory: checks 
Psych0P4th: checks 
WWiebe23: bets $0.15
kristymallory: folds 
Psych0P4th: folds 
Uncalled bet ($0.15) returned to WWiebe23
WWiebe23 collected $0.15 from pot
WWiebe23: doesn't show hand 
*** SUMMARY ***
Total pot $0.16 | Rake $0.01 
Board [Js 4c 8c 6c]
Seat 1: Dorex2007 (small blind) folded before Flop
Seat 2: kristymallory (big blind) folded on the Turn
Seat 5: Psych0P4th folded on the Turn
Seat 6: WWiebe23 (button) collected ($0.15)



PokerStars Home Game Hand #226500391648: {Club #4784625}  Hold'em No Limit ($0.01/$0.02 USD) - 2021/05/05 20:09:49 PT [2021/05/05 23:09:49 ET]
Table 'Cash Game' 9-max Seat #1 is the button
Seat 1: Dorex2007 ($4.54 in chips) 
Seat 2: kristymallory ($1.89 in chips) 
Seat 5: Psych0P4th ($6.46 in chips) 
Seat 6: WWiebe23 ($3.21 in chips) 
kristymallory: posts small blind $0.01
Psych0P4th: posts big blind $0.02
*** HOLE CARDS ***
Dealt to Dorex2007 [6h Qc]
WWiebe23: calls $0.02
Dorex2007: folds 
kristymallory: calls $0.01
Psych0P4th: raises $0.05 to $0.07
WWiebe23: calls $0.05
kristymallory: calls $0.05
*** FLOP *** [Kh 5d 5c]
kristymallory: checks 
Psych0P4th: checks 
WWiebe23: checks 
*** TURN *** [Kh 5d 5c] [Kd]
kristymallory: checks 
Psych0P4th: bets $0.10
WWiebe23: folds 
kristymallory: folds 
Uncalled bet ($0.10) returned to Psych0P4th
Psych0P4th collected $0.20 from pot
Psych0P4th: doesn't show hand 
*** SUMMARY ***
Total pot $0.21 | Rake $0.01 
Board [Kh 5d 5c Kd]
Seat 1: Dorex2007 (button) folded before Flop (didn't bet)
Seat 2: kristymallory (small blind) folded on the Turn
Seat 5: Psych0P4th (big blind) collected ($0.20)
Seat 6: WWiebe23 folded on the Turn



PokerStars Home Game Hand #226500401564: {Club #4784625}  Hold'em No Limit ($0.01/$0.02 USD) - 2021/05/05 20:10:33 PT [2021/05/05 23:10:33 ET]
Table 'Cash Game' 9-max Seat #2 is the button
Seat 1: Dorex2007 ($4.54 in chips) 
Seat 2: kristymallory ($1.82 in chips) 
Seat 5: Psych0P4th ($6.59 in chips) 
Seat 6: WWiebe23 ($3.14 in chips) 
Psych0P4th: posts small blind $0.01
WWiebe23: posts big blind $0.02
*** HOLE CARDS ***
Dealt to Dorex2007 [Td Kh]
Dorex2007: raises $0.04 to $0.06
kristymallory: folds 
Psych0P4th: calls $0.05
WWiebe23: calls $0.04
*** FLOP *** [Qh 5d 2d]
Psych0P4th: bets $0.12
WWiebe23: calls $0.12
Dorex2007: folds 
*** TURN *** [Qh 5d 2d] [4s]
Psych0P4th: bets $0.32
WWiebe23: folds 
Uncalled bet ($0.32) returned to Psych0P4th
Psych0P4th collected $0.41 from pot
Psych0P4th: doesn't show hand 
*** SUMMARY ***
Total pot $0.42 | Rake $0.01 
Board [Qh 5d 2d 4s]
Seat 1: Dorex2007 folded on the Flop
Seat 2: kristymallory (button) folded before Flop (didn't bet)
Seat 5: Psych0P4th (small blind) collected ($0.41)
Seat 6: WWiebe23 (big blind) folded on the Turn



PokerStars Home Game Hand #226500412341: {Club #4784625}  Hold'em No Limit ($0.01/$0.02 USD) - 2021/05/05 20:11:21 PT [2021/05/05 23:11:21 ET]
Table 'Cash Game' 9-max Seat #5 is the button
Seat 1: Dorex2007 ($4.48 in chips) 
Seat 2: kristymallory ($1.82 in chips) 
Seat 5: Psych0P4th ($6.82 in chips) 
Seat 6: WWiebe23 ($2.96 in chips) 
WWiebe23: posts small blind $0.01
Dorex2007: posts big blind $0.02
*** HOLE CARDS ***
Dealt to Dorex2007 [4h Ks]
kristymallory: folds 
Psych0P4th: raises $0.03 to $0.05
WWiebe23: folds 
Dorex2007: calls $0.03
*** FLOP *** [7s 5c 8s]
Dorex2007: checks 
Psych0P4th: bets $0.08
Dorex2007: folds 
Uncalled bet ($0.08) returned to Psych0P4th
Psych0P4th collected $0.11 from pot
Psych0P4th: doesn't show hand 
*** SUMMARY ***
Total pot $0.11 | Rake $0 
Board [7s 5c 8s]
Seat 1: Dorex2007 (big blind) folded on the Flop
Seat 2: kristymallory folded before Flop (didn't bet)
Seat 5: Psych0P4th (button) collected ($0.11)
Seat 6: WWiebe23 (small blind) folded before Flop



PokerStars Home Game Hand #226500418606: {Club #4784625}  Hold'em No Limit ($0.01/$0.02 USD) - 2021/05/05 20:11:49 PT [2021/05/05 23:11:49 ET]
Table 'Cash Game' 9-max Seat #6 is the button
Seat 1: Dorex2007 ($4.43 in chips) 
Seat 2: kristymallory ($1.82 in chips) 
Seat 5: Psych0P4th ($6.88 in chips) 
Seat 6: WWiebe23 ($2.95 in chips) 
Dorex2007: posts small blind $0.01
kristymallory: posts big blind $0.02
*** HOLE CARDS ***
Dealt to Dorex2007 [6s Jh]
Psych0P4th: raises $0.03 to $0.05
WWiebe23: calls $0.05
Dorex2007: folds 
kristymallory: calls $0.03
*** FLOP *** [5s Ad Ac]
kristymallory: checks 
Psych0P4th: bets $0.05
WWiebe23: folds 
kristymallory: folds 
Uncalled bet ($0.05) returned to Psych0P4th
Psych0P4th collected $0.15 from pot
Psych0P4th: doesn't show hand 
*** SUMMARY ***
Total pot $0.16 | Rake $0.01 
Board [5s Ad Ac]
Seat 1: Dorex2007 (small blind) folded before Flop
Seat 2: kristymallory (big blind) folded on the Flop
Seat 5: Psych0P4th collected ($0.15)
Seat 6: WWiebe23 (button) folded on the Flop



PokerStars Home Game Hand #226500423849: {Club #4784625}  Hold'em No Limit ($0.01/$0.02 USD) - 2021/05/05 20:12:13 PT [2021/05/05 23:12:13 ET]
Table 'Cash Game' 9-max Seat #1 is the button
Seat 1: Dorex2007 ($4.42 in chips) 
Seat 2: kristymallory ($1.77 in chips) 
Seat 5: Psych0P4th ($6.98 in chips) 
Seat 6: WWiebe23 ($2.90 in chips) 
kristymallory: posts small blind $0.01
Psych0P4th: posts big blind $0.02
*** HOLE CARDS ***
Dealt to Dorex2007 [Qs 2c]
WWiebe23: calls $0.02
Dorex2007: folds 
kristymallory: calls $0.01
Psych0P4th: checks 
*** FLOP *** [6d Tc Ad]
kristymallory: checks 
Psych0P4th: checks 
WWiebe23: checks 
*** TURN *** [6d Tc Ad] [4d]
kristymallory: checks 
Psych0P4th: checks 
WWiebe23: checks 
*** RIVER *** [6d Tc Ad 4d] [4c]
kristymallory: checks 
Psych0P4th: checks 
WWiebe23: checks 
*** SHOW DOWN ***
kristymallory: shows [Ac 6c] (two pair, Aces and Sixes)
Psych0P4th: mucks hand 
WWiebe23: mucks hand 
kristymallory collected $0.06 from pot
*** SUMMARY ***
Total pot $0.06 | Rake $0 
Board [6d Tc Ad 4d 4c]
Seat 1: Dorex2007 (button) folded before Flop (didn't bet)
Seat 2: kristymallory (small blind) showed [Ac 6c] and won ($0.06) with two pair, Aces and Sixes
Seat 5: Psych0P4th (big blind) mucked [Jc 3c]
Seat 6: WWiebe23 mucked [7h 9s]



PokerStars Home Game Hand #226500433742: {Club #4784625}  Hold'em No Limit ($0.01/$0.02 USD) - 2021/05/05 20:12:57 PT [2021/05/05 23:12:57 ET]
Table 'Cash Game' 9-max Seat #2 is the button
Seat 1: Dorex2007 ($4.42 in chips) 
Seat 2: kristymallory ($1.81 in chips) 
Seat 5: Psych0P4th ($6.96 in chips) 
Seat 6: WWiebe23 ($2.88 in chips) 
Psych0P4th: posts small blind $0.01
WWiebe23: posts big blind $0.02
*** HOLE CARDS ***
Dealt to Dorex2007 [Kd 2s]
Dorex2007: folds 
kristymallory: folds 
Psych0P4th: raises $0.04 to $0.06
WWiebe23: calls $0.04
*** FLOP *** [7d 6h 6d]
Psych0P4th: bets $0.10
WWiebe23: folds 
Uncalled bet ($0.10) returned to Psych0P4th
Psych0P4th collected $0.12 from pot
Psych0P4th: doesn't show hand 
*** SUMMARY ***
Total pot $0.12 | Rake $0 
Board [7d 6h 6d]
Seat 1: Dorex2007 folded before Flop (didn't bet)
Seat 2: kristymallory (button) folded before Flop (didn't bet)
Seat 5: Psych0P4th (small blind) collected ($0.12)
Seat 6: WWiebe23 (big blind) folded on the Flop



PokerStars Home Game Hand #226500440063: {Club #4784625}  Hold'em No Limit ($0.01/$0.02 USD) - 2021/05/05 20:13:25 PT [2021/05/05 23:13:25 ET]
Table 'Cash Game' 9-max Seat #5 is the button
Seat 1: Dorex2007 ($4.42 in chips) 
Seat 2: kristymallory ($1.81 in chips) 
Seat 5: Psych0P4th ($7.02 in chips) 
Seat 6: WWiebe23 ($2.82 in chips) 
WWiebe23: posts small blind $0.01
Dorex2007: posts big blind $0.02
*** HOLE CARDS ***
Dealt to Dorex2007 [3d Qs]
kristymallory: folds 
Psych0P4th: raises $0.03 to $0.05
WWiebe23: calls $0.04
Dorex2007: calls $0.03
*** FLOP *** [Kh 6h Ah]
WWiebe23: checks 
Dorex2007: checks 
Psych0P4th: checks 
*** TURN *** [Kh 6h Ah] [2d]
WWiebe23: bets $0.14
Dorex2007: folds 
Psych0P4th: calls $0.14
*** RIVER *** [Kh 6h Ah 2d] [3h]
WWiebe23: bets $0.41
Psych0P4th: calls $0.41
*** SHOW DOWN ***
WWiebe23: shows [Ac 8c] (a pair of Aces)
Psych0P4th: mucks hand 
WWiebe23 collected $1.21 from pot
*** SUMMARY ***
Total pot $1.25 | Rake $0.04 
Board [Kh 6h Ah 2d 3h]
Seat 1: Dorex2007 (big blind) folded on the Turn
Seat 2: kristymallory folded before Flop (didn't bet)
Seat 5: Psych0P4th (button) mucked [Qc Kc]
Seat 6: WWiebe23 (small blind) showed [Ac 8c] and won ($1.21) with a pair of Aces



PokerStars Home Game Hand #226500458021: {Club #4784625}  Hold'em No Limit ($0.01/$0.02 USD) - 2021/05/05 20:14:46 PT [2021/05/05 23:14:46 ET]
Table 'Cash Game' 9-max Seat #6 is the button
Seat 1: Dorex2007 ($4.37 in chips) 
Seat 2: kristymallory ($1.81 in chips) 
Seat 5: Psych0P4th ($6.42 in chips) 
Seat 6: WWiebe23 ($3.43 in chips) 
Dorex2007: posts small blind $0.01
kristymallory: posts big blind $0.02
*** HOLE CARDS ***
Dealt to Dorex2007 [7c Js]
Psych0P4th: folds 
WWiebe23: calls $0.02
Dorex2007: calls $0.01
kristymallory: checks 
*** FLOP *** [8c 6h 8d]
Dorex2007: checks 
kristymallory: checks 
WWiebe23: checks 
*** TURN *** [8c 6h 8d] [Kh]
Dorex2007: checks 
kristymallory: bets $0.02
WWiebe23: calls $0.02
Dorex2007: folds 
*** RIVER *** [8c 6h 8d Kh] [3d]
kristymallory: bets $0.02
WWiebe23: calls $0.02
*** SHOW DOWN ***
kristymallory: shows [Kd 2h] (two pair, Kings and Eights)
WWiebe23: mucks hand 
kristymallory collected $0.14 from pot
*** SUMMARY ***
Total pot $0.14 | Rake $0 
Board [8c 6h 8d Kh 3d]
Seat 1: Dorex2007 (small blind) folded on the Turn
Seat 2: kristymallory (big blind) showed [Kd 2h] and won ($0.14) with two pair, Kings and Eights
Seat 5: Psych0P4th folded before Flop (didn't bet)
Seat 6: WWiebe23 (button) mucked [Ad 7h]



PokerStars Home Game Hand #226500477689: {Club #4784625}  Hold'em No Limit ($0.01/$0.02 USD) - 2021/05/05 20:15:31 PT [2021/05/05 23:15:31 ET]
Table 'Cash Game' 9-max Seat #1 is the button
Seat 1: Dorex2007 ($4.35 in chips) 
Seat 2: kristymallory ($1.89 in chips) 
Seat 5: Psych0P4th ($6.42 in chips) 
Seat 6: WWiebe23 ($3.37 in chips) 
kristymallory: posts small blind $0.01
Psych0P4th: posts big blind $0.02
*** HOLE CARDS ***
Dealt to Dorex2007 [Kh Qc]
WWiebe23: calls $0.02
Dorex2007: raises $0.04 to $0.06
kristymallory: folds 
Psych0P4th: calls $0.04
WWiebe23: calls $0.04
*** FLOP *** [Qh 7s 2s]
Psych0P4th: checks 
WWiebe23: checks 
Dorex2007: bets $0.12
Psych0P4th: calls $0.12
WWiebe23: folds 
*** TURN *** [Qh 7s 2s] [2d]
Psych0P4th: checks 
Dorex2007: bets $0.41
Psych0P4th: calls $0.41
*** RIVER *** [Qh 7s 2s 2d] [Tc]
Psych0P4th: checks 
Dorex2007: checks 
*** SHOW DOWN ***
Psych0P4th: shows [Qs 9d] (two pair, Queens and Deuces)
Dorex2007: shows [Kh Qc] (two pair, Queens and Deuces - King kicker)
Dorex2007 collected $1.21 from pot
*** SUMMARY ***
Total pot $1.25 | Rake $0.04 
Board [Qh 7s 2s 2d Tc]
Seat 1: Dorex2007 (button) showed [Kh Qc] and won ($1.21) with two pair, Queens and Deuces
Seat 2: kristymallory (small blind) folded before Flop
Seat 5: Psych0P4th (big blind) showed [Qs 9d] and lost with two pair, Queens and Deuces
Seat 6: WWiebe23 folded on the Flop



PokerStars Home Game Hand #226500493575: {Club #4784625}  Hold'em No Limit ($0.01/$0.02 USD) - 2021/05/05 20:16:42 PT [2021/05/05 23:16:42 ET]
Table 'Cash Game' 9-max Seat #2 is the button
Seat 1: Dorex2007 ($4.97 in chips) 
Seat 2: kristymallory ($1.88 in chips) 
Seat 5: Psych0P4th ($5.83 in chips) 
Seat 6: WWiebe23 ($3.31 in chips) 
Psych0P4th: posts small blind $0.01
WWiebe23: posts big blind $0.02
*** HOLE CARDS ***
Dealt to Dorex2007 [8h Kh]
Dorex2007: calls $0.02
kristymallory: folds 
Psych0P4th: calls $0.01
WWiebe23: checks 
*** FLOP *** [4c 9h Ks]
Psych0P4th: checks 
WWiebe23: checks 
Dorex2007: bets $0.06
Psych0P4th: folds 
WWiebe23: folds 
Uncalled bet ($0.06) returned to Dorex2007
Dorex2007 collected $0.06 from pot
Dorex2007: doesn't show hand 
*** SUMMARY ***
Total pot $0.06 | Rake $0 
Board [4c 9h Ks]
Seat 1: Dorex2007 collected ($0.06)
Seat 2: kristymallory (button) folded before Flop (didn't bet)
Seat 5: Psych0P4th (small blind) folded on the Flop
Seat 6: WWiebe23 (big blind) folded on the Flop



PokerStars Home Game Hand #226500502142: {Club #4784625}  Hold'em No Limit ($0.01/$0.02 USD) - 2021/05/05 20:17:20 PT [2021/05/05 23:17:20 ET]
Table 'Cash Game' 9-max Seat #5 is the button
Seat 1: Dorex2007 ($5.01 in chips) 
Seat 2: kristymallory ($1.88 in chips) 
Seat 5: Psych0P4th ($5.81 in chips) 
Seat 6: WWiebe23 ($3.29 in chips) 
WWiebe23: posts small blind $0.01
Dorex2007: posts big blind $0.02
*** HOLE CARDS ***
Dealt to Dorex2007 [7c 6d]
kristymallory: calls $0.02
Psych0P4th: raises $0.05 to $0.07
WWiebe23: calls $0.06
Dorex2007: calls $0.05
kristymallory: calls $0.05
*** FLOP *** [5s 6s Jd]
WWiebe23: checks 
Dorex2007: bets $0.06
kristymallory: folds 
Psych0P4th: calls $0.06
WWiebe23: calls $0.06
*** TURN *** [5s 6s Jd] [Ad]
WWiebe23: checks 
Dorex2007: checks 
Psych0P4th: bets $0.34
WWiebe23: calls $0.34
Dorex2007: calls $0.34
*** RIVER *** [5s 6s Jd Ad] [3d]
WWiebe23: checks 
Dorex2007: bets $0.72
Psych0P4th: calls $0.72
WWiebe23: folds 
*** SHOW DOWN ***
Dorex2007: shows [7c 6d] (a pair of Sixes)
Psych0P4th: shows [Ah 7d] (a pair of Aces)
Psych0P4th collected $2.82 from pot
*** SUMMARY ***
Total pot $2.92 | Rake $0.10 
Board [5s 6s Jd Ad 3d]
Seat 1: Dorex2007 (big blind) showed [7c 6d] and lost with a pair of Sixes
Seat 2: kristymallory folded on the Flop
Seat 5: Psych0P4th (button) showed [Ah 7d] and won ($2.82) with a pair of Aces
Seat 6: WWiebe23 (small blind) folded on the River



PokerStars Home Game Hand #226500536346: {Club #4784625}  Hold'em No Limit ($0.01/$0.02 USD) - 2021/05/05 20:19:13 PT [2021/05/05 23:19:13 ET]
Table 'Cash Game' 9-max Seat #6 is the button
Seat 1: Dorex2007 ($3.82 in chips) 
Seat 2: kristymallory ($1.81 in chips) 
Seat 5: Psych0P4th ($7.44 in chips) 
Seat 6: WWiebe23 ($2.82 in chips) 
Dorex2007: posts small blind $0.01
kristymallory: posts big blind $0.02
*** HOLE CARDS ***
Dealt to Dorex2007 [6d Qc]
Psych0P4th: raises $0.03 to $0.05
WWiebe23: calls $0.05
Dorex2007: calls $0.04
kristymallory: folds 
*** FLOP *** [Ts Td 5s]
Dorex2007: checks 
Psych0P4th: bets $0.10
WWiebe23: folds 
Dorex2007: folds 
Uncalled bet ($0.10) returned to Psych0P4th
Psych0P4th collected $0.16 from pot
Psych0P4th: doesn't show hand 
*** SUMMARY ***
Total pot $0.17 | Rake $0.01 
Board [Ts Td 5s]
Seat 1: Dorex2007 (small blind) folded on the Flop
Seat 2: kristymallory (big blind) folded before Flop
Seat 5: Psych0P4th collected ($0.16)
Seat 6: WWiebe23 (button) folded on the Flop



PokerStars Home Game Hand #226500544223: {Club #4784625}  Hold'em No Limit ($0.01/$0.02 USD) - 2021/05/05 20:19:49 PT [2021/05/05 23:19:49 ET]
Table 'Cash Game' 9-max Seat #1 is the button
Seat 1: Dorex2007 ($3.77 in chips) 
Seat 2: kristymallory ($1.79 in chips) 
Seat 5: Psych0P4th ($7.55 in chips) 
Seat 6: WWiebe23 ($2.77 in chips) 
kristymallory: posts small blind $0.01
Psych0P4th: posts big blind $0.02
*** HOLE CARDS ***
Dealt to Dorex2007 [Ah 3c]
WWiebe23: calls $0.02
Dorex2007: calls $0.02
kristymallory: calls $0.01
Psych0P4th: checks 
*** FLOP *** [7h 9c Qc]
kristymallory: checks 
Psych0P4th: checks 
WWiebe23: checks 
Dorex2007: checks 
*** TURN *** [7h 9c Qc] [3d]
kristymallory: checks 
Psych0P4th: bets $0.04
WWiebe23: calls $0.04
Dorex2007: calls $0.04
kristymallory: calls $0.04
*** RIVER *** [7h 9c Qc 3d] [6s]
kristymallory: checks 
Psych0P4th: checks 
WWiebe23: checks 
Dorex2007: checks 
*** SHOW DOWN ***
kristymallory: shows [9h Kh] (a pair of Nines)
Psych0P4th: mucks hand 
WWiebe23: shows [9s Kc] (a pair of Nines)
Dorex2007: mucks hand 
kristymallory collected $0.12 from pot
WWiebe23 collected $0.11 from pot
*** SUMMARY ***
Total pot $0.24 | Rake $0.01 
Board [7h 9c Qc 3d 6s]
Seat 1: Dorex2007 (button) mucked [Ah 3c]
Seat 2: kristymallory (small blind) showed [9h Kh] and won ($0.12) with a pair of Nines
Seat 5: Psych0P4th (big blind) mucked [7d Js]
Seat 6: WWiebe23 showed [9s Kc] and won ($0.11) with a pair of Nines



PokerStars Home Game Hand #226500556074: {Club #4784625}  Hold'em No Limit ($0.01/$0.02 USD) - 2021/05/05 20:20:42 PT [2021/05/05 23:20:42 ET]
Table 'Cash Game' 9-max Seat #2 is the button
Seat 1: Dorex2007 ($3.71 in chips) 
Seat 2: kristymallory ($1.85 in chips) 
Seat 5: Psych0P4th ($7.49 in chips) 
Seat 6: WWiebe23 ($2.82 in chips) 
Psych0P4th: posts small blind $0.01
WWiebe23: posts big blind $0.02
*** HOLE CARDS ***
Dealt to Dorex2007 [Ts 8h]
Dorex2007: folds 
kristymallory: folds 
Psych0P4th: calls $0.01
WWiebe23: checks 
*** FLOP *** [Tc 5d Qd]
Psych0P4th: bets $0.03
WWiebe23: calls $0.03
*** TURN *** [Tc 5d Qd] [Ad]
Psych0P4th: checks 
WWiebe23: checks 
*** RIVER *** [Tc 5d Qd Ad] [2d]
Psych0P4th: checks 
WWiebe23: checks 
*** SHOW DOWN ***
Psych0P4th: shows [5c 8s] (a pair of Fives)
WWiebe23: shows [9c Kd] (a flush, Ace high)
WWiebe23 collected $0.10 from pot
*** SUMMARY ***
Total pot $0.10 | Rake $0 
Board [Tc 5d Qd Ad 2d]
Seat 1: Dorex2007 folded before Flop (didn't bet)
Seat 2: kristymallory (button) folded before Flop (didn't bet)
Seat 5: Psych0P4th (small blind) showed [5c 8s] and lost with a pair of Fives
Seat 6: WWiebe23 (big blind) showed [9c Kd] and won ($0.10) with a flush, Ace high



PokerStars Home Game Hand #226500563389: {Club #4784625}  Hold'em No Limit ($0.01/$0.02 USD) - 2021/05/05 20:21:15 PT [2021/05/05 23:21:15 ET]
Table 'Cash Game' 9-max Seat #5 is the button
Seat 1: Dorex2007 ($3.71 in chips) 
Seat 2: kristymallory ($1.85 in chips) 
Seat 5: Psych0P4th ($7.44 in chips) 
Seat 6: WWiebe23 ($2.87 in chips) 
WWiebe23: posts small blind $0.01
Dorex2007: posts big blind $0.02
*** HOLE CARDS ***
Dealt to Dorex2007 [Ah 5c]
kristymallory: folds 
Psych0P4th: raises $0.03 to $0.05
WWiebe23: calls $0.04
Dorex2007: calls $0.03
*** FLOP *** [Kc Td 7c]
WWiebe23: checks 
Dorex2007: checks 
Psych0P4th: bets $0.09
WWiebe23: calls $0.09
Dorex2007: folds 
*** TURN *** [Kc Td 7c] [2s]
WWiebe23: checks 
Psych0P4th: checks 
*** RIVER *** [Kc Td 7c 2s] [Ac]
WWiebe23: checks 
Psych0P4th: checks 
*** SHOW DOWN ***
WWiebe23: shows [3s Ks] (a pair of Kings)
Psych0P4th: mucks hand 
WWiebe23 collected $0.32 from pot
*** SUMMARY ***
Total pot $0.33 | Rake $0.01 
Board [Kc Td 7c 2s Ac]
Seat 1: Dorex2007 (big blind) folded on the Flop
Seat 2: kristymallory folded before Flop (didn't bet)
Seat 5: Psych0P4th (button) mucked [9d 7d]
Seat 6: WWiebe23 (small blind) showed [3s Ks] and won ($0.32) with a pair of Kings



PokerStars Home Game Hand #226500577362: {Club #4784625}  Hold'em No Limit ($0.01/$0.02 USD) - 2021/05/05 20:22:17 PT [2021/05/05 23:22:17 ET]
Table 'Cash Game' 9-max Seat #6 is the button
Seat 1: Dorex2007 ($3.66 in chips) 
Seat 2: kristymallory ($1.85 in chips) 
Seat 5: Psych0P4th ($7.30 in chips) 
Seat 6: WWiebe23 ($3.05 in chips) 
Dorex2007: posts small blind $0.01
kristymallory: posts big blind $0.02
*** HOLE CARDS ***
Dealt to Dorex2007 [Ad Tc]
Psych0P4th: folds 
WWiebe23: calls $0.02
Dorex2007: raises $0.04 to $0.06
kristymallory: folds 
WWiebe23: calls $0.04
*** FLOP *** [2h 3d 4d]
Dorex2007: checks 
WWiebe23: checks 
*** TURN *** [2h 3d 4d] [4s]
Dorex2007: bets $0.14
WWiebe23: calls $0.14
*** RIVER *** [2h 3d 4d 4s] [7d]
Dorex2007: checks 
WWiebe23: checks 
*** SHOW DOWN ***
Dorex2007: shows [Ad Tc] (a pair of Fours)
WWiebe23: mucks hand 
Dorex2007 collected $0.41 from pot
*** SUMMARY ***
Total pot $0.42 | Rake $0.01 
Board [2h 3d 4d 4s 7d]
Seat 1: Dorex2007 (small blind) showed [Ad Tc] and won ($0.41) with a pair of Fours
Seat 2: kristymallory (big blind) folded before Flop
Seat 5: Psych0P4th folded before Flop (didn't bet)
Seat 6: WWiebe23 (button) mucked [9c Kd]



PokerStars Home Game Hand #226500586113: {Club #4784625}  Hold'em No Limit ($0.01/$0.02 USD) - 2021/05/05 20:22:57 PT [2021/05/05 23:22:57 ET]
Table 'Cash Game' 9-max Seat #1 is the button
Seat 1: Dorex2007 ($3.87 in chips) 
Seat 2: kristymallory ($1.83 in chips) 
Seat 5: Psych0P4th ($7.30 in chips) 
Seat 6: WWiebe23 ($2.85 in chips) 
kristymallory: posts small blind $0.01
Psych0P4th: posts big blind $0.02
*** HOLE CARDS ***
Dealt to Dorex2007 [Ts 7c]
WWiebe23: calls $0.02
Dorex2007: folds 
kristymallory: calls $0.01
Psych0P4th: checks 
*** FLOP *** [5h Jh 4c]
kristymallory: checks 
Psych0P4th: checks 
WWiebe23: checks 
*** TURN *** [5h Jh 4c] [7s]
kristymallory: checks 
Psych0P4th: bets $0.20
WWiebe23: calls $0.20
kristymallory: folds 
*** RIVER *** [5h Jh 4c 7s] [As]
Psych0P4th: checks 
WWiebe23: checks 
*** SHOW DOWN ***
Psych0P4th: shows [Ks 6d] (high card Ace)
WWiebe23: mucks hand 
Psych0P4th collected $0.44 from pot
*** SUMMARY ***
Total pot $0.46 | Rake $0.02 
Board [5h Jh 4c 7s As]
Seat 1: Dorex2007 (button) folded before Flop (didn't bet)
Seat 2: kristymallory (small blind) folded on the Turn
Seat 5: Psych0P4th (big blind) showed [Ks 6d] and won ($0.44) with high card Ace
Seat 6: WWiebe23 mucked [Td 6h]



PokerStars Home Game Hand #226500600397: {Club #4784625}  Hold'em No Limit ($0.01/$0.02 USD) - 2021/05/05 20:24:03 PT [2021/05/05 23:24:03 ET]
Table 'Cash Game' 9-max Seat #2 is the button
Seat 1: Dorex2007 ($3.87 in chips) 
Seat 2: kristymallory ($1.81 in chips) 
Seat 5: Psych0P4th ($7.52 in chips) 
Seat 6: WWiebe23 ($2.63 in chips) 
Psych0P4th: posts small blind $0.01
WWiebe23: posts big blind $0.02
*** HOLE CARDS ***
Dealt to Dorex2007 [As 6d]
Dorex2007: folds 
kristymallory: folds 
Psych0P4th: calls $0.01
WWiebe23: checks 
*** FLOP *** [Ah Jc 8s]
Psych0P4th: checks 
WWiebe23: checks 
*** TURN *** [Ah Jc 8s] [8h]
Psych0P4th: checks 
WWiebe23: checks 
*** RIVER *** [Ah Jc 8s 8h] [Ks]
Psych0P4th: checks 
WWiebe23: checks 
*** SHOW DOWN ***
Psych0P4th: shows [Th 4c] (a pair of Eights)
WWiebe23: shows [2s 7d] (a pair of Eights)
Psych0P4th collected $0.02 from pot
WWiebe23 collected $0.02 from pot
*** SUMMARY ***
Total pot $0.04 | Rake $0 
Board [Ah Jc 8s 8h Ks]
Seat 1: Dorex2007 folded before Flop (didn't bet)
Seat 2: kristymallory (button) folded before Flop (didn't bet)
Seat 5: Psych0P4th (small blind) showed [Th 4c] and won ($0.02) with a pair of Eights
Seat 6: WWiebe23 (big blind) showed [2s 7d] and won ($0.02) with a pair of Eights



PokerStars Home Game Hand #226500607228: {Club #4784625}  Hold'em No Limit ($0.01/$0.02 USD) - 2021/05/05 20:24:34 PT [2021/05/05 23:24:34 ET]
Table 'Cash Game' 9-max Seat #5 is the button
Seat 1: Dorex2007 ($3.87 in chips) 
Seat 2: kristymallory ($1.81 in chips) 
Seat 5: Psych0P4th ($7.52 in chips) 
Seat 6: WWiebe23 ($2.63 in chips) 
WWiebe23: posts small blind $0.01
Dorex2007: posts big blind $0.02
*** HOLE CARDS ***
Dealt to Dorex2007 [7h Td]
kristymallory: folds 
Psych0P4th: raises $0.03 to $0.05
WWiebe23: calls $0.04
Dorex2007: calls $0.03
*** FLOP *** [Ah 4d Jd]
WWiebe23: checks 
Dorex2007: checks 
Psych0P4th: bets $0.10
WWiebe23: calls $0.10
Dorex2007: folds 
*** TURN *** [Ah 4d Jd] [8d]
WWiebe23: checks 
Psych0P4th: bets $0.23
WWiebe23: calls $0.23
*** RIVER *** [Ah 4d Jd 8d] [3h]
WWiebe23: checks 
Psych0P4th: bets $0.70
WWiebe23: calls $0.70
*** SHOW DOWN ***
Psych0P4th: shows [As Ks] (a pair of Aces)
WWiebe23: mucks hand 
Psych0P4th collected $2.13 from pot
*** SUMMARY ***
Total pot $2.21 | Rake $0.08 
Board [Ah 4d Jd 8d 3h]
Seat 1: Dorex2007 (big blind) folded on the Flop
Seat 2: kristymallory folded before Flop (didn't bet)
Seat 5: Psych0P4th (button) showed [As Ks] and won ($2.13) with a pair of Aces
Seat 6: WWiebe23 (small blind) mucked [Ac 7d]



PokerStars Home Game Hand #226500622798: {Club #4784625}  Hold'em No Limit ($0.01/$0.02 USD) - 2021/05/05 20:25:44 PT [2021/05/05 23:25:44 ET]
Table 'Cash Game' 9-max Seat #6 is the button
Seat 1: Dorex2007 ($3.82 in chips) 
Seat 2: kristymallory ($1.81 in chips) 
Seat 5: Psych0P4th ($8.57 in chips) 
Seat 6: WWiebe23 ($1.55 in chips) 
Dorex2007: posts small blind $0.01
kristymallory: posts big blind $0.02
*** HOLE CARDS ***
Dealt to Dorex2007 [4d 6d]
Psych0P4th: raises $0.05 to $0.07
WWiebe23: calls $0.07
Dorex2007: calls $0.06
kristymallory: folds 
*** FLOP *** [3c 9s 8h]
Dorex2007: checks 
Psych0P4th: bets $0.16
WWiebe23: calls $0.16
Dorex2007: folds 
*** TURN *** [3c 9s 8h] [2s]
Psych0P4th: checks 
WWiebe23: checks 
*** RIVER *** [3c 9s 8h 2s] [9d]
Psych0P4th: checks 
WWiebe23: checks 
*** SHOW DOWN ***
Psych0P4th: shows [Jc Ks] (a pair of Nines)
WWiebe23: mucks hand 
Psych0P4th collected $0.53 from pot
*** SUMMARY ***
Total pot $0.55 | Rake $0.02 
Board [3c 9s 8h 2s 9d]
Seat 1: Dorex2007 (small blind) folded on the Flop
Seat 2: kristymallory (big blind) folded before Flop
Seat 5: Psych0P4th showed [Jc Ks] and won ($0.53) with a pair of Nines
Seat 6: WWiebe23 (button) mucked [Qc Jd]



PokerStars Home Game Hand #226500634145: {Club #4784625}  Hold'em No Limit ($0.01/$0.02 USD) - 2021/05/05 20:26:36 PT [2021/05/05 23:26:36 ET]
Table 'Cash Game' 9-max Seat #1 is the button
Seat 1: Dorex2007 ($3.75 in chips) 
Seat 2: kristymallory ($1.79 in chips) 
Seat 5: Psych0P4th ($8.87 in chips) 
Seat 6: WWiebe23 ($1.32 in chips) 
kristymallory: posts small blind $0.01
Psych0P4th: posts big blind $0.02
*** HOLE CARDS ***
Dealt to Dorex2007 [3d 6h]
WWiebe23: folds 
Dorex2007: folds 
kristymallory: calls $0.01
Psych0P4th: checks 
*** FLOP *** [2h 8s 9c]
kristymallory: checks 
Psych0P4th: bets $0.03
kristymallory: calls $0.03
*** TURN *** [2h 8s 9c] [9h]
kristymallory: checks 
Psych0P4th: checks 
*** RIVER *** [2h 8s 9c 9h] [Qh]
kristymallory: checks 
Psych0P4th: checks 
*** SHOW DOWN ***
kristymallory: shows [8h Ah] (a flush, Ace high)
Psych0P4th: mucks hand 
kristymallory collected $0.10 from pot
*** SUMMARY ***
Total pot $0.10 | Rake $0 
Board [2h 8s 9c 9h Qh]
Seat 1: Dorex2007 (button) folded before Flop (didn't bet)
Seat 2: kristymallory (small blind) showed [8h Ah] and won ($0.10) with a flush, Ace high
Seat 5: Psych0P4th (big blind) mucked [8c 2s]
Seat 6: WWiebe23 folded before Flop (didn't bet)



PokerStars Home Game Hand #226500643157: {Club #4784625}  Hold'em No Limit ($0.01/$0.02 USD) - 2021/05/05 20:27:18 PT [2021/05/05 23:27:18 ET]
Table 'Cash Game' 9-max Seat #2 is the button
Seat 1: Dorex2007 ($3.75 in chips) 
Seat 2: kristymallory ($1.84 in chips) 
Seat 5: Psych0P4th ($8.82 in chips) 
Seat 6: WWiebe23 ($1.32 in chips) 
Psych0P4th: posts small blind $0.01
WWiebe23: posts big blind $0.02
*** HOLE CARDS ***
Dealt to Dorex2007 [2s 4d]
Dorex2007: folds 
kristymallory: calls $0.02
Psych0P4th: calls $0.01
WWiebe23: checks 
*** FLOP *** [2d 3s 6c]
Psych0P4th: checks 
WWiebe23: checks 
kristymallory: checks 
*** TURN *** [2d 3s 6c] [3d]
Psych0P4th: bets $0.04
WWiebe23: folds 
kristymallory: folds 
Uncalled bet ($0.04) returned to Psych0P4th
Psych0P4th collected $0.06 from pot
Psych0P4th: doesn't show hand 
*** SUMMARY ***
Total pot $0.06 | Rake $0 
Board [2d 3s 6c 3d]
Seat 1: Dorex2007 folded before Flop (didn't bet)
Seat 2: kristymallory (button) folded on the Turn
Seat 5: Psych0P4th (small blind) collected ($0.06)
Seat 6: WWiebe23 (big blind) folded on the Turn



PokerStars Home Game Hand #226500652571: {Club #4784625}  Hold'em No Limit ($0.01/$0.02 USD) - 2021/05/05 20:28:02 PT [2021/05/05 23:28:02 ET]
Table 'Cash Game' 9-max Seat #5 is the button
Seat 1: Dorex2007 ($3.75 in chips) 
Seat 2: kristymallory ($1.82 in chips) 
Seat 5: Psych0P4th ($8.86 in chips) 
Seat 6: WWiebe23 ($1.30 in chips) 
WWiebe23: posts small blind $0.01
Dorex2007: posts big blind $0.02
*** HOLE CARDS ***
Dealt to Dorex2007 [5c 5s]
kristymallory: folds 
Psych0P4th: raises $0.03 to $0.05
WWiebe23: calls $0.04
Dorex2007: calls $0.03
*** FLOP *** [8c Js Qh]
WWiebe23: checks 
Dorex2007: checks 
Psych0P4th: bets $0.11
WWiebe23: calls $0.11
Dorex2007: folds 
*** TURN *** [8c Js Qh] [As]
WWiebe23: bets $0.36
Psych0P4th: calls $0.36
*** RIVER *** [8c Js Qh As] [Tc]
WWiebe23: bets $0.78 and is all-in
Psych0P4th: calls $0.78
*** SHOW DOWN ***
WWiebe23: shows [2s Ac] (a pair of Aces)
Psych0P4th: shows [8s 8d] (three of a kind, Eights)
Psych0P4th collected $2.56 from pot
*** SUMMARY ***
Total pot $2.65 | Rake $0.09 
Board [8c Js Qh As Tc]
Seat 1: Dorex2007 (big blind) folded on the Flop
Seat 2: kristymallory folded before Flop (didn't bet)
Seat 5: Psych0P4th (button) showed [8s 8d] and won ($2.56) with three of a kind, Eights
Seat 6: WWiebe23 (small blind) showed [2s Ac] and lost with a pair of Aces



PokerStars Home Game Hand #226500665648: {Club #4784625}  Hold'em No Limit ($0.01/$0.02 USD) - 2021/05/05 20:29:03 PT [2021/05/05 23:29:03 ET]
Table 'Cash Game' 9-max Seat #1 is the button
Seat 1: Dorex2007 ($3.70 in chips) 
Seat 2: kristymallory ($1.82 in chips) 
Seat 5: Psych0P4th ($10.12 in chips) 
kristymallory: posts small blind $0.01
Psych0P4th: posts big blind $0.02
*** HOLE CARDS ***
Dealt to Dorex2007 [Ad 2c]
Dorex2007: folds 
kristymallory: folds 
Uncalled bet ($0.01) returned to Psych0P4th
Psych0P4th collected $0.02 from pot
Psych0P4th: doesn't show hand 
*** SUMMARY ***
Total pot $0.02 | Rake $0 
Seat 1: Dorex2007 (button) folded before Flop (didn't bet)
Seat 2: kristymallory (small blind) folded before Flop
Seat 5: Psych0P4th (big blind) collected ($0.02)



PokerStars Home Game Hand #226500667168: {Club #4784625}  Hold'em No Limit ($0.01/$0.02 USD) - 2021/05/05 20:29:10 PT [2021/05/05 23:29:10 ET]
Table 'Cash Game' 9-max Seat #2 is the button
Seat 1: Dorex2007 ($3.70 in chips) 
Seat 2: kristymallory ($1.81 in chips) 
Seat 5: Psych0P4th ($10.13 in chips) 
Psych0P4th: posts small blind $0.01
Dorex2007: posts big blind $0.02
*** HOLE CARDS ***
Dealt to Dorex2007 [8c Kh]
kristymallory: folds 
Psych0P4th: folds 
Uncalled bet ($0.01) returned to Dorex2007
Dorex2007 collected $0.02 from pot
Dorex2007: doesn't show hand 
*** SUMMARY ***
Total pot $0.02 | Rake $0 
Seat 1: Dorex2007 (big blind) collected ($0.02)
Seat 2: kristymallory (button) folded before Flop (didn't bet)
Seat 5: Psych0P4th (small blind) folded before Flop



PokerStars Home Game Hand #226500668755: {Club #4784625}  Hold'em No Limit ($0.01/$0.02 USD) - 2021/05/05 20:29:18 PT [2021/05/05 23:29:18 ET]
Table 'Cash Game' 9-max Seat #5 is the button
Seat 1: Dorex2007 ($3.71 in chips) 
Seat 2: kristymallory ($1.81 in chips) 
Seat 5: Psych0P4th ($10.12 in chips) 
Dorex2007: posts small blind $0.01
kristymallory: posts big blind $0.02
*** HOLE CARDS ***
Dealt to Dorex2007 [Ah Ac]
Psych0P4th: raises $0.03 to $0.05
Dorex2007: raises $0.11 to $0.16
kristymallory: folds 
Psych0P4th: calls $0.11
*** FLOP *** [8s As 5c]
Dorex2007: bets $0.22
Psych0P4th: folds 
Uncalled bet ($0.22) returned to Dorex2007
Dorex2007 collected $0.33 from pot
Dorex2007: doesn't show hand 
*** SUMMARY ***
Total pot $0.34 | Rake $0.01 
Board [8s As 5c]
Seat 1: Dorex2007 (small blind) collected ($0.33)
Seat 2: kristymallory (big blind) folded before Flop
Seat 5: Psych0P4th (button) folded on the Flop



PokerStars Home Game Hand #226500674571: {Club #4784625}  Hold'em No Limit ($0.01/$0.02 USD) - 2021/05/05 20:29:45 PT [2021/05/05 23:29:45 ET]
Table 'Cash Game' 9-max Seat #1 is the button
Seat 1: Dorex2007 ($3.88 in chips) 
Seat 2: kristymallory ($1.79 in chips) 
Seat 5: Psych0P4th ($9.96 in chips) 
kristymallory: posts small blind $0.01
Psych0P4th: posts big blind $0.02
*** HOLE CARDS ***
Dealt to Dorex2007 [Kd Jh]
Dorex2007: raises $0.04 to $0.06
kristymallory: folds 
Psych0P4th: calls $0.04
*** FLOP *** [7s 5s 4d]
Psych0P4th: checks 
Dorex2007: checks 
*** TURN *** [7s 5s 4d] [8c]
Psych0P4th: bets $0.07
Dorex2007: calls $0.07
*** RIVER *** [7s 5s 4d 8c] [8h]
Psych0P4th: bets $0.64
Dorex2007: folds 
Uncalled bet ($0.64) returned to Psych0P4th
Psych0P4th collected $0.26 from pot
Psych0P4th: doesn't show hand 
*** SUMMARY ***
Total pot $0.27 | Rake $0.01 
Board [7s 5s 4d 8c 8h]
Seat 1: Dorex2007 (button) folded on the River
Seat 2: kristymallory (small blind) folded before Flop
Seat 5: Psych0P4th (big blind) collected ($0.26)



PokerStars Home Game Hand #226500683682: {Club #4784625}  Hold'em No Limit ($0.01/$0.02 USD) - 2021/05/05 20:30:29 PT [2021/05/05 23:30:29 ET]
Table 'Cash Game' 9-max Seat #2 is the button
Seat 1: Dorex2007 ($3.75 in chips) 
Seat 2: kristymallory ($1.78 in chips) 
Seat 5: Psych0P4th ($10.09 in chips) 
Psych0P4th: posts small blind $0.01
Dorex2007: posts big blind $0.02
*** HOLE CARDS ***
Dealt to Dorex2007 [9s Kd]
kristymallory: folds 
Psych0P4th: raises $0.05 to $0.07
Dorex2007: calls $0.05
*** FLOP *** [2h Ks Kc]
Psych0P4th: checks 
Dorex2007: checks 
*** TURN *** [2h Ks Kc] [5h]
Psych0P4th: bets $0.04
Dorex2007: calls $0.04
*** RIVER *** [2h Ks Kc 5h] [5s]
Psych0P4th: checks 
Dorex2007: bets $0.34
Psych0P4th: folds 
Uncalled bet ($0.34) returned to Dorex2007
Dorex2007 collected $0.21 from pot
Dorex2007: doesn't show hand 
*** SUMMARY ***
Total pot $0.22 | Rake $0.01 
Board [2h Ks Kc 5h 5s]
Seat 1: Dorex2007 (big blind) collected ($0.21)
Seat 2: kristymallory (button) folded before Flop (didn't bet)
Seat 5: Psych0P4th (small blind) folded on the River



PokerStars Home Game Hand #226500690994: {Club #4784625}  Hold'em No Limit ($0.01/$0.02 USD) - 2021/05/05 20:31:03 PT [2021/05/05 23:31:03 ET]
Table 'Cash Game' 9-max Seat #5 is the button
Seat 1: Dorex2007 ($3.85 in chips) 
Seat 2: kristymallory ($1.78 in chips) 
Seat 5: Psych0P4th ($9.98 in chips) 
Dorex2007: posts small blind $0.01
kristymallory: posts big blind $0.02
*** HOLE CARDS ***
Dealt to Dorex2007 [4c As]
Psych0P4th: raises $0.03 to $0.05
Dorex2007: calls $0.04
kristymallory: calls $0.03
*** FLOP *** [7d 3s Ad]
Dorex2007: checks 
kristymallory: bets $0.14
Psych0P4th: calls $0.14
Dorex2007: calls $0.14
*** TURN *** [7d 3s Ad] [3d]
Dorex2007: checks 
kristymallory: bets $0.28
Psych0P4th: calls $0.28
Dorex2007: folds 
*** RIVER *** [7d 3s Ad 3d] [Tc]
kristymallory: bets $0.20
Psych0P4th: raises $0.40 to $0.60
kristymallory: folds 
Uncalled bet ($0.40) returned to Psych0P4th
Psych0P4th collected $1.48 from pot
Psych0P4th: doesn't show hand 
*** SUMMARY ***
Total pot $1.53 | Rake $0.05 
Board [7d 3s Ad 3d Tc]
Seat 1: Dorex2007 (small blind) folded on the Turn
Seat 2: kristymallory (big blind) folded on the River
Seat 5: Psych0P4th (button) collected ($1.48)



PokerStars Home Game Hand #226500707468: {Club #4784625}  Hold'em No Limit ($0.01/$0.02 USD) - 2021/05/05 20:32:21 PT [2021/05/05 23:32:21 ET]
Table 'Cash Game' 9-max Seat #1 is the button
Seat 1: Dorex2007 ($3.66 in chips) 
Seat 2: kristymallory ($1.11 in chips) 
Seat 5: Psych0P4th ($10.79 in chips) 
kristymallory: posts small blind $0.01
Psych0P4th: posts big blind $0.02
*** HOLE CARDS ***
Dealt to Dorex2007 [Qd 9c]
Dorex2007: calls $0.02
kristymallory: folds 
Psych0P4th: raises $0.06 to $0.08
Dorex2007: calls $0.06
*** FLOP *** [Jh Ks Tc]
Psych0P4th: checks 
Dorex2007: checks 
*** TURN *** [Jh Ks Tc] [3h]
Psych0P4th: bets $0.24
Dorex2007: calls $0.24
*** RIVER *** [Jh Ks Tc 3h] [Kd]
Psych0P4th: checks 
Dorex2007: bets $0.63
Psych0P4th: folds 
Uncalled bet ($0.63) returned to Dorex2007
Dorex2007 collected $0.63 from pot
Dorex2007: doesn't show hand 
*** SUMMARY ***
Total pot $0.65 | Rake $0.02 
Board [Jh Ks Tc 3h Kd]
Seat 1: Dorex2007 (button) collected ($0.63)
Seat 2: kristymallory (small blind) folded before Flop
Seat 5: Psych0P4th (big blind) folded on the River



PokerStars Home Game Hand #226500719132: {Club #4784625}  Hold'em No Limit ($0.01/$0.02 USD) - 2021/05/05 20:33:16 PT [2021/05/05 23:33:16 ET]
Table 'Cash Game' 9-max Seat #2 is the button
Seat 1: Dorex2007 ($3.97 in chips) 
Seat 2: kristymallory ($1.10 in chips) 
Seat 5: Psych0P4th ($10.47 in chips) 
Psych0P4th: posts small blind $0.01
Dorex2007: posts big blind $0.02
*** HOLE CARDS ***
Dealt to Dorex2007 [Jc 7h]
kristymallory: folds 
Psych0P4th: raises $0.05 to $0.07
Dorex2007: calls $0.05
*** FLOP *** [5s 2d 8h]
Psych0P4th: bets $0.15
Dorex2007: folds 
Uncalled bet ($0.15) returned to Psych0P4th
Psych0P4th collected $0.14 from pot
Psych0P4th: doesn't show hand 
*** SUMMARY ***
Total pot $0.14 | Rake $0 
Board [5s 2d 8h]
Seat 1: Dorex2007 (big blind) folded on the Flop
Seat 2: kristymallory (button) folded before Flop (didn't bet)
Seat 5: Psych0P4th (small blind) collected ($0.14)



PokerStars Home Game Hand #226500723137: {Club #4784625}  Hold'em No Limit ($0.01/$0.02 USD) - 2021/05/05 20:33:35 PT [2021/05/05 23:33:35 ET]
Table 'Cash Game' 9-max Seat #5 is the button
Seat 1: Dorex2007 ($3.90 in chips) 
Seat 2: kristymallory ($1.10 in chips) 
Seat 5: Psych0P4th ($10.54 in chips) 
Dorex2007: posts small blind $0.01
kristymallory: posts big blind $0.02
*** HOLE CARDS ***
Dealt to Dorex2007 [6s Kd]
Psych0P4th: raises $0.05 to $0.07
Dorex2007: calls $0.06
kristymallory: folds 
*** FLOP *** [Ad 3s Qd]
Dorex2007: checks 
Psych0P4th: checks 
*** TURN *** [Ad 3s Qd] [5c]
Dorex2007: bets $0.15
Psych0P4th: calls $0.15
*** RIVER *** [Ad 3s Qd 5c] [5d]
Dorex2007: checks 
Psych0P4th: bets $0.69
Dorex2007: folds 
Uncalled bet ($0.69) returned to Psych0P4th
Psych0P4th collected $0.44 from pot
Psych0P4th: doesn't show hand 
*** SUMMARY ***
Total pot $0.46 | Rake $0.02 
Board [Ad 3s Qd 5c 5d]
Seat 1: Dorex2007 (small blind) folded on the River
Seat 2: kristymallory (big blind) folded before Flop
Seat 5: Psych0P4th (button) collected ($0.44)



PokerStars Home Game Hand #226500730818: {Club #4784625}  Hold'em No Limit ($0.01/$0.02 USD) - 2021/05/05 20:34:12 PT [2021/05/05 23:34:12 ET]
Table 'Cash Game' 9-max Seat #1 is the button
Seat 1: Dorex2007 ($3.68 in chips) 
Seat 2: kristymallory ($1.08 in chips) 
Seat 5: Psych0P4th ($10.76 in chips) 
kristymallory: posts small blind $0.01
Psych0P4th: posts big blind $0.02
*** HOLE CARDS ***
Dealt to Dorex2007 [Td 7d]
Dorex2007: raises $0.04 to $0.06
kristymallory: folds 
Psych0P4th: calls $0.04
*** FLOP *** [4c 6c 8h]
Psych0P4th: checks 
Dorex2007: checks 
*** TURN *** [4c 6c 8h] [5h]
Psych0P4th: bets $0.23
Dorex2007: raises $0.59 to $0.82
Psych0P4th: calls $0.59
*** RIVER *** [4c 6c 8h 5h] [6h]
Psych0P4th: bets $0.20
Dorex2007: raises $2.60 to $2.80 and is all-in
Psych0P4th: calls $2.60
*** SHOW DOWN ***
Dorex2007: shows [Td 7d] (a straight, Four to Eight)
Psych0P4th: shows [6s 8d] (a full house, Sixes full of Eights)
Psych0P4th collected $7.11 from pot
*** SUMMARY ***
Total pot $7.37 | Rake $0.26 
Board [4c 6c 8h 5h 6h]
Seat 1: Dorex2007 (button) showed [Td 7d] and lost with a straight, Four to Eight
Seat 2: kristymallory (small blind) folded before Flop
Seat 5: Psych0P4th (big blind) showed [6s 8d] and won ($7.11) with a full house, Sixes full of Eights



PokerStars Home Game Hand #226500743339: {Club #4784625}  Hold'em No Limit ($0.01/$0.02 USD) - 2021/05/05 20:35:11 PT [2021/05/05 23:35:11 ET]
Table 'Cash Game' 9-max Seat #2 is the button
Seat 1: Dorex2007 ($2 in chips) 
Seat 2: kristymallory ($1.07 in chips) 
Seat 5: Psych0P4th ($14.19 in chips) 
Psych0P4th: posts small blind $0.01
Dorex2007: posts big blind $0.02
*** HOLE CARDS ***
Dealt to Dorex2007 [6c Jh]
kristymallory: folds 
Psych0P4th: calls $0.01
Dorex2007: checks 
*** FLOP *** [Jd Qc Ac]
Psych0P4th: checks 
Dorex2007: checks 
*** TURN *** [Jd Qc Ac] [9h]
Psych0P4th: bets $0.03
Dorex2007: calls $0.03
*** RIVER *** [Jd Qc Ac 9h] [9c]
Psych0P4th: checks 
Dorex2007: checks 
*** SHOW DOWN ***
Psych0P4th: shows [8d Kh] (a pair of Nines)
Dorex2007: shows [6c Jh] (two pair, Jacks and Nines)
Dorex2007 collected $0.10 from pot
*** SUMMARY ***
Total pot $0.10 | Rake $0 
Board [Jd Qc Ac 9h 9c]
Seat 1: Dorex2007 (big blind) showed [6c Jh] and won ($0.10) with two pair, Jacks and Nines
Seat 2: kristymallory (button) folded before Flop (didn't bet)
Seat 5: Psych0P4th (small blind) showed [8d Kh] and lost with a pair of Nines



PokerStars Home Game Hand #226500753053: {Club #4784625}  Hold'em No Limit ($0.01/$0.02 USD) - 2021/05/05 20:35:58 PT [2021/05/05 23:35:58 ET]
Table 'Cash Game' 9-max Seat #5 is the button
Seat 1: Dorex2007 ($2.05 in chips) 
Seat 2: kristymallory ($1.07 in chips) 
Seat 5: Psych0P4th ($14.14 in chips) 
Dorex2007: posts small blind $0.01
kristymallory: posts big blind $0.02
*** HOLE CARDS ***
Dealt to Dorex2007 [8c 7h]
Psych0P4th: raises $0.03 to $0.05
Dorex2007: calls $0.04
kristymallory: folds 
*** FLOP *** [Qs Js 8s]
Dorex2007: checks 
Psych0P4th: bets $0.06
Dorex2007: calls $0.06
*** TURN *** [Qs Js 8s] [9s]
Dorex2007: checks 
Psych0P4th: bets $0.18
Dorex2007: calls $0.18
*** RIVER *** [Qs Js 8s 9s] [3c]
Dorex2007: checks 
Psych0P4th: bets $0.41
Dorex2007: raises $0.70 to $1.11
Psych0P4th: calls $0.70
*** SHOW DOWN ***
Dorex2007: shows [8c 7h] (a pair of Eights)
Psych0P4th: shows [4h Ks] (a flush, King high)
Psych0P4th collected $2.72 from pot
*** SUMMARY ***
Total pot $2.82 | Rake $0.10 
Board [Qs Js 8s 9s 3c]
Seat 1: Dorex2007 (small blind) showed [8c 7h] and lost with a pair of Eights
Seat 2: kristymallory (big blind) folded before Flop
Seat 5: Psych0P4th (button) showed [4h Ks] and won ($2.72) with a flush, King high



PokerStars Home Game Hand #226500765832: {Club #4784625}  Hold'em No Limit ($0.01/$0.02 USD) - 2021/05/05 20:37:00 PT [2021/05/05 23:37:00 ET]
Table 'Cash Game' 9-max Seat #2 is the button
Seat 1: Dorex2007 ($2 in chips) 
Seat 2: kristymallory ($1.05 in chips) 
kristymallory: posts small blind $0.01
Psych0P4th: is sitting out 
Dorex2007: posts big blind $0.02
*** HOLE CARDS ***
Dealt to Dorex2007 [8c Kd]
kristymallory: folds 
Uncalled bet ($0.01) returned to Dorex2007
Dorex2007 collected $0.02 from pot
Dorex2007: doesn't show hand 
*** SUMMARY ***
Total pot $0.02 | Rake $0 
Seat 1: Dorex2007 (big blind) collected ($0.02)
Seat 2: kristymallory (button) (small blind) folded before Flop



PokerStars Home Game Hand #226500767026: {Club #4784625}  Hold'em No Limit ($0.01/$0.02 USD) - 2021/05/05 20:37:06 PT [2021/05/05 23:37:06 ET]
Table 'Cash Game' 9-max Seat #1 is the button
Seat 1: Dorex2007 ($2.01 in chips) 
Seat 2: kristymallory ($1.04 in chips) 
Dorex2007: posts small blind $0.01
kristymallory: posts big blind $0.02
*** HOLE CARDS ***
Dealt to Dorex2007 [Qs 9h]
Dorex2007: calls $0.01
kristymallory: checks 
*** FLOP *** [Qd 9c 9s]
kristymallory: bets $0.04
Dorex2007: raises $0.06 to $0.10
kristymallory: calls $0.06
*** TURN *** [Qd 9c 9s] [Kc]
kristymallory: checks 
Dorex2007: bets $0.15
kristymallory: folds 
Uncalled bet ($0.15) returned to Dorex2007
Dorex2007 collected $0.23 from pot
Dorex2007: doesn't show hand 
*** SUMMARY ***
Total pot $0.24 | Rake $0.01 
Board [Qd 9c 9s Kc]
Seat 1: Dorex2007 (button) (small blind) collected ($0.23)
Seat 2: kristymallory (big blind) folded on the Turn



PokerStars Home Game Hand #226500773203: {Club #4784625}  Hold'em No Limit ($0.01/$0.02 USD) - 2021/05/05 20:37:35 PT [2021/05/05 23:37:35 ET]
Table 'Cash Game' 9-max Seat #2 is the button
Seat 1: Dorex2007 ($2.12 in chips) 
Seat 2: kristymallory ($0.92 in chips) 
kristymallory: posts small blind $0.01
Dorex2007: posts big blind $0.02
*** HOLE CARDS ***
Dealt to Dorex2007 [3s Tc]
kristymallory: folds 
Uncalled bet ($0.01) returned to Dorex2007
Dorex2007 collected $0.02 from pot
Dorex2007: doesn't show hand 
*** SUMMARY ***
Total pot $0.02 | Rake $0 
Seat 1: Dorex2007 (big blind) collected ($0.02)
Seat 2: kristymallory (button) (small blind) folded before Flop



