PokerStars Hand #231539862601:  Hold'em No Limit ($0.01/$0.02 USD) - 2021/11/19 13:24:17 PT [2021/11/19 16:24:17 ET]
Table 'Gunlod III' 9-max Seat #7 is the button
Seat 1: zive_Belarus ($3.91 in chips) 
Seat 2: kalita-1 ($3.23 in chips) 
Seat 3: prisess ($3.54 in chips) 
Seat 4: Inc4ognito ($2.02 in chips) 
Seat 5: Dorex2007 ($2 in chips) 
Seat 6: Zsros Csaba ($1.90 in chips) 
Seat 7: tamerlansea ($6.11 in chips) 
Seat 8: ComancheY ($1.98 in chips) 
Seat 9: panKastus ($2.58 in chips) 
ComancheY: posts small blind $0.01
panKastus: posts big blind $0.02
Dorex2007: posts big blind $0.02
*** HOLE CARDS ***
Dealt to Dorex2007 [Jd 3h]
zive_Belarus: folds 
kalita-1: folds 
prisess: folds 
Inc4ognito: folds 
Dorex2007: checks 
Zsros Csaba: raises $0.06 to $0.08
tamerlansea: folds 
ComancheY: folds 
panKastus: folds 
Dorex2007: folds 
Uncalled bet ($0.06) returned to Zsros Csaba
Zsros Csaba collected $0.07 from pot
*** SUMMARY ***
Total pot $0.07 | Rake $0 
Seat 1: zive_Belarus folded before Flop (didn't bet)
Seat 2: kalita-1 folded before Flop (didn't bet)
Seat 3: prisess folded before Flop (didn't bet)
Seat 4: Inc4ognito folded before Flop (didn't bet)
Seat 5: Dorex2007 folded before Flop (didn't bet)
Seat 6: Zsros Csaba collected ($0.07)
Seat 7: tamerlansea (button) folded before Flop (didn't bet)
Seat 8: ComancheY (small blind) folded before Flop
Seat 9: panKastus (big blind) folded before Flop



PokerStars Hand #231539874125:  Hold'em No Limit ($0.01/$0.02 USD) - 2021/11/19 13:24:39 PT [2021/11/19 16:24:39 ET]
Table 'Gunlod III' 9-max Seat #8 is the button
Seat 1: zive_Belarus ($3.91 in chips) 
Seat 2: kalita-1 ($3.23 in chips) 
Seat 3: prisess ($3.54 in chips) 
Seat 4: Inc4ognito ($2.02 in chips) 
Seat 5: Dorex2007 ($2 in chips) 
Seat 6: Zsros Csaba ($1.95 in chips) 
Seat 7: tamerlansea ($6.11 in chips) 
Seat 8: ComancheY ($1.97 in chips) 
Seat 9: panKastus ($2.56 in chips) 
panKastus: posts small blind $0.01
zive_Belarus: posts big blind $0.02
*** HOLE CARDS ***
Dealt to Dorex2007 [4s 9d]
kalita-1: folds 
prisess: folds 
Inc4ognito: folds 
Dorex2007: folds 
Zsros Csaba: raises $0.06 to $0.08
tamerlansea: calls $0.08
ComancheY: calls $0.08
panKastus: raises $0.32 to $0.40
zive_Belarus: folds 
Zsros Csaba: calls $0.32
tamerlansea: calls $0.32
ComancheY: folds 
*** FLOP *** [Ts Ac Th]
panKastus: bets $0.63
Zsros Csaba: folds 
tamerlansea: folds 
Uncalled bet ($0.63) returned to panKastus
panKastus collected $1.25 from pot
panKastus: doesn't show hand 
*** SUMMARY ***
Total pot $1.30 | Rake $0.05 
Board [Ts Ac Th]
Seat 1: zive_Belarus (big blind) folded before Flop
Seat 2: kalita-1 folded before Flop (didn't bet)
Seat 3: prisess folded before Flop (didn't bet)
Seat 4: Inc4ognito folded before Flop (didn't bet)
Seat 5: Dorex2007 folded before Flop (didn't bet)
Seat 6: Zsros Csaba folded on the Flop
Seat 7: tamerlansea folded on the Flop
Seat 8: ComancheY (button) folded before Flop
Seat 9: panKastus (small blind) collected ($1.25)



PokerStars Hand #231539902615:  Hold'em No Limit ($0.01/$0.02 USD) - 2021/11/19 13:25:34 PT [2021/11/19 16:25:34 ET]
Table 'Gunlod III' 9-max Seat #9 is the button
Seat 1: zive_Belarus ($3.89 in chips) 
Seat 2: kalita-1 ($3.23 in chips) 
Seat 3: prisess ($3.54 in chips) 
Seat 4: Inc4ognito ($2.02 in chips) 
Seat 5: Dorex2007 ($2 in chips) 
Seat 6: Zsros Csaba ($1.55 in chips) 
Seat 7: tamerlansea ($5.71 in chips) 
Seat 8: ComancheY ($1.89 in chips) 
Seat 9: panKastus ($3.41 in chips) 
zive_Belarus: posts small blind $0.01
kalita-1: posts big blind $0.02
*** HOLE CARDS ***
Dealt to Dorex2007 [Kh Jh]
prisess: raises $3.52 to $3.54 and is all-in
Inc4ognito: folds 
Dorex2007: folds 
Zsros Csaba: folds 
tamerlansea: folds 
ComancheY: folds 
panKastus: folds 
zive_Belarus: calls $3.53
kalita-1: folds 
*** FLOP *** [Ah Tc Td]
*** TURN *** [Ah Tc Td] [6c]
*** RIVER *** [Ah Tc Td 6c] [8d]
*** SHOW DOWN ***
zive_Belarus: shows [Kc Ks] (two pair, Kings and Tens)
prisess: shows [4h As] (two pair, Aces and Tens)
prisess collected $6.85 from pot
*** SUMMARY ***
Total pot $7.10 | Rake $0.25 
Board [Ah Tc Td 6c 8d]
Seat 1: zive_Belarus (small blind) showed [Kc Ks] and lost with two pair, Kings and Tens
Seat 2: kalita-1 (big blind) folded before Flop
Seat 3: prisess showed [4h As] and won ($6.85) with two pair, Aces and Tens
Seat 4: Inc4ognito folded before Flop (didn't bet)
Seat 5: Dorex2007 folded before Flop (didn't bet)
Seat 6: Zsros Csaba folded before Flop (didn't bet)
Seat 7: tamerlansea folded before Flop (didn't bet)
Seat 8: ComancheY folded before Flop (didn't bet)
Seat 9: panKastus (button) folded before Flop (didn't bet)



PokerStars Hand #231539916851:  Hold'em No Limit ($0.01/$0.02 USD) - 2021/11/19 13:26:01 PT [2021/11/19 16:26:01 ET]
Table 'Gunlod III' 9-max Seat #1 is the button
Seat 1: zive_Belarus ($2 in chips) 
Seat 2: kalita-1 ($3.21 in chips) 
Seat 3: prisess ($6.85 in chips) 
Seat 4: Inc4ognito ($2.02 in chips) 
Seat 5: Dorex2007 ($2 in chips) 
Seat 6: Zsros Csaba ($2 in chips) 
Seat 7: tamerlansea ($5.71 in chips) 
Seat 8: ComancheY ($1.89 in chips) 
Seat 9: panKastus ($3.41 in chips) 
kalita-1: posts small blind $0.01
prisess: posts big blind $0.02
*** HOLE CARDS ***
Dealt to Dorex2007 [6h As]
Inc4ognito: folds 
Dorex2007: folds 
Zsros Csaba: folds 
tamerlansea: folds 
ComancheY: folds 
panKastus: folds 
zive_Belarus: raises $0.04 to $0.06
kalita-1: folds 
prisess: folds 
Uncalled bet ($0.04) returned to zive_Belarus
zive_Belarus collected $0.05 from pot
zive_Belarus: doesn't show hand 
*** SUMMARY ***
Total pot $0.05 | Rake $0 
Seat 1: zive_Belarus (button) collected ($0.05)
Seat 2: kalita-1 (small blind) folded before Flop
Seat 3: prisess (big blind) folded before Flop
Seat 4: Inc4ognito folded before Flop (didn't bet)
Seat 5: Dorex2007 folded before Flop (didn't bet)
Seat 6: Zsros Csaba folded before Flop (didn't bet)
Seat 7: tamerlansea folded before Flop (didn't bet)
Seat 8: ComancheY folded before Flop (didn't bet)
Seat 9: panKastus folded before Flop (didn't bet)



PokerStars Hand #231539928490:  Hold'em No Limit ($0.01/$0.02 USD) - 2021/11/19 13:26:24 PT [2021/11/19 16:26:24 ET]
Table 'Gunlod III' 9-max Seat #2 is the button
Seat 1: zive_Belarus ($2.03 in chips) 
Seat 2: kalita-1 ($3.20 in chips) 
Seat 3: prisess ($6.83 in chips) 
Seat 4: Inc4ognito ($2.02 in chips) 
Seat 5: Dorex2007 ($2 in chips) 
Seat 6: Zsros Csaba ($2 in chips) 
Seat 7: tamerlansea ($5.71 in chips) 
Seat 8: ComancheY ($1.89 in chips) 
Seat 9: panKastus ($3.41 in chips) 
prisess: posts small blind $0.01
Inc4ognito: posts big blind $0.02
*** HOLE CARDS ***
Dealt to Dorex2007 [Ts Jc]
Dorex2007: folds 
Zsros Csaba: raises $0.06 to $0.08
tamerlansea: folds 
ComancheY: folds 
panKastus: folds 
zive_Belarus: folds 
kalita-1: folds 
prisess: raises $6.75 to $6.83 and is all-in
Inc4ognito: folds 
Zsros Csaba: calls $1.92 and is all-in
Uncalled bet ($4.83) returned to prisess
*** FLOP *** [6h 4c Qs]
*** TURN *** [6h 4c Qs] [Qd]
*** RIVER *** [6h 4c Qs Qd] [Kc]
Dorex2007 leaves the table
*** SHOW DOWN ***
prisess: shows [9d 9h] (two pair, Queens and Nines)
Zsros Csaba: shows [8s 8d] (two pair, Queens and Eights)
prisess collected $3.88 from pot
*** SUMMARY ***
Total pot $4.02 | Rake $0.14 
Board [6h 4c Qs Qd Kc]
Seat 1: zive_Belarus folded before Flop (didn't bet)
Seat 2: kalita-1 (button) folded before Flop (didn't bet)
Seat 3: prisess (small blind) showed [9d 9h] and won ($3.88) with two pair, Queens and Nines
Seat 4: Inc4ognito (big blind) folded before Flop
Seat 5: Dorex2007 folded before Flop (didn't bet)
Seat 6: Zsros Csaba showed [8s 8d] and lost with two pair, Queens and Eights
Seat 7: tamerlansea folded before Flop (didn't bet)
Seat 8: ComancheY folded before Flop (didn't bet)
Seat 9: panKastus folded before Flop (didn't bet)



