PokerStars Hand #224921343037:  Hold'em No Limit ($0.01/$0.02 USD) - 2021/03/17 19:15:30 PT [2021/03/17 22:15:30 ET]
Table 'Riema V' 9-max Seat #1 is the button
Seat 1: tiolucius ($2.85 in chips) 
Seat 2: AlexVV40 ($0.95 in chips) 
Seat 3: MB-hard ($2.02 in chips) 
Seat 4: xuxu 0 ($1.55 in chips) 
Seat 5: zagtrovao ($2.30 in chips) 
Seat 6: blueheron1508 ($0.80 in chips) 
Seat 7: Copetti112 ($2.57 in chips) 
Seat 8: Luks_Jr ($1.84 in chips) 
Seat 9: Dorex2007 ($1.50 in chips) 
AlexVV40: posts small blind $0.01
MB-hard: posts big blind $0.02
Dorex2007: posts big blind $0.02
*** HOLE CARDS ***
Dealt to Dorex2007 [Ks 7d]
xuxu 0: folds 
zagtrovao: folds 
blueheron1508: folds 
Copetti112: folds 
Luks_Jr: folds 
Dorex2007: checks 
tiolucius: folds 
AlexVV40: calls $0.01
MB-hard: checks 
*** FLOP *** [4c Qs 6d]
AlexVV40: checks 
MB-hard: checks 
Dorex2007: checks 
*** TURN *** [4c Qs 6d] [Ts]
AlexVV40: checks 
MB-hard: checks 
Dorex2007: checks 
*** RIVER *** [4c Qs 6d Ts] [Ad]
AlexVV40: bets $0.04
MB-hard: folds 
Dorex2007: folds 
Uncalled bet ($0.04) returned to AlexVV40
AlexVV40 collected $0.06 from pot
AlexVV40: doesn't show hand 
*** SUMMARY ***
Total pot $0.06 | Rake $0 
Board [4c Qs 6d Ts Ad]
Seat 1: tiolucius (button) folded before Flop (didn't bet)
Seat 2: AlexVV40 (small blind) collected ($0.06)
Seat 3: MB-hard (big blind) folded on the River
Seat 4: xuxu 0 folded before Flop (didn't bet)
Seat 5: zagtrovao folded before Flop (didn't bet)
Seat 6: blueheron1508 folded before Flop (didn't bet)
Seat 7: Copetti112 folded before Flop (didn't bet)
Seat 8: Luks_Jr folded before Flop (didn't bet)
Seat 9: Dorex2007 folded on the River (didn't bet)



PokerStars Hand #224921363969:  Hold'em No Limit ($0.01/$0.02 USD) - 2021/03/17 19:16:39 PT [2021/03/17 22:16:39 ET]
Table 'Riema V' 9-max Seat #2 is the button
Seat 1: tiolucius ($2.85 in chips) 
Seat 2: AlexVV40 ($0.99 in chips) 
Seat 3: MB-hard ($2 in chips) 
Seat 4: xuxu 0 ($1.55 in chips) 
Seat 5: zagtrovao ($2.30 in chips) 
Seat 6: blueheron1508 ($0.80 in chips) 
Seat 7: Copetti112 ($2.57 in chips) 
Seat 8: Luks_Jr ($1.84 in chips) 
Seat 9: Dorex2007 ($1.48 in chips) 
MB-hard: posts small blind $0.01
xuxu 0: posts big blind $0.02
*** HOLE CARDS ***
Dealt to Dorex2007 [8s 9d]
zagtrovao: folds 
blueheron1508: folds 
Copetti112: raises $0.04 to $0.06
Luks_Jr: folds 
Dorex2007: folds 
tiolucius: calls $0.06
AlexVV40: folds 
MB-hard: folds 
xuxu 0: calls $0.04
*** FLOP *** [6c Jd Qd]
xuxu 0: checks 
Copetti112: checks 
tiolucius: checks 
*** TURN *** [6c Jd Qd] [8h]
xuxu 0: bets $0.10
Copetti112: folds 
tiolucius: calls $0.10
*** RIVER *** [6c Jd Qd 8h] [2d]
xuxu 0: bets $0.14
tiolucius: raises $0.19 to $0.33
xuxu 0: calls $0.19
*** SHOW DOWN ***
tiolucius: shows [Td 8d] (a flush, Queen high)
xuxu 0: mucks hand 
tiolucius collected $1.01 from pot
*** SUMMARY ***
Total pot $1.05 | Rake $0.04 
Board [6c Jd Qd 8h 2d]
Seat 1: tiolucius showed [Td 8d] and won ($1.01) with a flush, Queen high
Seat 2: AlexVV40 (button) folded before Flop (didn't bet)
Seat 3: MB-hard (small blind) folded before Flop
Seat 4: xuxu 0 (big blind) mucked [Qc Jh]
Seat 5: zagtrovao folded before Flop (didn't bet)
Seat 6: blueheron1508 folded before Flop (didn't bet)
Seat 7: Copetti112 folded on the Turn
Seat 8: Luks_Jr folded before Flop (didn't bet)
Seat 9: Dorex2007 folded before Flop (didn't bet)



PokerStars Hand #224921396089:  Hold'em No Limit ($0.01/$0.02 USD) - 2021/03/17 19:18:25 PT [2021/03/17 22:18:25 ET]
Table 'Riema V' 9-max Seat #4 is the button
Seat 1: tiolucius ($3.37 in chips) 
Seat 2: AlexVV40 ($1.03 in chips) 
Seat 3: MB-hard ($1.99 in chips) 
Seat 4: xuxu 0 ($1.04 in chips) 
Seat 5: zagtrovao ($2.28 in chips) 
Seat 6: blueheron1508 ($0.80 in chips) 
Seat 7: Copetti112 ($2.51 in chips) 
Seat 8: Luks_Jr ($1.84 in chips) 
Seat 9: Dorex2007 ($1.48 in chips) 
zagtrovao: posts small blind $0.01
blueheron1508: posts big blind $0.02
*** HOLE CARDS ***
Dealt to Dorex2007 [Qh 5d]
Copetti112: folds 
Luks_Jr: folds 
Dorex2007: folds 
tiolucius: raises $0.02 to $0.04
AlexVV40: folds 
MB-hard: calls $0.04
xuxu 0: folds 
xuxu 0 leaves the table
zagtrovao: folds 
blueheron1508: folds 
*** FLOP *** [5s Ac Qd]
tomashovka55 joins the table at seat #4 
tiolucius: checks 
MB-hard: bets $0.04
tiolucius: folds 
Uncalled bet ($0.04) returned to MB-hard
MB-hard collected $0.11 from pot
MB-hard: doesn't show hand 
*** SUMMARY ***
Total pot $0.11 | Rake $0 
Board [5s Ac Qd]
Seat 1: tiolucius folded on the Flop
Seat 2: AlexVV40 folded before Flop (didn't bet)
Seat 3: MB-hard collected ($0.11)
Seat 4: xuxu 0 (button) folded before Flop (didn't bet)
Seat 5: zagtrovao (small blind) folded before Flop
Seat 6: blueheron1508 (big blind) folded before Flop
Seat 7: Copetti112 folded before Flop (didn't bet)
Seat 8: Luks_Jr folded before Flop (didn't bet)
Seat 9: Dorex2007 folded before Flop (didn't bet)



PokerStars Hand #224921403924:  Hold'em No Limit ($0.01/$0.02 USD) - 2021/03/17 19:18:51 PT [2021/03/17 22:18:51 ET]
Table 'Riema V' 9-max Seat #5 is the button
Seat 1: tiolucius ($3.33 in chips) 
Seat 2: AlexVV40 ($1.03 in chips) 
Seat 3: MB-hard ($2.06 in chips) 
Seat 5: zagtrovao ($2.27 in chips) 
Seat 6: blueheron1508 ($0.78 in chips) 
Seat 7: Copetti112 ($2.51 in chips) 
Seat 8: Luks_Jr ($1.84 in chips) 
Seat 9: Dorex2007 ($1.48 in chips) 
blueheron1508: posts small blind $0.01
Copetti112: posts big blind $0.02
*** HOLE CARDS ***
Dealt to Dorex2007 [7c 2d]
Luks_Jr: folds 
Dorex2007: folds 
tiolucius: calls $0.02
AlexVV40: folds 
MB-hard: folds 
zagtrovao: calls $0.02
blueheron1508: folds 
Copetti112: checks 
*** FLOP *** [Qc 3s 5c]
Copetti112: checks 
tiolucius: bets $0.07
zagtrovao: folds 
Copetti112: folds 
Uncalled bet ($0.07) returned to tiolucius
tiolucius collected $0.07 from pot
tiolucius: doesn't show hand 
*** SUMMARY ***
Total pot $0.07 | Rake $0 
Board [Qc 3s 5c]
Seat 1: tiolucius collected ($0.07)
Seat 2: AlexVV40 folded before Flop (didn't bet)
Seat 3: MB-hard folded before Flop (didn't bet)
Seat 5: zagtrovao (button) folded on the Flop
Seat 6: blueheron1508 (small blind) folded before Flop
Seat 7: Copetti112 (big blind) folded on the Flop
Seat 8: Luks_Jr folded before Flop (didn't bet)
Seat 9: Dorex2007 folded before Flop (didn't bet)



PokerStars Hand #224921414915:  Hold'em No Limit ($0.01/$0.02 USD) - 2021/03/17 19:19:27 PT [2021/03/17 22:19:27 ET]
Table 'Riema V' 9-max Seat #6 is the button
Seat 1: tiolucius ($3.38 in chips) 
Seat 2: AlexVV40 ($1.03 in chips) 
Seat 3: MB-hard ($2.06 in chips) 
Seat 5: zagtrovao ($2.25 in chips) 
Seat 6: blueheron1508 ($0.77 in chips) 
Seat 7: Copetti112 ($2.49 in chips) 
Seat 8: Luks_Jr ($1.84 in chips) 
Seat 9: Dorex2007 ($1.48 in chips) 
Copetti112: posts small blind $0.01
Luks_Jr: posts big blind $0.02
*** HOLE CARDS ***
Dealt to Dorex2007 [2c 5h]
Dorex2007: folds 
tiolucius: folds 
AlexVV40: raises $0.04 to $0.06
MB-hard: folds 
zagtrovao: folds 
blueheron1508: folds 
Copetti112: calls $0.05
Luks_Jr: folds 
*** FLOP *** [Ts 6s 5c]
Copetti112: checks 
AlexVV40: bets $0.10
Copetti112: calls $0.10
*** TURN *** [Ts 6s 5c] [5s]
Copetti112: checks 
AlexVV40: bets $0.10
Copetti112: raises $2.23 to $2.33 and is all-in
AlexVV40: folds 
Uncalled bet ($2.23) returned to Copetti112
Copetti112 collected $0.52 from pot
Copetti112: doesn't show hand 
*** SUMMARY ***
Total pot $0.54 | Rake $0.02 
Board [Ts 6s 5c 5s]
Seat 1: tiolucius folded before Flop (didn't bet)
Seat 2: AlexVV40 folded on the Turn
Seat 3: MB-hard folded before Flop (didn't bet)
Seat 5: zagtrovao folded before Flop (didn't bet)
Seat 6: blueheron1508 (button) folded before Flop (didn't bet)
Seat 7: Copetti112 (small blind) collected ($0.52)
Seat 8: Luks_Jr (big blind) folded before Flop
Seat 9: Dorex2007 folded before Flop (didn't bet)



PokerStars Hand #224921430931:  Hold'em No Limit ($0.01/$0.02 USD) - 2021/03/17 19:20:20 PT [2021/03/17 22:20:20 ET]
Table 'Riema V' 9-max Seat #7 is the button
Seat 1: tiolucius ($3.38 in chips) 
Seat 2: AlexVV40 ($0.77 in chips) 
Seat 3: MB-hard ($2.06 in chips) 
Seat 5: zagtrovao ($2.25 in chips) 
Seat 6: blueheron1508 ($0.77 in chips) 
Seat 7: Copetti112 ($2.75 in chips) 
Seat 8: Luks_Jr ($1.82 in chips) 
Seat 9: Dorex2007 ($1.48 in chips) 
Luks_Jr: posts small blind $0.01
Dorex2007: posts big blind $0.02
*** HOLE CARDS ***
Dealt to Dorex2007 [Jh Js]
tiolucius: folds 
AlexVV40: folds 
MB-hard: folds 
zagtrovao: folds 
blueheron1508: folds 
Copetti112: folds 
Luks_Jr: folds 
Uncalled bet ($0.01) returned to Dorex2007
Dorex2007 collected $0.02 from pot
Dorex2007: doesn't show hand 
*** SUMMARY ***
Total pot $0.02 | Rake $0 
Seat 1: tiolucius folded before Flop (didn't bet)
Seat 2: AlexVV40 folded before Flop (didn't bet)
Seat 3: MB-hard folded before Flop (didn't bet)
Seat 5: zagtrovao folded before Flop (didn't bet)
Seat 6: blueheron1508 folded before Flop (didn't bet)
Seat 7: Copetti112 (button) folded before Flop (didn't bet)
Seat 8: Luks_Jr (small blind) folded before Flop
Seat 9: Dorex2007 (big blind) collected ($0.02)



PokerStars Hand #224921437084:  Hold'em No Limit ($0.01/$0.02 USD) - 2021/03/17 19:20:41 PT [2021/03/17 22:20:41 ET]
Table 'Riema V' 9-max Seat #8 is the button
Seat 1: tiolucius ($3.38 in chips) 
Seat 2: AlexVV40 ($0.77 in chips) 
Seat 3: MB-hard ($2.06 in chips) 
Seat 5: zagtrovao ($2.25 in chips) 
Seat 6: blueheron1508 ($0.77 in chips) 
Seat 7: Copetti112 ($2.75 in chips) 
Seat 8: Luks_Jr ($1.81 in chips) 
Seat 9: Dorex2007 ($1.49 in chips) 
Dorex2007: posts small blind $0.01
tiolucius: posts big blind $0.02
*** HOLE CARDS ***
Dealt to Dorex2007 [9h 5s]
AlexVV40: raises $0.04 to $0.06
MB-hard: folds 
zagtrovao: calls $0.06
blueheron1508: folds 
Copetti112: folds 
Luks_Jr: folds 
Dorex2007: folds 
tiolucius: calls $0.04
*** FLOP *** [7c Ah 7h]
tiolucius: checks 
AlexVV40: bets $0.06
zagtrovao: raises $0.13 to $0.19
tiolucius: folds 
AlexVV40: calls $0.13
*** TURN *** [7c Ah 7h] [2h]
AlexVV40: bets $0.18
zagtrovao: raises $0.81 to $0.99
AlexVV40: folds 
Uncalled bet ($0.81) returned to zagtrovao
zagtrovao collected $0.90 from pot
zagtrovao: doesn't show hand 
*** SUMMARY ***
Total pot $0.93 | Rake $0.03 
Board [7c Ah 7h 2h]
Seat 1: tiolucius (big blind) folded on the Flop
Seat 2: AlexVV40 folded on the Turn
Seat 3: MB-hard folded before Flop (didn't bet)
Seat 5: zagtrovao collected ($0.90)
Seat 6: blueheron1508 folded before Flop (didn't bet)
Seat 7: Copetti112 folded before Flop (didn't bet)
Seat 8: Luks_Jr (button) folded before Flop (didn't bet)
Seat 9: Dorex2007 (small blind) folded before Flop



PokerStars Hand #224921462916:  Hold'em No Limit ($0.01/$0.02 USD) - 2021/03/17 19:21:41 PT [2021/03/17 22:21:41 ET]
Table 'Riema V' 9-max Seat #9 is the button
Seat 1: tiolucius ($3.32 in chips) 
Seat 2: AlexVV40 ($0.34 in chips) 
Seat 3: MB-hard ($2.06 in chips) 
Seat 5: zagtrovao ($2.72 in chips) 
Seat 6: blueheron1508 ($0.77 in chips) 
Seat 7: Copetti112 ($2.75 in chips) 
Seat 8: Luks_Jr ($1.81 in chips) 
Seat 9: Dorex2007 ($1.48 in chips) 
tiolucius: posts small blind $0.01
AlexVV40: posts big blind $0.02
*** HOLE CARDS ***
Dealt to Dorex2007 [9d Qh]
MB-hard: folds 
zagtrovao: folds 
blueheron1508: folds 
Copetti112: raises $0.04 to $0.06
Luks_Jr: folds 
Dorex2007: folds 
tiolucius: folds 
AlexVV40: folds 
Uncalled bet ($0.04) returned to Copetti112
Copetti112 collected $0.05 from pot
Copetti112: doesn't show hand 
*** SUMMARY ***
Total pot $0.05 | Rake $0 
Seat 1: tiolucius (small blind) folded before Flop
Seat 2: AlexVV40 (big blind) folded before Flop
Seat 3: MB-hard folded before Flop (didn't bet)
Seat 5: zagtrovao folded before Flop (didn't bet)
Seat 6: blueheron1508 folded before Flop (didn't bet)
Seat 7: Copetti112 collected ($0.05)
Seat 8: Luks_Jr folded before Flop (didn't bet)
Seat 9: Dorex2007 (button) folded before Flop (didn't bet)



PokerStars Hand #224921480191:  Hold'em No Limit ($0.01/$0.02 USD) - 2021/03/17 19:22:05 PT [2021/03/17 22:22:05 ET]
Table 'Riema V' 9-max Seat #1 is the button
Seat 1: tiolucius ($3.31 in chips) 
Seat 2: AlexVV40 ($0.32 in chips) 
Seat 3: MB-hard ($2.06 in chips) 
Seat 5: zagtrovao ($2.72 in chips) 
Seat 6: blueheron1508 ($0.77 in chips) 
Seat 7: Copetti112 ($2.78 in chips) 
Seat 8: Luks_Jr ($1.81 in chips) 
Seat 9: Dorex2007 ($1.48 in chips) 
AlexVV40: posts small blind $0.01
MB-hard: posts big blind $0.02
*** HOLE CARDS ***
Dealt to Dorex2007 [2c 7d]
zagtrovao: raises $0.02 to $0.04
blueheron1508: folds 
Copetti112: folds 
Luks_Jr: folds 
Dorex2007: folds 
tiolucius: raises $0.02 to $0.06
AlexVV40: folds 
MB-hard: folds 
zagtrovao: calls $0.02
*** FLOP *** [9d 2s Ac]
zagtrovao: checks 
tiolucius: bets $0.12
zagtrovao: folds 
Uncalled bet ($0.12) returned to tiolucius
tiolucius collected $0.14 from pot
tiolucius: doesn't show hand 
*** SUMMARY ***
Total pot $0.15 | Rake $0.01 
Board [9d 2s Ac]
Seat 1: tiolucius (button) collected ($0.14)
Seat 2: AlexVV40 (small blind) folded before Flop
Seat 3: MB-hard (big blind) folded before Flop
Seat 5: zagtrovao folded on the Flop
Seat 6: blueheron1508 folded before Flop (didn't bet)
Seat 7: Copetti112 folded before Flop (didn't bet)
Seat 8: Luks_Jr folded before Flop (didn't bet)
Seat 9: Dorex2007 folded before Flop (didn't bet)



PokerStars Hand #224921491550:  Hold'em No Limit ($0.01/$0.02 USD) - 2021/03/17 19:22:43 PT [2021/03/17 22:22:43 ET]
Table 'Riema V' 9-max Seat #2 is the button
Seat 1: tiolucius ($3.39 in chips) 
Seat 2: AlexVV40 ($0.31 in chips) 
Seat 3: MB-hard ($2.04 in chips) 
Seat 5: zagtrovao ($2.66 in chips) 
Seat 6: blueheron1508 ($0.77 in chips) 
Seat 7: Copetti112 ($2.78 in chips) 
Seat 8: Luks_Jr ($1.81 in chips) 
Seat 9: Dorex2007 ($1.48 in chips) 
MB-hard: posts small blind $0.01
zagtrovao: posts big blind $0.02
*** HOLE CARDS ***
Dealt to Dorex2007 [3c 6s]
blueheron1508: folds 
Copetti112: raises $0.04 to $0.06
Luks_Jr: folds 
Dorex2007: folds 
tiolucius: folds 
AlexVV40: folds 
MB-hard: folds 
zagtrovao: calls $0.04
*** FLOP *** [Jh 7c Kd]
zagtrovao: checks 
Copetti112: bets $0.02
zagtrovao: calls $0.02
*** TURN *** [Jh 7c Kd] [5d]
zagtrovao: checks 
Copetti112: checks 
*** RIVER *** [Jh 7c Kd 5d] [Ac]
zagtrovao: checks 
Copetti112: bets $0.16
zagtrovao: folds 
Uncalled bet ($0.16) returned to Copetti112
Copetti112 collected $0.16 from pot
Copetti112: doesn't show hand 
*** SUMMARY ***
Total pot $0.17 | Rake $0.01 
Board [Jh 7c Kd 5d Ac]
Seat 1: tiolucius folded before Flop (didn't bet)
Seat 2: AlexVV40 (button) folded before Flop (didn't bet)
Seat 3: MB-hard (small blind) folded before Flop
Seat 5: zagtrovao (big blind) folded on the River
Seat 6: blueheron1508 folded before Flop (didn't bet)
Seat 7: Copetti112 collected ($0.16)
Seat 8: Luks_Jr folded before Flop (didn't bet)
Seat 9: Dorex2007 folded before Flop (didn't bet)



PokerStars Hand #224921506218:  Hold'em No Limit ($0.01/$0.02 USD) - 2021/03/17 19:23:32 PT [2021/03/17 22:23:32 ET]
Table 'Riema V' 9-max Seat #3 is the button
Seat 1: tiolucius ($3.39 in chips) 
Seat 2: AlexVV40 ($0.31 in chips) 
Seat 3: MB-hard ($2.03 in chips) 
Seat 5: zagtrovao ($2.58 in chips) 
Seat 6: blueheron1508 ($0.77 in chips) 
Seat 7: Copetti112 ($2.86 in chips) 
Seat 8: Luks_Jr ($1.81 in chips) 
Seat 9: Dorex2007 ($1.48 in chips) 
zagtrovao: posts small blind $0.01
blueheron1508: posts big blind $0.02
*** HOLE CARDS ***
Dealt to Dorex2007 [8c Ac]
Copetti112: folds 
Luks_Jr: folds 
Dorex2007: raises $0.04 to $0.06
tiolucius: folds 
AlexVV40: folds 
MB-hard: calls $0.06
zagtrovao: folds 
blueheron1508: calls $0.04
*** FLOP *** [4h 8h 9c]
blueheron1508: checks 
Dorex2007: bets $0.18
MB-hard: folds 
blueheron1508: calls $0.18
*** TURN *** [4h 8h 9c] [4c]
blueheron1508: checks 
Dorex2007: bets $0.27
blueheron1508: raises $0.26 to $0.53 and is all-in
Dorex2007: calls $0.26
*** RIVER *** [4h 8h 9c 4c] [3h]
*** SHOW DOWN ***
blueheron1508: shows [Qh Qd] (two pair, Queens and Fours)
Dorex2007: shows [8c Ac] (two pair, Eights and Fours)
blueheron1508 collected $1.55 from pot
*** SUMMARY ***
Total pot $1.61 | Rake $0.06 
Board [4h 8h 9c 4c 3h]
Seat 1: tiolucius folded before Flop (didn't bet)
Seat 2: AlexVV40 folded before Flop (didn't bet)
Seat 3: MB-hard (button) folded on the Flop
Seat 5: zagtrovao (small blind) folded before Flop
Seat 6: blueheron1508 (big blind) showed [Qh Qd] and won ($1.55) with two pair, Queens and Fours
Seat 7: Copetti112 folded before Flop (didn't bet)
Seat 8: Luks_Jr folded before Flop (didn't bet)
Seat 9: Dorex2007 showed [8c Ac] and lost with two pair, Eights and Fours



PokerStars Hand #224921521336:  Hold'em No Limit ($0.01/$0.02 USD) - 2021/03/17 19:24:23 PT [2021/03/17 22:24:23 ET]
Table 'Riema V' 9-max Seat #5 is the button
Seat 1: tiolucius ($3.39 in chips) 
Seat 2: AlexVV40 ($0.31 in chips) 
Seat 3: MB-hard ($1.97 in chips) 
Seat 5: zagtrovao ($2.57 in chips) 
Seat 6: blueheron1508 ($1.55 in chips) 
Seat 7: Copetti112 ($2.86 in chips) 
Seat 8: Luks_Jr ($1.81 in chips) 
Seat 9: Dorex2007 ($0.71 in chips) 
blueheron1508: posts small blind $0.01
Copetti112: posts big blind $0.02
*** HOLE CARDS ***
Dealt to Dorex2007 [6d 9h]
Luks_Jr: folds 
Dorex2007: folds 
tiolucius: folds 
AlexVV40: raises $0.29 to $0.31 and is all-in
MB-hard: folds 
zagtrovao: folds 
blueheron1508: folds 
Copetti112: calls $0.29
*** FLOP *** [Td Th 5h]
*** TURN *** [Td Th 5h] [Tc]
*** RIVER *** [Td Th 5h Tc] [8c]
*** SHOW DOWN ***
Copetti112: shows [Jd Jh] (a full house, Tens full of Jacks)
AlexVV40: shows [Ad Ks] (three of a kind, Tens)
AlexVV40 cashed out the hand for $0.26
Copetti112 cashed out the hand for $0.35
*** SUMMARY ***
Total pot $0.63 | Rake $0.02 
Board [Td Th 5h Tc 8c]
Seat 1: tiolucius folded before Flop (didn't bet)
Seat 2: AlexVV40 showed [Ad Ks] and lost with three of a kind, Tens (cashed out).
Seat 3: MB-hard folded before Flop (didn't bet)
Seat 5: zagtrovao (button) folded before Flop (didn't bet)
Seat 6: blueheron1508 (small blind) folded before Flop
Seat 7: Copetti112 (big blind) showed [Jd Jh] and won ($0.61) with a full house, Tens full of Jacks (pot not awarded as player cashed out)
Seat 8: Luks_Jr folded before Flop (didn't bet)
Seat 9: Dorex2007 folded before Flop (didn't bet)



PokerStars Hand #224921531190:  Hold'em No Limit ($0.01/$0.02 USD) - 2021/03/17 19:24:56 PT [2021/03/17 22:24:56 ET]
Table 'Riema V' 9-max Seat #6 is the button
Seat 1: tiolucius ($3.39 in chips) 
Seat 2: AlexVV40 ($0.26 in chips) 
Seat 3: MB-hard ($1.97 in chips) 
Seat 5: zagtrovao ($2.57 in chips) 
Seat 6: blueheron1508 ($1.54 in chips) 
Seat 7: Copetti112 ($2.90 in chips) 
Seat 8: Luks_Jr ($1.81 in chips) 
Seat 9: Dorex2007 ($1.51 in chips) 
Copetti112: posts small blind $0.01
Luks_Jr: posts big blind $0.02
*** HOLE CARDS ***
Dealt to Dorex2007 [As Ac]
Dorex2007: raises $0.04 to $0.06
tiolucius: folds 
AlexVV40: folds 
MB-hard has timed out
MB-hard: folds 
zagtrovao: folds 
blueheron1508: folds 
Copetti112: calls $0.05
Luks_Jr: calls $0.04
*** FLOP *** [7c 4h 9s]
Copetti112: checks 
Luks_Jr: checks 
Dorex2007: checks 
*** TURN *** [7c 4h 9s] [Jh]
Copetti112: checks 
Luks_Jr: bets $0.08
Dorex2007: calls $0.08
Copetti112: folds 
*** RIVER *** [7c 4h 9s Jh] [4c]
Luks_Jr: checks 
Dorex2007: checks 
blueheron1508 leaves the table
*** SHOW DOWN ***
Luks_Jr: shows [Js Qs] (two pair, Jacks and Fours)
Dorex2007: shows [As Ac] (two pair, Aces and Fours)
Dorex2007 collected $0.33 from pot
*** SUMMARY ***
Total pot $0.34 | Rake $0.01 
Board [7c 4h 9s Jh 4c]
Seat 1: tiolucius folded before Flop (didn't bet)
Seat 2: AlexVV40 folded before Flop (didn't bet)
Seat 3: MB-hard folded before Flop (didn't bet)
Seat 5: zagtrovao folded before Flop (didn't bet)
Seat 6: blueheron1508 (button) folded before Flop (didn't bet)
Seat 7: Copetti112 (small blind) folded on the Turn
Seat 8: Luks_Jr (big blind) showed [Js Qs] and lost with two pair, Jacks and Fours
Seat 9: Dorex2007 showed [As Ac] and won ($0.33) with two pair, Aces and Fours



PokerStars Hand #224921553362:  Hold'em No Limit ($0.01/$0.02 USD) - 2021/03/17 19:26:11 PT [2021/03/17 22:26:11 ET]
Table 'Riema V' 9-max Seat #7 is the button
Seat 1: tiolucius ($3.39 in chips) 
Seat 2: AlexVV40 ($0.26 in chips) 
Seat 3: MB-hard ($1.97 in chips) 
Seat 5: zagtrovao ($2.57 in chips) 
Seat 7: Copetti112 ($2.84 in chips) 
Seat 8: Luks_Jr ($1.67 in chips) 
Seat 9: Dorex2007 ($1.70 in chips) 
Luks_Jr: posts small blind $0.01
Dorex2007: posts big blind $0.02
*** HOLE CARDS ***
Dealt to Dorex2007 [As 8d]
tiolucius: folds 
AlexVV40: folds 
MB-hard: folds 
zagtrovao: folds 
Uncle3000 joins the table at seat #6 
Copetti112: calls $0.02
Luks_Jr: folds 
Dorex2007: checks 
*** FLOP *** [Kh Qd 5d]
Dorex2007: checks 
Copetti112: checks 
*** TURN *** [Kh Qd 5d] [3d]
Dorex2007: checks 
Copetti112: checks 
*** RIVER *** [Kh Qd 5d 3d] [Jh]
Dorex2007: checks 
Copetti112: bets $0.02
Dorex2007: folds 
Uncalled bet ($0.02) returned to Copetti112
Copetti112 collected $0.05 from pot
*** SUMMARY ***
Total pot $0.05 | Rake $0 
Board [Kh Qd 5d 3d Jh]
Seat 1: tiolucius folded before Flop (didn't bet)
Seat 2: AlexVV40 folded before Flop (didn't bet)
Seat 3: MB-hard folded before Flop (didn't bet)
Seat 5: zagtrovao folded before Flop (didn't bet)
Seat 7: Copetti112 (button) collected ($0.05)
Seat 8: Luks_Jr (small blind) folded before Flop
Seat 9: Dorex2007 (big blind) folded on the River



PokerStars Hand #224921567887:  Hold'em No Limit ($0.01/$0.02 USD) - 2021/03/17 19:27:01 PT [2021/03/17 22:27:01 ET]
Table 'Riema V' 9-max Seat #8 is the button
Seat 1: tiolucius ($3.39 in chips) 
Seat 2: AlexVV40 ($0.26 in chips) 
Seat 3: MB-hard ($1.97 in chips) 
Seat 5: zagtrovao ($2.57 in chips) 
Seat 6: Uncle3000 ($2 in chips) 
Seat 7: Copetti112 ($2.87 in chips) 
Seat 8: Luks_Jr ($1.66 in chips) 
Seat 9: Dorex2007 ($1.68 in chips) 
Dorex2007: posts small blind $0.01
tiolucius: posts big blind $0.02
tomashovka55: sits out 
Uncle3000: posts big blind $0.02
*** HOLE CARDS ***
Dealt to Dorex2007 [3s Jh]
AlexVV40: folds 
MB-hard: raises $0.04 to $0.06
zagtrovao: calls $0.06
Uncle3000: folds 
Copetti112: folds 
Luks_Jr: folds 
Dorex2007: folds 
tiolucius: calls $0.04
*** FLOP *** [Qd Kd 2h]
tiolucius: checks 
MB-hard: checks 
zagtrovao: checks 
*** TURN *** [Qd Kd 2h] [6h]
tiolucius: checks 
MB-hard: bets $0.12
zagtrovao: calls $0.12
tiolucius: folds 
*** RIVER *** [Qd Kd 2h 6h] [6s]
MB-hard: bets $0.17
zagtrovao: folds 
Uncalled bet ($0.17) returned to MB-hard
MB-hard collected $0.43 from pot
MB-hard: doesn't show hand 
*** SUMMARY ***
Total pot $0.45 | Rake $0.02 
Board [Qd Kd 2h 6h 6s]
Seat 1: tiolucius (big blind) folded on the Turn
Seat 2: AlexVV40 folded before Flop (didn't bet)
Seat 3: MB-hard collected ($0.43)
Seat 5: zagtrovao folded on the River
Seat 6: Uncle3000 folded before Flop (didn't bet)
Seat 7: Copetti112 folded before Flop (didn't bet)
Seat 8: Luks_Jr (button) folded before Flop (didn't bet)
Seat 9: Dorex2007 (small blind) folded before Flop



PokerStars Hand #224921578889:  Hold'em No Limit ($0.01/$0.02 USD) - 2021/03/17 19:27:39 PT [2021/03/17 22:27:39 ET]
Table 'Riema V' 9-max Seat #9 is the button
Seat 1: tiolucius ($3.33 in chips) 
Seat 2: AlexVV40 ($0.26 in chips) 
Seat 3: MB-hard ($2.22 in chips) 
Seat 5: zagtrovao ($2.39 in chips) 
Seat 6: Uncle3000 ($1.98 in chips) 
Seat 7: Copetti112 ($2.87 in chips) 
Seat 8: Luks_Jr ($1.66 in chips) 
Seat 9: Dorex2007 ($1.67 in chips) 
tiolucius: posts small blind $0.01
AlexVV40: posts big blind $0.02
tomashovka55: sits out 
*** HOLE CARDS ***
Dealt to Dorex2007 [Ad 9d]
MB-hard: folds 
zagtrovao: folds 
Uncle3000: folds 
Copetti112: folds 
Luks_Jr: folds 
Dorex2007: raises $0.04 to $0.06
tiolucius: folds 
AlexVV40: calls $0.04
*** FLOP *** [5s 4c Td]
AlexVV40: checks 
Dorex2007: bets $0.20
AlexVV40: folds 
Uncalled bet ($0.20) returned to Dorex2007
Dorex2007 collected $0.13 from pot
Dorex2007: doesn't show hand 
*** SUMMARY ***
Total pot $0.13 | Rake $0 
Board [5s 4c Td]
Seat 1: tiolucius (small blind) folded before Flop
Seat 2: AlexVV40 (big blind) folded on the Flop
Seat 3: MB-hard folded before Flop (didn't bet)
Seat 5: zagtrovao folded before Flop (didn't bet)
Seat 6: Uncle3000 folded before Flop (didn't bet)
Seat 7: Copetti112 folded before Flop (didn't bet)
Seat 8: Luks_Jr folded before Flop (didn't bet)
Seat 9: Dorex2007 (button) collected ($0.13)



PokerStars Hand #224921588542:  Hold'em No Limit ($0.01/$0.02 USD) - 2021/03/17 19:28:13 PT [2021/03/17 22:28:13 ET]
Table 'Riema V' 9-max Seat #1 is the button
Seat 1: tiolucius ($3.32 in chips) 
Seat 2: AlexVV40 ($0.20 in chips) 
Seat 3: MB-hard ($2.22 in chips) 
Seat 5: zagtrovao ($2.39 in chips) 
Seat 6: Uncle3000 ($1.98 in chips) 
Seat 7: Copetti112 ($2.87 in chips) 
Seat 8: Luks_Jr ($1.66 in chips) 
Seat 9: Dorex2007 ($1.74 in chips) 
AlexVV40: posts small blind $0.01
MB-hard: posts big blind $0.02
tomashovka55: sits out 
*** HOLE CARDS ***
Dealt to Dorex2007 [9s 7c]
zagtrovao: folds 
Uncle3000: folds 
Copetti112: calls $0.02
Luks_Jr: folds 
Dorex2007: folds 
tiolucius: folds 
AlexVV40: calls $0.01
MB-hard: checks 
*** FLOP *** [8s Kd Qs]
AlexVV40: checks 
MB-hard: checks 
Copetti112: bets $0.06
AlexVV40: folds 
MB-hard: folds 
Uncalled bet ($0.06) returned to Copetti112
Copetti112 collected $0.06 from pot
Copetti112: doesn't show hand 
*** SUMMARY ***
Total pot $0.06 | Rake $0 
Board [8s Kd Qs]
Seat 1: tiolucius (button) folded before Flop (didn't bet)
Seat 2: AlexVV40 (small blind) folded on the Flop
Seat 3: MB-hard (big blind) folded on the Flop
Seat 5: zagtrovao folded before Flop (didn't bet)
Seat 6: Uncle3000 folded before Flop (didn't bet)
Seat 7: Copetti112 collected ($0.06)
Seat 8: Luks_Jr folded before Flop (didn't bet)
Seat 9: Dorex2007 folded before Flop (didn't bet)



PokerStars Hand #224921608249:  Hold'em No Limit ($0.01/$0.02 USD) - 2021/03/17 19:29:21 PT [2021/03/17 22:29:21 ET]
Table 'Riema V' 9-max Seat #2 is the button
Seat 1: tiolucius ($3.32 in chips) 
Seat 2: AlexVV40 ($0.18 in chips) 
Seat 3: MB-hard ($2.20 in chips) 
Seat 4: tomashovka55 ($2 in chips) 
Seat 5: zagtrovao ($2.39 in chips) 
Seat 6: Uncle3000 ($1.98 in chips) 
Seat 7: Copetti112 ($2.91 in chips) 
Seat 8: Luks_Jr ($1.66 in chips) 
Seat 9: Dorex2007 ($1.74 in chips) 
MB-hard: posts small blind $0.01
tomashovka55: posts big blind $0.02
*** HOLE CARDS ***
Dealt to Dorex2007 [8d 9s]
zagtrovao: folds 
Uncle3000: calls $0.02
Copetti112: folds 
Luks_Jr: folds 
Dorex2007: folds 
tiolucius: calls $0.02
AlexVV40: folds 
MB-hard: folds 
tomashovka55: checks 
*** FLOP *** [5s 7c 7s]
tomashovka55: checks 
Uncle3000: bets $0.02
tiolucius: folds 
tomashovka55: calls $0.02
*** TURN *** [5s 7c 7s] [2c]
tomashovka55: checks 
Uncle3000: bets $0.11
tomashovka55: raises $0.29 to $0.40
Uncle3000: folds 
Uncalled bet ($0.29) returned to tomashovka55
tomashovka55 collected $0.32 from pot
*** SUMMARY ***
Total pot $0.33 | Rake $0.01 
Board [5s 7c 7s 2c]
Seat 1: tiolucius folded on the Flop
Seat 2: AlexVV40 (button) folded before Flop (didn't bet)
Seat 3: MB-hard (small blind) folded before Flop
Seat 4: tomashovka55 (big blind) collected ($0.32)
Seat 5: zagtrovao folded before Flop (didn't bet)
Seat 6: Uncle3000 folded on the Turn
Seat 7: Copetti112 folded before Flop (didn't bet)
Seat 8: Luks_Jr folded before Flop (didn't bet)
Seat 9: Dorex2007 folded before Flop (didn't bet)



PokerStars Hand #224921631594:  Hold'em No Limit ($0.01/$0.02 USD) - 2021/03/17 19:30:40 PT [2021/03/17 22:30:40 ET]
Table 'Riema V' 9-max Seat #3 is the button
Seat 1: tiolucius ($3.30 in chips) 
Seat 2: AlexVV40 ($0.18 in chips) 
Seat 3: MB-hard ($2.19 in chips) 
Seat 4: tomashovka55 ($2.17 in chips) 
Seat 5: zagtrovao ($2.39 in chips) 
Seat 6: Uncle3000 ($1.83 in chips) 
Seat 7: Copetti112 ($2.91 in chips) 
Seat 8: Luks_Jr ($1.66 in chips) 
Seat 9: Dorex2007 ($1.74 in chips) 
tomashovka55: posts small blind $0.01
zagtrovao: posts big blind $0.02
*** HOLE CARDS ***
Dealt to Dorex2007 [Kc Td]
Uncle3000: folds 
Copetti112: folds 
Luks_Jr: folds 
Dorex2007: folds 
tiolucius: folds 
AlexVV40: folds 
MB-hard: folds 
tomashovka55: calls $0.01
zagtrovao: checks 
*** FLOP *** [Kd 5d Tc]
tomashovka55: checks 
zagtrovao: checks 
*** TURN *** [Kd 5d Tc] [8c]
tomashovka55: checks 
zagtrovao: checks 
*** RIVER *** [Kd 5d Tc 8c] [As]
tomashovka55: checks 
zagtrovao: checks 
*** SHOW DOWN ***
tomashovka55: shows [Js 4s] (high card Ace)
zagtrovao: mucks hand 
tomashovka55 collected $0.04 from pot
*** SUMMARY ***
Total pot $0.04 | Rake $0 
Board [Kd 5d Tc 8c As]
Seat 1: tiolucius folded before Flop (didn't bet)
Seat 2: AlexVV40 folded before Flop (didn't bet)
Seat 3: MB-hard (button) folded before Flop (didn't bet)
Seat 4: tomashovka55 (small blind) showed [Js 4s] and won ($0.04) with high card Ace
Seat 5: zagtrovao (big blind) mucked [6h 9d]
Seat 6: Uncle3000 folded before Flop (didn't bet)
Seat 7: Copetti112 folded before Flop (didn't bet)
Seat 8: Luks_Jr folded before Flop (didn't bet)
Seat 9: Dorex2007 folded before Flop (didn't bet)



PokerStars Hand #224921644275:  Hold'em No Limit ($0.01/$0.02 USD) - 2021/03/17 19:31:23 PT [2021/03/17 22:31:23 ET]
Table 'Riema V' 9-max Seat #4 is the button
Seat 1: tiolucius ($3.30 in chips) 
Seat 2: AlexVV40 ($0.18 in chips) 
Seat 3: MB-hard ($2.19 in chips) 
Seat 4: tomashovka55 ($2.19 in chips) 
Seat 5: zagtrovao ($2.37 in chips) 
Seat 6: Uncle3000 ($1.83 in chips) 
Seat 7: Copetti112 ($2.91 in chips) 
Seat 8: Luks_Jr ($1.66 in chips) 
Seat 9: Dorex2007 ($1.74 in chips) 
zagtrovao: posts small blind $0.01
Uncle3000: posts big blind $0.02
*** HOLE CARDS ***
Dealt to Dorex2007 [9c Jc]
Copetti112: folds 
Luks_Jr: folds 
Dorex2007: raises $0.04 to $0.06
tiolucius: folds 
AlexVV40: folds 
MB-hard: folds 
tomashovka55: folds 
zagtrovao: folds 
Uncle3000: calls $0.04
*** FLOP *** [Td 7c 6s]
Uncle3000: checks 
Dorex2007: checks 
*** TURN *** [Td 7c 6s] [6d]
Uncle3000: checks 
Dorex2007: checks 
*** RIVER *** [Td 7c 6s 6d] [5d]
Uncle3000: bets $0.13
Dorex2007: folds 
Uncalled bet ($0.13) returned to Uncle3000
Uncle3000 collected $0.13 from pot
Uncle3000: doesn't show hand 
*** SUMMARY ***
Total pot $0.13 | Rake $0 
Board [Td 7c 6s 6d 5d]
Seat 1: tiolucius folded before Flop (didn't bet)
Seat 2: AlexVV40 folded before Flop (didn't bet)
Seat 3: MB-hard folded before Flop (didn't bet)
Seat 4: tomashovka55 (button) folded before Flop (didn't bet)
Seat 5: zagtrovao (small blind) folded before Flop
Seat 6: Uncle3000 (big blind) collected ($0.13)
Seat 7: Copetti112 folded before Flop (didn't bet)
Seat 8: Luks_Jr folded before Flop (didn't bet)
Seat 9: Dorex2007 folded on the River



PokerStars Hand #224921658848:  Hold'em No Limit ($0.01/$0.02 USD) - 2021/03/17 19:32:13 PT [2021/03/17 22:32:13 ET]
Table 'Riema V' 9-max Seat #5 is the button
Seat 1: tiolucius ($3.30 in chips) 
Seat 2: AlexVV40 ($0.18 in chips) 
Seat 3: MB-hard ($2.19 in chips) 
Seat 4: tomashovka55 ($2.19 in chips) 
Seat 5: zagtrovao ($2.36 in chips) 
Seat 6: Uncle3000 ($1.90 in chips) 
Seat 7: Copetti112 ($2.91 in chips) 
Seat 8: Luks_Jr ($1.66 in chips) 
Seat 9: Dorex2007 ($1.68 in chips) 
Uncle3000: posts small blind $0.01
Copetti112: posts big blind $0.02
*** HOLE CARDS ***
Dealt to Dorex2007 [9c 8d]
Luks_Jr: folds 
Dorex2007: folds 
tiolucius: folds 
AlexVV40: folds 
MB-hard: folds 
tomashovka55: folds 
zagtrovao: raises $0.02 to $0.04
Uncle3000: calls $0.03
Copetti112: calls $0.02
*** FLOP *** [6h Kc Qh]
Uncle3000: checks 
Copetti112: checks 
zagtrovao: bets $0.05
Uncle3000: calls $0.05
Copetti112: folds 
*** TURN *** [6h Kc Qh] [Tc]
Uncle3000: checks 
zagtrovao: checks 
*** RIVER *** [6h Kc Qh Tc] [Jc]
Uncle3000: checks 
zagtrovao: checks 
*** SHOW DOWN ***
Uncle3000: shows [Jh Qs] (two pair, Queens and Jacks)
zagtrovao: mucks hand 
Uncle3000 collected $0.21 from pot
*** SUMMARY ***
Total pot $0.22 | Rake $0.01 
Board [6h Kc Qh Tc Jc]
Seat 1: tiolucius folded before Flop (didn't bet)
Seat 2: AlexVV40 folded before Flop (didn't bet)
Seat 3: MB-hard folded before Flop (didn't bet)
Seat 4: tomashovka55 folded before Flop (didn't bet)
Seat 5: zagtrovao (button) mucked [Js Ts]
Seat 6: Uncle3000 (small blind) showed [Jh Qs] and won ($0.21) with two pair, Queens and Jacks
Seat 7: Copetti112 (big blind) folded on the Flop
Seat 8: Luks_Jr folded before Flop (didn't bet)
Seat 9: Dorex2007 folded before Flop (didn't bet)



PokerStars Hand #224921672321:  Hold'em No Limit ($0.01/$0.02 USD) - 2021/03/17 19:33:00 PT [2021/03/17 22:33:00 ET]
Table 'Riema V' 9-max Seat #6 is the button
Seat 1: tiolucius ($3.30 in chips) 
Seat 2: AlexVV40 ($0.18 in chips) 
Seat 3: MB-hard ($2.19 in chips) 
Seat 4: tomashovka55 ($2.19 in chips) 
Seat 5: zagtrovao ($2.27 in chips) 
Seat 6: Uncle3000 ($2.02 in chips) 
Seat 7: Copetti112 ($2.87 in chips) 
Seat 8: Luks_Jr ($1.66 in chips) 
Seat 9: Dorex2007 ($1.68 in chips) 
Copetti112: posts small blind $0.01
Luks_Jr: posts big blind $0.02
*** HOLE CARDS ***
Dealt to Dorex2007 [8h Js]
Dorex2007: folds 
tiolucius: folds 
AlexVV40: folds 
MB-hard: folds 
tomashovka55: folds 
zagtrovao: raises $0.02 to $0.04
Uncle3000: calls $0.04
Copetti112: calls $0.03
Luks_Jr: folds 
*** FLOP *** [7s Td 3h]
Copetti112: bets $0.18
zagtrovao: folds 
Uncle3000: folds 
Uncalled bet ($0.18) returned to Copetti112
Copetti112 collected $0.14 from pot
Copetti112: doesn't show hand 
*** SUMMARY ***
Total pot $0.14 | Rake $0 
Board [7s Td 3h]
Seat 1: tiolucius folded before Flop (didn't bet)
Seat 2: AlexVV40 folded before Flop (didn't bet)
Seat 3: MB-hard folded before Flop (didn't bet)
Seat 4: tomashovka55 folded before Flop (didn't bet)
Seat 5: zagtrovao folded on the Flop
Seat 6: Uncle3000 (button) folded on the Flop
Seat 7: Copetti112 (small blind) collected ($0.14)
Seat 8: Luks_Jr (big blind) folded before Flop
Seat 9: Dorex2007 folded before Flop (didn't bet)



PokerStars Hand #224921686571:  Hold'em No Limit ($0.01/$0.02 USD) - 2021/03/17 19:33:50 PT [2021/03/17 22:33:50 ET]
Table 'Riema V' 9-max Seat #7 is the button
Seat 1: tiolucius ($3.30 in chips) 
Seat 2: AlexVV40 ($0.18 in chips) 
Seat 3: MB-hard ($2.19 in chips) 
Seat 4: tomashovka55 ($2.19 in chips) 
Seat 5: zagtrovao ($2.23 in chips) 
Seat 6: Uncle3000 ($1.98 in chips) 
Seat 7: Copetti112 ($2.97 in chips) 
Seat 8: Luks_Jr ($1.64 in chips) 
Seat 9: Dorex2007 ($1.68 in chips) 
Luks_Jr: posts small blind $0.01
Dorex2007: posts big blind $0.02
*** HOLE CARDS ***
Dealt to Dorex2007 [Jh 3c]
tiolucius: folds 
AlexVV40: folds 
MB-hard: folds 
tomashovka55: raises $0.04 to $0.06
zagtrovao: folds 
Uncle3000: folds 
Copetti112: folds 
Copetti112 leaves the table
Luks_Jr: calls $0.05
Dorex2007: folds 
*** FLOP *** [6c 3s Qd]
Luks_Jr: checks 
tomashovka55: bets $0.07
Luks_Jr: calls $0.07
*** TURN *** [6c 3s Qd] [5s]
Luks_Jr: checks 
tomashovka55: bets $0.13
Luks_Jr: folds 
Uncalled bet ($0.13) returned to tomashovka55
tomashovka55 collected $0.27 from pot
tomashovka55: doesn't show hand 
*** SUMMARY ***
Total pot $0.28 | Rake $0.01 
Board [6c 3s Qd 5s]
Seat 1: tiolucius folded before Flop (didn't bet)
Seat 2: AlexVV40 folded before Flop (didn't bet)
Seat 3: MB-hard folded before Flop (didn't bet)
Seat 4: tomashovka55 collected ($0.27)
Seat 5: zagtrovao folded before Flop (didn't bet)
Seat 6: Uncle3000 folded before Flop (didn't bet)
Seat 7: Copetti112 (button) folded before Flop (didn't bet)
Seat 8: Luks_Jr (small blind) folded on the Turn
Seat 9: Dorex2007 (big blind) folded before Flop



PokerStars Hand #224921696615:  Hold'em No Limit ($0.01/$0.02 USD) - 2021/03/17 19:34:24 PT [2021/03/17 22:34:24 ET]
Table 'Riema V' 9-max Seat #8 is the button
Seat 1: tiolucius ($3.30 in chips) 
Seat 2: AlexVV40 ($0.18 in chips) 
Seat 3: MB-hard ($2.19 in chips) 
Seat 4: tomashovka55 ($2.33 in chips) 
Seat 5: zagtrovao ($2.23 in chips) 
Seat 6: Uncle3000 ($1.98 in chips) 
Seat 8: Luks_Jr ($1.51 in chips) 
Seat 9: Dorex2007 ($1.66 in chips) 
Dorex2007: posts small blind $0.01
tiolucius: posts big blind $0.02
*** HOLE CARDS ***
Dealt to Dorex2007 [6d As]
AlexVV40: folds 
MB-hard: raises $0.04 to $0.06
tomashovka55: folds 
zagtrovao: calls $0.06
Uncle3000: folds 
Luks_Jr: folds 
Dorex2007: folds 
tiolucius: calls $0.04
*** FLOP *** [Js 6c 9s]
tiolucius: checks 
MB-hard: bets $0.14
kiklopomo joins the table at seat #7 
zagtrovao: calls $0.14
tiolucius: folds 
*** TURN *** [Js 6c 9s] [7h]
MB-hard: bets $0.27
zagtrovao: calls $0.27
*** RIVER *** [Js 6c 9s 7h] [Ts]
MB-hard: checks 
zagtrovao: bets $0.75
MB-hard: folds 
Uncalled bet ($0.75) returned to zagtrovao
zagtrovao collected $0.97 from pot
zagtrovao: doesn't show hand 
*** SUMMARY ***
Total pot $1.01 | Rake $0.04 
Board [Js 6c 9s 7h Ts]
Seat 1: tiolucius (big blind) folded on the Flop
Seat 2: AlexVV40 folded before Flop (didn't bet)
Seat 3: MB-hard folded on the River
Seat 4: tomashovka55 folded before Flop (didn't bet)
Seat 5: zagtrovao collected ($0.97)
Seat 6: Uncle3000 folded before Flop (didn't bet)
Seat 8: Luks_Jr (button) folded before Flop (didn't bet)
Seat 9: Dorex2007 (small blind) folded before Flop



PokerStars Hand #224921718612:  Hold'em No Limit ($0.01/$0.02 USD) - 2021/03/17 19:35:30 PT [2021/03/17 22:35:30 ET]
Table 'Riema V' 9-max Seat #9 is the button
Seat 1: tiolucius ($3.24 in chips) 
Seat 2: AlexVV40 ($0.18 in chips) 
Seat 3: MB-hard ($2 in chips) 
Seat 4: tomashovka55 ($2.33 in chips) 
Seat 5: zagtrovao ($2.73 in chips) 
Seat 6: Uncle3000 ($1.98 in chips) 
Seat 8: Luks_Jr ($1.51 in chips) 
Seat 9: Dorex2007 ($1.65 in chips) 
tiolucius: posts small blind $0.01
AlexVV40: posts big blind $0.02
kiklopomo: sits out 
*** HOLE CARDS ***
Dealt to Dorex2007 [Ac Jc]
MB-hard: folds 
tomashovka55: raises $0.04 to $0.06
zagtrovao: folds 
Uncle3000: folds 
Luks_Jr: calls $0.06
MB-hard leaves the table
Dorex2007: calls $0.06
tiolucius: folds 
AlexVV40: folds 
*** FLOP *** [7h Td 3d]
tomashovka55: bets $0.12
Luks_Jr: folds 
Dorex2007: folds 
Uncalled bet ($0.12) returned to tomashovka55
tomashovka55 collected $0.20 from pot
tomashovka55: doesn't show hand 
*** SUMMARY ***
Total pot $0.21 | Rake $0.01 
Board [7h Td 3d]
Seat 1: tiolucius (small blind) folded before Flop
Seat 2: AlexVV40 (big blind) folded before Flop
Seat 3: MB-hard folded before Flop (didn't bet)
Seat 4: tomashovka55 collected ($0.20)
Seat 5: zagtrovao folded before Flop (didn't bet)
Seat 6: Uncle3000 folded before Flop (didn't bet)
Seat 8: Luks_Jr folded on the Flop
Seat 9: Dorex2007 (button) folded on the Flop



PokerStars Hand #224921729123:  Hold'em No Limit ($0.01/$0.02 USD) - 2021/03/17 19:36:07 PT [2021/03/17 22:36:07 ET]
Table 'Riema V' 9-max Seat #1 is the button
Seat 1: tiolucius ($3.23 in chips) 
Seat 2: AlexVV40 ($0.16 in chips) 
Seat 4: tomashovka55 ($2.47 in chips) 
Seat 5: zagtrovao ($2.73 in chips) 
Seat 6: Uncle3000 ($1.98 in chips) 
Seat 8: Luks_Jr ($1.45 in chips) 
Seat 9: Dorex2007 ($1.59 in chips) 
AlexVV40: posts small blind $0.01
tomashovka55: posts big blind $0.02
kiklopomo: sits out 
*** HOLE CARDS ***
Dealt to Dorex2007 [Qd 9h]
zagtrovao: raises $0.04 to $0.06
Uncle3000: folds 
Luks_Jr: folds 
Dorex2007: folds 
tiolucius: folds 
AlexVV40: folds 
tomashovka55: folds 
Uncalled bet ($0.04) returned to zagtrovao
zagtrovao collected $0.05 from pot
zagtrovao: doesn't show hand 
*** SUMMARY ***
Total pot $0.05 | Rake $0 
Seat 1: tiolucius (button) folded before Flop (didn't bet)
Seat 2: AlexVV40 (small blind) folded before Flop
Seat 4: tomashovka55 (big blind) folded before Flop
Seat 5: zagtrovao collected ($0.05)
Seat 6: Uncle3000 folded before Flop (didn't bet)
Seat 8: Luks_Jr folded before Flop (didn't bet)
Seat 9: Dorex2007 folded before Flop (didn't bet)



PokerStars Hand #224921732743:  Hold'em No Limit ($0.01/$0.02 USD) - 2021/03/17 19:36:19 PT [2021/03/17 22:36:19 ET]
Table 'Riema V' 9-max Seat #2 is the button
Seat 1: tiolucius ($3.23 in chips) 
Seat 2: AlexVV40 ($0.15 in chips) 
Seat 4: tomashovka55 ($2.45 in chips) 
Seat 5: zagtrovao ($2.76 in chips) 
Seat 6: Uncle3000 ($1.98 in chips) 
Seat 8: Luks_Jr ($1.45 in chips) 
Seat 9: Dorex2007 ($1.59 in chips) 
tomashovka55: posts small blind $0.01
zagtrovao: posts big blind $0.02
kiklopomo: sits out 
*** HOLE CARDS ***
Dealt to Dorex2007 [Kd 6d]
Uncle3000: raises $0.04 to $0.06
Luks_Jr: folds 
Dorex2007: folds 
tiolucius: folds 
AlexVV40: folds 
tomashovka55: folds 
zagtrovao: folds 
Uncalled bet ($0.04) returned to Uncle3000
Uncle3000 collected $0.05 from pot
Uncle3000: doesn't show hand 
*** SUMMARY ***
Total pot $0.05 | Rake $0 
Seat 1: tiolucius folded before Flop (didn't bet)
Seat 2: AlexVV40 (button) folded before Flop (didn't bet)
Seat 4: tomashovka55 (small blind) folded before Flop
Seat 5: zagtrovao (big blind) folded before Flop
Seat 6: Uncle3000 collected ($0.05)
Seat 8: Luks_Jr folded before Flop (didn't bet)
Seat 9: Dorex2007 folded before Flop (didn't bet)



PokerStars Hand #224921736264:  Hold'em No Limit ($0.01/$0.02 USD) - 2021/03/17 19:36:32 PT [2021/03/17 22:36:32 ET]
Table 'Riema V' 9-max Seat #4 is the button
Seat 1: tiolucius ($3.23 in chips) 
Seat 2: AlexVV40 ($0.15 in chips) 
Seat 4: tomashovka55 ($2.44 in chips) 
Seat 5: zagtrovao ($2.74 in chips) 
Seat 6: Uncle3000 ($2.01 in chips) 
Seat 8: Luks_Jr ($1.45 in chips) 
Seat 9: Dorex2007 ($1.59 in chips) 
zagtrovao: posts small blind $0.01
Uncle3000: posts big blind $0.02
kiklopomo: sits out 
*** HOLE CARDS ***
Dealt to Dorex2007 [4c 4s]
Luks_Jr: raises $0.04 to $0.06
Dorex2007: folds 
tiolucius: calls $0.06
AlexVV40: folds 
tomashovka55: folds 
zagtrovao: folds 
Uncle3000: folds 
*** FLOP *** [Kh 8s Td]
CoSMoGoL -9- joins the table at seat #3 
Luks_Jr: checks 
tiolucius: bets $0.06
Luks_Jr: calls $0.06
*** TURN *** [Kh 8s Td] [9d]
Luks_Jr: checks 
tiolucius: checks 
*** RIVER *** [Kh 8s Td 9d] [8h]
Luks_Jr: checks 
tiolucius: checks 
*** SHOW DOWN ***
Luks_Jr: shows [Jd Ad] (a pair of Eights)
tiolucius: shows [Js Ah] (a pair of Eights)
Luks_Jr collected $0.13 from pot
tiolucius collected $0.13 from pot
*** SUMMARY ***
Total pot $0.27 | Rake $0.01 
Board [Kh 8s Td 9d 8h]
Seat 1: tiolucius showed [Js Ah] and won ($0.13) with a pair of Eights
Seat 2: AlexVV40 folded before Flop (didn't bet)
Seat 4: tomashovka55 (button) folded before Flop (didn't bet)
Seat 5: zagtrovao (small blind) folded before Flop
Seat 6: Uncle3000 (big blind) folded before Flop
Seat 8: Luks_Jr showed [Jd Ad] and won ($0.13) with a pair of Eights
Seat 9: Dorex2007 folded before Flop (didn't bet)



PokerStars Hand #224921749178:  Hold'em No Limit ($0.01/$0.02 USD) - 2021/03/17 19:37:17 PT [2021/03/17 22:37:17 ET]
Table 'Riema V' 9-max Seat #5 is the button
Seat 1: tiolucius ($3.24 in chips) 
Seat 2: AlexVV40 ($0.15 in chips) 
Seat 3: CoSMoGoL -9- ($0.80 in chips) 
Seat 4: tomashovka55 ($2.44 in chips) 
Seat 5: zagtrovao ($2.73 in chips) 
Seat 6: Uncle3000 ($1.99 in chips) 
Seat 7: kiklopomo ($2 in chips) 
Seat 8: Luks_Jr ($1.46 in chips) 
Seat 9: Dorex2007 ($1.59 in chips) 
Uncle3000: posts small blind $0.01
kiklopomo: posts big blind $0.02
CoSMoGoL -9-: posts big blind $0.02
*** HOLE CARDS ***
Dealt to Dorex2007 [4c 6c]
Luks_Jr: folds 
Dorex2007: folds 
tiolucius: folds 
AlexVV40: folds 
CoSMoGoL -9-: checks 
tomashovka55: folds 
zagtrovao: folds 
Uncle3000: calls $0.01
kiklopomo: checks 
*** FLOP *** [As 7c Jd]
Uncle3000: bets $0.02
kiklopomo: folds 
CoSMoGoL -9-: folds 
Uncalled bet ($0.02) returned to Uncle3000
Uncle3000 collected $0.06 from pot
Uncle3000: doesn't show hand 
*** SUMMARY ***
Total pot $0.06 | Rake $0 
Board [As 7c Jd]
Seat 1: tiolucius folded before Flop (didn't bet)
Seat 2: AlexVV40 folded before Flop (didn't bet)
Seat 3: CoSMoGoL -9- folded on the Flop (didn't bet)
Seat 4: tomashovka55 folded before Flop (didn't bet)
Seat 5: zagtrovao (button) folded before Flop (didn't bet)
Seat 6: Uncle3000 (small blind) collected ($0.06)
Seat 7: kiklopomo (big blind) folded on the Flop
Seat 8: Luks_Jr folded before Flop (didn't bet)
Seat 9: Dorex2007 folded before Flop (didn't bet)



PokerStars Hand #224921758916:  Hold'em No Limit ($0.01/$0.02 USD) - 2021/03/17 19:37:51 PT [2021/03/17 22:37:51 ET]
Table 'Riema V' 9-max Seat #6 is the button
Seat 1: tiolucius ($3.24 in chips) 
Seat 2: AlexVV40 ($0.15 in chips) 
Seat 3: CoSMoGoL -9- ($0.78 in chips) 
Seat 4: tomashovka55 ($2.44 in chips) 
Seat 5: zagtrovao ($2.73 in chips) 
Seat 6: Uncle3000 ($2.03 in chips) 
Seat 7: kiklopomo ($1.98 in chips) 
Seat 8: Luks_Jr ($1.46 in chips) 
Seat 9: Dorex2007 ($1.59 in chips) 
kiklopomo: posts small blind $0.01
Luks_Jr: posts big blind $0.02
*** HOLE CARDS ***
Dealt to Dorex2007 [Kh 2d]
Dorex2007: folds 
tiolucius: folds 
AlexVV40: folds 
CoSMoGoL -9-: folds 
tomashovka55: folds 
zagtrovao: folds 
Uncle3000: calls $0.02
kiklopomo: calls $0.01
Luks_Jr: checks 
*** FLOP *** [Qc 8h Jh]
kiklopomo: bets $0.04
Luks_Jr: folds 
Uncle3000: calls $0.04
*** TURN *** [Qc 8h Jh] [5h]
kiklopomo: checks 
Uncle3000: bets $0.14
kiklopomo: calls $0.14
*** RIVER *** [Qc 8h Jh 5h] [Js]
kiklopomo: checks 
Uncle3000: checks 
*** SHOW DOWN ***
kiklopomo: shows [2h Ah] (a flush, Ace high)
Uncle3000: mucks hand 
kiklopomo collected $0.41 from pot
*** SUMMARY ***
Total pot $0.42 | Rake $0.01 
Board [Qc 8h Jh 5h Js]
Seat 1: tiolucius folded before Flop (didn't bet)
Seat 2: AlexVV40 folded before Flop (didn't bet)
Seat 3: CoSMoGoL -9- folded before Flop (didn't bet)
Seat 4: tomashovka55 folded before Flop (didn't bet)
Seat 5: zagtrovao folded before Flop (didn't bet)
Seat 6: Uncle3000 (button) mucked [9s 9c]
Seat 7: kiklopomo (small blind) showed [2h Ah] and won ($0.41) with a flush, Ace high
Seat 8: Luks_Jr (big blind) folded on the Flop
Seat 9: Dorex2007 folded before Flop (didn't bet)



PokerStars Hand #224921780966:  Hold'em No Limit ($0.01/$0.02 USD) - 2021/03/17 19:39:09 PT [2021/03/17 22:39:09 ET]
Table 'Riema V' 9-max Seat #7 is the button
Seat 1: tiolucius ($3.24 in chips) 
Seat 2: AlexVV40 ($0.15 in chips) 
Seat 3: CoSMoGoL -9- ($0.78 in chips) 
Seat 4: tomashovka55 ($2.44 in chips) 
Seat 5: zagtrovao ($2.73 in chips) 
Seat 6: Uncle3000 ($1.83 in chips) 
Seat 7: kiklopomo ($2.19 in chips) 
Seat 8: Luks_Jr ($1.44 in chips) 
Seat 9: Dorex2007 ($1.59 in chips) 
Luks_Jr: posts small blind $0.01
Dorex2007: posts big blind $0.02
*** HOLE CARDS ***
Dealt to Dorex2007 [Td 9d]
tiolucius: calls $0.02
AlexVV40: folds 
CoSMoGoL -9-: folds 
tomashovka55: folds 
zagtrovao: folds 
Uncle3000: folds 
kiklopomo: folds 
Luks_Jr: calls $0.01
Dorex2007: checks 
*** FLOP *** [As 3d 8s]
Luks_Jr: checks 
Dorex2007: checks 
kiklopomo leaves the table
tiolucius: bets $0.06
Luks_Jr: folds 
Dorex2007: folds 
Uncalled bet ($0.06) returned to tiolucius
tiolucius collected $0.06 from pot
tiolucius: doesn't show hand 
*** SUMMARY ***
Total pot $0.06 | Rake $0 
Board [As 3d 8s]
Seat 1: tiolucius collected ($0.06)
Seat 2: AlexVV40 folded before Flop (didn't bet)
Seat 3: CoSMoGoL -9- folded before Flop (didn't bet)
Seat 4: tomashovka55 folded before Flop (didn't bet)
Seat 5: zagtrovao folded before Flop (didn't bet)
Seat 6: Uncle3000 folded before Flop (didn't bet)
Seat 7: kiklopomo (button) folded before Flop (didn't bet)
Seat 8: Luks_Jr (small blind) folded on the Flop
Seat 9: Dorex2007 (big blind) folded on the Flop



PokerStars Hand #224921791924:  Hold'em No Limit ($0.01/$0.02 USD) - 2021/03/17 19:39:47 PT [2021/03/17 22:39:47 ET]
Table 'Riema V' 9-max Seat #8 is the button
Seat 1: tiolucius ($3.28 in chips) 
Seat 2: AlexVV40 ($0.15 in chips) 
Seat 3: CoSMoGoL -9- ($0.78 in chips) 
Seat 4: tomashovka55 ($2.44 in chips) 
Seat 5: zagtrovao ($2.73 in chips) 
Seat 6: Uncle3000 ($1.83 in chips) 
Seat 8: Luks_Jr ($1.42 in chips) 
Seat 9: Dorex2007 ($1.57 in chips) 
Dorex2007: posts small blind $0.01
tiolucius: posts big blind $0.02
*** HOLE CARDS ***
Dealt to Dorex2007 [6c 3s]
AlexVV40: folds 
CoSMoGoL -9- has timed out
CoSMoGoL -9-: folds 
tomashovka55: folds 
Saulofter joins the table at seat #7 
zagtrovao: folds 
Uncle3000: calls $0.02
Luks_Jr: folds 
Dorex2007: folds 
tiolucius: checks 
*** FLOP *** [Ks 5d Qh]
tiolucius: checks 
Uncle3000: checks 
*** TURN *** [Ks 5d Qh] [8d]
tiolucius: checks 
Uncle3000: checks 
*** RIVER *** [Ks 5d Qh 8d] [4s]
Saulofter leaves the table
tiolucius: bets $0.05
Uncle3000: calls $0.05
*** SHOW DOWN ***
tiolucius: shows [6s 9c] (high card King)
Uncle3000: shows [Ac 4d] (a pair of Fours)
Uncle3000 collected $0.14 from pot
*** SUMMARY ***
Total pot $0.15 | Rake $0.01 
Board [Ks 5d Qh 8d 4s]
Seat 1: tiolucius (big blind) showed [6s 9c] and lost with high card King
Seat 2: AlexVV40 folded before Flop (didn't bet)
Seat 3: CoSMoGoL -9- folded before Flop (didn't bet)
Seat 4: tomashovka55 folded before Flop (didn't bet)
Seat 5: zagtrovao folded before Flop (didn't bet)
Seat 6: Uncle3000 showed [Ac 4d] and won ($0.14) with a pair of Fours
Seat 8: Luks_Jr (button) folded before Flop (didn't bet)
Seat 9: Dorex2007 (small blind) folded before Flop



PokerStars Hand #224921821798:  Hold'em No Limit ($0.01/$0.02 USD) - 2021/03/17 19:40:38 PT [2021/03/17 22:40:38 ET]
Table 'Riema V' 9-max Seat #9 is the button
Seat 1: tiolucius ($3.21 in chips) 
Seat 2: AlexVV40 ($0.15 in chips) 
Seat 3: CoSMoGoL -9- ($0.78 in chips) 
Seat 4: tomashovka55 ($2.44 in chips) 
Seat 5: zagtrovao ($2.73 in chips) 
Seat 6: Uncle3000 ($1.90 in chips) 
Seat 8: Luks_Jr ($1.42 in chips) 
Seat 9: Dorex2007 ($1.56 in chips) 
tiolucius: posts small blind $0.01
AlexVV40: posts big blind $0.02
*** HOLE CARDS ***
Dealt to Dorex2007 [6h Th]
CoSMoGoL -9-: calls $0.02
tomashovka55: folds 
zagtrovao: folds 
Uncle3000: calls $0.02
Luks_Jr: folds 
Dorex2007: folds 
tiolucius: calls $0.01
AlexVV40: checks 
*** FLOP *** [Ah 6s 5h]
tiolucius: checks 
AlexVV40: checks 
rvr808303 joins the table at seat #7 
CoSMoGoL -9-: checks 
Uncle3000: checks 
*** TURN *** [Ah 6s 5h] [3s]
tiolucius: bets $0.04
AlexVV40: folds 
CoSMoGoL -9-: folds 
Uncle3000: folds 
Uncalled bet ($0.04) returned to tiolucius
tiolucius collected $0.08 from pot
tiolucius: doesn't show hand 
*** SUMMARY ***
Total pot $0.08 | Rake $0 
Board [Ah 6s 5h 3s]
Seat 1: tiolucius (small blind) collected ($0.08)
Seat 2: AlexVV40 (big blind) folded on the Turn
Seat 3: CoSMoGoL -9- folded on the Turn
Seat 4: tomashovka55 folded before Flop (didn't bet)
Seat 5: zagtrovao folded before Flop (didn't bet)
Seat 6: Uncle3000 folded on the Turn
Seat 8: Luks_Jr folded before Flop (didn't bet)
Seat 9: Dorex2007 (button) folded before Flop (didn't bet)



PokerStars Hand #224921833121:  Hold'em No Limit ($0.01/$0.02 USD) - 2021/03/17 19:41:18 PT [2021/03/17 22:41:18 ET]
Table 'Riema V' 9-max Seat #1 is the button
Seat 1: tiolucius ($3.27 in chips) 
Seat 2: AlexVV40 ($0.13 in chips) 
Seat 3: CoSMoGoL -9- ($0.76 in chips) 
Seat 4: tomashovka55 ($2.44 in chips) 
Seat 5: zagtrovao ($2.73 in chips) 
Seat 6: Uncle3000 ($1.88 in chips) 
Seat 8: Luks_Jr ($1.42 in chips) 
Seat 9: Dorex2007 ($1.56 in chips) 
AlexVV40: posts small blind $0.01
CoSMoGoL -9-: posts big blind $0.02
rvr808303: sits out 
*** HOLE CARDS ***
Dealt to Dorex2007 [As Ah]
tomashovka55: folds 
zagtrovao: folds 
Uncle3000: calls $0.02
Luks_Jr: folds 
Dorex2007: raises $0.04 to $0.06
tiolucius: folds 
AlexVV40: folds 
CoSMoGoL -9-: calls $0.04
Uncle3000: calls $0.04
*** FLOP *** [2c 5c 7c]
CoSMoGoL -9-: checks 
Uncle3000: checks 
Dorex2007: bets $0.18
CoSMoGoL -9-: calls $0.18
Uncle3000: folds 
*** TURN *** [2c 5c 7c] [Td]
CoSMoGoL -9-: checks 
Dorex2007: checks 
*** RIVER *** [2c 5c 7c Td] [8c]
CoSMoGoL -9-: checks 
Dorex2007: checks 
*** SHOW DOWN ***
CoSMoGoL -9-: shows [Jc Tc] (a flush, Jack high)
Dorex2007: mucks hand 
CoSMoGoL -9- collected $0.53 from pot
*** SUMMARY ***
Total pot $0.55 | Rake $0.02 
Board [2c 5c 7c Td 8c]
Seat 1: tiolucius (button) folded before Flop (didn't bet)
Seat 2: AlexVV40 (small blind) folded before Flop
Seat 3: CoSMoGoL -9- (big blind) showed [Jc Tc] and won ($0.53) with a flush, Jack high
Seat 4: tomashovka55 folded before Flop (didn't bet)
Seat 5: zagtrovao folded before Flop (didn't bet)
Seat 6: Uncle3000 folded on the Flop
Seat 8: Luks_Jr folded before Flop (didn't bet)
Seat 9: Dorex2007 mucked [As Ah]



PokerStars Hand #224921846215:  Hold'em No Limit ($0.01/$0.02 USD) - 2021/03/17 19:42:05 PT [2021/03/17 22:42:05 ET]
Table 'Riema V' 9-max Seat #2 is the button
Seat 1: tiolucius ($3.27 in chips) 
Seat 2: AlexVV40 ($0.12 in chips) 
Seat 3: CoSMoGoL -9- ($1.05 in chips) 
Seat 4: tomashovka55 ($2.44 in chips) 
Seat 5: zagtrovao ($2.73 in chips) 
Seat 6: Uncle3000 ($1.82 in chips) 
Seat 8: Luks_Jr ($1.42 in chips) 
Seat 9: Dorex2007 ($1.32 in chips) 
CoSMoGoL -9-: posts small blind $0.01
tomashovka55: posts big blind $0.02
rvr808303: sits out 
*** HOLE CARDS ***
Dealt to Dorex2007 [4c 5s]
zagtrovao: folds 
Uncle3000: folds 
Luks_Jr: folds 
Dorex2007: folds 
tiolucius: folds 
AlexVV40: raises $0.10 to $0.12 and is all-in
CoSMoGoL -9-: calls $0.11
tomashovka55: folds 
*** FLOP *** [Th 3c 5h]
*** TURN *** [Th 3c 5h] [Tc]
*** RIVER *** [Th 3c 5h Tc] [Ad]
*** SHOW DOWN ***
CoSMoGoL -9-: shows [8d 8h] (two pair, Tens and Eights)
AlexVV40: shows [Js Ks] (a pair of Tens)
AlexVV40 cashed out the hand for $0.12
CoSMoGoL -9- cashed out the hand for $0.13
*** SUMMARY ***
Total pot $0.26 | Rake $0.01 
Board [Th 3c 5h Tc Ad]
Seat 1: tiolucius folded before Flop (didn't bet)
Seat 2: AlexVV40 (button) showed [Js Ks] and lost with a pair of Tens (cashed out).
Seat 3: CoSMoGoL -9- (small blind) showed [8d 8h] and won ($0.25) with two pair, Tens and Eights (pot not awarded as player cashed out)
Seat 4: tomashovka55 (big blind) folded before Flop
Seat 5: zagtrovao folded before Flop (didn't bet)
Seat 6: Uncle3000 folded before Flop (didn't bet)
Seat 8: Luks_Jr folded before Flop (didn't bet)
Seat 9: Dorex2007 folded before Flop (didn't bet)



PokerStars Hand #224921852996:  Hold'em No Limit ($0.01/$0.02 USD) - 2021/03/17 19:42:28 PT [2021/03/17 22:42:28 ET]
Table 'Riema V' 9-max Seat #3 is the button
Seat 1: tiolucius ($3.27 in chips) 
Seat 2: AlexVV40 ($0.12 in chips) 
Seat 3: CoSMoGoL -9- ($1.06 in chips) 
Seat 4: tomashovka55 ($2.42 in chips) 
Seat 5: zagtrovao ($2.73 in chips) 
Seat 6: Uncle3000 ($1.82 in chips) 
Seat 8: Luks_Jr ($1.42 in chips) 
Seat 9: Dorex2007 ($1.32 in chips) 
tomashovka55: posts small blind $0.01
zagtrovao: posts big blind $0.02
rvr808303: sits out 
*** HOLE CARDS ***
Dealt to Dorex2007 [As 3d]
Uncle3000: calls $0.02
Luks_Jr: folds 
Dorex2007 has timed out
Dorex2007: folds 
tiolucius: folds 
tiolucius leaves the table
AlexVV40: folds 
CoSMoGoL -9-: folds 
tomashovka55: folds 
zagtrovao: checks 
*** FLOP *** [4h Th Kd]
zagtrovao: checks 
Uncle3000: bets $0.05
zagtrovao: folds 
Uncalled bet ($0.05) returned to Uncle3000
Uncle3000 collected $0.05 from pot
Uncle3000: doesn't show hand 
*** SUMMARY ***
Total pot $0.05 | Rake $0 
Board [4h Th Kd]
Seat 1: tiolucius folded before Flop (didn't bet)
Seat 2: AlexVV40 folded before Flop (didn't bet)
Seat 3: CoSMoGoL -9- (button) folded before Flop (didn't bet)
Seat 4: tomashovka55 (small blind) folded before Flop
Seat 5: zagtrovao (big blind) folded on the Flop
Seat 6: Uncle3000 collected ($0.05)
Seat 8: Luks_Jr folded before Flop (didn't bet)
Seat 9: Dorex2007 folded before Flop (didn't bet)



PokerStars Hand #224921872040:  Hold'em No Limit ($0.01/$0.02 USD) - 2021/03/17 19:43:24 PT [2021/03/17 22:43:24 ET]
Table 'Riema V' 9-max Seat #5 is the button
Seat 2: AlexVV40 ($0.12 in chips) 
Seat 3: CoSMoGoL -9- ($1.06 in chips) 
Seat 4: tomashovka55 ($2.41 in chips) 
Seat 5: zagtrovao ($2.70 in chips) 
Seat 6: Uncle3000 ($1.86 in chips) 
Seat 7: rvr808303 ($1.60 in chips) 
Seat 8: Luks_Jr ($1.42 in chips) 
Seat 9: Dorex2007 ($1.32 in chips) 
Uncle3000: posts small blind $0.01
rvr808303: posts big blind $0.02
*** HOLE CARDS ***
Dealt to Dorex2007 [Jc 5d]
Luks_Jr: folds 
Dorex2007: folds 
AlexVV40: folds 
CoSMoGoL -9-: folds 
tomashovka55: folds 
zagtrovao: raises $0.02 to $0.04
Uncle3000: folds 
Paty Doll726 joins the table at seat #1 
rvr808303: folds 
Uncalled bet ($0.02) returned to zagtrovao
zagtrovao collected $0.05 from pot
zagtrovao: doesn't show hand 
*** SUMMARY ***
Total pot $0.05 | Rake $0 
Seat 2: AlexVV40 folded before Flop (didn't bet)
Seat 3: CoSMoGoL -9- folded before Flop (didn't bet)
Seat 4: tomashovka55 folded before Flop (didn't bet)
Seat 5: zagtrovao (button) collected ($0.05)
Seat 6: Uncle3000 (small blind) folded before Flop
Seat 7: rvr808303 (big blind) folded before Flop
Seat 8: Luks_Jr folded before Flop (didn't bet)
Seat 9: Dorex2007 folded before Flop (didn't bet)



PokerStars Hand #224921876841:  Hold'em No Limit ($0.01/$0.02 USD) - 2021/03/17 19:43:41 PT [2021/03/17 22:43:41 ET]
Table 'Riema V' 9-max Seat #6 is the button
Seat 2: AlexVV40 ($0.12 in chips) 
Seat 3: CoSMoGoL -9- ($1.06 in chips) 
Seat 4: tomashovka55 ($2.41 in chips) 
Seat 5: zagtrovao ($2.73 in chips) 
Seat 6: Uncle3000 ($1.85 in chips) 
Seat 7: rvr808303 ($1.58 in chips) 
Seat 8: Luks_Jr ($1.42 in chips) 
Seat 9: Dorex2007 ($1.32 in chips) 
rvr808303: posts small blind $0.01
Luks_Jr: posts big blind $0.02
Paty Doll726: sits out 
*** HOLE CARDS ***
Dealt to Dorex2007 [7s 3c]
Dorex2007: folds 
AlexVV40: folds 
CoSMoGoL -9-: folds 
tomashovka55: folds 
zagtrovao: folds 
Uncle3000: calls $0.02
rvr808303: raises $0.04 to $0.06
Luks_Jr: folds 
Uncle3000: calls $0.04
*** FLOP *** [5c 5s 9h]
rvr808303: bets $0.14
Uncle3000: folds 
Uncalled bet ($0.14) returned to rvr808303
rvr808303 collected $0.14 from pot
rvr808303: doesn't show hand 
*** SUMMARY ***
Total pot $0.14 | Rake $0 
Board [5c 5s 9h]
Seat 2: AlexVV40 folded before Flop (didn't bet)
Seat 3: CoSMoGoL -9- folded before Flop (didn't bet)
Seat 4: tomashovka55 folded before Flop (didn't bet)
Seat 5: zagtrovao folded before Flop (didn't bet)
Seat 6: Uncle3000 (button) folded on the Flop
Seat 7: rvr808303 (small blind) collected ($0.14)
Seat 8: Luks_Jr (big blind) folded before Flop
Seat 9: Dorex2007 folded before Flop (didn't bet)



PokerStars Hand #224921891855:  Hold'em No Limit ($0.01/$0.02 USD) - 2021/03/17 19:44:35 PT [2021/03/17 22:44:35 ET]
Table 'Riema V' 9-max Seat #7 is the button
Seat 2: AlexVV40 ($0.12 in chips) 
Seat 3: CoSMoGoL -9- ($1.06 in chips) 
Seat 4: tomashovka55 ($2.41 in chips) 
Seat 5: zagtrovao ($2.73 in chips) 
Seat 6: Uncle3000 ($1.79 in chips) 
Seat 7: rvr808303 ($1.66 in chips) 
Seat 8: Luks_Jr ($1.40 in chips) 
Seat 9: Dorex2007 ($1.32 in chips) 
Luks_Jr: posts small blind $0.01
Dorex2007: posts big blind $0.02
Paty Doll726: sits out 
*** HOLE CARDS ***
Dealt to Dorex2007 [Kd Th]
AlexVV40: folds 
CoSMoGoL -9- has timed out
CoSMoGoL -9-: folds 
tomashovka55: folds 
zagtrovao: folds 
Uncle3000: folds 
rvr808303: raises $0.04 to $0.06
Luks_Jr: folds 
Dorex2007: calls $0.04
*** FLOP *** [2d Ah 6d]
Dorex2007: checks 
rvr808303: bets $0.12
Dorex2007: raises $0.20 to $0.32
rvr808303: calls $0.20
*** TURN *** [2d Ah 6d] [Qc]
Dorex2007: checks 
rvr808303: checks 
*** RIVER *** [2d Ah 6d Qc] [7h]
Dorex2007: bets $0.49
rvr808303: folds 
Uncalled bet ($0.49) returned to Dorex2007
Dorex2007 collected $0.74 from pot
Dorex2007: doesn't show hand 
*** SUMMARY ***
Total pot $0.77 | Rake $0.03 
Board [2d Ah 6d Qc 7h]
Seat 2: AlexVV40 folded before Flop (didn't bet)
Seat 3: CoSMoGoL -9- folded before Flop (didn't bet)
Seat 4: tomashovka55 folded before Flop (didn't bet)
Seat 5: zagtrovao folded before Flop (didn't bet)
Seat 6: Uncle3000 folded before Flop (didn't bet)
Seat 7: rvr808303 (button) folded on the River
Seat 8: Luks_Jr (small blind) folded before Flop
Seat 9: Dorex2007 (big blind) collected ($0.74)



PokerStars Hand #224921909655:  Hold'em No Limit ($0.01/$0.02 USD) - 2021/03/17 19:45:39 PT [2021/03/17 22:45:39 ET]
Table 'Riema V' 9-max Seat #8 is the button
Seat 1: Paty Doll726 ($0.80 in chips) 
Seat 2: AlexVV40 ($0.12 in chips) 
Seat 3: CoSMoGoL -9- ($1.06 in chips) 
Seat 4: tomashovka55 ($2.41 in chips) 
Seat 5: zagtrovao ($2.73 in chips) 
Seat 6: Uncle3000 ($1.79 in chips) 
Seat 7: rvr808303 ($1.28 in chips) 
Seat 8: Luks_Jr ($1.39 in chips) 
Seat 9: Dorex2007 ($1.68 in chips) 
Dorex2007: posts small blind $0.01
Paty Doll726: posts big blind $0.02
*** HOLE CARDS ***
Dealt to Dorex2007 [Kd 7d]
AlexVV40: folds 
CoSMoGoL -9-: folds 
tomashovka55: folds 
zagtrovao: folds 
Uncle3000: calls $0.02
rvr808303: calls $0.02
Luks_Jr: folds 
Dorex2007: calls $0.01
Paty Doll726: checks 
*** FLOP *** [6s As Js]
Dorex2007: checks 
Paty Doll726: checks 
Uncle3000: checks 
rvr808303: bets $0.10
Dorex2007: folds 
Paty Doll726: folds 
Uncle3000: folds 
Uncalled bet ($0.10) returned to rvr808303
rvr808303 collected $0.08 from pot
rvr808303: doesn't show hand 
*** SUMMARY ***
Total pot $0.08 | Rake $0 
Board [6s As Js]
Seat 1: Paty Doll726 (big blind) folded on the Flop
Seat 2: AlexVV40 folded before Flop (didn't bet)
Seat 3: CoSMoGoL -9- folded before Flop (didn't bet)
Seat 4: tomashovka55 folded before Flop (didn't bet)
Seat 5: zagtrovao folded before Flop (didn't bet)
Seat 6: Uncle3000 folded on the Flop
Seat 7: rvr808303 collected ($0.08)
Seat 8: Luks_Jr (button) folded before Flop (didn't bet)
Seat 9: Dorex2007 (small blind) folded on the Flop



PokerStars Hand #224921920325:  Hold'em No Limit ($0.01/$0.02 USD) - 2021/03/17 19:46:18 PT [2021/03/17 22:46:18 ET]
Table 'Riema V' 9-max Seat #9 is the button
Seat 1: Paty Doll726 ($0.78 in chips) 
Seat 2: AlexVV40 ($0.12 in chips) 
Seat 3: CoSMoGoL -9- ($1.06 in chips) 
Seat 4: tomashovka55 ($2.41 in chips) 
Seat 5: zagtrovao ($2.73 in chips) 
Seat 6: Uncle3000 ($1.77 in chips) 
Seat 7: rvr808303 ($1.34 in chips) 
Seat 8: Luks_Jr ($1.39 in chips) 
Seat 9: Dorex2007 ($1.66 in chips) 
Paty Doll726: posts small blind $0.01
AlexVV40: posts big blind $0.02
*** HOLE CARDS ***
Dealt to Dorex2007 [Th 5h]
CoSMoGoL -9-: calls $0.02
tomashovka55: raises $0.06 to $0.08
zagtrovao: folds 
Uncle3000: folds 
rvr808303: calls $0.08
Luks_Jr: folds 
Dorex2007: folds 
Paty Doll726: folds 
AlexVV40: folds 
CoSMoGoL -9-: calls $0.06
*** FLOP *** [6c Ac 9d]
CoSMoGoL -9-: checks 
tomashovka55: bets $0.13
rvr808303: raises $0.25 to $0.38
CoSMoGoL -9-: folds 
tomashovka55: folds 
Uncalled bet ($0.25) returned to rvr808303
rvr808303 collected $0.51 from pot
rvr808303: doesn't show hand 
*** SUMMARY ***
Total pot $0.53 | Rake $0.02 
Board [6c Ac 9d]
Seat 1: Paty Doll726 (small blind) folded before Flop
Seat 2: AlexVV40 (big blind) folded before Flop
Seat 3: CoSMoGoL -9- folded on the Flop
Seat 4: tomashovka55 folded on the Flop
Seat 5: zagtrovao folded before Flop (didn't bet)
Seat 6: Uncle3000 folded before Flop (didn't bet)
Seat 7: rvr808303 collected ($0.51)
Seat 8: Luks_Jr folded before Flop (didn't bet)
Seat 9: Dorex2007 (button) folded before Flop (didn't bet)



PokerStars Hand #224921933205:  Hold'em No Limit ($0.01/$0.02 USD) - 2021/03/17 19:47:04 PT [2021/03/17 22:47:04 ET]
Table 'Riema V' 9-max Seat #1 is the button
Seat 1: Paty Doll726 ($0.77 in chips) 
Seat 2: AlexVV40 ($0.10 in chips) 
Seat 3: CoSMoGoL -9- ($0.98 in chips) 
Seat 4: tomashovka55 ($2.20 in chips) 
Seat 5: zagtrovao ($2.73 in chips) 
Seat 6: Uncle3000 ($1.77 in chips) 
Seat 7: rvr808303 ($1.64 in chips) 
Seat 8: Luks_Jr ($1.39 in chips) 
Seat 9: Dorex2007 ($1.66 in chips) 
AlexVV40: posts small blind $0.01
CoSMoGoL -9-: posts big blind $0.02
*** HOLE CARDS ***
Dealt to Dorex2007 [3s As]
tomashovka55: folds 
zagtrovao: raises $0.02 to $0.04
Uncle3000: folds 
rvr808303: raises $0.11 to $0.15
Luks_Jr: folds 
Dorex2007: folds 
Paty Doll726: folds 
AlexVV40: folds 
CoSMoGoL -9-: folds 
zagtrovao: calls $0.11
*** FLOP *** [3c 7d 9h]
zagtrovao: checks 
rvr808303: bets $0.32
zagtrovao: calls $0.32
*** TURN *** [3c 7d 9h] [Qs]
zagtrovao: checks 
rvr808303: checks 
*** RIVER *** [3c 7d 9h Qs] [7c]
zagtrovao: bets $0.84
rvr808303: folds 
Uncalled bet ($0.84) returned to zagtrovao
zagtrovao collected $0.94 from pot
zagtrovao: doesn't show hand 
*** SUMMARY ***
Total pot $0.97 | Rake $0.03 
Board [3c 7d 9h Qs 7c]
Seat 1: Paty Doll726 (button) folded before Flop (didn't bet)
Seat 2: AlexVV40 (small blind) folded before Flop
Seat 3: CoSMoGoL -9- (big blind) folded before Flop
Seat 4: tomashovka55 folded before Flop (didn't bet)
Seat 5: zagtrovao collected ($0.94)
Seat 6: Uncle3000 folded before Flop (didn't bet)
Seat 7: rvr808303 folded on the River
Seat 8: Luks_Jr folded before Flop (didn't bet)
Seat 9: Dorex2007 folded before Flop (didn't bet)



PokerStars Hand #224921955108:  Hold'em No Limit ($0.01/$0.02 USD) - 2021/03/17 19:48:25 PT [2021/03/17 22:48:25 ET]
Table 'Riema V' 9-max Seat #2 is the button
Seat 1: Paty Doll726 ($0.77 in chips) 
Seat 2: AlexVV40 ($0.09 in chips) 
Seat 3: CoSMoGoL -9- ($0.96 in chips) 
Seat 4: tomashovka55 ($2.20 in chips) 
Seat 5: zagtrovao ($3.20 in chips) 
Seat 6: Uncle3000 ($1.77 in chips) 
Seat 7: rvr808303 ($1.17 in chips) 
Seat 8: Luks_Jr ($1.39 in chips) 
Seat 9: Dorex2007 ($1.66 in chips) 
CoSMoGoL -9-: posts small blind $0.01
tomashovka55: posts big blind $0.02
*** HOLE CARDS ***
Dealt to Dorex2007 [9d Ks]
zagtrovao: raises $0.02 to $0.04
Uncle3000: raises $0.04 to $0.08
rvr808303: folds 
Luks_Jr: folds 
Dorex2007: folds 
Paty Doll726: folds 
AlexVV40: folds 
CoSMoGoL -9-: folds 
tomashovka55: folds 
zagtrovao: calls $0.04
*** FLOP *** [9h Qs As]
zagtrovao: checks 
Uncle3000: bets $0.18
zagtrovao: calls $0.18
*** TURN *** [9h Qs As] [5h]
zagtrovao: checks 
Uncle3000: bets $1.51 and is all-in
zagtrovao: calls $1.51
*** RIVER *** [9h Qs As 5h] [6d]
*** SHOW DOWN ***
zagtrovao: shows [Ah Js] (a pair of Aces)
Uncle3000: shows [Qd Qh] (three of a kind, Queens)
Uncle3000 collected $3.45 from pot
*** SUMMARY ***
Total pot $3.57 | Rake $0.12 
Board [9h Qs As 5h 6d]
Seat 1: Paty Doll726 folded before Flop (didn't bet)
Seat 2: AlexVV40 (button) folded before Flop (didn't bet)
Seat 3: CoSMoGoL -9- (small blind) folded before Flop
Seat 4: tomashovka55 (big blind) folded before Flop
Seat 5: zagtrovao showed [Ah Js] and lost with a pair of Aces
Seat 6: Uncle3000 showed [Qd Qh] and won ($3.45) with three of a kind, Queens
Seat 7: rvr808303 folded before Flop (didn't bet)
Seat 8: Luks_Jr folded before Flop (didn't bet)
Seat 9: Dorex2007 folded before Flop (didn't bet)



PokerStars Hand #224921969634:  Hold'em No Limit ($0.01/$0.02 USD) - 2021/03/17 19:49:20 PT [2021/03/17 22:49:20 ET]
Table 'Riema V' 9-max Seat #3 is the button
Seat 1: Paty Doll726 ($0.77 in chips) 
Seat 2: AlexVV40 ($0.09 in chips) 
Seat 3: CoSMoGoL -9- ($0.95 in chips) 
Seat 4: tomashovka55 ($2.18 in chips) 
Seat 5: zagtrovao ($1.43 in chips) 
Seat 6: Uncle3000 ($3.45 in chips) 
Seat 7: rvr808303 ($1.17 in chips) 
Seat 8: Luks_Jr ($1.39 in chips) 
Seat 9: Dorex2007 ($1.66 in chips) 
tomashovka55: posts small blind $0.01
zagtrovao: posts big blind $0.02
*** HOLE CARDS ***
Dealt to Dorex2007 [Qd Td]
Uncle3000: folds 
rvr808303: calls $0.02
Luks_Jr: folds 
Dorex2007: folds 
Paty Doll726: folds 
AlexVV40: folds 
CoSMoGoL -9-: folds 
tomashovka55: calls $0.01
zagtrovao: checks 
*** FLOP *** [4h 6h Jc]
tomashovka55: checks 
zagtrovao: checks 
rvr808303: checks 
*** TURN *** [4h 6h Jc] [3d]
tomashovka55: bets $0.09
zagtrovao: folds 
rvr808303: folds 
Uncalled bet ($0.09) returned to tomashovka55
tomashovka55 collected $0.06 from pot
tomashovka55: doesn't show hand 
*** SUMMARY ***
Total pot $0.06 | Rake $0 
Board [4h 6h Jc 3d]
Seat 1: Paty Doll726 folded before Flop (didn't bet)
Seat 2: AlexVV40 folded before Flop (didn't bet)
Seat 3: CoSMoGoL -9- (button) folded before Flop (didn't bet)
Seat 4: tomashovka55 (small blind) collected ($0.06)
Seat 5: zagtrovao (big blind) folded on the Turn
Seat 6: Uncle3000 folded before Flop (didn't bet)
Seat 7: rvr808303 folded on the Turn
Seat 8: Luks_Jr folded before Flop (didn't bet)
Seat 9: Dorex2007 folded before Flop (didn't bet)



PokerStars Hand #224921983794:  Hold'em No Limit ($0.01/$0.02 USD) - 2021/03/17 19:49:57 PT [2021/03/17 22:49:57 ET]
Table 'Riema V' 9-max Seat #4 is the button
Seat 1: Paty Doll726 ($0.77 in chips) 
Seat 2: AlexVV40 ($0.09 in chips) 
Seat 3: CoSMoGoL -9- ($0.95 in chips) 
Seat 4: tomashovka55 ($2.22 in chips) 
Seat 5: zagtrovao ($1.41 in chips) 
Seat 6: Uncle3000 ($3.45 in chips) 
Seat 7: rvr808303 ($1.15 in chips) 
Seat 8: Luks_Jr ($1.39 in chips) 
Seat 9: Dorex2007 ($1.66 in chips) 
zagtrovao: posts small blind $0.01
Uncle3000: posts big blind $0.02
*** HOLE CARDS ***
Dealt to Dorex2007 [5c 3d]
rvr808303: calls $0.02
Luks_Jr: folds 
Dorex2007: folds 
Paty Doll726: calls $0.02
AlexVV40: folds 
CoSMoGoL -9-: folds 
tomashovka55: folds 
zagtrovao: calls $0.01
Uncle3000: checks 
*** FLOP *** [Jc As 5s]
zagtrovao: checks 
Uncle3000: bets $0.08
rvr808303: raises $0.12 to $0.20
Paty Doll726: folds 
zagtrovao: folds 
Uncle3000: folds 
Uncalled bet ($0.12) returned to rvr808303
rvr808303 collected $0.23 from pot
rvr808303: doesn't show hand 
*** SUMMARY ***
Total pot $0.24 | Rake $0.01 
Board [Jc As 5s]
Seat 1: Paty Doll726 folded on the Flop
Seat 2: AlexVV40 folded before Flop (didn't bet)
Seat 3: CoSMoGoL -9- folded before Flop (didn't bet)
Seat 4: tomashovka55 (button) folded before Flop (didn't bet)
Seat 5: zagtrovao (small blind) folded on the Flop
Seat 6: Uncle3000 (big blind) folded on the Flop
Seat 7: rvr808303 collected ($0.23)
Seat 8: Luks_Jr folded before Flop (didn't bet)
Seat 9: Dorex2007 folded before Flop (didn't bet)



PokerStars Hand #224921997637:  Hold'em No Limit ($0.01/$0.02 USD) - 2021/03/17 19:50:48 PT [2021/03/17 22:50:48 ET]
Table 'Riema V' 9-max Seat #5 is the button
Seat 1: Paty Doll726 ($0.75 in chips) 
Seat 2: AlexVV40 ($0.09 in chips) 
Seat 3: CoSMoGoL -9- ($0.95 in chips) 
Seat 4: tomashovka55 ($2.22 in chips) 
Seat 5: zagtrovao ($1.98 in chips) 
Seat 6: Uncle3000 ($3.35 in chips) 
Seat 7: rvr808303 ($1.28 in chips) 
Seat 8: Luks_Jr ($1.39 in chips) 
Seat 9: Dorex2007 ($1.66 in chips) 
Uncle3000: posts small blind $0.01
rvr808303: posts big blind $0.02
*** HOLE CARDS ***
Dealt to Dorex2007 [9c 3s]
Luks_Jr: folds 
Dorex2007: folds 
Paty Doll726: calls $0.02
AlexVV40: folds 
CoSMoGoL -9-: folds 
tomashovka55: folds 
zagtrovao: calls $0.02
Uncle3000: folds 
rvr808303: checks 
*** FLOP *** [5h As 2d]
rvr808303: bets $0.04
Paty Doll726: calls $0.04
zagtrovao: folds 
*** TURN *** [5h As 2d] [4s]
rvr808303: bets $0.14
Paty Doll726: folds 
Uncalled bet ($0.14) returned to rvr808303
rvr808303 collected $0.14 from pot
rvr808303: doesn't show hand 
*** SUMMARY ***
Total pot $0.15 | Rake $0.01 
Board [5h As 2d 4s]
Seat 1: Paty Doll726 folded on the Turn
Seat 2: AlexVV40 folded before Flop (didn't bet)
Seat 3: CoSMoGoL -9- folded before Flop (didn't bet)
Seat 4: tomashovka55 folded before Flop (didn't bet)
Seat 5: zagtrovao (button) folded on the Flop
Seat 6: Uncle3000 (small blind) folded before Flop
Seat 7: rvr808303 (big blind) collected ($0.14)
Seat 8: Luks_Jr folded before Flop (didn't bet)
Seat 9: Dorex2007 folded before Flop (didn't bet)



PokerStars Hand #224922010404:  Hold'em No Limit ($0.01/$0.02 USD) - 2021/03/17 19:51:35 PT [2021/03/17 22:51:35 ET]
Table 'Riema V' 9-max Seat #6 is the button
Seat 1: Paty Doll726 ($0.69 in chips) 
Seat 2: AlexVV40 ($0.09 in chips) 
Seat 3: CoSMoGoL -9- ($0.95 in chips) 
Seat 4: tomashovka55 ($2.22 in chips) 
Seat 5: zagtrovao ($1.96 in chips) 
Seat 6: Uncle3000 ($3.34 in chips) 
Seat 7: rvr808303 ($1.36 in chips) 
Seat 8: Luks_Jr ($1.39 in chips) 
Seat 9: Dorex2007 ($1.66 in chips) 
rvr808303: posts small blind $0.01
Luks_Jr: posts big blind $0.02
*** HOLE CARDS ***
Dealt to Dorex2007 [8s Js]
Dorex2007: folds 
Paty Doll726: folds 
AlexVV40: folds 
CoSMoGoL -9-: folds 
tomashovka55: folds 
zagtrovao: folds 
Uncle3000: calls $0.02
rvr808303: calls $0.01
Luks_Jr: checks 
*** FLOP *** [Td 8d Ah]
rvr808303: bets $0.10
Luks_Jr: calls $0.10
Uncle3000: folds 
*** TURN *** [Td 8d Ah] [4c]
rvr808303: bets $0.02
Luks_Jr: calls $0.02
*** RIVER *** [Td 8d Ah 4c] [3h]
rvr808303: bets $0.28
Luks_Jr: folds 
Uncalled bet ($0.28) returned to rvr808303
rvr808303 collected $0.29 from pot
rvr808303: doesn't show hand 
*** SUMMARY ***
Total pot $0.30 | Rake $0.01 
Board [Td 8d Ah 4c 3h]
Seat 1: Paty Doll726 folded before Flop (didn't bet)
Seat 2: AlexVV40 folded before Flop (didn't bet)
Seat 3: CoSMoGoL -9- folded before Flop (didn't bet)
Seat 4: tomashovka55 folded before Flop (didn't bet)
Seat 5: zagtrovao folded before Flop (didn't bet)
Seat 6: Uncle3000 (button) folded on the Flop
Seat 7: rvr808303 (small blind) collected ($0.29)
Seat 8: Luks_Jr (big blind) folded on the River
Seat 9: Dorex2007 folded before Flop (didn't bet)



PokerStars Hand #224922022091:  Hold'em No Limit ($0.01/$0.02 USD) - 2021/03/17 19:52:18 PT [2021/03/17 22:52:18 ET]
Table 'Riema V' 9-max Seat #7 is the button
Seat 1: Paty Doll726 ($0.69 in chips) 
Seat 2: AlexVV40 ($0.09 in chips) 
Seat 3: CoSMoGoL -9- ($0.95 in chips) 
Seat 4: tomashovka55 ($2.22 in chips) 
Seat 5: zagtrovao ($1.96 in chips) 
Seat 6: Uncle3000 ($3.32 in chips) 
Seat 7: rvr808303 ($1.51 in chips) 
Seat 8: Luks_Jr ($1.25 in chips) 
Seat 9: Dorex2007 ($1.66 in chips) 
Luks_Jr: posts small blind $0.01
Dorex2007: posts big blind $0.02
*** HOLE CARDS ***
Dealt to Dorex2007 [3s Jh]
Paty Doll726: folds 
AlexVV40: folds 
CoSMoGoL -9-: folds 
tomashovka55: folds 
zagtrovao: folds 
Uncle3000: folds 
Uncle3000 leaves the table
rvr808303: raises $0.04 to $0.06
Luks_Jr: folds 
Dorex2007: folds 
Uncalled bet ($0.04) returned to rvr808303
rvr808303 collected $0.05 from pot
rvr808303: doesn't show hand 
Luks_Jr leaves the table
*** SUMMARY ***
Total pot $0.05 | Rake $0 
Seat 1: Paty Doll726 folded before Flop (didn't bet)
Seat 2: AlexVV40 folded before Flop (didn't bet)
Seat 3: CoSMoGoL -9- folded before Flop (didn't bet)
Seat 4: tomashovka55 folded before Flop (didn't bet)
Seat 5: zagtrovao folded before Flop (didn't bet)
Seat 6: Uncle3000 folded before Flop (didn't bet)
Seat 7: rvr808303 (button) collected ($0.05)
Seat 8: Luks_Jr (small blind) folded before Flop
Seat 9: Dorex2007 (big blind) folded before Flop



PokerStars Hand #224922027761:  Hold'em No Limit ($0.01/$0.02 USD) - 2021/03/17 19:52:39 PT [2021/03/17 22:52:39 ET]
Table 'Riema V' 9-max Seat #9 is the button
Seat 1: Paty Doll726 ($0.69 in chips) 
Seat 2: AlexVV40 ($0.09 in chips) 
Seat 3: CoSMoGoL -9- ($0.95 in chips) 
Seat 4: tomashovka55 ($2.22 in chips) 
Seat 5: zagtrovao ($1.96 in chips) 
Seat 7: rvr808303 ($1.54 in chips) 
Seat 9: Dorex2007 ($1.64 in chips) 
Paty Doll726: posts small blind $0.01
AlexVV40: posts big blind $0.02
*** HOLE CARDS ***
Dealt to Dorex2007 [Qh Ts]
CoSMoGoL -9-: folds 
tomashovka55: raises $0.06 to $0.08
zagtrovao: folds 
rvr808303: calls $0.08
Dorex2007: folds 
Paty Doll726: folds 
AlexVV40: folds 
*** FLOP *** [7d Th 2s]
Paty Doll726 leaves the table
tomashovka55: bets $0.10
rvr808303: calls $0.10
*** TURN *** [7d Th 2s] [5c]
tomashovka55: checks 
rvr808303: checks 
*** RIVER *** [7d Th 2s 5c] [Kh]
tomashovka55: checks 
rvr808303: bets $0.38
tomashovka55: calls $0.38
*** SHOW DOWN ***
rvr808303: shows [4c Jd] (high card King)
tomashovka55: shows [9s 9h] (a pair of Nines)
tomashovka55 collected $1.11 from pot
*** SUMMARY ***
Total pot $1.15 | Rake $0.04 
Board [7d Th 2s 5c Kh]
Seat 1: Paty Doll726 (small blind) folded before Flop
Seat 2: AlexVV40 (big blind) folded before Flop
Seat 3: CoSMoGoL -9- folded before Flop (didn't bet)
Seat 4: tomashovka55 showed [9s 9h] and won ($1.11) with a pair of Nines
Seat 5: zagtrovao folded before Flop (didn't bet)
Seat 7: rvr808303 showed [4c Jd] and lost with high card King
Seat 9: Dorex2007 (button) folded before Flop (didn't bet)



PokerStars Hand #224922039052:  Hold'em No Limit ($0.01/$0.02 USD) - 2021/03/17 19:53:21 PT [2021/03/17 22:53:21 ET]
Table 'Riema V' 9-max Seat #2 is the button
Seat 2: AlexVV40 ($0.07 in chips) 
Seat 3: CoSMoGoL -9- ($0.95 in chips) 
Seat 5: zagtrovao ($1.96 in chips) 
Seat 7: rvr808303 ($0.98 in chips) 
Seat 9: Dorex2007 ($1.64 in chips) 
CoSMoGoL -9-: posts small blind $0.01
tomashovka55: is sitting out 
zagtrovao: posts big blind $0.02
*** HOLE CARDS ***
Dealt to Dorex2007 [6c 4c]
rvr808303: raises $0.04 to $0.06
Dorex2007: folds 
AlexVV40: folds 
CoSMoGoL -9-: folds 
zagtrovao: folds 
Uncalled bet ($0.04) returned to rvr808303
rvr808303 collected $0.05 from pot
rvr808303: doesn't show hand 
*** SUMMARY ***
Total pot $0.05 | Rake $0 
Seat 2: AlexVV40 (button) folded before Flop (didn't bet)
Seat 3: CoSMoGoL -9- (small blind) folded before Flop
Seat 5: zagtrovao (big blind) folded before Flop
Seat 7: rvr808303 collected ($0.05)
Seat 9: Dorex2007 folded before Flop (didn't bet)



PokerStars Hand #224922043129:  Hold'em No Limit ($0.01/$0.02 USD) - 2021/03/17 19:53:36 PT [2021/03/17 22:53:36 ET]
Table 'Riema V' 9-max Seat #3 is the button
Seat 2: AlexVV40 ($0.07 in chips) 
Seat 3: CoSMoGoL -9- ($0.94 in chips) 
Seat 5: zagtrovao ($1.94 in chips) 
Seat 7: rvr808303 ($1.01 in chips) 
Seat 9: Dorex2007 ($1.64 in chips) 
zagtrovao: posts small blind $0.01
rvr808303: posts big blind $0.02
*** HOLE CARDS ***
Dealt to Dorex2007 [Qs 8s]
Dorex2007: folds 
AlexVV40: folds 
CoSMoGoL -9- has timed out
CoSMoGoL -9-: folds 
zagtrovao: folds 
Uncalled bet ($0.01) returned to rvr808303
zagtrovao leaves the table
rvr808303 collected $0.02 from pot
rvr808303: doesn't show hand 
*** SUMMARY ***
Total pot $0.02 | Rake $0 
Seat 2: AlexVV40 folded before Flop (didn't bet)
Seat 3: CoSMoGoL -9- (button) folded before Flop (didn't bet)
Seat 5: zagtrovao (small blind) folded before Flop
Seat 7: rvr808303 (big blind) collected ($0.02)
Seat 9: Dorex2007 folded before Flop (didn't bet)



PokerStars Hand #224922048353:  Hold'em No Limit ($0.01/$0.02 USD) - 2021/03/17 19:53:56 PT [2021/03/17 22:53:56 ET]
Table 'Riema V' 9-max Seat #7 is the button
Seat 2: AlexVV40 ($0.07 in chips) 
Seat 7: rvr808303 ($1.02 in chips) 
Seat 9: Dorex2007 ($1.64 in chips) 
Dorex2007: posts small blind $0.01
AlexVV40: posts big blind $0.02
*** HOLE CARDS ***
Dealt to Dorex2007 [Ks Td]
rvr808303: raises $0.02 to $0.04
Dorex2007: folds 
AlexVV40: folds 
Uncalled bet ($0.02) returned to rvr808303
rvr808303 collected $0.05 from pot
rvr808303: doesn't show hand 
*** SUMMARY ***
Total pot $0.05 | Rake $0 
Seat 2: AlexVV40 (big blind) folded before Flop
Seat 7: rvr808303 (button) collected ($0.05)
Seat 9: Dorex2007 (small blind) folded before Flop



PokerStars Hand #224922051273:  Hold'em No Limit ($0.01/$0.02 USD) - 2021/03/17 19:54:06 PT [2021/03/17 22:54:06 ET]
Table 'Riema V' 9-max Seat #9 is the button
Seat 2: AlexVV40 ($0.05 in chips) 
Seat 3: CoSMoGoL -9- ($0.94 in chips) 
Seat 7: rvr808303 ($1.05 in chips) 
Seat 9: Dorex2007 ($1.63 in chips) 
AlexVV40: posts small blind $0.01
CoSMoGoL -9-: posts big blind $0.02
*** HOLE CARDS ***
Dealt to Dorex2007 [Jh Qs]
rvr808303: raises $0.02 to $0.04
Dorex2007: calls $0.04
AlexVV40: folds 
CoSMoGoL -9-: calls $0.02
*** FLOP *** [Qc As Js]
CoSMoGoL -9-: checks 
rvr808303: checks 
Dorex2007: bets $0.13
CoSMoGoL -9-: folds 
rvr808303: folds 
Uncalled bet ($0.13) returned to Dorex2007
Dorex2007 collected $0.13 from pot
Dorex2007: doesn't show hand 
*** SUMMARY ***
Total pot $0.13 | Rake $0 
Board [Qc As Js]
Seat 2: AlexVV40 (small blind) folded before Flop
Seat 3: CoSMoGoL -9- (big blind) folded on the Flop
Seat 7: rvr808303 folded on the Flop
Seat 9: Dorex2007 (button) collected ($0.13)



