PokerStars Hand #224681219415:  Hold'em No Limit ($0.01/$0.02 USD) - 2021/03/10 21:36:42 PT [2021/03/11 0:36:42 ET]
Table 'Tezcatlipoca III' 9-max Seat #6 is the button
Seat 1: Zog Buster ($2 in chips) 
Seat 2: Ekshli ($2.33 in chips) 
Seat 3: Radyschen ($2 in chips) 
Seat 4: Dorex2007 ($1.50 in chips) 
Seat 5: vasmit ($2 in chips) 
Seat 6: Eternitypoker ($2.75 in chips) 
Seat 7: kyokye ($4.44 in chips) 
Seat 8: fzpp ($1.31 in chips) 
Seat 9: Rafael PBQ ($2 in chips) 
kyokye: posts small blind $0.01
fzpp: posts big blind $0.02
Dorex2007: posts big blind $0.02
*** HOLE CARDS ***
Dealt to Dorex2007 [8c 5s]
Rafael PBQ: folds 
Zog Buster: folds 
Ekshli: raises $0.02 to $0.04
Radyschen: folds 
Dorex2007: folds 
vasmit: calls $0.04
Eternitypoker: folds 
kyokye: folds 
fzpp: calls $0.02
*** FLOP *** [4s 8h Ts]
fzpp: checks 
Ekshli: bets $0.04
vasmit: folds 
fzpp: folds 
Uncalled bet ($0.04) returned to Ekshli
Ekshli collected $0.14 from pot
Ekshli: doesn't show hand 
*** SUMMARY ***
Total pot $0.15 | Rake $0.01 
Board [4s 8h Ts]
Seat 1: Zog Buster folded before Flop (didn't bet)
Seat 2: Ekshli collected ($0.14)
Seat 3: Radyschen folded before Flop (didn't bet)
Seat 4: Dorex2007 folded before Flop (didn't bet)
Seat 5: vasmit folded on the Flop
Seat 6: Eternitypoker (button) folded before Flop (didn't bet)
Seat 7: kyokye (small blind) folded before Flop
Seat 8: fzpp (big blind) folded on the Flop
Seat 9: Rafael PBQ folded before Flop (didn't bet)



PokerStars Hand #224681226658:  Hold'em No Limit ($0.01/$0.02 USD) - 2021/03/10 21:37:21 PT [2021/03/11 0:37:21 ET]
Table 'Tezcatlipoca III' 9-max Seat #7 is the button
Seat 1: Zog Buster ($2 in chips) 
Seat 2: Ekshli ($2.43 in chips) 
Seat 3: Radyschen ($2 in chips) 
Seat 4: Dorex2007 ($1.48 in chips) 
Seat 5: vasmit ($2 in chips) 
Seat 6: Eternitypoker ($2.75 in chips) 
Seat 7: kyokye ($4.43 in chips) 
Seat 8: fzpp ($1.27 in chips) 
Seat 9: Rafael PBQ ($2 in chips) 
fzpp: posts small blind $0.01
Rafael PBQ: posts big blind $0.02
*** HOLE CARDS ***
Dealt to Dorex2007 [Qs Ts]
Zog Buster: folds 
Ekshli: raises $0.02 to $0.04
Radyschen: folds 
Dorex2007: raises $0.06 to $0.10
vasmit: folds 
Eternitypoker: folds 
kyokye: folds 
fzpp: folds 
Rafael PBQ: raises $0.15 to $0.25
Ekshli: folds 
Dorex2007: calls $0.15
*** FLOP *** [2s 3s 7s]
Rafael PBQ: checks 
Dorex2007: checks 
*** TURN *** [2s 3s 7s] [2d]
Rafael PBQ: bets $0.24
Dorex2007: raises $0.99 to $1.23 and is all-in
Rafael PBQ: calls $0.99
*** RIVER *** [2s 3s 7s 2d] [7h]
*** SHOW DOWN ***
Rafael PBQ: shows [Kc Kh] (two pair, Kings and Sevens)
Dorex2007: shows [Qs Ts] (a flush, Queen high)
Dorex2007 collected $2.90 from pot
*** SUMMARY ***
Total pot $3.01 | Rake $0.11 
Board [2s 3s 7s 2d 7h]
Seat 1: Zog Buster folded before Flop (didn't bet)
Seat 2: Ekshli folded before Flop
Seat 3: Radyschen folded before Flop (didn't bet)
Seat 4: Dorex2007 showed [Qs Ts] and won ($2.90) with a flush, Queen high
Seat 5: vasmit folded before Flop (didn't bet)
Seat 6: Eternitypoker folded before Flop (didn't bet)
Seat 7: kyokye (button) folded before Flop (didn't bet)
Seat 8: fzpp (small blind) folded before Flop
Seat 9: Rafael PBQ (big blind) showed [Kc Kh] and lost with two pair, Kings and Sevens



PokerStars Hand #224681246428:  Hold'em No Limit ($0.01/$0.02 USD) - 2021/03/10 21:39:06 PT [2021/03/11 0:39:06 ET]
Table 'Tezcatlipoca III' 9-max Seat #8 is the button
Seat 1: Zog Buster ($2 in chips) 
Seat 2: Ekshli ($2.39 in chips) 
Seat 3: Radyschen ($2 in chips) 
Seat 4: Dorex2007 ($2.90 in chips) 
Seat 5: vasmit ($2 in chips) 
Seat 6: Eternitypoker ($2.75 in chips) 
Seat 7: kyokye ($4.43 in chips) 
Seat 8: fzpp ($1.26 in chips) 
Seat 9: Rafael PBQ ($0.52 in chips) 
Rafael PBQ: posts small blind $0.01
Zog Buster: posts big blind $0.02
*** HOLE CARDS ***
Dealt to Dorex2007 [Ad 3c]
Ekshli: raises $0.02 to $0.04
Rafael PBQ said, "nh"
Radyschen: raises $0.10 to $0.14
Dorex2007: folds 
Dorex2007 said, "ty"
vasmit: folds 
Eternitypoker: folds 
kyokye: folds 
fzpp: folds 
Rafael PBQ: calls $0.13
Zog Buster: folds 
Ekshli: calls $0.10
*** FLOP *** [5h Kd 6d]
Rafael PBQ: checks 
Ekshli: bets $0.06
Radyschen: calls $0.06
Rafael PBQ: folds 
*** TURN *** [5h Kd 6d] [7d]
Ekshli: bets $0.06
Radyschen: calls $0.06
*** RIVER *** [5h Kd 6d 7d] [4d]
Ekshli: bets $0.06
Radyschen: raises $0.22 to $0.28
Ekshli: folds 
Uncalled bet ($0.22) returned to Radyschen
Radyschen collected $0.77 from pot
Radyschen: doesn't show hand 
*** SUMMARY ***
Total pot $0.80 | Rake $0.03 
Board [5h Kd 6d 7d 4d]
Seat 1: Zog Buster (big blind) folded before Flop
Seat 2: Ekshli folded on the River
Seat 3: Radyschen collected ($0.77)
Seat 4: Dorex2007 folded before Flop (didn't bet)
Seat 5: vasmit folded before Flop (didn't bet)
Seat 6: Eternitypoker folded before Flop (didn't bet)
Seat 7: kyokye folded before Flop (didn't bet)
Seat 8: fzpp (button) folded before Flop (didn't bet)
Seat 9: Rafael PBQ (small blind) folded on the Flop



PokerStars Hand #224681256861:  Hold'em No Limit ($0.01/$0.02 USD) - 2021/03/10 21:40:01 PT [2021/03/11 0:40:01 ET]
Table 'Tezcatlipoca III' 9-max Seat #9 is the button
Seat 1: Zog Buster ($2 in chips) 
Seat 2: Ekshli ($2.07 in chips) 
Seat 3: Radyschen ($2.45 in chips) 
Seat 4: Dorex2007 ($2.90 in chips) 
Seat 5: vasmit ($2 in chips) 
Seat 6: Eternitypoker ($2.75 in chips) 
Seat 7: kyokye ($4.43 in chips) 
Seat 8: fzpp ($1.26 in chips) 
Seat 9: Rafael PBQ ($0.38 in chips) 
Zog Buster: posts small blind $0.01
Ekshli: posts big blind $0.02
*** HOLE CARDS ***
Dealt to Dorex2007 [Js As]
Radyschen: folds 
Dorex2007: raises $0.04 to $0.06
vasmit: folds 
Eternitypoker: folds 
kyokye: folds 
fzpp: folds 
Rafael PBQ: calls $0.06
Zog Buster: folds 
Ekshli: folds 
*** FLOP *** [Jd Th 4s]
Dorex2007: bets $0.09
Rafael PBQ: raises $0.23 to $0.32 and is all-in
Dorex2007: calls $0.23
*** TURN *** [Jd Th 4s] [2d]
*** RIVER *** [Jd Th 4s 2d] [9s]
*** SHOW DOWN ***
Dorex2007: shows [Js As] (a pair of Jacks)
Rafael PBQ: shows [Jc Ks] (a pair of Jacks - lower kicker)
Dorex2007 cashed out the hand for $0.65 | Cash Out Fee $0.01
*** SUMMARY ***
Total pot $0.79 | Rake $0.03 
Board [Jd Th 4s 2d 9s]
Seat 1: Zog Buster (small blind) folded before Flop
Seat 2: Ekshli (big blind) folded before Flop
Seat 3: Radyschen folded before Flop (didn't bet)
Seat 4: Dorex2007 showed [Js As] and won ($0.76) with a pair of Jacks (pot not awarded as player cashed out)
Seat 5: vasmit folded before Flop (didn't bet)
Seat 6: Eternitypoker folded before Flop (didn't bet)
Seat 7: kyokye folded before Flop (didn't bet)
Seat 8: fzpp folded before Flop (didn't bet)
Seat 9: Rafael PBQ (button) showed [Jc Ks] and lost with a pair of Jacks



PokerStars Hand #224681266148:  Hold'em No Limit ($0.01/$0.02 USD) - 2021/03/10 21:40:50 PT [2021/03/11 0:40:50 ET]
Table 'Tezcatlipoca III' 9-max Seat #1 is the button
Seat 1: Zog Buster ($2 in chips) 
Seat 2: Ekshli ($2.05 in chips) 
Seat 3: Radyschen ($2.45 in chips) 
Seat 4: Dorex2007 ($3.17 in chips) 
Seat 5: vasmit ($2 in chips) 
Seat 6: Eternitypoker ($2.75 in chips) 
Seat 7: kyokye ($4.43 in chips) 
Seat 8: fzpp ($1.26 in chips) 
Ekshli: posts small blind $0.01
Radyschen: posts big blind $0.02
*** HOLE CARDS ***
Dealt to Dorex2007 [Ac Kd]
Dorex2007: raises $0.04 to $0.06
vasmit: folds 
Rafael PBQ said, "Destroyed"
Rafael PBQ said, "lol"
Eternitypoker: folds 
kyokye: folds 
Rafael PBQ said, "nh"
fzpp: folds 
Zog Buster: folds 
Ekshli: folds 
Radyschen: folds 
Uncalled bet ($0.04) returned to Dorex2007
Dorex2007 collected $0.05 from pot
Dorex2007: doesn't show hand 
Dorex2007 said, "thanks, just good hands"
*** SUMMARY ***
Total pot $0.05 | Rake $0 
Seat 1: Zog Buster (button) folded before Flop (didn't bet)
Seat 2: Ekshli (small blind) folded before Flop
Seat 3: Radyschen (big blind) folded before Flop
Seat 4: Dorex2007 collected ($0.05)
Seat 5: vasmit folded before Flop (didn't bet)
Seat 6: Eternitypoker folded before Flop (didn't bet)
Seat 7: kyokye folded before Flop (didn't bet)
Seat 8: fzpp folded before Flop (didn't bet)



PokerStars Hand #224681270566:  Hold'em No Limit ($0.01/$0.02 USD) - 2021/03/10 21:41:14 PT [2021/03/11 0:41:14 ET]
Table 'Tezcatlipoca III' 9-max Seat #2 is the button
Seat 1: Zog Buster ($2 in chips) 
Seat 2: Ekshli ($2.04 in chips) 
Seat 3: Radyschen ($2.43 in chips) 
Seat 4: Dorex2007 ($3.20 in chips) 
Seat 5: vasmit ($2 in chips) 
Seat 6: Eternitypoker ($2.75 in chips) 
Seat 7: kyokye ($4.43 in chips) 
Seat 8: fzpp ($1.26 in chips) 
Radyschen: posts small blind $0.01
Dorex2007: posts big blind $0.02
*** HOLE CARDS ***
Dealt to Dorex2007 [8c 6c]
Rafael PBQ leaves the table
vasmit: folds 
Eternitypoker: folds 
kyokye: raises $0.04 to $0.06
fzpp: folds 
Zog Buster: folds 
007stars26 joins the table at seat #9 
Ekshli: folds 
Radyschen: folds 
Dorex2007: folds 
Uncalled bet ($0.04) returned to kyokye
kyokye collected $0.05 from pot
kyokye: doesn't show hand 
*** SUMMARY ***
Total pot $0.05 | Rake $0 
Seat 1: Zog Buster folded before Flop (didn't bet)
Seat 2: Ekshli (button) folded before Flop (didn't bet)
Seat 3: Radyschen (small blind) folded before Flop
Seat 4: Dorex2007 (big blind) folded before Flop
Seat 5: vasmit folded before Flop (didn't bet)
Seat 6: Eternitypoker folded before Flop (didn't bet)
Seat 7: kyokye collected ($0.05)
Seat 8: fzpp folded before Flop (didn't bet)



PokerStars Hand #224681277141:  Hold'em No Limit ($0.01/$0.02 USD) - 2021/03/10 21:41:49 PT [2021/03/11 0:41:49 ET]
Table 'Tezcatlipoca III' 9-max Seat #3 is the button
Seat 1: Zog Buster ($2 in chips) 
Seat 2: Ekshli ($2.04 in chips) 
Seat 3: Radyschen ($2.42 in chips) 
Seat 4: Dorex2007 ($3.18 in chips) 
Seat 6: Eternitypoker ($2.75 in chips) 
Seat 7: kyokye ($4.46 in chips) 
Seat 8: fzpp ($1.26 in chips) 
Seat 9: 007stars26 ($1.03 in chips) 
Dorex2007: posts small blind $0.01
Eternitypoker: posts big blind $0.02
007stars26: posts big blind $0.02
*** HOLE CARDS ***
Dealt to Dorex2007 [5s 4h]
kyokye: folds 
fzpp: calls $0.02
007stars26: checks 
Zog Buster: calls $0.02
Ekshli: folds 
Radyschen: raises $0.10 to $0.12
Dorex2007: folds 
Eternitypoker: folds 
fzpp: folds 
007stars26: folds 
Zog Buster: calls $0.10
*** FLOP *** [9s Kh Ts]
Zog Buster: checks 
Radyschen: bets $0.15
Zog Buster: calls $0.15
*** TURN *** [9s Kh Ts] [2c]
Zog Buster: checks 
Radyschen: bets $0.30
Zog Buster: raises $0.48 to $0.78
Radyschen: calls $0.48
*** RIVER *** [9s Kh Ts 2c] [Jd]
Zog Buster: bets $0.95 and is all-in
Radyschen: folds 
Uncalled bet ($0.95) returned to Zog Buster
Zog Buster collected $2.09 from pot
*** SUMMARY ***
Total pot $2.17 | Rake $0.08 
Board [9s Kh Ts 2c Jd]
Seat 1: Zog Buster collected ($2.09)
Seat 2: Ekshli folded before Flop (didn't bet)
Seat 3: Radyschen (button) folded on the River
Seat 4: Dorex2007 (small blind) folded before Flop
Seat 6: Eternitypoker (big blind) folded before Flop
Seat 7: kyokye folded before Flop (didn't bet)
Seat 8: fzpp folded before Flop
Seat 9: 007stars26 folded before Flop (didn't bet)



PokerStars Hand #224681294919:  Hold'em No Limit ($0.01/$0.02 USD) - 2021/03/10 21:43:24 PT [2021/03/11 0:43:24 ET]
Table 'Tezcatlipoca III' 9-max Seat #4 is the button
Seat 1: Zog Buster ($3.04 in chips) 
Seat 2: Ekshli ($2.04 in chips) 
Seat 3: Radyschen ($2 in chips) 
Seat 4: Dorex2007 ($3.17 in chips) 
Seat 6: Eternitypoker ($2.73 in chips) 
Seat 7: kyokye ($4.46 in chips) 
Seat 8: fzpp ($1.24 in chips) 
Seat 9: 007stars26 ($1.01 in chips) 
Eternitypoker: posts small blind $0.01
kyokye: posts big blind $0.02
*** HOLE CARDS ***
Dealt to Dorex2007 [2s 5s]
fzpp: calls $0.02
007stars26: folds 
Zog Buster: folds 
Ekshli: folds 
Radyschen: folds 
Dorex2007: folds 
Eternitypoker: folds 
kyokye: checks 
*** FLOP *** [5c 7c Ac]
kyokye: checks 
fzpp: bets $0.05
kyokye: calls $0.05
*** TURN *** [5c 7c Ac] [Ad]
kyokye: checks 
fzpp: bets $0.07
kyokye: calls $0.07
*** RIVER *** [5c 7c Ac Ad] [8s]
kyokye: checks 
fzpp: bets $0.36
kyokye: folds 
Uncalled bet ($0.36) returned to fzpp
fzpp collected $0.28 from pot
fzpp: doesn't show hand 
*** SUMMARY ***
Total pot $0.29 | Rake $0.01 
Board [5c 7c Ac Ad 8s]
Seat 1: Zog Buster folded before Flop (didn't bet)
Seat 2: Ekshli folded before Flop (didn't bet)
Seat 3: Radyschen folded before Flop (didn't bet)
Seat 4: Dorex2007 (button) folded before Flop (didn't bet)
Seat 6: Eternitypoker (small blind) folded before Flop
Seat 7: kyokye (big blind) folded on the River
Seat 8: fzpp collected ($0.28)
Seat 9: 007stars26 folded before Flop (didn't bet)



PokerStars Hand #224681309140:  Hold'em No Limit ($0.01/$0.02 USD) - 2021/03/10 21:44:40 PT [2021/03/11 0:44:40 ET]
Table 'Tezcatlipoca III' 9-max Seat #6 is the button
Seat 1: Zog Buster ($3.04 in chips) 
Seat 2: Ekshli ($2.04 in chips) 
Seat 3: Radyschen ($2 in chips) 
Seat 4: Dorex2007 ($3.17 in chips) 
Seat 6: Eternitypoker ($2.72 in chips) 
Seat 7: kyokye ($4.32 in chips) 
Seat 8: fzpp ($1.38 in chips) 
Seat 9: 007stars26 ($1.01 in chips) 
kyokye: posts small blind $0.01
fzpp: posts big blind $0.02
*** HOLE CARDS ***
Dealt to Dorex2007 [6h 8c]
007stars26: folds 
Zog Buster: folds 
Ekshli: folds 
Radyschen: folds 
Dorex2007: folds 
Eternitypoker: folds 
kyokye: folds 
Uncalled bet ($0.01) returned to fzpp
fzpp collected $0.02 from pot
fzpp: doesn't show hand 
*** SUMMARY ***
Total pot $0.02 | Rake $0 
Seat 1: Zog Buster folded before Flop (didn't bet)
Seat 2: Ekshli folded before Flop (didn't bet)
Seat 3: Radyschen folded before Flop (didn't bet)
Seat 4: Dorex2007 folded before Flop (didn't bet)
Seat 6: Eternitypoker (button) folded before Flop (didn't bet)
Seat 7: kyokye (small blind) folded before Flop
Seat 8: fzpp (big blind) collected ($0.02)
Seat 9: 007stars26 folded before Flop (didn't bet)



PokerStars Hand #224681322731:  Hold'em No Limit ($0.01/$0.02 USD) - 2021/03/10 21:45:09 PT [2021/03/11 0:45:09 ET]
Table 'Tezcatlipoca III' 9-max Seat #7 is the button
Seat 1: Zog Buster ($3.04 in chips) 
Seat 2: Ekshli ($2.04 in chips) 
Seat 3: Radyschen ($2 in chips) 
Seat 4: Dorex2007 ($3.17 in chips) 
Seat 6: Eternitypoker ($2.72 in chips) 
Seat 7: kyokye ($4.31 in chips) 
Seat 8: fzpp ($1.39 in chips) 
Seat 9: 007stars26 ($1.01 in chips) 
fzpp: posts small blind $0.01
007stars26: posts big blind $0.02
*** HOLE CARDS ***
Dealt to Dorex2007 [4h Tc]
Zog Buster: folds 
Ekshli: folds 
Radyschen: folds 
Dorex2007: folds 
Eternitypoker: raises $0.08 to $0.10
kyokye: folds 
fzpp: folds 
007stars26: folds 
Uncalled bet ($0.08) returned to Eternitypoker
Eternitypoker collected $0.05 from pot
Eternitypoker: doesn't show hand 
*** SUMMARY ***
Total pot $0.05 | Rake $0 
Seat 1: Zog Buster folded before Flop (didn't bet)
Seat 2: Ekshli folded before Flop (didn't bet)
Seat 3: Radyschen folded before Flop (didn't bet)
Seat 4: Dorex2007 folded before Flop (didn't bet)
Seat 6: Eternitypoker collected ($0.05)
Seat 7: kyokye (button) folded before Flop (didn't bet)
Seat 8: fzpp (small blind) folded before Flop
Seat 9: 007stars26 (big blind) folded before Flop



PokerStars Hand #224681328934:  Hold'em No Limit ($0.01/$0.02 USD) - 2021/03/10 21:45:43 PT [2021/03/11 0:45:43 ET]
Table 'Tezcatlipoca III' 9-max Seat #8 is the button
Seat 1: Zog Buster ($3.04 in chips) 
Seat 2: Ekshli ($2.04 in chips) 
Seat 3: Radyschen ($2 in chips) 
Seat 4: Dorex2007 ($3.17 in chips) 
Seat 6: Eternitypoker ($2.75 in chips) 
Seat 7: kyokye ($4.31 in chips) 
Seat 8: fzpp ($1.38 in chips) 
Seat 9: 007stars26 ($0.99 in chips) 
007stars26: posts small blind $0.01
Zog Buster: posts big blind $0.02
*** HOLE CARDS ***
Dealt to Dorex2007 [2h 9d]
Ekshli: folds 
Radyschen: folds 
Dorex2007: folds 
Eternitypoker: folds 
kyokye: folds 
fzpp: calls $0.02
007stars26: folds 
Zog Buster: checks 
*** FLOP *** [6c 9s Ac]
Zog Buster: checks 
fzpp: bets $0.06
Zog Buster: calls $0.06
*** TURN *** [6c 9s Ac] [5c]
Zog Buster: checks 
fzpp: checks 
*** RIVER *** [6c 9s Ac 5c] [Ks]
Zog Buster: bets $0.16
fzpp: folds 
Uncalled bet ($0.16) returned to Zog Buster
Zog Buster collected $0.16 from pot
*** SUMMARY ***
Total pot $0.17 | Rake $0.01 
Board [6c 9s Ac 5c Ks]
Seat 1: Zog Buster (big blind) collected ($0.16)
Seat 2: Ekshli folded before Flop (didn't bet)
Seat 3: Radyschen folded before Flop (didn't bet)
Seat 4: Dorex2007 folded before Flop (didn't bet)
Seat 6: Eternitypoker folded before Flop (didn't bet)
Seat 7: kyokye folded before Flop (didn't bet)
Seat 8: fzpp (button) folded on the River
Seat 9: 007stars26 (small blind) folded before Flop



PokerStars Hand #224681337520:  Hold'em No Limit ($0.01/$0.02 USD) - 2021/03/10 21:46:29 PT [2021/03/11 0:46:29 ET]
Table 'Tezcatlipoca III' 9-max Seat #9 is the button
Seat 1: Zog Buster ($3.12 in chips) 
Seat 2: Ekshli ($2.04 in chips) 
Seat 3: Radyschen ($2 in chips) 
Seat 4: Dorex2007 ($3.17 in chips) 
Seat 6: Eternitypoker ($2.75 in chips) 
Seat 7: kyokye ($4.31 in chips) 
Seat 8: fzpp ($1.30 in chips) 
Seat 9: 007stars26 ($0.98 in chips) 
Zog Buster: posts small blind $0.01
Ekshli: posts big blind $0.02
*** HOLE CARDS ***
Dealt to Dorex2007 [6h Kc]
Radyschen: folds 
Dorex2007: folds 
Eternitypoker: folds 
kyokye: folds 
fzpp: folds 
007stars26: raises $0.02 to $0.04
Zog Buster: folds 
Ekshli: calls $0.02
*** FLOP *** [Ac 4c As]
Ekshli: checks 
007stars26: checks 
*** TURN *** [Ac 4c As] [Kh]
Ekshli: bets $0.04
007stars26: calls $0.04
*** RIVER *** [Ac 4c As Kh] [Ts]
Ekshli: bets $0.04
007stars26: raises $0.14 to $0.18
Ekshli: calls $0.14
*** SHOW DOWN ***
007stars26: shows [Ad 6d] (three of a kind, Aces)
Ekshli: mucks hand 
007stars26 collected $0.51 from pot
*** SUMMARY ***
Total pot $0.53 | Rake $0.02 
Board [Ac 4c As Kh Ts]
Seat 1: Zog Buster (small blind) folded before Flop
Seat 2: Ekshli (big blind) mucked [7s Ks]
Seat 3: Radyschen folded before Flop (didn't bet)
Seat 4: Dorex2007 folded before Flop (didn't bet)
Seat 6: Eternitypoker folded before Flop (didn't bet)
Seat 7: kyokye folded before Flop (didn't bet)
Seat 8: fzpp folded before Flop (didn't bet)
Seat 9: 007stars26 (button) showed [Ad 6d] and won ($0.51) with three of a kind, Aces



PokerStars Hand #224681350394:  Hold'em No Limit ($0.01/$0.02 USD) - 2021/03/10 21:47:39 PT [2021/03/11 0:47:39 ET]
Table 'Tezcatlipoca III' 9-max Seat #1 is the button
Seat 1: Zog Buster ($3.11 in chips) 
Seat 2: Ekshli ($2 in chips) 
Seat 3: Radyschen ($2 in chips) 
Seat 4: Dorex2007 ($3.17 in chips) 
Seat 6: Eternitypoker ($2.75 in chips) 
Seat 7: kyokye ($4.31 in chips) 
Seat 8: fzpp ($1.30 in chips) 
Seat 9: 007stars26 ($1.23 in chips) 
Ekshli: posts small blind $0.01
Radyschen: posts big blind $0.02
*** HOLE CARDS ***
Dealt to Dorex2007 [6s Jd]
Dorex2007: folds 
Eternitypoker: raises $0.04 to $0.06
kyokye: folds 
fzpp: folds 
007stars26: calls $0.06
Zog Buster: folds 
Ekshli: folds 
Radyschen: folds 
*** FLOP *** [Ks Kh Js]
Ekshli leaves the table
Eternitypoker: bets $0.06
007stars26: folds 
Uncalled bet ($0.06) returned to Eternitypoker
Eternitypoker collected $0.14 from pot
Eternitypoker: doesn't show hand 
*** SUMMARY ***
Total pot $0.15 | Rake $0.01 
Board [Ks Kh Js]
Seat 1: Zog Buster (button) folded before Flop (didn't bet)
Seat 2: Ekshli (small blind) folded before Flop
Seat 3: Radyschen (big blind) folded before Flop
Seat 4: Dorex2007 folded before Flop (didn't bet)
Seat 6: Eternitypoker collected ($0.14)
Seat 7: kyokye folded before Flop (didn't bet)
Seat 8: fzpp folded before Flop (didn't bet)
Seat 9: 007stars26 folded on the Flop



PokerStars Hand #224681356181:  Hold'em No Limit ($0.01/$0.02 USD) - 2021/03/10 21:48:11 PT [2021/03/11 0:48:11 ET]
Table 'Tezcatlipoca III' 9-max Seat #3 is the button
Seat 1: Zog Buster ($3.11 in chips) 
Seat 3: Radyschen ($2 in chips) 
Seat 4: Dorex2007 ($3.17 in chips) 
Seat 6: Eternitypoker ($2.83 in chips) 
Seat 7: kyokye ($4.31 in chips) 
Seat 8: fzpp ($1.30 in chips) 
Seat 9: 007stars26 ($1.17 in chips) 
Dorex2007: posts small blind $0.01
Eternitypoker: posts big blind $0.02
*** HOLE CARDS ***
Dealt to Dorex2007 [3d 6s]
kyokye: folds 
fzpp: calls $0.02
007stars26: folds 
Zog Buster: calls $0.02
Radyschen: folds 
Dorex2007: folds 
Eternitypoker: checks 
*** FLOP *** [8h 2s Td]
Eternitypoker: checks 
darkhyacinth joins the table at seat #2 
fzpp: checks 
Zog Buster: checks 
*** TURN *** [8h 2s Td] [3c]
Eternitypoker: bets $0.04
fzpp: folds 
Zog Buster: folds 
Uncalled bet ($0.04) returned to Eternitypoker
Eternitypoker collected $0.07 from pot
Eternitypoker: doesn't show hand 
*** SUMMARY ***
Total pot $0.07 | Rake $0 
Board [8h 2s Td 3c]
Seat 1: Zog Buster folded on the Turn
Seat 3: Radyschen (button) folded before Flop (didn't bet)
Seat 4: Dorex2007 (small blind) folded before Flop
Seat 6: Eternitypoker (big blind) collected ($0.07)
Seat 7: kyokye folded before Flop (didn't bet)
Seat 8: fzpp folded on the Turn
Seat 9: 007stars26 folded before Flop (didn't bet)



PokerStars Hand #224681366565:  Hold'em No Limit ($0.01/$0.02 USD) - 2021/03/10 21:49:08 PT [2021/03/11 0:49:08 ET]
Table 'Tezcatlipoca III' 9-max Seat #4 is the button
Seat 1: Zog Buster ($3.09 in chips) 
Seat 2: darkhyacinth ($2 in chips) 
Seat 3: Radyschen ($2 in chips) 
Seat 4: Dorex2007 ($3.16 in chips) 
Seat 6: Eternitypoker ($2.88 in chips) 
Seat 7: kyokye ($4.31 in chips) 
Seat 8: fzpp ($1.28 in chips) 
Seat 9: 007stars26 ($1.17 in chips) 
Eternitypoker: posts small blind $0.01
kyokye: posts big blind $0.02
darkhyacinth: posts big blind $0.02
*** HOLE CARDS ***
Dealt to Dorex2007 [Qc 9h]
fzpp: folds 
007stars26: raises $0.02 to $0.04
Zog Buster: folds 
darkhyacinth: folds 
Radyschen: folds 
Dorex2007: folds 
Eternitypoker: folds 
kyokye: calls $0.02
*** FLOP *** [5s 8d 4s]
kyokye: checks 
007stars26: bets $0.05
kyokye: calls $0.05
*** TURN *** [5s 8d 4s] [Qd]
kyokye: checks 
007stars26: checks 
*** RIVER *** [5s 8d 4s Qd] [3h]
kyokye: checks 
007stars26: checks 
*** SHOW DOWN ***
kyokye: shows [9s Ts] (high card Queen)
007stars26: shows [Jh Ks] (high card King)
007stars26 collected $0.20 from pot
*** SUMMARY ***
Total pot $0.21 | Rake $0.01 
Board [5s 8d 4s Qd 3h]
Seat 1: Zog Buster folded before Flop (didn't bet)
Seat 2: darkhyacinth folded before Flop (didn't bet)
Seat 3: Radyschen folded before Flop (didn't bet)
Seat 4: Dorex2007 (button) folded before Flop (didn't bet)
Seat 6: Eternitypoker (small blind) folded before Flop
Seat 7: kyokye (big blind) showed [9s Ts] and lost with high card Queen
Seat 8: fzpp folded before Flop (didn't bet)
Seat 9: 007stars26 showed [Jh Ks] and won ($0.20) with high card King



PokerStars Hand #224681378715:  Hold'em No Limit ($0.01/$0.02 USD) - 2021/03/10 21:50:16 PT [2021/03/11 0:50:16 ET]
Table 'Tezcatlipoca III' 9-max Seat #6 is the button
Seat 1: Zog Buster ($3.09 in chips) 
Seat 2: darkhyacinth ($1.98 in chips) 
Seat 3: Radyschen ($2 in chips) 
Seat 4: Dorex2007 ($3.16 in chips) 
Seat 6: Eternitypoker ($2.87 in chips) 
Seat 7: kyokye ($4.22 in chips) 
Seat 8: fzpp ($1.28 in chips) 
Seat 9: 007stars26 ($1.28 in chips) 
kyokye: posts small blind $0.01
fzpp: posts big blind $0.02
*** HOLE CARDS ***
Dealt to Dorex2007 [Kd Ah]
007stars26: raises $0.02 to $0.04
Zog Buster: raises $0.06 to $0.10
darkhyacinth has timed out
darkhyacinth: folds 
Radyschen: folds 
Dorex2007: calls $0.10
Eternitypoker: folds 
kyokye: folds 
fzpp: folds 
007stars26: calls $0.06
*** FLOP *** [9c 4s 4h]
007stars26: checks 
Zog Buster: bets $0.13
Dorex2007: calls $0.13
007stars26: folds 
*** TURN *** [9c 4s 4h] [Js]
Zog Buster: bets $0.23
Dorex2007: calls $0.23
*** RIVER *** [9c 4s 4h Js] [6h]
Zog Buster: checks 
Dorex2007: checks 
*** SHOW DOWN ***
Zog Buster: shows [Kh Ad] (a pair of Fours)
Dorex2007: shows [Kd Ah] (a pair of Fours)
Zog Buster collected $0.51 from pot
Dorex2007 collected $0.50 from pot
*** SUMMARY ***
Total pot $1.05 | Rake $0.04 
Board [9c 4s 4h Js 6h]
Seat 1: Zog Buster showed [Kh Ad] and won ($0.51) with a pair of Fours
Seat 2: darkhyacinth folded before Flop (didn't bet)
Seat 3: Radyschen folded before Flop (didn't bet)
Seat 4: Dorex2007 showed [Kd Ah] and won ($0.50) with a pair of Fours
Seat 6: Eternitypoker (button) folded before Flop (didn't bet)
Seat 7: kyokye (small blind) folded before Flop
Seat 8: fzpp (big blind) folded before Flop
Seat 9: 007stars26 folded on the Flop



PokerStars Hand #224681388676:  Hold'em No Limit ($0.01/$0.02 USD) - 2021/03/10 21:51:10 PT [2021/03/11 0:51:10 ET]
Table 'Tezcatlipoca III' 9-max Seat #7 is the button
Seat 1: Zog Buster ($3.14 in chips) 
Seat 2: darkhyacinth ($1.98 in chips) 
Seat 3: Radyschen ($2 in chips) 
Seat 4: Dorex2007 ($3.20 in chips) 
Seat 6: Eternitypoker ($2.87 in chips) 
Seat 7: kyokye ($4.21 in chips) 
Seat 8: fzpp ($1.26 in chips) 
Seat 9: 007stars26 ($1.18 in chips) 
fzpp: posts small blind $0.01
007stars26: posts big blind $0.02
*** HOLE CARDS ***
Dealt to Dorex2007 [Kd Qc]
Zog Buster: raises $0.04 to $0.06
darkhyacinth: folds 
darkhyacinth is disconnected 
Radyschen: folds 
Dorex2007: calls $0.06
Eternitypoker: calls $0.06
kyokye: calls $0.06
fzpp: folds 
007stars26: calls $0.04
*** FLOP *** [Td 8d 3h]
007stars26: checks 
Zog Buster: checks 
Dorex2007: checks 
Eternitypoker: checks 
kyokye: checks 
*** TURN *** [Td 8d 3h] [Tc]
007stars26: checks 
Zog Buster: checks 
Dorex2007: bets $0.06
Eternitypoker: folds 
kyokye: calls $0.06
007stars26: folds 
Zog Buster: folds 
*** RIVER *** [Td 8d 3h Tc] [Kh]
Dorex2007: checks 
kyokye: bets $0.21
Dorex2007: calls $0.21
*** SHOW DOWN ***
kyokye: shows [9h 8h] (two pair, Tens and Eights)
Dorex2007: shows [Kd Qc] (two pair, Kings and Tens)
Dorex2007 collected $0.82 from pot
*** SUMMARY ***
Total pot $0.85 | Rake $0.03 
Board [Td 8d 3h Tc Kh]
Seat 1: Zog Buster folded on the Turn
Seat 2: darkhyacinth folded before Flop (didn't bet)
Seat 3: Radyschen folded before Flop (didn't bet)
Seat 4: Dorex2007 showed [Kd Qc] and won ($0.82) with two pair, Kings and Tens
Seat 6: Eternitypoker folded on the Turn
Seat 7: kyokye (button) showed [9h 8h] and lost with two pair, Tens and Eights
Seat 8: fzpp (small blind) folded before Flop
Seat 9: 007stars26 (big blind) folded on the Turn



PokerStars Hand #224681409998:  Hold'em No Limit ($0.01/$0.02 USD) - 2021/03/10 21:52:47 PT [2021/03/11 0:52:47 ET]
Table 'Tezcatlipoca III' 9-max Seat #8 is the button
Seat 1: Zog Buster ($3.08 in chips) 
Seat 2: darkhyacinth ($1.98 in chips) 
Seat 3: Radyschen ($2 in chips) 
Seat 4: Dorex2007 ($3.69 in chips) 
Seat 6: Eternitypoker ($2.81 in chips) 
Seat 7: kyokye ($3.88 in chips) 
Seat 8: fzpp ($1.25 in chips) 
Seat 9: 007stars26 ($1.12 in chips) 
007stars26: posts small blind $0.01
Zog Buster: posts big blind $0.02
*** HOLE CARDS ***
Dealt to Dorex2007 [Js 3c]
darkhyacinth has timed out while disconnected
darkhyacinth: folds 
Radyschen: folds 
Dorex2007: folds 
Eternitypoker: folds 
kyokye: raises $0.04 to $0.06
fzpp: folds 
007stars26: calls $0.05
Zog Buster: folds 
*** FLOP *** [5s Qd Kh]
007stars26: checks 
kyokye: bets $0.07
007stars26: calls $0.07
*** TURN *** [5s Qd Kh] [4h]
007stars26: checks 
kyokye: bets $0.27
007stars26: calls $0.27
*** RIVER *** [5s Qd Kh 4h] [4c]
007stars26: checks 
kyokye: bets $0.79
007stars26: calls $0.72 and is all-in
Uncalled bet ($0.07) returned to kyokye
*** SHOW DOWN ***
kyokye: shows [Ah Ks] (two pair, Kings and Fours)
007stars26: shows [7c Qc] (two pair, Queens and Fours)
kyokye collected $2.18 from pot
*** SUMMARY ***
Total pot $2.26 | Rake $0.08 
Board [5s Qd Kh 4h 4c]
Seat 1: Zog Buster (big blind) folded before Flop
Seat 2: darkhyacinth folded before Flop (didn't bet)
Seat 3: Radyschen folded before Flop (didn't bet)
Seat 4: Dorex2007 folded before Flop (didn't bet)
Seat 6: Eternitypoker folded before Flop (didn't bet)
Seat 7: kyokye showed [Ah Ks] and won ($2.18) with two pair, Kings and Fours
Seat 8: fzpp (button) folded before Flop (didn't bet)
Seat 9: 007stars26 (small blind) showed [7c Qc] and lost with two pair, Queens and Fours



PokerStars Hand #224681425526:  Hold'em No Limit ($0.01/$0.02 USD) - 2021/03/10 21:54:13 PT [2021/03/11 0:54:13 ET]
Table 'Tezcatlipoca III' 9-max Seat #1 is the button
Seat 1: Zog Buster ($3.06 in chips) 
Seat 3: Radyschen ($2 in chips) 
Seat 4: Dorex2007 ($3.69 in chips) 
Seat 6: Eternitypoker ($2.81 in chips) 
Seat 7: kyokye ($4.94 in chips) 
Seat 8: fzpp ($1.25 in chips) 
Radyschen: posts small blind $0.01
Dorex2007: posts big blind $0.02
*** HOLE CARDS ***
Dealt to Dorex2007 [9d 9c]
Eternitypoker: folds 
007stars26 leaves the table
kyokye: raises $0.04 to $0.06
fzpp: folds 
Zog Buster: folds 
Radyschen: folds 
Dorex2007: calls $0.04
*** FLOP *** [Kc 3h 9h]
Dorex2007: bets $0.07
kyokye: folds 
Uncalled bet ($0.07) returned to Dorex2007
Dorex2007 collected $0.13 from pot
Dorex2007: doesn't show hand 
*** SUMMARY ***
Total pot $0.13 | Rake $0 
Board [Kc 3h 9h]
Seat 1: Zog Buster (button) folded before Flop (didn't bet)
Seat 3: Radyschen (small blind) folded before Flop
Seat 4: Dorex2007 (big blind) collected ($0.13)
Seat 6: Eternitypoker folded before Flop (didn't bet)
Seat 7: kyokye folded on the Flop
Seat 8: fzpp folded before Flop (didn't bet)



PokerStars Hand #224681430308:  Hold'em No Limit ($0.01/$0.02 USD) - 2021/03/10 21:54:39 PT [2021/03/11 0:54:39 ET]
Table 'Tezcatlipoca III' 9-max Seat #3 is the button
Seat 1: Zog Buster ($3.06 in chips) 
Seat 3: Radyschen ($2 in chips) 
Seat 4: Dorex2007 ($3.76 in chips) 
Seat 6: Eternitypoker ($2.81 in chips) 
Seat 7: kyokye ($4.88 in chips) 
Seat 8: fzpp ($1.25 in chips) 
Dorex2007: posts small blind $0.01
Eternitypoker: posts big blind $0.02
*** HOLE CARDS ***
Dealt to Dorex2007 [7s 9s]
kyokye: folds 
fzpp: folds 
Zog Buster: folds 
Radyschen: folds 
Dorex2007: calls $0.01
Eternitypoker: checks 
*** FLOP *** [Tc Ts 4h]
Dorex2007: checks 
Eternitypoker: bets $0.03
Dorex2007: folds 
Uncalled bet ($0.03) returned to Eternitypoker
Eternitypoker collected $0.04 from pot
Eternitypoker: doesn't show hand 
*** SUMMARY ***
Total pot $0.04 | Rake $0 
Board [Tc Ts 4h]
Seat 1: Zog Buster folded before Flop (didn't bet)
Seat 3: Radyschen (button) folded before Flop (didn't bet)
Seat 4: Dorex2007 (small blind) folded on the Flop
Seat 6: Eternitypoker (big blind) collected ($0.04)
Seat 7: kyokye folded before Flop (didn't bet)
Seat 8: fzpp folded before Flop (didn't bet)



PokerStars Hand #224681434652:  Hold'em No Limit ($0.01/$0.02 USD) - 2021/03/10 21:55:04 PT [2021/03/11 0:55:04 ET]
Table 'Tezcatlipoca III' 9-max Seat #4 is the button
Seat 1: Zog Buster ($3.06 in chips) 
Seat 3: Radyschen ($2 in chips) 
Seat 4: Dorex2007 ($3.74 in chips) 
Seat 6: Eternitypoker ($2.83 in chips) 
Seat 7: kyokye ($4.88 in chips) 
Seat 8: fzpp ($1.25 in chips) 
Eternitypoker: posts small blind $0.01
kyokye: posts big blind $0.02
*** HOLE CARDS ***
Dealt to Dorex2007 [Jh 6d]
fzpp: folds 
Zog Buster: folds 
Radyschen: folds 
Dorex2007: folds 
Eternitypoker: folds 
Uncalled bet ($0.01) returned to kyokye
Vaksuller joins the table at seat #9 
kyokye collected $0.02 from pot
kyokye: doesn't show hand 
*** SUMMARY ***
Total pot $0.02 | Rake $0 
Seat 1: Zog Buster folded before Flop (didn't bet)
Seat 3: Radyschen folded before Flop (didn't bet)
Seat 4: Dorex2007 (button) folded before Flop (didn't bet)
Seat 6: Eternitypoker (small blind) folded before Flop
Seat 7: kyokye (big blind) collected ($0.02)
Seat 8: fzpp folded before Flop (didn't bet)



PokerStars Hand #224681436102:  Hold'em No Limit ($0.01/$0.02 USD) - 2021/03/10 21:55:12 PT [2021/03/11 0:55:12 ET]
Table 'Tezcatlipoca III' 9-max Seat #6 is the button
Seat 1: Zog Buster ($3.06 in chips) 
Seat 3: Radyschen ($2 in chips) 
Seat 4: Dorex2007 ($3.74 in chips) 
Seat 6: Eternitypoker ($2.82 in chips) 
Seat 7: kyokye ($4.89 in chips) 
Seat 8: fzpp ($1.25 in chips) 
kyokye: posts small blind $0.01
fzpp: posts big blind $0.02
Vaksuller: sits out 
*** HOLE CARDS ***
Dealt to Dorex2007 [9d Ts]
Zog Buster: folds 
Radyschen: folds 
Dorex2007: folds 
Eternitypoker: folds 
kyokye: folds 
Uncalled bet ($0.01) returned to fzpp
fzpp collected $0.02 from pot
fzpp: doesn't show hand 
*** SUMMARY ***
Total pot $0.02 | Rake $0 
Seat 1: Zog Buster folded before Flop (didn't bet)
Seat 3: Radyschen folded before Flop (didn't bet)
Seat 4: Dorex2007 folded before Flop (didn't bet)
Seat 6: Eternitypoker (button) folded before Flop (didn't bet)
Seat 7: kyokye (small blind) folded before Flop
Seat 8: fzpp (big blind) collected ($0.02)



PokerStars Hand #224681438715:  Hold'em No Limit ($0.01/$0.02 USD) - 2021/03/10 21:55:29 PT [2021/03/11 0:55:29 ET]
Table 'Tezcatlipoca III' 9-max Seat #7 is the button
Seat 1: Zog Buster ($3.06 in chips) 
Seat 3: Radyschen ($2 in chips) 
Seat 4: Dorex2007 ($3.74 in chips) 
Seat 6: Eternitypoker ($2.82 in chips) 
Seat 7: kyokye ($4.88 in chips) 
Seat 8: fzpp ($1.26 in chips) 
Seat 9: Vaksuller ($0.80 in chips) 
fzpp: posts small blind $0.01
Vaksuller: posts big blind $0.02
*** HOLE CARDS ***
Dealt to Dorex2007 [9d 3d]
Zog Buster: folds 
Radyschen: folds 
Dorex2007: folds 
Eternitypoker: raises $0.06 to $0.08
kyokye: folds 
fzpp: calls $0.07
Vaksuller: calls $0.06
*** FLOP *** [3h Kc Jd]
fzpp: checks 
Vaksuller: checks 
Eternitypoker: bets $0.12
fzpp: folds 
Vaksuller: folds 
Uncalled bet ($0.12) returned to Eternitypoker
Eternitypoker collected $0.23 from pot
Eternitypoker: doesn't show hand 
*** SUMMARY ***
Total pot $0.24 | Rake $0.01 
Board [3h Kc Jd]
Seat 1: Zog Buster folded before Flop (didn't bet)
Seat 3: Radyschen folded before Flop (didn't bet)
Seat 4: Dorex2007 folded before Flop (didn't bet)
Seat 6: Eternitypoker collected ($0.23)
Seat 7: kyokye (button) folded before Flop (didn't bet)
Seat 8: fzpp (small blind) folded on the Flop
Seat 9: Vaksuller (big blind) folded on the Flop



PokerStars Hand #224681446013:  Hold'em No Limit ($0.01/$0.02 USD) - 2021/03/10 21:56:15 PT [2021/03/11 0:56:15 ET]
Table 'Tezcatlipoca III' 9-max Seat #8 is the button
Seat 1: Zog Buster ($3.06 in chips) 
Seat 3: Radyschen ($2 in chips) 
Seat 4: Dorex2007 ($3.74 in chips) 
Seat 6: Eternitypoker ($2.97 in chips) 
Seat 7: kyokye ($4.88 in chips) 
Seat 8: fzpp ($1.18 in chips) 
Seat 9: Vaksuller ($0.72 in chips) 
Vaksuller: posts small blind $0.01
Zog Buster: posts big blind $0.02
*** HOLE CARDS ***
Dealt to Dorex2007 [Th 7h]
Radyschen: folds 
Dorex2007: folds 
Eternitypoker: calls $0.02
kyokye: folds 
fzpp: calls $0.02
Vaksuller: calls $0.01
Zog Buster: checks 
*** FLOP *** [8h Qc 4c]
Vaksuller: checks 
Zog Buster: checks 
Eternitypoker: checks 
fzpp: bets $0.04
Vaksuller: folds 
Zog Buster: folds 
Eternitypoker: folds 
Uncalled bet ($0.04) returned to fzpp
fzpp collected $0.08 from pot
fzpp: doesn't show hand 
*** SUMMARY ***
Total pot $0.08 | Rake $0 
Board [8h Qc 4c]
Seat 1: Zog Buster (big blind) folded on the Flop
Seat 3: Radyschen folded before Flop (didn't bet)
Seat 4: Dorex2007 folded before Flop (didn't bet)
Seat 6: Eternitypoker folded on the Flop
Seat 7: kyokye folded before Flop (didn't bet)
Seat 8: fzpp (button) collected ($0.08)
Seat 9: Vaksuller (small blind) folded on the Flop



PokerStars Hand #224681454383:  Hold'em No Limit ($0.01/$0.02 USD) - 2021/03/10 21:57:10 PT [2021/03/11 0:57:10 ET]
Table 'Tezcatlipoca III' 9-max Seat #9 is the button
Seat 1: Zog Buster ($3.04 in chips) 
Seat 3: Radyschen ($2 in chips) 
Seat 4: Dorex2007 ($3.74 in chips) 
Seat 6: Eternitypoker ($2.95 in chips) 
Seat 8: fzpp ($1.24 in chips) 
Seat 9: Vaksuller ($0.70 in chips) 
Zog Buster: posts small blind $0.01
Radyschen: posts big blind $0.02
*** HOLE CARDS ***
Dealt to Dorex2007 [4d 7c]
Dorex2007: folds 
Eternitypoker: folds 
fzpp: calls $0.02
Vaksuller: calls $0.02
Zog Buster: folds 
Radyschen: checks 
*** FLOP *** [5h 8h 3s]
Radyschen: checks 
fzpp: checks 
Vaksuller: bets $0.06
Radyschen: calls $0.06
fzpp: folds 
*** TURN *** [5h 8h 3s] [8d]
Radyschen: checks 
Vaksuller: checks 
*** RIVER *** [5h 8h 3s 8d] [Ks]
Radyschen: checks 
Vaksuller: bets $0.06
Radyschen: folds 
Uncalled bet ($0.06) returned to Vaksuller
Vaksuller collected $0.18 from pot
Vaksuller: doesn't show hand 
*** SUMMARY ***
Total pot $0.19 | Rake $0.01 
Board [5h 8h 3s 8d Ks]
Seat 1: Zog Buster (small blind) folded before Flop
Seat 3: Radyschen (big blind) folded on the River
Seat 4: Dorex2007 folded before Flop (didn't bet)
Seat 6: Eternitypoker folded before Flop (didn't bet)
Seat 8: fzpp folded on the Flop
Seat 9: Vaksuller (button) collected ($0.18)



PokerStars Hand #224681466259:  Hold'em No Limit ($0.01/$0.02 USD) - 2021/03/10 21:58:28 PT [2021/03/11 0:58:28 ET]
Table 'Tezcatlipoca III' 9-max Seat #1 is the button
Seat 1: Zog Buster ($3.03 in chips) 
Seat 3: Radyschen ($2 in chips) 
Seat 4: Dorex2007 ($3.74 in chips) 
Seat 6: Eternitypoker ($2.95 in chips) 
Seat 7: kyokye ($4.88 in chips) 
Seat 8: fzpp ($1.22 in chips) 
Seat 9: Vaksuller ($0.80 in chips) 
Radyschen: posts small blind $0.01
Dorex2007: posts big blind $0.02
*** HOLE CARDS ***
Dealt to Dorex2007 [9c Tc]
Eternitypoker has timed out
Eternitypoker: folds 
kyokye: raises $0.04 to $0.06
fzpp: folds 
Vaksuller: folds 
Zog Buster: folds 
Radyschen: calls $0.05
Dorex2007: calls $0.04
*** FLOP *** [Jd 3s 5c]
Radyschen: checks 
Dorex2007: bets $0.09
kyokye: calls $0.09
Radyschen: calls $0.09
*** TURN *** [Jd 3s 5c] [5h]
Radyschen: checks 
Dorex2007: checks 
kyokye: bets $0.43
Radyschen: calls $0.43
Dorex2007: folds 
*** RIVER *** [Jd 3s 5c 5h] [6h]
Radyschen: checks 
kyokye: bets $4.30 and is all-in
Radyschen: calls $1.42 and is all-in
Uncalled bet ($2.88) returned to kyokye
*** SHOW DOWN ***
kyokye: shows [Ah As] (two pair, Aces and Fives)
Radyschen: shows [Ac Jc] (two pair, Jacks and Fives)
kyokye collected $4 from pot
*** SUMMARY ***
Total pot $4.15 | Rake $0.15 
Board [Jd 3s 5c 5h 6h]
Seat 1: Zog Buster (button) folded before Flop (didn't bet)
Seat 3: Radyschen (small blind) showed [Ac Jc] and lost with two pair, Jacks and Fives
Seat 4: Dorex2007 (big blind) folded on the Turn
Seat 6: Eternitypoker folded before Flop (didn't bet)
Seat 7: kyokye showed [Ah As] and won ($4) with two pair, Aces and Fives
Seat 8: fzpp folded before Flop (didn't bet)
Seat 9: Vaksuller folded before Flop (didn't bet)



PokerStars Hand #224681477939:  Hold'em No Limit ($0.01/$0.02 USD) - 2021/03/10 21:59:43 PT [2021/03/11 0:59:43 ET]
Table 'Tezcatlipoca III' 9-max Seat #3 is the button
Seat 1: Zog Buster ($3.03 in chips) 
Seat 3: Radyschen ($2 in chips) 
Seat 4: Dorex2007 ($3.59 in chips) 
Seat 6: Eternitypoker ($2.95 in chips) 
Seat 7: kyokye ($6.88 in chips) 
Seat 8: fzpp ($1.22 in chips) 
Seat 9: Vaksuller ($0.80 in chips) 
Dorex2007: posts small blind $0.01
Eternitypoker: posts big blind $0.02
*** HOLE CARDS ***
Dealt to Dorex2007 [4d 9d]
kyokye: raises $0.04 to $0.06
fzpp: folds 
Vaksuller: folds 
Zog Buster: folds 
Radyschen: folds 
Dorex2007: folds 
Eternitypoker: folds 
Uncalled bet ($0.04) returned to kyokye
kyokye collected $0.05 from pot
vasmit leaves the table
kyokye: doesn't show hand 
*** SUMMARY ***
Total pot $0.05 | Rake $0 
Seat 1: Zog Buster folded before Flop (didn't bet)
Seat 3: Radyschen (button) folded before Flop (didn't bet)
Seat 4: Dorex2007 (small blind) folded before Flop
Seat 6: Eternitypoker (big blind) folded before Flop
Seat 7: kyokye collected ($0.05)
Seat 8: fzpp folded before Flop (didn't bet)
Seat 9: Vaksuller folded before Flop (didn't bet)



PokerStars Hand #224681481853:  Hold'em No Limit ($0.01/$0.02 USD) - 2021/03/10 22:00:09 PT [2021/03/11 1:00:09 ET]
Table 'Tezcatlipoca III' 9-max Seat #4 is the button
Seat 1: Zog Buster ($3.03 in chips) 
Seat 4: Dorex2007 ($3.58 in chips) 
Seat 6: Eternitypoker ($2.93 in chips) 
Seat 7: kyokye ($6.91 in chips) 
Seat 8: fzpp ($1.22 in chips) 
Seat 9: Vaksuller ($0.80 in chips) 
Eternitypoker: posts small blind $0.01
kyokye: posts big blind $0.02
*** HOLE CARDS ***
Dealt to Dorex2007 [As 6c]
fzpp: folds 
Vaksuller: folds 
Zog Buster: folds 
Dorex2007: folds 
Eternitypoker: folds 
Uncalled bet ($0.01) returned to kyokye
kyokye collected $0.02 from pot
kyokye: doesn't show hand 
*** SUMMARY ***
Total pot $0.02 | Rake $0 
Seat 1: Zog Buster folded before Flop (didn't bet)
Seat 4: Dorex2007 (button) folded before Flop (didn't bet)
Seat 6: Eternitypoker (small blind) folded before Flop
Seat 7: kyokye (big blind) collected ($0.02)
Seat 8: fzpp folded before Flop (didn't bet)
Seat 9: Vaksuller folded before Flop (didn't bet)



PokerStars Hand #224681484096:  Hold'em No Limit ($0.01/$0.02 USD) - 2021/03/10 22:00:22 PT [2021/03/11 1:00:22 ET]
Table 'Tezcatlipoca III' 9-max Seat #6 is the button
Seat 1: Zog Buster ($3.03 in chips) 
Seat 4: Dorex2007 ($3.58 in chips) 
Seat 6: Eternitypoker ($2.92 in chips) 
Seat 7: kyokye ($6.92 in chips) 
Seat 8: fzpp ($1.22 in chips) 
Seat 9: Vaksuller ($0.80 in chips) 
kyokye: posts small blind $0.01
fzpp: posts big blind $0.02
*** HOLE CARDS ***
Dealt to Dorex2007 [2c 6h]
ser447787 joins the table at seat #5 
Vaksuller: folds 
Zog Buster: folds 
Dorex2007: folds 
Eternitypoker: raises $0.06 to $0.08
kyokye: calls $0.07
fzpp: folds 
*** FLOP *** [4h Kh 4c]
kyokye: checks 
Eternitypoker: bets $0.08
kyokye: calls $0.08
*** TURN *** [4h Kh 4c] [5s]
kyokye: checks 
Eternitypoker: bets $0.14
kyokye: calls $0.14
*** RIVER *** [4h Kh 4c 5s] [3c]
darkhyacinth leaves the table
kyokye: checks 
Eternitypoker: checks 
*** SHOW DOWN ***
kyokye: shows [Td Tc] (two pair, Tens and Fours)
Eternitypoker: mucks hand 
kyokye collected $0.60 from pot
*** SUMMARY ***
Total pot $0.62 | Rake $0.02 
Board [4h Kh 4c 5s 3c]
Seat 1: Zog Buster folded before Flop (didn't bet)
Seat 4: Dorex2007 folded before Flop (didn't bet)
Seat 6: Eternitypoker (button) mucked [9d 9c]
Seat 7: kyokye (small blind) showed [Td Tc] and won ($0.60) with two pair, Tens and Fours
Seat 8: fzpp (big blind) folded before Flop
Seat 9: Vaksuller folded before Flop (didn't bet)



PokerStars Hand #224681495502:  Hold'em No Limit ($0.01/$0.02 USD) - 2021/03/10 22:01:28 PT [2021/03/11 1:01:28 ET]
Table 'Tezcatlipoca III' 9-max Seat #7 is the button
Seat 1: Zog Buster ($3.03 in chips) 
Seat 4: Dorex2007 ($3.58 in chips) 
Seat 6: Eternitypoker ($2.62 in chips) 
Seat 7: kyokye ($7.22 in chips) 
Seat 8: fzpp ($1.20 in chips) 
Seat 9: Vaksuller ($0.80 in chips) 
fzpp: posts small blind $0.01
Vaksuller: posts big blind $0.02
ser447787: sits out 
*** HOLE CARDS ***
Dealt to Dorex2007 [Jc Js]
Zog Buster: folds 
Dorex2007: raises $0.04 to $0.06
Eternitypoker: folds 
Artur16228 joins the table at seat #2 
kyokye: folds 
fzpp: calls $0.05
Vaksuller: folds 
*** FLOP *** [9s 7c 4h]
fzpp: bets $0.07
Dorex2007: raises $0.15 to $0.22
fzpp: folds 
Uncalled bet ($0.15) returned to Dorex2007
Dorex2007 collected $0.27 from pot
Dorex2007: doesn't show hand 
*** SUMMARY ***
Total pot $0.28 | Rake $0.01 
Board [9s 7c 4h]
Seat 1: Zog Buster folded before Flop (didn't bet)
Seat 4: Dorex2007 collected ($0.27)
Seat 6: Eternitypoker folded before Flop (didn't bet)
Seat 7: kyokye (button) folded before Flop (didn't bet)
Seat 8: fzpp (small blind) folded on the Flop
Seat 9: Vaksuller (big blind) folded before Flop



PokerStars Hand #224681502767:  Hold'em No Limit ($0.01/$0.02 USD) - 2021/03/10 22:02:10 PT [2021/03/11 1:02:10 ET]
Table 'Tezcatlipoca III' 9-max Seat #8 is the button
Seat 1: Zog Buster ($3.03 in chips) 
Seat 4: Dorex2007 ($3.72 in chips) 
Seat 6: Eternitypoker ($2.62 in chips) 
Seat 7: kyokye ($7.22 in chips) 
Seat 8: fzpp ($1.07 in chips) 
Seat 9: Vaksuller ($0.78 in chips) 
Vaksuller: posts small blind $0.01
Zog Buster: posts big blind $0.02
Artur16228: sits out 
ser447787: sits out 
*** HOLE CARDS ***
Dealt to Dorex2007 [Js 2d]
Dorex2007: folds 
Eternitypoker: folds 
kyokye: folds 
fzpp: raises $0.02 to $0.04
Vaksuller: calls $0.03
Zog Buster: folds 
*** FLOP *** [6c Jd 5s]
Vaksuller: checks 
fzpp: bets $0.05
Vaksuller: calls $0.05
*** TURN *** [6c Jd 5s] [6h]
Vaksuller: checks 
fzpp: checks 
*** RIVER *** [6c Jd 5s 6h] [Ac]
Vaksuller: checks 
fzpp: checks 
*** SHOW DOWN ***
Vaksuller: shows [5d Td] (two pair, Sixes and Fives)
fzpp: shows [Jh Th] (two pair, Jacks and Sixes)
fzpp collected $0.19 from pot
*** SUMMARY ***
Total pot $0.20 | Rake $0.01 
Board [6c Jd 5s 6h Ac]
Seat 1: Zog Buster (big blind) folded before Flop
Seat 4: Dorex2007 folded before Flop (didn't bet)
Seat 6: Eternitypoker folded before Flop (didn't bet)
Seat 7: kyokye folded before Flop (didn't bet)
Seat 8: fzpp (button) showed [Jh Th] and won ($0.19) with two pair, Jacks and Sixes
Seat 9: Vaksuller (small blind) showed [5d Td] and lost with two pair, Sixes and Fives



PokerStars Hand #224681511750:  Hold'em No Limit ($0.01/$0.02 USD) - 2021/03/10 22:02:59 PT [2021/03/11 1:02:59 ET]
Table 'Tezcatlipoca III' 9-max Seat #9 is the button
Seat 1: Zog Buster ($3.01 in chips) 
Seat 2: Artur16228 ($2 in chips) 
Seat 4: Dorex2007 ($3.72 in chips) 
Seat 6: Eternitypoker ($2.62 in chips) 
Seat 7: kyokye ($7.22 in chips) 
Seat 8: fzpp ($1.17 in chips) 
Seat 9: Vaksuller ($0.69 in chips) 
Zog Buster: posts small blind $0.01
Artur16228: posts big blind $0.02
ser447787: sits out 
*** HOLE CARDS ***
Dealt to Dorex2007 [9h 3c]
Dorex2007: folds 
Eternitypoker: folds 
kyokye: folds 
fzpp: folds 
Vaksuller: raises $0.02 to $0.04
Zog Buster: folds 
Artur16228: folds 
Uncalled bet ($0.02) returned to Vaksuller
Vaksuller collected $0.05 from pot
Vaksuller: doesn't show hand 
*** SUMMARY ***
Total pot $0.05 | Rake $0 
Seat 1: Zog Buster (small blind) folded before Flop
Seat 2: Artur16228 (big blind) folded before Flop
Seat 4: Dorex2007 folded before Flop (didn't bet)
Seat 6: Eternitypoker folded before Flop (didn't bet)
Seat 7: kyokye folded before Flop (didn't bet)
Seat 8: fzpp folded before Flop (didn't bet)
Seat 9: Vaksuller (button) collected ($0.05)



PokerStars Hand #224681516367:  Hold'em No Limit ($0.01/$0.02 USD) - 2021/03/10 22:03:26 PT [2021/03/11 1:03:26 ET]
Table 'Tezcatlipoca III' 9-max Seat #1 is the button
Seat 1: Zog Buster ($3 in chips) 
Seat 2: Artur16228 ($1.98 in chips) 
Seat 3: Radyschen ($2 in chips) 
Seat 4: Dorex2007 ($3.72 in chips) 
Seat 6: Eternitypoker ($2.62 in chips) 
Seat 7: kyokye ($7.22 in chips) 
Seat 8: fzpp ($1.17 in chips) 
Seat 9: Vaksuller ($0.72 in chips) 
Artur16228: posts small blind $0.01
Radyschen: posts big blind $0.02
ser447787: sits out 
*** HOLE CARDS ***
Dealt to Dorex2007 [3h 9s]
Dorex2007: folds 
Eternitypoker: folds 
kyokye: folds 
fzpp: calls $0.02
Vaksuller: calls $0.02
Zog Buster: folds 
Artur16228: folds 
Radyschen: checks 
*** FLOP *** [7d 8d Jd]
Radyschen: checks 
fzpp: checks 
Vaksuller: bets $0.04
Radyschen: folds 
fzpp: calls $0.04
*** TURN *** [7d 8d Jd] [Qd]
fzpp: checks 
Vaksuller: checks 
*** RIVER *** [7d 8d Jd Qd] [Jc]
fzpp: checks 
Vaksuller: checks 
*** SHOW DOWN ***
fzpp: shows [Ks Jh] (three of a kind, Jacks)
Vaksuller: mucks hand 
fzpp collected $0.14 from pot
*** SUMMARY ***
Total pot $0.15 | Rake $0.01 
Board [7d 8d Jd Qd Jc]
Seat 1: Zog Buster (button) folded before Flop (didn't bet)
Seat 2: Artur16228 (small blind) folded before Flop
Seat 3: Radyschen (big blind) folded on the Flop
Seat 4: Dorex2007 folded before Flop (didn't bet)
Seat 6: Eternitypoker folded before Flop (didn't bet)
Seat 7: kyokye folded before Flop (didn't bet)
Seat 8: fzpp showed [Ks Jh] and won ($0.14) with three of a kind, Jacks
Seat 9: Vaksuller mucked [Kh 5s]



PokerStars Hand #224681528852:  Hold'em No Limit ($0.01/$0.02 USD) - 2021/03/10 22:04:34 PT [2021/03/11 1:04:34 ET]
Table 'Tezcatlipoca III' 9-max Seat #2 is the button
Seat 1: Zog Buster ($3 in chips) 
Seat 2: Artur16228 ($1.97 in chips) 
Seat 3: Radyschen ($2 in chips) 
Seat 4: Dorex2007 ($3.72 in chips) 
Seat 6: Eternitypoker ($2.62 in chips) 
Seat 7: kyokye ($7.22 in chips) 
Seat 8: fzpp ($1.25 in chips) 
Seat 9: Vaksuller ($0.66 in chips) 
Radyschen: posts small blind $0.01
Dorex2007: posts big blind $0.02
ser447787: sits out 
*** HOLE CARDS ***
Dealt to Dorex2007 [Ac 4h]
Eternitypoker: folds 
kyokye: folds 
fzpp: folds 
Vaksuller: folds 
Zog Buster: folds 
Artur16228: folds 
Radyschen: folds 
Uncalled bet ($0.01) returned to Dorex2007
Dorex2007 collected $0.02 from pot
Dorex2007: doesn't show hand 
*** SUMMARY ***
Total pot $0.02 | Rake $0 
Seat 1: Zog Buster folded before Flop (didn't bet)
Seat 2: Artur16228 (button) folded before Flop (didn't bet)
Seat 3: Radyschen (small blind) folded before Flop
Seat 4: Dorex2007 (big blind) collected ($0.02)
Seat 6: Eternitypoker folded before Flop (didn't bet)
Seat 7: kyokye folded before Flop (didn't bet)
Seat 8: fzpp folded before Flop (didn't bet)
Seat 9: Vaksuller folded before Flop (didn't bet)



PokerStars Hand #224681531831:  Hold'em No Limit ($0.01/$0.02 USD) - 2021/03/10 22:04:51 PT [2021/03/11 1:04:51 ET]
Table 'Tezcatlipoca III' 9-max Seat #3 is the button
Seat 1: Zog Buster ($3 in chips) 
Seat 2: Artur16228 ($1.97 in chips) 
Seat 3: Radyschen ($2 in chips) 
Seat 4: Dorex2007 ($3.73 in chips) 
Seat 5: ser447787 ($2 in chips) 
Seat 6: Eternitypoker ($2.62 in chips) 
Seat 7: kyokye ($7.22 in chips) 
Seat 8: fzpp ($1.25 in chips) 
Seat 9: Vaksuller ($0.66 in chips) 
Dorex2007: posts small blind $0.01
ser447787: posts big blind $0.02
*** HOLE CARDS ***
Dealt to Dorex2007 [5d 7d]
Eternitypoker: folds 
kyokye: folds 
fzpp: folds 
Vaksuller: calls $0.02
Zog Buster: folds 
Artur16228: folds 
Radyschen: folds 
Dorex2007: folds 
ser447787: checks 
*** FLOP *** [3d 6h 8h]
ser447787: checks 
Vaksuller: checks 
*** TURN *** [3d 6h 8h] [9h]
ser447787: checks 
Vaksuller: bets $0.02
ser447787: folds 
Uncalled bet ($0.02) returned to Vaksuller
Vaksuller collected $0.05 from pot
Vaksuller: doesn't show hand 
*** SUMMARY ***
Total pot $0.05 | Rake $0 
Board [3d 6h 8h 9h]
Seat 1: Zog Buster folded before Flop (didn't bet)
Seat 2: Artur16228 folded before Flop (didn't bet)
Seat 3: Radyschen (button) folded before Flop (didn't bet)
Seat 4: Dorex2007 (small blind) folded before Flop
Seat 5: ser447787 (big blind) folded on the Turn
Seat 6: Eternitypoker folded before Flop (didn't bet)
Seat 7: kyokye folded before Flop (didn't bet)
Seat 8: fzpp folded before Flop (didn't bet)
Seat 9: Vaksuller collected ($0.05)



PokerStars Hand #224681538246:  Hold'em No Limit ($0.01/$0.02 USD) - 2021/03/10 22:05:27 PT [2021/03/11 1:05:27 ET]
Table 'Tezcatlipoca III' 9-max Seat #4 is the button
Seat 1: Zog Buster ($3 in chips) 
Seat 2: Artur16228 ($1.97 in chips) 
Seat 3: Radyschen ($2 in chips) 
Seat 4: Dorex2007 ($3.72 in chips) 
Seat 5: ser447787 ($2 in chips) 
Seat 6: Eternitypoker ($2.62 in chips) 
Seat 7: kyokye ($7.22 in chips) 
Seat 8: fzpp ($1.25 in chips) 
Seat 9: Vaksuller ($0.69 in chips) 
ser447787: posts small blind $0.01
Eternitypoker: posts big blind $0.02
*** HOLE CARDS ***
Dealt to Dorex2007 [2h 8h]
kyokye: folds 
fzpp: folds 
Vaksuller: calls $0.02
Zog Buster: folds 
Artur16228: folds 
Radyschen: folds 
Dorex2007: folds 
ser447787: folds 
Eternitypoker: checks 
*** FLOP *** [Kc Th 9s]
Eternitypoker: bets $0.02
Vaksuller: calls $0.02
*** TURN *** [Kc Th 9s] [9d]
Eternitypoker: bets $0.05
Vaksuller: calls $0.05
*** RIVER *** [Kc Th 9s 9d] [Qc]
Eternitypoker: bets $0.14
Vaksuller: calls $0.14
*** SHOW DOWN ***
Eternitypoker: shows [Qs Jh] (a straight, Nine to King)
Vaksuller: mucks hand 
Eternitypoker collected $0.45 from pot
*** SUMMARY ***
Total pot $0.47 | Rake $0.02 
Board [Kc Th 9s 9d Qc]
Seat 1: Zog Buster folded before Flop (didn't bet)
Seat 2: Artur16228 folded before Flop (didn't bet)
Seat 3: Radyschen folded before Flop (didn't bet)
Seat 4: Dorex2007 (button) folded before Flop (didn't bet)
Seat 5: ser447787 (small blind) folded before Flop
Seat 6: Eternitypoker (big blind) showed [Qs Jh] and won ($0.45) with a straight, Nine to King
Seat 7: kyokye folded before Flop (didn't bet)
Seat 8: fzpp folded before Flop (didn't bet)
Seat 9: Vaksuller mucked [6h Kd]



PokerStars Hand #224681550763:  Hold'em No Limit ($0.01/$0.02 USD) - 2021/03/10 22:06:39 PT [2021/03/11 1:06:39 ET]
Table 'Tezcatlipoca III' 9-max Seat #5 is the button
Seat 1: Zog Buster ($3 in chips) 
Seat 2: Artur16228 ($1.97 in chips) 
Seat 3: Radyschen ($2 in chips) 
Seat 4: Dorex2007 ($3.72 in chips) 
Seat 5: ser447787 ($2 in chips) 
Seat 6: Eternitypoker ($2.84 in chips) 
Seat 7: kyokye ($7.22 in chips) 
Seat 8: fzpp ($1.25 in chips) 
Seat 9: Vaksuller ($0.46 in chips) 
Eternitypoker: posts small blind $0.01
kyokye: posts big blind $0.02
*** HOLE CARDS ***
Dealt to Dorex2007 [9d As]
fzpp: folds 
Vaksuller: folds 
Zog Buster: folds 
Artur16228 has timed out
Artur16228: folds 
Radyschen: folds 
Dorex2007: folds 
ser447787: folds 
Eternitypoker: folds 
Uncalled bet ($0.01) returned to kyokye
kyokye collected $0.02 from pot
kyokye: doesn't show hand 
*** SUMMARY ***
Total pot $0.02 | Rake $0 
Seat 1: Zog Buster folded before Flop (didn't bet)
Seat 2: Artur16228 folded before Flop (didn't bet)
Seat 3: Radyschen folded before Flop (didn't bet)
Seat 4: Dorex2007 folded before Flop (didn't bet)
Seat 5: ser447787 (button) folded before Flop (didn't bet)
Seat 6: Eternitypoker (small blind) folded before Flop
Seat 7: kyokye (big blind) collected ($0.02)
Seat 8: fzpp folded before Flop (didn't bet)
Seat 9: Vaksuller folded before Flop (didn't bet)



PokerStars Hand #224681632671:  Hold'em No Limit ($0.01/$0.02 USD) - 2021/03/10 22:14:17 PT [2021/03/11 1:14:17 ET]
Table 'Tezcatlipoca III' 9-max Seat #8 is the button
Seat 1: Ciobanu1985 ($0.12 in chips) 
Seat 2: Artur16228 ($2.07 in chips) 
Seat 4: Dorex2007 ($3.72 in chips) 
Seat 6: Eternitypoker ($2.88 in chips) 
Seat 7: kyokye ($7.04 in chips) 
Seat 8: fzpp ($2.32 in chips) 
Ciobanu1985: posts small blind $0.01
Artur16228: posts big blind $0.02
Dorex2007: posts small & big blinds $0.03
*** HOLE CARDS ***
Dealt to Dorex2007 [Td 8s]
Dorex2007: checks 
Eternitypoker: raises $0.05 to $0.07
kyokye: folds 
fzpp: folds 
Ciobanu1985: raises $0.05 to $0.12 and is all-in
Artur16228: folds 
Dorex2007: folds 
Eternitypoker: calls $0.05
*** FLOP *** [4h 3s 8h]
*** TURN *** [4h 3s 8h] [5s]
*** RIVER *** [4h 3s 8h 5s] [3h]
*** SHOW DOWN ***
Ciobanu1985: shows [7d Kc] (a pair of Threes)
Eternitypoker: shows [Kh Ad] (a pair of Threes - Ace kicker)
Eternitypoker collected $0.28 from pot
*** SUMMARY ***
Total pot $0.29 | Rake $0.01 
Board [4h 3s 8h 5s 3h]
Seat 1: Ciobanu1985 (small blind) showed [7d Kc] and lost with a pair of Threes
Seat 2: Artur16228 (big blind) folded before Flop
Seat 4: Dorex2007 folded before Flop (didn't bet)
Seat 6: Eternitypoker showed [Kh Ad] and won ($0.28) with a pair of Threes
Seat 7: kyokye folded before Flop (didn't bet)
Seat 8: fzpp (button) folded before Flop (didn't bet)



PokerStars Hand #224681640871:  Hold'em No Limit ($0.01/$0.02 USD) - 2021/03/10 22:15:03 PT [2021/03/11 1:15:03 ET]
Table 'Tezcatlipoca III' 9-max Seat #1 is the button
Seat 1: Ciobanu1985 ($1 in chips) 
Seat 2: Artur16228 ($2.05 in chips) 
Seat 4: Dorex2007 ($3.69 in chips) 
Seat 6: Eternitypoker ($3.04 in chips) 
Seat 7: kyokye ($7.04 in chips) 
Seat 8: fzpp ($2.32 in chips) 
Artur16228: posts small blind $0.01
Dorex2007: posts big blind $0.02
*** HOLE CARDS ***
Dealt to Dorex2007 [Qc Qs]
Eternitypoker has timed out
Eternitypoker: folds 
kyokye: folds 
fzpp: calls $0.02
Ciobanu1985: raises $0.04 to $0.06
Artur16228: folds 
Dorex2007: raises $0.10 to $0.16
fzpp: folds 
Ciobanu1985: calls $0.10
*** FLOP *** [As 5s 5c]
Dorex2007: bets $0.17
Ciobanu1985: calls $0.17
*** TURN *** [As 5s 5c] [8h]
Dorex2007: checks 
Ciobanu1985: bets $0.33
Dorex2007: folds 
Uncalled bet ($0.33) returned to Ciobanu1985
Ciobanu1985 collected $0.67 from pot
Ciobanu1985: doesn't show hand 
*** SUMMARY ***
Total pot $0.69 | Rake $0.02 
Board [As 5s 5c 8h]
Seat 1: Ciobanu1985 (button) collected ($0.67)
Seat 2: Artur16228 (small blind) folded before Flop
Seat 4: Dorex2007 (big blind) folded on the Turn
Seat 6: Eternitypoker folded before Flop (didn't bet)
Seat 7: kyokye folded before Flop (didn't bet)
Seat 8: fzpp folded before Flop



PokerStars Hand #224681649737:  Hold'em No Limit ($0.01/$0.02 USD) - 2021/03/10 22:15:53 PT [2021/03/11 1:15:53 ET]
Table 'Tezcatlipoca III' 9-max Seat #2 is the button
Seat 1: Ciobanu1985 ($1.34 in chips) 
Seat 2: Artur16228 ($2.04 in chips) 
Seat 4: Dorex2007 ($3.36 in chips) 
Seat 8: fzpp ($2.30 in chips) 
Dorex2007: posts small blind $0.01
kyokye: is sitting out 
fzpp: posts big blind $0.02
*** HOLE CARDS ***
Dealt to Dorex2007 [3h Kd]
Ciobanu1985: calls $0.02
Artur16228: raises $0.02 to $0.04
Dorex2007: calls $0.03
fzpp: calls $0.02
Ciobanu1985: calls $0.02
*** FLOP *** [Kc Jd 6h]
Dorex2007: checks 
fzpp: checks 
Ciobanu1985: checks 
Artur16228: checks 
*** TURN *** [Kc Jd 6h] [8h]
Dorex2007: checks 
fzpp: checks 
Ciobanu1985: bets $0.04
Artur16228: calls $0.04
kyokye leaves the table
Dorex2007: calls $0.04
fzpp: folds 
*** RIVER *** [Kc Jd 6h 8h] [5h]
Dorex2007: checks 
Ciobanu1985: checks 
Artur16228: bets $0.27
Dorex2007: folds 
Ciobanu1985: calls $0.27
*** SHOW DOWN ***
Artur16228: shows [7h Ah] (a flush, Ace high)
Ciobanu1985: mucks hand 
Artur16228 collected $0.79 from pot
*** SUMMARY ***
Total pot $0.82 | Rake $0.03 
Board [Kc Jd 6h 8h 5h]
Seat 1: Ciobanu1985 mucked [Js Td]
Seat 2: Artur16228 (button) showed [7h Ah] and won ($0.79) with a flush, Ace high
Seat 4: Dorex2007 (small blind) folded on the River
Seat 8: fzpp (big blind) folded on the Turn



