PokerStars Hand #224086137889:  Hold'em No Limit ($0.01/$0.02 USD) - 2021/02/21 15:33:47 PT [2021/02/21 18:33:47 ET]
Table 'Pafuri V' 9-max Seat #4 is the button
Seat 1: tommykoko13 ($1.95 in chips) 
Seat 2: Ornuska ($4.08 in chips) 
Seat 3: AKY7A ($1.48 in chips) 
Seat 4: culaie 36 ($8.30 in chips) 
Seat 6: ElGinoo1 ($2.13 in chips) 
Seat 7: Dorex2007 ($1.50 in chips) 
Seat 8: erlis82 ($2.15 in chips) 
Seat 9: Merkur 10 ($2.58 in chips) 
ElGinoo1: posts small blind $0.01
Dorex2007: posts big blind $0.02
*** HOLE CARDS ***
Dealt to Dorex2007 [4s Qd]
erlis82: calls $0.02
Merkur 10: folds 
tommykoko13: folds 
Ornuska: calls $0.02
AKY7A: folds 
culaie 36: raises $0.09 to $0.11
ElGinoo1: folds 
Dorex2007: folds 
erlis82: folds 
Ornuska: folds 
Uncalled bet ($0.09) returned to culaie 36
culaie 36 collected $0.09 from pot
*** SUMMARY ***
Total pot $0.09 | Rake $0 
Seat 1: tommykoko13 folded before Flop (didn't bet)
Seat 2: Ornuska folded before Flop
Seat 3: AKY7A folded before Flop (didn't bet)
Seat 4: culaie 36 (button) collected ($0.09)
Seat 6: ElGinoo1 (small blind) folded before Flop
Seat 7: Dorex2007 (big blind) folded before Flop
Seat 8: erlis82 folded before Flop
Seat 9: Merkur 10 folded before Flop (didn't bet)



PokerStars Hand #224086150383:  Hold'em No Limit ($0.01/$0.02 USD) - 2021/02/21 15:34:10 PT [2021/02/21 18:34:10 ET]
Table 'Pafuri V' 9-max Seat #6 is the button
Seat 1: tommykoko13 ($1.95 in chips) 
Seat 2: Ornuska ($4.06 in chips) 
Seat 3: AKY7A ($1.48 in chips) 
Seat 4: culaie 36 ($8.37 in chips) 
Seat 6: ElGinoo1 ($2.12 in chips) 
Seat 7: Dorex2007 ($1.48 in chips) 
Seat 8: erlis82 ($2.13 in chips) 
Seat 9: Merkur 10 ($2.58 in chips) 
Dorex2007: posts small blind $0.01
erlis82: posts big blind $0.02
Antracyd: sits out 
*** HOLE CARDS ***
Dealt to Dorex2007 [Kd 8d]
Merkur 10: folds 
tommykoko13: folds 
Ornuska: raises $0.02 to $0.04
AKY7A: folds 
culaie 36: folds 
ElGinoo1: folds 
Dorex2007: folds 
erlis82: folds 
Uncalled bet ($0.02) returned to Ornuska
Ornuska collected $0.05 from pot
*** SUMMARY ***
Total pot $0.05 | Rake $0 
Seat 1: tommykoko13 folded before Flop (didn't bet)
Seat 2: Ornuska collected ($0.05)
Seat 3: AKY7A folded before Flop (didn't bet)
Seat 4: culaie 36 folded before Flop (didn't bet)
Seat 6: ElGinoo1 (button) folded before Flop (didn't bet)
Seat 7: Dorex2007 (small blind) folded before Flop
Seat 8: erlis82 (big blind) folded before Flop
Seat 9: Merkur 10 folded before Flop (didn't bet)



PokerStars Hand #224086163295:  Hold'em No Limit ($0.01/$0.02 USD) - 2021/02/21 15:34:34 PT [2021/02/21 18:34:34 ET]
Table 'Pafuri V' 9-max Seat #7 is the button
Seat 1: tommykoko13 ($1.95 in chips) 
Seat 2: Ornuska ($4.09 in chips) 
Seat 3: AKY7A ($1.48 in chips) 
Seat 4: culaie 36 ($8.37 in chips) 
Seat 6: ElGinoo1 ($2.12 in chips) 
Seat 7: Dorex2007 ($1.47 in chips) 
Seat 8: erlis82 ($2.11 in chips) 
Seat 9: Merkur 10 ($2.58 in chips) 
erlis82: posts small blind $0.01
Merkur 10: posts big blind $0.02
Antracyd: sits out 
*** HOLE CARDS ***
Dealt to Dorex2007 [Ah 9c]
tommykoko13: folds 
Ornuska: calls $0.02
AKY7A: calls $0.02
culaie 36: folds 
ElGinoo1: folds 
Dorex2007: calls $0.02
erlis82: calls $0.01
Merkur 10: checks 
*** FLOP *** [2d Js Qc]
erlis82: bets $0.02
Merkur 10: folds 
Ornuska: raises $0.02 to $0.04
AKY7A: folds 
Dorex2007: folds 
erlis82: calls $0.02
*** TURN *** [2d Js Qc] [4d]
erlis82: checks 
Ornuska: checks 
*** RIVER *** [2d Js Qc 4d] [As]
erlis82: checks 
Ornuska: bets $0.22
erlis82: folds 
Uncalled bet ($0.22) returned to Ornuska
Ornuska collected $0.17 from pot
*** SUMMARY ***
Total pot $0.18 | Rake $0.01 
Board [2d Js Qc 4d As]
Seat 1: tommykoko13 folded before Flop (didn't bet)
Seat 2: Ornuska collected ($0.17)
Seat 3: AKY7A folded on the Flop
Seat 4: culaie 36 folded before Flop (didn't bet)
Seat 6: ElGinoo1 folded before Flop (didn't bet)
Seat 7: Dorex2007 (button) folded on the Flop
Seat 8: erlis82 (small blind) folded on the River
Seat 9: Merkur 10 (big blind) folded on the Flop



PokerStars Hand #224086195053:  Hold'em No Limit ($0.01/$0.02 USD) - 2021/02/21 15:35:33 PT [2021/02/21 18:35:33 ET]
Table 'Pafuri V' 9-max Seat #8 is the button
Seat 1: tommykoko13 ($1.95 in chips) 
Seat 2: Ornuska ($4.20 in chips) 
Seat 3: AKY7A ($1.46 in chips) 
Seat 4: culaie 36 ($8.37 in chips) 
Seat 6: ElGinoo1 ($2.12 in chips) 
Seat 7: Dorex2007 ($1.45 in chips) 
Seat 8: erlis82 ($2.05 in chips) 
Seat 9: Merkur 10 ($2.56 in chips) 
Merkur 10: posts small blind $0.01
tommykoko13: posts big blind $0.02
Antracyd: sits out 
*** HOLE CARDS ***
Dealt to Dorex2007 [Qh Ks]
Ornuska: raises $0.02 to $0.04
AKY7A: folds 
culaie 36: calls $0.04
ElGinoo1: calls $0.04
Dorex2007: calls $0.04
erlis82: calls $0.04
Merkur 10: folds 
tommykoko13: folds 
*** FLOP *** [3s 7c Jc]
Ornuska: checks 
culaie 36: checks 
ElGinoo1: checks 
Dorex2007: bets $0.11
erlis82: calls $0.11
Ornuska: folds 
culaie 36: folds 
ElGinoo1: folds 
*** TURN *** [3s 7c Jc] [6s]
Dorex2007: checks 
erlis82: checks 
*** RIVER *** [3s 7c Jc 6s] [Qc]
Dorex2007: checks 
erlis82: bets $0.27
Dorex2007: calls $0.27
*** SHOW DOWN ***
erlis82: shows [Ac 9c] (a flush, Ace high)
Dorex2007: mucks hand 
erlis82 collected $0.96 from pot
*** SUMMARY ***
Total pot $0.99 | Rake $0.03 
Board [3s 7c Jc 6s Qc]
Seat 1: tommykoko13 (big blind) folded before Flop
Seat 2: Ornuska folded on the Flop
Seat 3: AKY7A folded before Flop (didn't bet)
Seat 4: culaie 36 folded on the Flop
Seat 6: ElGinoo1 folded on the Flop
Seat 7: Dorex2007 mucked [Qh Ks]
Seat 8: erlis82 (button) showed [Ac 9c] and won ($0.96) with a flush, Ace high
Seat 9: Merkur 10 (small blind) folded before Flop



PokerStars Hand #224086238304:  Hold'em No Limit ($0.01/$0.02 USD) - 2021/02/21 15:36:54 PT [2021/02/21 18:36:54 ET]
Table 'Pafuri V' 9-max Seat #9 is the button
Seat 1: tommykoko13 ($1.93 in chips) 
Seat 2: Ornuska ($4.16 in chips) 
Seat 3: AKY7A ($1.46 in chips) 
Seat 4: culaie 36 ($8.33 in chips) 
Seat 6: ElGinoo1 ($2.08 in chips) 
Seat 7: Dorex2007 ($1.03 in chips) 
Seat 8: erlis82 ($2.59 in chips) 
Seat 9: Merkur 10 ($2.55 in chips) 
tommykoko13: posts small blind $0.01
Ornuska: posts big blind $0.02
Antracyd: sits out 
*** HOLE CARDS ***
Dealt to Dorex2007 [5d 6h]
AKY7A: raises $0.04 to $0.06
culaie 36: raises $0.24 to $0.30
ElGinoo1 has timed out
ElGinoo1: folds 
Dorex2007: folds 
erlis82: folds 
Merkur 10: folds 
tommykoko13: folds 
Ornuska: folds 
AKY7A: calls $0.24
*** FLOP *** [8d 3h 7d]
tommykoko13 leaves the table
AKY7A: checks 
culaie 36: bets $0.61
AKY7A: raises $0.55 to $1.16 and is all-in
Asseverteckt joins the table at seat #1 
culaie 36: calls $0.55
*** TURN *** [8d 3h 7d] [Qc]
*** RIVER *** [8d 3h 7d Qc] [Qs]
*** SHOW DOWN ***
AKY7A: shows [Jd Js] (two pair, Queens and Jacks)
culaie 36: shows [Jc Jh] (two pair, Queens and Jacks)
AKY7A collected $1.43 from pot
culaie 36 collected $1.42 from pot
*** SUMMARY ***
Total pot $2.95 | Rake $0.10 
Board [8d 3h 7d Qc Qs]
Seat 1: tommykoko13 (small blind) folded before Flop
Seat 2: Ornuska (big blind) folded before Flop
Seat 3: AKY7A showed [Jd Js] and won ($1.43) with two pair, Queens and Jacks
Seat 4: culaie 36 showed [Jc Jh] and won ($1.42) with two pair, Queens and Jacks
Seat 6: ElGinoo1 folded before Flop (didn't bet)
Seat 7: Dorex2007 folded before Flop (didn't bet)
Seat 8: erlis82 folded before Flop (didn't bet)
Seat 9: Merkur 10 (button) folded before Flop (didn't bet)



PokerStars Hand #224086280501:  Hold'em No Limit ($0.01/$0.02 USD) - 2021/02/21 15:38:13 PT [2021/02/21 18:38:13 ET]
Table 'Pafuri V' 9-max Seat #2 is the button
Seat 2: Ornuska ($4.14 in chips) 
Seat 3: AKY7A ($1.43 in chips) 
Seat 4: culaie 36 ($8.29 in chips) 
Seat 6: ElGinoo1 ($2.08 in chips) 
Seat 7: Dorex2007 ($1.83 in chips) 
Seat 8: erlis82 ($2.59 in chips) 
Seat 9: Merkur 10 ($2.55 in chips) 
AKY7A: posts small blind $0.01
culaie 36: posts big blind $0.02
Antracyd: sits out 
Asseverteckt: sits out 
*** HOLE CARDS ***
Dealt to Dorex2007 [Qh 6s]
ElGinoo1: folds 
Dorex2007: folds 
erlis82: folds 
Merkur 10: folds 
Ornuska: calls $0.02
AKY7A is disconnected 
AKY7A is connected 
AKY7A: calls $0.01
culaie 36: checks 
*** FLOP *** [Kh 2h 2d]
AKY7A: checks 
culaie 36: checks 
Ornuska: bets $0.02
AKY7A: folds 
culaie 36: folds 
Uncalled bet ($0.02) returned to Ornuska
Ornuska collected $0.06 from pot
*** SUMMARY ***
Total pot $0.06 | Rake $0 
Board [Kh 2h 2d]
Seat 2: Ornuska (button) collected ($0.06)
Seat 3: AKY7A (small blind) folded on the Flop
Seat 4: culaie 36 (big blind) folded on the Flop
Seat 6: ElGinoo1 folded before Flop (didn't bet)
Seat 7: Dorex2007 folded before Flop (didn't bet)
Seat 8: erlis82 folded before Flop (didn't bet)
Seat 9: Merkur 10 folded before Flop (didn't bet)



PokerStars Hand #224086315946:  Hold'em No Limit ($0.01/$0.02 USD) - 2021/02/21 15:39:20 PT [2021/02/21 18:39:20 ET]
Table 'Pafuri V' 9-max Seat #3 is the button
Seat 2: Ornuska ($4.18 in chips) 
Seat 3: AKY7A ($1.41 in chips) 
Seat 4: culaie 36 ($8.27 in chips) 
Seat 5: Antracyd ($2 in chips) 
Seat 6: ElGinoo1 ($2.08 in chips) 
Seat 7: Dorex2007 ($1.83 in chips) 
Seat 8: erlis82 ($2.59 in chips) 
Seat 9: Merkur 10 ($2.55 in chips) 
culaie 36: posts small blind $0.01
Antracyd: posts big blind $0.02
Asseverteckt: sits out 
*** HOLE CARDS ***
Dealt to Dorex2007 [4d 6h]
ElGinoo1: folds 
Dorex2007: folds 
erlis82: calls $0.02
Merkur 10: folds 
Ornuska has timed out
Ornuska: folds 
AKY7A: folds 
culaie 36: calls $0.01
Antracyd: checks 
*** FLOP *** [5h 9d Th]
culaie 36: bets $0.02
Antracyd: folds 
erlis82: calls $0.02
*** TURN *** [5h 9d Th] [7s]
culaie 36: checks 
erlis82: checks 
*** RIVER *** [5h 9d Th 7s] [Ac]
culaie 36: checks 
erlis82: bets $0.05
culaie 36: calls $0.05
*** SHOW DOWN ***
erlis82: shows [8d Ad] (a pair of Aces)
culaie 36: mucks hand 
erlis82 collected $0.19 from pot
*** SUMMARY ***
Total pot $0.20 | Rake $0.01 
Board [5h 9d Th 7s Ac]
Seat 2: Ornuska folded before Flop (didn't bet)
Seat 3: AKY7A (button) folded before Flop (didn't bet)
Seat 4: culaie 36 (small blind) mucked [9s Kc]
Seat 5: Antracyd (big blind) folded on the Flop
Seat 6: ElGinoo1 folded before Flop (didn't bet)
Seat 7: Dorex2007 folded before Flop (didn't bet)
Seat 8: erlis82 showed [8d Ad] and won ($0.19) with a pair of Aces
Seat 9: Merkur 10 folded before Flop (didn't bet)



PokerStars Hand #224086346113:  Hold'em No Limit ($0.01/$0.02 USD) - 2021/02/21 15:40:17 PT [2021/02/21 18:40:17 ET]
Table 'Pafuri V' 9-max Seat #4 is the button
Seat 2: Ornuska ($4.18 in chips) 
Seat 3: AKY7A ($1.41 in chips) 
Seat 4: culaie 36 ($8.18 in chips) 
Seat 5: Antracyd ($1.98 in chips) 
Seat 6: ElGinoo1 ($2.08 in chips) 
Seat 7: Dorex2007 ($1.83 in chips) 
Seat 8: erlis82 ($2.69 in chips) 
Seat 9: Merkur 10 ($2.55 in chips) 
Antracyd: posts small blind $0.01
ElGinoo1: posts big blind $0.02
Asseverteckt: sits out 
*** HOLE CARDS ***
Dealt to Dorex2007 [Ks 4h]
Dorex2007: folds 
erlis82: folds 
Merkur 10: calls $0.02
Ornuska: calls $0.02
AKY7A: folds 
culaie 36: raises $0.14 to $0.16
Antracyd: folds 
ElGinoo1: folds 
Merkur 10: folds 
Ornuska: folds 
Uncalled bet ($0.14) returned to culaie 36
culaie 36 collected $0.09 from pot
*** SUMMARY ***
Total pot $0.09 | Rake $0 
Seat 2: Ornuska folded before Flop
Seat 3: AKY7A folded before Flop (didn't bet)
Seat 4: culaie 36 (button) collected ($0.09)
Seat 5: Antracyd (small blind) folded before Flop
Seat 6: ElGinoo1 (big blind) folded before Flop
Seat 7: Dorex2007 folded before Flop (didn't bet)
Seat 8: erlis82 folded before Flop (didn't bet)
Seat 9: Merkur 10 folded before Flop



PokerStars Hand #224086357829:  Hold'em No Limit ($0.01/$0.02 USD) - 2021/02/21 15:40:40 PT [2021/02/21 18:40:40 ET]
Table 'Pafuri V' 9-max Seat #5 is the button
Seat 2: Ornuska ($4.16 in chips) 
Seat 3: AKY7A ($1.41 in chips) 
Seat 4: culaie 36 ($8.25 in chips) 
Seat 5: Antracyd ($1.97 in chips) 
Seat 6: ElGinoo1 ($2.06 in chips) 
Seat 7: Dorex2007 ($1.83 in chips) 
Seat 8: erlis82 ($2.69 in chips) 
Seat 9: Merkur 10 ($2.53 in chips) 
ElGinoo1: posts small blind $0.01
Dorex2007: posts big blind $0.02
Asseverteckt: sits out 
*** HOLE CARDS ***
Dealt to Dorex2007 [Ad 8h]
erlis82: calls $0.02
Merkur 10: folds 
Ornuska: calls $0.02
AKY7A: calls $0.02
culaie 36: raises $0.11 to $0.13
Antracyd: folds 
ElGinoo1: folds 
Dorex2007: folds 
erlis82: folds 
Ornuska: calls $0.11
AKY7A: calls $0.11
*** FLOP *** [4h Qh 3d]
Ornuska: bets $0.22
AKY7A: calls $0.22
culaie 36: folds 
*** TURN *** [4h Qh 3d] [6d]
Ornuska: bets $0.54
AKY7A: raises $0.52 to $1.06 and is all-in
Ornuska: calls $0.52
Ornuska has timed out
*** RIVER *** [4h Qh 3d 6d] [Tc]
*** SHOW DOWN ***
Ornuska: shows [8c Qs] (a pair of Queens)
AKY7A: shows [Kh 9h] (high card King)
Ornuska collected $2.90 from pot
*** SUMMARY ***
Total pot $3 | Rake $0.10 
Board [4h Qh 3d 6d Tc]
Seat 2: Ornuska showed [8c Qs] and won ($2.90) with a pair of Queens
Seat 3: AKY7A showed [Kh 9h] and lost with high card King
Seat 4: culaie 36 folded on the Flop
Seat 5: Antracyd (button) folded before Flop (didn't bet)
Seat 6: ElGinoo1 (small blind) folded before Flop
Seat 7: Dorex2007 (big blind) folded before Flop
Seat 8: erlis82 folded before Flop
Seat 9: Merkur 10 folded before Flop (didn't bet)



PokerStars Hand #224086412725:  Hold'em No Limit ($0.01/$0.02 USD) - 2021/02/21 15:42:10 PT [2021/02/21 18:42:10 ET]
Table 'Pafuri V' 9-max Seat #6 is the button
Seat 2: Ornuska ($5.65 in chips) 
Seat 4: culaie 36 ($8.12 in chips) 
Seat 5: Antracyd ($1.97 in chips) 
Seat 6: ElGinoo1 ($2.05 in chips) 
Seat 7: Dorex2007 ($1.81 in chips) 
Seat 8: erlis82 ($2.67 in chips) 
Seat 9: Merkur 10 ($2.53 in chips) 
Dorex2007: posts small blind $0.01
erlis82: posts big blind $0.02
Asseverteckt: sits out 
*** HOLE CARDS ***
Dealt to Dorex2007 [9s 6s]
Merkur 10: folds 
AKY7A leaves the table
Ornuska: folds 
culaie 36: calls $0.02
Antracyd: calls $0.02
Raaaab10 joins the table at seat #3 
Antracyd is disconnected 
ElGinoo1 has timed out
ElGinoo1: folds 
Dorex2007: folds 
erlis82: checks 
*** FLOP *** [Td Qh As]
erlis82: checks 
culaie 36: bets $0.07
Antracyd: calls $0.07
ElGinoo1 is disconnected 
erlis82: folds 
*** TURN *** [Td Qh As] [2d]
culaie 36: checks 
Antracyd: bets $0.12
culaie 36: calls $0.12
*** RIVER *** [Td Qh As 2d] [4d]
culaie 36: checks 
Antracyd: bets $0.43
culaie 36: calls $0.43
*** SHOW DOWN ***
Antracyd: shows [Jd 8d] (a flush, Jack high)
culaie 36: mucks hand 
Antracyd collected $1.26 from pot
*** SUMMARY ***
Total pot $1.31 | Rake $0.05 
Board [Td Qh As 2d 4d]
Seat 2: Ornuska folded before Flop (didn't bet)
Seat 4: culaie 36 mucked [9h Ad]
Seat 5: Antracyd showed [Jd 8d] and won ($1.26) with a flush, Jack high
Seat 6: ElGinoo1 (button) folded before Flop (didn't bet)
Seat 7: Dorex2007 (small blind) folded before Flop
Seat 8: erlis82 (big blind) folded on the Flop
Seat 9: Merkur 10 folded before Flop (didn't bet)



PokerStars Hand #224086460557:  Hold'em No Limit ($0.01/$0.02 USD) - 2021/02/21 15:43:35 PT [2021/02/21 18:43:35 ET]
Table 'Pafuri V' 9-max Seat #7 is the button
Seat 2: Ornuska ($5.65 in chips) 
Seat 4: culaie 36 ($7.48 in chips) 
Seat 5: Antracyd ($2.59 in chips) 
Seat 7: Dorex2007 ($1.80 in chips) 
Seat 8: erlis82 ($2.65 in chips) 
Seat 9: Merkur 10 ($2.53 in chips) 
erlis82: posts small blind $0.01
Merkur 10: posts big blind $0.02
Asseverteckt: sits out 
Raaaab10: sits out 
*** HOLE CARDS ***
Dealt to Dorex2007 [2c Kd]
Ornuska: calls $0.02
culaie 36: folds 
culaie 36 leaves the table
Antracyd: folds 
Dorex2007: folds 
erlis82: folds 
Merkur 10: checks 
*** FLOP *** [Tc 8c 3d]
Merkur 10: checks 
Ornuska: checks 
*** TURN *** [Tc 8c 3d] [9d]
Raaaab10 leaves the table
Merkur 10: checks 
Ornuska: bets $0.12
Merkur 10: folds 
Uncalled bet ($0.12) returned to Ornuska
Ornuska collected $0.05 from pot
*** SUMMARY ***
Total pot $0.05 | Rake $0 
Board [Tc 8c 3d 9d]
Seat 2: Ornuska collected ($0.05)
Seat 4: culaie 36 folded before Flop (didn't bet)
Seat 5: Antracyd folded before Flop (didn't bet)
Seat 7: Dorex2007 (button) folded before Flop (didn't bet)
Seat 8: erlis82 (small blind) folded before Flop
Seat 9: Merkur 10 (big blind) folded on the Turn



PokerStars Hand #224086478944:  Hold'em No Limit ($0.01/$0.02 USD) - 2021/02/21 15:44:10 PT [2021/02/21 18:44:10 ET]
Table 'Pafuri V' 9-max Seat #8 is the button
Seat 1: Asseverteckt ($2 in chips) 
Seat 2: Ornuska ($5.68 in chips) 
Seat 5: Antracyd ($2.59 in chips) 
Seat 7: Dorex2007 ($1.80 in chips) 
Seat 8: erlis82 ($2.64 in chips) 
Seat 9: Merkur 10 ($2.51 in chips) 
Merkur 10: posts small blind $0.01
Asseverteckt: posts big blind $0.02
*** HOLE CARDS ***
Dealt to Dorex2007 [4h Td]
Ornuska: raises $0.02 to $0.04
Antracyd: folds 
Dorex2007: folds 
erlis82: folds 
bidan77 joins the table at seat #3 
Merkur 10: folds 
Asseverteckt: folds 
Uncalled bet ($0.02) returned to Ornuska
Ornuska collected $0.05 from pot
*** SUMMARY ***
Total pot $0.05 | Rake $0 
Seat 1: Asseverteckt (big blind) folded before Flop
Seat 2: Ornuska collected ($0.05)
Seat 5: Antracyd folded before Flop (didn't bet)
Seat 7: Dorex2007 folded before Flop (didn't bet)
Seat 8: erlis82 (button) folded before Flop (didn't bet)
Seat 9: Merkur 10 (small blind) folded before Flop



PokerStars Hand #224086485176:  Hold'em No Limit ($0.01/$0.02 USD) - 2021/02/21 15:44:22 PT [2021/02/21 18:44:22 ET]
Table 'Pafuri V' 9-max Seat #9 is the button
Seat 1: Asseverteckt ($1.98 in chips) 
Seat 2: Ornuska ($5.71 in chips) 
Seat 5: Antracyd ($2.59 in chips) 
Seat 7: Dorex2007 ($1.80 in chips) 
Seat 8: erlis82 ($2.64 in chips) 
Seat 9: Merkur 10 ($2.50 in chips) 
Asseverteckt: posts small blind $0.01
Ornuska: posts big blind $0.02
bidan77: sits out 
*** HOLE CARDS ***
Dealt to Dorex2007 [4c 7d]
Antracyd: raises $0.02 to $0.04
Dorex2007: folds 
erlis82: folds 
Merkur 10: folds 
Asseverteckt: calls $0.03
Ornuska: raises $0.02 to $0.06
Antracyd: calls $0.02
bidan77 is disconnected 
Asseverteckt: calls $0.02
*** FLOP *** [Ah 5c 8s]
Asseverteckt: checks 
Ornuska: checks 
Antracyd: checks 
*** TURN *** [Ah 5c 8s] [3c]
Asseverteckt: checks 
Ornuska: checks 
Antracyd: checks 
*** RIVER *** [Ah 5c 8s 3c] [4h]
Asseverteckt: checks 
Ornuska: bets $0.24
Antracyd: folds 
Asseverteckt: folds 
Uncalled bet ($0.24) returned to Ornuska
Ornuska collected $0.17 from pot
rafael-nik joins the table at seat #4 
*** SUMMARY ***
Total pot $0.18 | Rake $0.01 
Board [Ah 5c 8s 3c 4h]
Seat 1: Asseverteckt (small blind) folded on the River
Seat 2: Ornuska (big blind) collected ($0.17)
Seat 5: Antracyd folded on the River
Seat 7: Dorex2007 folded before Flop (didn't bet)
Seat 8: erlis82 folded before Flop (didn't bet)
Seat 9: Merkur 10 (button) folded before Flop (didn't bet)



PokerStars Hand #224086519268:  Hold'em No Limit ($0.01/$0.02 USD) - 2021/02/21 15:45:29 PT [2021/02/21 18:45:29 ET]
Table 'Pafuri V' 9-max Seat #1 is the button
Seat 1: Asseverteckt ($1.92 in chips) 
Seat 2: Ornuska ($5.82 in chips) 
Seat 3: bidan77 ($2 in chips) 
Seat 5: Antracyd ($2.53 in chips) 
Seat 7: Dorex2007 ($1.80 in chips) 
Seat 8: erlis82 ($2.64 in chips) 
Seat 9: Merkur 10 ($2.50 in chips) 
Ornuska: posts small blind $0.01
bidan77: posts big blind $0.02
rafael-nik: sits out 
*** HOLE CARDS ***
Dealt to Dorex2007 [2s 8c]
Antracyd: folds 
Dorex2007: folds 
erlis82: folds 
Merkur 10: folds 
Asseverteckt: raises $0.04 to $0.06
Ornuska: folds 
bidan77: calls $0.04
*** FLOP *** [Ah Jc 6s]
bidan77: checks 
Asseverteckt: bets $0.07
bidan77: folds 
Uncalled bet ($0.07) returned to Asseverteckt
Asseverteckt collected $0.13 from pot
Asseverteckt: doesn't show hand 
*** SUMMARY ***
Total pot $0.13 | Rake $0 
Board [Ah Jc 6s]
Seat 1: Asseverteckt (button) collected ($0.13)
Seat 2: Ornuska (small blind) folded before Flop
Seat 3: bidan77 (big blind) folded on the Flop
Seat 5: Antracyd folded before Flop (didn't bet)
Seat 7: Dorex2007 folded before Flop (didn't bet)
Seat 8: erlis82 folded before Flop (didn't bet)
Seat 9: Merkur 10 folded before Flop (didn't bet)



PokerStars Hand #224086537526:  Hold'em No Limit ($0.01/$0.02 USD) - 2021/02/21 15:46:05 PT [2021/02/21 18:46:05 ET]
Table 'Pafuri V' 9-max Seat #2 is the button
Seat 1: Asseverteckt ($1.99 in chips) 
Seat 2: Ornuska ($5.81 in chips) 
Seat 3: bidan77 ($1.94 in chips) 
Seat 4: rafael-nik ($1.60 in chips) 
Seat 5: Antracyd ($2.53 in chips) 
Seat 7: Dorex2007 ($1.80 in chips) 
Seat 8: erlis82 ($2.64 in chips) 
Seat 9: Merkur 10 ($2.50 in chips) 
bidan77: posts small blind $0.01
rafael-nik: posts big blind $0.02
*** HOLE CARDS ***
Dealt to Dorex2007 [6d 2s]
Antracyd: folds 
Dorex2007: folds 
erlis82: folds 
Merkur 10: folds 
Asseverteckt: folds 
Ornuska: calls $0.02
bidan77: calls $0.01
rafael-nik: checks 
*** FLOP *** [Kh 5d 3c]
bidan77: checks 
rafael-nik: checks 
Ornuska: bets $0.02
bidan77: calls $0.02
rafael-nik: calls $0.02
*** TURN *** [Kh 5d 3c] [3d]
bidan77: checks 
rafael-nik: checks 
Ornuska: bets $0.06
bidan77: calls $0.06
rafael-nik: folds 
*** RIVER *** [Kh 5d 3c 3d] [8c]
bidan77: checks 
Ornuska: bets $0.24
bidan77: calls $0.24
*** SHOW DOWN ***
Ornuska: shows [5h Ac] (two pair, Fives and Threes)
bidan77: shows [Qs Kc] (two pair, Kings and Threes)
bidan77 collected $0.69 from pot
*** SUMMARY ***
Total pot $0.72 | Rake $0.03 
Board [Kh 5d 3c 3d 8c]
Seat 1: Asseverteckt folded before Flop (didn't bet)
Seat 2: Ornuska (button) showed [5h Ac] and lost with two pair, Fives and Threes
Seat 3: bidan77 (small blind) showed [Qs Kc] and won ($0.69) with two pair, Kings and Threes
Seat 4: rafael-nik (big blind) folded on the Turn
Seat 5: Antracyd folded before Flop (didn't bet)
Seat 7: Dorex2007 folded before Flop (didn't bet)
Seat 8: erlis82 folded before Flop (didn't bet)
Seat 9: Merkur 10 folded before Flop (didn't bet)



PokerStars Hand #224086571329:  Hold'em No Limit ($0.01/$0.02 USD) - 2021/02/21 15:47:11 PT [2021/02/21 18:47:11 ET]
Table 'Pafuri V' 9-max Seat #3 is the button
Seat 1: Asseverteckt ($1.99 in chips) 
Seat 2: Ornuska ($5.47 in chips) 
Seat 3: bidan77 ($2.29 in chips) 
Seat 4: rafael-nik ($1.56 in chips) 
Seat 5: Antracyd ($2.53 in chips) 
Seat 7: Dorex2007 ($1.80 in chips) 
Seat 8: erlis82 ($2.64 in chips) 
Seat 9: Merkur 10 ($2.50 in chips) 
rafael-nik: posts small blind $0.01
Antracyd: posts big blind $0.02
*** HOLE CARDS ***
Dealt to Dorex2007 [Jc 8c]
Dorex2007: folds 
erlis82: folds 
Merkur 10: folds 
Asseverteckt: folds 
Ornuska: folds 
bidan77: calls $0.02
rafael-nik: calls $0.01
Antracyd: checks 
*** FLOP *** [8s Qd 7h]
rafael-nik: checks 
Antracyd: checks 
bidan77: checks 
*** TURN *** [8s Qd 7h] [9h]
rafael-nik: bets $0.06
Antracyd: raises $0.18 to $0.24
bidan77: folds 
rafael-nik: calls $0.18
*** RIVER *** [8s Qd 7h 9h] [9s]
rafael-nik: checks 
Antracyd: checks 
*** SHOW DOWN ***
rafael-nik: shows [8h 9d] (a full house, Nines full of Eights)
Antracyd: mucks hand 
rafael-nik collected $0.52 from pot
*** SUMMARY ***
Total pot $0.54 | Rake $0.02 
Board [8s Qd 7h 9h 9s]
Seat 1: Asseverteckt folded before Flop (didn't bet)
Seat 2: Ornuska folded before Flop (didn't bet)
Seat 3: bidan77 (button) folded on the Turn
Seat 4: rafael-nik (small blind) showed [8h 9d] and won ($0.52) with a full house, Nines full of Eights
Seat 5: Antracyd (big blind) mucked [Tc Js]
Seat 7: Dorex2007 folded before Flop (didn't bet)
Seat 8: erlis82 folded before Flop (didn't bet)
Seat 9: Merkur 10 folded before Flop (didn't bet)



PokerStars Hand #224086605440:  Hold'em No Limit ($0.01/$0.02 USD) - 2021/02/21 15:48:19 PT [2021/02/21 18:48:19 ET]
Table 'Pafuri V' 9-max Seat #4 is the button
Seat 1: Asseverteckt ($1.99 in chips) 
Seat 2: Ornuska ($5.47 in chips) 
Seat 3: bidan77 ($2.27 in chips) 
Seat 4: rafael-nik ($1.82 in chips) 
Seat 5: Antracyd ($2.27 in chips) 
Seat 7: Dorex2007 ($1.80 in chips) 
Seat 8: erlis82 ($2.64 in chips) 
Seat 9: Merkur 10 ($2.50 in chips) 
Antracyd: posts small blind $0.01
Dorex2007: posts big blind $0.02
*** HOLE CARDS ***
Dealt to Dorex2007 [8h 4d]
erlis82: folds 
Merkur 10: folds 
Asseverteckt: calls $0.02
Ornuska: folds 
bidan77: calls $0.02
rafael-nik: folds 
Antracyd: folds 
Dorex2007: checks 
*** FLOP *** [7s Jd 6s]
Dorex2007: checks 
Asseverteckt: checks 
bidan77: bets $0.04
Dorex2007: folds 
Asseverteckt: calls $0.04
*** TURN *** [7s Jd 6s] [Jh]
Asseverteckt: checks 
bidan77: checks 
*** RIVER *** [7s Jd 6s Jh] [Ah]
Asseverteckt: checks 
bidan77: checks 
*** SHOW DOWN ***
Asseverteckt: shows [5c 7c] (two pair, Jacks and Sevens)
bidan77: mucks hand 
Asseverteckt collected $0.14 from pot
*** SUMMARY ***
Total pot $0.15 | Rake $0.01 
Board [7s Jd 6s Jh Ah]
Seat 1: Asseverteckt showed [5c 7c] and won ($0.14) with two pair, Jacks and Sevens
Seat 2: Ornuska folded before Flop (didn't bet)
Seat 3: bidan77 mucked [5h 4h]
Seat 4: rafael-nik (button) folded before Flop (didn't bet)
Seat 5: Antracyd (small blind) folded before Flop
Seat 7: Dorex2007 (big blind) folded on the Flop
Seat 8: erlis82 folded before Flop (didn't bet)
Seat 9: Merkur 10 folded before Flop (didn't bet)



PokerStars Hand #224086644020:  Hold'em No Limit ($0.01/$0.02 USD) - 2021/02/21 15:49:34 PT [2021/02/21 18:49:34 ET]
Table 'Pafuri V' 9-max Seat #5 is the button
Seat 1: Asseverteckt ($2.07 in chips) 
Seat 2: Ornuska ($5.47 in chips) 
Seat 3: bidan77 ($2.21 in chips) 
Seat 4: rafael-nik ($1.82 in chips) 
Seat 5: Antracyd ($2.26 in chips) 
Seat 7: Dorex2007 ($1.78 in chips) 
Seat 8: erlis82 ($2.64 in chips) 
Seat 9: Merkur 10 ($2.50 in chips) 
Dorex2007: posts small blind $0.01
erlis82: posts big blind $0.02
*** HOLE CARDS ***
Dealt to Dorex2007 [5s Kd]
Merkur 10: folds 
Asseverteckt: folds 
Ornuska: raises $0.02 to $0.04
bidan77: calls $0.04
rafael-nik: folds 
Antracyd: folds 
Dorex2007: folds 
erlis82: calls $0.02
*** FLOP *** [4s Qc 6s]
erlis82: checks 
Ornuska: bets $0.06
bidan77: folds 
erlis82: folds 
Uncalled bet ($0.06) returned to Ornuska
Ornuska collected $0.13 from pot
*** SUMMARY ***
Total pot $0.13 | Rake $0 
Board [4s Qc 6s]
Seat 1: Asseverteckt folded before Flop (didn't bet)
Seat 2: Ornuska collected ($0.13)
Seat 3: bidan77 folded on the Flop
Seat 4: rafael-nik folded before Flop (didn't bet)
Seat 5: Antracyd (button) folded before Flop (didn't bet)
Seat 7: Dorex2007 (small blind) folded before Flop
Seat 8: erlis82 (big blind) folded on the Flop
Seat 9: Merkur 10 folded before Flop (didn't bet)



PokerStars Hand #224086667885:  Hold'em No Limit ($0.01/$0.02 USD) - 2021/02/21 15:50:08 PT [2021/02/21 18:50:08 ET]
Table 'Pafuri V' 9-max Seat #7 is the button
Seat 1: Asseverteckt ($2.07 in chips) 
Seat 2: Ornuska ($5.56 in chips) 
Seat 3: bidan77 ($2.17 in chips) 
Seat 4: rafael-nik ($1.82 in chips) 
Seat 5: Antracyd ($2.26 in chips) 
Seat 7: Dorex2007 ($1.77 in chips) 
Seat 8: erlis82 ($2.60 in chips) 
Seat 9: Merkur 10 ($2.50 in chips) 
erlis82: posts small blind $0.01
Merkur 10: posts big blind $0.02
*** HOLE CARDS ***
Dealt to Dorex2007 [6c 3h]
Asseverteckt: folds 
Ornuska: calls $0.02
bidan77: folds 
rafael-nik: folds 
Antracyd: folds 
Dorex2007: folds 
erlis82: folds 
Merkur 10: checks 
*** FLOP *** [4s 8d 9h]
Merkur 10: checks 
Ornuska: bets $0.02
Merkur 10: folds 
Uncalled bet ($0.02) returned to Ornuska
Ornuska collected $0.05 from pot
*** SUMMARY ***
Total pot $0.05 | Rake $0 
Board [4s 8d 9h]
Seat 1: Asseverteckt folded before Flop (didn't bet)
Seat 2: Ornuska collected ($0.05)
Seat 3: bidan77 folded before Flop (didn't bet)
Seat 4: rafael-nik folded before Flop (didn't bet)
Seat 5: Antracyd folded before Flop (didn't bet)
Seat 7: Dorex2007 (button) folded before Flop (didn't bet)
Seat 8: erlis82 (small blind) folded before Flop
Seat 9: Merkur 10 (big blind) folded on the Flop



PokerStars Hand #224086685766:  Hold'em No Limit ($0.01/$0.02 USD) - 2021/02/21 15:50:44 PT [2021/02/21 18:50:44 ET]
Table 'Pafuri V' 9-max Seat #8 is the button
Seat 1: Asseverteckt ($2.07 in chips) 
Seat 2: Ornuska ($5.59 in chips) 
Seat 3: bidan77 ($2.17 in chips) 
Seat 4: rafael-nik ($1.82 in chips) 
Seat 5: Antracyd ($2.26 in chips) 
Seat 7: Dorex2007 ($1.77 in chips) 
Seat 8: erlis82 ($2.59 in chips) 
Seat 9: Merkur 10 ($2.48 in chips) 
Merkur 10: posts small blind $0.01
Asseverteckt: posts big blind $0.02
ElGinoo1: sits out 
*** HOLE CARDS ***
Dealt to Dorex2007 [6c 5s]
Ornuska: folds 
bidan77: raises $0.04 to $0.06
rafael-nik: calls $0.06
Antracyd: folds 
Dorex2007: folds 
erlis82: raises $0.04 to $0.10
Merkur 10: folds 
Asseverteckt: folds 
bidan77: calls $0.04
rafael-nik: calls $0.04
*** FLOP *** [2s As Qc]
bidan77: checks 
rafael-nik: bets $0.06
erlis82: calls $0.06
bidan77: calls $0.06
*** TURN *** [2s As Qc] [Kh]
bidan77: checks 
rafael-nik: bets $0.16
erlis82: calls $0.16
bidan77: folds 
*** RIVER *** [2s As Qc Kh] [Jc]
rafael-nik: checks 
erlis82: checks 
*** SHOW DOWN ***
rafael-nik: shows [Jd Ac] (two pair, Aces and Jacks)
erlis82: shows [Qd Qh] (three of a kind, Queens)
erlis82 collected $0.80 from pot
*** SUMMARY ***
Total pot $0.83 | Rake $0.03 
Board [2s As Qc Kh Jc]
Seat 1: Asseverteckt (big blind) folded before Flop
Seat 2: Ornuska folded before Flop (didn't bet)
Seat 3: bidan77 folded on the Turn
Seat 4: rafael-nik showed [Jd Ac] and lost with two pair, Aces and Jacks
Seat 5: Antracyd folded before Flop (didn't bet)
Seat 7: Dorex2007 folded before Flop (didn't bet)
Seat 8: erlis82 (button) showed [Qd Qh] and won ($0.80) with three of a kind, Queens
Seat 9: Merkur 10 (small blind) folded before Flop



PokerStars Hand #224086721673:  Hold'em No Limit ($0.01/$0.02 USD) - 2021/02/21 15:51:55 PT [2021/02/21 18:51:55 ET]
Table 'Pafuri V' 9-max Seat #9 is the button
Seat 1: Asseverteckt ($2.05 in chips) 
Seat 2: Ornuska ($5.59 in chips) 
Seat 3: bidan77 ($2.01 in chips) 
Seat 4: rafael-nik ($1.50 in chips) 
Seat 5: Antracyd ($2.26 in chips) 
Seat 7: Dorex2007 ($1.77 in chips) 
Seat 8: erlis82 ($3.07 in chips) 
Seat 9: Merkur 10 ($2.47 in chips) 
Asseverteckt: posts small blind $0.01
Ornuska: posts big blind $0.02
ElGinoo1: sits out 
*** HOLE CARDS ***
Dealt to Dorex2007 [Jd Qd]
bidan77: folds 
rafael-nik: calls $0.02
Antracyd: folds 
Dorex2007: raises $0.04 to $0.06
erlis82: folds 
Merkur 10: folds 
Asseverteckt: calls $0.05
Ornuska: raises $0.04 to $0.10
rafael-nik: folds 
Dorex2007: calls $0.04
Asseverteckt: calls $0.04
*** FLOP *** [Jh 5h 8d]
Asseverteckt: checks 
Ornuska: checks 
Dorex2007: bets $0.31
Asseverteckt: raises $0.31 to $0.62
Ornuska: folds 
Dorex2007: calls $0.31
*** TURN *** [Jh 5h 8d] [4h]
Asseverteckt: bets $0.50
Dorex2007: raises $0.55 to $1.05 and is all-in
Asseverteckt: calls $0.55
*** RIVER *** [Jh 5h 8d 4h] [2d]
*** SHOW DOWN ***
Asseverteckt: shows [5s 5c] (three of a kind, Fives)
Dorex2007: shows [Jd Qd] (a pair of Jacks)
Asseverteckt collected $3.53 from pot
*** SUMMARY ***
Total pot $3.66 | Rake $0.13 
Board [Jh 5h 8d 4h 2d]
Seat 1: Asseverteckt (small blind) showed [5s 5c] and won ($3.53) with three of a kind, Fives
Seat 2: Ornuska (big blind) folded on the Flop
Seat 3: bidan77 folded before Flop (didn't bet)
Seat 4: rafael-nik folded before Flop
Seat 5: Antracyd folded before Flop (didn't bet)
Seat 7: Dorex2007 showed [Jd Qd] and lost with a pair of Jacks
Seat 8: erlis82 folded before Flop (didn't bet)
Seat 9: Merkur 10 (button) folded before Flop (didn't bet)



