PokerStars Hand #230767680637:  Hold'em No Limit ($0.01/$0.02 USD) - 2021/10/20 20:30:54 PT [2021/10/20 23:30:54 ET]
Table 'Grietje IV' 9-max Seat #9 is the button
Seat 1: shurik-ass ($2.29 in chips) 
Seat 2: CheloMc2H ($1.86 in chips) 
Seat 3: shawmoney ($3.45 in chips) 
Seat 4: kanatakk ($2.41 in chips) 
Seat 7: Trader PK ($1.98 in chips) 
Seat 8: Dorex2007 ($2 in chips) 
Seat 9: bbchen24 ($1.73 in chips) 
shurik-ass: posts small blind $0.01
CheloMc2H: posts big blind $0.02
CLEEOSD: sits out 
Dorex2007: posts big blind $0.02
*** HOLE CARDS ***
Dealt to Dorex2007 [8d 6c]
shawmoney: calls $0.02
kanatakk: folds 
Trader PK: folds 
Dorex2007: checks 
bbchen24: folds 
shurik-ass: folds 
CheloMc2H: checks 
*** FLOP *** [9d 8s 4h]
CheloMc2H: checks 
shawmoney: checks 
Dorex2007: checks 
*** TURN *** [9d 8s 4h] [As]
CheloMc2H: checks 
Xdanielo666X joins the table at seat #5 
shawmoney: bets $0.02
Dorex2007: calls $0.02
CheloMc2H: calls $0.02
*** RIVER *** [9d 8s 4h As] [Tc]
CheloMc2H: checks 
shawmoney: bets $0.02
Dorex2007: folds 
CheloMc2H: calls $0.02
*** SHOW DOWN ***
shawmoney: shows [Ac 3c] (a pair of Aces)
CheloMc2H: mucks hand 
shawmoney collected $0.16 from pot
*** SUMMARY ***
Total pot $0.17 | Rake $0.01 
Board [9d 8s 4h As Tc]
Seat 1: shurik-ass (small blind) folded before Flop
Seat 2: CheloMc2H (big blind) mucked [Qs Qd]
Seat 3: shawmoney showed [Ac 3c] and won ($0.16) with a pair of Aces
Seat 4: kanatakk folded before Flop (didn't bet)
Seat 7: Trader PK folded before Flop (didn't bet)
Seat 8: Dorex2007 folded on the River
Seat 9: bbchen24 (button) folded before Flop (didn't bet)



PokerStars Hand #230767696232:  Hold'em No Limit ($0.01/$0.02 USD) - 2021/10/20 20:32:25 PT [2021/10/20 23:32:25 ET]
Table 'Grietje IV' 9-max Seat #1 is the button
Seat 1: shurik-ass ($2.28 in chips) 
Seat 2: CheloMc2H ($1.80 in chips) 
Seat 3: shawmoney ($3.55 in chips) 
Seat 4: kanatakk ($2.41 in chips) 
Seat 7: Trader PK ($1.98 in chips) 
Seat 8: Dorex2007 ($2 in chips) 
Seat 9: bbchen24 ($1.73 in chips) 
CheloMc2H: posts small blind $0.01
shawmoney: posts big blind $0.02
Xdanielo666X: sits out 
CLEEOSD: sits out 
*** HOLE CARDS ***
Dealt to Dorex2007 [8h 9s]
kanatakk: raises $0.04 to $0.06
Trader PK: folds 
Dorex2007: folds 
bbchen24: calls $0.06
shurik-ass: folds 
CheloMc2H: folds 
shawmoney: folds 
*** FLOP *** [8d 6c 6d]
kanatakk: bets $0.04
bbchen24: calls $0.04
*** TURN *** [8d 6c 6d] [2s]
kanatakk: checks 
bbchen24: bets $0.14
kanatakk: folds 
Uncalled bet ($0.14) returned to bbchen24
bbchen24 collected $0.22 from pot
bbchen24: doesn't show hand 
*** SUMMARY ***
Total pot $0.23 | Rake $0.01 
Board [8d 6c 6d 2s]
Seat 1: shurik-ass (button) folded before Flop (didn't bet)
Seat 2: CheloMc2H (small blind) folded before Flop
Seat 3: shawmoney (big blind) folded before Flop
Seat 4: kanatakk folded on the Turn
Seat 7: Trader PK folded before Flop (didn't bet)
Seat 8: Dorex2007 folded before Flop (didn't bet)
Seat 9: bbchen24 collected ($0.22)



PokerStars Hand #230767703762:  Hold'em No Limit ($0.01/$0.02 USD) - 2021/10/20 20:33:09 PT [2021/10/20 23:33:09 ET]
Table 'Grietje IV' 9-max Seat #2 is the button
Seat 1: shurik-ass ($2.28 in chips) 
Seat 2: CheloMc2H ($1.79 in chips) 
Seat 3: shawmoney ($3.53 in chips) 
Seat 4: kanatakk ($2.31 in chips) 
Seat 7: Trader PK ($1.98 in chips) 
Seat 8: Dorex2007 ($2 in chips) 
Seat 9: bbchen24 ($1.85 in chips) 
shawmoney: posts small blind $0.01
kanatakk: posts big blind $0.02
Xdanielo666X: sits out 
CLEEOSD: sits out 
*** HOLE CARDS ***
Dealt to Dorex2007 [8h Qh]
Trader PK: folds 
Dorex2007: folds 
bbchen24: folds 
shurik-ass: folds 
CheloMc2H: calls $0.02
shawmoney: folds 
kanatakk: raises $0.10 to $0.12
CheloMc2H: folds 
Uncalled bet ($0.10) returned to kanatakk
kanatakk collected $0.05 from pot
kanatakk: doesn't show hand 
*** SUMMARY ***
Total pot $0.05 | Rake $0 
Seat 1: shurik-ass folded before Flop (didn't bet)
Seat 2: CheloMc2H (button) folded before Flop
Seat 3: shawmoney (small blind) folded before Flop
Seat 4: kanatakk (big blind) collected ($0.05)
Seat 7: Trader PK folded before Flop (didn't bet)
Seat 8: Dorex2007 folded before Flop (didn't bet)
Seat 9: bbchen24 folded before Flop (didn't bet)



PokerStars Hand #230767708071:  Hold'em No Limit ($0.01/$0.02 USD) - 2021/10/20 20:33:35 PT [2021/10/20 23:33:35 ET]
Table 'Grietje IV' 9-max Seat #3 is the button
Seat 1: shurik-ass ($2.28 in chips) 
Seat 2: CheloMc2H ($1.77 in chips) 
Seat 3: shawmoney ($3.52 in chips) 
Seat 4: kanatakk ($2.34 in chips) 
Seat 5: Xdanielo666X ($0.80 in chips) 
Seat 7: Trader PK ($1.98 in chips) 
Seat 8: Dorex2007 ($2 in chips) 
Seat 9: bbchen24 ($1.85 in chips) 
kanatakk: posts small blind $0.01
Xdanielo666X: posts big blind $0.02
CLEEOSD: sits out 
*** HOLE CARDS ***
Dealt to Dorex2007 [7c 4s]
Trader PK: folds 
Dorex2007: folds 
bbchen24: calls $0.02
shurik-ass: folds 
CheloMc2H: calls $0.02
shawmoney: folds 
kanatakk: folds 
Xdanielo666X: checks 
*** FLOP *** [Qs 5h Jd]
Xdanielo666X: bets $0.03
bbchen24: calls $0.03
CheloMc2H: calls $0.03
*** TURN *** [Qs 5h Jd] [6h]
Xdanielo666X: bets $0.15
bbchen24: folds 
CheloMc2H: calls $0.15
*** RIVER *** [Qs 5h Jd 6h] [8d]
Xdanielo666X: bets $0.22
CheloMc2H: folds 
Uncalled bet ($0.22) returned to Xdanielo666X
Xdanielo666X collected $0.44 from pot
*** SUMMARY ***
Total pot $0.46 | Rake $0.02 
Board [Qs 5h Jd 6h 8d]
Seat 1: shurik-ass folded before Flop (didn't bet)
Seat 2: CheloMc2H folded on the River
Seat 3: shawmoney (button) folded before Flop (didn't bet)
Seat 4: kanatakk (small blind) folded before Flop
Seat 5: Xdanielo666X (big blind) collected ($0.44)
Seat 7: Trader PK folded before Flop (didn't bet)
Seat 8: Dorex2007 folded before Flop (didn't bet)
Seat 9: bbchen24 folded on the Turn



PokerStars Hand #230767719536:  Hold'em No Limit ($0.01/$0.02 USD) - 2021/10/20 20:34:43 PT [2021/10/20 23:34:43 ET]
Table 'Grietje IV' 9-max Seat #4 is the button
Seat 1: shurik-ass ($2.28 in chips) 
Seat 2: CheloMc2H ($1.57 in chips) 
Seat 3: shawmoney ($3.52 in chips) 
Seat 4: kanatakk ($2.33 in chips) 
Seat 5: Xdanielo666X ($1.04 in chips) 
Seat 6: CLEEOSD ($0.80 in chips) 
Seat 7: Trader PK ($1.98 in chips) 
Seat 8: Dorex2007 ($2 in chips) 
Seat 9: bbchen24 ($1.80 in chips) 
Xdanielo666X: posts small blind $0.01
CLEEOSD: posts big blind $0.02
*** HOLE CARDS ***
Dealt to Dorex2007 [Js 7c]
Trader PK: folds 
Dorex2007: folds 
bbchen24: folds 
shurik-ass: folds 
CheloMc2H: calls $0.02
shawmoney: calls $0.02
kanatakk: folds 
Xdanielo666X: calls $0.01
CLEEOSD: checks 
*** FLOP *** [9d 2d Td]
Xdanielo666X: bets $0.02
CLEEOSD: calls $0.02
CheloMc2H: calls $0.02
shawmoney: folds 
*** TURN *** [9d 2d Td] [5d]
Xdanielo666X: checks 
CLEEOSD: checks 
CheloMc2H: bets $0.06
Xdanielo666X: folds 
CLEEOSD: calls $0.06
*** RIVER *** [9d 2d Td 5d] [6d]
CLEEOSD: checks 
CheloMc2H: bets $0.12
CLEEOSD: calls $0.12
*** SHOW DOWN ***
CheloMc2H: shows [Jd Tc] (a flush, Jack high)
CLEEOSD: shows [Jc Qd] (a flush, Queen high)
CLEEOSD collected $0.48 from pot
*** SUMMARY ***
Total pot $0.50 | Rake $0.02 
Board [9d 2d Td 5d 6d]
Seat 1: shurik-ass folded before Flop (didn't bet)
Seat 2: CheloMc2H showed [Jd Tc] and lost with a flush, Jack high
Seat 3: shawmoney folded on the Flop
Seat 4: kanatakk (button) folded before Flop (didn't bet)
Seat 5: Xdanielo666X (small blind) folded on the Turn
Seat 6: CLEEOSD (big blind) showed [Jc Qd] and won ($0.48) with a flush, Queen high
Seat 7: Trader PK folded before Flop (didn't bet)
Seat 8: Dorex2007 folded before Flop (didn't bet)
Seat 9: bbchen24 folded before Flop (didn't bet)



PokerStars Hand #230767731976:  Hold'em No Limit ($0.01/$0.02 USD) - 2021/10/20 20:35:45 PT [2021/10/20 23:35:45 ET]
Table 'Grietje IV' 9-max Seat #5 is the button
Seat 1: shurik-ass ($2.28 in chips) 
Seat 2: CheloMc2H ($1.35 in chips) 
Seat 3: shawmoney ($3.50 in chips) 
Seat 4: kanatakk ($2.33 in chips) 
Seat 5: Xdanielo666X ($1 in chips) 
Seat 6: CLEEOSD ($1.06 in chips) 
Seat 7: Trader PK ($1.98 in chips) 
Seat 8: Dorex2007 ($2 in chips) 
Seat 9: bbchen24 ($1.80 in chips) 
CLEEOSD: posts small blind $0.01
Trader PK: posts big blind $0.02
*** HOLE CARDS ***
Dealt to Dorex2007 [Th 8h]
Dorex2007: folds 
bbchen24: folds 
shurik-ass: folds 
CheloMc2H: folds 
shawmoney: folds 
kanatakk: folds 
Xdanielo666X: folds 
CLEEOSD: folds 
Uncalled bet ($0.01) returned to Trader PK
Trader PK collected $0.02 from pot
Trader PK: doesn't show hand 
*** SUMMARY ***
Total pot $0.02 | Rake $0 
Seat 1: shurik-ass folded before Flop (didn't bet)
Seat 2: CheloMc2H folded before Flop (didn't bet)
Seat 3: shawmoney folded before Flop (didn't bet)
Seat 4: kanatakk folded before Flop (didn't bet)
Seat 5: Xdanielo666X (button) folded before Flop (didn't bet)
Seat 6: CLEEOSD (small blind) folded before Flop
Seat 7: Trader PK (big blind) collected ($0.02)
Seat 8: Dorex2007 folded before Flop (didn't bet)
Seat 9: bbchen24 folded before Flop (didn't bet)



PokerStars Hand #230767735151:  Hold'em No Limit ($0.01/$0.02 USD) - 2021/10/20 20:36:04 PT [2021/10/20 23:36:04 ET]
Table 'Grietje IV' 9-max Seat #7 is the button
Seat 1: shurik-ass ($2.28 in chips) 
Seat 2: CheloMc2H ($1.35 in chips) 
Seat 3: shawmoney ($3.50 in chips) 
Seat 4: kanatakk ($2.33 in chips) 
Seat 5: Xdanielo666X ($1 in chips) 
Seat 7: Trader PK ($1.99 in chips) 
Seat 8: Dorex2007 ($2 in chips) 
Seat 9: bbchen24 ($1.80 in chips) 
Dorex2007: posts small blind $0.01
bbchen24: posts big blind $0.02
*** HOLE CARDS ***
Dealt to Dorex2007 [3c Ts]
shurik-ass: folds 
CLEEOSD leaves the table
CheloMc2H: folds 
shurik-ass leaves the table
shawmoney: raises $0.02 to $0.04
kanatakk: calls $0.04
diegojagti joins the table at seat #1 
Xdanielo666X: folds 
Trader PK: folds 
Dorex2007: folds 
bbchen24: calls $0.02
*** FLOP *** [8s Kh Jd]
bbchen24: checks 
shawmoney: bets $0.06
kanatakk: calls $0.06
bbchen24: calls $0.06
*** TURN *** [8s Kh Jd] [Jh]
bbchen24: checks 
shawmoney: bets $0.12
kanatakk: folds 
bbchen24: folds 
Uncalled bet ($0.12) returned to shawmoney
shawmoney collected $0.30 from pot
shawmoney: doesn't show hand 
*** SUMMARY ***
Total pot $0.31 | Rake $0.01 
Board [8s Kh Jd Jh]
Seat 1: shurik-ass folded before Flop (didn't bet)
Seat 2: CheloMc2H folded before Flop (didn't bet)
Seat 3: shawmoney collected ($0.30)
Seat 4: kanatakk folded on the Turn
Seat 5: Xdanielo666X folded before Flop (didn't bet)
Seat 7: Trader PK (button) folded before Flop (didn't bet)
Seat 8: Dorex2007 (small blind) folded before Flop
Seat 9: bbchen24 (big blind) folded on the Turn



PokerStars Hand #230767744972:  Hold'em No Limit ($0.01/$0.02 USD) - 2021/10/20 20:37:02 PT [2021/10/20 23:37:02 ET]
Table 'Grietje IV' 9-max Seat #8 is the button
Seat 1: diegojagti ($0.80 in chips) 
Seat 2: CheloMc2H ($1.35 in chips) 
Seat 3: shawmoney ($3.70 in chips) 
Seat 4: kanatakk ($2.23 in chips) 
Seat 5: Xdanielo666X ($1 in chips) 
Seat 7: Trader PK ($1.99 in chips) 
Seat 8: Dorex2007 ($2 in chips) 
Seat 9: bbchen24 ($1.70 in chips) 
bbchen24: posts small blind $0.01
diegojagti: posts big blind $0.02
*** HOLE CARDS ***
Dealt to Dorex2007 [6s 8c]
CheloMc2H: calls $0.02
shawmoney: folds 
kanatakk: folds 
Xdanielo666X: raises $0.04 to $0.06
Trader PK: folds 
Dorex2007: folds 
bbchen24: folds 
diegojagti: calls $0.04
CheloMc2H: calls $0.04
*** FLOP *** [7c Kd 7d]
diegojagti: checks 
CheloMc2H: checks 
Xdanielo666X: checks 
*** TURN *** [7c Kd 7d] [7s]
diegojagti: bets $0.09
CheloMc2H: calls $0.09
Xdanielo666X: calls $0.09
*** RIVER *** [7c Kd 7d 7s] [9d]
diegojagti: bets $0.22
CheloMc2H: raises $0.38 to $0.60
Xdanielo666X: folds 
diegojagti: folds 
Uncalled bet ($0.38) returned to CheloMc2H
CheloMc2H collected $0.87 from pot
*** SUMMARY ***
Total pot $0.90 | Rake $0.03 
Board [7c Kd 7d 7s 9d]
Seat 1: diegojagti (big blind) folded on the River
Seat 2: CheloMc2H collected ($0.87)
Seat 3: shawmoney folded before Flop (didn't bet)
Seat 4: kanatakk folded before Flop (didn't bet)
Seat 5: Xdanielo666X folded on the River
Seat 7: Trader PK folded before Flop (didn't bet)
Seat 8: Dorex2007 (button) folded before Flop (didn't bet)
Seat 9: bbchen24 (small blind) folded before Flop



PokerStars Hand #230767763433:  Hold'em No Limit ($0.01/$0.02 USD) - 2021/10/20 20:38:39 PT [2021/10/20 23:38:39 ET]
Table 'Grietje IV' 9-max Seat #9 is the button
Seat 1: diegojagti ($0.43 in chips) 
Seat 2: CheloMc2H ($1.85 in chips) 
Seat 3: shawmoney ($3.70 in chips) 
Seat 4: kanatakk ($2.23 in chips) 
Seat 5: Xdanielo666X ($0.85 in chips) 
Seat 7: Trader PK ($1.99 in chips) 
Seat 8: Dorex2007 ($2 in chips) 
Seat 9: bbchen24 ($1.69 in chips) 
diegojagti: posts small blind $0.01
CheloMc2H: posts big blind $0.02
*** HOLE CARDS ***
Dealt to Dorex2007 [Jd 2s]
shawmoney: folds 
kanatakk: folds 
Xdanielo666X: folds 
Trader PK: raises $0.02 to $0.04
Dorex2007: folds 
bbchen24: folds 
diegojagti: folds 
CheloMc2H: folds 
Uncalled bet ($0.02) returned to Trader PK
Trader PK collected $0.05 from pot
Trader PK: doesn't show hand 
*** SUMMARY ***
Total pot $0.05 | Rake $0 
Seat 1: diegojagti (small blind) folded before Flop
Seat 2: CheloMc2H (big blind) folded before Flop
Seat 3: shawmoney folded before Flop (didn't bet)
Seat 4: kanatakk folded before Flop (didn't bet)
Seat 5: Xdanielo666X folded before Flop (didn't bet)
Seat 7: Trader PK collected ($0.05)
Seat 8: Dorex2007 folded before Flop (didn't bet)
Seat 9: bbchen24 (button) folded before Flop (didn't bet)



PokerStars Hand #230767768104:  Hold'em No Limit ($0.01/$0.02 USD) - 2021/10/20 20:39:06 PT [2021/10/20 23:39:06 ET]
Table 'Grietje IV' 9-max Seat #1 is the button
Seat 1: diegojagti ($0.42 in chips) 
Seat 2: CheloMc2H ($1.83 in chips) 
Seat 3: shawmoney ($3.70 in chips) 
Seat 4: kanatakk ($2.23 in chips) 
Seat 5: Xdanielo666X ($0.85 in chips) 
Seat 7: Trader PK ($2.02 in chips) 
Seat 8: Dorex2007 ($2 in chips) 
Seat 9: bbchen24 ($1.69 in chips) 
CheloMc2H: posts small blind $0.01
shawmoney: posts big blind $0.02
*** HOLE CARDS ***
Dealt to Dorex2007 [8d Th]
kanatakk: folds 
Xdanielo666X: calls $0.02
Trader PK: folds 
guto81 joins the table at seat #6 
Dorex2007: folds 
bbchen24: folds 
diegojagti: calls $0.02
CheloMc2H: calls $0.01
shawmoney: checks 
*** FLOP *** [7h 9d 5c]
CheloMc2H: checks 
shawmoney: checks 
Xdanielo666X: checks 
diegojagti: checks 
*** TURN *** [7h 9d 5c] [4h]
CheloMc2H: bets $0.02
shawmoney: folds 
Xdanielo666X: calls $0.02
diegojagti: calls $0.02
*** RIVER *** [7h 9d 5c 4h] [Ac]
CheloMc2H: bets $0.02
Xdanielo666X: folds 
diegojagti: calls $0.02
*** SHOW DOWN ***
CheloMc2H: shows [6h 4d] (a pair of Fours)
diegojagti: shows [7s 6s] (a pair of Sevens)
diegojagti collected $0.17 from pot
*** SUMMARY ***
Total pot $0.18 | Rake $0.01 
Board [7h 9d 5c 4h Ac]
Seat 1: diegojagti (button) showed [7s 6s] and won ($0.17) with a pair of Sevens
Seat 2: CheloMc2H (small blind) showed [6h 4d] and lost with a pair of Fours
Seat 3: shawmoney (big blind) folded on the Turn
Seat 4: kanatakk folded before Flop (didn't bet)
Seat 5: Xdanielo666X folded on the River
Seat 7: Trader PK folded before Flop (didn't bet)
Seat 8: Dorex2007 folded before Flop (didn't bet)
Seat 9: bbchen24 folded before Flop (didn't bet)



PokerStars Hand #230767777237:  Hold'em No Limit ($0.01/$0.02 USD) - 2021/10/20 20:40:00 PT [2021/10/20 23:40:00 ET]
Table 'Grietje IV' 9-max Seat #2 is the button
Seat 1: diegojagti ($0.53 in chips) 
Seat 2: CheloMc2H ($1.77 in chips) 
Seat 3: shawmoney ($3.68 in chips) 
Seat 4: kanatakk ($2.23 in chips) 
Seat 5: Xdanielo666X ($0.81 in chips) 
Seat 7: Trader PK ($2.02 in chips) 
Seat 8: Dorex2007 ($2 in chips) 
Seat 9: bbchen24 ($1.69 in chips) 
shawmoney: posts small blind $0.01
kanatakk: posts big blind $0.02
guto81: sits out 
*** HOLE CARDS ***
Dealt to Dorex2007 [9d Kh]
Xdanielo666X: raises $0.02 to $0.04
Trader PK: calls $0.04
Dorex2007: folds 
bbchen24: raises $0.08 to $0.12
diegojagti: folds 
CheloMc2H: folds 
shawmoney: folds 
kanatakk: folds 
Xdanielo666X: calls $0.08
Trader PK: calls $0.08
*** FLOP *** [Kd 2s Qs]
Xdanielo666X: checks 
Trader PK: checks 
bbchen24: bets $0.25
Xdanielo666X: folds 
Trader PK: folds 
Uncalled bet ($0.25) returned to bbchen24
bbchen24 collected $0.38 from pot
bbchen24: doesn't show hand 
*** SUMMARY ***
Total pot $0.39 | Rake $0.01 
Board [Kd 2s Qs]
Seat 1: diegojagti folded before Flop (didn't bet)
Seat 2: CheloMc2H (button) folded before Flop (didn't bet)
Seat 3: shawmoney (small blind) folded before Flop
Seat 4: kanatakk (big blind) folded before Flop
Seat 5: Xdanielo666X folded on the Flop
Seat 7: Trader PK folded on the Flop
Seat 8: Dorex2007 folded before Flop (didn't bet)
Seat 9: bbchen24 collected ($0.38)



PokerStars Hand #230767784833:  Hold'em No Limit ($0.01/$0.02 USD) - 2021/10/20 20:40:45 PT [2021/10/20 23:40:45 ET]
Table 'Grietje IV' 9-max Seat #3 is the button
Seat 1: diegojagti ($0.53 in chips) 
Seat 2: CheloMc2H ($1.77 in chips) 
Seat 3: shawmoney ($3.67 in chips) 
Seat 4: kanatakk ($2.21 in chips) 
Seat 5: Xdanielo666X ($0.69 in chips) 
Seat 7: Trader PK ($1.90 in chips) 
Seat 8: Dorex2007 ($2 in chips) 
Seat 9: bbchen24 ($1.95 in chips) 
kanatakk: posts small blind $0.01
Xdanielo666X: posts big blind $0.02
guto81: sits out 
*** HOLE CARDS ***
Dealt to Dorex2007 [Ts 8s]
Trader PK: folds 
Dorex2007: folds 
bbchen24: folds 
diegojagti: calls $0.02
CheloMc2H: calls $0.02
shawmoney: folds 
kanatakk: calls $0.01
Xdanielo666X: checks 
*** FLOP *** [6s Kc 2h]
kanatakk: checks 
Xdanielo666X: checks 
diegojagti: bets $0.02
CheloMc2H: folds 
kanatakk: calls $0.02
Xdanielo666X: folds 
*** TURN *** [6s Kc 2h] [4c]
kanatakk: bets $0.06
diegojagti: calls $0.06
*** RIVER *** [6s Kc 2h 4c] [7d]
kanatakk: bets $0.12
diegojagti: folds 
Uncalled bet ($0.12) returned to kanatakk
kanatakk collected $0.23 from pot
kanatakk: doesn't show hand 
*** SUMMARY ***
Total pot $0.24 | Rake $0.01 
Board [6s Kc 2h 4c 7d]
Seat 1: diegojagti folded on the River
Seat 2: CheloMc2H folded on the Flop
Seat 3: shawmoney (button) folded before Flop (didn't bet)
Seat 4: kanatakk (small blind) collected ($0.23)
Seat 5: Xdanielo666X (big blind) folded on the Flop
Seat 7: Trader PK folded before Flop (didn't bet)
Seat 8: Dorex2007 folded before Flop (didn't bet)
Seat 9: bbchen24 folded before Flop (didn't bet)



PokerStars Hand #230767797956:  Hold'em No Limit ($0.01/$0.02 USD) - 2021/10/20 20:42:02 PT [2021/10/20 23:42:02 ET]
Table 'Grietje IV' 9-max Seat #4 is the button
Seat 1: diegojagti ($0.43 in chips) 
Seat 2: CheloMc2H ($1.75 in chips) 
Seat 3: shawmoney ($3.67 in chips) 
Seat 4: kanatakk ($2.34 in chips) 
Seat 5: Xdanielo666X ($0.67 in chips) 
Seat 6: guto81 ($2 in chips) 
Seat 7: Trader PK ($1.90 in chips) 
Seat 8: Dorex2007 ($2 in chips) 
Seat 9: bbchen24 ($1.95 in chips) 
Xdanielo666X: posts small blind $0.01
guto81: posts big blind $0.02
*** HOLE CARDS ***
Dealt to Dorex2007 [7h 3h]
Trader PK: folds 
Dorex2007: folds 
bbchen24: folds 
diegojagti: calls $0.02
CheloMc2H: folds 
shawmoney: raises $0.04 to $0.06
kanatakk: folds 
Xdanielo666X: calls $0.05
guto81: raises $0.20 to $0.26
diegojagti: folds 
shawmoney: calls $0.20
Xdanielo666X: folds 
*** FLOP *** [3d 8s Ts]
guto81: checks 
shawmoney: bets $0.58
guto81: calls $0.58
*** TURN *** [3d 8s Ts] [Ad]
guto81: checks 
shawmoney: checks 
*** RIVER *** [3d 8s Ts Ad] [6c]
guto81: checks 
shawmoney: checks 
*** SHOW DOWN ***
guto81: shows [Qh Qs] (a pair of Queens)
shawmoney: mucks hand 
guto81 collected $1.70 from pot
*** SUMMARY ***
Total pot $1.76 | Rake $0.06 
Board [3d 8s Ts Ad 6c]
Seat 1: diegojagti folded before Flop
Seat 2: CheloMc2H folded before Flop (didn't bet)
Seat 3: shawmoney mucked [Jd Jc]
Seat 4: kanatakk (button) folded before Flop (didn't bet)
Seat 5: Xdanielo666X (small blind) folded before Flop
Seat 6: guto81 (big blind) showed [Qh Qs] and won ($1.70) with a pair of Queens
Seat 7: Trader PK folded before Flop (didn't bet)
Seat 8: Dorex2007 folded before Flop (didn't bet)
Seat 9: bbchen24 folded before Flop (didn't bet)



PokerStars Hand #230767818266:  Hold'em No Limit ($0.01/$0.02 USD) - 2021/10/20 20:43:08 PT [2021/10/20 23:43:08 ET]
Table 'Grietje IV' 9-max Seat #5 is the button
Seat 1: diegojagti ($0.41 in chips) 
Seat 2: CheloMc2H ($1.75 in chips) 
Seat 3: shawmoney ($2.83 in chips) 
Seat 4: kanatakk ($2.34 in chips) 
Seat 5: Xdanielo666X ($0.61 in chips) 
Seat 6: guto81 ($2.86 in chips) 
Seat 7: Trader PK ($1.90 in chips) 
Seat 8: Dorex2007 ($2 in chips) 
Seat 9: bbchen24 ($1.95 in chips) 
guto81: posts small blind $0.01
Trader PK: posts big blind $0.02
*** HOLE CARDS ***
Dealt to Dorex2007 [Qc 6d]
Dorex2007: folds 
bbchen24: folds 
diegojagti: calls $0.02
CheloMc2H: calls $0.02
shawmoney: folds 
kanatakk: folds 
Xdanielo666X: folds 
guto81: calls $0.01
Trader PK: checks 
*** FLOP *** [2c 4d Kd]
guto81: checks 
Trader PK: checks 
diegojagti: bets $0.02
CheloMc2H: calls $0.02
guto81: folds 
Trader PK: folds 
*** TURN *** [2c 4d Kd] [As]
diegojagti: bets $0.02
CheloMc2H: raises $0.02 to $0.04
diegojagti: calls $0.02
*** RIVER *** [2c 4d Kd As] [2d]
diegojagti: checks 
CheloMc2H: bets $0.04
diegojagti: calls $0.04
*** SHOW DOWN ***
CheloMc2H: shows [3c Ad] (two pair, Aces and Deuces)
diegojagti: mucks hand 
CheloMc2H collected $0.27 from pot
*** SUMMARY ***
Total pot $0.28 | Rake $0.01 
Board [2c 4d Kd As 2d]
Seat 1: diegojagti mucked [Ks 9c]
Seat 2: CheloMc2H showed [3c Ad] and won ($0.27) with two pair, Aces and Deuces
Seat 3: shawmoney folded before Flop (didn't bet)
Seat 4: kanatakk folded before Flop (didn't bet)
Seat 5: Xdanielo666X (button) folded before Flop (didn't bet)
Seat 6: guto81 (small blind) folded on the Flop
Seat 7: Trader PK (big blind) folded on the Flop
Seat 8: Dorex2007 folded before Flop (didn't bet)
Seat 9: bbchen24 folded before Flop (didn't bet)



PokerStars Hand #230767827834:  Hold'em No Limit ($0.01/$0.02 USD) - 2021/10/20 20:44:06 PT [2021/10/20 23:44:06 ET]
Table 'Grietje IV' 9-max Seat #6 is the button
Seat 1: diegojagti ($0.29 in chips) 
Seat 2: CheloMc2H ($1.90 in chips) 
Seat 3: shawmoney ($2.83 in chips) 
Seat 4: kanatakk ($2.34 in chips) 
Seat 5: Xdanielo666X ($0.61 in chips) 
Seat 6: guto81 ($2.84 in chips) 
Seat 7: Trader PK ($1.88 in chips) 
Seat 8: Dorex2007 ($2 in chips) 
Seat 9: bbchen24 ($1.95 in chips) 
Trader PK: posts small blind $0.01
Dorex2007: posts big blind $0.02
*** HOLE CARDS ***
Dealt to Dorex2007 [8c 6h]
bbchen24 has timed out
bbchen24: folds 
diegojagti: folds 
CheloMc2H: folds 
shawmoney: calls $0.02
kanatakk: folds 
Xdanielo666X: calls $0.02
guto81: folds 
Trader PK: folds 
Dorex2007: checks 
*** FLOP *** [7h Jh 4s]
Dorex2007: checks 
shawmoney: checks 
Xdanielo666X: checks 
*** TURN *** [7h Jh 4s] [Ts]
Dorex2007: checks 
shawmoney: bets $0.04
Xdanielo666X: folds 
Dorex2007: folds 
Uncalled bet ($0.04) returned to shawmoney
shawmoney collected $0.07 from pot
shawmoney: doesn't show hand 
*** SUMMARY ***
Total pot $0.07 | Rake $0 
Board [7h Jh 4s Ts]
Seat 1: diegojagti folded before Flop (didn't bet)
Seat 2: CheloMc2H folded before Flop (didn't bet)
Seat 3: shawmoney collected ($0.07)
Seat 4: kanatakk folded before Flop (didn't bet)
Seat 5: Xdanielo666X folded on the Turn
Seat 6: guto81 (button) folded before Flop (didn't bet)
Seat 7: Trader PK (small blind) folded before Flop
Seat 8: Dorex2007 (big blind) folded on the Turn
Seat 9: bbchen24 folded before Flop (didn't bet)



PokerStars Hand #230767834625:  Hold'em No Limit ($0.01/$0.02 USD) - 2021/10/20 20:44:47 PT [2021/10/20 23:44:47 ET]
Table 'Grietje IV' 9-max Seat #7 is the button
Seat 1: diegojagti ($0.29 in chips) 
Seat 2: CheloMc2H ($1.90 in chips) 
Seat 3: shawmoney ($2.88 in chips) 
Seat 4: kanatakk ($2.34 in chips) 
Seat 5: Xdanielo666X ($0.59 in chips) 
Seat 6: guto81 ($2.84 in chips) 
Seat 7: Trader PK ($1.87 in chips) 
Seat 8: Dorex2007 ($2 in chips) 
Dorex2007: posts small blind $0.01
diegojagti: posts big blind $0.02
*** HOLE CARDS ***
Dealt to Dorex2007 [7c Qc]
CheloMc2H: calls $0.02
shawmoney: calls $0.02
kanatakk: folds 
Xdanielo666X: folds 
guto81: folds 
Trader PK: folds 
Dorex2007: calls $0.01
diegojagti: checks 
*** FLOP *** [9h 7s 2d]
Dorex2007: checks 
diegojagti: checks 
CheloMc2H: checks 
shawmoney: checks 
*** TURN *** [9h 7s 2d] [8c]
Dorex2007: checks 
diegojagti: checks 
CheloMc2H: bets $0.04
shawmoney: folds 
Dorex2007: calls $0.04
diegojagti: folds 
*** RIVER *** [9h 7s 2d 8c] [Tc]
Dorex2007: bets $0.08
CheloMc2H: folds 
Uncalled bet ($0.08) returned to Dorex2007
Dorex2007 collected $0.15 from pot
Dorex2007: doesn't show hand 
*** SUMMARY ***
Total pot $0.16 | Rake $0.01 
Board [9h 7s 2d 8c Tc]
Seat 1: diegojagti (big blind) folded on the Turn
Seat 2: CheloMc2H folded on the River
Seat 3: shawmoney folded on the Turn
Seat 4: kanatakk folded before Flop (didn't bet)
Seat 5: Xdanielo666X folded before Flop (didn't bet)
Seat 6: guto81 folded before Flop (didn't bet)
Seat 7: Trader PK (button) folded before Flop (didn't bet)
Seat 8: Dorex2007 (small blind) collected ($0.15)



PokerStars Hand #230767844777:  Hold'em No Limit ($0.01/$0.02 USD) - 2021/10/20 20:45:48 PT [2021/10/20 23:45:48 ET]
Table 'Grietje IV' 9-max Seat #8 is the button
Seat 1: diegojagti ($0.27 in chips) 
Seat 2: CheloMc2H ($1.84 in chips) 
Seat 3: shawmoney ($2.86 in chips) 
Seat 4: kanatakk ($2.34 in chips) 
Seat 5: Xdanielo666X ($0.59 in chips) 
Seat 6: guto81 ($2.84 in chips) 
Seat 7: Trader PK ($1.87 in chips) 
Seat 8: Dorex2007 ($2.09 in chips) 
diegojagti: posts small blind $0.01
CheloMc2H: posts big blind $0.02
*** HOLE CARDS ***
Dealt to Dorex2007 [3s 2s]
shawmoney has timed out
shawmoney: folds 
kanatakk: raises $0.04 to $0.06
Xdanielo666X: folds 
guto81: folds 
Trader PK: folds 
Dorex2007: folds 
diegojagti: calls $0.05
CheloMc2H: calls $0.04
*** FLOP *** [2c 6s 8c]
diegojagti: checks 
CheloMc2H: checks 
kanatakk: bets $0.05
diegojagti: calls $0.05
CheloMc2H: calls $0.05
*** TURN *** [2c 6s 8c] [Td]
diegojagti: checks 
shawmoney leaves the table
CheloMc2H: checks 
kanatakk: bets $0.16
diegojagti: calls $0.16 and is all-in
CheloMc2H: folds 
*** RIVER *** [2c 6s 8c Td] [6d]
*** SHOW DOWN ***
diegojagti: shows [4s Ac] (a pair of Sixes)
kanatakk: shows [Tc As] (two pair, Tens and Sixes)
kanatakk collected $0.63 from pot
*** SUMMARY ***
Total pot $0.65 | Rake $0.02 
Board [2c 6s 8c Td 6d]
Seat 1: diegojagti (small blind) showed [4s Ac] and lost with a pair of Sixes
Seat 2: CheloMc2H (big blind) folded on the Turn
Seat 3: shawmoney folded before Flop (didn't bet)
Seat 4: kanatakk showed [Tc As] and won ($0.63) with two pair, Tens and Sixes
Seat 5: Xdanielo666X folded before Flop (didn't bet)
Seat 6: guto81 folded before Flop (didn't bet)
Seat 7: Trader PK folded before Flop (didn't bet)
Seat 8: Dorex2007 (button) folded before Flop (didn't bet)



PokerStars Hand #230767867500:  Hold'em No Limit ($0.01/$0.02 USD) - 2021/10/20 20:47:04 PT [2021/10/20 23:47:04 ET]
Table 'Grietje IV' 9-max Seat #2 is the button
Seat 2: CheloMc2H ($1.73 in chips) 
Seat 4: kanatakk ($2.70 in chips) 
Seat 5: Xdanielo666X ($0.59 in chips) 
Seat 6: guto81 ($2.84 in chips) 
Seat 7: Trader PK ($1.87 in chips) 
Seat 8: Dorex2007 ($2.09 in chips) 
Seat 9: bbchen24 ($1.95 in chips) 
kanatakk: posts small blind $0.01
Xdanielo666X: posts big blind $0.02
bbchen24: posts small & big blinds $0.03
*** HOLE CARDS ***
Dealt to Dorex2007 [5h 8c]
guto81: folds 
Trader PK: folds 
guto81 leaves the table
Dorex2007: folds 
bbchen24: checks 
CheloMc2H: raises $0.02 to $0.04
kanatakk: folds 
Xdanielo666X: calls $0.02
bbchen24: calls $0.02
*** FLOP *** [Ts 7c 8h]
Xdanielo666X: checks 
bbchen24: checks 
CheloMc2H: bets $0.10
Xdanielo666X: folds 
bbchen24: folds 
Uncalled bet ($0.10) returned to CheloMc2H
Krokus2864 joins the table at seat #3 
CheloMc2H collected $0.14 from pot
*** SUMMARY ***
Total pot $0.14 | Rake $0 
Board [Ts 7c 8h]
Seat 2: CheloMc2H (button) collected ($0.14)
Seat 4: kanatakk (small blind) folded before Flop
Seat 5: Xdanielo666X (big blind) folded on the Flop
Seat 6: guto81 folded before Flop (didn't bet)
Seat 7: Trader PK folded before Flop (didn't bet)
Seat 8: Dorex2007 folded before Flop (didn't bet)
Seat 9: bbchen24 folded on the Flop



PokerStars Hand #230767875632:  Hold'em No Limit ($0.01/$0.02 USD) - 2021/10/20 20:47:53 PT [2021/10/20 23:47:53 ET]
Table 'Grietje IV' 9-max Seat #4 is the button
Seat 1: diegojagti ($0.80 in chips) 
Seat 2: CheloMc2H ($1.83 in chips) 
Seat 4: kanatakk ($2.69 in chips) 
Seat 5: Xdanielo666X ($0.55 in chips) 
Seat 7: Trader PK ($1.87 in chips) 
Seat 8: Dorex2007 ($2.09 in chips) 
Seat 9: bbchen24 ($1.90 in chips) 
Xdanielo666X: posts small blind $0.01
Trader PK: posts big blind $0.02
Krokus2864: sits out 
*** HOLE CARDS ***
Dealt to Dorex2007 [Qs Js]
Dorex2007: raises $0.02 to $0.04
bbchen24: folds 
diegojagti: folds 
CheloMc2H: folds 
kanatakk: calls $0.04
Xdanielo666X: folds 
Kela1373 joins the table at seat #6 
Trader PK: folds 
*** FLOP *** [3h 5c 9h]
Dorex2007: checks 
kanatakk: bets $0.03
Dorex2007: calls $0.03
*** TURN *** [3h 5c 9h] [4h]
Dorex2007: checks 
kanatakk: bets $0.05
Dorex2007: folds 
Uncalled bet ($0.05) returned to kanatakk
kanatakk collected $0.16 from pot
kanatakk: doesn't show hand 
*** SUMMARY ***
Total pot $0.17 | Rake $0.01 
Board [3h 5c 9h 4h]
Seat 1: diegojagti folded before Flop (didn't bet)
Seat 2: CheloMc2H folded before Flop (didn't bet)
Seat 4: kanatakk (button) collected ($0.16)
Seat 5: Xdanielo666X (small blind) folded before Flop
Seat 7: Trader PK (big blind) folded before Flop
Seat 8: Dorex2007 folded on the Turn
Seat 9: bbchen24 folded before Flop (didn't bet)



PokerStars Hand #230767883521:  Hold'em No Limit ($0.01/$0.02 USD) - 2021/10/20 20:48:41 PT [2021/10/20 23:48:41 ET]
Table 'Grietje IV' 9-max Seat #5 is the button
Seat 1: diegojagti ($0.80 in chips) 
Seat 2: CheloMc2H ($1.83 in chips) 
Seat 4: kanatakk ($2.78 in chips) 
Seat 5: Xdanielo666X ($0.54 in chips) 
Seat 7: Trader PK ($1.85 in chips) 
Seat 8: Dorex2007 ($2.02 in chips) 
Seat 9: bbchen24 ($1.90 in chips) 
Trader PK: posts small blind $0.01
Dorex2007: posts big blind $0.02
Krokus2864: sits out 
*** HOLE CARDS ***
Dealt to Dorex2007 [4d Ts]
bbchen24: folds 
diegojagti: calls $0.02
CheloMc2H: folds 
kanatakk: folds 
Xdanielo666X: folds 
Trader PK: folds 
Dorex2007: checks 
*** FLOP *** [Th 9h 6s]
Dorex2007: checks 
diegojagti: checks 
*** TURN *** [Th 9h 6s] [Qd]
Dorex2007: checks 
diegojagti: checks 
*** RIVER *** [Th 9h 6s Qd] [Ac]
Dorex2007: checks 
diegojagti: bets $0.05
Dorex2007: folds 
Uncalled bet ($0.05) returned to diegojagti
diegojagti collected $0.05 from pot
diegojagti: doesn't show hand 
*** SUMMARY ***
Total pot $0.05 | Rake $0 
Board [Th 9h 6s Qd Ac]
Seat 1: diegojagti collected ($0.05)
Seat 2: CheloMc2H folded before Flop (didn't bet)
Seat 4: kanatakk folded before Flop (didn't bet)
Seat 5: Xdanielo666X (button) folded before Flop (didn't bet)
Seat 7: Trader PK (small blind) folded before Flop
Seat 8: Dorex2007 (big blind) folded on the River
Seat 9: bbchen24 folded before Flop (didn't bet)



PokerStars Hand #230767888634:  Hold'em No Limit ($0.01/$0.02 USD) - 2021/10/20 20:49:13 PT [2021/10/20 23:49:13 ET]
Table 'Grietje IV' 9-max Seat #7 is the button
Seat 1: diegojagti ($0.83 in chips) 
Seat 2: CheloMc2H ($1.83 in chips) 
Seat 4: kanatakk ($2.78 in chips) 
Seat 5: Xdanielo666X ($0.54 in chips) 
Seat 6: Kela1373 ($2 in chips) 
Seat 7: Trader PK ($1.84 in chips) 
Seat 8: Dorex2007 ($2 in chips) 
Seat 9: bbchen24 ($1.90 in chips) 
Dorex2007: posts small blind $0.01
bbchen24: posts big blind $0.02
Krokus2864: sits out 
Kela1373: posts big blind $0.02
*** HOLE CARDS ***
Dealt to Dorex2007 [3c 6d]
diegojagti: calls $0.02
CheloMc2H: folds 
kanatakk: folds 
Xdanielo666X: folds 
Kela1373: checks 
Trader PK: folds 
Dorex2007: calls $0.01
bbchen24: raises $0.10 to $0.12
diegojagti: folds 
Kela1373: folds 
Dorex2007: folds 
Uncalled bet ($0.10) returned to bbchen24
bbchen24 collected $0.08 from pot
bbchen24: doesn't show hand 
*** SUMMARY ***
Total pot $0.08 | Rake $0 
Seat 1: diegojagti folded before Flop
Seat 2: CheloMc2H folded before Flop (didn't bet)
Seat 4: kanatakk folded before Flop (didn't bet)
Seat 5: Xdanielo666X folded before Flop (didn't bet)
Seat 6: Kela1373 folded before Flop (didn't bet)
Seat 7: Trader PK (button) folded before Flop (didn't bet)
Seat 8: Dorex2007 (small blind) folded before Flop
Seat 9: bbchen24 (big blind) collected ($0.08)



PokerStars Hand #230767892316:  Hold'em No Limit ($0.01/$0.02 USD) - 2021/10/20 20:49:35 PT [2021/10/20 23:49:35 ET]
Table 'Grietje IV' 9-max Seat #8 is the button
Seat 1: diegojagti ($0.81 in chips) 
Seat 2: CheloMc2H ($1.83 in chips) 
Seat 4: kanatakk ($2.78 in chips) 
Seat 5: Xdanielo666X ($0.54 in chips) 
Seat 6: Kela1373 ($2 in chips) 
Seat 7: Trader PK ($1.84 in chips) 
Seat 8: Dorex2007 ($2 in chips) 
Seat 9: bbchen24 ($1.96 in chips) 
bbchen24: posts small blind $0.01
diegojagti: posts big blind $0.02
Krokus2864: sits out 
*** HOLE CARDS ***
Dealt to Dorex2007 [4h Kd]
CheloMc2H: calls $0.02
kanatakk: raises $0.06 to $0.08
Xdanielo666X: folds 
Kela1373: calls $0.08
Trader PK: folds 
Dorex2007: folds 
bbchen24: folds 
diegojagti: folds 
CheloMc2H: calls $0.06
*** FLOP *** [5d 8h 3s]
CheloMc2H: checks 
kanatakk: checks 
Kela1373: checks 
*** TURN *** [5d 8h 3s] [7h]
CheloMc2H: checks 
kanatakk: checks 
Kela1373: bets $0.26
CheloMc2H: folds 
kanatakk: folds 
Uncalled bet ($0.26) returned to Kela1373
Kela1373 collected $0.26 from pot
Kela1373: doesn't show hand 
*** SUMMARY ***
Total pot $0.27 | Rake $0.01 
Board [5d 8h 3s 7h]
Seat 1: diegojagti (big blind) folded before Flop
Seat 2: CheloMc2H folded on the Turn
Seat 4: kanatakk folded on the Turn
Seat 5: Xdanielo666X folded before Flop (didn't bet)
Seat 6: Kela1373 collected ($0.26)
Seat 7: Trader PK folded before Flop (didn't bet)
Seat 8: Dorex2007 (button) folded before Flop (didn't bet)
Seat 9: bbchen24 (small blind) folded before Flop



PokerStars Hand #230767903133:  Hold'em No Limit ($0.01/$0.02 USD) - 2021/10/20 20:50:42 PT [2021/10/20 23:50:42 ET]
Table 'Grietje IV' 9-max Seat #9 is the button
Seat 1: diegojagti ($0.79 in chips) 
Seat 2: CheloMc2H ($1.75 in chips) 
Seat 4: kanatakk ($2.70 in chips) 
Seat 5: Xdanielo666X ($0.54 in chips) 
Seat 6: Kela1373 ($2.18 in chips) 
Seat 7: Trader PK ($1.84 in chips) 
Seat 8: Dorex2007 ($2 in chips) 
Seat 9: bbchen24 ($1.95 in chips) 
diegojagti: posts small blind $0.01
CheloMc2H: posts big blind $0.02
Krokus2864: sits out 
*** HOLE CARDS ***
Dealt to Dorex2007 [Qd Qh]
kanatakk: folds 
Xdanielo666X: raises $0.04 to $0.06
Kela1373: folds 
Trader PK: folds 
Dorex2007: raises $0.12 to $0.18
bbchen24: folds 
diegojagti: folds 
CheloMc2H: folds 
Xdanielo666X: raises $0.36 to $0.54 and is all-in
Dorex2007: calls $0.36
*** FLOP *** [Jd 3s 8d]
*** TURN *** [Jd 3s 8d] [4s]
*** RIVER *** [Jd 3s 8d 4s] [9h]
*** SHOW DOWN ***
Xdanielo666X: shows [Ts Tc] (a pair of Tens)
Dorex2007: shows [Qd Qh] (a pair of Queens)
Xdanielo666X cashed out the hand for $0.21
Dorex2007 cashed out the hand for $0.85 | Cash Out Fee $0.01
*** SUMMARY ***
Total pot $1.11 | Rake $0.04 
Board [Jd 3s 8d 4s 9h]
Seat 1: diegojagti (small blind) folded before Flop
Seat 2: CheloMc2H (big blind) folded before Flop
Seat 4: kanatakk folded before Flop (didn't bet)
Seat 5: Xdanielo666X showed [Ts Tc] and lost with a pair of Tens (cashed out).
Seat 6: Kela1373 folded before Flop (didn't bet)
Seat 7: Trader PK folded before Flop (didn't bet)
Seat 8: Dorex2007 showed [Qd Qh] and won ($1.07) with a pair of Queens (pot not awarded as player cashed out)
Seat 9: bbchen24 (button) folded before Flop (didn't bet)



PokerStars Hand #230767911631:  Hold'em No Limit ($0.01/$0.02 USD) - 2021/10/20 20:51:34 PT [2021/10/20 23:51:34 ET]
Table 'Grietje IV' 9-max Seat #1 is the button
Seat 1: diegojagti ($0.78 in chips) 
Seat 2: CheloMc2H ($1.73 in chips) 
Seat 3: Krokus2864 ($2 in chips) 
Seat 4: kanatakk ($2.70 in chips) 
Seat 5: Xdanielo666X ($0.21 in chips) 
Seat 6: Kela1373 ($2.18 in chips) 
Seat 7: Trader PK ($1.84 in chips) 
Seat 8: Dorex2007 ($2.31 in chips) 
Seat 9: bbchen24 ($1.95 in chips) 
CheloMc2H: posts small blind $0.01
Krokus2864: posts big blind $0.02
*** HOLE CARDS ***
Dealt to Dorex2007 [Ad 9d]
kanatakk: folds 
Xdanielo666X: folds 
Kela1373: folds 
Trader PK: folds 
Dorex2007: raises $0.02 to $0.04
bbchen24: calls $0.04
diegojagti: calls $0.04
CheloMc2H: calls $0.03
Krokus2864: folds 
*** FLOP *** [3d Qh 7d]
CheloMc2H: checks 
Dorex2007: bets $0.17
bbchen24: folds 
diegojagti: raises $0.17 to $0.34
CheloMc2H: folds 
Dorex2007: calls $0.17
*** TURN *** [3d Qh 7d] [6s]
Dorex2007: bets $1.93 and is all-in
diegojagti: calls $0.40 and is all-in
Uncalled bet ($1.53) returned to Dorex2007
*** RIVER *** [3d Qh 7d 6s] [2h]
*** SHOW DOWN ***
Dorex2007: shows [Ad 9d] (high card Ace)
diegojagti: shows [3h Qd] (two pair, Queens and Threes)
diegojagti collected $1.60 from pot
*** SUMMARY ***
Total pot $1.66 | Rake $0.06 
Board [3d Qh 7d 6s 2h]
Seat 1: diegojagti (button) showed [3h Qd] and won ($1.60) with two pair, Queens and Threes
Seat 2: CheloMc2H (small blind) folded on the Flop
Seat 3: Krokus2864 (big blind) folded before Flop
Seat 4: kanatakk folded before Flop (didn't bet)
Seat 5: Xdanielo666X folded before Flop (didn't bet)
Seat 6: Kela1373 folded before Flop (didn't bet)
Seat 7: Trader PK folded before Flop (didn't bet)
Seat 8: Dorex2007 showed [Ad 9d] and lost with high card Ace
Seat 9: bbchen24 folded on the Flop



PokerStars Hand #230767923857:  Hold'em No Limit ($0.01/$0.02 USD) - 2021/10/20 20:52:51 PT [2021/10/20 23:52:51 ET]
Table 'Grietje IV' 9-max Seat #2 is the button
Seat 1: diegojagti ($1.60 in chips) 
Seat 2: CheloMc2H ($1.69 in chips) 
Seat 3: Krokus2864 ($2 in chips) 
Seat 4: kanatakk ($2.70 in chips) 
Seat 5: Xdanielo666X ($0.21 in chips) 
Seat 6: Kela1373 ($2.18 in chips) 
Seat 7: Trader PK ($1.84 in chips) 
Seat 8: Dorex2007 ($2 in chips) 
Seat 9: bbchen24 ($1.91 in chips) 
Krokus2864: posts small blind $0.01
kanatakk: posts big blind $0.02
*** HOLE CARDS ***
Dealt to Dorex2007 [6d 3s]
Xdanielo666X: raises $0.02 to $0.04
Kela1373: folds 
Trader PK: folds 
Dorex2007: folds 
bbchen24: calls $0.04
diegojagti: folds 
CheloMc2H: folds 
Krokus2864: folds 
kanatakk: folds 
*** FLOP *** [7h Qh Ac]
Xdanielo666X: bets $0.17 and is all-in
bbchen24: folds 
Uncalled bet ($0.17) returned to Xdanielo666X
Xdanielo666X collected $0.11 from pot
*** SUMMARY ***
Total pot $0.11 | Rake $0 
Board [7h Qh Ac]
Seat 1: diegojagti folded before Flop (didn't bet)
Seat 2: CheloMc2H (button) folded before Flop (didn't bet)
Seat 3: Krokus2864 (small blind) folded before Flop
Seat 4: kanatakk (big blind) folded before Flop
Seat 5: Xdanielo666X collected ($0.11)
Seat 6: Kela1373 folded before Flop (didn't bet)
Seat 7: Trader PK folded before Flop (didn't bet)
Seat 8: Dorex2007 folded before Flop (didn't bet)
Seat 9: bbchen24 folded on the Flop



PokerStars Hand #230767928908:  Hold'em No Limit ($0.01/$0.02 USD) - 2021/10/20 20:53:22 PT [2021/10/20 23:53:22 ET]
Table 'Grietje IV' 9-max Seat #3 is the button
Seat 1: diegojagti ($1.60 in chips) 
Seat 2: CheloMc2H ($1.69 in chips) 
Seat 3: Krokus2864 ($2 in chips) 
Seat 4: kanatakk ($2.68 in chips) 
Seat 5: Xdanielo666X ($0.28 in chips) 
Seat 6: Kela1373 ($2.18 in chips) 
Seat 7: Trader PK ($1.84 in chips) 
Seat 8: Dorex2007 ($2 in chips) 
Seat 9: bbchen24 ($1.87 in chips) 
kanatakk: posts small blind $0.01
Xdanielo666X: posts big blind $0.02
*** HOLE CARDS ***
Dealt to Dorex2007 [Kh 7c]
Kela1373: folds 
Trader PK: folds 
Dorex2007: folds 
bbchen24: folds 
diegojagti: calls $0.02
CheloMc2H: folds 
Krokus2864: calls $0.02
kanatakk: folds 
Xdanielo666X: checks 
*** FLOP *** [8d Qh 6c]
Xdanielo666X: checks 
diegojagti: checks 
Krokus2864: bets $0.02
Xdanielo666X: calls $0.02
diegojagti: calls $0.02
*** TURN *** [8d Qh 6c] [Qs]
Xdanielo666X: checks 
diegojagti: checks 
Krokus2864: bets $0.02
Xdanielo666X: calls $0.02
diegojagti: calls $0.02
*** RIVER *** [8d Qh 6c Qs] [Th]
Xdanielo666X: bets $0.22 and is all-in
diegojagti: folds 
Krokus2864: calls $0.22
*** SHOW DOWN ***
Xdanielo666X: shows [Td Ks] (two pair, Queens and Tens)
Krokus2864: shows [6s 6h] (a full house, Sixes full of Queens)
Krokus2864 collected $0.61 from pot
*** SUMMARY ***
Total pot $0.63 | Rake $0.02 
Board [8d Qh 6c Qs Th]
Seat 1: diegojagti folded on the River
Seat 2: CheloMc2H folded before Flop (didn't bet)
Seat 3: Krokus2864 (button) showed [6s 6h] and won ($0.61) with a full house, Sixes full of Queens
Seat 4: kanatakk (small blind) folded before Flop
Seat 5: Xdanielo666X (big blind) showed [Td Ks] and lost with two pair, Queens and Tens
Seat 6: Kela1373 folded before Flop (didn't bet)
Seat 7: Trader PK folded before Flop (didn't bet)
Seat 8: Dorex2007 folded before Flop (didn't bet)
Seat 9: bbchen24 folded before Flop (didn't bet)



PokerStars Hand #230767941988:  Hold'em No Limit ($0.01/$0.02 USD) - 2021/10/20 20:54:25 PT [2021/10/20 23:54:25 ET]
Table 'Grietje IV' 9-max Seat #4 is the button
Seat 1: diegojagti ($1.54 in chips) 
Seat 2: CheloMc2H ($1.69 in chips) 
Seat 3: Krokus2864 ($2.33 in chips) 
Seat 4: kanatakk ($2.67 in chips) 
Seat 6: Kela1373 ($2.18 in chips) 
Seat 8: Dorex2007 ($2 in chips) 
Seat 9: bbchen24 ($1.87 in chips) 
Kela1373: posts small blind $0.01
Trader PK: is sitting out 
Dorex2007: posts big blind $0.02
*** HOLE CARDS ***
Dealt to Dorex2007 [5c 2s]
bbchen24: raises $0.04 to $0.06
Xdanielo666X leaves the table
diegojagti: folds 
CheloMc2H: folds 
Krokus2864: calls $0.06
kanatakk: folds 
Kela1373: folds 
Dorex2007: folds 
*** FLOP *** [Qh Jc Ad]
bbchen24: bets $0.09
Krokus2864: folds 
Uncalled bet ($0.09) returned to bbchen24
bbchen24 collected $0.14 from pot
bbchen24: doesn't show hand 
*** SUMMARY ***
Total pot $0.15 | Rake $0.01 
Board [Qh Jc Ad]
Seat 1: diegojagti folded before Flop (didn't bet)
Seat 2: CheloMc2H folded before Flop (didn't bet)
Seat 3: Krokus2864 folded on the Flop
Seat 4: kanatakk (button) folded before Flop (didn't bet)
Seat 6: Kela1373 (small blind) folded before Flop
Seat 8: Dorex2007 (big blind) folded before Flop
Seat 9: bbchen24 collected ($0.14)



PokerStars Hand #230767946890:  Hold'em No Limit ($0.01/$0.02 USD) - 2021/10/20 20:54:56 PT [2021/10/20 23:54:56 ET]
Table 'Grietje IV' 9-max Seat #6 is the button
Seat 1: diegojagti ($1.54 in chips) 
Seat 2: CheloMc2H ($1.69 in chips) 
Seat 3: Krokus2864 ($2.27 in chips) 
Seat 4: kanatakk ($2.67 in chips) 
Seat 6: Kela1373 ($2.17 in chips) 
Seat 8: Dorex2007 ($2 in chips) 
Seat 9: bbchen24 ($1.95 in chips) 
Dorex2007: posts small blind $0.01
bbchen24: posts big blind $0.02
*** HOLE CARDS ***
Dealt to Dorex2007 [4h Js]
diegojagti: calls $0.02
CheloMc2H: folds 
Krokus2864: folds 
kanatakk: folds 
Kela1373: calls $0.02
Dorex2007: calls $0.01
bbchen24: checks 
*** FLOP *** [8s 3s 8c]
Dorex2007: checks 
bbchen24: checks 
diegojagti: checks 
Trader PK leaves the table
Kela1373: bets $0.06
Dorex2007: folds 
bbchen24: folds 
diegojagti: folds 
Uncalled bet ($0.06) returned to Kela1373
Kela1373 collected $0.08 from pot
Kela1373: doesn't show hand 
*** SUMMARY ***
Total pot $0.08 | Rake $0 
Board [8s 3s 8c]
Seat 1: diegojagti folded on the Flop
Seat 2: CheloMc2H folded before Flop (didn't bet)
Seat 3: Krokus2864 folded before Flop (didn't bet)
Seat 4: kanatakk folded before Flop (didn't bet)
Seat 6: Kela1373 (button) collected ($0.08)
Seat 8: Dorex2007 (small blind) folded on the Flop
Seat 9: bbchen24 (big blind) folded on the Flop



PokerStars Hand #230767952220:  Hold'em No Limit ($0.01/$0.02 USD) - 2021/10/20 20:55:35 PT [2021/10/20 23:55:35 ET]
Table 'Grietje IV' 9-max Seat #8 is the button
Seat 1: diegojagti ($1.52 in chips) 
Seat 2: CheloMc2H ($1.69 in chips) 
Seat 3: Krokus2864 ($2.27 in chips) 
Seat 4: kanatakk ($2.67 in chips) 
Seat 6: Kela1373 ($2.23 in chips) 
Seat 8: Dorex2007 ($2 in chips) 
Seat 9: bbchen24 ($1.93 in chips) 
bbchen24: posts small blind $0.01
diegojagti: posts big blind $0.02
*** HOLE CARDS ***
Dealt to Dorex2007 [Ac 2c]
CheloMc2H: folds 
Krokus2864: folds 
kanatakk: folds 
Kela1373: folds 
Dorex2007: raises $0.04 to $0.06
bbchen24: folds 
diegojagti: folds 
Uncalled bet ($0.04) returned to Dorex2007
Dorex2007 collected $0.05 from pot
Dorex2007: doesn't show hand 
*** SUMMARY ***
Total pot $0.05 | Rake $0 
Seat 1: diegojagti (big blind) folded before Flop
Seat 2: CheloMc2H folded before Flop (didn't bet)
Seat 3: Krokus2864 folded before Flop (didn't bet)
Seat 4: kanatakk folded before Flop (didn't bet)
Seat 6: Kela1373 folded before Flop (didn't bet)
Seat 8: Dorex2007 (button) collected ($0.05)
Seat 9: bbchen24 (small blind) folded before Flop



PokerStars Hand #230767955182:  Hold'em No Limit ($0.01/$0.02 USD) - 2021/10/20 20:55:57 PT [2021/10/20 23:55:57 ET]
Table 'Grietje IV' 9-max Seat #9 is the button
Seat 1: diegojagti ($1.50 in chips) 
Seat 2: CheloMc2H ($1.69 in chips) 
Seat 3: Krokus2864 ($2.27 in chips) 
Seat 4: kanatakk ($2.67 in chips) 
Seat 6: Kela1373 ($2.23 in chips) 
Seat 8: Dorex2007 ($2.03 in chips) 
Seat 9: bbchen24 ($1.92 in chips) 
diegojagti: posts small blind $0.01
CheloMc2H: posts big blind $0.02
*** HOLE CARDS ***
Dealt to Dorex2007 [Ts Kc]
Krokus2864: folds 
kanatakk: folds 
Kela1373: folds 
PILOTOCH ULK joins the table at seat #7 
Dorex2007: raises $0.04 to $0.06
bbchen24: folds 
diegojagti: folds 
CheloMc2H: folds 
Uncalled bet ($0.04) returned to Dorex2007
Dorex2007 collected $0.05 from pot
Dorex2007: doesn't show hand 
*** SUMMARY ***
Total pot $0.05 | Rake $0 
Seat 1: diegojagti (small blind) folded before Flop
Seat 2: CheloMc2H (big blind) folded before Flop
Seat 3: Krokus2864 folded before Flop (didn't bet)
Seat 4: kanatakk folded before Flop (didn't bet)
Seat 6: Kela1373 folded before Flop (didn't bet)
Seat 8: Dorex2007 collected ($0.05)
Seat 9: bbchen24 (button) folded before Flop (didn't bet)



PokerStars Hand #230767958914:  Hold'em No Limit ($0.01/$0.02 USD) - 2021/10/20 20:56:26 PT [2021/10/20 23:56:26 ET]
Table 'Grietje IV' 9-max Seat #1 is the button
Seat 1: diegojagti ($1.49 in chips) 
Seat 2: CheloMc2H ($1.67 in chips) 
Seat 3: Krokus2864 ($2.27 in chips) 
Seat 4: kanatakk ($2.67 in chips) 
Seat 6: Kela1373 ($2.23 in chips) 
Seat 8: Dorex2007 ($2.06 in chips) 
Seat 9: bbchen24 ($1.92 in chips) 
CheloMc2H: posts small blind $0.01
Krokus2864: posts big blind $0.02
PILOTOCH ULK: sits out 
*** HOLE CARDS ***
Dealt to Dorex2007 [5h 7d]
IldeRider01 joins the table at seat #5 
kanatakk: folds 
Kela1373: folds 
Dorex2007: folds 
bbchen24: folds 
diegojagti: folds 
CheloMc2H: folds 
Uncalled bet ($0.01) returned to Krokus2864
Krokus2864 collected $0.02 from pot
Krokus2864: doesn't show hand 
*** SUMMARY ***
Total pot $0.02 | Rake $0 
Seat 1: diegojagti (button) folded before Flop (didn't bet)
Seat 2: CheloMc2H (small blind) folded before Flop
Seat 3: Krokus2864 (big blind) collected ($0.02)
Seat 4: kanatakk folded before Flop (didn't bet)
Seat 6: Kela1373 folded before Flop (didn't bet)
Seat 8: Dorex2007 folded before Flop (didn't bet)
Seat 9: bbchen24 folded before Flop (didn't bet)



PokerStars Hand #230767960674:  Hold'em No Limit ($0.01/$0.02 USD) - 2021/10/20 20:56:40 PT [2021/10/20 23:56:40 ET]
Table 'Grietje IV' 9-max Seat #2 is the button
Seat 1: diegojagti ($1.49 in chips) 
Seat 2: CheloMc2H ($1.66 in chips) 
Seat 3: Krokus2864 ($2.28 in chips) 
Seat 4: kanatakk ($2.67 in chips) 
Seat 6: Kela1373 ($2.23 in chips) 
Seat 8: Dorex2007 ($2.06 in chips) 
Seat 9: bbchen24 ($1.92 in chips) 
Krokus2864: posts small blind $0.01
kanatakk: posts big blind $0.02
IldeRider01: sits out 
PILOTOCH ULK: sits out 
*** HOLE CARDS ***
Dealt to Dorex2007 [Kd 7d]
Kela1373: folds 
Dorex2007: folds 
bbchen24: folds 
diegojagti: folds 
CheloMc2H: folds 
Krokus2864: folds 
Uncalled bet ($0.01) returned to kanatakk
kanatakk collected $0.02 from pot
kanatakk: doesn't show hand 
*** SUMMARY ***
Total pot $0.02 | Rake $0 
Seat 1: diegojagti folded before Flop (didn't bet)
Seat 2: CheloMc2H (button) folded before Flop (didn't bet)
Seat 3: Krokus2864 (small blind) folded before Flop
Seat 4: kanatakk (big blind) collected ($0.02)
Seat 6: Kela1373 folded before Flop (didn't bet)
Seat 8: Dorex2007 folded before Flop (didn't bet)
Seat 9: bbchen24 folded before Flop (didn't bet)



PokerStars Hand #230767962616:  Hold'em No Limit ($0.01/$0.02 USD) - 2021/10/20 20:56:55 PT [2021/10/20 23:56:55 ET]
Table 'Grietje IV' 9-max Seat #3 is the button
Seat 1: diegojagti ($1.49 in chips) 
Seat 2: CheloMc2H ($1.66 in chips) 
Seat 3: Krokus2864 ($2.27 in chips) 
Seat 4: kanatakk ($2.68 in chips) 
Seat 5: IldeRider01 ($1.03 in chips) 
Seat 6: Kela1373 ($2.23 in chips) 
Seat 8: Dorex2007 ($2.06 in chips) 
Seat 9: bbchen24 ($1.92 in chips) 
kanatakk: posts small blind $0.01
IldeRider01: posts big blind $0.02
PILOTOCH ULK: sits out 
*** HOLE CARDS ***
Dealt to Dorex2007 [Jh 4c]
Kela1373: calls $0.02
Dorex2007: folds 
bbchen24: folds 
diegojagti: calls $0.02
CheloMc2H: calls $0.02
Krokus2864: folds 
kanatakk: calls $0.01
IldeRider01: checks 
*** FLOP *** [7h 2d 3c]
kanatakk: checks 
IldeRider01: checks 
Kela1373: bets $0.05
diegojagti: folds 
CheloMc2H: folds 
kanatakk: folds 
IldeRider01: calls $0.05
*** TURN *** [7h 2d 3c] [2s]
IldeRider01: checks 
Kela1373: bets $0.12
IldeRider01: folds 
Uncalled bet ($0.12) returned to Kela1373
Kela1373 collected $0.19 from pot
Kela1373: doesn't show hand 
*** SUMMARY ***
Total pot $0.20 | Rake $0.01 
Board [7h 2d 3c 2s]
Seat 1: diegojagti folded on the Flop
Seat 2: CheloMc2H folded on the Flop
Seat 3: Krokus2864 (button) folded before Flop (didn't bet)
Seat 4: kanatakk (small blind) folded on the Flop
Seat 5: IldeRider01 (big blind) folded on the Turn
Seat 6: Kela1373 collected ($0.19)
Seat 8: Dorex2007 folded before Flop (didn't bet)
Seat 9: bbchen24 folded before Flop (didn't bet)



PokerStars Hand #230767968909:  Hold'em No Limit ($0.01/$0.02 USD) - 2021/10/20 20:57:44 PT [2021/10/20 23:57:44 ET]
Table 'Grietje IV' 9-max Seat #4 is the button
Seat 1: diegojagti ($1.47 in chips) 
Seat 2: CheloMc2H ($1.64 in chips) 
Seat 3: Krokus2864 ($2.27 in chips) 
Seat 4: kanatakk ($2.66 in chips) 
Seat 5: IldeRider01 ($0.96 in chips) 
Seat 6: Kela1373 ($2.35 in chips) 
Seat 8: Dorex2007 ($2.06 in chips) 
Seat 9: bbchen24 ($1.92 in chips) 
IldeRider01: posts small blind $0.01
Kela1373: posts big blind $0.02
PILOTOCH ULK: sits out 
*** HOLE CARDS ***
Dealt to Dorex2007 [7h 6h]
Dorex2007: raises $0.02 to $0.04
bbchen24: calls $0.04
diegojagti: calls $0.04
CheloMc2H: calls $0.04
Krokus2864: folds 
kanatakk: calls $0.04
IldeRider01: folds 
Kela1373: calls $0.02
*** FLOP *** [Jc 3h Th]
Kela1373: checks 
Dorex2007: checks 
bbchen24: checks 
diegojagti: checks 
CheloMc2H: bets $0.14
kanatakk: folds 
Kela1373: calls $0.14
Dorex2007: folds 
bbchen24: folds 
diegojagti: calls $0.14
*** TURN *** [Jc 3h Th] [2s]
Kela1373: checks 
diegojagti: checks 
CheloMc2H: bets $0.24
Kela1373: calls $0.24
diegojagti: folds 
*** RIVER *** [Jc 3h Th 2s] [Qs]
Kela1373: bets $0.56
CheloMc2H: calls $0.56
*** SHOW DOWN ***
Kela1373: shows [9c Qh] (a pair of Queens)
CheloMc2H: mucks hand 
Kela1373 collected $2.19 from pot
*** SUMMARY ***
Total pot $2.27 | Rake $0.08 
Board [Jc 3h Th 2s Qs]
Seat 1: diegojagti folded on the Turn
Seat 2: CheloMc2H mucked [Ad Js]
Seat 3: Krokus2864 folded before Flop (didn't bet)
Seat 4: kanatakk (button) folded on the Flop
Seat 5: IldeRider01 (small blind) folded before Flop
Seat 6: Kela1373 (big blind) showed [9c Qh] and won ($2.19) with a pair of Queens
Seat 8: Dorex2007 folded on the Flop
Seat 9: bbchen24 folded on the Flop



PokerStars Hand #230767980162:  Hold'em No Limit ($0.01/$0.02 USD) - 2021/10/20 20:59:10 PT [2021/10/20 23:59:10 ET]
Table 'Grietje IV' 9-max Seat #5 is the button
Seat 1: diegojagti ($1.29 in chips) 
Seat 2: CheloMc2H ($0.66 in chips) 
Seat 3: Krokus2864 ($2.27 in chips) 
Seat 4: kanatakk ($2.62 in chips) 
Seat 5: IldeRider01 ($0.95 in chips) 
Seat 6: Kela1373 ($3.56 in chips) 
Seat 7: PILOTOCH ULK ($2 in chips) 
Seat 8: Dorex2007 ($2.02 in chips) 
Seat 9: bbchen24 ($1.88 in chips) 
Kela1373: posts small blind $0.01
PILOTOCH ULK: posts big blind $0.02
*** HOLE CARDS ***
Dealt to Dorex2007 [3s Qd]
Dorex2007: folds 
bbchen24: raises $0.07 to $0.09
diegojagti: folds 
CheloMc2H: raises $0.57 to $0.66 and is all-in
Krokus2864: folds 
kanatakk: folds 
IldeRider01 has timed out
IldeRider01: folds 
Kela1373: folds 
PILOTOCH ULK has timed out
PILOTOCH ULK: folds 
bbchen24: calls $0.57
*** FLOP *** [Jc Kc Kh]
*** TURN *** [Jc Kc Kh] [5s]
*** RIVER *** [Jc Kc Kh 5s] [2h]
*** SHOW DOWN ***
bbchen24: shows [As Qh] (a pair of Kings)
CheloMc2H: shows [4c 4s] (two pair, Kings and Fours)
CheloMc2H collected $1.30 from pot
*** SUMMARY ***
Total pot $1.35 | Rake $0.05 
Board [Jc Kc Kh 5s 2h]
Seat 1: diegojagti folded before Flop (didn't bet)
Seat 2: CheloMc2H showed [4c 4s] and won ($1.30) with two pair, Kings and Fours
Seat 3: Krokus2864 folded before Flop (didn't bet)
Seat 4: kanatakk folded before Flop (didn't bet)
Seat 5: IldeRider01 (button) folded before Flop (didn't bet)
Seat 6: Kela1373 (small blind) folded before Flop
Seat 7: PILOTOCH ULK (big blind) folded before Flop
Seat 8: Dorex2007 folded before Flop (didn't bet)
Seat 9: bbchen24 showed [As Qh] and lost with a pair of Kings



