PokerStars Hand #232504531837:  Hold'em No Limit ($0.01/$0.02 USD) - 2021/12/25 4:53:54 PT [2021/12/25 7:53:54 ET]
Table 'Qinghai III' 9-max Seat #1 is the button
Seat 1: Vorontsov28 ($2 in chips) 
Seat 2: TvKarel ($1.60 in chips) 
Seat 4: 10 blueberry 10 ($0.83 in chips) 
Seat 5: LazyCrazyPsycho ($5.77 in chips) 
Seat 6: MrKaplin ($2.16 in chips) 
Seat 7: BugerTK ($1.97 in chips) 
Seat 8: gaseanez ($1.34 in chips) 
Seat 9: Dorex2007 ($2 in chips) 
TvKarel: posts small blind $0.01
10 blueberry 10: posts big blind $0.02
Dorex2007: posts big blind $0.02
*** HOLE CARDS ***
Dealt to Dorex2007 [As 5c]
LazyCrazyPsycho: folds 
MrKaplin: folds 
BugerTK: raises $0.02 to $0.04
gaseanez: folds 
Dorex2007: folds 
BraveGirl leaves the table
Vorontsov28: raises $0.14 to $0.18
TvKarel: folds 
10 blueberry 10: folds 
BugerTK: folds 
Uncalled bet ($0.14) returned to Vorontsov28
Vorontsov28 collected $0.13 from pot
Vorontsov28: doesn't show hand 
*** SUMMARY ***
Total pot $0.13 | Rake $0 
Seat 1: Vorontsov28 (button) collected ($0.13)
Seat 2: TvKarel (small blind) folded before Flop
Seat 4: 10 blueberry 10 (big blind) folded before Flop
Seat 5: LazyCrazyPsycho folded before Flop (didn't bet)
Seat 6: MrKaplin folded before Flop (didn't bet)
Seat 7: BugerTK folded before Flop
Seat 8: gaseanez folded before Flop (didn't bet)
Seat 9: Dorex2007 folded before Flop (didn't bet)



PokerStars Hand #232504537957:  Hold'em No Limit ($0.01/$0.02 USD) - 2021/12/25 4:54:18 PT [2021/12/25 7:54:18 ET]
Table 'Qinghai III' 9-max Seat #2 is the button
Seat 1: Vorontsov28 ($2.09 in chips) 
Seat 2: TvKarel ($1.59 in chips) 
Seat 4: 10 blueberry 10 ($0.81 in chips) 
Seat 5: LazyCrazyPsycho ($5.77 in chips) 
Seat 6: MrKaplin ($2.16 in chips) 
Seat 7: BugerTK ($1.93 in chips) 
Seat 8: gaseanez ($1.34 in chips) 
Seat 9: Dorex2007 ($2 in chips) 
10 blueberry 10: posts small blind $0.01
LazyCrazyPsycho: posts big blind $0.02
*** HOLE CARDS ***
Dealt to Dorex2007 [Jd Jc]
MrKaplin: folds 
BugerTK: folds 
gaseanez has timed out
gaseanez: folds 
xBasti133 joins the table at seat #3 
Dorex2007: raises $0.10 to $0.12
Vorontsov28: folds 
TvKarel: calls $0.12
10 blueberry 10: folds 
LazyCrazyPsycho: folds 
*** FLOP *** [Td Qh 2c]
Dorex2007: bets $0.17
TvKarel: raises $0.29 to $0.46
Dorex2007: folds 
Uncalled bet ($0.29) returned to TvKarel
TvKarel collected $0.59 from pot
TvKarel: doesn't show hand 
*** SUMMARY ***
Total pot $0.61 | Rake $0.02 
Board [Td Qh 2c]
Seat 1: Vorontsov28 folded before Flop (didn't bet)
Seat 2: TvKarel (button) collected ($0.59)
Seat 4: 10 blueberry 10 (small blind) folded before Flop
Seat 5: LazyCrazyPsycho (big blind) folded before Flop
Seat 6: MrKaplin folded before Flop (didn't bet)
Seat 7: BugerTK folded before Flop (didn't bet)
Seat 8: gaseanez folded before Flop (didn't bet)
Seat 9: Dorex2007 folded on the Flop



PokerStars Hand #232504551562:  Hold'em No Limit ($0.01/$0.02 USD) - 2021/12/25 4:55:12 PT [2021/12/25 7:55:12 ET]
Table 'Qinghai III' 9-max Seat #4 is the button
Seat 1: Vorontsov28 ($2.09 in chips) 
Seat 2: TvKarel ($1.89 in chips) 
Seat 3: xBasti133 ($1.32 in chips) 
Seat 4: 10 blueberry 10 ($0.80 in chips) 
Seat 5: LazyCrazyPsycho ($5.75 in chips) 
Seat 6: MrKaplin ($2.16 in chips) 
Seat 7: BugerTK ($1.93 in chips) 
Seat 8: gaseanez ($1.34 in chips) 
Seat 9: Dorex2007 ($2 in chips) 
LazyCrazyPsycho: posts small blind $0.01
MrKaplin: posts big blind $0.02
xBasti133: posts big blind $0.02
*** HOLE CARDS ***
Dealt to Dorex2007 [6h Ac]
BugerTK: folds 
gaseanez: calls $0.02
Dorex2007: folds 
Vorontsov28: folds 
TvKarel: folds 
xBasti133: checks 
10 blueberry 10: folds 
LazyCrazyPsycho: calls $0.01
MrKaplin: checks 
*** FLOP *** [Ad Td Kd]
LazyCrazyPsycho: checks 
MrKaplin: checks 
gaseanez: bets $0.06
xBasti133: folds 
LazyCrazyPsycho: folds 
MrKaplin: folds 
Uncalled bet ($0.06) returned to gaseanez
gaseanez collected $0.08 from pot
gaseanez: doesn't show hand 
*** SUMMARY ***
Total pot $0.08 | Rake $0 
Board [Ad Td Kd]
Seat 1: Vorontsov28 folded before Flop (didn't bet)
Seat 2: TvKarel folded before Flop (didn't bet)
Seat 3: xBasti133 folded on the Flop (didn't bet)
Seat 4: 10 blueberry 10 (button) folded before Flop (didn't bet)
Seat 5: LazyCrazyPsycho (small blind) folded on the Flop
Seat 6: MrKaplin (big blind) folded on the Flop
Seat 7: BugerTK folded before Flop (didn't bet)
Seat 8: gaseanez collected ($0.08)
Seat 9: Dorex2007 folded before Flop (didn't bet)



PokerStars Hand #232504562280:  Hold'em No Limit ($0.01/$0.02 USD) - 2021/12/25 4:56:01 PT [2021/12/25 7:56:01 ET]
Table 'Qinghai III' 9-max Seat #5 is the button
Seat 1: Vorontsov28 ($2.09 in chips) 
Seat 2: TvKarel ($1.89 in chips) 
Seat 3: xBasti133 ($1.30 in chips) 
Seat 4: 10 blueberry 10 ($0.80 in chips) 
Seat 5: LazyCrazyPsycho ($5.73 in chips) 
Seat 6: MrKaplin ($2.14 in chips) 
Seat 7: BugerTK ($1.93 in chips) 
Seat 8: gaseanez ($1.40 in chips) 
Seat 9: Dorex2007 ($2 in chips) 
MrKaplin: posts small blind $0.01
BugerTK: posts big blind $0.02
*** HOLE CARDS ***
Dealt to Dorex2007 [2s 6h]
gaseanez: folds 
Dorex2007: folds 
Vorontsov28: folds 
TvKarel: calls $0.02
xBasti133: folds 
10 blueberry 10: folds 
LazyCrazyPsycho: calls $0.02
MrKaplin: calls $0.01
BugerTK: checks 
*** FLOP *** [5h 2d 4h]
MrKaplin: checks 
BugerTK: bets $0.04
TvKarel: calls $0.04
LazyCrazyPsycho: calls $0.04
MrKaplin: folds 
*** TURN *** [5h 2d 4h] [Th]
BugerTK: bets $0.04
TvKarel: raises $0.08 to $0.12
LazyCrazyPsycho: folds 
BugerTK: folds 
Uncalled bet ($0.08) returned to TvKarel
TvKarel collected $0.27 from pot
TvKarel: doesn't show hand 
*** SUMMARY ***
Total pot $0.28 | Rake $0.01 
Board [5h 2d 4h Th]
Seat 1: Vorontsov28 folded before Flop (didn't bet)
Seat 2: TvKarel collected ($0.27)
Seat 3: xBasti133 folded before Flop (didn't bet)
Seat 4: 10 blueberry 10 folded before Flop (didn't bet)
Seat 5: LazyCrazyPsycho (button) folded on the Turn
Seat 6: MrKaplin (small blind) folded on the Flop
Seat 7: BugerTK (big blind) folded on the Turn
Seat 8: gaseanez folded before Flop (didn't bet)
Seat 9: Dorex2007 folded before Flop (didn't bet)



PokerStars Hand #232504575188:  Hold'em No Limit ($0.01/$0.02 USD) - 2021/12/25 4:57:00 PT [2021/12/25 7:57:00 ET]
Table 'Qinghai III' 9-max Seat #6 is the button
Seat 1: Vorontsov28 ($2.09 in chips) 
Seat 2: TvKarel ($2.06 in chips) 
Seat 3: xBasti133 ($1.30 in chips) 
Seat 4: 10 blueberry 10 ($0.80 in chips) 
Seat 5: LazyCrazyPsycho ($5.67 in chips) 
Seat 6: MrKaplin ($2.12 in chips) 
Seat 7: BugerTK ($1.83 in chips) 
Seat 8: gaseanez ($1.40 in chips) 
Seat 9: Dorex2007 ($2 in chips) 
BugerTK: posts small blind $0.01
gaseanez: posts big blind $0.02
*** HOLE CARDS ***
Dealt to Dorex2007 [8d 5h]
Dorex2007: folds 
Vorontsov28: folds 
TvKarel: folds 
xBasti133: folds 
10 blueberry 10: folds 
LazyCrazyPsycho: folds 
MrKaplin: raises $0.03 to $0.05
BugerTK: folds 
gaseanez: folds 
Uncalled bet ($0.03) returned to MrKaplin
MrKaplin collected $0.05 from pot
MrKaplin: doesn't show hand 
*** SUMMARY ***
Total pot $0.05 | Rake $0 
Seat 1: Vorontsov28 folded before Flop (didn't bet)
Seat 2: TvKarel folded before Flop (didn't bet)
Seat 3: xBasti133 folded before Flop (didn't bet)
Seat 4: 10 blueberry 10 folded before Flop (didn't bet)
Seat 5: LazyCrazyPsycho folded before Flop (didn't bet)
Seat 6: MrKaplin (button) collected ($0.05)
Seat 7: BugerTK (small blind) folded before Flop
Seat 8: gaseanez (big blind) folded before Flop
Seat 9: Dorex2007 folded before Flop (didn't bet)



PokerStars Hand #232504579669:  Hold'em No Limit ($0.01/$0.02 USD) - 2021/12/25 4:57:21 PT [2021/12/25 7:57:21 ET]
Table 'Qinghai III' 9-max Seat #7 is the button
Seat 1: Vorontsov28 ($2.09 in chips) 
Seat 2: TvKarel ($2.06 in chips) 
Seat 3: xBasti133 ($1.30 in chips) 
Seat 4: 10 blueberry 10 ($0.80 in chips) 
Seat 5: LazyCrazyPsycho ($5.67 in chips) 
Seat 6: MrKaplin ($2.15 in chips) 
Seat 7: BugerTK ($1.82 in chips) 
Seat 8: gaseanez ($1.38 in chips) 
Seat 9: Dorex2007 ($2 in chips) 
gaseanez: posts small blind $0.01
Dorex2007: posts big blind $0.02
*** HOLE CARDS ***
Dealt to Dorex2007 [8d 9h]
Vorontsov28: folds 
TvKarel: folds 
xBasti133: raises $0.02 to $0.04
10 blueberry 10: calls $0.04
LazyCrazyPsycho: folds 
MrKaplin: folds 
BugerTK: calls $0.04
gaseanez: folds 
Dorex2007: folds 
*** FLOP *** [Jh Kd 2s]
xBasti133: bets $0.04
10 blueberry 10: calls $0.04
BugerTK: calls $0.04
*** TURN *** [Jh Kd 2s] [Ah]
xBasti133: checks 
10 blueberry 10: checks 
BugerTK: checks 
*** RIVER *** [Jh Kd 2s Ah] [7h]
xBasti133: bets $0.13
10 blueberry 10: folds 
BugerTK: folds 
Uncalled bet ($0.13) returned to xBasti133
xBasti133 collected $0.26 from pot
xBasti133: doesn't show hand 
*** SUMMARY ***
Total pot $0.27 | Rake $0.01 
Board [Jh Kd 2s Ah 7h]
Seat 1: Vorontsov28 folded before Flop (didn't bet)
Seat 2: TvKarel folded before Flop (didn't bet)
Seat 3: xBasti133 collected ($0.26)
Seat 4: 10 blueberry 10 folded on the River
Seat 5: LazyCrazyPsycho folded before Flop (didn't bet)
Seat 6: MrKaplin folded before Flop (didn't bet)
Seat 7: BugerTK (button) folded on the River
Seat 8: gaseanez (small blind) folded before Flop
Seat 9: Dorex2007 (big blind) folded before Flop



PokerStars Hand #232504591295:  Hold'em No Limit ($0.01/$0.02 USD) - 2021/12/25 4:58:14 PT [2021/12/25 7:58:14 ET]
Table 'Qinghai III' 9-max Seat #8 is the button
Seat 2: TvKarel ($2.06 in chips) 
Seat 3: xBasti133 ($1.48 in chips) 
Seat 4: 10 blueberry 10 ($0.72 in chips) 
Seat 5: LazyCrazyPsycho ($5.67 in chips) 
Seat 6: MrKaplin ($2.15 in chips) 
Seat 7: BugerTK ($1.74 in chips) 
Seat 8: gaseanez ($1.37 in chips) 
Seat 9: Dorex2007 ($2 in chips) 
Dorex2007: posts small blind $0.01
Vorontsov28: is sitting out 
TvKarel: posts big blind $0.02
*** HOLE CARDS ***
Dealt to Dorex2007 [9c Qs]
xBasti133: raises $0.04 to $0.06
10 blueberry 10: calls $0.06
LazyCrazyPsycho: folds 
MrKaplin: folds 
BugerTK: folds 
gaseanez: folds 
Dorex2007: folds 
TvKarel: calls $0.04
*** FLOP *** [Ah Ac 5s]
TvKarel: checks 
xBasti133: checks 
10 blueberry 10: bets $0.09
TvKarel: folds 
xBasti133 said, ":^)"
xBasti133: folds 
Uncalled bet ($0.09) returned to 10 blueberry 10
10 blueberry 10 collected $0.18 from pot
10 blueberry 10: doesn't show hand 
*** SUMMARY ***
Total pot $0.19 | Rake $0.01 
Board [Ah Ac 5s]
Seat 2: TvKarel (big blind) folded on the Flop
Seat 3: xBasti133 folded on the Flop
Seat 4: 10 blueberry 10 collected ($0.18)
Seat 5: LazyCrazyPsycho folded before Flop (didn't bet)
Seat 6: MrKaplin folded before Flop (didn't bet)
Seat 7: BugerTK folded before Flop (didn't bet)
Seat 8: gaseanez (button) folded before Flop (didn't bet)
Seat 9: Dorex2007 (small blind) folded before Flop



PokerStars Hand #232504602517:  Hold'em No Limit ($0.01/$0.02 USD) - 2021/12/25 4:59:06 PT [2021/12/25 7:59:06 ET]
Table 'Qinghai III' 9-max Seat #9 is the button
Seat 2: TvKarel ($2 in chips) 
Seat 3: xBasti133 ($1.42 in chips) 
Seat 4: 10 blueberry 10 ($0.84 in chips) 
Seat 5: LazyCrazyPsycho ($5.67 in chips) 
Seat 6: MrKaplin ($2.15 in chips) 
Seat 7: BugerTK ($1.74 in chips) 
Seat 8: gaseanez ($1.37 in chips) 
Seat 9: Dorex2007 ($2 in chips) 
TvKarel: posts small blind $0.01
xBasti133: posts big blind $0.02
*** HOLE CARDS ***
Dealt to Dorex2007 [Qc 4h]
10 blueberry 10: calls $0.02
LazyCrazyPsycho: folds 
MrKaplin: folds 
BugerTK: folds 
gaseanez: calls $0.02
Dorex2007: folds 
TvKarel: calls $0.01
xBasti133: raises $0.04 to $0.06
10 blueberry 10: calls $0.04
gaseanez: calls $0.04
TvKarel: calls $0.04
*** FLOP *** [2c 6c 2d]
TvKarel: checks 
xBasti133: checks 
10 blueberry 10: checks 
gaseanez: bets $0.08
TvKarel: calls $0.08
xBasti133: folds 
10 blueberry 10: folds 
*** TURN *** [2c 6c 2d] [Ts]
TvKarel: checks 
gaseanez: bets $0.08
TvKarel: calls $0.08
*** RIVER *** [2c 6c 2d Ts] [Qs]
TvKarel: checks 
gaseanez: bets $0.10
TvKarel: calls $0.10
*** SHOW DOWN ***
gaseanez: shows [6d Ac] (two pair, Sixes and Deuces)
TvKarel: mucks hand 
gaseanez collected $0.73 from pot
*** SUMMARY ***
Total pot $0.76 | Rake $0.03 
Board [2c 6c 2d Ts Qs]
Seat 2: TvKarel (small blind) mucked [7d 6h]
Seat 3: xBasti133 (big blind) folded on the Flop
Seat 4: 10 blueberry 10 folded on the Flop
Seat 5: LazyCrazyPsycho folded before Flop (didn't bet)
Seat 6: MrKaplin folded before Flop (didn't bet)
Seat 7: BugerTK folded before Flop (didn't bet)
Seat 8: gaseanez showed [6d Ac] and won ($0.73) with two pair, Sixes and Deuces
Seat 9: Dorex2007 (button) folded before Flop (didn't bet)



PokerStars Hand #232504621940:  Hold'em No Limit ($0.01/$0.02 USD) - 2021/12/25 5:00:35 PT [2021/12/25 8:00:35 ET]
Table 'Qinghai III' 9-max Seat #2 is the button
Seat 2: TvKarel ($1.68 in chips) 
Seat 3: xBasti133 ($1.36 in chips) 
Seat 4: 10 blueberry 10 ($0.78 in chips) 
Seat 5: LazyCrazyPsycho ($5.67 in chips) 
Seat 6: MrKaplin ($2.15 in chips) 
Seat 7: BugerTK ($1.74 in chips) 
Seat 8: gaseanez ($1.78 in chips) 
Seat 9: Dorex2007 ($2 in chips) 
xBasti133: posts small blind $0.01
10 blueberry 10: posts big blind $0.02
*** HOLE CARDS ***
Dealt to Dorex2007 [7h 4c]
LazyCrazyPsycho: folds 
MrKaplin: raises $0.02 to $0.04
BugerTK: folds 
gaseanez: calls $0.04
Dorex2007: folds 
TvKarel: folds 
xBasti133: calls $0.03
10 blueberry 10: calls $0.02
*** FLOP *** [Kc 5h Th]
xBasti133: checks 
10 blueberry 10: checks 
MrKaplin: checks 
gaseanez: checks 
*** TURN *** [Kc 5h Th] [8h]
xBasti133: checks 
10 blueberry 10: checks 
MrKaplin: checks 
gaseanez: checks 
*** RIVER *** [Kc 5h Th 8h] [Js]
xBasti133: checks 
10 blueberry 10: checks 
MrKaplin: checks 
gaseanez: checks 
*** SHOW DOWN ***
xBasti133: shows [As 7c] (high card Ace)
10 blueberry 10: shows [8c Ac] (a pair of Eights)
MrKaplin: mucks hand 
gaseanez: mucks hand 
10 blueberry 10 collected $0.15 from pot
*** SUMMARY ***
Total pot $0.16 | Rake $0.01 
Board [Kc 5h Th 8h Js]
Seat 2: TvKarel (button) folded before Flop (didn't bet)
Seat 3: xBasti133 (small blind) showed [As 7c] and lost with high card Ace
Seat 4: 10 blueberry 10 (big blind) showed [8c Ac] and won ($0.15) with a pair of Eights
Seat 5: LazyCrazyPsycho folded before Flop (didn't bet)
Seat 6: MrKaplin mucked [5d Ad]
Seat 7: BugerTK folded before Flop (didn't bet)
Seat 8: gaseanez mucked [6s 6h]
Seat 9: Dorex2007 folded before Flop (didn't bet)



PokerStars Hand #232504637807:  Hold'em No Limit ($0.01/$0.02 USD) - 2021/12/25 5:01:41 PT [2021/12/25 8:01:41 ET]
Table 'Qinghai III' 9-max Seat #3 is the button
Seat 2: TvKarel ($1.68 in chips) 
Seat 3: xBasti133 ($1.32 in chips) 
Seat 4: 10 blueberry 10 ($0.89 in chips) 
Seat 5: LazyCrazyPsycho ($5.67 in chips) 
Seat 6: MrKaplin ($2.11 in chips) 
Seat 7: BugerTK ($1.74 in chips) 
Seat 8: gaseanez ($1.74 in chips) 
Seat 9: Dorex2007 ($2 in chips) 
10 blueberry 10: posts small blind $0.01
LazyCrazyPsycho: posts big blind $0.02
*** HOLE CARDS ***
Dealt to Dorex2007 [6h Kh]
MrKaplin: folds 
BugerTK: folds 
gaseanez: calls $0.02
Dorex2007: folds 
TvKarel: raises $0.04 to $0.06
xBasti133: folds 
10 blueberry 10: folds 
LazyCrazyPsycho: folds 
gaseanez: calls $0.04
*** FLOP *** [5h 6d 2s]
gaseanez: checks 
TvKarel: bets $0.06
gaseanez: calls $0.06
*** TURN *** [5h 6d 2s] [7d]
gaseanez: checks 
TvKarel: checks 
*** RIVER *** [5h 6d 2s 7d] [8s]
gaseanez: checks 
TvKarel: checks 
*** SHOW DOWN ***
gaseanez: shows [As 6s] (a pair of Sixes)
TvKarel: mucks hand 
gaseanez collected $0.26 from pot
*** SUMMARY ***
Total pot $0.27 | Rake $0.01 
Board [5h 6d 2s 7d 8s]
Seat 2: TvKarel mucked [Kc Js]
Seat 3: xBasti133 (button) folded before Flop (didn't bet)
Seat 4: 10 blueberry 10 (small blind) folded before Flop
Seat 5: LazyCrazyPsycho (big blind) folded before Flop
Seat 6: MrKaplin folded before Flop (didn't bet)
Seat 7: BugerTK folded before Flop (didn't bet)
Seat 8: gaseanez showed [As 6s] and won ($0.26) with a pair of Sixes
Seat 9: Dorex2007 folded before Flop (didn't bet)



PokerStars Hand #232504651460:  Hold'em No Limit ($0.01/$0.02 USD) - 2021/12/25 5:02:35 PT [2021/12/25 8:02:35 ET]
Table 'Qinghai III' 9-max Seat #4 is the button
Seat 2: TvKarel ($1.56 in chips) 
Seat 3: xBasti133 ($1.32 in chips) 
Seat 4: 10 blueberry 10 ($0.88 in chips) 
Seat 5: LazyCrazyPsycho ($5.65 in chips) 
Seat 6: MrKaplin ($2.11 in chips) 
Seat 7: BugerTK ($1.74 in chips) 
Seat 8: gaseanez ($1.88 in chips) 
Seat 9: Dorex2007 ($2 in chips) 
LazyCrazyPsycho: posts small blind $0.01
MrKaplin: posts big blind $0.02
*** HOLE CARDS ***
Dealt to Dorex2007 [9c Qc]
BugerTK: folds 
gaseanez: calls $0.02
Dorex2007: raises $0.02 to $0.04
TvKarel: calls $0.04
xBasti133: raises $0.06 to $0.10
10 blueberry 10: folds 
LazyCrazyPsycho: folds 
MrKaplin: folds 
gaseanez: calls $0.08
Dorex2007: calls $0.06
TvKarel: folds 
*** FLOP *** [7c 4s 3c]
gaseanez: checks 
Dorex2007: bets $0.18
xBasti133: folds 
gaseanez: folds 
Uncalled bet ($0.18) returned to Dorex2007
Dorex2007 collected $0.36 from pot
Dorex2007: doesn't show hand 
*** SUMMARY ***
Total pot $0.37 | Rake $0.01 
Board [7c 4s 3c]
Seat 2: TvKarel folded before Flop
Seat 3: xBasti133 folded on the Flop
Seat 4: 10 blueberry 10 (button) folded before Flop (didn't bet)
Seat 5: LazyCrazyPsycho (small blind) folded before Flop
Seat 6: MrKaplin (big blind) folded before Flop
Seat 7: BugerTK folded before Flop (didn't bet)
Seat 8: gaseanez folded on the Flop
Seat 9: Dorex2007 collected ($0.36)



PokerStars Hand #232504664616:  Hold'em No Limit ($0.01/$0.02 USD) - 2021/12/25 5:03:27 PT [2021/12/25 8:03:27 ET]
Table 'Qinghai III' 9-max Seat #5 is the button
Seat 2: TvKarel ($1.52 in chips) 
Seat 3: xBasti133 ($1.22 in chips) 
Seat 4: 10 blueberry 10 ($0.88 in chips) 
Seat 5: LazyCrazyPsycho ($5.64 in chips) 
Seat 6: MrKaplin ($2.09 in chips) 
Seat 7: BugerTK ($1.74 in chips) 
Seat 8: gaseanez ($1.78 in chips) 
Seat 9: Dorex2007 ($2.26 in chips) 
MrKaplin: posts small blind $0.01
BugerTK: posts big blind $0.02
*** HOLE CARDS ***
Dealt to Dorex2007 [7c Th]
gaseanez has timed out
gaseanez: folds 
Dorex2007: folds 
TvKarel: raises $0.04 to $0.06
xBasti133: folds 
10 blueberry 10: folds 
LazyCrazyPsycho: folds 
MrKaplin: folds 
BugerTK: folds 
Uncalled bet ($0.04) returned to TvKarel
TvKarel collected $0.05 from pot
TvKarel: doesn't show hand 
*** SUMMARY ***
Total pot $0.05 | Rake $0 
Seat 2: TvKarel collected ($0.05)
Seat 3: xBasti133 folded before Flop (didn't bet)
Seat 4: 10 blueberry 10 folded before Flop (didn't bet)
Seat 5: LazyCrazyPsycho (button) folded before Flop (didn't bet)
Seat 6: MrKaplin (small blind) folded before Flop
Seat 7: BugerTK (big blind) folded before Flop
Seat 8: gaseanez folded before Flop (didn't bet)
Seat 9: Dorex2007 folded before Flop (didn't bet)



PokerStars Hand #232504673390:  Hold'em No Limit ($0.01/$0.02 USD) - 2021/12/25 5:04:01 PT [2021/12/25 8:04:01 ET]
Table 'Qinghai III' 9-max Seat #6 is the button
Seat 2: TvKarel ($1.55 in chips) 
Seat 3: xBasti133 ($1.22 in chips) 
Seat 4: 10 blueberry 10 ($0.88 in chips) 
Seat 5: LazyCrazyPsycho ($5.64 in chips) 
Seat 6: MrKaplin ($2.08 in chips) 
Seat 7: BugerTK ($1.72 in chips) 
Seat 8: gaseanez ($1.78 in chips) 
Seat 9: Dorex2007 ($2.26 in chips) 
BugerTK: posts small blind $0.01
gaseanez: posts big blind $0.02
*** HOLE CARDS ***
Dealt to Dorex2007 [Ts 9c]
Dorex2007: folds 
TvKarel: folds 
xBasti133: folds 
10 blueberry 10: folds 
LazyCrazyPsycho: raises $0.04 to $0.06
MrKaplin: folds 
BugerTK: folds 
gaseanez: calls $0.04
*** FLOP *** [Kd 3s 2h]
gaseanez: checks 
LazyCrazyPsycho: bets $0.07
gaseanez: folds 
Uncalled bet ($0.07) returned to LazyCrazyPsycho
TvKarel leaves the table
LazyCrazyPsycho collected $0.13 from pot
LazyCrazyPsycho: doesn't show hand 
*** SUMMARY ***
Total pot $0.13 | Rake $0 
Board [Kd 3s 2h]
Seat 2: TvKarel folded before Flop (didn't bet)
Seat 3: xBasti133 folded before Flop (didn't bet)
Seat 4: 10 blueberry 10 folded before Flop (didn't bet)
Seat 5: LazyCrazyPsycho collected ($0.13)
Seat 6: MrKaplin (button) folded before Flop (didn't bet)
Seat 7: BugerTK (small blind) folded before Flop
Seat 8: gaseanez (big blind) folded on the Flop
Seat 9: Dorex2007 folded before Flop (didn't bet)



PokerStars Hand #232504682474:  Hold'em No Limit ($0.01/$0.02 USD) - 2021/12/25 5:04:36 PT [2021/12/25 8:04:36 ET]
Table 'Qinghai III' 9-max Seat #7 is the button
Seat 3: xBasti133 ($1.22 in chips) 
Seat 4: 10 blueberry 10 ($0.88 in chips) 
Seat 5: LazyCrazyPsycho ($5.71 in chips) 
Seat 6: MrKaplin ($2.08 in chips) 
Seat 7: BugerTK ($1.71 in chips) 
Seat 8: gaseanez ($1.72 in chips) 
Seat 9: Dorex2007 ($2.26 in chips) 
gaseanez: posts small blind $0.01
Dorex2007: posts big blind $0.02
*** HOLE CARDS ***
Dealt to Dorex2007 [9h 5c]
xBasti133: folds 
10 blueberry 10: folds 
LazyCrazyPsycho: raises $0.04 to $0.06
MrKaplin: calls $0.06
BugerTK: folds 
gaseanez: folds 
Dorex2007: folds 
*** FLOP *** [Ac As 6d]
LazyCrazyPsycho: bets $0.07
MrKaplin: calls $0.07
*** TURN *** [Ac As 6d] [4s]
LazyCrazyPsycho: bets $0.22
pogarnik839 joins the table at seat #2 
MrKaplin: calls $0.22
*** RIVER *** [Ac As 6d 4s] [2d]
LazyCrazyPsycho: bets $0.86
MrKaplin: calls $0.86
*** SHOW DOWN ***
LazyCrazyPsycho: shows [Ad 8c] (three of a kind, Aces)
MrKaplin: shows [Ah Td] (three of a kind, Aces - Ten kicker)
MrKaplin collected $2.36 from pot
*** SUMMARY ***
Total pot $2.45 | Rake $0.09 
Board [Ac As 6d 4s 2d]
Seat 3: xBasti133 folded before Flop (didn't bet)
Seat 4: 10 blueberry 10 folded before Flop (didn't bet)
Seat 5: LazyCrazyPsycho showed [Ad 8c] and lost with three of a kind, Aces
Seat 6: MrKaplin showed [Ah Td] and won ($2.36) with three of a kind, Aces
Seat 7: BugerTK (button) folded before Flop (didn't bet)
Seat 8: gaseanez (small blind) folded before Flop
Seat 9: Dorex2007 (big blind) folded before Flop



PokerStars Hand #232504697895:  Hold'em No Limit ($0.01/$0.02 USD) - 2021/12/25 5:05:34 PT [2021/12/25 8:05:34 ET]
Table 'Qinghai III' 9-max Seat #8 is the button
Seat 2: pogarnik839 ($0.80 in chips) 
Seat 3: xBasti133 ($1.22 in chips) 
Seat 4: 10 blueberry 10 ($0.88 in chips) 
Seat 5: LazyCrazyPsycho ($4.50 in chips) 
Seat 6: MrKaplin ($3.23 in chips) 
Seat 7: BugerTK ($1.71 in chips) 
Seat 8: gaseanez ($1.71 in chips) 
Seat 9: Dorex2007 ($2.24 in chips) 
Dorex2007: posts small blind $0.01
pogarnik839: posts big blind $0.02
*** HOLE CARDS ***
Dealt to Dorex2007 [Qd 5c]
xBasti133: folds 
10 blueberry 10: folds 
LazyCrazyPsycho: raises $0.04 to $0.06
MrKaplin: folds 
BugerTK: raises $0.14 to $0.20
gaseanez: folds 
Dorex2007: folds 
pogarnik839: folds 
LazyCrazyPsycho: calls $0.14
*** FLOP *** [Ac 6h 2h]
LazyCrazyPsycho: checks 
BugerTK: bets $0.20
LazyCrazyPsycho: folds 
Uncalled bet ($0.20) returned to BugerTK
BugerTK collected $0.41 from pot
BugerTK: doesn't show hand 
*** SUMMARY ***
Total pot $0.43 | Rake $0.02 
Board [Ac 6h 2h]
Seat 2: pogarnik839 (big blind) folded before Flop
Seat 3: xBasti133 folded before Flop (didn't bet)
Seat 4: 10 blueberry 10 folded before Flop (didn't bet)
Seat 5: LazyCrazyPsycho folded on the Flop
Seat 6: MrKaplin folded before Flop (didn't bet)
Seat 7: BugerTK collected ($0.41)
Seat 8: gaseanez (button) folded before Flop (didn't bet)
Seat 9: Dorex2007 (small blind) folded before Flop



PokerStars Hand #232504709079:  Hold'em No Limit ($0.01/$0.02 USD) - 2021/12/25 5:06:16 PT [2021/12/25 8:06:16 ET]
Table 'Qinghai III' 9-max Seat #9 is the button
Seat 2: pogarnik839 ($0.78 in chips) 
Seat 3: xBasti133 ($1.22 in chips) 
Seat 4: 10 blueberry 10 ($0.88 in chips) 
Seat 6: MrKaplin ($3.23 in chips) 
Seat 7: BugerTK ($1.92 in chips) 
Seat 8: gaseanez ($1.71 in chips) 
Seat 9: Dorex2007 ($2.23 in chips) 
pogarnik839: posts small blind $0.01
xBasti133: posts big blind $0.02
*** HOLE CARDS ***
Dealt to Dorex2007 [Jd 4d]
LazyCrazyPsycho leaves the table
10 blueberry 10: folds 
MrKaplin: folds 
BugerTK: calls $0.02
gaseanez: calls $0.02
Dorex2007: folds 
pogarnik839: calls $0.01
xBasti133: checks 
*** FLOP *** [8c Ks 6c]
pogarnik839: checks 
xBasti133: bets $0.04
BugerTK: raises $0.04 to $0.08
gaseanez: calls $0.08
pogarnik839: folds 
xBasti133: calls $0.04
*** TURN *** [8c Ks 6c] [3c]
xBasti133: checks 
BugerTK: bets $0.04
gaseanez: calls $0.04
xBasti133: calls $0.04
*** RIVER *** [8c Ks 6c 3c] [Qs]
xBasti133: bets $0.02
BugerTK: calls $0.02
gaseanez: raises $0.06 to $0.08
xBasti133: folds 
BugerTK: calls $0.06
*** SHOW DOWN ***
gaseanez: shows [Qc Kd] (two pair, Kings and Queens)
BugerTK: mucks hand 
gaseanez collected $0.60 from pot
*** SUMMARY ***
Total pot $0.62 | Rake $0.02 
Board [8c Ks 6c 3c Qs]
Seat 2: pogarnik839 (small blind) folded on the Flop
Seat 3: xBasti133 (big blind) folded on the River
Seat 4: 10 blueberry 10 folded before Flop (didn't bet)
Seat 6: MrKaplin folded before Flop (didn't bet)
Seat 7: BugerTK mucked [Th Kh]
Seat 8: gaseanez showed [Qc Kd] and won ($0.60) with two pair, Kings and Queens
Seat 9: Dorex2007 (button) folded before Flop (didn't bet)



PokerStars Hand #232504737878:  Hold'em No Limit ($0.01/$0.02 USD) - 2021/12/25 5:08:05 PT [2021/12/25 8:08:05 ET]
Table 'Qinghai III' 9-max Seat #2 is the button
Seat 2: pogarnik839 ($0.76 in chips) 
Seat 3: xBasti133 ($1.06 in chips) 
Seat 4: 10 blueberry 10 ($0.88 in chips) 
Seat 6: MrKaplin ($3.23 in chips) 
Seat 7: BugerTK ($1.70 in chips) 
Seat 8: gaseanez ($2.09 in chips) 
Seat 9: Dorex2007 ($2.23 in chips) 
xBasti133: posts small blind $0.01
10 blueberry 10: posts big blind $0.02
Vorontsov28: sits out 
*** HOLE CARDS ***
Dealt to Dorex2007 [4c 7d]
MrKaplin: folds 
BugerTK: folds 
gaseanez: calls $0.02
Dorex2007: folds 
pogarnik839: folds 
xBasti133: calls $0.01
10 blueberry 10: checks 
*** FLOP *** [7s 6h 4h]
xBasti133: bets $0.04
10 blueberry 10: calls $0.04
gaseanez: calls $0.04
*** TURN *** [7s 6h 4h] [2s]
xBasti133: bets $0.04
10 blueberry 10: raises $0.04 to $0.08
gaseanez: folds 
xBasti133: calls $0.04
*** RIVER *** [7s 6h 4h 2s] [Kc]
xBasti133: bets $0.30
10 blueberry 10: raises $0.30 to $0.60
xBasti133: folds 
Uncalled bet ($0.30) returned to 10 blueberry 10
10 blueberry 10 collected $0.91 from pot
10 blueberry 10: doesn't show hand 
*** SUMMARY ***
Total pot $0.94 | Rake $0.03 
Board [7s 6h 4h 2s Kc]
Seat 2: pogarnik839 (button) folded before Flop (didn't bet)
Seat 3: xBasti133 (small blind) folded on the River
Seat 4: 10 blueberry 10 (big blind) collected ($0.91)
Seat 6: MrKaplin folded before Flop (didn't bet)
Seat 7: BugerTK folded before Flop (didn't bet)
Seat 8: gaseanez folded on the Turn
Seat 9: Dorex2007 folded before Flop (didn't bet)



PokerStars Hand #232504755631:  Hold'em No Limit ($0.01/$0.02 USD) - 2021/12/25 5:09:12 PT [2021/12/25 8:09:12 ET]
Table 'Qinghai III' 9-max Seat #3 is the button
Seat 2: pogarnik839 ($0.76 in chips) 
Seat 3: xBasti133 ($0.62 in chips) 
Seat 4: 10 blueberry 10 ($2 in chips) 
Seat 6: MrKaplin ($3.23 in chips) 
Seat 7: BugerTK ($1.70 in chips) 
Seat 8: gaseanez ($2.03 in chips) 
Seat 9: Dorex2007 ($2.23 in chips) 
10 blueberry 10: posts small blind $0.01
MrKaplin: posts big blind $0.02
Vorontsov28: sits out 
*** HOLE CARDS ***
Dealt to Dorex2007 [2s Td]
BugerTK: folds 
gaseanez: raises $0.04 to $0.06
Dorex2007: folds 
pogarnik839: calls $0.06
xBasti133: raises $0.10 to $0.16
10 blueberry 10: folds 
MrKaplin: folds 
Brakonyer joins the table at seat #5 
gaseanez: calls $0.10
pogarnik839: folds 
*** FLOP *** [Ks Jc 7h]
gaseanez: checks 
xBasti133: bets $0.14
gaseanez: folds 
Uncalled bet ($0.14) returned to xBasti133
xBasti133 collected $0.40 from pot
xBasti133: doesn't show hand 
*** SUMMARY ***
Total pot $0.41 | Rake $0.01 
Board [Ks Jc 7h]
Seat 2: pogarnik839 folded before Flop
Seat 3: xBasti133 (button) collected ($0.40)
Seat 4: 10 blueberry 10 (small blind) folded before Flop
Seat 6: MrKaplin (big blind) folded before Flop
Seat 7: BugerTK folded before Flop (didn't bet)
Seat 8: gaseanez folded on the Flop
Seat 9: Dorex2007 folded before Flop (didn't bet)



PokerStars Hand #232504772378:  Hold'em No Limit ($0.01/$0.02 USD) - 2021/12/25 5:10:15 PT [2021/12/25 8:10:15 ET]
Table 'Qinghai III' 9-max Seat #4 is the button
Seat 2: pogarnik839 ($0.70 in chips) 
Seat 3: xBasti133 ($0.86 in chips) 
Seat 4: 10 blueberry 10 ($1.99 in chips) 
Seat 6: MrKaplin ($3.21 in chips) 
Seat 7: BugerTK ($1.70 in chips) 
Seat 8: gaseanez ($1.87 in chips) 
Seat 9: Dorex2007 ($2.23 in chips) 
MrKaplin: posts small blind $0.01
BugerTK: posts big blind $0.02
Vorontsov28: sits out 
*** HOLE CARDS ***
Dealt to Dorex2007 [4c Ad]
gaseanez: folds 
Dorex2007: folds 
pogarnik839: folds 
xBasti133: folds 
10 blueberry 10: folds 
MrKaplin: raises $0.04 to $0.06
BugerTK: calls $0.04
*** FLOP *** [Ts Jd 6d]
MrKaplin: checks 
BugerTK: bets $0.06
MrKaplin: folds 
Uncalled bet ($0.06) returned to BugerTK
BugerTK collected $0.12 from pot
BugerTK: doesn't show hand 
*** SUMMARY ***
Total pot $0.12 | Rake $0 
Board [Ts Jd 6d]
Seat 2: pogarnik839 folded before Flop (didn't bet)
Seat 3: xBasti133 folded before Flop (didn't bet)
Seat 4: 10 blueberry 10 (button) folded before Flop (didn't bet)
Seat 6: MrKaplin (small blind) folded on the Flop
Seat 7: BugerTK (big blind) collected ($0.12)
Seat 8: gaseanez folded before Flop (didn't bet)
Seat 9: Dorex2007 folded before Flop (didn't bet)



PokerStars Hand #232504784135:  Hold'em No Limit ($0.01/$0.02 USD) - 2021/12/25 5:10:57 PT [2021/12/25 8:10:57 ET]
Table 'Qinghai III' 9-max Seat #6 is the button
Seat 2: pogarnik839 ($0.70 in chips) 
Seat 3: xBasti133 ($0.86 in chips) 
Seat 4: 10 blueberry 10 ($1.99 in chips) 
Seat 6: MrKaplin ($3.15 in chips) 
Seat 7: BugerTK ($1.76 in chips) 
Seat 8: gaseanez ($1.87 in chips) 
Seat 9: Dorex2007 ($2.23 in chips) 
BugerTK: posts small blind $0.01
gaseanez: posts big blind $0.02
Vorontsov28: sits out 
Brakonyer: sits out 
*** HOLE CARDS ***
Dealt to Dorex2007 [9h Qh]
Dorex2007: folds 
pogarnik839: folds 
xBasti133: folds 
10 blueberry 10: raises $0.05 to $0.07
MrKaplin: folds 
BugerTK: calls $0.06
gaseanez: calls $0.05
*** FLOP *** [8h Qs Js]
BugerTK: checks 
gaseanez: checks 
10 blueberry 10: checks 
*** TURN *** [8h Qs Js] [8s]
BugerTK: bets $0.04
gaseanez: calls $0.04
10 blueberry 10: folds 
*** RIVER *** [8h Qs Js 8s] [5s]
BugerTK: bets $0.06
gaseanez: raises $0.06 to $0.12
BugerTK: calls $0.06
*** SHOW DOWN ***
gaseanez: shows [Qc 4c] (two pair, Queens and Eights)
BugerTK: shows [Ks Ad] (a flush, King high)
BugerTK collected $0.51 from pot
*** SUMMARY ***
Total pot $0.53 | Rake $0.02 
Board [8h Qs Js 8s 5s]
Seat 2: pogarnik839 folded before Flop (didn't bet)
Seat 3: xBasti133 folded before Flop (didn't bet)
Seat 4: 10 blueberry 10 folded on the Turn
Seat 6: MrKaplin (button) folded before Flop (didn't bet)
Seat 7: BugerTK (small blind) showed [Ks Ad] and won ($0.51) with a flush, King high
Seat 8: gaseanez (big blind) showed [Qc 4c] and lost with two pair, Queens and Eights
Seat 9: Dorex2007 folded before Flop (didn't bet)



PokerStars Hand #232504798435:  Hold'em No Limit ($0.01/$0.02 USD) - 2021/12/25 5:11:51 PT [2021/12/25 8:11:51 ET]
Table 'Qinghai III' 9-max Seat #7 is the button
Seat 2: pogarnik839 ($0.70 in chips) 
Seat 3: xBasti133 ($0.86 in chips) 
Seat 4: 10 blueberry 10 ($1.92 in chips) 
Seat 6: MrKaplin ($3.15 in chips) 
Seat 7: BugerTK ($2.04 in chips) 
Seat 8: gaseanez ($1.64 in chips) 
Seat 9: Dorex2007 ($2.23 in chips) 
gaseanez: posts small blind $0.01
Dorex2007: posts big blind $0.02
Vorontsov28: sits out 
Brakonyer: sits out 
*** HOLE CARDS ***
Dealt to Dorex2007 [3s 9h]
pogarnik839: calls $0.02
xBasti133: folds 
10 blueberry 10: folds 
MrKaplin: folds 
BugerTK: folds 
gaseanez: folds 
Dorex2007: checks 
*** FLOP *** [7h 8s 4d]
Dorex2007: checks 
pogarnik839: bets $0.02
Dorex2007: folds 
Uncalled bet ($0.02) returned to pogarnik839
pogarnik839 collected $0.05 from pot
pogarnik839: doesn't show hand 
*** SUMMARY ***
Total pot $0.05 | Rake $0 
Board [7h 8s 4d]
Seat 2: pogarnik839 collected ($0.05)
Seat 3: xBasti133 folded before Flop (didn't bet)
Seat 4: 10 blueberry 10 folded before Flop (didn't bet)
Seat 6: MrKaplin folded before Flop (didn't bet)
Seat 7: BugerTK (button) folded before Flop (didn't bet)
Seat 8: gaseanez (small blind) folded before Flop
Seat 9: Dorex2007 (big blind) folded on the Flop



PokerStars Hand #232504805022:  Hold'em No Limit ($0.01/$0.02 USD) - 2021/12/25 5:12:16 PT [2021/12/25 8:12:16 ET]
Table 'Qinghai III' 9-max Seat #8 is the button
Seat 1: Vorontsov28 ($2.09 in chips) 
Seat 2: pogarnik839 ($0.73 in chips) 
Seat 3: xBasti133 ($0.86 in chips) 
Seat 4: 10 blueberry 10 ($1.92 in chips) 
Seat 6: MrKaplin ($3.15 in chips) 
Seat 7: BugerTK ($2.04 in chips) 
Seat 8: gaseanez ($1.63 in chips) 
Seat 9: Dorex2007 ($2.21 in chips) 
Dorex2007: posts small blind $0.01
Vorontsov28: posts big blind $0.02
Brakonyer: sits out 
*** HOLE CARDS ***
Dealt to Dorex2007 [Jd 6d]
pogarnik839: folds 
xBasti133: folds 
10 blueberry 10: raises $0.05 to $0.07
MrKaplin: folds 
BugerTK: folds 
gaseanez: calls $0.07
Dorex2007: folds 
Vorontsov28: folds 
*** FLOP *** [Ts 3c 8h]
10 blueberry 10: bets $0.16
gaseanez: folds 
Uncalled bet ($0.16) returned to 10 blueberry 10
10 blueberry 10 collected $0.16 from pot
10 blueberry 10: doesn't show hand 
*** SUMMARY ***
Total pot $0.17 | Rake $0.01 
Board [Ts 3c 8h]
Seat 1: Vorontsov28 (big blind) folded before Flop
Seat 2: pogarnik839 folded before Flop (didn't bet)
Seat 3: xBasti133 folded before Flop (didn't bet)
Seat 4: 10 blueberry 10 collected ($0.16)
Seat 6: MrKaplin folded before Flop (didn't bet)
Seat 7: BugerTK folded before Flop (didn't bet)
Seat 8: gaseanez (button) folded on the Flop
Seat 9: Dorex2007 (small blind) folded before Flop



PokerStars Hand #232504811845:  Hold'em No Limit ($0.01/$0.02 USD) - 2021/12/25 5:12:41 PT [2021/12/25 8:12:41 ET]
Table 'Qinghai III' 9-max Seat #9 is the button
Seat 1: Vorontsov28 ($2.07 in chips) 
Seat 2: pogarnik839 ($0.73 in chips) 
Seat 3: xBasti133 ($0.86 in chips) 
Seat 4: 10 blueberry 10 ($2.01 in chips) 
Seat 6: MrKaplin ($3.15 in chips) 
Seat 7: BugerTK ($2.04 in chips) 
Seat 8: gaseanez ($1.56 in chips) 
Seat 9: Dorex2007 ($2.20 in chips) 
Vorontsov28: posts small blind $0.01
pogarnik839: posts big blind $0.02
Brakonyer: sits out 
*** HOLE CARDS ***
Dealt to Dorex2007 [Js 2h]
xBasti133: raises $0.02 to $0.04
10 blueberry 10: folds 
MrKaplin: folds 
BugerTK: folds 
gaseanez: folds 
Dorex2007: folds 
Vorontsov28: raises $0.14 to $0.18
pogarnik839: folds 
xBasti133: folds 
Uncalled bet ($0.14) returned to Vorontsov28
Vorontsov28 collected $0.10 from pot
Vorontsov28: doesn't show hand 
*** SUMMARY ***
Total pot $0.10 | Rake $0 
Seat 1: Vorontsov28 (small blind) collected ($0.10)
Seat 2: pogarnik839 (big blind) folded before Flop
Seat 3: xBasti133 folded before Flop
Seat 4: 10 blueberry 10 folded before Flop (didn't bet)
Seat 6: MrKaplin folded before Flop (didn't bet)
Seat 7: BugerTK folded before Flop (didn't bet)
Seat 8: gaseanez folded before Flop (didn't bet)
Seat 9: Dorex2007 (button) folded before Flop (didn't bet)



PokerStars Hand #232504817545:  Hold'em No Limit ($0.01/$0.02 USD) - 2021/12/25 5:13:03 PT [2021/12/25 8:13:03 ET]
Table 'Qinghai III' 9-max Seat #1 is the button
Seat 1: Vorontsov28 ($2.13 in chips) 
Seat 2: pogarnik839 ($0.71 in chips) 
Seat 3: xBasti133 ($0.82 in chips) 
Seat 4: 10 blueberry 10 ($2.01 in chips) 
Seat 6: MrKaplin ($3.15 in chips) 
Seat 7: BugerTK ($2.04 in chips) 
Seat 8: gaseanez ($1.56 in chips) 
Seat 9: Dorex2007 ($2.20 in chips) 
pogarnik839: posts small blind $0.01
xBasti133: posts big blind $0.02
Brakonyer: sits out 
*** HOLE CARDS ***
Dealt to Dorex2007 [Ks 4d]
10 blueberry 10: folds 
MrKaplin: folds 
BugerTK: folds 
gaseanez: folds 
Dorex2007: folds 
Vorontsov28: folds 
pogarnik839: calls $0.01
xBasti133: raises $0.04 to $0.06
pogarnik839: calls $0.04
*** FLOP *** [5s Ah 7d]
pogarnik839: checks 
xBasti133: bets $0.06
pogarnik839: folds 
Uncalled bet ($0.06) returned to xBasti133
xBasti133 collected $0.12 from pot
xBasti133: doesn't show hand 
*** SUMMARY ***
Total pot $0.12 | Rake $0 
Board [5s Ah 7d]
Seat 1: Vorontsov28 (button) folded before Flop (didn't bet)
Seat 2: pogarnik839 (small blind) folded on the Flop
Seat 3: xBasti133 (big blind) collected ($0.12)
Seat 4: 10 blueberry 10 folded before Flop (didn't bet)
Seat 6: MrKaplin folded before Flop (didn't bet)
Seat 7: BugerTK folded before Flop (didn't bet)
Seat 8: gaseanez folded before Flop (didn't bet)
Seat 9: Dorex2007 folded before Flop (didn't bet)



PokerStars Hand #232504826730:  Hold'em No Limit ($0.01/$0.02 USD) - 2021/12/25 5:13:37 PT [2021/12/25 8:13:37 ET]
Table 'Qinghai III' 9-max Seat #2 is the button
Seat 1: Vorontsov28 ($2.13 in chips) 
Seat 2: pogarnik839 ($0.65 in chips) 
Seat 3: xBasti133 ($0.88 in chips) 
Seat 4: 10 blueberry 10 ($2.01 in chips) 
Seat 6: MrKaplin ($3.15 in chips) 
Seat 7: BugerTK ($2.04 in chips) 
Seat 8: gaseanez ($1.56 in chips) 
Seat 9: Dorex2007 ($2.20 in chips) 
xBasti133: posts small blind $0.01
10 blueberry 10: posts big blind $0.02
Brakonyer: sits out 
*** HOLE CARDS ***
Dealt to Dorex2007 [4c Ts]
MrKaplin: folds 
BugerTK: folds 
gaseanez: folds 
Dorex2007: folds 
Vorontsov28: raises $0.04 to $0.06
pogarnik839: folds 
xBasti133: raises $0.12 to $0.18
10 blueberry 10: folds 
Vorontsov28: folds 
Uncalled bet ($0.12) returned to xBasti133
xBasti133 collected $0.14 from pot
xBasti133: doesn't show hand 
*** SUMMARY ***
Total pot $0.14 | Rake $0 
Seat 1: Vorontsov28 folded before Flop
Seat 2: pogarnik839 (button) folded before Flop (didn't bet)
Seat 3: xBasti133 (small blind) collected ($0.14)
Seat 4: 10 blueberry 10 (big blind) folded before Flop
Seat 6: MrKaplin folded before Flop (didn't bet)
Seat 7: BugerTK folded before Flop (didn't bet)
Seat 8: gaseanez folded before Flop (didn't bet)
Seat 9: Dorex2007 folded before Flop (didn't bet)



PokerStars Hand #232504833050:  Hold'em No Limit ($0.01/$0.02 USD) - 2021/12/25 5:14:01 PT [2021/12/25 8:14:01 ET]
Table 'Qinghai III' 9-max Seat #3 is the button
Seat 1: Vorontsov28 ($2.07 in chips) 
Seat 2: pogarnik839 ($0.65 in chips) 
Seat 3: xBasti133 ($0.96 in chips) 
Seat 4: 10 blueberry 10 ($1.99 in chips) 
Seat 5: Brakonyer ($0.83 in chips) 
Seat 6: MrKaplin ($3.15 in chips) 
Seat 7: BugerTK ($2.04 in chips) 
Seat 8: gaseanez ($1.56 in chips) 
Seat 9: Dorex2007 ($2.20 in chips) 
10 blueberry 10: posts small blind $0.01
Brakonyer: posts big blind $0.02
*** HOLE CARDS ***
Dealt to Dorex2007 [Ac 7s]
MrKaplin: folds 
BugerTK: folds 
gaseanez: folds 
Dorex2007: folds 
Vorontsov28: folds 
pogarnik839: calls $0.02
xBasti133: calls $0.02
10 blueberry 10: calls $0.01
Brakonyer: checks 
*** FLOP *** [6c Qd 2h]
10 blueberry 10: checks 
Brakonyer: checks 
pogarnik839: checks 
xBasti133: checks 
*** TURN *** [6c Qd 2h] [8h]
10 blueberry 10: checks 
Brakonyer: checks 
pogarnik839: checks 
xBasti133: checks 
*** RIVER *** [6c Qd 2h 8h] [Jd]
10 blueberry 10: checks 
Brakonyer: checks 
pogarnik839: checks 
xBasti133: bets $0.04
10 blueberry 10: folds 
Brakonyer: folds 
pogarnik839: folds 
Uncalled bet ($0.04) returned to xBasti133
xBasti133 collected $0.08 from pot
xBasti133: doesn't show hand 
*** SUMMARY ***
Total pot $0.08 | Rake $0 
Board [6c Qd 2h 8h Jd]
Seat 1: Vorontsov28 folded before Flop (didn't bet)
Seat 2: pogarnik839 folded on the River
Seat 3: xBasti133 (button) collected ($0.08)
Seat 4: 10 blueberry 10 (small blind) folded on the River
Seat 5: Brakonyer (big blind) folded on the River
Seat 6: MrKaplin folded before Flop (didn't bet)
Seat 7: BugerTK folded before Flop (didn't bet)
Seat 8: gaseanez folded before Flop (didn't bet)
Seat 9: Dorex2007 folded before Flop (didn't bet)



PokerStars Hand #232504850955:  Hold'em No Limit ($0.01/$0.02 USD) - 2021/12/25 5:15:07 PT [2021/12/25 8:15:07 ET]
Table 'Qinghai III' 9-max Seat #4 is the button
Seat 1: Vorontsov28 ($2.07 in chips) 
Seat 2: pogarnik839 ($0.63 in chips) 
Seat 3: xBasti133 ($1.02 in chips) 
Seat 4: 10 blueberry 10 ($1.97 in chips) 
Seat 5: Brakonyer ($0.81 in chips) 
Seat 6: MrKaplin ($3.15 in chips) 
Seat 7: BugerTK ($2.04 in chips) 
Seat 8: gaseanez ($1.56 in chips) 
Seat 9: Dorex2007 ($2.20 in chips) 
Brakonyer: posts small blind $0.01
MrKaplin: posts big blind $0.02
*** HOLE CARDS ***
Dealt to Dorex2007 [2h 9d]
BugerTK: folds 
gaseanez: folds 
Dorex2007: folds 
Vorontsov28: raises $0.04 to $0.06
pogarnik839: folds 
xBasti133: calls $0.06
10 blueberry 10: calls $0.06
Brakonyer: folds 
MrKaplin: raises $0.20 to $0.26
Vorontsov28: raises $0.28 to $0.54
xBasti133: folds 
10 blueberry 10: folds 
MrKaplin: raises $0.90 to $1.44
Vorontsov28: raises $0.63 to $2.07 and is all-in
MrKaplin: calls $0.63
*** FLOP *** [Kd Kc Td]
*** TURN *** [Kd Kc Td] [Tc]
*** RIVER *** [Kd Kc Td Tc] [Ks]
*** SHOW DOWN ***
MrKaplin: shows [As Ac] (a full house, Kings full of Aces)
Vorontsov28: shows [Ah Ad] (a full house, Kings full of Aces)
MrKaplin collected $2.06 from pot
Vorontsov28 collected $2.06 from pot
*** SUMMARY ***
Total pot $4.27 | Rake $0.15 
Board [Kd Kc Td Tc Ks]
Seat 1: Vorontsov28 showed [Ah Ad] and won ($2.06) with a full house, Kings full of Aces
Seat 2: pogarnik839 folded before Flop (didn't bet)
Seat 3: xBasti133 folded before Flop
Seat 4: 10 blueberry 10 (button) folded before Flop
Seat 5: Brakonyer (small blind) folded before Flop
Seat 6: MrKaplin (big blind) showed [As Ac] and won ($2.06) with a full house, Kings full of Aces
Seat 7: BugerTK folded before Flop (didn't bet)
Seat 8: gaseanez folded before Flop (didn't bet)
Seat 9: Dorex2007 folded before Flop (didn't bet)



PokerStars Hand #232504866806:  Hold'em No Limit ($0.01/$0.02 USD) - 2021/12/25 5:16:06 PT [2021/12/25 8:16:06 ET]
Table 'Qinghai III' 9-max Seat #5 is the button
Seat 1: Vorontsov28 ($2.06 in chips) 
Seat 2: pogarnik839 ($0.63 in chips) 
Seat 3: xBasti133 ($0.96 in chips) 
Seat 4: 10 blueberry 10 ($1.91 in chips) 
Seat 5: Brakonyer ($0.80 in chips) 
Seat 6: MrKaplin ($3.14 in chips) 
Seat 7: BugerTK ($2.04 in chips) 
Seat 8: gaseanez ($1.56 in chips) 
Seat 9: Dorex2007 ($2.20 in chips) 
MrKaplin: posts small blind $0.01
BugerTK: posts big blind $0.02
*** HOLE CARDS ***
Dealt to Dorex2007 [6c 3s]
gaseanez: calls $0.02
Dorex2007: folds 
Vorontsov28: folds 
pogarnik839: folds 
xBasti133: folds 
10 blueberry 10: calls $0.02
Brakonyer: calls $0.02
MrKaplin: calls $0.01
BugerTK: checks 
*** FLOP *** [6s 7h 9h]
MrKaplin: checks 
BugerTK: bets $0.04
gaseanez: calls $0.04
10 blueberry 10: folds 
Brakonyer: calls $0.04
MrKaplin: folds 
*** TURN *** [6s 7h 9h] [Ac]
BugerTK: bets $0.20
gaseanez: calls $0.20
Brakonyer: calls $0.20
*** RIVER *** [6s 7h 9h Ac] [Qs]
BugerTK: bets $0.30
gaseanez: raises $1 to $1.30 and is all-in
Brakonyer: folds 
BugerTK: calls $1
*** SHOW DOWN ***
gaseanez: shows [8s 5d] (a straight, Five to Nine)
BugerTK: shows [Ad 9c] (two pair, Aces and Nines)
gaseanez collected $3.30 from pot
*** SUMMARY ***
Total pot $3.42 | Rake $0.12 
Board [6s 7h 9h Ac Qs]
Seat 1: Vorontsov28 folded before Flop (didn't bet)
Seat 2: pogarnik839 folded before Flop (didn't bet)
Seat 3: xBasti133 folded before Flop (didn't bet)
Seat 4: 10 blueberry 10 folded on the Flop
Seat 5: Brakonyer (button) folded on the River
Seat 6: MrKaplin (small blind) folded on the Flop
Seat 7: BugerTK (big blind) showed [Ad 9c] and lost with two pair, Aces and Nines
Seat 8: gaseanez showed [8s 5d] and won ($3.30) with a straight, Five to Nine
Seat 9: Dorex2007 folded before Flop (didn't bet)



PokerStars Hand #232504893821:  Hold'em No Limit ($0.01/$0.02 USD) - 2021/12/25 5:17:36 PT [2021/12/25 8:17:36 ET]
Table 'Qinghai III' 9-max Seat #6 is the button
Seat 1: Vorontsov28 ($2.06 in chips) 
Seat 2: pogarnik839 ($0.63 in chips) 
Seat 3: xBasti133 ($0.96 in chips) 
Seat 4: 10 blueberry 10 ($1.89 in chips) 
Seat 5: Brakonyer ($0.54 in chips) 
Seat 6: MrKaplin ($3.12 in chips) 
Seat 7: BugerTK ($0.48 in chips) 
Seat 8: gaseanez ($3.30 in chips) 
Seat 9: Dorex2007 ($2.20 in chips) 
BugerTK: posts small blind $0.01
gaseanez: posts big blind $0.02
*** HOLE CARDS ***
Dealt to Dorex2007 [7d Qs]
Dorex2007: folds 
Vorontsov28: raises $0.04 to $0.06
pogarnik839 has timed out
pogarnik839: folds 
xBasti133: folds 
10 blueberry 10: calls $0.06
Brakonyer: folds 
MrKaplin: folds 
BugerTK: folds 
gaseanez: calls $0.04
*** FLOP *** [Kh 6d 8c]
gaseanez: bets $0.04
Vorontsov28: raises $0.14 to $0.18
10 blueberry 10: folds 
gaseanez: calls $0.14
*** TURN *** [Kh 6d 8c] [Ah]
gaseanez: checks 
Vorontsov28: bets $0.27
gaseanez: folds 
Uncalled bet ($0.27) returned to Vorontsov28
Vorontsov28 collected $0.53 from pot
Vorontsov28: doesn't show hand 
*** SUMMARY ***
Total pot $0.55 | Rake $0.02 
Board [Kh 6d 8c Ah]
Seat 1: Vorontsov28 collected ($0.53)
Seat 2: pogarnik839 folded before Flop (didn't bet)
Seat 3: xBasti133 folded before Flop (didn't bet)
Seat 4: 10 blueberry 10 folded on the Flop
Seat 5: Brakonyer folded before Flop (didn't bet)
Seat 6: MrKaplin (button) folded before Flop (didn't bet)
Seat 7: BugerTK (small blind) folded before Flop
Seat 8: gaseanez (big blind) folded on the Turn
Seat 9: Dorex2007 folded before Flop (didn't bet)



PokerStars Hand #232504909452:  Hold'em No Limit ($0.01/$0.02 USD) - 2021/12/25 5:18:34 PT [2021/12/25 8:18:34 ET]
Table 'Qinghai III' 9-max Seat #7 is the button
Seat 1: Vorontsov28 ($2.35 in chips) 
Seat 3: xBasti133 ($0.96 in chips) 
Seat 4: 10 blueberry 10 ($1.83 in chips) 
Seat 5: Brakonyer ($0.54 in chips) 
Seat 6: MrKaplin ($3.12 in chips) 
Seat 7: BugerTK ($2 in chips) 
Seat 8: gaseanez ($3.06 in chips) 
Seat 9: Dorex2007 ($2.20 in chips) 
gaseanez: posts small blind $0.01
Dorex2007: posts big blind $0.02
*** HOLE CARDS ***
Dealt to Dorex2007 [3d 7d]
Vorontsov28: folds 
xBasti133: folds 
10 blueberry 10: folds 
Brakonyer: folds 
MrKaplin: folds 
BugerTK: folds 
gaseanez: raises $0.02 to $0.04
Dorex2007: folds 
Uncalled bet ($0.02) returned to gaseanez
gaseanez collected $0.04 from pot
gaseanez: doesn't show hand 
*** SUMMARY ***
Total pot $0.04 | Rake $0 
Seat 1: Vorontsov28 folded before Flop (didn't bet)
Seat 3: xBasti133 folded before Flop (didn't bet)
Seat 4: 10 blueberry 10 folded before Flop (didn't bet)
Seat 5: Brakonyer folded before Flop (didn't bet)
Seat 6: MrKaplin folded before Flop (didn't bet)
Seat 7: BugerTK (button) folded before Flop (didn't bet)
Seat 8: gaseanez (small blind) collected ($0.04)
Seat 9: Dorex2007 (big blind) folded before Flop



PokerStars Hand #232504916717:  Hold'em No Limit ($0.01/$0.02 USD) - 2021/12/25 5:19:01 PT [2021/12/25 8:19:01 ET]
Table 'Qinghai III' 9-max Seat #8 is the button
Seat 1: Vorontsov28 ($2.35 in chips) 
Seat 3: xBasti133 ($0.96 in chips) 
Seat 4: 10 blueberry 10 ($1.83 in chips) 
Seat 5: Brakonyer ($0.54 in chips) 
Seat 6: MrKaplin ($3.12 in chips) 
Seat 7: BugerTK ($2 in chips) 
Seat 8: gaseanez ($3.08 in chips) 
Seat 9: Dorex2007 ($2.18 in chips) 
Dorex2007: posts small blind $0.01
Vorontsov28: posts big blind $0.02
*** HOLE CARDS ***
Dealt to Dorex2007 [Ks As]
xBasti133: folds 
10 blueberry 10: folds 
Brakonyer: folds 
MrKaplin: folds 
BugerTK: folds 
gaseanez: folds 
Dorex2007: raises $0.04 to $0.06
Vorontsov28: folds 
Uncalled bet ($0.04) returned to Dorex2007
Dorex2007 collected $0.04 from pot
Dorex2007: doesn't show hand 
*** SUMMARY ***
Total pot $0.04 | Rake $0 
Seat 1: Vorontsov28 (big blind) folded before Flop
Seat 3: xBasti133 folded before Flop (didn't bet)
Seat 4: 10 blueberry 10 folded before Flop (didn't bet)
Seat 5: Brakonyer folded before Flop (didn't bet)
Seat 6: MrKaplin folded before Flop (didn't bet)
Seat 7: BugerTK folded before Flop (didn't bet)
Seat 8: gaseanez (button) folded before Flop (didn't bet)
Seat 9: Dorex2007 (small blind) collected ($0.04)



PokerStars Hand #232504923583:  Hold'em No Limit ($0.01/$0.02 USD) - 2021/12/25 5:19:26 PT [2021/12/25 8:19:26 ET]
Table 'Qinghai III' 9-max Seat #9 is the button
Seat 1: Vorontsov28 ($2.33 in chips) 
Seat 3: xBasti133 ($0.96 in chips) 
Seat 4: 10 blueberry 10 ($1.83 in chips) 
Seat 5: Brakonyer ($0.54 in chips) 
Seat 6: MrKaplin ($3.12 in chips) 
Seat 7: BugerTK ($2 in chips) 
Seat 8: gaseanez ($3.08 in chips) 
Seat 9: Dorex2007 ($2.20 in chips) 
Vorontsov28: posts small blind $0.01
xBasti133: posts big blind $0.02
*** HOLE CARDS ***
Dealt to Dorex2007 [2d 3c]
10 blueberry 10: raises $0.05 to $0.07
Brakonyer: folds 
MrKaplin: calls $0.07
BugerTK: calls $0.07
gaseanez: folds 
Dorex2007: folds 
Vorontsov28: folds 
xBasti133: folds 
*** FLOP *** [Ah 3d 4c]
10 blueberry 10: checks 
MrKaplin: checks 
BugerTK: checks 
*** TURN *** [Ah 3d 4c] [Qs]
10 blueberry 10: checks 
MrKaplin: checks 
BugerTK: bets $0.04
10 blueberry 10: calls $0.04
MrKaplin: folds 
*** RIVER *** [Ah 3d 4c Qs] [4s]
10 blueberry 10: checks 
BugerTK: checks 
*** SHOW DOWN ***
10 blueberry 10: shows [Kd Jd] (a pair of Fours)
BugerTK: shows [7d 7h] (two pair, Sevens and Fours)
BugerTK collected $0.31 from pot
*** SUMMARY ***
Total pot $0.32 | Rake $0.01 
Board [Ah 3d 4c Qs 4s]
Seat 1: Vorontsov28 (small blind) folded before Flop
Seat 3: xBasti133 (big blind) folded before Flop
Seat 4: 10 blueberry 10 showed [Kd Jd] and lost with a pair of Fours
Seat 5: Brakonyer folded before Flop (didn't bet)
Seat 6: MrKaplin folded on the Turn
Seat 7: BugerTK showed [7d 7h] and won ($0.31) with two pair, Sevens and Fours
Seat 8: gaseanez folded before Flop (didn't bet)
Seat 9: Dorex2007 (button) folded before Flop (didn't bet)



PokerStars Hand #232504939595:  Hold'em No Limit ($0.01/$0.02 USD) - 2021/12/25 5:20:24 PT [2021/12/25 8:20:24 ET]
Table 'Qinghai III' 9-max Seat #1 is the button
Seat 1: Vorontsov28 ($2.32 in chips) 
Seat 3: xBasti133 ($0.94 in chips) 
Seat 4: 10 blueberry 10 ($1.72 in chips) 
Seat 5: Brakonyer ($0.54 in chips) 
Seat 6: MrKaplin ($3.05 in chips) 
Seat 7: BugerTK ($2.20 in chips) 
Seat 8: gaseanez ($3.08 in chips) 
Seat 9: Dorex2007 ($2.20 in chips) 
xBasti133: posts small blind $0.01
10 blueberry 10: posts big blind $0.02
*** HOLE CARDS ***
Dealt to Dorex2007 [2c Kh]
Brakonyer: raises $0.02 to $0.04
MrKaplin: folds 
BugerTK: calls $0.04
gaseanez: calls $0.04
Dorex2007: folds 
Vorontsov28: calls $0.04
xBasti133: calls $0.03
10 blueberry 10: calls $0.02
*** FLOP *** [6c Ks 6h]
xBasti133: checks 
10 blueberry 10: checks 
Brakonyer: checks 
BugerTK: checks 
gaseanez: checks 
Vorontsov28: bets $0.15
xBasti133: folds 
10 blueberry 10: folds 
Brakonyer: folds 
BugerTK: folds 
gaseanez: calls $0.15
*** TURN *** [6c Ks 6h] [Ts]
gaseanez: checks 
Vorontsov28: bets $0.42
gaseanez: calls $0.42
*** RIVER *** [6c Ks 6h Ts] [5d]
gaseanez: bets $0.92
Vorontsov28: raises $0.79 to $1.71 and is all-in
gaseanez: calls $0.79
*** SHOW DOWN ***
Vorontsov28: shows [5s 6s] (a full house, Sixes full of Fives)
gaseanez: shows [Th 6d] (a full house, Sixes full of Tens)
gaseanez collected $4.63 from pot
*** SUMMARY ***
Total pot $4.80 | Rake $0.17 
Board [6c Ks 6h Ts 5d]
Seat 1: Vorontsov28 (button) showed [5s 6s] and lost with a full house, Sixes full of Fives
Seat 3: xBasti133 (small blind) folded on the Flop
Seat 4: 10 blueberry 10 (big blind) folded on the Flop
Seat 5: Brakonyer folded on the Flop
Seat 6: MrKaplin folded before Flop (didn't bet)
Seat 7: BugerTK folded on the Flop
Seat 8: gaseanez showed [Th 6d] and won ($4.63) with a full house, Sixes full of Tens
Seat 9: Dorex2007 folded before Flop (didn't bet)



PokerStars Hand #232504965310:  Hold'em No Limit ($0.01/$0.02 USD) - 2021/12/25 5:21:55 PT [2021/12/25 8:21:55 ET]
Table 'Qinghai III' 9-max Seat #3 is the button
Seat 1: Vorontsov28 ($2 in chips) 
Seat 3: xBasti133 ($0.90 in chips) 
Seat 4: 10 blueberry 10 ($1.68 in chips) 
Seat 5: Brakonyer ($0.83 in chips) 
Seat 6: MrKaplin ($3.05 in chips) 
Seat 7: BugerTK ($2.16 in chips) 
Seat 8: gaseanez ($5.39 in chips) 
Seat 9: Dorex2007 ($2.20 in chips) 
10 blueberry 10: posts small blind $0.01
Brakonyer: posts big blind $0.02
*** HOLE CARDS ***
Dealt to Dorex2007 [6c 3h]
MrKaplin: folds 
BugerTK: calls $0.02
gaseanez: calls $0.02
Dorex2007: folds 
Vorontsov28: folds 
xBasti133: calls $0.02
10 blueberry 10: calls $0.01
Brakonyer: checks 
*** FLOP *** [3d 4s 3c]
10 blueberry 10: checks 
Brakonyer: checks 
BugerTK: bets $0.10
gaseanez: folds 
xBasti133: folds 
10 blueberry 10: folds 
Brakonyer: folds 
Uncalled bet ($0.10) returned to BugerTK
BugerTK collected $0.10 from pot
BugerTK: doesn't show hand 
*** SUMMARY ***
Total pot $0.10 | Rake $0 
Board [3d 4s 3c]
Seat 1: Vorontsov28 folded before Flop (didn't bet)
Seat 3: xBasti133 (button) folded on the Flop
Seat 4: 10 blueberry 10 (small blind) folded on the Flop
Seat 5: Brakonyer (big blind) folded on the Flop
Seat 6: MrKaplin folded before Flop (didn't bet)
Seat 7: BugerTK collected ($0.10)
Seat 8: gaseanez folded on the Flop
Seat 9: Dorex2007 folded before Flop (didn't bet)



PokerStars Hand #232504978782:  Hold'em No Limit ($0.01/$0.02 USD) - 2021/12/25 5:22:43 PT [2021/12/25 8:22:43 ET]
Table 'Qinghai III' 9-max Seat #4 is the button
Seat 1: Vorontsov28 ($2 in chips) 
Seat 3: xBasti133 ($0.88 in chips) 
Seat 4: 10 blueberry 10 ($1.66 in chips) 
Seat 5: Brakonyer ($0.81 in chips) 
Seat 6: MrKaplin ($3.05 in chips) 
Seat 7: BugerTK ($2.24 in chips) 
Seat 8: gaseanez ($5.37 in chips) 
Seat 9: Dorex2007 ($2.20 in chips) 
Brakonyer: posts small blind $0.01
MrKaplin: posts big blind $0.02
*** HOLE CARDS ***
Dealt to Dorex2007 [7h Ad]
BugerTK: folds 
gaseanez: raises $0.02 to $0.04
Dorex2007: folds 
Vorontsov28: folds 
xBasti133: raises $0.04 to $0.08
10 blueberry 10: folds 
Brakonyer: folds 
MrKaplin: calls $0.06
gaseanez: calls $0.04
*** FLOP *** [Ah 7s 3c]
MrKaplin: checks 
gaseanez: checks 
xBasti133: bets $0.12
MrKaplin: folds 
gaseanez: folds 
Uncalled bet ($0.12) returned to xBasti133
xBasti133 collected $0.24 from pot
xBasti133: doesn't show hand 
*** SUMMARY ***
Total pot $0.25 | Rake $0.01 
Board [Ah 7s 3c]
Seat 1: Vorontsov28 folded before Flop (didn't bet)
Seat 3: xBasti133 collected ($0.24)
Seat 4: 10 blueberry 10 (button) folded before Flop (didn't bet)
Seat 5: Brakonyer (small blind) folded before Flop
Seat 6: MrKaplin (big blind) folded on the Flop
Seat 7: BugerTK folded before Flop (didn't bet)
Seat 8: gaseanez folded on the Flop
Seat 9: Dorex2007 folded before Flop (didn't bet)



PokerStars Hand #232504990186:  Hold'em No Limit ($0.01/$0.02 USD) - 2021/12/25 5:23:22 PT [2021/12/25 8:23:22 ET]
Table 'Qinghai III' 9-max Seat #5 is the button
Seat 1: Vorontsov28 ($2 in chips) 
Seat 3: xBasti133 ($1.04 in chips) 
Seat 4: 10 blueberry 10 ($1.66 in chips) 
Seat 5: Brakonyer ($0.80 in chips) 
Seat 6: MrKaplin ($2.97 in chips) 
Seat 7: BugerTK ($2.24 in chips) 
Seat 8: gaseanez ($5.29 in chips) 
Seat 9: Dorex2007 ($2.20 in chips) 
MrKaplin: posts small blind $0.01
BugerTK: posts big blind $0.02
*** HOLE CARDS ***
Dealt to Dorex2007 [9s Td]
gaseanez: folds 
Dorex2007: folds 
Vorontsov28: folds 
xBasti133: raises $0.04 to $0.06
10 blueberry 10: calls $0.06
Brakonyer: folds 
MrKaplin: folds 
BugerTK: folds 
*** FLOP *** [Kd Ad 6d]
xBasti133: bets $0.07
10 blueberry 10: raises $0.07 to $0.14
xBasti133: calls $0.07
*** TURN *** [Kd Ad 6d] [5s]
xBasti133: checks 
10 blueberry 10: checks 
*** RIVER *** [Kd Ad 6d 5s] [3c]
xBasti133: bets $0.20
10 blueberry 10: folds 
Uncalled bet ($0.20) returned to xBasti133
xBasti133 collected $0.41 from pot
xBasti133: doesn't show hand 
*** SUMMARY ***
Total pot $0.43 | Rake $0.02 
Board [Kd Ad 6d 5s 3c]
Seat 1: Vorontsov28 folded before Flop (didn't bet)
Seat 3: xBasti133 collected ($0.41)
Seat 4: 10 blueberry 10 folded on the River
Seat 5: Brakonyer (button) folded before Flop (didn't bet)
Seat 6: MrKaplin (small blind) folded before Flop
Seat 7: BugerTK (big blind) folded before Flop
Seat 8: gaseanez folded before Flop (didn't bet)
Seat 9: Dorex2007 folded before Flop (didn't bet)



PokerStars Hand #232505004629:  Hold'em No Limit ($0.01/$0.02 USD) - 2021/12/25 5:24:13 PT [2021/12/25 8:24:13 ET]
Table 'Qinghai III' 9-max Seat #6 is the button
Seat 1: Vorontsov28 ($2 in chips) 
Seat 2: pogarnik839 ($0.63 in chips) 
Seat 3: xBasti133 ($1.25 in chips) 
Seat 4: 10 blueberry 10 ($1.46 in chips) 
Seat 5: Brakonyer ($0.80 in chips) 
Seat 6: MrKaplin ($2.96 in chips) 
Seat 7: BugerTK ($2.22 in chips) 
Seat 8: gaseanez ($5.29 in chips) 
Seat 9: Dorex2007 ($2.20 in chips) 
BugerTK: posts small blind $0.01
gaseanez: posts big blind $0.02
pogarnik839: posts small & big blinds $0.03
*** HOLE CARDS ***
Dealt to Dorex2007 [5c Qc]
Dorex2007: folds 
Vorontsov28: folds 
pogarnik839: checks 
xBasti133: raises $0.02 to $0.04
10 blueberry 10: calls $0.04
Brakonyer: folds 
MrKaplin: calls $0.04
BugerTK: folds 
gaseanez: calls $0.02
pogarnik839: calls $0.02
*** FLOP *** [3d 6h 2h]
gaseanez: checks 
pogarnik839: checks 
xBasti133: checks 
10 blueberry 10: checks 
MrKaplin: checks 
*** TURN *** [3d 6h 2h] [Js]
gaseanez: checks 
pogarnik839: checks 
xBasti133: bets $0.10
10 blueberry 10: calls $0.10
MrKaplin: calls $0.10
gaseanez: folds 
pogarnik839: folds 
*** RIVER *** [3d 6h 2h Js] [5h]
xBasti133: checks 
10 blueberry 10: bets $0.25
MrKaplin: calls $0.25
xBasti133: calls $0.25
*** SHOW DOWN ***
10 blueberry 10: shows [6s 4s] (a straight, Deuce to Six)
MrKaplin: mucks hand 
xBasti133: mucks hand 
10 blueberry 10 collected $1.23 from pot
*** SUMMARY ***
Total pot $1.27 | Rake $0.04 
Board [3d 6h 2h Js 5h]
Seat 1: Vorontsov28 folded before Flop (didn't bet)
Seat 2: pogarnik839 folded on the Turn
Seat 3: xBasti133 mucked [Kd Jc]
Seat 4: 10 blueberry 10 showed [6s 4s] and won ($1.23) with a straight, Deuce to Six
Seat 5: Brakonyer folded before Flop (didn't bet)
Seat 6: MrKaplin (button) mucked [Kc Jh]
Seat 7: BugerTK (small blind) folded before Flop
Seat 8: gaseanez (big blind) folded on the Turn
Seat 9: Dorex2007 folded before Flop (didn't bet)



PokerStars Hand #232505034204:  Hold'em No Limit ($0.01/$0.02 USD) - 2021/12/25 5:25:56 PT [2021/12/25 8:25:56 ET]
Table 'Qinghai III' 9-max Seat #7 is the button
Seat 1: Vorontsov28 ($2 in chips) 
Seat 2: pogarnik839 ($0.58 in chips) 
Seat 3: xBasti133 ($0.86 in chips) 
Seat 4: 10 blueberry 10 ($2.30 in chips) 
Seat 5: Brakonyer ($0.80 in chips) 
Seat 6: MrKaplin ($2.57 in chips) 
Seat 7: BugerTK ($2.21 in chips) 
Seat 8: gaseanez ($5.25 in chips) 
Seat 9: Dorex2007 ($2.20 in chips) 
gaseanez: posts small blind $0.01
Dorex2007: posts big blind $0.02
*** HOLE CARDS ***
Dealt to Dorex2007 [6c Ad]
Vorontsov28: folds 
pogarnik839: calls $0.02
xBasti133: folds 
10 blueberry 10: folds 
Brakonyer: folds 
MrKaplin: folds 
BugerTK: folds 
gaseanez: raises $0.02 to $0.04
Dorex2007: folds 
pogarnik839: calls $0.02
*** FLOP *** [Qs Jh Qd]
gaseanez: bets $0.06
pogarnik839: folds 
Uncalled bet ($0.06) returned to gaseanez
gaseanez collected $0.10 from pot
gaseanez: doesn't show hand 
*** SUMMARY ***
Total pot $0.10 | Rake $0 
Board [Qs Jh Qd]
Seat 1: Vorontsov28 folded before Flop (didn't bet)
Seat 2: pogarnik839 folded on the Flop
Seat 3: xBasti133 folded before Flop (didn't bet)
Seat 4: 10 blueberry 10 folded before Flop (didn't bet)
Seat 5: Brakonyer folded before Flop (didn't bet)
Seat 6: MrKaplin folded before Flop (didn't bet)
Seat 7: BugerTK (button) folded before Flop (didn't bet)
Seat 8: gaseanez (small blind) collected ($0.10)
Seat 9: Dorex2007 (big blind) folded before Flop



PokerStars Hand #232505045195:  Hold'em No Limit ($0.01/$0.02 USD) - 2021/12/25 5:26:35 PT [2021/12/25 8:26:35 ET]
Table 'Qinghai III' 9-max Seat #8 is the button
Seat 1: Vorontsov28 ($2 in chips) 
Seat 2: pogarnik839 ($0.54 in chips) 
Seat 3: xBasti133 ($0.86 in chips) 
Seat 4: 10 blueberry 10 ($2.30 in chips) 
Seat 5: Brakonyer ($0.80 in chips) 
Seat 6: MrKaplin ($2.57 in chips) 
Seat 7: BugerTK ($2.21 in chips) 
Seat 8: gaseanez ($5.31 in chips) 
Seat 9: Dorex2007 ($2.18 in chips) 
Dorex2007: posts small blind $0.01
Vorontsov28: posts big blind $0.02
*** HOLE CARDS ***
Dealt to Dorex2007 [Jh 9s]
pogarnik839: calls $0.02
xBasti133: folds 
10 blueberry 10: folds 
Brakonyer: folds 
MrKaplin: folds 
BugerTK: calls $0.02
gaseanez: calls $0.02
Dorex2007: folds 
Vorontsov28: raises $0.12 to $0.14
pogarnik839: raises $0.40 to $0.54 and is all-in
BugerTK: folds 
gaseanez: folds 
Vorontsov28: calls $0.40
*** FLOP *** [5h 3d Ts]
*** TURN *** [5h 3d Ts] [4s]
*** RIVER *** [5h 3d Ts 4s] [2d]
*** SHOW DOWN ***
Vorontsov28: shows [Qh Ad] (a straight, Ace to Five)
pogarnik839: shows [Jd Jc] (a pair of Jacks)
Vorontsov28 collected $1.09 from pot
pogarnik839 cashed out the hand for $0.61 | Cash Out Fee $0.01
*** SUMMARY ***
Total pot $1.13 | Rake $0.04 
Board [5h 3d Ts 4s 2d]
Seat 1: Vorontsov28 (big blind) showed [Qh Ad] and won ($1.09) with a straight, Ace to Five
Seat 2: pogarnik839 showed [Jd Jc] and lost with a pair of Jacks (cashed out).
Seat 3: xBasti133 folded before Flop (didn't bet)
Seat 4: 10 blueberry 10 folded before Flop (didn't bet)
Seat 5: Brakonyer folded before Flop (didn't bet)
Seat 6: MrKaplin folded before Flop (didn't bet)
Seat 7: BugerTK folded before Flop
Seat 8: gaseanez (button) folded before Flop
Seat 9: Dorex2007 (small blind) folded before Flop



PokerStars Hand #232505058261:  Hold'em No Limit ($0.01/$0.02 USD) - 2021/12/25 5:27:21 PT [2021/12/25 8:27:21 ET]
Table 'Qinghai III' 9-max Seat #9 is the button
Seat 1: Vorontsov28 ($2.55 in chips) 
Seat 2: pogarnik839 ($0.61 in chips) 
Seat 3: xBasti133 ($0.86 in chips) 
Seat 4: 10 blueberry 10 ($2.30 in chips) 
Seat 5: Brakonyer ($0.80 in chips) 
Seat 6: MrKaplin ($2.57 in chips) 
Seat 7: BugerTK ($2.19 in chips) 
Seat 8: gaseanez ($5.29 in chips) 
Seat 9: Dorex2007 ($2.17 in chips) 
Vorontsov28: posts small blind $0.01
pogarnik839: posts big blind $0.02
*** HOLE CARDS ***
Dealt to Dorex2007 [3h 6s]
xBasti133: folds 
10 blueberry 10: folds 
Brakonyer: folds 
MrKaplin: folds 
BugerTK: folds 
gaseanez: folds 
Dorex2007: folds 
Vorontsov28: raises $0.04 to $0.06
pogarnik839: raises $0.55 to $0.61 and is all-in
Vorontsov28: folds 
Uncalled bet ($0.55) returned to pogarnik839
pogarnik839 collected $0.12 from pot
pogarnik839: doesn't show hand 
*** SUMMARY ***
Total pot $0.12 | Rake $0 
Seat 1: Vorontsov28 (small blind) folded before Flop
Seat 2: pogarnik839 (big blind) collected ($0.12)
Seat 3: xBasti133 folded before Flop (didn't bet)
Seat 4: 10 blueberry 10 folded before Flop (didn't bet)
Seat 5: Brakonyer folded before Flop (didn't bet)
Seat 6: MrKaplin folded before Flop (didn't bet)
Seat 7: BugerTK folded before Flop (didn't bet)
Seat 8: gaseanez folded before Flop (didn't bet)
Seat 9: Dorex2007 (button) folded before Flop (didn't bet)



PokerStars Hand #232505068769:  Hold'em No Limit ($0.01/$0.02 USD) - 2021/12/25 5:27:57 PT [2021/12/25 8:27:57 ET]
Table 'Qinghai III' 9-max Seat #1 is the button
Seat 1: Vorontsov28 ($2.49 in chips) 
Seat 2: pogarnik839 ($0.67 in chips) 
Seat 3: xBasti133 ($0.86 in chips) 
Seat 4: 10 blueberry 10 ($2.30 in chips) 
Seat 5: Brakonyer ($0.80 in chips) 
Seat 6: MrKaplin ($2.57 in chips) 
Seat 7: BugerTK ($2.19 in chips) 
Seat 8: gaseanez ($5.29 in chips) 
Seat 9: Dorex2007 ($2.17 in chips) 
pogarnik839: posts small blind $0.01
xBasti133: posts big blind $0.02
*** HOLE CARDS ***
Dealt to Dorex2007 [3h 7c]
10 blueberry 10: folds 
Brakonyer: folds 
MrKaplin: folds 
BugerTK: folds 
gaseanez: folds 
Dorex2007: folds 
Vorontsov28: folds 
pogarnik839: calls $0.01
xBasti133: checks 
*** FLOP *** [8s Qs 4h]
pogarnik839: checks 
xBasti133: bets $0.04
pogarnik839: calls $0.04
*** TURN *** [8s Qs 4h] [9d]
pogarnik839: bets $0.06
xBasti133: calls $0.06
*** RIVER *** [8s Qs 4h 9d] [6s]
pogarnik839: checks 
xBasti133: bets $0.18
pogarnik839: calls $0.18
*** SHOW DOWN ***
xBasti133: shows [Jd 8c] (a pair of Eights)
pogarnik839: shows [Jc Th] (a straight, Eight to Queen)
pogarnik839 collected $0.58 from pot
*** SUMMARY ***
Total pot $0.60 | Rake $0.02 
Board [8s Qs 4h 9d 6s]
Seat 1: Vorontsov28 (button) folded before Flop (didn't bet)
Seat 2: pogarnik839 (small blind) showed [Jc Th] and won ($0.58) with a straight, Eight to Queen
Seat 3: xBasti133 (big blind) showed [Jd 8c] and lost with a pair of Eights
Seat 4: 10 blueberry 10 folded before Flop (didn't bet)
Seat 5: Brakonyer folded before Flop (didn't bet)
Seat 6: MrKaplin folded before Flop (didn't bet)
Seat 7: BugerTK folded before Flop (didn't bet)
Seat 8: gaseanez folded before Flop (didn't bet)
Seat 9: Dorex2007 folded before Flop (didn't bet)



PokerStars Hand #232505081546:  Hold'em No Limit ($0.01/$0.02 USD) - 2021/12/25 5:28:42 PT [2021/12/25 8:28:42 ET]
Table 'Qinghai III' 9-max Seat #2 is the button
Seat 1: Vorontsov28 ($2.49 in chips) 
Seat 2: pogarnik839 ($0.95 in chips) 
Seat 3: xBasti133 ($0.56 in chips) 
Seat 4: 10 blueberry 10 ($2.30 in chips) 
Seat 5: Brakonyer ($0.80 in chips) 
Seat 6: MrKaplin ($2.57 in chips) 
Seat 7: BugerTK ($2.19 in chips) 
Seat 8: gaseanez ($5.29 in chips) 
Seat 9: Dorex2007 ($2.17 in chips) 
xBasti133: posts small blind $0.01
10 blueberry 10: posts big blind $0.02
*** HOLE CARDS ***
Dealt to Dorex2007 [Ts 3s]
Brakonyer: folds 
MrKaplin: folds 
BugerTK: folds 
gaseanez: raises $0.04 to $0.06
Dorex2007: folds 
Vorontsov28: folds 
pogarnik839: folds 
xBasti133: folds 
10 blueberry 10: calls $0.04
*** FLOP *** [Th 3d Qs]
10 blueberry 10: bets $0.13
gaseanez: calls $0.13
*** TURN *** [Th 3d Qs] [6d]
10 blueberry 10: bets $0.38
gaseanez: folds 
Uncalled bet ($0.38) returned to 10 blueberry 10
10 blueberry 10 collected $0.38 from pot
10 blueberry 10: doesn't show hand 
*** SUMMARY ***
Total pot $0.39 | Rake $0.01 
Board [Th 3d Qs 6d]
Seat 1: Vorontsov28 folded before Flop (didn't bet)
Seat 2: pogarnik839 (button) folded before Flop (didn't bet)
Seat 3: xBasti133 (small blind) folded before Flop
Seat 4: 10 blueberry 10 (big blind) collected ($0.38)
Seat 5: Brakonyer folded before Flop (didn't bet)
Seat 6: MrKaplin folded before Flop (didn't bet)
Seat 7: BugerTK folded before Flop (didn't bet)
Seat 8: gaseanez folded on the Turn
Seat 9: Dorex2007 folded before Flop (didn't bet)



PokerStars Hand #232505095978:  Hold'em No Limit ($0.01/$0.02 USD) - 2021/12/25 5:29:33 PT [2021/12/25 8:29:33 ET]
Table 'Qinghai III' 9-max Seat #3 is the button
Seat 1: Vorontsov28 ($2.49 in chips) 
Seat 2: pogarnik839 ($0.95 in chips) 
Seat 3: xBasti133 ($0.55 in chips) 
Seat 4: 10 blueberry 10 ($2.49 in chips) 
Seat 5: Brakonyer ($0.80 in chips) 
Seat 6: MrKaplin ($2.57 in chips) 
Seat 7: BugerTK ($2.19 in chips) 
Seat 8: gaseanez ($5.10 in chips) 
Seat 9: Dorex2007 ($2.17 in chips) 
10 blueberry 10: posts small blind $0.01
Brakonyer: posts big blind $0.02
*** HOLE CARDS ***
Dealt to Dorex2007 [7s 4h]
MrKaplin: folds 
BugerTK: folds 
gaseanez: folds 
Dorex2007: raises $0.02 to $0.04
Vorontsov28: calls $0.04
pogarnik839: folds 
xBasti133: calls $0.04
10 blueberry 10: calls $0.03
Brakonyer: folds 
*** FLOP *** [7c 4s 3h]
10 blueberry 10: checks 
Dorex2007: bets $0.11
Vorontsov28: folds 
xBasti133: folds 
10 blueberry 10: calls $0.11
*** TURN *** [7c 4s 3h] [8s]
10 blueberry 10: checks 
Dorex2007: bets $0.26
10 blueberry 10: folds 
Uncalled bet ($0.26) returned to Dorex2007
Dorex2007 collected $0.39 from pot
Dorex2007: doesn't show hand 
*** SUMMARY ***
Total pot $0.40 | Rake $0.01 
Board [7c 4s 3h 8s]
Seat 1: Vorontsov28 folded on the Flop
Seat 2: pogarnik839 folded before Flop (didn't bet)
Seat 3: xBasti133 (button) folded on the Flop
Seat 4: 10 blueberry 10 (small blind) folded on the Turn
Seat 5: Brakonyer (big blind) folded before Flop
Seat 6: MrKaplin folded before Flop (didn't bet)
Seat 7: BugerTK folded before Flop (didn't bet)
Seat 8: gaseanez folded before Flop (didn't bet)
Seat 9: Dorex2007 collected ($0.39)



PokerStars Hand #232505116279:  Hold'em No Limit ($0.01/$0.02 USD) - 2021/12/25 5:30:44 PT [2021/12/25 8:30:44 ET]
Table 'Qinghai III' 9-max Seat #4 is the button
Seat 1: Vorontsov28 ($2.45 in chips) 
Seat 2: pogarnik839 ($0.95 in chips) 
Seat 3: xBasti133 ($0.51 in chips) 
Seat 4: 10 blueberry 10 ($2.34 in chips) 
Seat 5: Brakonyer ($0.78 in chips) 
Seat 6: MrKaplin ($2.57 in chips) 
Seat 7: BugerTK ($2.19 in chips) 
Seat 8: gaseanez ($5.10 in chips) 
Seat 9: Dorex2007 ($2.41 in chips) 
Brakonyer: posts small blind $0.01
MrKaplin: posts big blind $0.02
*** HOLE CARDS ***
Dealt to Dorex2007 [8s 7h]
BugerTK: folds 
BugerTK leaves the table
gaseanez: calls $0.02
cr@sh test joins the table at seat #7 
Dorex2007 has timed out
Dorex2007: folds 
Vorontsov28: folds 
pogarnik839: calls $0.02
xBasti133: raises $0.04 to $0.06
10 blueberry 10: calls $0.06
Brakonyer: folds 
MrKaplin: calls $0.04
gaseanez has timed out
gaseanez: folds 
pogarnik839: calls $0.04
*** FLOP *** [2c As 8d]
MrKaplin: checks 
pogarnik839: checks 
xBasti133: bets $0.13
10 blueberry 10: folds 
MrKaplin: calls $0.13
pogarnik839: raises $0.76 to $0.89 and is all-in
xBasti133: folds 
MrKaplin: calls $0.76
*** TURN *** [2c As 8d] [Js]
*** RIVER *** [2c As 8d Js] [5s]
*** SHOW DOWN ***
MrKaplin: shows [Ts Ah] (a pair of Aces)
pogarnik839: shows [Ac Qd] (a pair of Aces - Queen kicker)
pogarnik839 cashed out the hand for $1.78 | Cash Out Fee $0.02
*** SUMMARY ***
Total pot $2.18 | Rake $0.08 
Board [2c As 8d Js 5s]
Seat 1: Vorontsov28 folded before Flop (didn't bet)
Seat 2: pogarnik839 showed [Ac Qd] and won ($2.10) with a pair of Aces (pot not awarded as player cashed out)
Seat 3: xBasti133 folded on the Flop
Seat 4: 10 blueberry 10 (button) folded on the Flop
Seat 5: Brakonyer (small blind) folded before Flop
Seat 6: MrKaplin (big blind) showed [Ts Ah] and lost with a pair of Aces
Seat 7: BugerTK folded before Flop (didn't bet)
Seat 8: gaseanez folded before Flop
Seat 9: Dorex2007 folded before Flop (didn't bet)



PokerStars Hand #232505150611:  Hold'em No Limit ($0.01/$0.02 USD) - 2021/12/25 5:32:42 PT [2021/12/25 8:32:42 ET]
Table 'Qinghai III' 9-max Seat #5 is the button
Seat 1: Vorontsov28 ($2.45 in chips) 
Seat 2: pogarnik839 ($1.78 in chips) 
Seat 3: xBasti133 ($0.32 in chips) 
Seat 4: 10 blueberry 10 ($2.28 in chips) 
Seat 5: Brakonyer ($0.77 in chips) 
Seat 6: MrKaplin ($1.62 in chips) 
Seat 7: cr@sh test ($2 in chips) 
Seat 9: Dorex2007 ($2.41 in chips) 
MrKaplin: posts small blind $0.01
cr@sh test: posts big blind $0.02
*** HOLE CARDS ***
Dealt to Dorex2007 [Ts Kc]
Dorex2007: folds 
Vorontsov28: folds 
pogarnik839: calls $0.02
xBasti133: folds 
10 blueberry 10: raises $0.02 to $0.04
Brakonyer: folds 
MrKaplin: folds 
cr@sh test: folds 
pogarnik839: raises $0.06 to $0.10
10 blueberry 10: calls $0.06
*** FLOP *** [5c 7c 2h]
pogarnik839: checks 
10 blueberry 10: checks 
*** TURN *** [5c 7c 2h] [Jd]
pogarnik839: bets $0.10
10 blueberry 10: folds 
Uncalled bet ($0.10) returned to pogarnik839
pogarnik839 collected $0.22 from pot
pogarnik839: doesn't show hand 
*** SUMMARY ***
Total pot $0.23 | Rake $0.01 
Board [5c 7c 2h Jd]
Seat 1: Vorontsov28 folded before Flop (didn't bet)
Seat 2: pogarnik839 collected ($0.22)
Seat 3: xBasti133 folded before Flop (didn't bet)
Seat 4: 10 blueberry 10 folded on the Turn
Seat 5: Brakonyer (button) folded before Flop (didn't bet)
Seat 6: MrKaplin (small blind) folded before Flop
Seat 7: cr@sh test (big blind) folded before Flop
Seat 9: Dorex2007 folded before Flop (didn't bet)



PokerStars Hand #232505169220:  Hold'em No Limit ($0.01/$0.02 USD) - 2021/12/25 5:33:46 PT [2021/12/25 8:33:46 ET]
Table 'Qinghai III' 9-max Seat #6 is the button
Seat 1: Vorontsov28 ($2.45 in chips) 
Seat 2: pogarnik839 ($1.90 in chips) 
Seat 3: xBasti133 ($0.32 in chips) 
Seat 4: 10 blueberry 10 ($2.18 in chips) 
Seat 5: Brakonyer ($0.77 in chips) 
Seat 6: MrKaplin ($1.61 in chips) 
Seat 7: cr@sh test ($2 in chips) 
Seat 8: gaseanez ($5.08 in chips) 
Seat 9: Dorex2007 ($2.41 in chips) 
cr@sh test: posts small blind $0.01
gaseanez: posts big blind $0.02
*** HOLE CARDS ***
Dealt to Dorex2007 [6h Th]
Dorex2007: folds 
Vorontsov28: folds 
pogarnik839: folds 
xBasti133: folds 
10 blueberry 10: folds 
Brakonyer: folds 
MrKaplin: folds 
cr@sh test: raises $0.04 to $0.06
gaseanez: folds 
Uncalled bet ($0.04) returned to cr@sh test
cr@sh test collected $0.04 from pot
cr@sh test: doesn't show hand 
*** SUMMARY ***
Total pot $0.04 | Rake $0 
Seat 1: Vorontsov28 folded before Flop (didn't bet)
Seat 2: pogarnik839 folded before Flop (didn't bet)
Seat 3: xBasti133 folded before Flop (didn't bet)
Seat 4: 10 blueberry 10 folded before Flop (didn't bet)
Seat 5: Brakonyer folded before Flop (didn't bet)
Seat 6: MrKaplin (button) folded before Flop (didn't bet)
Seat 7: cr@sh test (small blind) collected ($0.04)
Seat 8: gaseanez (big blind) folded before Flop
Seat 9: Dorex2007 folded before Flop (didn't bet)



PokerStars Hand #232505175958:  Hold'em No Limit ($0.01/$0.02 USD) - 2021/12/25 5:34:09 PT [2021/12/25 8:34:09 ET]
Table 'Qinghai III' 9-max Seat #7 is the button
Seat 1: Vorontsov28 ($2.45 in chips) 
Seat 2: pogarnik839 ($1.90 in chips) 
Seat 3: xBasti133 ($0.32 in chips) 
Seat 4: 10 blueberry 10 ($2.18 in chips) 
Seat 5: Brakonyer ($0.77 in chips) 
Seat 6: MrKaplin ($1.61 in chips) 
Seat 7: cr@sh test ($2.02 in chips) 
Seat 8: gaseanez ($5.06 in chips) 
Seat 9: Dorex2007 ($2.41 in chips) 
gaseanez: posts small blind $0.01
Dorex2007: posts big blind $0.02
*** HOLE CARDS ***
Dealt to Dorex2007 [5c 2d]
Vorontsov28: folds 
pogarnik839: calls $0.02
xBasti133: raises $0.08 to $0.10
10 blueberry 10: folds 
Brakonyer: calls $0.10
MrKaplin: folds 
cr@sh test: folds 
gaseanez: folds 
Dorex2007: folds 
pogarnik839: folds 
*** FLOP *** [6s 2c 9h]
gaseanez leaves the table
xBasti133: bets $0.22 and is all-in
Brakonyer: folds 
Uncalled bet ($0.22) returned to xBasti133
xBasti133 collected $0.24 from pot
xBasti133: doesn't show hand 
*** SUMMARY ***
Total pot $0.25 | Rake $0.01 
Board [6s 2c 9h]
Seat 1: Vorontsov28 folded before Flop (didn't bet)
Seat 2: pogarnik839 folded before Flop
Seat 3: xBasti133 collected ($0.24)
Seat 4: 10 blueberry 10 folded before Flop (didn't bet)
Seat 5: Brakonyer folded on the Flop
Seat 6: MrKaplin folded before Flop (didn't bet)
Seat 7: cr@sh test (button) folded before Flop (didn't bet)
Seat 8: gaseanez (small blind) folded before Flop
Seat 9: Dorex2007 (big blind) folded before Flop



PokerStars Hand #232505184468:  Hold'em No Limit ($0.01/$0.02 USD) - 2021/12/25 5:34:38 PT [2021/12/25 8:34:38 ET]
Table 'Qinghai III' 9-max Seat #9 is the button
Seat 1: Vorontsov28 ($2.45 in chips) 
Seat 2: pogarnik839 ($1.88 in chips) 
Seat 3: xBasti133 ($0.46 in chips) 
Seat 4: 10 blueberry 10 ($2.18 in chips) 
Seat 5: Brakonyer ($0.83 in chips) 
Seat 6: MrKaplin ($1.61 in chips) 
Seat 7: cr@sh test ($2.02 in chips) 
Seat 9: Dorex2007 ($2.39 in chips) 
Vorontsov28: posts small blind $0.01
pogarnik839: posts big blind $0.02
*** HOLE CARDS ***
Dealt to Dorex2007 [Td Qh]
xBasti133: folds 
10 blueberry 10: folds 
Brakonyer: folds 
MrKaplin: folds 
cr@sh test: folds 
Dorex2007: raises $0.04 to $0.06
Vorontsov28: folds 
pogarnik839: calls $0.04
*** FLOP *** [Qd 6h 9s]
indie_max joins the table at seat #8 
pogarnik839: checks 
Dorex2007: bets $0.09
pogarnik839: calls $0.09
*** TURN *** [Qd 6h 9s] [9d]
pogarnik839: checks 
Dorex2007: checks 
*** RIVER *** [Qd 6h 9s 9d] [2h]
pogarnik839: checks 
Dorex2007: checks 
*** SHOW DOWN ***
pogarnik839: shows [8h 7h] (a pair of Nines)
Dorex2007: shows [Td Qh] (two pair, Queens and Nines)
Dorex2007 collected $0.30 from pot
*** SUMMARY ***
Total pot $0.31 | Rake $0.01 
Board [Qd 6h 9s 9d 2h]
Seat 1: Vorontsov28 (small blind) folded before Flop
Seat 2: pogarnik839 (big blind) showed [8h 7h] and lost with a pair of Nines
Seat 3: xBasti133 folded before Flop (didn't bet)
Seat 4: 10 blueberry 10 folded before Flop (didn't bet)
Seat 5: Brakonyer folded before Flop (didn't bet)
Seat 6: MrKaplin folded before Flop (didn't bet)
Seat 7: cr@sh test folded before Flop (didn't bet)
Seat 9: Dorex2007 (button) showed [Td Qh] and won ($0.30) with two pair, Queens and Nines



PokerStars Hand #232505203411:  Hold'em No Limit ($0.01/$0.02 USD) - 2021/12/25 5:35:24 PT [2021/12/25 8:35:24 ET]
Table 'Qinghai III' 9-max Seat #1 is the button
Seat 1: Vorontsov28 ($2.44 in chips) 
Seat 2: pogarnik839 ($1.73 in chips) 
Seat 3: xBasti133 ($0.46 in chips) 
Seat 4: 10 blueberry 10 ($2.18 in chips) 
Seat 5: Brakonyer ($0.83 in chips) 
Seat 6: MrKaplin ($1.61 in chips) 
Seat 7: cr@sh test ($2.02 in chips) 
Seat 9: Dorex2007 ($2.54 in chips) 
pogarnik839: posts small blind $0.01
xBasti133: posts big blind $0.02
indie_max: sits out 
*** HOLE CARDS ***
Dealt to Dorex2007 [Ac 8c]
10 blueberry 10: folds 
Brakonyer: folds 
MrKaplin: raises $0.03 to $0.05
cr@sh test: folds 
Dorex2007: folds 
Vorontsov28: folds 
pogarnik839: folds 
xBasti133: folds 
Uncalled bet ($0.03) returned to MrKaplin
MrKaplin collected $0.05 from pot
MrKaplin: doesn't show hand 
*** SUMMARY ***
Total pot $0.05 | Rake $0 
Seat 1: Vorontsov28 (button) folded before Flop (didn't bet)
Seat 2: pogarnik839 (small blind) folded before Flop
Seat 3: xBasti133 (big blind) folded before Flop
Seat 4: 10 blueberry 10 folded before Flop (didn't bet)
Seat 5: Brakonyer folded before Flop (didn't bet)
Seat 6: MrKaplin collected ($0.05)
Seat 7: cr@sh test folded before Flop (didn't bet)
Seat 9: Dorex2007 folded before Flop (didn't bet)



PokerStars Hand #232505208836:  Hold'em No Limit ($0.01/$0.02 USD) - 2021/12/25 5:35:43 PT [2021/12/25 8:35:43 ET]
Table 'Qinghai III' 9-max Seat #2 is the button
Seat 1: Vorontsov28 ($2.44 in chips) 
Seat 2: pogarnik839 ($1.72 in chips) 
Seat 3: xBasti133 ($0.44 in chips) 
Seat 4: 10 blueberry 10 ($2.18 in chips) 
Seat 5: Brakonyer ($0.83 in chips) 
Seat 6: MrKaplin ($1.64 in chips) 
Seat 7: cr@sh test ($2.02 in chips) 
Seat 9: Dorex2007 ($2.54 in chips) 
xBasti133: posts small blind $0.01
10 blueberry 10: posts big blind $0.02
indie_max: sits out 
*** HOLE CARDS ***
Dealt to Dorex2007 [9c 6c]
Brakonyer: folds 
MrKaplin: folds 
cr@sh test: folds 
Dorex2007: folds 
Vorontsov28: raises $0.04 to $0.06
pogarnik839: folds 
xBasti133: folds 
10 blueberry 10: folds 
Uncalled bet ($0.04) returned to Vorontsov28
Vorontsov28 collected $0.05 from pot
Vorontsov28: doesn't show hand 
*** SUMMARY ***
Total pot $0.05 | Rake $0 
Seat 1: Vorontsov28 collected ($0.05)
Seat 2: pogarnik839 (button) folded before Flop (didn't bet)
Seat 3: xBasti133 (small blind) folded before Flop
Seat 4: 10 blueberry 10 (big blind) folded before Flop
Seat 5: Brakonyer folded before Flop (didn't bet)
Seat 6: MrKaplin folded before Flop (didn't bet)
Seat 7: cr@sh test folded before Flop (didn't bet)
Seat 9: Dorex2007 folded before Flop (didn't bet)



PokerStars Hand #232505216096:  Hold'em No Limit ($0.01/$0.02 USD) - 2021/12/25 5:36:08 PT [2021/12/25 8:36:08 ET]
Table 'Qinghai III' 9-max Seat #3 is the button
Seat 1: Vorontsov28 ($2.47 in chips) 
Seat 2: pogarnik839 ($1.72 in chips) 
Seat 3: xBasti133 ($0.43 in chips) 
Seat 4: 10 blueberry 10 ($2.16 in chips) 
Seat 5: Brakonyer ($0.83 in chips) 
Seat 6: MrKaplin ($1.64 in chips) 
Seat 7: cr@sh test ($2.02 in chips) 
Seat 9: Dorex2007 ($2.54 in chips) 
10 blueberry 10: posts small blind $0.01
Brakonyer: posts big blind $0.02
indie_max: sits out 
*** HOLE CARDS ***
Dealt to Dorex2007 [2s 4h]
MrKaplin: folds 
cr@sh test: folds 
Dorex2007: folds 
Vorontsov28: raises $0.04 to $0.06
pogarnik839: calls $0.06
xBasti133: folds 
10 blueberry 10: calls $0.05
Brakonyer: folds 
*** FLOP *** [Js Ad 8h]
10 blueberry 10: checks 
Vorontsov28: bets $0.10
pogarnik839: folds 
10 blueberry 10: folds 
Uncalled bet ($0.10) returned to Vorontsov28
Vorontsov28 collected $0.19 from pot
Vorontsov28: doesn't show hand 
*** SUMMARY ***
Total pot $0.20 | Rake $0.01 
Board [Js Ad 8h]
Seat 1: Vorontsov28 collected ($0.19)
Seat 2: pogarnik839 folded on the Flop
Seat 3: xBasti133 (button) folded before Flop (didn't bet)
Seat 4: 10 blueberry 10 (small blind) folded on the Flop
Seat 5: Brakonyer (big blind) folded before Flop
Seat 6: MrKaplin folded before Flop (didn't bet)
Seat 7: cr@sh test folded before Flop (didn't bet)
Seat 9: Dorex2007 folded before Flop (didn't bet)



PokerStars Hand #232505228453:  Hold'em No Limit ($0.01/$0.02 USD) - 2021/12/25 5:36:51 PT [2021/12/25 8:36:51 ET]
Table 'Qinghai III' 9-max Seat #4 is the button
Seat 1: Vorontsov28 ($2.60 in chips) 
Seat 2: pogarnik839 ($1.66 in chips) 
Seat 3: xBasti133 ($0.43 in chips) 
Seat 4: 10 blueberry 10 ($2.10 in chips) 
Seat 5: Brakonyer ($0.81 in chips) 
Seat 6: MrKaplin ($1.64 in chips) 
Seat 7: cr@sh test ($2.02 in chips) 
Seat 9: Dorex2007 ($2.54 in chips) 
Brakonyer: posts small blind $0.01
MrKaplin: posts big blind $0.02
indie_max: sits out 
*** HOLE CARDS ***
Dealt to Dorex2007 [3s Qc]
cr@sh test: folds 
Dorex2007: folds 
Vorontsov28: raises $0.04 to $0.06
pogarnik839: calls $0.06
xBasti133: folds 
10 blueberry 10: calls $0.06
Brakonyer: folds 
MrKaplin: folds 
*** FLOP *** [2h 4h 8s]
Vorontsov28: bets $0.13
pogarnik839: folds 
10 blueberry 10: folds 
Uncalled bet ($0.13) returned to Vorontsov28
Vorontsov28 collected $0.20 from pot
Vorontsov28: doesn't show hand 
*** SUMMARY ***
Total pot $0.21 | Rake $0.01 
Board [2h 4h 8s]
Seat 1: Vorontsov28 collected ($0.20)
Seat 2: pogarnik839 folded on the Flop
Seat 3: xBasti133 folded before Flop (didn't bet)
Seat 4: 10 blueberry 10 (button) folded on the Flop
Seat 5: Brakonyer (small blind) folded before Flop
Seat 6: MrKaplin (big blind) folded before Flop
Seat 7: cr@sh test folded before Flop (didn't bet)
Seat 9: Dorex2007 folded before Flop (didn't bet)



PokerStars Hand #232505237339:  Hold'em No Limit ($0.01/$0.02 USD) - 2021/12/25 5:37:22 PT [2021/12/25 8:37:22 ET]
Table 'Qinghai III' 9-max Seat #5 is the button
Seat 1: Vorontsov28 ($2.74 in chips) 
Seat 2: pogarnik839 ($1.60 in chips) 
Seat 3: xBasti133 ($0.43 in chips) 
Seat 4: 10 blueberry 10 ($2.04 in chips) 
Seat 5: Brakonyer ($0.80 in chips) 
Seat 6: MrKaplin ($1.62 in chips) 
Seat 7: cr@sh test ($2.02 in chips) 
Seat 9: Dorex2007 ($2.54 in chips) 
MrKaplin: posts small blind $0.01
cr@sh test: posts big blind $0.02
indie_max: sits out 
*** HOLE CARDS ***
Dealt to Dorex2007 [8d 7d]
Dorex2007: folds 
Vorontsov28: folds 
pogarnik839: calls $0.02
xBasti133: folds 
10 blueberry 10: folds 
Brakonyer: folds 
MrKaplin: calls $0.01
cr@sh test: checks 
*** FLOP *** [Jh 7s 3h]
MrKaplin: checks 
cr@sh test: checks 
pogarnik839: checks 
*** TURN *** [Jh 7s 3h] [Ad]
MrKaplin: checks 
cr@sh test: checks 
pogarnik839: bets $0.02
MrKaplin: folds 
cr@sh test: calls $0.02
*** RIVER *** [Jh 7s 3h Ad] [5c]
cr@sh test: checks 
pogarnik839: bets $0.05
cr@sh test: folds 
Uncalled bet ($0.05) returned to pogarnik839
pogarnik839 collected $0.10 from pot
pogarnik839: doesn't show hand 
*** SUMMARY ***
Total pot $0.10 | Rake $0 
Board [Jh 7s 3h Ad 5c]
Seat 1: Vorontsov28 folded before Flop (didn't bet)
Seat 2: pogarnik839 collected ($0.10)
Seat 3: xBasti133 folded before Flop (didn't bet)
Seat 4: 10 blueberry 10 folded before Flop (didn't bet)
Seat 5: Brakonyer (button) folded before Flop (didn't bet)
Seat 6: MrKaplin (small blind) folded on the Turn
Seat 7: cr@sh test (big blind) folded on the River
Seat 9: Dorex2007 folded before Flop (didn't bet)



PokerStars Hand #232505266831:  Hold'em No Limit ($0.01/$0.02 USD) - 2021/12/25 5:38:40 PT [2021/12/25 8:38:40 ET]
Table 'Qinghai III' 9-max Seat #6 is the button
Seat 1: Vorontsov28 ($2.74 in chips) 
Seat 2: pogarnik839 ($1.66 in chips) 
Seat 3: xBasti133 ($0.43 in chips) 
Seat 4: 10 blueberry 10 ($2.04 in chips) 
Seat 5: Brakonyer ($0.80 in chips) 
Seat 6: MrKaplin ($1.60 in chips) 
Seat 7: cr@sh test ($2 in chips) 
Seat 8: indie_max ($2 in chips) 
Seat 9: Dorex2007 ($2.54 in chips) 
cr@sh test: posts small blind $0.01
indie_max: posts big blind $0.02
*** HOLE CARDS ***
Dealt to Dorex2007 [Td Jh]
Dorex2007 has timed out
Dorex2007: folds 
Vorontsov28: folds 
pogarnik839: folds 
xBasti133: folds 
10 blueberry 10: folds 
Brakonyer: raises $0.78 to $0.80 and is all-in
MrKaplin: folds 
cr@sh test: folds 
indie_max: folds 
Uncalled bet ($0.78) returned to Brakonyer
Brakonyer collected $0.05 from pot
*** SUMMARY ***
Total pot $0.05 | Rake $0 
Seat 1: Vorontsov28 folded before Flop (didn't bet)
Seat 2: pogarnik839 folded before Flop (didn't bet)
Seat 3: xBasti133 folded before Flop (didn't bet)
Seat 4: 10 blueberry 10 folded before Flop (didn't bet)
Seat 5: Brakonyer collected ($0.05)
Seat 6: MrKaplin (button) folded before Flop (didn't bet)
Seat 7: cr@sh test (small blind) folded before Flop
Seat 8: indie_max (big blind) folded before Flop
Seat 9: Dorex2007 folded before Flop (didn't bet)



PokerStars Hand #232505274195:  Hold'em No Limit ($0.01/$0.02 USD) - 2021/12/25 5:39:06 PT [2021/12/25 8:39:06 ET]
Table 'Qinghai III' 9-max Seat #7 is the button
Seat 1: Vorontsov28 ($2.74 in chips) 
Seat 2: pogarnik839 ($1.66 in chips) 
Seat 3: xBasti133 ($0.43 in chips) 
Seat 4: 10 blueberry 10 ($2.04 in chips) 
Seat 5: Brakonyer ($0.83 in chips) 
Seat 6: MrKaplin ($1.60 in chips) 
Seat 7: cr@sh test ($2 in chips) 
Seat 8: indie_max ($2 in chips) 
Seat 9: Dorex2007 ($2.54 in chips) 
indie_max: posts small blind $0.01
Dorex2007: posts big blind $0.02
*** HOLE CARDS ***
Dealt to Dorex2007 [5s Tc]
Vorontsov28: folds 
pogarnik839: folds 
xBasti133: folds 
10 blueberry 10: folds 
Brakonyer: folds 
MrKaplin: folds 
cr@sh test: raises $0.03 to $0.05
indie_max: folds 
Dorex2007: folds 
Uncalled bet ($0.03) returned to cr@sh test
cr@sh test collected $0.05 from pot
cr@sh test: doesn't show hand 
*** SUMMARY ***
Total pot $0.05 | Rake $0 
Seat 1: Vorontsov28 folded before Flop (didn't bet)
Seat 2: pogarnik839 folded before Flop (didn't bet)
Seat 3: xBasti133 folded before Flop (didn't bet)
Seat 4: 10 blueberry 10 folded before Flop (didn't bet)
Seat 5: Brakonyer folded before Flop (didn't bet)
Seat 6: MrKaplin folded before Flop (didn't bet)
Seat 7: cr@sh test (button) collected ($0.05)
Seat 8: indie_max (small blind) folded before Flop
Seat 9: Dorex2007 (big blind) folded before Flop



PokerStars Hand #232505279095:  Hold'em No Limit ($0.01/$0.02 USD) - 2021/12/25 5:39:22 PT [2021/12/25 8:39:22 ET]
Table 'Qinghai III' 9-max Seat #8 is the button
Seat 2: pogarnik839 ($1.66 in chips) 
Seat 3: xBasti133 ($0.43 in chips) 
Seat 4: 10 blueberry 10 ($2.04 in chips) 
Seat 5: Brakonyer ($0.83 in chips) 
Seat 6: MrKaplin ($1.60 in chips) 
Seat 7: cr@sh test ($2.03 in chips) 
Seat 8: indie_max ($2 in chips) 
Seat 9: Dorex2007 ($2.52 in chips) 
Dorex2007: posts small blind $0.01
Vorontsov28: is sitting out 
pogarnik839: posts big blind $0.02
*** HOLE CARDS ***
Dealt to Dorex2007 [Td 9d]
xBasti133: raises $0.06 to $0.08
10 blueberry 10: folds 
Brakonyer: folds 
MrKaplin: folds 
cr@sh test: folds 
indie_max: folds 
Dorex2007: folds 
pogarnik839: folds 
Uncalled bet ($0.06) returned to xBasti133
xBasti133 collected $0.05 from pot
xBasti133: doesn't show hand 
*** SUMMARY ***
Total pot $0.05 | Rake $0 
Seat 2: pogarnik839 (big blind) folded before Flop
Seat 3: xBasti133 collected ($0.05)
Seat 4: 10 blueberry 10 folded before Flop (didn't bet)
Seat 5: Brakonyer folded before Flop (didn't bet)
Seat 6: MrKaplin folded before Flop (didn't bet)
Seat 7: cr@sh test folded before Flop (didn't bet)
Seat 8: indie_max (button) folded before Flop (didn't bet)
Seat 9: Dorex2007 (small blind) folded before Flop



PokerStars Hand #232505283206:  Hold'em No Limit ($0.01/$0.02 USD) - 2021/12/25 5:39:36 PT [2021/12/25 8:39:36 ET]
Table 'Qinghai III' 9-max Seat #9 is the button
Seat 2: pogarnik839 ($1.64 in chips) 
Seat 3: xBasti133 ($0.46 in chips) 
Seat 4: 10 blueberry 10 ($2.04 in chips) 
Seat 5: Brakonyer ($0.83 in chips) 
Seat 6: MrKaplin ($1.60 in chips) 
Seat 7: cr@sh test ($2.03 in chips) 
Seat 8: indie_max ($2 in chips) 
Seat 9: Dorex2007 ($2.51 in chips) 
pogarnik839: posts small blind $0.01
xBasti133: posts big blind $0.02
*** HOLE CARDS ***
Dealt to Dorex2007 [Jc 7h]
10 blueberry 10: folds 
Brakonyer: folds 
MrKaplin: folds 
cr@sh test: folds 
indie_max: folds 
Dorex2007: folds 
pogarnik839: raises $0.02 to $0.04
xBasti133: folds 
Uncalled bet ($0.02) returned to pogarnik839
pogarnik839 collected $0.04 from pot
pogarnik839: doesn't show hand 
*** SUMMARY ***
Total pot $0.04 | Rake $0 
Seat 2: pogarnik839 (small blind) collected ($0.04)
Seat 3: xBasti133 (big blind) folded before Flop
Seat 4: 10 blueberry 10 folded before Flop (didn't bet)
Seat 5: Brakonyer folded before Flop (didn't bet)
Seat 6: MrKaplin folded before Flop (didn't bet)
Seat 7: cr@sh test folded before Flop (didn't bet)
Seat 8: indie_max folded before Flop (didn't bet)
Seat 9: Dorex2007 (button) folded before Flop (didn't bet)



PokerStars Hand #232505290056:  Hold'em No Limit ($0.01/$0.02 USD) - 2021/12/25 5:39:59 PT [2021/12/25 8:39:59 ET]
Table 'Qinghai III' 9-max Seat #2 is the button
Seat 2: pogarnik839 ($1.66 in chips) 
Seat 3: xBasti133 ($0.44 in chips) 
Seat 4: 10 blueberry 10 ($2.04 in chips) 
Seat 5: Brakonyer ($0.83 in chips) 
Seat 6: MrKaplin ($1.60 in chips) 
Seat 7: cr@sh test ($2.03 in chips) 
Seat 8: indie_max ($2 in chips) 
Seat 9: Dorex2007 ($2.51 in chips) 
xBasti133: posts small blind $0.01
10 blueberry 10: posts big blind $0.02
*** HOLE CARDS ***
Dealt to Dorex2007 [6c 8h]
Brakonyer: folds 
MrKaplin: folds 
cr@sh test: folds 
indie_max: folds 
Dorex2007: folds 
pogarnik839: folds 
pogarnik839 leaves the table
xBasti133: raises $0.04 to $0.06
10 blueberry 10: raises $0.04 to $0.10
xBasti133: raises $0.14 to $0.24
10 blueberry 10: calls $0.14
*** FLOP *** [6d Jc Tc]
xBasti133: bets $0.20 and is all-in
10 blueberry 10: calls $0.20
*** TURN *** [6d Jc Tc] [Qs]
*** RIVER *** [6d Jc Tc Qs] [6s]
*** SHOW DOWN ***
xBasti133: shows [As Js] (two pair, Jacks and Sixes)
10 blueberry 10: shows [Jh Jd] (a full house, Jacks full of Sixes)
10 blueberry 10 collected $0.85 from pot
*** SUMMARY ***
Total pot $0.88 | Rake $0.03 
Board [6d Jc Tc Qs 6s]
Seat 2: pogarnik839 (button) folded before Flop (didn't bet)
Seat 3: xBasti133 (small blind) showed [As Js] and lost with two pair, Jacks and Sixes
Seat 4: 10 blueberry 10 (big blind) showed [Jh Jd] and won ($0.85) with a full house, Jacks full of Sixes
Seat 5: Brakonyer folded before Flop (didn't bet)
Seat 6: MrKaplin folded before Flop (didn't bet)
Seat 7: cr@sh test folded before Flop (didn't bet)
Seat 8: indie_max folded before Flop (didn't bet)
Seat 9: Dorex2007 folded before Flop (didn't bet)



PokerStars Hand #232505301270:  Hold'em No Limit ($0.01/$0.02 USD) - 2021/12/25 5:40:38 PT [2021/12/25 8:40:38 ET]
Table 'Qinghai III' 9-max Seat #4 is the button
Seat 4: 10 blueberry 10 ($2.45 in chips) 
Seat 5: Brakonyer ($0.83 in chips) 
Seat 6: MrKaplin ($1.60 in chips) 
Seat 7: cr@sh test ($2.03 in chips) 
Seat 8: indie_max ($2 in chips) 
Seat 9: Dorex2007 ($2.51 in chips) 
Brakonyer: posts small blind $0.01
MrKaplin: posts big blind $0.02
*** HOLE CARDS ***
Dealt to Dorex2007 [Qc 4c]
cr@sh test: folds 
indie_max: folds 
xBasti133 leaves the table
Dorex2007: folds 
10 blueberry 10: raises $0.05 to $0.07
Brakonyer: calls $0.06
pekka0055 joins the table at seat #2 
MrKaplin: calls $0.05
*** FLOP *** [Qd 5c 6c]
Brakonyer: checks 
MrKaplin: checks 
10 blueberry 10: checks 
*** TURN *** [Qd 5c 6c] [5h]
Brakonyer: bets $0.10
MrKaplin: folds 
10 blueberry 10: folds 
Uncalled bet ($0.10) returned to Brakonyer
Brakonyer collected $0.20 from pot
*** SUMMARY ***
Total pot $0.21 | Rake $0.01 
Board [Qd 5c 6c 5h]
Seat 4: 10 blueberry 10 (button) folded on the Turn
Seat 5: Brakonyer (small blind) collected ($0.20)
Seat 6: MrKaplin (big blind) folded on the Turn
Seat 7: cr@sh test folded before Flop (didn't bet)
Seat 8: indie_max folded before Flop (didn't bet)
Seat 9: Dorex2007 folded before Flop (didn't bet)



PokerStars Hand #232505312401:  Hold'em No Limit ($0.01/$0.02 USD) - 2021/12/25 5:41:16 PT [2021/12/25 8:41:16 ET]
Table 'Qinghai III' 9-max Seat #5 is the button
Seat 4: 10 blueberry 10 ($2.38 in chips) 
Seat 5: Brakonyer ($0.96 in chips) 
Seat 6: MrKaplin ($1.53 in chips) 
Seat 7: cr@sh test ($2.03 in chips) 
Seat 8: indie_max ($2 in chips) 
Seat 9: Dorex2007 ($2.51 in chips) 
MrKaplin: posts small blind $0.01
cr@sh test: posts big blind $0.02
pekka0055: sits out 
*** HOLE CARDS ***
Dealt to Dorex2007 [6c Kh]
indie_max: folds 
Dorex2007: folds 
10 blueberry 10: folds 
Brakonyer: folds 
MrKaplin: raises $0.04 to $0.06
letsplaypoker99 joins the table at seat #3 
cr@sh test: folds 
Uncalled bet ($0.04) returned to MrKaplin
MrKaplin collected $0.04 from pot
MrKaplin: doesn't show hand 
*** SUMMARY ***
Total pot $0.04 | Rake $0 
Seat 4: 10 blueberry 10 folded before Flop (didn't bet)
Seat 5: Brakonyer (button) folded before Flop (didn't bet)
Seat 6: MrKaplin (small blind) collected ($0.04)
Seat 7: cr@sh test (big blind) folded before Flop
Seat 8: indie_max folded before Flop (didn't bet)
Seat 9: Dorex2007 folded before Flop (didn't bet)



PokerStars Hand #232505317455:  Hold'em No Limit ($0.01/$0.02 USD) - 2021/12/25 5:41:34 PT [2021/12/25 8:41:34 ET]
Table 'Qinghai III' 9-max Seat #6 is the button
Seat 4: 10 blueberry 10 ($2.38 in chips) 
Seat 5: Brakonyer ($0.96 in chips) 
Seat 6: MrKaplin ($1.55 in chips) 
Seat 7: cr@sh test ($2.01 in chips) 
Seat 8: indie_max ($2 in chips) 
Seat 9: Dorex2007 ($2.51 in chips) 
cr@sh test: posts small blind $0.01
indie_max: posts big blind $0.02
pekka0055: sits out 
letsplaypoker99: sits out 
*** HOLE CARDS ***
Dealt to Dorex2007 [3d 6c]
Dorex2007: folds 
10 blueberry 10: folds 
Brakonyer: folds 
MrKaplin: raises $0.04 to $0.06
cr@sh test: folds 
indie_max: folds 
Uncalled bet ($0.04) returned to MrKaplin
MrKaplin collected $0.05 from pot
MrKaplin: doesn't show hand 
*** SUMMARY ***
Total pot $0.05 | Rake $0 
Seat 4: 10 blueberry 10 folded before Flop (didn't bet)
Seat 5: Brakonyer folded before Flop (didn't bet)
Seat 6: MrKaplin (button) collected ($0.05)
Seat 7: cr@sh test (small blind) folded before Flop
Seat 8: indie_max (big blind) folded before Flop
Seat 9: Dorex2007 folded before Flop (didn't bet)



PokerStars Hand #232505322052:  Hold'em No Limit ($0.01/$0.02 USD) - 2021/12/25 5:41:49 PT [2021/12/25 8:41:49 ET]
Table 'Qinghai III' 9-max Seat #7 is the button
Seat 3: letsplaypoker99 ($0.90 in chips) 
Seat 4: 10 blueberry 10 ($2.38 in chips) 
Seat 5: Brakonyer ($0.96 in chips) 
Seat 6: MrKaplin ($1.58 in chips) 
Seat 7: cr@sh test ($2 in chips) 
Seat 8: indie_max ($2 in chips) 
Seat 9: Dorex2007 ($2.51 in chips) 
indie_max: posts small blind $0.01
Dorex2007: posts big blind $0.02
pekka0055: sits out 
letsplaypoker99: posts big blind $0.02
*** HOLE CARDS ***
Dealt to Dorex2007 [Ks Th]
letsplaypoker99: checks 
10 blueberry 10: folds 
Brakonyer: folds 
MrKaplin: folds 
cr@sh test: folds 
indie_max: folds 
Dorex2007: raises $0.04 to $0.06
letsplaypoker99: calls $0.04
*** FLOP *** [As 2c Qd]
Dorex2007: bets $0.07
letsplaypoker99: folds 
Uncalled bet ($0.07) returned to Dorex2007
Dorex2007 collected $0.13 from pot
Dorex2007: doesn't show hand 
*** SUMMARY ***
Total pot $0.13 | Rake $0 
Board [As 2c Qd]
Seat 3: letsplaypoker99 folded on the Flop
Seat 4: 10 blueberry 10 folded before Flop (didn't bet)
Seat 5: Brakonyer folded before Flop (didn't bet)
Seat 6: MrKaplin folded before Flop (didn't bet)
Seat 7: cr@sh test (button) folded before Flop (didn't bet)
Seat 8: indie_max (small blind) folded before Flop
Seat 9: Dorex2007 (big blind) collected ($0.13)



PokerStars Hand #232505332391:  Hold'em No Limit ($0.01/$0.02 USD) - 2021/12/25 5:42:24 PT [2021/12/25 8:42:24 ET]
Table 'Qinghai III' 9-max Seat #8 is the button
Seat 2: pekka0055 ($2 in chips) 
Seat 3: letsplaypoker99 ($0.84 in chips) 
Seat 4: 10 blueberry 10 ($2.38 in chips) 
Seat 6: MrKaplin ($1.58 in chips) 
Seat 7: cr@sh test ($2 in chips) 
Seat 8: indie_max ($2 in chips) 
Seat 9: Dorex2007 ($2.58 in chips) 
Dorex2007: posts small blind $0.01
pekka0055: posts big blind $0.02
*** HOLE CARDS ***
Dealt to Dorex2007 [4s 3d]
letsplaypoker99: folds 
10 blueberry 10: raises $0.05 to $0.07
MrKaplin: folds 
cr@sh test: folds 
indie_max: folds 
Dorex2007: folds 
pekka0055: folds 
Uncalled bet ($0.05) returned to 10 blueberry 10
10 blueberry 10 collected $0.05 from pot
10 blueberry 10: doesn't show hand 
*** SUMMARY ***
Total pot $0.05 | Rake $0 
Seat 2: pekka0055 (big blind) folded before Flop
Seat 3: letsplaypoker99 folded before Flop (didn't bet)
Seat 4: 10 blueberry 10 collected ($0.05)
Seat 6: MrKaplin folded before Flop (didn't bet)
Seat 7: cr@sh test folded before Flop (didn't bet)
Seat 8: indie_max (button) folded before Flop (didn't bet)
Seat 9: Dorex2007 (small blind) folded before Flop



PokerStars Hand #232505339155:  Hold'em No Limit ($0.01/$0.02 USD) - 2021/12/25 5:42:47 PT [2021/12/25 8:42:47 ET]
Table 'Qinghai III' 9-max Seat #9 is the button
Seat 2: pekka0055 ($1.98 in chips) 
Seat 3: letsplaypoker99 ($0.84 in chips) 
Seat 4: 10 blueberry 10 ($2.41 in chips) 
Seat 6: MrKaplin ($1.58 in chips) 
Seat 7: cr@sh test ($2 in chips) 
Seat 8: indie_max ($2 in chips) 
Seat 9: Dorex2007 ($2.57 in chips) 
pekka0055: posts small blind $0.01
letsplaypoker99: posts big blind $0.02
*** HOLE CARDS ***
Dealt to Dorex2007 [7h Ks]
10 blueberry 10: folds 
MrKaplin: raises $0.02 to $0.04
cr@sh test: folds 
indie_max: folds 
Dorex2007: folds 
pekka0055: folds 
letsplaypoker99: calls $0.02
*** FLOP *** [Qs As 8s]
letsplaypoker99: checks 
MrKaplin: bets $0.04
letsplaypoker99: calls $0.04
*** TURN *** [Qs As 8s] [6s]
letsplaypoker99: checks 
MrKaplin: checks 
*** RIVER *** [Qs As 8s 6s] [2h]
letsplaypoker99: bets $0.08
MrKaplin: folds 
Uncalled bet ($0.08) returned to letsplaypoker99
letsplaypoker99 collected $0.16 from pot
letsplaypoker99: doesn't show hand 
*** SUMMARY ***
Total pot $0.17 | Rake $0.01 
Board [Qs As 8s 6s 2h]
Seat 2: pekka0055 (small blind) folded before Flop
Seat 3: letsplaypoker99 (big blind) collected ($0.16)
Seat 4: 10 blueberry 10 folded before Flop (didn't bet)
Seat 6: MrKaplin folded on the River
Seat 7: cr@sh test folded before Flop (didn't bet)
Seat 8: indie_max folded before Flop (didn't bet)
Seat 9: Dorex2007 (button) folded before Flop (didn't bet)



PokerStars Hand #232505356529:  Hold'em No Limit ($0.01/$0.02 USD) - 2021/12/25 5:43:46 PT [2021/12/25 8:43:46 ET]
Table 'Qinghai III' 9-max Seat #2 is the button
Seat 2: pekka0055 ($1.97 in chips) 
Seat 3: letsplaypoker99 ($0.92 in chips) 
Seat 6: MrKaplin ($1.50 in chips) 
Seat 7: cr@sh test ($2 in chips) 
Seat 8: indie_max ($2 in chips) 
Seat 9: Dorex2007 ($2.57 in chips) 
letsplaypoker99: posts small blind $0.01
MrKaplin: posts big blind $0.02
*** HOLE CARDS ***
Dealt to Dorex2007 [Kd 6h]
cr@sh test: folds 
indie_max: folds 
Dorex2007: folds 
pekka0055: raises $0.02 to $0.04
letsplaypoker99: folds 
MrKaplin: folds 
Uncalled bet ($0.02) returned to pekka0055
pekka0055 collected $0.05 from pot
pekka0055: doesn't show hand 
*** SUMMARY ***
Total pot $0.05 | Rake $0 
Seat 2: pekka0055 (button) collected ($0.05)
Seat 3: letsplaypoker99 (small blind) folded before Flop
Seat 6: MrKaplin (big blind) folded before Flop
Seat 7: cr@sh test folded before Flop (didn't bet)
Seat 8: indie_max folded before Flop (didn't bet)
Seat 9: Dorex2007 folded before Flop (didn't bet)



PokerStars Hand #232505361083:  Hold'em No Limit ($0.01/$0.02 USD) - 2021/12/25 5:44:02 PT [2021/12/25 8:44:02 ET]
Table 'Qinghai III' 9-max Seat #3 is the button
Seat 2: pekka0055 ($2 in chips) 
Seat 3: letsplaypoker99 ($0.91 in chips) 
Seat 6: MrKaplin ($1.48 in chips) 
Seat 7: cr@sh test ($2 in chips) 
Seat 8: indie_max ($2 in chips) 
Seat 9: Dorex2007 ($2.57 in chips) 
MrKaplin: posts small blind $0.01
cr@sh test: posts big blind $0.02
*** HOLE CARDS ***
Dealt to Dorex2007 [7h Kd]
indie_max: folds 
Dorex2007: folds 
pekka0055: folds 
letsplaypoker99: raises $0.08 to $0.10
MrKaplin: folds 
cr@sh test: folds 
Uncalled bet ($0.08) returned to letsplaypoker99
letsplaypoker99 collected $0.05 from pot
letsplaypoker99: doesn't show hand 
*** SUMMARY ***
Total pot $0.05 | Rake $0 
Seat 2: pekka0055 folded before Flop (didn't bet)
Seat 3: letsplaypoker99 (button) collected ($0.05)
Seat 6: MrKaplin (small blind) folded before Flop
Seat 7: cr@sh test (big blind) folded before Flop
Seat 8: indie_max folded before Flop (didn't bet)
Seat 9: Dorex2007 folded before Flop (didn't bet)



PokerStars Hand #232505366961:  Hold'em No Limit ($0.01/$0.02 USD) - 2021/12/25 5:44:22 PT [2021/12/25 8:44:22 ET]
Table 'Qinghai III' 9-max Seat #6 is the button
Seat 2: pekka0055 ($2 in chips) 
Seat 3: letsplaypoker99 ($0.94 in chips) 
Seat 6: MrKaplin ($1.47 in chips) 
Seat 7: cr@sh test ($2 in chips) 
Seat 8: indie_max ($2 in chips) 
Seat 9: Dorex2007 ($2.57 in chips) 
cr@sh test: posts small blind $0.01
indie_max: posts big blind $0.02
*** HOLE CARDS ***
Dealt to Dorex2007 [9c Qd]
Dorex2007: folds 
pekka0055: folds 
letsplaypoker99: calls $0.02
MrKaplin: folds 
cr@sh test: folds 
indie_max: checks 
*** FLOP *** [8h 7h 2c]
indie_max: checks 
letsplaypoker99: bets $0.06
indie_max: folds 
Uncalled bet ($0.06) returned to letsplaypoker99
letsplaypoker99 collected $0.05 from pot
letsplaypoker99: doesn't show hand 
*** SUMMARY ***
Total pot $0.05 | Rake $0 
Board [8h 7h 2c]
Seat 2: pekka0055 folded before Flop (didn't bet)
Seat 3: letsplaypoker99 collected ($0.05)
Seat 6: MrKaplin (button) folded before Flop (didn't bet)
Seat 7: cr@sh test (small blind) folded before Flop
Seat 8: indie_max (big blind) folded on the Flop
Seat 9: Dorex2007 folded before Flop (didn't bet)



PokerStars Hand #232505373796:  Hold'em No Limit ($0.01/$0.02 USD) - 2021/12/25 5:44:45 PT [2021/12/25 8:44:45 ET]
Table 'Qinghai III' 9-max Seat #7 is the button
Seat 2: pekka0055 ($2 in chips) 
Seat 3: letsplaypoker99 ($0.97 in chips) 
Seat 6: MrKaplin ($1.47 in chips) 
Seat 7: cr@sh test ($2 in chips) 
Seat 8: indie_max ($2 in chips) 
Seat 9: Dorex2007 ($2.57 in chips) 
indie_max: posts small blind $0.01
Dorex2007: posts big blind $0.02
*** HOLE CARDS ***
Dealt to Dorex2007 [Ts Jc]
pekka0055: folds 
letsplaypoker99: raises $0.06 to $0.08
MrKaplin: folds 
cr@sh test: folds 
indie_max: folds 
Dorex2007: folds 
Uncalled bet ($0.06) returned to letsplaypoker99
letsplaypoker99 collected $0.05 from pot
letsplaypoker99: doesn't show hand 
*** SUMMARY ***
Total pot $0.05 | Rake $0 
Seat 2: pekka0055 folded before Flop (didn't bet)
Seat 3: letsplaypoker99 collected ($0.05)
Seat 6: MrKaplin folded before Flop (didn't bet)
Seat 7: cr@sh test (button) folded before Flop (didn't bet)
Seat 8: indie_max (small blind) folded before Flop
Seat 9: Dorex2007 (big blind) folded before Flop



PokerStars Hand #232505379054:  Hold'em No Limit ($0.01/$0.02 USD) - 2021/12/25 5:45:03 PT [2021/12/25 8:45:03 ET]
Table 'Qinghai III' 9-max Seat #8 is the button
Seat 2: pekka0055 ($2 in chips) 
Seat 3: letsplaypoker99 ($1 in chips) 
Seat 6: MrKaplin ($1.47 in chips) 
Seat 7: cr@sh test ($2 in chips) 
Seat 8: indie_max ($2 in chips) 
Seat 9: Dorex2007 ($2.55 in chips) 
Dorex2007: posts small blind $0.01
pekka0055: posts big blind $0.02
*** HOLE CARDS ***
Dealt to Dorex2007 [Qc 5c]
letsplaypoker99: folds 
MrKaplin: folds 
cr@sh test: folds 
indie_max: folds 
letsplaypoker99 leaves the table
Dorex2007: folds 
Uncalled bet ($0.01) returned to pekka0055
pekka0055 collected $0.02 from pot
pekka0055: doesn't show hand 
*** SUMMARY ***
Total pot $0.02 | Rake $0 
Seat 2: pekka0055 (big blind) collected ($0.02)
Seat 3: letsplaypoker99 folded before Flop (didn't bet)
Seat 6: MrKaplin folded before Flop (didn't bet)
Seat 7: cr@sh test folded before Flop (didn't bet)
Seat 8: indie_max (button) folded before Flop (didn't bet)
Seat 9: Dorex2007 (small blind) folded before Flop



PokerStars Hand #232505389647:  Hold'em No Limit ($0.01/$0.02 USD) - 2021/12/25 5:45:39 PT [2021/12/25 8:45:39 ET]
Table 'Qinghai III' 9-max Seat #9 is the button
Seat 2: pekka0055 ($2.01 in chips) 
Seat 5: Brakonyer ($0.96 in chips) 
Seat 6: MrKaplin ($1.47 in chips) 
Seat 7: cr@sh test ($2 in chips) 
Seat 8: indie_max ($2 in chips) 
Seat 9: Dorex2007 ($2.54 in chips) 
pekka0055: posts small blind $0.01
Brakonyer: posts big blind $0.02
*** HOLE CARDS ***
Dealt to Dorex2007 [Tc 6s]
MrKaplin: folds 
cr@sh test: folds 
indie_max: folds 
letsplaypoker99 joins the table at seat #3 
Dorex2007 has timed out
Dorex2007: folds 
pekka0055: calls $0.01
Brakonyer: checks 
*** FLOP *** [9s Qc Ah]
letsplaypoker99 leaves the table
pekka0055: bets $0.02
Brakonyer: folds 
Uncalled bet ($0.02) returned to pekka0055
pekka0055 collected $0.04 from pot
pekka0055: doesn't show hand 
*** SUMMARY ***
Total pot $0.04 | Rake $0 
Board [9s Qc Ah]
Seat 2: pekka0055 (small blind) collected ($0.04)
Seat 5: Brakonyer (big blind) folded on the Flop
Seat 6: MrKaplin folded before Flop (didn't bet)
Seat 7: cr@sh test folded before Flop (didn't bet)
Seat 8: indie_max folded before Flop (didn't bet)
Seat 9: Dorex2007 (button) folded before Flop (didn't bet)



PokerStars Hand #232505400037:  Hold'em No Limit ($0.01/$0.02 USD) - 2021/12/25 5:46:14 PT [2021/12/25 8:46:14 ET]
Table 'Qinghai III' 9-max Seat #2 is the button
Seat 2: pekka0055 ($2.03 in chips) 
Seat 5: Brakonyer ($0.94 in chips) 
Seat 6: MrKaplin ($1.47 in chips) 
Seat 7: cr@sh test ($2 in chips) 
Seat 8: indie_max ($2 in chips) 
Seat 9: Dorex2007 ($2.54 in chips) 
Brakonyer: posts small blind $0.01
MrKaplin: posts big blind $0.02
*** HOLE CARDS ***
Dealt to Dorex2007 [8h 3c]
cr@sh test: folds 
indie_max: folds 
Dorex2007: folds 
pekka0055: folds 
Brakonyer: folds 
Uncalled bet ($0.01) returned to MrKaplin
MrKaplin collected $0.02 from pot
MrKaplin: doesn't show hand 
*** SUMMARY ***
Total pot $0.02 | Rake $0 
Seat 2: pekka0055 (button) folded before Flop (didn't bet)
Seat 5: Brakonyer (small blind) folded before Flop
Seat 6: MrKaplin (big blind) collected ($0.02)
Seat 7: cr@sh test folded before Flop (didn't bet)
Seat 8: indie_max folded before Flop (didn't bet)
Seat 9: Dorex2007 folded before Flop (didn't bet)



PokerStars Hand #232505403434:  Hold'em No Limit ($0.01/$0.02 USD) - 2021/12/25 5:46:26 PT [2021/12/25 8:46:26 ET]
Table 'Qinghai III' 9-max Seat #5 is the button
Seat 2: pekka0055 ($2.03 in chips) 
Seat 5: Brakonyer ($0.93 in chips) 
Seat 6: MrKaplin ($1.48 in chips) 
Seat 7: cr@sh test ($2 in chips) 
Seat 8: indie_max ($2 in chips) 
Seat 9: Dorex2007 ($2.54 in chips) 
MrKaplin: posts small blind $0.01
cr@sh test: posts big blind $0.02
*** HOLE CARDS ***
Dealt to Dorex2007 [Td Qc]
indie_max: folds 
Dorex2007: folds 
pekka0055: folds 
indie_max leaves the table
Brakonyer: raises $0.02 to $0.04
MrKaplin: folds 
Vorontsov28 leaves the table
cr@sh test: folds 
Uncalled bet ($0.02) returned to Brakonyer
Brakonyer collected $0.05 from pot
*** SUMMARY ***
Total pot $0.05 | Rake $0 
Seat 2: pekka0055 folded before Flop (didn't bet)
Seat 5: Brakonyer (button) collected ($0.05)
Seat 6: MrKaplin (small blind) folded before Flop
Seat 7: cr@sh test (big blind) folded before Flop
Seat 8: indie_max folded before Flop (didn't bet)
Seat 9: Dorex2007 folded before Flop (didn't bet)



PokerStars Hand #232505410869:  Hold'em No Limit ($0.01/$0.02 USD) - 2021/12/25 5:46:51 PT [2021/12/25 8:46:51 ET]
Table 'Qinghai III' 9-max Seat #6 is the button
Seat 2: pekka0055 ($2.03 in chips) 
Seat 5: Brakonyer ($0.96 in chips) 
Seat 6: MrKaplin ($1.47 in chips) 
Seat 7: cr@sh test ($2 in chips) 
Seat 9: Dorex2007 ($2.54 in chips) 
cr@sh test: posts small blind $0.01
Dorex2007: posts big blind $0.02
*** HOLE CARDS ***
Dealt to Dorex2007 [6h 5h]
pekka0055: folds 
Brakonyer: folds 
MrKaplin: folds 
cr@sh test: folds 
Uncalled bet ($0.01) returned to Dorex2007
Dorex2007 collected $0.02 from pot
Dorex2007: doesn't show hand 
*** SUMMARY ***
Total pot $0.02 | Rake $0 
Seat 2: pekka0055 folded before Flop (didn't bet)
Seat 5: Brakonyer folded before Flop (didn't bet)
Seat 6: MrKaplin (button) folded before Flop (didn't bet)
Seat 7: cr@sh test (small blind) folded before Flop
Seat 9: Dorex2007 (big blind) collected ($0.02)



PokerStars Hand #232505414472:  Hold'em No Limit ($0.01/$0.02 USD) - 2021/12/25 5:47:03 PT [2021/12/25 8:47:03 ET]
Table 'Qinghai III' 9-max Seat #7 is the button
Seat 2: pekka0055 ($2.03 in chips) 
Seat 5: Brakonyer ($0.96 in chips) 
Seat 6: MrKaplin ($1.47 in chips) 
Seat 7: cr@sh test ($2 in chips) 
Seat 9: Dorex2007 ($2.55 in chips) 
Dorex2007: posts small blind $0.01
pekka0055: posts big blind $0.02
*** HOLE CARDS ***
Dealt to Dorex2007 [8d 3h]
Brakonyer: folds 
MrKaplin: folds 
cr@sh test: folds 
Dorex2007: folds 
Uncalled bet ($0.01) returned to pekka0055
pekka0055 collected $0.02 from pot
pekka0055: doesn't show hand 
*** SUMMARY ***
Total pot $0.02 | Rake $0 
Seat 2: pekka0055 (big blind) collected ($0.02)
Seat 5: Brakonyer folded before Flop (didn't bet)
Seat 6: MrKaplin folded before Flop (didn't bet)
Seat 7: cr@sh test (button) folded before Flop (didn't bet)
Seat 9: Dorex2007 (small blind) folded before Flop



