PokerStars Hand #231606121316:  Hold'em No Limit ($0.01/$0.02 USD) - 2021/11/21 22:22:12 PT [2021/11/22 1:22:12 ET]
Table 'Rauma II' 9-max Seat #7 is the button
Seat 1: Hocigi ($0.43 in chips) 
Seat 2: KemiKings ($2 in chips) 
Seat 3: G3NoRozty ($2 in chips) 
Seat 4: RookieBoyKK ($2.39 in chips) 
Seat 5: rspk4T ($1.82 in chips) 
Seat 6: Dorex2007 ($2 in chips) 
Seat 7: dealembub ($2.71 in chips) 
Seat 8: Teodoross ($4.25 in chips) 
Seat 9: kamaz.48 ($2.98 in chips) 
Teodoross: posts small blind $0.01
kamaz.48: posts big blind $0.02
Dorex2007: posts big blind $0.02
*** HOLE CARDS ***
Dealt to Dorex2007 [Jc Th]
Hocigi: calls $0.02
KemiKings: folds 
G3NoRozty: raises $0.04 to $0.06
RookieBoyKK: folds 
rspk4T: folds 
Dorex2007: folds 
dealembub: calls $0.06
RookieBoyKK leaves the table
Teodoross: calls $0.05
trifluvien joins the table at seat #4 
kamaz.48: folds 
Hocigi: calls $0.04
*** FLOP *** [Qh 7d 9s]
Teodoross: checks 
Hocigi: checks 
G3NoRozty: checks 
dealembub: checks 
*** TURN *** [Qh 7d 9s] [4h]
Teodoross: checks 
Hocigi: checks 
G3NoRozty: checks 
dealembub: checks 
*** RIVER *** [Qh 7d 9s 4h] [7h]
Teodoross: checks 
Hocigi: checks 
G3NoRozty: checks 
dealembub: checks 
*** SHOW DOWN ***
Teodoross: shows [2c 2h] (two pair, Sevens and Deuces)
Hocigi: mucks hand 
G3NoRozty: mucks hand 
dealembub: mucks hand 
Teodoross collected $0.27 from pot
*** SUMMARY ***
Total pot $0.28 | Rake $0.01 
Board [Qh 7d 9s 4h 7h]
Seat 1: Hocigi mucked [Kc 5c]
Seat 2: KemiKings folded before Flop (didn't bet)
Seat 3: G3NoRozty mucked [Ks As]
Seat 4: RookieBoyKK folded before Flop (didn't bet)
Seat 5: rspk4T folded before Flop (didn't bet)
Seat 6: Dorex2007 folded before Flop (didn't bet)
Seat 7: dealembub (button) mucked [Ad Ts]
Seat 8: Teodoross (small blind) showed [2c 2h] and won ($0.27) with two pair, Sevens and Deuces
Seat 9: kamaz.48 (big blind) folded before Flop



PokerStars Hand #231606131922:  Hold'em No Limit ($0.01/$0.02 USD) - 2021/11/21 22:23:13 PT [2021/11/22 1:23:13 ET]
Table 'Rauma II' 9-max Seat #8 is the button
Seat 1: Hocigi ($0.37 in chips) 
Seat 2: KemiKings ($2 in chips) 
Seat 3: G3NoRozty ($1.94 in chips) 
Seat 4: trifluvien ($1.60 in chips) 
Seat 5: rspk4T ($1.82 in chips) 
Seat 6: Dorex2007 ($2 in chips) 
Seat 7: dealembub ($2.65 in chips) 
Seat 8: Teodoross ($4.46 in chips) 
Seat 9: kamaz.48 ($2.96 in chips) 
kamaz.48: posts small blind $0.01
Hocigi: posts big blind $0.02
trifluvien: posts big blind $0.02
*** HOLE CARDS ***
Dealt to Dorex2007 [2c 4c]
KemiKings: folds 
G3NoRozty: folds 
trifluvien: checks 
rspk4T: calls $0.02
Dorex2007: folds 
dealembub: calls $0.02
Teodoross has timed out
Teodoross: folds 
kamaz.48: calls $0.01
Hocigi: checks 
*** FLOP *** [2s Qh Kc]
kamaz.48: checks 
Hocigi: checks 
trifluvien: checks 
rspk4T: bets $0.08
dealembub: folds 
kamaz.48: folds 
Hocigi: calls $0.08
trifluvien: folds 
*** TURN *** [2s Qh Kc] [7h]
Hocigi: checks 
rspk4T: bets $0.04
Hocigi: calls $0.04
*** RIVER *** [2s Qh Kc 7h] [Kd]
Hocigi: bets $0.23 and is all-in
rspk4T: calls $0.23
*** SHOW DOWN ***
Hocigi: shows [Kh 6s] (three of a kind, Kings)
rspk4T: shows [Jh Ks] (three of a kind, Kings - Queen+Jack kicker)
rspk4T collected $0.77 from pot
*** SUMMARY ***
Total pot $0.80 | Rake $0.03 
Board [2s Qh Kc 7h Kd]
Seat 1: Hocigi (big blind) showed [Kh 6s] and lost with three of a kind, Kings
Seat 2: KemiKings folded before Flop (didn't bet)
Seat 3: G3NoRozty folded before Flop (didn't bet)
Seat 4: trifluvien folded on the Flop (didn't bet)
Seat 5: rspk4T showed [Jh Ks] and won ($0.77) with three of a kind, Kings
Seat 6: Dorex2007 folded before Flop (didn't bet)
Seat 7: dealembub folded on the Flop
Seat 8: Teodoross (button) folded before Flop (didn't bet)
Seat 9: kamaz.48 (small blind) folded on the Flop



PokerStars Hand #231606144228:  Hold'em No Limit ($0.01/$0.02 USD) - 2021/11/21 22:24:53 PT [2021/11/22 1:24:53 ET]
Table 'Rauma II' 9-max Seat #9 is the button
Seat 2: KemiKings ($2 in chips) 
Seat 3: G3NoRozty ($1.94 in chips) 
Seat 4: trifluvien ($1.58 in chips) 
Seat 5: rspk4T ($2.22 in chips) 
Seat 6: Dorex2007 ($2 in chips) 
Seat 8: Teodoross ($4.46 in chips) 
Seat 9: kamaz.48 ($2.94 in chips) 
KemiKings: posts small blind $0.01
G3NoRozty: posts big blind $0.02
*** HOLE CARDS ***
Dealt to Dorex2007 [5s 5h]
trifluvien: calls $0.02
rspk4T: calls $0.02
Dorex2007: calls $0.02
Teodoross: folds 
kamaz.48 has timed out
kamaz.48: folds 
KemiKings: calls $0.01
G3NoRozty: checks 
*** FLOP *** [Qh Jh Qc]
KemiKings: checks 
G3NoRozty: checks 
trifluvien: checks 
rspk4T: bets $0.10
Dorex2007: folds 
KemiKings: calls $0.10
G3NoRozty: folds 
trifluvien: folds 
*** TURN *** [Qh Jh Qc] [3s]
KemiKings: checks 
rspk4T: bets $0.04
KemiKings: calls $0.04
*** RIVER *** [Qh Jh Qc 3s] [7s]
KemiKings: bets $0.19
rspk4T: calls $0.19
*** SHOW DOWN ***
KemiKings: shows [Kc Qs] (three of a kind, Queens)
rspk4T: mucks hand 
KemiKings collected $0.73 from pot
*** SUMMARY ***
Total pot $0.76 | Rake $0.03 
Board [Qh Jh Qc 3s 7s]
Seat 2: KemiKings (small blind) showed [Kc Qs] and won ($0.73) with three of a kind, Queens
Seat 3: G3NoRozty (big blind) folded on the Flop
Seat 4: trifluvien folded on the Flop
Seat 5: rspk4T mucked [Jd 2d]
Seat 6: Dorex2007 folded on the Flop
Seat 8: Teodoross folded before Flop (didn't bet)
Seat 9: kamaz.48 (button) folded before Flop (didn't bet)



PokerStars Hand #231606155047:  Hold'em No Limit ($0.01/$0.02 USD) - 2021/11/21 22:26:20 PT [2021/11/22 1:26:20 ET]
Table 'Rauma II' 9-max Seat #2 is the button
Seat 1: Hocigi ($2 in chips) 
Seat 2: KemiKings ($2.38 in chips) 
Seat 3: G3NoRozty ($1.92 in chips) 
Seat 4: trifluvien ($1.56 in chips) 
Seat 5: rspk4T ($1.87 in chips) 
Seat 6: Dorex2007 ($2 in chips) 
Seat 8: Teodoross ($4.46 in chips) 
Seat 9: kamaz.48 ($2.94 in chips) 
G3NoRozty: posts small blind $0.01
trifluvien: posts big blind $0.02
Hocigi: posts small blind $0.01
*** HOLE CARDS ***
Dealt to Dorex2007 [2d Kc]
rspk4T: folds 
Dorex2007: folds 
Teodoross: folds 
kamaz.48: folds 
Hocigi: calls $0.02
KemiKings: folds 
G3NoRozty: folds 
trifluvien: checks 
*** FLOP *** [Jd As 9d]
trifluvien: checks 
Hocigi: checks 
*** TURN *** [Jd As 9d] [7d]
trifluvien: checks 
Hocigi: checks 
*** RIVER *** [Jd As 9d 7d] [8s]
trifluvien: bets $0.03
Hocigi: folds 
Uncalled bet ($0.03) returned to trifluvien
trifluvien collected $0.06 from pot
trifluvien: doesn't show hand 
*** SUMMARY ***
Total pot $0.06 | Rake $0 
Board [Jd As 9d 7d 8s]
Seat 1: Hocigi folded on the River
Seat 2: KemiKings (button) folded before Flop (didn't bet)
Seat 3: G3NoRozty (small blind) folded before Flop
Seat 4: trifluvien (big blind) collected ($0.06)
Seat 5: rspk4T folded before Flop (didn't bet)
Seat 6: Dorex2007 folded before Flop (didn't bet)
Seat 8: Teodoross folded before Flop (didn't bet)
Seat 9: kamaz.48 folded before Flop (didn't bet)



PokerStars Hand #231606158746:  Hold'em No Limit ($0.01/$0.02 USD) - 2021/11/21 22:26:49 PT [2021/11/22 1:26:49 ET]
Table 'Rauma II' 9-max Seat #3 is the button
Seat 1: Hocigi ($1.97 in chips) 
Seat 2: KemiKings ($2.38 in chips) 
Seat 3: G3NoRozty ($1.91 in chips) 
Seat 4: trifluvien ($1.60 in chips) 
Seat 5: rspk4T ($1.87 in chips) 
Seat 6: Dorex2007 ($2 in chips) 
Seat 8: Teodoross ($4.46 in chips) 
Seat 9: kamaz.48 ($2.94 in chips) 
trifluvien: posts small blind $0.01
rspk4T: posts big blind $0.02
*** HOLE CARDS ***
Dealt to Dorex2007 [3d 5c]
Dorex2007: folds 
Teodoross has timed out
Teodoross: folds 
kamaz.48: folds 
Hocigi: calls $0.02
KemiKings: calls $0.02
G3NoRozty: folds 
trifluvien: folds 
rspk4T: checks 
*** FLOP *** [8d Jd 6s]
rspk4T: checks 
Hocigi: bets $0.08
KemiKings: folds 
rspk4T: folds 
Uncalled bet ($0.08) returned to Hocigi
Hocigi collected $0.07 from pot
Hocigi: doesn't show hand 
*** SUMMARY ***
Total pot $0.07 | Rake $0 
Board [8d Jd 6s]
Seat 1: Hocigi collected ($0.07)
Seat 2: KemiKings folded on the Flop
Seat 3: G3NoRozty (button) folded before Flop (didn't bet)
Seat 4: trifluvien (small blind) folded before Flop
Seat 5: rspk4T (big blind) folded on the Flop
Seat 6: Dorex2007 folded before Flop (didn't bet)
Seat 8: Teodoross folded before Flop (didn't bet)
Seat 9: kamaz.48 folded before Flop (didn't bet)



PokerStars Hand #231606171629:  Hold'em No Limit ($0.01/$0.02 USD) - 2021/11/21 22:27:42 PT [2021/11/22 1:27:42 ET]
Table 'Rauma II' 9-max Seat #4 is the button
Seat 1: Hocigi ($2.02 in chips) 
Seat 2: KemiKings ($2.36 in chips) 
Seat 3: G3NoRozty ($2 in chips) 
Seat 4: trifluvien ($1.59 in chips) 
Seat 5: rspk4T ($1.85 in chips) 
Seat 6: Dorex2007 ($2 in chips) 
Seat 8: Teodoross ($4.46 in chips) 
Seat 9: kamaz.48 ($2.94 in chips) 
rspk4T: posts small blind $0.01
Dorex2007: posts big blind $0.02
*** HOLE CARDS ***
Dealt to Dorex2007 [9h Qs]
dealembub leaves the table
Teodoross has timed out
Teodoross: folds 
kamaz.48: folds 
Hocigi: calls $0.02
KemiKings: folds 
G3NoRozty: folds 
trifluvien: folds 
rspk4T: folds 
Dorex2007: checks 
*** FLOP *** [Ad 3c Qd]
Dorex2007: checks 
Hocigi: checks 
*** TURN *** [Ad 3c Qd] [Th]
Mister Jelly joins the table at seat #7 
Dorex2007: bets $0.03
Hocigi: folds 
Uncalled bet ($0.03) returned to Dorex2007
Dorex2007 collected $0.05 from pot
Dorex2007: doesn't show hand 
*** SUMMARY ***
Total pot $0.05 | Rake $0 
Board [Ad 3c Qd Th]
Seat 1: Hocigi folded on the Turn
Seat 2: KemiKings folded before Flop (didn't bet)
Seat 3: G3NoRozty folded before Flop (didn't bet)
Seat 4: trifluvien (button) folded before Flop (didn't bet)
Seat 5: rspk4T (small blind) folded before Flop
Seat 6: Dorex2007 (big blind) collected ($0.05)
Seat 8: Teodoross folded before Flop (didn't bet)
Seat 9: kamaz.48 folded before Flop (didn't bet)



PokerStars Hand #231606176723:  Hold'em No Limit ($0.01/$0.02 USD) - 2021/11/21 22:28:24 PT [2021/11/22 1:28:24 ET]
Table 'Rauma II' 9-max Seat #5 is the button
Seat 1: Hocigi ($2 in chips) 
Seat 2: KemiKings ($2.36 in chips) 
Seat 3: G3NoRozty ($2 in chips) 
Seat 4: trifluvien ($1.59 in chips) 
Seat 5: rspk4T ($1.84 in chips) 
Seat 6: Dorex2007 ($2.03 in chips) 
Seat 7: Mister Jelly ($2 in chips) 
Seat 8: Teodoross ($4.46 in chips) 
Seat 9: kamaz.48 ($2.94 in chips) 
Dorex2007: posts small blind $0.01
Mister Jelly: posts big blind $0.02
*** HOLE CARDS ***
Dealt to Dorex2007 [4s 3d]
Teodoross: folds 
kamaz.48: folds 
Hocigi: calls $0.02
KemiKings: folds 
G3NoRozty: folds 
trifluvien: raises $0.02 to $0.04
rspk4T: calls $0.04
Dorex2007: folds 
Mister Jelly: calls $0.02
Hocigi: calls $0.02
*** FLOP *** [Ts Kc Qc]
Mister Jelly: checks 
Hocigi: bets $0.06
trifluvien: calls $0.06
rspk4T: calls $0.06
Mister Jelly: folds 
*** TURN *** [Ts Kc Qc] [Kh]
Hocigi: bets $0.18
trifluvien: calls $0.18
rspk4T: folds 
*** RIVER *** [Ts Kc Qc Kh] [7d]
Hocigi: checks 
trifluvien: checks 
*** SHOW DOWN ***
Hocigi: shows [Qh Td] (two pair, Kings and Queens)
trifluvien: mucks hand 
Hocigi collected $0.69 from pot
*** SUMMARY ***
Total pot $0.71 | Rake $0.02 
Board [Ts Kc Qc Kh 7d]
Seat 1: Hocigi showed [Qh Td] and won ($0.69) with two pair, Kings and Queens
Seat 2: KemiKings folded before Flop (didn't bet)
Seat 3: G3NoRozty folded before Flop (didn't bet)
Seat 4: trifluvien mucked [8s Jc]
Seat 5: rspk4T (button) folded on the Turn
Seat 6: Dorex2007 (small blind) folded before Flop
Seat 7: Mister Jelly (big blind) folded on the Flop
Seat 8: Teodoross folded before Flop (didn't bet)
Seat 9: kamaz.48 folded before Flop (didn't bet)



PokerStars Hand #231606186916:  Hold'em No Limit ($0.01/$0.02 USD) - 2021/11/21 22:29:47 PT [2021/11/22 1:29:47 ET]
Table 'Rauma II' 9-max Seat #6 is the button
Seat 1: Hocigi ($2.41 in chips) 
Seat 2: KemiKings ($2.36 in chips) 
Seat 3: G3NoRozty ($2 in chips) 
Seat 4: trifluvien ($1.31 in chips) 
Seat 5: rspk4T ($1.74 in chips) 
Seat 6: Dorex2007 ($2.02 in chips) 
Seat 7: Mister Jelly ($1.96 in chips) 
Seat 8: Teodoross ($4.46 in chips) 
Mister Jelly: posts small blind $0.01
Teodoross: posts big blind $0.02
*** HOLE CARDS ***
Dealt to Dorex2007 [Jc 4h]
Hocigi: calls $0.02
KemiKings: folds 
G3NoRozty: folds 
trifluvien: folds 
rspk4T: calls $0.02
Dorex2007: folds 
Mister Jelly: folds 
Teodoross: checks 
*** FLOP *** [8h Jd Qs]
Teodoross: checks 
Hocigi: checks 
rspk4T: bets $0.06
Teodoross: folds 
Hocigi: folds 
Uncalled bet ($0.06) returned to rspk4T
rspk4T collected $0.07 from pot
rspk4T: doesn't show hand 
*** SUMMARY ***
Total pot $0.07 | Rake $0 
Board [8h Jd Qs]
Seat 1: Hocigi folded on the Flop
Seat 2: KemiKings folded before Flop (didn't bet)
Seat 3: G3NoRozty folded before Flop (didn't bet)
Seat 4: trifluvien folded before Flop (didn't bet)
Seat 5: rspk4T collected ($0.07)
Seat 6: Dorex2007 (button) folded before Flop (didn't bet)
Seat 7: Mister Jelly (small blind) folded before Flop
Seat 8: Teodoross (big blind) folded on the Flop



PokerStars Hand #231606191815:  Hold'em No Limit ($0.01/$0.02 USD) - 2021/11/21 22:30:26 PT [2021/11/22 1:30:26 ET]
Table 'Rauma II' 9-max Seat #7 is the button
Seat 1: Hocigi ($2.39 in chips) 
Seat 2: KemiKings ($2.36 in chips) 
Seat 3: G3NoRozty ($2 in chips) 
Seat 4: trifluvien ($1.31 in chips) 
Seat 5: rspk4T ($1.79 in chips) 
Seat 6: Dorex2007 ($2.02 in chips) 
Seat 7: Mister Jelly ($1.95 in chips) 
Seat 8: Teodoross ($4.44 in chips) 
Teodoross: posts small blind $0.01
Hocigi: posts big blind $0.02
*** HOLE CARDS ***
Dealt to Dorex2007 [Ks 5h]
KemiKings: folds 
G3NoRozty: folds 
trifluvien: raises $0.02 to $0.04
rspk4T: folds 
Dorex2007: folds 
Mister Jelly: folds 
Teodoross: folds 
Hocigi: calls $0.02
*** FLOP *** [8d Jh 6d]
Hocigi: checks 
trifluvien: bets $0.06
Hocigi: calls $0.06
*** TURN *** [8d Jh 6d] [6c]
Hocigi: checks 
trifluvien: bets $0.12
Hocigi: calls $0.12
*** RIVER *** [8d Jh 6d 6c] [Ah]
Hocigi: bets $0.26
trifluvien: calls $0.26
*** SHOW DOWN ***
Hocigi: shows [Qs 6h] (three of a kind, Sixes)
trifluvien: mucks hand 
Hocigi collected $0.94 from pot
*** SUMMARY ***
Total pot $0.97 | Rake $0.03 
Board [8d Jh 6d 6c Ah]
Seat 1: Hocigi (big blind) showed [Qs 6h] and won ($0.94) with three of a kind, Sixes
Seat 2: KemiKings folded before Flop (didn't bet)
Seat 3: G3NoRozty folded before Flop (didn't bet)
Seat 4: trifluvien mucked [Ad 5d]
Seat 5: rspk4T folded before Flop (didn't bet)
Seat 6: Dorex2007 folded before Flop (didn't bet)
Seat 7: Mister Jelly (button) folded before Flop (didn't bet)
Seat 8: Teodoross (small blind) folded before Flop



PokerStars Hand #231606199619:  Hold'em No Limit ($0.01/$0.02 USD) - 2021/11/21 22:31:29 PT [2021/11/22 1:31:29 ET]
Table 'Rauma II' 9-max Seat #8 is the button
Seat 1: Hocigi ($2.85 in chips) 
Seat 2: KemiKings ($2.36 in chips) 
Seat 3: G3NoRozty ($2 in chips) 
Seat 4: trifluvien ($0.83 in chips) 
Seat 6: Dorex2007 ($2.02 in chips) 
Seat 7: Mister Jelly ($1.95 in chips) 
Seat 8: Teodoross ($4.43 in chips) 
Hocigi: posts small blind $0.01
KemiKings: posts big blind $0.02
*** HOLE CARDS ***
Dealt to Dorex2007 [8s Qc]
G3NoRozty: folds 
trifluvien: folds 
Dorex2007: folds 
Mister Jelly: folds 
Teodoross: raises $0.04 to $0.06
Hocigi: calls $0.05
KemiKings: calls $0.04
*** FLOP *** [Kc Jh 6d]
Hocigi: checks 
KemiKings: checks 
Teodoross: bets $0.10
Hocigi: calls $0.10
KemiKings: folds 
*** TURN *** [Kc Jh 6d] [4d]
Hocigi: checks 
Teodoross: checks 
*** RIVER *** [Kc Jh 6d 4d] [Jd]
Hocigi: checks 
Teodoross: checks 
*** SHOW DOWN ***
Hocigi: shows [Qd As] (a pair of Jacks)
Teodoross: shows [2d 5d] (a flush, Jack high)
Teodoross collected $0.37 from pot
*** SUMMARY ***
Total pot $0.38 | Rake $0.01 
Board [Kc Jh 6d 4d Jd]
Seat 1: Hocigi (small blind) showed [Qd As] and lost with a pair of Jacks
Seat 2: KemiKings (big blind) folded on the Flop
Seat 3: G3NoRozty folded before Flop (didn't bet)
Seat 4: trifluvien folded before Flop (didn't bet)
Seat 6: Dorex2007 folded before Flop (didn't bet)
Seat 7: Mister Jelly folded before Flop (didn't bet)
Seat 8: Teodoross (button) showed [2d 5d] and won ($0.37) with a flush, Jack high



PokerStars Hand #231606206458:  Hold'em No Limit ($0.01/$0.02 USD) - 2021/11/21 22:32:23 PT [2021/11/22 1:32:23 ET]
Table 'Rauma II' 9-max Seat #1 is the button
Seat 1: Hocigi ($2.69 in chips) 
Seat 2: KemiKings ($2.30 in chips) 
Seat 3: G3NoRozty ($2 in chips) 
Seat 4: trifluvien ($0.83 in chips) 
Seat 5: rspk4T ($1.79 in chips) 
Seat 6: Dorex2007 ($2.02 in chips) 
Seat 7: Mister Jelly ($1.95 in chips) 
Seat 8: Teodoross ($4.64 in chips) 
KemiKings: posts small blind $0.01
G3NoRozty: posts big blind $0.02
*** HOLE CARDS ***
Dealt to Dorex2007 [4h Jd]
trifluvien: raises $0.04 to $0.06
rspk4T: folds 
Dorex2007: folds 
Mister Jelly: folds 
Teodoross: folds 
Hocigi: calls $0.06
KemiKings: folds 
G3NoRozty: folds 
*** FLOP *** [9c Qd 4d]
trifluvien: checks 
Hocigi: checks 
*** TURN *** [9c Qd 4d] [4c]
trifluvien: checks 
Hocigi: checks 
*** RIVER *** [9c Qd 4d 4c] [Qh]
trifluvien: checks 
Hocigi: checks 
*** SHOW DOWN ***
trifluvien: shows [Ac Th] (two pair, Queens and Fours)
Hocigi: mucks hand 
trifluvien collected $0.14 from pot
*** SUMMARY ***
Total pot $0.15 | Rake $0.01 
Board [9c Qd 4d 4c Qh]
Seat 1: Hocigi (button) mucked [Kd 8c]
Seat 2: KemiKings (small blind) folded before Flop
Seat 3: G3NoRozty (big blind) folded before Flop
Seat 4: trifluvien showed [Ac Th] and won ($0.14) with two pair, Queens and Fours
Seat 5: rspk4T folded before Flop (didn't bet)
Seat 6: Dorex2007 folded before Flop (didn't bet)
Seat 7: Mister Jelly folded before Flop (didn't bet)
Seat 8: Teodoross folded before Flop (didn't bet)



PokerStars Hand #231606214305:  Hold'em No Limit ($0.01/$0.02 USD) - 2021/11/21 22:33:24 PT [2021/11/22 1:33:24 ET]
Table 'Rauma II' 9-max Seat #2 is the button
Seat 1: Hocigi ($2.63 in chips) 
Seat 2: KemiKings ($2.29 in chips) 
Seat 3: G3NoRozty ($1.98 in chips) 
Seat 4: trifluvien ($0.91 in chips) 
Seat 5: rspk4T ($1.79 in chips) 
Seat 6: Dorex2007 ($2.02 in chips) 
Seat 7: Mister Jelly ($1.95 in chips) 
Seat 8: Teodoross ($4.64 in chips) 
G3NoRozty: posts small blind $0.01
trifluvien: posts big blind $0.02
*** HOLE CARDS ***
Dealt to Dorex2007 [Kh 2s]
rspk4T: folds 
Dorex2007: folds 
Mister Jelly: raises $0.04 to $0.06
Teodoross: folds 
Hocigi: calls $0.06
KemiKings: folds 
G3NoRozty: folds 
trifluvien: folds 
*** FLOP *** [3d 6s 5d]
Mister Jelly: checks 
Hocigi: bets $0.06
Mister Jelly: calls $0.06
*** TURN *** [3d 6s 5d] [5c]
Mister Jelly: checks 
Hocigi: checks 
*** RIVER *** [3d 6s 5d 5c] [7c]
Mister Jelly: checks 
Hocigi: bets $0.14
Mister Jelly: raises $0.33 to $0.47
Hocigi: folds 
Uncalled bet ($0.33) returned to Mister Jelly
Mister Jelly collected $0.53 from pot
Mister Jelly: doesn't show hand 
*** SUMMARY ***
Total pot $0.55 | Rake $0.02 
Board [3d 6s 5d 5c 7c]
Seat 1: Hocigi folded on the River
Seat 2: KemiKings (button) folded before Flop (didn't bet)
Seat 3: G3NoRozty (small blind) folded before Flop
Seat 4: trifluvien (big blind) folded before Flop
Seat 5: rspk4T folded before Flop (didn't bet)
Seat 6: Dorex2007 folded before Flop (didn't bet)
Seat 7: Mister Jelly collected ($0.53)
Seat 8: Teodoross folded before Flop (didn't bet)



PokerStars Hand #231606220822:  Hold'em No Limit ($0.01/$0.02 USD) - 2021/11/21 22:34:16 PT [2021/11/22 1:34:16 ET]
Table 'Rauma II' 9-max Seat #3 is the button
Seat 1: Hocigi ($2.37 in chips) 
Seat 2: KemiKings ($2.29 in chips) 
Seat 3: G3NoRozty ($1.97 in chips) 
Seat 4: trifluvien ($0.89 in chips) 
Seat 5: rspk4T ($1.79 in chips) 
Seat 6: Dorex2007 ($2.02 in chips) 
Seat 7: Mister Jelly ($2.22 in chips) 
Seat 8: Teodoross ($4.64 in chips) 
trifluvien: posts small blind $0.01
rspk4T: posts big blind $0.02
*** HOLE CARDS ***
Dealt to Dorex2007 [Jc Th]
Dorex2007: folds 
Mister Jelly: folds 
Teodoross: folds 
Hocigi: calls $0.02
KemiKings: folds 
G3NoRozty: calls $0.02
trifluvien: raises $0.02 to $0.04
rspk4T: folds 
Hocigi: calls $0.02
G3NoRozty: calls $0.02
*** FLOP *** [Js 8d 7d]
trifluvien: bets $0.07
Hocigi: calls $0.07
G3NoRozty: folds 
*** TURN *** [Js 8d 7d] [Ah]
trifluvien: checks 
Hocigi: checks 
*** RIVER *** [Js 8d 7d Ah] [Jd]
trifluvien: checks 
Hocigi: bets $0.14
trifluvien: folds 
Uncalled bet ($0.14) returned to Hocigi
Hocigi collected $0.27 from pot
Hocigi: doesn't show hand 
*** SUMMARY ***
Total pot $0.28 | Rake $0.01 
Board [Js 8d 7d Ah Jd]
Seat 1: Hocigi collected ($0.27)
Seat 2: KemiKings folded before Flop (didn't bet)
Seat 3: G3NoRozty (button) folded on the Flop
Seat 4: trifluvien (small blind) folded on the River
Seat 5: rspk4T (big blind) folded before Flop
Seat 6: Dorex2007 folded before Flop (didn't bet)
Seat 7: Mister Jelly folded before Flop (didn't bet)
Seat 8: Teodoross folded before Flop (didn't bet)



PokerStars Hand #231606227323:  Hold'em No Limit ($0.01/$0.02 USD) - 2021/11/21 22:35:08 PT [2021/11/22 1:35:08 ET]
Table 'Rauma II' 9-max Seat #4 is the button
Seat 1: Hocigi ($2.53 in chips) 
Seat 2: KemiKings ($2.29 in chips) 
Seat 3: G3NoRozty ($1.93 in chips) 
Seat 4: trifluvien ($0.78 in chips) 
Seat 5: rspk4T ($1.77 in chips) 
Seat 6: Dorex2007 ($2.02 in chips) 
Seat 7: Mister Jelly ($2.22 in chips) 
Seat 8: Teodoross ($4.64 in chips) 
rspk4T: posts small blind $0.01
Dorex2007: posts big blind $0.02
*** HOLE CARDS ***
Dealt to Dorex2007 [3c Tc]
Mister Jelly: folds 
Teodoross: folds 
Hocigi: calls $0.02
KemiKings: folds 
G3NoRozty: folds 
trifluvien: calls $0.02
rspk4T: folds 
Dorex2007: checks 
*** FLOP *** [6h Ac 7d]
Dorex2007: checks 
Hocigi: checks 
trifluvien: bets $0.03
Dorex2007: folds 
Hocigi: calls $0.03
*** TURN *** [6h Ac 7d] [9s]
Hocigi: bets $0.04
trifluvien: calls $0.04
*** RIVER *** [6h Ac 7d 9s] [4h]
Hocigi: bets $0.28
trifluvien: folds 
Uncalled bet ($0.28) returned to Hocigi
Hocigi collected $0.20 from pot
Hocigi: doesn't show hand 
*** SUMMARY ***
Total pot $0.21 | Rake $0.01 
Board [6h Ac 7d 9s 4h]
Seat 1: Hocigi collected ($0.20)
Seat 2: KemiKings folded before Flop (didn't bet)
Seat 3: G3NoRozty folded before Flop (didn't bet)
Seat 4: trifluvien (button) folded on the River
Seat 5: rspk4T (small blind) folded before Flop
Seat 6: Dorex2007 (big blind) folded on the Flop
Seat 7: Mister Jelly folded before Flop (didn't bet)
Seat 8: Teodoross folded before Flop (didn't bet)



PokerStars Hand #231606234558:  Hold'em No Limit ($0.01/$0.02 USD) - 2021/11/21 22:36:05 PT [2021/11/22 1:36:05 ET]
Table 'Rauma II' 9-max Seat #5 is the button
Seat 1: Hocigi ($2.64 in chips) 
Seat 2: KemiKings ($2.29 in chips) 
Seat 3: G3NoRozty ($1.93 in chips) 
Seat 4: trifluvien ($0.69 in chips) 
Seat 5: rspk4T ($1.76 in chips) 
Seat 6: Dorex2007 ($2 in chips) 
Seat 7: Mister Jelly ($2.22 in chips) 
Seat 8: Teodoross ($4.64 in chips) 
Dorex2007: posts small blind $0.01
Mister Jelly: posts big blind $0.02
*** HOLE CARDS ***
Dealt to Dorex2007 [2c 7d]
Teodoross: folds 
Hocigi: calls $0.02
KemiKings: folds 
G3NoRozty: folds 
trifluvien: raises $0.04 to $0.06
rspk4T: raises $0.04 to $0.10
Dorex2007: folds 
Mister Jelly: folds 
Hocigi: calls $0.08
trifluvien: calls $0.04
*** FLOP *** [9h 4c 6s]
Mister Jelly leaves the table
alexahk joins the table at seat #7 
Hocigi: checks 
trifluvien: checks 
rspk4T: bets $0.16
Hocigi: folds 
trifluvien: folds 
Uncalled bet ($0.16) returned to rspk4T
rspk4T collected $0.32 from pot
rspk4T: doesn't show hand 
*** SUMMARY ***
Total pot $0.33 | Rake $0.01 
Board [9h 4c 6s]
Seat 1: Hocigi folded on the Flop
Seat 2: KemiKings folded before Flop (didn't bet)
Seat 3: G3NoRozty folded before Flop (didn't bet)
Seat 4: trifluvien folded on the Flop
Seat 5: rspk4T (button) collected ($0.32)
Seat 6: Dorex2007 (small blind) folded before Flop
Seat 7: Mister Jelly (big blind) folded before Flop
Seat 8: Teodoross folded before Flop (didn't bet)



PokerStars Hand #231606246008:  Hold'em No Limit ($0.01/$0.02 USD) - 2021/11/21 22:37:36 PT [2021/11/22 1:37:36 ET]
Table 'Rauma II' 9-max Seat #6 is the button
Seat 1: Hocigi ($2.54 in chips) 
Seat 2: KemiKings ($2.29 in chips) 
Seat 3: G3NoRozty ($1.93 in chips) 
Seat 4: trifluvien ($0.59 in chips) 
Seat 5: rspk4T ($1.98 in chips) 
Seat 6: Dorex2007 ($2 in chips) 
Seat 8: Teodoross ($4.64 in chips) 
Teodoross: posts small blind $0.01
Hocigi: posts big blind $0.02
*** HOLE CARDS ***
Dealt to Dorex2007 [9d 7s]
KemiKings: folds 
G3NoRozty: folds 
trifluvien: folds 
rspk4T: calls $0.02
Dorex2007: folds 
Teodoross: calls $0.01
Hocigi: checks 
*** FLOP *** [Ac 9c As]
Teodoross: checks 
Hocigi: checks 
rspk4T: bets $0.02
Teodoross: folds 
Hocigi: calls $0.02
*** TURN *** [Ac 9c As] [3d]
Hocigi: checks 
rspk4T: bets $0.02
Hocigi: calls $0.02
*** RIVER *** [Ac 9c As 3d] [Qs]
Hocigi: checks 
rspk4T: bets $0.02
Hocigi: folds 
Uncalled bet ($0.02) returned to rspk4T
rspk4T collected $0.14 from pot
rspk4T: doesn't show hand 
*** SUMMARY ***
Total pot $0.14 | Rake $0 
Board [Ac 9c As 3d Qs]
Seat 1: Hocigi (big blind) folded on the River
Seat 2: KemiKings folded before Flop (didn't bet)
Seat 3: G3NoRozty folded before Flop (didn't bet)
Seat 4: trifluvien folded before Flop (didn't bet)
Seat 5: rspk4T collected ($0.14)
Seat 6: Dorex2007 (button) folded before Flop (didn't bet)
Seat 8: Teodoross (small blind) folded on the Flop



PokerStars Hand #231606253534:  Hold'em No Limit ($0.01/$0.02 USD) - 2021/11/21 22:38:35 PT [2021/11/22 1:38:35 ET]
Table 'Rauma II' 9-max Seat #8 is the button
Seat 1: Hocigi ($2.48 in chips) 
Seat 2: KemiKings ($2.29 in chips) 
Seat 3: G3NoRozty ($1.93 in chips) 
Seat 4: trifluvien ($0.59 in chips) 
Seat 5: rspk4T ($2.06 in chips) 
Seat 6: Dorex2007 ($2 in chips) 
Seat 8: Teodoross ($4.62 in chips) 
Hocigi: posts small blind $0.01
KemiKings: posts big blind $0.02
alexahk: sits out 
*** HOLE CARDS ***
Dealt to Dorex2007 [Tc 8d]
G3NoRozty has timed out
G3NoRozty: folds 
trifluvien: folds 
rspk4T: folds 
Dorex2007: folds 
Teodoross: folds 
Hocigi: calls $0.01
KemiKings: checks 
*** FLOP *** [5h 7h Jh]
Hocigi: checks 
KemiKings: checks 
*** TURN *** [5h 7h Jh] [Jc]
Hocigi: checks 
KemiKings: checks 
*** RIVER *** [5h 7h Jh Jc] [4h]
Hocigi: checks 
KemiKings: checks 
*** SHOW DOWN ***
Hocigi: shows [5d 2h] (a flush, Jack high)
KemiKings: mucks hand 
Hocigi collected $0.04 from pot
*** SUMMARY ***
Total pot $0.04 | Rake $0 
Board [5h 7h Jh Jc 4h]
Seat 1: Hocigi (small blind) showed [5d 2h] and won ($0.04) with a flush, Jack high
Seat 2: KemiKings (big blind) mucked [4s 6d]
Seat 3: G3NoRozty folded before Flop (didn't bet)
Seat 4: trifluvien folded before Flop (didn't bet)
Seat 5: rspk4T folded before Flop (didn't bet)
Seat 6: Dorex2007 folded before Flop (didn't bet)
Seat 8: Teodoross (button) folded before Flop (didn't bet)



PokerStars Hand #231606258427:  Hold'em No Limit ($0.01/$0.02 USD) - 2021/11/21 22:39:14 PT [2021/11/22 1:39:14 ET]
Table 'Rauma II' 9-max Seat #1 is the button
Seat 1: Hocigi ($2.50 in chips) 
Seat 2: KemiKings ($2.27 in chips) 
Seat 4: trifluvien ($0.59 in chips) 
Seat 5: rspk4T ($2.06 in chips) 
Seat 6: Dorex2007 ($2 in chips) 
Seat 8: Teodoross ($4.62 in chips) 
KemiKings: posts small blind $0.01
trifluvien: posts big blind $0.02
alexahk: sits out 
*** HOLE CARDS ***
Dealt to Dorex2007 [7d 5d]
rspk4T: calls $0.02
Dorex2007: folds 
Teodoross: folds 
Hocigi: calls $0.02
KemiKings: calls $0.01
trifluvien: checks 
*** FLOP *** [Ah 9s 4s]
KemiKings: checks 
trifluvien: checks 
rspk4T: checks 
Hocigi: checks 
*** TURN *** [Ah 9s 4s] [Td]
KemiKings: checks 
trifluvien: bets $0.04
rspk4T: calls $0.04
Hocigi: folds 
KemiKings: folds 
*** RIVER *** [Ah 9s 4s Td] [Js]
trifluvien: checks 
rspk4T: bets $0.02
trifluvien: calls $0.02
*** SHOW DOWN ***
rspk4T: shows [Qs Kd] (a straight, Ten to Ace)
trifluvien: mucks hand 
rspk4T collected $0.19 from pot
*** SUMMARY ***
Total pot $0.20 | Rake $0.01 
Board [Ah 9s 4s Td Js]
Seat 1: Hocigi (button) folded on the Turn
Seat 2: KemiKings (small blind) folded on the Turn
Seat 4: trifluvien (big blind) mucked [Th 3h]
Seat 5: rspk4T showed [Qs Kd] and won ($0.19) with a straight, Ten to Ace
Seat 6: Dorex2007 folded before Flop (didn't bet)
Seat 8: Teodoross folded before Flop (didn't bet)



PokerStars Hand #231606269943:  Hold'em No Limit ($0.01/$0.02 USD) - 2021/11/21 22:40:45 PT [2021/11/22 1:40:45 ET]
Table 'Rauma II' 9-max Seat #2 is the button
Seat 1: Hocigi ($2.48 in chips) 
Seat 2: KemiKings ($2.25 in chips) 
Seat 4: trifluvien ($0.51 in chips) 
Seat 5: rspk4T ($2.17 in chips) 
Seat 6: Dorex2007 ($2 in chips) 
Seat 8: Teodoross ($4.62 in chips) 
trifluvien: posts small blind $0.01
rspk4T: posts big blind $0.02
alexahk: sits out 
*** HOLE CARDS ***
Dealt to Dorex2007 [2c As]
Dorex2007: folds 
Teodoross: folds 
Hocigi: calls $0.02
KemiKings: calls $0.02
trifluvien: folds 
rspk4T: checks 
*** FLOP *** [8d 6c Qs]
rspk4T: checks 
Hocigi: checks 
KemiKings: checks 
*** TURN *** [8d 6c Qs] [2s]
rspk4T: checks 
Hocigi: checks 
KemiKings: checks 
*** RIVER *** [8d 6c Qs 2s] [Qh]
rspk4T: checks 
Hocigi: checks 
KemiKings: bets $0.04
rspk4T: folds 
Hocigi: folds 
Uncalled bet ($0.04) returned to KemiKings
KemiKings collected $0.07 from pot
KemiKings: doesn't show hand 
*** SUMMARY ***
Total pot $0.07 | Rake $0 
Board [8d 6c Qs 2s Qh]
Seat 1: Hocigi folded on the River
Seat 2: KemiKings (button) collected ($0.07)
Seat 4: trifluvien (small blind) folded before Flop
Seat 5: rspk4T (big blind) folded on the River
Seat 6: Dorex2007 folded before Flop (didn't bet)
Seat 8: Teodoross folded before Flop (didn't bet)



PokerStars Hand #231606278950:  Hold'em No Limit ($0.01/$0.02 USD) - 2021/11/21 22:41:58 PT [2021/11/22 1:41:58 ET]
Table 'Rauma II' 9-max Seat #4 is the button
Seat 1: Hocigi ($2.46 in chips) 
Seat 2: KemiKings ($2.30 in chips) 
Seat 3: G3NoRozty ($1.93 in chips) 
Seat 4: trifluvien ($0.50 in chips) 
Seat 5: rspk4T ($2.15 in chips) 
Seat 6: Dorex2007 ($2 in chips) 
Seat 8: Teodoross ($4.62 in chips) 
rspk4T: posts small blind $0.01
Dorex2007: posts big blind $0.02
alexahk: sits out 
G3NoRozty: posts small & big blinds $0.03
*** HOLE CARDS ***
Dealt to Dorex2007 [2s Th]
Teodoross: folds 
Hocigi: calls $0.02
KemiKings: folds 
G3NoRozty: checks 
trifluvien: folds 
rspk4T: folds 
Dorex2007: checks 
*** FLOP *** [2c Ac 3c]
Dorex2007: checks 
Hocigi: checks 
G3NoRozty: checks 
*** TURN *** [2c Ac 3c] [Kc]
Dorex2007: checks 
Hocigi: checks 
G3NoRozty: bets $0.02
Dorex2007: folds 
Hocigi: folds 
Uncalled bet ($0.02) returned to G3NoRozty
G3NoRozty collected $0.08 from pot
G3NoRozty: doesn't show hand 
*** SUMMARY ***
Total pot $0.08 | Rake $0 
Board [2c Ac 3c Kc]
Seat 1: Hocigi folded on the Turn
Seat 2: KemiKings folded before Flop (didn't bet)
Seat 3: G3NoRozty collected ($0.08)
Seat 4: trifluvien (button) folded before Flop (didn't bet)
Seat 5: rspk4T (small blind) folded before Flop
Seat 6: Dorex2007 (big blind) folded on the Turn
Seat 8: Teodoross folded before Flop (didn't bet)



PokerStars Hand #231606285434:  Hold'em No Limit ($0.01/$0.02 USD) - 2021/11/21 22:42:50 PT [2021/11/22 1:42:50 ET]
Table 'Rauma II' 9-max Seat #5 is the button
Seat 1: Hocigi ($2.44 in chips) 
Seat 2: KemiKings ($2.30 in chips) 
Seat 3: G3NoRozty ($1.98 in chips) 
Seat 4: trifluvien ($0.50 in chips) 
Seat 5: rspk4T ($2.14 in chips) 
Seat 6: Dorex2007 ($2 in chips) 
Seat 7: alexahk ($2 in chips) 
Seat 8: Teodoross ($4.62 in chips) 
Dorex2007: posts small blind $0.01
alexahk: posts big blind $0.02
*** HOLE CARDS ***
Dealt to Dorex2007 [Ac 9c]
Teodoross: folds 
Hocigi: calls $0.02
KemiKings: folds 
G3NoRozty: folds 
trifluvien: calls $0.02
rspk4T: folds 
Dorex2007: calls $0.01
alexahk: checks 
*** FLOP *** [4h 5d 8d]
Dorex2007: checks 
alexahk: checks 
Hocigi: checks 
trifluvien: bets $0.04
Dorex2007: folds 
alexahk: folds 
Hocigi: folds 
Uncalled bet ($0.04) returned to trifluvien
trifluvien collected $0.08 from pot
trifluvien: doesn't show hand 
*** SUMMARY ***
Total pot $0.08 | Rake $0 
Board [4h 5d 8d]
Seat 1: Hocigi folded on the Flop
Seat 2: KemiKings folded before Flop (didn't bet)
Seat 3: G3NoRozty folded before Flop (didn't bet)
Seat 4: trifluvien collected ($0.08)
Seat 5: rspk4T (button) folded before Flop (didn't bet)
Seat 6: Dorex2007 (small blind) folded on the Flop
Seat 7: alexahk (big blind) folded on the Flop
Seat 8: Teodoross folded before Flop (didn't bet)



PokerStars Hand #231606294073:  Hold'em No Limit ($0.01/$0.02 USD) - 2021/11/21 22:43:58 PT [2021/11/22 1:43:58 ET]
Table 'Rauma II' 9-max Seat #6 is the button
Seat 1: Hocigi ($2.42 in chips) 
Seat 2: KemiKings ($2.30 in chips) 
Seat 3: G3NoRozty ($1.98 in chips) 
Seat 4: trifluvien ($0.56 in chips) 
Seat 5: rspk4T ($2.14 in chips) 
Seat 6: Dorex2007 ($2 in chips) 
Seat 7: alexahk ($2 in chips) 
Seat 8: Teodoross ($4.62 in chips) 
Seat 9: kamaz.48 ($2.94 in chips) 
alexahk: posts small blind $0.01
Teodoross: posts big blind $0.02
kamaz.48: posts small & big blinds $0.03
*** HOLE CARDS ***
Dealt to Dorex2007 [9s Jh]
kamaz.48: checks 
Hocigi: calls $0.02
KemiKings: folds 
G3NoRozty: folds 
trifluvien: folds 
rspk4T: folds 
Dorex2007: folds 
alexahk: calls $0.01
Teodoross: checks 
*** FLOP *** [6c Qd Js]
alexahk: checks 
Teodoross: checks 
kamaz.48: checks 
Hocigi: checks 
*** TURN *** [6c Qd Js] [6h]
alexahk: checks 
Teodoross: checks 
kamaz.48: checks 
Hocigi: checks 
*** RIVER *** [6c Qd Js 6h] [Kh]
alexahk: checks 
Teodoross: checks 
kamaz.48: checks 
Hocigi: checks 
*** SHOW DOWN ***
alexahk: shows [8c 9d] (a pair of Sixes)
Teodoross: shows [Kd 4c] (two pair, Kings and Sixes)
kamaz.48: mucks hand 
Hocigi: mucks hand 
Teodoross collected $0.09 from pot
*** SUMMARY ***
Total pot $0.09 | Rake $0 
Board [6c Qd Js 6h Kh]
Seat 1: Hocigi mucked [7d 5s]
Seat 2: KemiKings folded before Flop (didn't bet)
Seat 3: G3NoRozty folded before Flop (didn't bet)
Seat 4: trifluvien folded before Flop (didn't bet)
Seat 5: rspk4T folded before Flop (didn't bet)
Seat 6: Dorex2007 (button) folded before Flop (didn't bet)
Seat 7: alexahk (small blind) showed [8c 9d] and lost with a pair of Sixes
Seat 8: Teodoross (big blind) showed [Kd 4c] and won ($0.09) with two pair, Kings and Sixes
Seat 9: kamaz.48 mucked [9c 2h]



PokerStars Hand #231606302810:  Hold'em No Limit ($0.01/$0.02 USD) - 2021/11/21 22:45:07 PT [2021/11/22 1:45:07 ET]
Table 'Rauma II' 9-max Seat #7 is the button
Seat 1: Hocigi ($2.40 in chips) 
Seat 2: KemiKings ($2.30 in chips) 
Seat 3: G3NoRozty ($1.98 in chips) 
Seat 4: trifluvien ($0.56 in chips) 
Seat 5: rspk4T ($2.14 in chips) 
Seat 6: Dorex2007 ($2 in chips) 
Seat 7: alexahk ($2 in chips) 
Seat 8: Teodoross ($4.69 in chips) 
Seat 9: kamaz.48 ($2.91 in chips) 
Teodoross: posts small blind $0.01
kamaz.48: posts big blind $0.02
*** HOLE CARDS ***
Dealt to Dorex2007 [2s 3s]
Hocigi: calls $0.02
KemiKings: folds 
G3NoRozty: folds 
trifluvien: raises $0.02 to $0.04
rspk4T: folds 
Dorex2007: folds 
alexahk: folds 
Teodoross: calls $0.03
kamaz.48: calls $0.02
Hocigi: calls $0.02
*** FLOP *** [Jc Ad 8s]
Teodoross: checks 
kamaz.48: checks 
Hocigi: checks 
trifluvien: bets $0.07
Teodoross: folds 
kamaz.48: calls $0.07
Hocigi: folds 
*** TURN *** [Jc Ad 8s] [Tc]
kamaz.48: checks 
trifluvien: bets $0.14
kamaz.48: calls $0.14
*** RIVER *** [Jc Ad 8s Tc] [Kd]
kamaz.48: checks 
trifluvien: checks 
*** SHOW DOWN ***
kamaz.48: shows [Ts Kh] (two pair, Kings and Tens)
trifluvien: mucks hand 
kamaz.48 collected $0.56 from pot
*** SUMMARY ***
Total pot $0.58 | Rake $0.02 
Board [Jc Ad 8s Tc Kd]
Seat 1: Hocigi folded on the Flop
Seat 2: KemiKings folded before Flop (didn't bet)
Seat 3: G3NoRozty folded before Flop (didn't bet)
Seat 4: trifluvien mucked [7s As]
Seat 5: rspk4T folded before Flop (didn't bet)
Seat 6: Dorex2007 folded before Flop (didn't bet)
Seat 7: alexahk (button) folded before Flop (didn't bet)
Seat 8: Teodoross (small blind) folded on the Flop
Seat 9: kamaz.48 (big blind) showed [Ts Kh] and won ($0.56) with two pair, Kings and Tens



PokerStars Hand #231606315626:  Hold'em No Limit ($0.01/$0.02 USD) - 2021/11/21 22:46:49 PT [2021/11/22 1:46:49 ET]
Table 'Rauma II' 9-max Seat #8 is the button
Seat 1: Hocigi ($2.36 in chips) 
Seat 2: KemiKings ($2.30 in chips) 
Seat 3: G3NoRozty ($1.98 in chips) 
Seat 4: trifluvien ($0.31 in chips) 
Seat 5: rspk4T ($2.14 in chips) 
Seat 6: Dorex2007 ($2 in chips) 
Seat 7: alexahk ($2 in chips) 
Seat 8: Teodoross ($4.65 in chips) 
Seat 9: kamaz.48 ($3.22 in chips) 
kamaz.48: posts small blind $0.01
Hocigi: posts big blind $0.02
*** HOLE CARDS ***
Dealt to Dorex2007 [Js Tc]
KemiKings: raises $0.04 to $0.06
G3NoRozty: folds 
trifluvien: folds 
rspk4T: folds 
Dorex2007: folds 
alexahk: folds 
Teodoross: folds 
kamaz.48: folds 
Hocigi: calls $0.04
*** FLOP *** [Ks Th Kh]
Hocigi: checks 
KemiKings: checks 
*** TURN *** [Ks Th Kh] [6c]
Hocigi: checks 
KemiKings: checks 
*** RIVER *** [Ks Th Kh 6c] [Ac]
Hocigi: bets $0.16
KemiKings: folds 
Uncalled bet ($0.16) returned to Hocigi
Hocigi collected $0.13 from pot
Hocigi: doesn't show hand 
*** SUMMARY ***
Total pot $0.13 | Rake $0 
Board [Ks Th Kh 6c Ac]
Seat 1: Hocigi (big blind) collected ($0.13)
Seat 2: KemiKings folded on the River
Seat 3: G3NoRozty folded before Flop (didn't bet)
Seat 4: trifluvien folded before Flop (didn't bet)
Seat 5: rspk4T folded before Flop (didn't bet)
Seat 6: Dorex2007 folded before Flop (didn't bet)
Seat 7: alexahk folded before Flop (didn't bet)
Seat 8: Teodoross (button) folded before Flop (didn't bet)
Seat 9: kamaz.48 (small blind) folded before Flop



PokerStars Hand #231606319478:  Hold'em No Limit ($0.01/$0.02 USD) - 2021/11/21 22:47:20 PT [2021/11/22 1:47:20 ET]
Table 'Rauma II' 9-max Seat #9 is the button
Seat 1: Hocigi ($2.43 in chips) 
Seat 2: KemiKings ($2.24 in chips) 
Seat 3: G3NoRozty ($1.98 in chips) 
Seat 4: trifluvien ($0.31 in chips) 
Seat 5: rspk4T ($2.14 in chips) 
Seat 6: Dorex2007 ($2 in chips) 
Seat 7: alexahk ($2 in chips) 
Seat 8: Teodoross ($4.65 in chips) 
Seat 9: kamaz.48 ($3.21 in chips) 
Hocigi: posts small blind $0.01
KemiKings: posts big blind $0.02
*** HOLE CARDS ***
Dealt to Dorex2007 [6d 5h]
G3NoRozty: folds 
trifluvien: folds 
rspk4T: calls $0.02
Dorex2007: folds 
alexahk: raises $0.08 to $0.10
Teodoross: folds 
kamaz.48: folds 
Hocigi: calls $0.09
KemiKings: calls $0.08
rspk4T: folds 
*** FLOP *** [Td 3s 9c]
Hocigi: checks 
KemiKings: checks 
alexahk: bets $0.22
Hocigi: calls $0.22
KemiKings: calls $0.22
*** TURN *** [Td 3s 9c] [8d]
Hocigi: bets $0.54
KemiKings: calls $0.54
alexahk: folds 
*** RIVER *** [Td 3s 9c 8d] [2h]
Hocigi: checks 
KemiKings: bets $1.38 and is all-in
Hocigi: calls $1.38
*** SHOW DOWN ***
KemiKings: shows [3c 3h] (three of a kind, Threes)
Hocigi: shows [Tc 9h] (two pair, Tens and Nines)
KemiKings collected $4.65 from pot
*** SUMMARY ***
Total pot $4.82 | Rake $0.17 
Board [Td 3s 9c 8d 2h]
Seat 1: Hocigi (small blind) showed [Tc 9h] and lost with two pair, Tens and Nines
Seat 2: KemiKings (big blind) showed [3c 3h] and won ($4.65) with three of a kind, Threes
Seat 3: G3NoRozty folded before Flop (didn't bet)
Seat 4: trifluvien folded before Flop (didn't bet)
Seat 5: rspk4T folded before Flop
Seat 6: Dorex2007 folded before Flop (didn't bet)
Seat 7: alexahk folded on the Turn
Seat 8: Teodoross folded before Flop (didn't bet)
Seat 9: kamaz.48 (button) folded before Flop (didn't bet)



PokerStars Hand #231606339228:  Hold'em No Limit ($0.01/$0.02 USD) - 2021/11/21 22:48:53 PT [2021/11/22 1:48:53 ET]
Table 'Rauma II' 9-max Seat #1 is the button
Seat 1: Hocigi ($0.19 in chips) 
Seat 2: KemiKings ($4.65 in chips) 
Seat 3: G3NoRozty ($1.98 in chips) 
Seat 4: trifluvien ($0.31 in chips) 
Seat 5: rspk4T ($2.12 in chips) 
Seat 6: Dorex2007 ($2 in chips) 
Seat 7: alexahk ($2 in chips) 
Seat 8: Teodoross ($4.65 in chips) 
Seat 9: kamaz.48 ($3.21 in chips) 
KemiKings: posts small blind $0.01
G3NoRozty: posts big blind $0.02
*** HOLE CARDS ***
Dealt to Dorex2007 [4c 7d]
trifluvien: raises $0.29 to $0.31 and is all-in
rspk4T: folds 
Dorex2007: folds 
alexahk: folds 
Teodoross: folds 
kamaz.48: folds 
Hocigi: calls $0.19 and is all-in
KemiKings: folds 
G3NoRozty: folds 
Uncalled bet ($0.12) returned to trifluvien
*** FLOP *** [2s Ah Ac]
*** TURN *** [2s Ah Ac] [7h]
*** RIVER *** [2s Ah Ac 7h] [Th]
*** SHOW DOWN ***
trifluvien: shows [8d 8h] (two pair, Aces and Eights)
Hocigi: shows [3h As] (three of a kind, Aces)
Hocigi collected $0.40 from pot
*** SUMMARY ***
Total pot $0.41 | Rake $0.01 
Board [2s Ah Ac 7h Th]
Seat 1: Hocigi (button) showed [3h As] and won ($0.40) with three of a kind, Aces
Seat 2: KemiKings (small blind) folded before Flop
Seat 3: G3NoRozty (big blind) folded before Flop
Seat 4: trifluvien showed [8d 8h] and lost with two pair, Aces and Eights
Seat 5: rspk4T folded before Flop (didn't bet)
Seat 6: Dorex2007 folded before Flop (didn't bet)
Seat 7: alexahk folded before Flop (didn't bet)
Seat 8: Teodoross folded before Flop (didn't bet)
Seat 9: kamaz.48 folded before Flop (didn't bet)



PokerStars Hand #231606343984:  Hold'em No Limit ($0.01/$0.02 USD) - 2021/11/21 22:49:30 PT [2021/11/22 1:49:30 ET]
Table 'Rauma II' 9-max Seat #3 is the button
Seat 1: Hocigi ($0.40 in chips) 
Seat 3: G3NoRozty ($1.96 in chips) 
Seat 4: trifluvien ($0.12 in chips) 
Seat 5: rspk4T ($2.12 in chips) 
Seat 6: Dorex2007 ($2 in chips) 
Seat 7: alexahk ($2 in chips) 
Seat 8: Teodoross ($4.65 in chips) 
Seat 9: kamaz.48 ($3.21 in chips) 
trifluvien: posts small blind $0.01
rspk4T: posts big blind $0.02
*** HOLE CARDS ***
Dealt to Dorex2007 [7d 8h]
KemiKings leaves the table
Dorex2007: folds 
alexahk: folds 
Teodoross: folds 
kamaz.48: raises $0.04 to $0.06
Hocigi: folds 
G3NoRozty: folds 
trifluvien: raises $0.06 to $0.12 and is all-in
rspk4T: folds 
kamaz.48: calls $0.06
*** FLOP *** [Qd 6c 4h]
*** TURN *** [Qd 6c 4h] [Jd]
*** RIVER *** [Qd 6c 4h Jd] [Tc]
*** SHOW DOWN ***
trifluvien: shows [Ah 8s] (high card Ace)
kamaz.48: shows [Qc As] (a pair of Queens)
kamaz.48 collected $0.25 from pot
*** SUMMARY ***
Total pot $0.26 | Rake $0.01 
Board [Qd 6c 4h Jd Tc]
Seat 1: Hocigi folded before Flop (didn't bet)
Seat 3: G3NoRozty (button) folded before Flop (didn't bet)
Seat 4: trifluvien (small blind) showed [Ah 8s] and lost with high card Ace
Seat 5: rspk4T (big blind) folded before Flop
Seat 6: Dorex2007 folded before Flop (didn't bet)
Seat 7: alexahk folded before Flop (didn't bet)
Seat 8: Teodoross folded before Flop (didn't bet)
Seat 9: kamaz.48 showed [Qc As] and won ($0.25) with a pair of Queens



PokerStars Hand #231606354638:  Hold'em No Limit ($0.01/$0.02 USD) - 2021/11/21 22:50:17 PT [2021/11/22 1:50:17 ET]
Table 'Rauma II' 9-max Seat #5 is the button
Seat 1: Hocigi ($0.40 in chips) 
Seat 3: G3NoRozty ($1.96 in chips) 
Seat 5: rspk4T ($2.10 in chips) 
Seat 6: Dorex2007 ($2 in chips) 
Seat 7: alexahk ($2 in chips) 
Seat 8: Teodoross ($4.65 in chips) 
Seat 9: kamaz.48 ($3.34 in chips) 
Dorex2007: posts small blind $0.01
alexahk: posts big blind $0.02
*** HOLE CARDS ***
Dealt to Dorex2007 [3c 6c]
Teodoross: folds 
kamaz.48: folds 
Hocigi: calls $0.02
G3NoRozty: folds 
rspk4T: calls $0.02
Dorex2007: calls $0.01
alexahk: checks 
*** FLOP *** [7h Qd 4h]
Dorex2007: checks 
alexahk: checks 
Hocigi: checks 
rspk4T: checks 
*** TURN *** [7h Qd 4h] [Jd]
Dorex2007: checks 
alexahk: checks 
Hocigi: checks 
rspk4T: checks 
*** RIVER *** [7h Qd 4h Jd] [8d]
Dorex2007: checks 
BonvoyageBryan joins the table at seat #2 
alexahk: bets $0.05
Hocigi: raises $0.33 to $0.38 and is all-in
rspk4T: folds 
Dorex2007: folds 
alexahk: calls $0.33
*** SHOW DOWN ***
Hocigi: shows [Qs Qc] (three of a kind, Queens)
alexahk: shows [6h 5c] (a straight, Four to Eight)
alexahk collected $0.81 from pot
*** SUMMARY ***
Total pot $0.84 | Rake $0.03 
Board [7h Qd 4h Jd 8d]
Seat 1: Hocigi showed [Qs Qc] and lost with three of a kind, Queens
Seat 3: G3NoRozty folded before Flop (didn't bet)
Seat 5: rspk4T (button) folded on the River
Seat 6: Dorex2007 (small blind) folded on the River
Seat 7: alexahk (big blind) showed [6h 5c] and won ($0.81) with a straight, Four to Eight
Seat 8: Teodoross folded before Flop (didn't bet)
Seat 9: kamaz.48 folded before Flop (didn't bet)



PokerStars Hand #231606364777:  Hold'em No Limit ($0.01/$0.02 USD) - 2021/11/21 22:51:36 PT [2021/11/22 1:51:36 ET]
Table 'Rauma II' 9-max Seat #6 is the button
Seat 2: BonvoyageBryan ($2 in chips) 
Seat 3: G3NoRozty ($1.96 in chips) 
Seat 4: trifluvien ($2 in chips) 
Seat 5: rspk4T ($2.08 in chips) 
Seat 6: Dorex2007 ($2 in chips) 
Seat 7: alexahk ($2.41 in chips) 
Seat 8: Teodoross ($4.65 in chips) 
Seat 9: kamaz.48 ($3.34 in chips) 
alexahk: posts small blind $0.01
Teodoross: posts big blind $0.02
BonvoyageBryan: posts big blind $0.02
*** HOLE CARDS ***
Dealt to Dorex2007 [2c 9h]
kamaz.48: raises $0.06 to $0.08
BonvoyageBryan: folds 
G3NoRozty: folds 
trifluvien: folds 
rspk4T: folds 
Dorex2007: folds 
alexahk: folds 
Teodoross: folds 
Uncalled bet ($0.06) returned to kamaz.48
kamaz.48 collected $0.07 from pot
kamaz.48: doesn't show hand 
*** SUMMARY ***
Total pot $0.07 | Rake $0 
Seat 2: BonvoyageBryan folded before Flop (didn't bet)
Seat 3: G3NoRozty folded before Flop (didn't bet)
Seat 4: trifluvien folded before Flop (didn't bet)
Seat 5: rspk4T folded before Flop (didn't bet)
Seat 6: Dorex2007 (button) folded before Flop (didn't bet)
Seat 7: alexahk (small blind) folded before Flop
Seat 8: Teodoross (big blind) folded before Flop
Seat 9: kamaz.48 collected ($0.07)



PokerStars Hand #231606368047:  Hold'em No Limit ($0.01/$0.02 USD) - 2021/11/21 22:52:02 PT [2021/11/22 1:52:02 ET]
Table 'Rauma II' 9-max Seat #7 is the button
Seat 1: Hocigi ($2 in chips) 
Seat 2: BonvoyageBryan ($1.98 in chips) 
Seat 3: G3NoRozty ($1.96 in chips) 
Seat 4: trifluvien ($2 in chips) 
Seat 5: rspk4T ($2.08 in chips) 
Seat 6: Dorex2007 ($2 in chips) 
Seat 7: alexahk ($2.40 in chips) 
Seat 8: Teodoross ($4.63 in chips) 
Seat 9: kamaz.48 ($3.39 in chips) 
Teodoross: posts small blind $0.01
kamaz.48: posts big blind $0.02
*** HOLE CARDS ***
Dealt to Dorex2007 [2c 6s]
Hocigi: calls $0.02
BonvoyageBryan: raises $0.02 to $0.04
G3NoRozty: folds 
trifluvien: folds 
rspk4T: folds 
Dorex2007: folds 
alexahk: folds 
Teodoross: folds 
kamaz.48: calls $0.02
Hocigi: calls $0.02
*** FLOP *** [8s 3s 9s]
kamaz.48: checks 
Hocigi: checks 
BonvoyageBryan: bets $0.10
kamaz.48: folds 
Hocigi: folds 
Uncalled bet ($0.10) returned to BonvoyageBryan
BonvoyageBryan collected $0.13 from pot
BonvoyageBryan: doesn't show hand 
*** SUMMARY ***
Total pot $0.13 | Rake $0 
Board [8s 3s 9s]
Seat 1: Hocigi folded on the Flop
Seat 2: BonvoyageBryan collected ($0.13)
Seat 3: G3NoRozty folded before Flop (didn't bet)
Seat 4: trifluvien folded before Flop (didn't bet)
Seat 5: rspk4T folded before Flop (didn't bet)
Seat 6: Dorex2007 folded before Flop (didn't bet)
Seat 7: alexahk (button) folded before Flop (didn't bet)
Seat 8: Teodoross (small blind) folded before Flop
Seat 9: kamaz.48 (big blind) folded on the Flop



PokerStars Hand #231606375461:  Hold'em No Limit ($0.01/$0.02 USD) - 2021/11/21 22:52:53 PT [2021/11/22 1:52:53 ET]
Table 'Rauma II' 9-max Seat #8 is the button
Seat 1: Hocigi ($1.96 in chips) 
Seat 2: BonvoyageBryan ($2.07 in chips) 
Seat 3: G3NoRozty ($1.96 in chips) 
Seat 4: trifluvien ($2 in chips) 
Seat 5: rspk4T ($2.08 in chips) 
Seat 6: Dorex2007 ($2 in chips) 
Seat 7: alexahk ($2.40 in chips) 
Seat 8: Teodoross ($4.62 in chips) 
Seat 9: kamaz.48 ($3.35 in chips) 
kamaz.48: posts small blind $0.01
Hocigi: posts big blind $0.02
*** HOLE CARDS ***
Dealt to Dorex2007 [As 9c]
BonvoyageBryan: raises $0.02 to $0.04
G3NoRozty: folds 
trifluvien: calls $0.04
rspk4T: folds 
Dorex2007: folds 
alexahk: folds 
Teodoross: calls $0.04
kamaz.48: folds 
Hocigi: calls $0.02
*** FLOP *** [8h 8d Tc]
Hocigi: checks 
BonvoyageBryan: checks 
trifluvien: checks 
Teodoross: bets $0.08
Hocigi: calls $0.08
BonvoyageBryan: calls $0.08
trifluvien: folds 
*** TURN *** [8h 8d Tc] [Ah]
Hocigi: checks 
BonvoyageBryan: bets $0.18
Teodoross: calls $0.18
Hocigi: folds 
*** RIVER *** [8h 8d Tc Ah] [5c]
BonvoyageBryan: checks 
Teodoross: bets $0.37
BonvoyageBryan: calls $0.37
*** SHOW DOWN ***
Teodoross: shows [8c 6d] (three of a kind, Eights)
BonvoyageBryan: mucks hand 
Teodoross collected $1.46 from pot
*** SUMMARY ***
Total pot $1.51 | Rake $0.05 
Board [8h 8d Tc Ah 5c]
Seat 1: Hocigi (big blind) folded on the Turn
Seat 2: BonvoyageBryan mucked [Kd Ac]
Seat 3: G3NoRozty folded before Flop (didn't bet)
Seat 4: trifluvien folded on the Flop
Seat 5: rspk4T folded before Flop (didn't bet)
Seat 6: Dorex2007 folded before Flop (didn't bet)
Seat 7: alexahk folded before Flop (didn't bet)
Seat 8: Teodoross (button) showed [8c 6d] and won ($1.46) with three of a kind, Eights
Seat 9: kamaz.48 (small blind) folded before Flop



PokerStars Hand #231606385055:  Hold'em No Limit ($0.01/$0.02 USD) - 2021/11/21 22:54:10 PT [2021/11/22 1:54:10 ET]
Table 'Rauma II' 9-max Seat #9 is the button
Seat 1: Hocigi ($1.84 in chips) 
Seat 2: BonvoyageBryan ($1.40 in chips) 
Seat 3: G3NoRozty ($1.96 in chips) 
Seat 4: trifluvien ($1.96 in chips) 
Seat 5: rspk4T ($2.08 in chips) 
Seat 6: Dorex2007 ($2 in chips) 
Seat 7: alexahk ($2.40 in chips) 
Seat 8: Teodoross ($5.41 in chips) 
Seat 9: kamaz.48 ($3.34 in chips) 
Hocigi: posts small blind $0.01
BonvoyageBryan: posts big blind $0.02
*** HOLE CARDS ***
Dealt to Dorex2007 [9c 7d]
G3NoRozty: folds 
trifluvien: folds 
rspk4T: folds 
Dorex2007: folds 
alexahk: raises $0.06 to $0.08
Teodoross: folds 
kamaz.48: folds 
Hocigi: calls $0.07
BonvoyageBryan: raises $0.12 to $0.20
alexahk: folds 
Teodoross leaves the table
infiniti888 joins the table at seat #8 
Hocigi: calls $0.12
*** FLOP *** [Ks Ts Kh]
Hocigi: checks 
BonvoyageBryan: bets $0.23
Hocigi: folds 
Uncalled bet ($0.23) returned to BonvoyageBryan
BonvoyageBryan collected $0.46 from pot
BonvoyageBryan: doesn't show hand 
*** SUMMARY ***
Total pot $0.48 | Rake $0.02 
Board [Ks Ts Kh]
Seat 1: Hocigi (small blind) folded on the Flop
Seat 2: BonvoyageBryan (big blind) collected ($0.46)
Seat 3: G3NoRozty folded before Flop (didn't bet)
Seat 4: trifluvien folded before Flop (didn't bet)
Seat 5: rspk4T folded before Flop (didn't bet)
Seat 6: Dorex2007 folded before Flop (didn't bet)
Seat 7: alexahk folded before Flop
Seat 8: Teodoross folded before Flop (didn't bet)
Seat 9: kamaz.48 (button) folded before Flop (didn't bet)



PokerStars Hand #231606391893:  Hold'em No Limit ($0.01/$0.02 USD) - 2021/11/21 22:55:07 PT [2021/11/22 1:55:07 ET]
Table 'Rauma II' 9-max Seat #1 is the button
Seat 1: Hocigi ($1.64 in chips) 
Seat 2: BonvoyageBryan ($2 in chips) 
Seat 3: G3NoRozty ($1.96 in chips) 
Seat 4: trifluvien ($1.96 in chips) 
Seat 5: rspk4T ($2.08 in chips) 
Seat 6: Dorex2007 ($2 in chips) 
Seat 7: alexahk ($2.32 in chips) 
Seat 8: infiniti888 ($2 in chips) 
Seat 9: kamaz.48 ($3.34 in chips) 
BonvoyageBryan: posts small blind $0.01
G3NoRozty: posts big blind $0.02
infiniti888: posts big blind $0.02
*** HOLE CARDS ***
Dealt to Dorex2007 [6s 3c]
trifluvien: raises $0.04 to $0.06
rspk4T: folds 
Dorex2007: folds 
alexahk: folds 
infiniti888: folds 
kamaz.48: folds 
Hocigi: calls $0.06
BonvoyageBryan: calls $0.05
G3NoRozty: folds 
*** FLOP *** [Ad 7h Td]
BonvoyageBryan: checks 
trifluvien: checks 
Hocigi: checks 
*** TURN *** [Ad 7h Td] [9s]
BonvoyageBryan: bets $0.06
trifluvien: calls $0.06
Hocigi: folds 
*** RIVER *** [Ad 7h Td 9s] [4h]
BonvoyageBryan: bets $0.14
trifluvien: folds 
Uncalled bet ($0.14) returned to BonvoyageBryan
BonvoyageBryan collected $0.33 from pot
BonvoyageBryan: doesn't show hand 
*** SUMMARY ***
Total pot $0.34 | Rake $0.01 
Board [Ad 7h Td 9s 4h]
Seat 1: Hocigi (button) folded on the Turn
Seat 2: BonvoyageBryan (small blind) collected ($0.33)
Seat 3: G3NoRozty (big blind) folded before Flop
Seat 4: trifluvien folded on the River
Seat 5: rspk4T folded before Flop (didn't bet)
Seat 6: Dorex2007 folded before Flop (didn't bet)
Seat 7: alexahk folded before Flop (didn't bet)
Seat 8: infiniti888 folded before Flop (didn't bet)
Seat 9: kamaz.48 folded before Flop (didn't bet)



PokerStars Hand #231606402391:  Hold'em No Limit ($0.01/$0.02 USD) - 2021/11/21 22:56:28 PT [2021/11/22 1:56:28 ET]
Table 'Rauma II' 9-max Seat #2 is the button
Seat 1: Hocigi ($1.58 in chips) 
Seat 2: BonvoyageBryan ($2.21 in chips) 
Seat 3: G3NoRozty ($1.94 in chips) 
Seat 4: trifluvien ($1.84 in chips) 
Seat 5: rspk4T ($2.08 in chips) 
Seat 6: Dorex2007 ($2 in chips) 
Seat 7: alexahk ($2.32 in chips) 
Seat 8: infiniti888 ($1.98 in chips) 
Seat 9: kamaz.48 ($3.34 in chips) 
G3NoRozty: posts small blind $0.01
trifluvien: posts big blind $0.02
*** HOLE CARDS ***
Dealt to Dorex2007 [3d 2s]
rspk4T: folds 
Dorex2007: folds 
alexahk: folds 
infiniti888: folds 
kamaz.48: raises $0.04 to $0.06
Hocigi: calls $0.06
BonvoyageBryan: calls $0.06
G3NoRozty: calls $0.05
trifluvien: calls $0.04
*** FLOP *** [6d 7d Qc]
G3NoRozty: checks 
trifluvien: bets $0.14
kamaz.48: folds 
Hocigi: calls $0.14
BonvoyageBryan: folds 
G3NoRozty: folds 
*** TURN *** [6d 7d Qc] [Jc]
trifluvien: checks 
Hocigi: checks 
*** RIVER *** [6d 7d Qc Jc] [Js]
trifluvien: checks 
Hocigi: checks 
*** SHOW DOWN ***
trifluvien: shows [4s 4c] (two pair, Jacks and Fours)
Hocigi: mucks hand 
trifluvien collected $0.56 from pot
*** SUMMARY ***
Total pot $0.58 | Rake $0.02 
Board [6d 7d Qc Jc Js]
Seat 1: Hocigi mucked [Tc 8c]
Seat 2: BonvoyageBryan (button) folded on the Flop
Seat 3: G3NoRozty (small blind) folded on the Flop
Seat 4: trifluvien (big blind) showed [4s 4c] and won ($0.56) with two pair, Jacks and Fours
Seat 5: rspk4T folded before Flop (didn't bet)
Seat 6: Dorex2007 folded before Flop (didn't bet)
Seat 7: alexahk folded before Flop (didn't bet)
Seat 8: infiniti888 folded before Flop (didn't bet)
Seat 9: kamaz.48 folded on the Flop



PokerStars Hand #231606408975:  Hold'em No Limit ($0.01/$0.02 USD) - 2021/11/21 22:57:30 PT [2021/11/22 1:57:30 ET]
Table 'Rauma II' 9-max Seat #3 is the button
Seat 1: Hocigi ($1.38 in chips) 
Seat 2: BonvoyageBryan ($2.15 in chips) 
Seat 3: G3NoRozty ($1.88 in chips) 
Seat 4: trifluvien ($2.20 in chips) 
Seat 5: rspk4T ($2.08 in chips) 
Seat 6: Dorex2007 ($2 in chips) 
Seat 7: alexahk ($2.32 in chips) 
Seat 8: infiniti888 ($1.98 in chips) 
Seat 9: kamaz.48 ($3.28 in chips) 
trifluvien: posts small blind $0.01
rspk4T: posts big blind $0.02
*** HOLE CARDS ***
Dealt to Dorex2007 [Ah Ts]
Dorex2007: folds 
alexahk: folds 
infiniti888: folds 
kamaz.48: folds 
Hocigi: calls $0.02
BonvoyageBryan: folds 
G3NoRozty: folds 
trifluvien: folds 
rspk4T: checks 
*** FLOP *** [7s 5h 3h]
rspk4T: bets $0.04
Hocigi: raises $0.06 to $0.10
rspk4T: raises $0.12 to $0.22
Hocigi: folds 
Uncalled bet ($0.12) returned to rspk4T
rspk4T collected $0.24 from pot
rspk4T: doesn't show hand 
*** SUMMARY ***
Total pot $0.25 | Rake $0.01 
Board [7s 5h 3h]
Seat 1: Hocigi folded on the Flop
Seat 2: BonvoyageBryan folded before Flop (didn't bet)
Seat 3: G3NoRozty (button) folded before Flop (didn't bet)
Seat 4: trifluvien (small blind) folded before Flop
Seat 5: rspk4T (big blind) collected ($0.24)
Seat 6: Dorex2007 folded before Flop (didn't bet)
Seat 7: alexahk folded before Flop (didn't bet)
Seat 8: infiniti888 folded before Flop (didn't bet)
Seat 9: kamaz.48 folded before Flop (didn't bet)



PokerStars Hand #231606414542:  Hold'em No Limit ($0.01/$0.02 USD) - 2021/11/21 22:58:21 PT [2021/11/22 1:58:21 ET]
Table 'Rauma II' 9-max Seat #4 is the button
Seat 1: Hocigi ($1.26 in chips) 
Seat 2: BonvoyageBryan ($2.15 in chips) 
Seat 3: G3NoRozty ($1.88 in chips) 
Seat 4: trifluvien ($2.19 in chips) 
Seat 5: rspk4T ($2.20 in chips) 
Seat 6: Dorex2007 ($2 in chips) 
Seat 7: alexahk ($2.32 in chips) 
Seat 8: infiniti888 ($1.98 in chips) 
Seat 9: kamaz.48 ($3.28 in chips) 
rspk4T: posts small blind $0.01
Dorex2007: posts big blind $0.02
*** HOLE CARDS ***
Dealt to Dorex2007 [Ad Js]
alexahk: folds 
infiniti888: folds 
kamaz.48: folds 
Hocigi: calls $0.02
BonvoyageBryan: raises $0.06 to $0.08
G3NoRozty: calls $0.08
trifluvien: folds 
rspk4T: calls $0.07
Dorex2007: folds 
Hocigi: calls $0.06
*** FLOP *** [As 2c 8d]
rspk4T: bets $0.04
Hocigi: folds 
BonvoyageBryan: calls $0.04
G3NoRozty: calls $0.04
*** TURN *** [As 2c 8d] [Jc]
rspk4T: bets $0.08
BonvoyageBryan: folds 
G3NoRozty: folds 
Uncalled bet ($0.08) returned to rspk4T
rspk4T collected $0.44 from pot
rspk4T: doesn't show hand 
*** SUMMARY ***
Total pot $0.46 | Rake $0.02 
Board [As 2c 8d Jc]
Seat 1: Hocigi folded on the Flop
Seat 2: BonvoyageBryan folded on the Turn
Seat 3: G3NoRozty folded on the Turn
Seat 4: trifluvien (button) folded before Flop (didn't bet)
Seat 5: rspk4T (small blind) collected ($0.44)
Seat 6: Dorex2007 (big blind) folded before Flop
Seat 7: alexahk folded before Flop (didn't bet)
Seat 8: infiniti888 folded before Flop (didn't bet)
Seat 9: kamaz.48 folded before Flop (didn't bet)



PokerStars Hand #231606423672:  Hold'em No Limit ($0.01/$0.02 USD) - 2021/11/21 22:59:46 PT [2021/11/22 1:59:46 ET]
Table 'Rauma II' 9-max Seat #5 is the button
Seat 1: Hocigi ($1.18 in chips) 
Seat 2: BonvoyageBryan ($2.03 in chips) 
Seat 3: G3NoRozty ($1.76 in chips) 
Seat 4: trifluvien ($2.19 in chips) 
Seat 5: rspk4T ($2.52 in chips) 
Seat 6: Dorex2007 ($2 in chips) 
Seat 7: alexahk ($2.32 in chips) 
Seat 8: infiniti888 ($1.98 in chips) 
Seat 9: kamaz.48 ($3.28 in chips) 
Dorex2007: posts small blind $0.01
alexahk: posts big blind $0.02
*** HOLE CARDS ***
Dealt to Dorex2007 [4s 6h]
infiniti888: folds 
kamaz.48: folds 
Hocigi: calls $0.02
BonvoyageBryan: raises $0.04 to $0.06
G3NoRozty: raises $0.17 to $0.23
trifluvien: folds 
rspk4T: folds 
Dorex2007: folds 
alexahk: folds 
Hocigi: calls $0.21
BonvoyageBryan: calls $0.17
*** FLOP *** [9s 2h Kc]
Hocigi: checks 
BonvoyageBryan: checks 
G3NoRozty: bets $0.69
Hocigi: folds 
BonvoyageBryan: calls $0.69
*** TURN *** [9s 2h Kc] [4c]
BonvoyageBryan: checks 
G3NoRozty: bets $0.84 and is all-in
BonvoyageBryan: calls $0.84
*** RIVER *** [9s 2h Kc 4c] [8d]
*** SHOW DOWN ***
BonvoyageBryan: shows [Qc Qd] (a pair of Queens)
G3NoRozty: shows [Ac Ah] (a pair of Aces)
G3NoRozty collected $3.65 from pot
*** SUMMARY ***
Total pot $3.78 | Rake $0.13 
Board [9s 2h Kc 4c 8d]
Seat 1: Hocigi folded on the Flop
Seat 2: BonvoyageBryan showed [Qc Qd] and lost with a pair of Queens
Seat 3: G3NoRozty showed [Ac Ah] and won ($3.65) with a pair of Aces
Seat 4: trifluvien folded before Flop (didn't bet)
Seat 5: rspk4T (button) folded before Flop (didn't bet)
Seat 6: Dorex2007 (small blind) folded before Flop
Seat 7: alexahk (big blind) folded before Flop
Seat 8: infiniti888 folded before Flop (didn't bet)
Seat 9: kamaz.48 folded before Flop (didn't bet)



PokerStars Hand #231606432409:  Hold'em No Limit ($0.01/$0.02 USD) - 2021/11/21 23:01:00 PT [2021/11/22 2:01:00 ET]
Table 'Rauma II' 9-max Seat #6 is the button
Seat 1: Hocigi ($0.95 in chips) 
Seat 2: BonvoyageBryan ($0.27 in chips) 
Seat 3: G3NoRozty ($3.65 in chips) 
Seat 4: trifluvien ($2.19 in chips) 
Seat 5: rspk4T ($2.52 in chips) 
Seat 6: Dorex2007 ($2 in chips) 
Seat 7: alexahk ($2.30 in chips) 
Seat 8: infiniti888 ($1.98 in chips) 
Seat 9: kamaz.48 ($3.28 in chips) 
alexahk: posts small blind $0.01
infiniti888: posts big blind $0.02
*** HOLE CARDS ***
Dealt to Dorex2007 [Qs 3d]
kamaz.48: folds 
Hocigi: calls $0.02
BonvoyageBryan: raises $0.25 to $0.27 and is all-in
G3NoRozty: folds 
trifluvien: folds 
rspk4T: folds 
Dorex2007: folds 
alexahk: folds 
infiniti888: folds 
Hocigi: calls $0.25
*** FLOP *** [6h Jd 3h]
*** TURN *** [6h Jd 3h] [2c]
*** RIVER *** [6h Jd 3h 2c] [Tc]
*** SHOW DOWN ***
Hocigi: shows [7s Ks] (high card King)
BonvoyageBryan: shows [7c Ad] (high card Ace)
BonvoyageBryan collected $0.55 from pot
*** SUMMARY ***
Total pot $0.57 | Rake $0.02 
Board [6h Jd 3h 2c Tc]
Seat 1: Hocigi showed [7s Ks] and lost with high card King
Seat 2: BonvoyageBryan showed [7c Ad] and won ($0.55) with high card Ace
Seat 3: G3NoRozty folded before Flop (didn't bet)
Seat 4: trifluvien folded before Flop (didn't bet)
Seat 5: rspk4T folded before Flop (didn't bet)
Seat 6: Dorex2007 (button) folded before Flop (didn't bet)
Seat 7: alexahk (small blind) folded before Flop
Seat 8: infiniti888 (big blind) folded before Flop
Seat 9: kamaz.48 folded before Flop (didn't bet)



PokerStars Hand #231606436805:  Hold'em No Limit ($0.01/$0.02 USD) - 2021/11/21 23:01:35 PT [2021/11/22 2:01:35 ET]
Table 'Rauma II' 9-max Seat #7 is the button
Seat 1: Hocigi ($0.68 in chips) 
Seat 2: BonvoyageBryan ($0.55 in chips) 
Seat 3: G3NoRozty ($3.65 in chips) 
Seat 4: trifluvien ($2.19 in chips) 
Seat 5: rspk4T ($2.52 in chips) 
Seat 6: Dorex2007 ($2 in chips) 
Seat 7: alexahk ($2.29 in chips) 
Seat 8: infiniti888 ($1.96 in chips) 
Seat 9: kamaz.48 ($3.28 in chips) 
infiniti888: posts small blind $0.01
kamaz.48: posts big blind $0.02
*** HOLE CARDS ***
Dealt to Dorex2007 [8h 2d]
Hocigi: calls $0.02
BonvoyageBryan: calls $0.02
G3NoRozty: calls $0.02
trifluvien: raises $0.06 to $0.08
rspk4T: folds 
Dorex2007: folds 
alexahk: folds 
infiniti888: folds 
kamaz.48: folds 
Hocigi: calls $0.06
BonvoyageBryan: calls $0.06
G3NoRozty: folds 
*** FLOP *** [8c 9h 7c]
Hocigi: checks 
BonvoyageBryan: bets $0.14
trifluvien: calls $0.14
Hocigi: folds 
*** TURN *** [8c 9h 7c] [3s]
BonvoyageBryan: bets $0.33 and is all-in
trifluvien: calls $0.33
*** RIVER *** [8c 9h 7c 3s] [8s]
*** SHOW DOWN ***
BonvoyageBryan: shows [Jc 9s] (two pair, Nines and Eights)
trifluvien: shows [Js Jd] (two pair, Jacks and Eights)
trifluvien collected $1.19 from pot
*** SUMMARY ***
Total pot $1.23 | Rake $0.04 
Board [8c 9h 7c 3s 8s]
Seat 1: Hocigi folded on the Flop
Seat 2: BonvoyageBryan showed [Jc 9s] and lost with two pair, Nines and Eights
Seat 3: G3NoRozty folded before Flop
Seat 4: trifluvien showed [Js Jd] and won ($1.19) with two pair, Jacks and Eights
Seat 5: rspk4T folded before Flop (didn't bet)
Seat 6: Dorex2007 folded before Flop (didn't bet)
Seat 7: alexahk (button) folded before Flop (didn't bet)
Seat 8: infiniti888 (small blind) folded before Flop
Seat 9: kamaz.48 (big blind) folded before Flop



PokerStars Hand #231606446370:  Hold'em No Limit ($0.01/$0.02 USD) - 2021/11/21 23:02:53 PT [2021/11/22 2:02:53 ET]
Table 'Rauma II' 9-max Seat #8 is the button
Seat 1: Hocigi ($0.60 in chips) 
Seat 3: G3NoRozty ($3.63 in chips) 
Seat 4: trifluvien ($2.83 in chips) 
Seat 6: Dorex2007 ($2 in chips) 
Seat 7: alexahk ($2.29 in chips) 
Seat 8: infiniti888 ($1.95 in chips) 
Seat 9: kamaz.48 ($3.26 in chips) 
kamaz.48: posts small blind $0.01
Hocigi: posts big blind $0.02
*** HOLE CARDS ***
Dealt to Dorex2007 [4d Ts]
G3NoRozty: calls $0.02
trifluvien: folds 
Dorex2007: folds 
alexahk: raises $0.07 to $0.09
BonvoyageBryan leaves the table
infiniti888: folds 
kamaz.48: folds 
Hocigi: calls $0.07
G3NoRozty: folds 
*** FLOP *** [Qh 5h Jc]
mvv71 joins the table at seat #2 
Hocigi: checks 
alexahk: bets $0.14
Hocigi: folds 
Uncalled bet ($0.14) returned to alexahk
alexahk collected $0.20 from pot
alexahk: doesn't show hand 
*** SUMMARY ***
Total pot $0.21 | Rake $0.01 
Board [Qh 5h Jc]
Seat 1: Hocigi (big blind) folded on the Flop
Seat 3: G3NoRozty folded before Flop
Seat 4: trifluvien folded before Flop (didn't bet)
Seat 6: Dorex2007 folded before Flop (didn't bet)
Seat 7: alexahk collected ($0.20)
Seat 8: infiniti888 (button) folded before Flop (didn't bet)
Seat 9: kamaz.48 (small blind) folded before Flop



PokerStars Hand #231606452351:  Hold'em No Limit ($0.01/$0.02 USD) - 2021/11/21 23:03:41 PT [2021/11/22 2:03:41 ET]
Table 'Rauma II' 9-max Seat #9 is the button
Seat 1: Hocigi ($0.51 in chips) 
Seat 2: mvv71 ($1.30 in chips) 
Seat 3: G3NoRozty ($3.61 in chips) 
Seat 4: trifluvien ($2.83 in chips) 
Seat 6: Dorex2007 ($2 in chips) 
Seat 7: alexahk ($2.40 in chips) 
Seat 8: infiniti888 ($1.95 in chips) 
Seat 9: kamaz.48 ($3.25 in chips) 
Hocigi: posts small blind $0.01
mvv71: posts big blind $0.02
*** HOLE CARDS ***
Dealt to Dorex2007 [Qc 7d]
G3NoRozty: folds 
trifluvien: folds 
Dorex2007: folds 
alexahk: folds 
infiniti888: calls $0.02
kamaz.48: raises $0.06 to $0.08
Hocigi: folds 
mvv71: folds 
infiniti888: calls $0.06
*** FLOP *** [7s 6d 8d]
infiniti888: checks 
kamaz.48: bets $0.06
infiniti888: calls $0.06
*** TURN *** [7s 6d 8d] [4h]
infiniti888: checks 
kamaz.48: bets $0.20
infiniti888: raises $0.20 to $0.40
kamaz.48: calls $0.20
*** RIVER *** [7s 6d 8d 4h] [3s]
infiniti888: bets $0.53
kamaz.48: folds 
Uncalled bet ($0.53) returned to infiniti888
infiniti888 collected $1.07 from pot
infiniti888: doesn't show hand 
*** SUMMARY ***
Total pot $1.11 | Rake $0.04 
Board [7s 6d 8d 4h 3s]
Seat 1: Hocigi (small blind) folded before Flop
Seat 2: mvv71 (big blind) folded before Flop
Seat 3: G3NoRozty folded before Flop (didn't bet)
Seat 4: trifluvien folded before Flop (didn't bet)
Seat 6: Dorex2007 folded before Flop (didn't bet)
Seat 7: alexahk folded before Flop (didn't bet)
Seat 8: infiniti888 collected ($1.07)
Seat 9: kamaz.48 (button) folded on the River



PokerStars Hand #231606463023:  Hold'em No Limit ($0.01/$0.02 USD) - 2021/11/21 23:04:47 PT [2021/11/22 2:04:47 ET]
Table 'Rauma II' 9-max Seat #1 is the button
Seat 1: Hocigi ($0.50 in chips) 
Seat 2: mvv71 ($1.28 in chips) 
Seat 3: G3NoRozty ($3.61 in chips) 
Seat 4: trifluvien ($2.83 in chips) 
Seat 6: Dorex2007 ($2 in chips) 
Seat 7: alexahk ($2.40 in chips) 
Seat 8: infiniti888 ($2.48 in chips) 
Seat 9: kamaz.48 ($2.71 in chips) 
mvv71: posts small blind $0.01
G3NoRozty: posts big blind $0.02
*** HOLE CARDS ***
Dealt to Dorex2007 [5d Qc]
trifluvien: folds 
Dorex2007: folds 
alexahk: folds 
infiniti888: folds 
kamaz.48: raises $0.04 to $0.06
Hocigi: calls $0.06
mvv71: calls $0.05
G3NoRozty: folds 
*** FLOP *** [9s 5h 8h]
mvv71: checks 
kamaz.48: checks 
Hocigi: checks 
*** TURN *** [9s 5h 8h] [5c]
mvv71: checks 
kamaz.48: checks 
Hocigi: checks 
*** RIVER *** [9s 5h 8h 5c] [Kh]
mvv71: checks 
kamaz.48: checks 
Hocigi: checks 
*** SHOW DOWN ***
mvv71: shows [6c Jc] (a pair of Fives)
kamaz.48: shows [7s Ad] (a pair of Fives - Ace kicker)
Hocigi: shows [Ah 4c] (a pair of Fives)
kamaz.48 collected $0.10 from pot
Hocigi collected $0.09 from pot
*** SUMMARY ***
Total pot $0.20 | Rake $0.01 
Board [9s 5h 8h 5c Kh]
Seat 1: Hocigi (button) showed [Ah 4c] and won ($0.09) with a pair of Fives
Seat 2: mvv71 (small blind) showed [6c Jc] and lost with a pair of Fives
Seat 3: G3NoRozty (big blind) folded before Flop
Seat 4: trifluvien folded before Flop (didn't bet)
Seat 6: Dorex2007 folded before Flop (didn't bet)
Seat 7: alexahk folded before Flop (didn't bet)
Seat 8: infiniti888 folded before Flop (didn't bet)
Seat 9: kamaz.48 showed [7s Ad] and won ($0.10) with a pair of Fives



PokerStars Hand #231606473277:  Hold'em No Limit ($0.01/$0.02 USD) - 2021/11/21 23:06:10 PT [2021/11/22 2:06:10 ET]
Table 'Rauma II' 9-max Seat #2 is the button
Seat 1: Hocigi ($0.53 in chips) 
Seat 2: mvv71 ($1.22 in chips) 
Seat 3: G3NoRozty ($3.59 in chips) 
Seat 4: trifluvien ($2.83 in chips) 
Seat 5: rspk4T ($2.52 in chips) 
Seat 6: Dorex2007 ($2 in chips) 
Seat 7: alexahk ($2.40 in chips) 
Seat 8: infiniti888 ($2.48 in chips) 
Seat 9: kamaz.48 ($2.75 in chips) 
G3NoRozty: posts small blind $0.01
trifluvien: posts big blind $0.02
*** HOLE CARDS ***
Dealt to Dorex2007 [As 2c]
rspk4T: folds 
Dorex2007: folds 
alexahk: folds 
infiniti888: folds 
kamaz.48: folds 
Hocigi: calls $0.02
mvv71: raises $0.04 to $0.06
G3NoRozty: folds 
trifluvien: folds 
Hocigi: calls $0.04
*** FLOP *** [2d 6h 9d]
Hocigi: checks 
mvv71: bets $0.07
Hocigi: calls $0.07
*** TURN *** [2d 6h 9d] [9s]
Hocigi: checks 
mvv71: bets $0.14
Hocigi: folds 
Uncalled bet ($0.14) returned to mvv71
mvv71 collected $0.28 from pot
mvv71: doesn't show hand 
*** SUMMARY ***
Total pot $0.29 | Rake $0.01 
Board [2d 6h 9d 9s]
Seat 1: Hocigi folded on the Turn
Seat 2: mvv71 (button) collected ($0.28)
Seat 3: G3NoRozty (small blind) folded before Flop
Seat 4: trifluvien (big blind) folded before Flop
Seat 5: rspk4T folded before Flop (didn't bet)
Seat 6: Dorex2007 folded before Flop (didn't bet)
Seat 7: alexahk folded before Flop (didn't bet)
Seat 8: infiniti888 folded before Flop (didn't bet)
Seat 9: kamaz.48 folded before Flop (didn't bet)



PokerStars Hand #231606479951:  Hold'em No Limit ($0.01/$0.02 USD) - 2021/11/21 23:07:03 PT [2021/11/22 2:07:03 ET]
Table 'Rauma II' 9-max Seat #3 is the button
Seat 1: Hocigi ($0.40 in chips) 
Seat 2: mvv71 ($1.37 in chips) 
Seat 3: G3NoRozty ($3.58 in chips) 
Seat 4: trifluvien ($2.81 in chips) 
Seat 5: rspk4T ($2.52 in chips) 
Seat 6: Dorex2007 ($2 in chips) 
Seat 7: alexahk ($2.40 in chips) 
Seat 8: infiniti888 ($2.48 in chips) 
Seat 9: kamaz.48 ($2.75 in chips) 
trifluvien: posts small blind $0.01
rspk4T: posts big blind $0.02
*** HOLE CARDS ***
Dealt to Dorex2007 [6c Js]
Dorex2007: folds 
alexahk: raises $0.06 to $0.08
infiniti888: folds 
kamaz.48: folds 
Hocigi: calls $0.08
mvv71: folds 
G3NoRozty: folds 
trifluvien: folds 
rspk4T: folds 
*** FLOP *** [7s 6h Ah]
trifluvien leaves the table
alexahk: bets $0.13
Hocigi: raises $0.13 to $0.26
alexahk: folds 
Uncalled bet ($0.13) returned to Hocigi
Hocigi collected $0.43 from pot
Hocigi: doesn't show hand 
*** SUMMARY ***
Total pot $0.45 | Rake $0.02 
Board [7s 6h Ah]
Seat 1: Hocigi collected ($0.43)
Seat 2: mvv71 folded before Flop (didn't bet)
Seat 3: G3NoRozty (button) folded before Flop (didn't bet)
Seat 4: trifluvien (small blind) folded before Flop
Seat 5: rspk4T (big blind) folded before Flop
Seat 6: Dorex2007 folded before Flop (didn't bet)
Seat 7: alexahk folded on the Flop
Seat 8: infiniti888 folded before Flop (didn't bet)
Seat 9: kamaz.48 folded before Flop (didn't bet)



