PokerStars Hand #231174797484:  Hold'em No Limit ($0.01/$0.02 USD) - 2021/11/05 19:18:19 PT [2021/11/05 22:18:19 ET]
Table 'Hermippe II' 9-max Seat #3 is the button
Seat 1: TIMBERO19988 ($1.05 in chips) 
Seat 2: Dorex2007 ($2 in chips) 
Seat 3: kent330330 ($2.36 in chips) 
Seat 4: EuEraUmBebado ($1.58 in chips) 
Seat 5: abufirs ($1.55 in chips) 
Seat 6: George Grats ($2.82 in chips) 
Seat 8: Realtor59 ($1.97 in chips) 
Seat 9: irohfire ($2.83 in chips) 
EuEraUmBebado: posts small blind $0.01
abufirs: posts big blind $0.02
Dorex2007: posts big blind $0.02
*** HOLE CARDS ***
Dealt to Dorex2007 [7c 6s]
George Grats: folds 
Realtor59: folds 
irohfire: folds 
TIMBERO19988: folds 
Powned3 leaves the table
Dorex2007: checks 
kent330330: folds 
EuEraUmBebado: folds 
abufirs: checks 
*** FLOP *** [2s Kh 5s]
abufirs: checks 
Dorex2007: checks 
*** TURN *** [2s Kh 5s] [8h]
abufirs: checks 
Dorex2007: checks 
*** RIVER *** [2s Kh 5s 8h] [Kd]
abufirs: checks 
Dorex2007: checks 
*** SHOW DOWN ***
abufirs: shows [6c Qc] (a pair of Kings)
Dorex2007: mucks hand 
abufirs collected $0.05 from pot
*** SUMMARY ***
Total pot $0.05 | Rake $0 
Board [2s Kh 5s 8h Kd]
Seat 1: TIMBERO19988 folded before Flop (didn't bet)
Seat 2: Dorex2007 mucked [7c 6s]
Seat 3: kent330330 (button) folded before Flop (didn't bet)
Seat 4: EuEraUmBebado (small blind) folded before Flop
Seat 5: abufirs (big blind) showed [6c Qc] and won ($0.05) with a pair of Kings
Seat 6: George Grats folded before Flop (didn't bet)
Seat 8: Realtor59 folded before Flop (didn't bet)
Seat 9: irohfire folded before Flop (didn't bet)



PokerStars Hand #231174810628:  Hold'em No Limit ($0.01/$0.02 USD) - 2021/11/05 19:19:05 PT [2021/11/05 22:19:05 ET]
Table 'Hermippe II' 9-max Seat #4 is the button
Seat 1: TIMBERO19988 ($1.05 in chips) 
Seat 2: Dorex2007 ($2 in chips) 
Seat 3: kent330330 ($2.36 in chips) 
Seat 4: EuEraUmBebado ($1.57 in chips) 
Seat 5: abufirs ($1.58 in chips) 
Seat 6: George Grats ($2.82 in chips) 
Seat 8: Realtor59 ($1.97 in chips) 
Seat 9: irohfire ($2.83 in chips) 
abufirs: posts small blind $0.01
George Grats: posts big blind $0.02
*** HOLE CARDS ***
Dealt to Dorex2007 [Qs Td]
Realtor59: folds 
irohfire: folds 
TIMBERO19988: folds 
Dorex2007: folds 
kent330330: raises $0.03 to $0.05
EuEraUmBebado: folds 
abufirs: calls $0.04
George Grats: calls $0.03
*** FLOP *** [2c 7d Ah]
abufirs: checks 
George Grats: checks 
kent330330: bets $0.06
abufirs: calls $0.06
George Grats: folds 
*** TURN *** [2c 7d Ah] [Qc]
abufirs: checks 
kent330330: bets $0.10
abufirs: folds 
Uncalled bet ($0.10) returned to kent330330
kent330330 collected $0.26 from pot
kent330330: doesn't show hand 
*** SUMMARY ***
Total pot $0.27 | Rake $0.01 
Board [2c 7d Ah Qc]
Seat 1: TIMBERO19988 folded before Flop (didn't bet)
Seat 2: Dorex2007 folded before Flop (didn't bet)
Seat 3: kent330330 collected ($0.26)
Seat 4: EuEraUmBebado (button) folded before Flop (didn't bet)
Seat 5: abufirs (small blind) folded on the Turn
Seat 6: George Grats (big blind) folded on the Flop
Seat 8: Realtor59 folded before Flop (didn't bet)
Seat 9: irohfire folded before Flop (didn't bet)



PokerStars Hand #231174823504:  Hold'em No Limit ($0.01/$0.02 USD) - 2021/11/05 19:19:55 PT [2021/11/05 22:19:55 ET]
Table 'Hermippe II' 9-max Seat #5 is the button
Seat 1: TIMBERO19988 ($1.05 in chips) 
Seat 2: Dorex2007 ($2 in chips) 
Seat 3: kent330330 ($2.51 in chips) 
Seat 4: EuEraUmBebado ($1.57 in chips) 
Seat 5: abufirs ($1.47 in chips) 
Seat 6: George Grats ($2.77 in chips) 
Seat 8: Realtor59 ($1.97 in chips) 
Seat 9: irohfire ($2.83 in chips) 
George Grats: posts small blind $0.01
Realtor59: posts big blind $0.02
*** HOLE CARDS ***
Dealt to Dorex2007 [Kc Js]
irohfire: folds 
TIMBERO19988: folds 
Dorex2007: raises $0.04 to $0.06
kent330330: calls $0.06
EuEraUmBebado: folds 
abufirs: calls $0.06
George Grats: folds 
Realtor59: calls $0.04
*** FLOP *** [Tc 8d 6s]
Realtor59: checks 
Dorex2007: checks 
kent330330: checks 
abufirs: checks 
*** TURN *** [Tc 8d 6s] [Qs]
Realtor59: bets $0.12
blopisanz joins the table at seat #7 
Dorex2007: calls $0.12
kent330330: folds 
abufirs: calls $0.12
*** RIVER *** [Tc 8d 6s Qs] [5c]
Realtor59: checks 
Dorex2007: bets $0.20
abufirs: calls $0.20
Realtor59: folds 
*** SHOW DOWN ***
Dorex2007: shows [Kc Js] (high card King)
abufirs: shows [Jh Qd] (a pair of Queens)
abufirs collected $0.97 from pot
*** SUMMARY ***
Total pot $1.01 | Rake $0.04 
Board [Tc 8d 6s Qs 5c]
Seat 1: TIMBERO19988 folded before Flop (didn't bet)
Seat 2: Dorex2007 showed [Kc Js] and lost with high card King
Seat 3: kent330330 folded on the Turn
Seat 4: EuEraUmBebado folded before Flop (didn't bet)
Seat 5: abufirs (button) showed [Jh Qd] and won ($0.97) with a pair of Queens
Seat 6: George Grats (small blind) folded before Flop
Seat 8: Realtor59 (big blind) folded on the River
Seat 9: irohfire folded before Flop (didn't bet)



PokerStars Hand #231174842697:  Hold'em No Limit ($0.01/$0.02 USD) - 2021/11/05 19:21:10 PT [2021/11/05 22:21:10 ET]
Table 'Hermippe II' 9-max Seat #6 is the button
Seat 1: TIMBERO19988 ($1.05 in chips) 
Seat 2: Dorex2007 ($2 in chips) 
Seat 3: kent330330 ($2.45 in chips) 
Seat 4: EuEraUmBebado ($1.57 in chips) 
Seat 5: abufirs ($2.06 in chips) 
Seat 6: George Grats ($2.76 in chips) 
Seat 8: Realtor59 ($1.79 in chips) 
Seat 9: irohfire ($2.83 in chips) 
Realtor59: posts small blind $0.01
irohfire: posts big blind $0.02
*** HOLE CARDS ***
Dealt to Dorex2007 [4d Qs]
TIMBERO19988: calls $0.02
Dorex2007: folds 
kent330330: folds 
EuEraUmBebado: folds 
abufirs: folds 
George Grats: folds 
Realtor59: raises $0.04 to $0.06
irohfire: folds 
TIMBERO19988: calls $0.04
*** FLOP *** [Kd 9d 7h]
Realtor59: checks 
TIMBERO19988: checks 
*** TURN *** [Kd 9d 7h] [9c]
Realtor59: bets $0.05
TIMBERO19988: folds 
Uncalled bet ($0.05) returned to Realtor59
Realtor59 collected $0.14 from pot
Realtor59: doesn't show hand 
*** SUMMARY ***
Total pot $0.14 | Rake $0 
Board [Kd 9d 7h 9c]
Seat 1: TIMBERO19988 folded on the Turn
Seat 2: Dorex2007 folded before Flop (didn't bet)
Seat 3: kent330330 folded before Flop (didn't bet)
Seat 4: EuEraUmBebado folded before Flop (didn't bet)
Seat 5: abufirs folded before Flop (didn't bet)
Seat 6: George Grats (button) folded before Flop (didn't bet)
Seat 8: Realtor59 (small blind) collected ($0.14)
Seat 9: irohfire (big blind) folded before Flop



PokerStars Hand #231174852747:  Hold'em No Limit ($0.01/$0.02 USD) - 2021/11/05 19:21:50 PT [2021/11/05 22:21:50 ET]
Table 'Hermippe II' 9-max Seat #8 is the button
Seat 1: TIMBERO19988 ($0.99 in chips) 
Seat 2: Dorex2007 ($2 in chips) 
Seat 3: kent330330 ($2.45 in chips) 
Seat 4: EuEraUmBebado ($1.57 in chips) 
Seat 5: abufirs ($2.06 in chips) 
Seat 6: George Grats ($2.76 in chips) 
Seat 7: blopisanz ($2 in chips) 
Seat 8: Realtor59 ($1.87 in chips) 
Seat 9: irohfire ($2.81 in chips) 
irohfire: posts small blind $0.01
TIMBERO19988: posts big blind $0.02
blopisanz: posts big blind $0.02
*** HOLE CARDS ***
Dealt to Dorex2007 [Js 5c]
Dorex2007: folds 
kent330330: folds 
EuEraUmBebado: folds 
abufirs: folds 
George Grats: folds 
blopisanz: checks 
Realtor59: calls $0.02
irohfire: folds 
TIMBERO19988: checks 
*** FLOP *** [Td Jc Kd]
TIMBERO19988: checks 
blopisanz: checks 
Realtor59: checks 
*** TURN *** [Td Jc Kd] [Qc]
TIMBERO19988: bets $0.07
blopisanz: raises $1.91 to $1.98 and is all-in
Realtor59: folds 
TIMBERO19988: folds 
Uncalled bet ($1.91) returned to blopisanz
blopisanz collected $0.20 from pot
blopisanz: doesn't show hand 
*** SUMMARY ***
Total pot $0.21 | Rake $0.01 
Board [Td Jc Kd Qc]
Seat 1: TIMBERO19988 (big blind) folded on the Turn
Seat 2: Dorex2007 folded before Flop (didn't bet)
Seat 3: kent330330 folded before Flop (didn't bet)
Seat 4: EuEraUmBebado folded before Flop (didn't bet)
Seat 5: abufirs folded before Flop (didn't bet)
Seat 6: George Grats folded before Flop (didn't bet)
Seat 7: blopisanz collected ($0.20)
Seat 8: Realtor59 (button) folded on the Turn
Seat 9: irohfire (small blind) folded before Flop



PokerStars Hand #231174881296:  Hold'em No Limit ($0.01/$0.02 USD) - 2021/11/05 19:22:40 PT [2021/11/05 22:22:40 ET]
Table 'Hermippe II' 9-max Seat #9 is the button
Seat 1: TIMBERO19988 ($0.90 in chips) 
Seat 2: Dorex2007 ($2 in chips) 
Seat 3: kent330330 ($2.45 in chips) 
Seat 4: EuEraUmBebado ($1.57 in chips) 
Seat 5: abufirs ($2.06 in chips) 
Seat 6: George Grats ($2.76 in chips) 
Seat 7: blopisanz ($2.11 in chips) 
Seat 8: Realtor59 ($1.85 in chips) 
Seat 9: irohfire ($2.80 in chips) 
TIMBERO19988: posts small blind $0.01
Dorex2007: posts big blind $0.02
*** HOLE CARDS ***
Dealt to Dorex2007 [8s 5h]
kent330330: folds 
EuEraUmBebado: folds 
abufirs: raises $0.06 to $0.08
George Grats: folds 
blopisanz: folds 
Realtor59: folds 
irohfire: folds 
TIMBERO19988: folds 
Dorex2007: folds 
Uncalled bet ($0.06) returned to abufirs
abufirs collected $0.05 from pot
*** SUMMARY ***
Total pot $0.05 | Rake $0 
Seat 1: TIMBERO19988 (small blind) folded before Flop
Seat 2: Dorex2007 (big blind) folded before Flop
Seat 3: kent330330 folded before Flop (didn't bet)
Seat 4: EuEraUmBebado folded before Flop (didn't bet)
Seat 5: abufirs collected ($0.05)
Seat 6: George Grats folded before Flop (didn't bet)
Seat 7: blopisanz folded before Flop (didn't bet)
Seat 8: Realtor59 folded before Flop (didn't bet)
Seat 9: irohfire (button) folded before Flop (didn't bet)



PokerStars Hand #231174889606:  Hold'em No Limit ($0.01/$0.02 USD) - 2021/11/05 19:23:14 PT [2021/11/05 22:23:14 ET]
Table 'Hermippe II' 9-max Seat #1 is the button
Seat 1: TIMBERO19988 ($0.89 in chips) 
Seat 2: Dorex2007 ($2 in chips) 
Seat 3: kent330330 ($2.45 in chips) 
Seat 4: EuEraUmBebado ($1.57 in chips) 
Seat 5: abufirs ($2.09 in chips) 
Seat 6: George Grats ($2.76 in chips) 
Seat 7: blopisanz ($2.11 in chips) 
Seat 8: Realtor59 ($1.85 in chips) 
Seat 9: irohfire ($2.80 in chips) 
Dorex2007: posts small blind $0.01
kent330330: posts big blind $0.02
*** HOLE CARDS ***
Dealt to Dorex2007 [As 6c]
EuEraUmBebado: folds 
abufirs: folds 
George Grats: raises $0.04 to $0.06
blopisanz: folds 
Realtor59: folds 
irohfire: folds 
TIMBERO19988: calls $0.06
Dorex2007: folds 
kent330330: calls $0.04
*** FLOP *** [6d 6h 7c]
kent330330: checks 
George Grats: checks 
TIMBERO19988: checks 
*** TURN *** [6d 6h 7c] [Jh]
kent330330: checks 
George Grats: checks 
TIMBERO19988: checks 
*** RIVER *** [6d 6h 7c Jh] [5d]
kent330330: checks 
George Grats: checks 
TIMBERO19988: checks 
*** SHOW DOWN ***
kent330330: shows [Tc 9c] (a pair of Sixes)
George Grats: shows [Qc Kh] (a pair of Sixes - King kicker)
TIMBERO19988: shows [Qs 5s] (two pair, Sixes and Fives)
TIMBERO19988 collected $0.18 from pot
*** SUMMARY ***
Total pot $0.19 | Rake $0.01 
Board [6d 6h 7c Jh 5d]
Seat 1: TIMBERO19988 (button) showed [Qs 5s] and won ($0.18) with two pair, Sixes and Fives
Seat 2: Dorex2007 (small blind) folded before Flop
Seat 3: kent330330 (big blind) showed [Tc 9c] and lost with a pair of Sixes
Seat 4: EuEraUmBebado folded before Flop (didn't bet)
Seat 5: abufirs folded before Flop (didn't bet)
Seat 6: George Grats showed [Qc Kh] and lost with a pair of Sixes
Seat 7: blopisanz folded before Flop (didn't bet)
Seat 8: Realtor59 folded before Flop (didn't bet)
Seat 9: irohfire folded before Flop (didn't bet)



PokerStars Hand #231174906056:  Hold'em No Limit ($0.01/$0.02 USD) - 2021/11/05 19:24:19 PT [2021/11/05 22:24:19 ET]
Table 'Hermippe II' 9-max Seat #2 is the button
Seat 1: TIMBERO19988 ($1.01 in chips) 
Seat 2: Dorex2007 ($2 in chips) 
Seat 3: kent330330 ($2.39 in chips) 
Seat 4: EuEraUmBebado ($1.57 in chips) 
Seat 5: abufirs ($2.09 in chips) 
Seat 6: George Grats ($2.70 in chips) 
Seat 7: blopisanz ($2.11 in chips) 
Seat 8: Realtor59 ($1.85 in chips) 
Seat 9: irohfire ($2.80 in chips) 
kent330330: posts small blind $0.01
EuEraUmBebado: posts big blind $0.02
*** HOLE CARDS ***
Dealt to Dorex2007 [Ts Kc]
abufirs: folds 
George Grats: raises $0.04 to $0.06
blopisanz: folds 
Realtor59: folds 
irohfire: folds 
TIMBERO19988: folds 
Dorex2007: folds 
kent330330: folds 
EuEraUmBebado: calls $0.04
*** FLOP *** [7s 4h 2d]
EuEraUmBebado: checks 
George Grats: bets $0.04
EuEraUmBebado: raises $0.08 to $0.12
George Grats: calls $0.08
*** TURN *** [7s 4h 2d] [9s]
EuEraUmBebado: bets $0.24
George Grats: calls $0.24
*** RIVER *** [7s 4h 2d 9s] [Jc]
EuEraUmBebado: checks 
George Grats: bets $1.23
EuEraUmBebado: folds 
Uncalled bet ($1.23) returned to George Grats
George Grats collected $0.82 from pot
George Grats: doesn't show hand 
*** SUMMARY ***
Total pot $0.85 | Rake $0.03 
Board [7s 4h 2d 9s Jc]
Seat 1: TIMBERO19988 folded before Flop (didn't bet)
Seat 2: Dorex2007 (button) folded before Flop (didn't bet)
Seat 3: kent330330 (small blind) folded before Flop
Seat 4: EuEraUmBebado (big blind) folded on the River
Seat 5: abufirs folded before Flop (didn't bet)
Seat 6: George Grats collected ($0.82)
Seat 7: blopisanz folded before Flop (didn't bet)
Seat 8: Realtor59 folded before Flop (didn't bet)
Seat 9: irohfire folded before Flop (didn't bet)



PokerStars Hand #231174930960:  Hold'em No Limit ($0.01/$0.02 USD) - 2021/11/05 19:26:00 PT [2021/11/05 22:26:00 ET]
Table 'Hermippe II' 9-max Seat #3 is the button
Seat 1: TIMBERO19988 ($1.01 in chips) 
Seat 2: Dorex2007 ($2 in chips) 
Seat 3: kent330330 ($2.38 in chips) 
Seat 4: EuEraUmBebado ($1.15 in chips) 
Seat 5: abufirs ($2.09 in chips) 
Seat 7: blopisanz ($2.11 in chips) 
Seat 8: Realtor59 ($1.85 in chips) 
Seat 9: irohfire ($2.80 in chips) 
EuEraUmBebado: posts small blind $0.01
abufirs: posts big blind $0.02
*** HOLE CARDS ***
Dealt to Dorex2007 [9c Ts]
blopisanz: folds 
Realtor59: folds 
irohfire: folds 
TIMBERO19988: calls $0.02
Dorex2007: folds 
kent330330: folds 
EuEraUmBebado: raises $0.08 to $0.10
abufirs: folds 
TIMBERO19988: calls $0.08
*** FLOP *** [2c 3h Qc]
EuEraUmBebado: bets $0.14
TIMBERO19988: calls $0.14
*** TURN *** [2c 3h Qc] [4c]
EuEraUmBebado: bets $0.32
TIMBERO19988: raises $0.45 to $0.77 and is all-in
EuEraUmBebado: folds 
Uncalled bet ($0.45) returned to TIMBERO19988
TIMBERO19988 collected $1.10 from pot
TIMBERO19988: doesn't show hand 
*** SUMMARY ***
Total pot $1.14 | Rake $0.04 
Board [2c 3h Qc 4c]
Seat 1: TIMBERO19988 collected ($1.10)
Seat 2: Dorex2007 folded before Flop (didn't bet)
Seat 3: kent330330 (button) folded before Flop (didn't bet)
Seat 4: EuEraUmBebado (small blind) folded on the Turn
Seat 5: abufirs (big blind) folded before Flop
Seat 7: blopisanz folded before Flop (didn't bet)
Seat 8: Realtor59 folded before Flop (didn't bet)
Seat 9: irohfire folded before Flop (didn't bet)



PokerStars Hand #231174949686:  Hold'em No Limit ($0.01/$0.02 USD) - 2021/11/05 19:27:16 PT [2021/11/05 22:27:16 ET]
Table 'Hermippe II' 9-max Seat #4 is the button
Seat 1: TIMBERO19988 ($1.55 in chips) 
Seat 2: Dorex2007 ($2 in chips) 
Seat 3: kent330330 ($2.38 in chips) 
Seat 4: EuEraUmBebado ($0.59 in chips) 
Seat 5: abufirs ($2.07 in chips) 
Seat 7: blopisanz ($2.11 in chips) 
Seat 8: Realtor59 ($1.85 in chips) 
Seat 9: irohfire ($2.80 in chips) 
abufirs: posts small blind $0.01
blopisanz: posts big blind $0.02
*** HOLE CARDS ***
Dealt to Dorex2007 [4d Jc]
Realtor59: folds 
irohfire: raises $0.02 to $0.04
TIMBERO19988: calls $0.04
Dorex2007: folds 
kent330330: folds 
EuEraUmBebado: raises $0.08 to $0.12
abufirs: folds 
blopisanz: folds 
irohfire: folds 
TIMBERO19988: calls $0.08
*** FLOP *** [4h 6c Ah]
TIMBERO19988: checks 
EuEraUmBebado: checks 
*** TURN *** [4h 6c Ah] [3c]
TIMBERO19988: checks 
EuEraUmBebado: bets $0.16
TIMBERO19988: folds 
Uncalled bet ($0.16) returned to EuEraUmBebado
EuEraUmBebado collected $0.30 from pot
EuEraUmBebado: doesn't show hand 
*** SUMMARY ***
Total pot $0.31 | Rake $0.01 
Board [4h 6c Ah 3c]
Seat 1: TIMBERO19988 folded on the Turn
Seat 2: Dorex2007 folded before Flop (didn't bet)
Seat 3: kent330330 folded before Flop (didn't bet)
Seat 4: EuEraUmBebado (button) collected ($0.30)
Seat 5: abufirs (small blind) folded before Flop
Seat 7: blopisanz (big blind) folded before Flop
Seat 8: Realtor59 folded before Flop (didn't bet)
Seat 9: irohfire folded before Flop



PokerStars Hand #231174964248:  Hold'em No Limit ($0.01/$0.02 USD) - 2021/11/05 19:28:15 PT [2021/11/05 22:28:15 ET]
Table 'Hermippe II' 9-max Seat #5 is the button
Seat 1: TIMBERO19988 ($1.43 in chips) 
Seat 2: Dorex2007 ($2 in chips) 
Seat 3: kent330330 ($2.38 in chips) 
Seat 4: EuEraUmBebado ($0.77 in chips) 
Seat 5: abufirs ($2.06 in chips) 
Seat 7: blopisanz ($2.09 in chips) 
Seat 8: Realtor59 ($1.85 in chips) 
Seat 9: irohfire ($2.76 in chips) 
blopisanz: posts small blind $0.01
Realtor59: posts big blind $0.02
*** HOLE CARDS ***
Dealt to Dorex2007 [Kc 7d]
irohfire has timed out
irohfire: folds 
TIMBERO19988: folds 
Dorex2007: folds 
kent330330: folds 
EuEraUmBebado: folds 
abufirs: folds 
blopisanz: folds 
Uncalled bet ($0.01) returned to Realtor59
Realtor59 collected $0.02 from pot
Realtor59: doesn't show hand 
*** SUMMARY ***
Total pot $0.02 | Rake $0 
Seat 1: TIMBERO19988 folded before Flop (didn't bet)
Seat 2: Dorex2007 folded before Flop (didn't bet)
Seat 3: kent330330 folded before Flop (didn't bet)
Seat 4: EuEraUmBebado folded before Flop (didn't bet)
Seat 5: abufirs (button) folded before Flop (didn't bet)
Seat 7: blopisanz (small blind) folded before Flop
Seat 8: Realtor59 (big blind) collected ($0.02)
Seat 9: irohfire folded before Flop (didn't bet)



PokerStars Hand #231174970873:  Hold'em No Limit ($0.01/$0.02 USD) - 2021/11/05 19:28:42 PT [2021/11/05 22:28:42 ET]
Table 'Hermippe II' 9-max Seat #7 is the button
Seat 1: TIMBERO19988 ($1.43 in chips) 
Seat 2: Dorex2007 ($2 in chips) 
Seat 3: kent330330 ($2.38 in chips) 
Seat 4: EuEraUmBebado ($0.77 in chips) 
Seat 5: abufirs ($2.06 in chips) 
Seat 7: blopisanz ($2.08 in chips) 
Seat 8: Realtor59 ($1.86 in chips) 
Seat 9: irohfire ($2.76 in chips) 
Realtor59: posts small blind $0.01
irohfire: posts big blind $0.02
*** HOLE CARDS ***
Dealt to Dorex2007 [6h Td]
TIMBERO19988: folds 
Dorex2007: folds 
kent330330: raises $0.03 to $0.05
EuEraUmBebado: folds 
abufirs: folds 
blopisanz: folds 
Realtor59: calls $0.04
irohfire: folds 
*** FLOP *** [3s 5s Qd]
Realtor59: checks 
kent330330: checks 
*** TURN *** [3s 5s Qd] [Th]
Realtor59: bets $0.04
kent330330: calls $0.04
*** RIVER *** [3s 5s Qd Th] [Qs]
Realtor59: bets $0.05
kent330330: folds 
Uncalled bet ($0.05) returned to Realtor59
Realtor59 collected $0.19 from pot
Realtor59: doesn't show hand 
*** SUMMARY ***
Total pot $0.20 | Rake $0.01 
Board [3s 5s Qd Th Qs]
Seat 1: TIMBERO19988 folded before Flop (didn't bet)
Seat 2: Dorex2007 folded before Flop (didn't bet)
Seat 3: kent330330 folded on the River
Seat 4: EuEraUmBebado folded before Flop (didn't bet)
Seat 5: abufirs folded before Flop (didn't bet)
Seat 7: blopisanz (button) folded before Flop (didn't bet)
Seat 8: Realtor59 (small blind) collected ($0.19)
Seat 9: irohfire (big blind) folded before Flop



PokerStars Hand #231174984001:  Hold'em No Limit ($0.01/$0.02 USD) - 2021/11/05 19:29:36 PT [2021/11/05 22:29:36 ET]
Table 'Hermippe II' 9-max Seat #8 is the button
Seat 1: TIMBERO19988 ($1.43 in chips) 
Seat 2: Dorex2007 ($2 in chips) 
Seat 3: kent330330 ($2.29 in chips) 
Seat 4: EuEraUmBebado ($0.77 in chips) 
Seat 5: abufirs ($2.06 in chips) 
Seat 7: blopisanz ($2.08 in chips) 
Seat 8: Realtor59 ($1.96 in chips) 
Seat 9: irohfire ($2.74 in chips) 
irohfire: posts small blind $0.01
TIMBERO19988: posts big blind $0.02
*** HOLE CARDS ***
Dealt to Dorex2007 [Ad Qh]
Dorex2007: raises $0.04 to $0.06
kent330330: folds 
EuEraUmBebado: folds 
abufirs: calls $0.06
blopisanz: folds 
Realtor59: folds 
irohfire: calls $0.05
TIMBERO19988: folds 
*** FLOP *** [Qd Jc Th]
irohfire: checks 
Dorex2007: bets $0.19
abufirs: calls $0.19
irohfire: folds 
*** TURN *** [Qd Jc Th] [5s]
Dorex2007: bets $1.75 and is all-in
abufirs: folds 
Uncalled bet ($1.75) returned to Dorex2007
Dorex2007 collected $0.56 from pot
Dorex2007: doesn't show hand 
*** SUMMARY ***
Total pot $0.58 | Rake $0.02 
Board [Qd Jc Th 5s]
Seat 1: TIMBERO19988 (big blind) folded before Flop
Seat 2: Dorex2007 collected ($0.56)
Seat 3: kent330330 folded before Flop (didn't bet)
Seat 4: EuEraUmBebado folded before Flop (didn't bet)
Seat 5: abufirs folded on the Turn
Seat 7: blopisanz folded before Flop (didn't bet)
Seat 8: Realtor59 (button) folded before Flop (didn't bet)
Seat 9: irohfire (small blind) folded on the Flop



PokerStars Hand #231174994390:  Hold'em No Limit ($0.01/$0.02 USD) - 2021/11/05 19:30:18 PT [2021/11/05 22:30:18 ET]
Table 'Hermippe II' 9-max Seat #9 is the button
Seat 1: TIMBERO19988 ($1.41 in chips) 
Seat 2: Dorex2007 ($2.31 in chips) 
Seat 3: kent330330 ($2.29 in chips) 
Seat 4: EuEraUmBebado ($0.77 in chips) 
Seat 5: abufirs ($1.81 in chips) 
Seat 7: blopisanz ($2.08 in chips) 
Seat 8: Realtor59 ($1.96 in chips) 
Seat 9: irohfire ($2.68 in chips) 
TIMBERO19988: posts small blind $0.01
Dorex2007: posts big blind $0.02
*** HOLE CARDS ***
Dealt to Dorex2007 [Td Js]
kent330330: folds 
EuEraUmBebado: raises $0.04 to $0.06
abufirs: folds 
blopisanz: folds 
Realtor59: folds 
irohfire: folds 
TIMBERO19988: folds 
Dorex2007: folds 
Uncalled bet ($0.04) returned to EuEraUmBebado
EuEraUmBebado collected $0.05 from pot
EuEraUmBebado: doesn't show hand 
*** SUMMARY ***
Total pot $0.05 | Rake $0 
Seat 1: TIMBERO19988 (small blind) folded before Flop
Seat 2: Dorex2007 (big blind) folded before Flop
Seat 3: kent330330 folded before Flop (didn't bet)
Seat 4: EuEraUmBebado collected ($0.05)
Seat 5: abufirs folded before Flop (didn't bet)
Seat 7: blopisanz folded before Flop (didn't bet)
Seat 8: Realtor59 folded before Flop (didn't bet)
Seat 9: irohfire (button) folded before Flop (didn't bet)



PokerStars Hand #231175000106:  Hold'em No Limit ($0.01/$0.02 USD) - 2021/11/05 19:30:41 PT [2021/11/05 22:30:41 ET]
Table 'Hermippe II' 9-max Seat #1 is the button
Seat 1: TIMBERO19988 ($1.40 in chips) 
Seat 2: Dorex2007 ($2.29 in chips) 
Seat 3: kent330330 ($2.29 in chips) 
Seat 4: EuEraUmBebado ($0.80 in chips) 
Seat 5: abufirs ($1.81 in chips) 
Seat 7: blopisanz ($2.08 in chips) 
Seat 8: Realtor59 ($1.96 in chips) 
Seat 9: irohfire ($2.68 in chips) 
Dorex2007: posts small blind $0.01
kent330330: posts big blind $0.02
*** HOLE CARDS ***
Dealt to Dorex2007 [Kd 4d]
EuEraUmBebado: folds 
abufirs: calls $0.02
blopisanz: folds 
Realtor59: raises $0.03 to $0.05
irohfire: calls $0.05
TIMBERO19988: folds 
Dorex2007: folds 
kent330330: folds 
abufirs is disconnected 
blopisanz is disconnected 
abufirs has timed out while disconnected
abufirs: folds 
*** FLOP *** [9s 3c 5h]
Realtor59: checks 
irohfire: bets $0.07
Realtor59: folds 
Uncalled bet ($0.07) returned to irohfire
irohfire collected $0.14 from pot
irohfire: doesn't show hand 
*** SUMMARY ***
Total pot $0.15 | Rake $0.01 
Board [9s 3c 5h]
Seat 1: TIMBERO19988 (button) folded before Flop (didn't bet)
Seat 2: Dorex2007 (small blind) folded before Flop
Seat 3: kent330330 (big blind) folded before Flop
Seat 4: EuEraUmBebado folded before Flop (didn't bet)
Seat 5: abufirs folded before Flop
Seat 7: blopisanz folded before Flop (didn't bet)
Seat 8: Realtor59 folded on the Flop
Seat 9: irohfire collected ($0.14)



PokerStars Hand #231175018953:  Hold'em No Limit ($0.01/$0.02 USD) - 2021/11/05 19:31:58 PT [2021/11/05 22:31:58 ET]
Table 'Hermippe II' 9-max Seat #2 is the button
Seat 1: TIMBERO19988 ($1.40 in chips) 
Seat 2: Dorex2007 ($2.28 in chips) 
Seat 3: kent330330 ($2.27 in chips) 
Seat 4: EuEraUmBebado ($0.80 in chips) 
Seat 7: blopisanz ($2.08 in chips) 
Seat 8: Realtor59 ($1.91 in chips) 
Seat 9: irohfire ($2.77 in chips) 
kent330330: posts small blind $0.01
EuEraUmBebado: posts big blind $0.02
*** HOLE CARDS ***
Dealt to Dorex2007 [6c 2h]
blopisanz: calls $0.02
Realtor59: folds 
irohfire: folds 
TIMBERO19988: calls $0.02
Dorex2007: folds 
kent330330: folds 
EuEraUmBebado: checks 
*** FLOP *** [2d Ks Qs]
EuEraUmBebado: checks 
blopisanz: bets $0.04
TIMBERO19988: calls $0.04
EuEraUmBebado: folds 
*** TURN *** [2d Ks Qs] [8h]
blopisanz: bets $0.06
TIMBERO19988: folds 
Uncalled bet ($0.06) returned to blopisanz
blopisanz collected $0.14 from pot
blopisanz: doesn't show hand 
*** SUMMARY ***
Total pot $0.15 | Rake $0.01 
Board [2d Ks Qs 8h]
Seat 1: TIMBERO19988 folded on the Turn
Seat 2: Dorex2007 (button) folded before Flop (didn't bet)
Seat 3: kent330330 (small blind) folded before Flop
Seat 4: EuEraUmBebado (big blind) folded on the Flop
Seat 7: blopisanz collected ($0.14)
Seat 8: Realtor59 folded before Flop (didn't bet)
Seat 9: irohfire folded before Flop (didn't bet)



PokerStars Hand #231175028717:  Hold'em No Limit ($0.01/$0.02 USD) - 2021/11/05 19:32:37 PT [2021/11/05 22:32:37 ET]
Table 'Hermippe II' 9-max Seat #3 is the button
Seat 1: TIMBERO19988 ($1.34 in chips) 
Seat 2: Dorex2007 ($2.28 in chips) 
Seat 3: kent330330 ($2.26 in chips) 
Seat 4: EuEraUmBebado ($0.78 in chips) 
Seat 7: blopisanz ($2.16 in chips) 
Seat 8: Realtor59 ($1.91 in chips) 
Seat 9: irohfire ($2.77 in chips) 
EuEraUmBebado: posts small blind $0.01
blopisanz: posts big blind $0.02
*** HOLE CARDS ***
Dealt to Dorex2007 [Ac 8d]
Realtor59: folds 
irohfire: folds 
TIMBERO19988: raises $0.02 to $0.04
Dorex2007: folds 
kent330330: folds 
EuEraUmBebado: raises $0.06 to $0.10
blopisanz: folds 
TIMBERO19988: calls $0.06
*** FLOP *** [Jh 6h 4d]
abufirs is disconnected 
EuEraUmBebado: bets $0.12
TIMBERO19988: folds 
Uncalled bet ($0.12) returned to EuEraUmBebado
EuEraUmBebado collected $0.21 from pot
EuEraUmBebado: doesn't show hand 
*** SUMMARY ***
Total pot $0.22 | Rake $0.01 
Board [Jh 6h 4d]
Seat 1: TIMBERO19988 folded on the Flop
Seat 2: Dorex2007 folded before Flop (didn't bet)
Seat 3: kent330330 (button) folded before Flop (didn't bet)
Seat 4: EuEraUmBebado (small blind) collected ($0.21)
Seat 7: blopisanz (big blind) folded before Flop
Seat 8: Realtor59 folded before Flop (didn't bet)
Seat 9: irohfire folded before Flop (didn't bet)



PokerStars Hand #231175041222:  Hold'em No Limit ($0.01/$0.02 USD) - 2021/11/05 19:33:28 PT [2021/11/05 22:33:28 ET]
Table 'Hermippe II' 9-max Seat #4 is the button
Seat 1: TIMBERO19988 ($1.24 in chips) 
Seat 2: Dorex2007 ($2.28 in chips) 
Seat 3: kent330330 ($2.26 in chips) 
Seat 4: EuEraUmBebado ($0.89 in chips) 
Seat 7: blopisanz ($2.14 in chips) 
Seat 8: Realtor59 ($1.91 in chips) 
Seat 9: irohfire ($2.77 in chips) 
blopisanz: posts small blind $0.01
Realtor59: posts big blind $0.02
*** HOLE CARDS ***
Dealt to Dorex2007 [5s Kh]
irohfire: folds 
TIMBERO19988: raises $0.02 to $0.04
Dorex2007: folds 
kent330330: folds 
EuEraUmBebado: folds 
blopisanz: folds 
abufirs is disconnected 
Realtor59: calls $0.02
*** FLOP *** [2h 7d 5h]
Realtor59: checks 
TIMBERO19988: checks 
*** TURN *** [2h 7d 5h] [Th]
Realtor59: bets $0.06
TIMBERO19988: calls $0.06
*** RIVER *** [2h 7d 5h Th] [9s]
Realtor59: bets $0.10
TIMBERO19988: calls $0.10
*** SHOW DOWN ***
Realtor59: shows [Ts Ah] (a pair of Tens)
TIMBERO19988: shows [As Tc] (a pair of Tens)
Realtor59 collected $0.20 from pot
TIMBERO19988 collected $0.20 from pot
*** SUMMARY ***
Total pot $0.41 | Rake $0.01 
Board [2h 7d 5h Th 9s]
Seat 1: TIMBERO19988 showed [As Tc] and won ($0.20) with a pair of Tens
Seat 2: Dorex2007 folded before Flop (didn't bet)
Seat 3: kent330330 folded before Flop (didn't bet)
Seat 4: EuEraUmBebado (button) folded before Flop (didn't bet)
Seat 7: blopisanz (small blind) folded before Flop
Seat 8: Realtor59 (big blind) showed [Ts Ah] and won ($0.20) with a pair of Tens
Seat 9: irohfire folded before Flop (didn't bet)



PokerStars Hand #231175053640:  Hold'em No Limit ($0.01/$0.02 USD) - 2021/11/05 19:34:19 PT [2021/11/05 22:34:19 ET]
Table 'Hermippe II' 9-max Seat #7 is the button
Seat 1: TIMBERO19988 ($1.24 in chips) 
Seat 2: Dorex2007 ($2.28 in chips) 
Seat 3: kent330330 ($2.26 in chips) 
Seat 4: EuEraUmBebado ($0.89 in chips) 
Seat 7: blopisanz ($2.13 in chips) 
Seat 8: Realtor59 ($1.91 in chips) 
Seat 9: irohfire ($2.77 in chips) 
Realtor59: posts small blind $0.01
irohfire: posts big blind $0.02
abufirs is connected 
abufirs: sits out 
*** HOLE CARDS ***
Dealt to Dorex2007 [4h 7h]
TIMBERO19988: folds 
Dorex2007: folds 
kent330330: folds 
EuEraUmBebado: raises $0.04 to $0.06
blopisanz: folds 
Realtor59: folds 
irohfire: calls $0.04
*** FLOP *** [9s 2s 2c]
irohfire: bets $0.06
EuEraUmBebado: folds 
Uncalled bet ($0.06) returned to irohfire
irohfire collected $0.13 from pot
irohfire: doesn't show hand 
*** SUMMARY ***
Total pot $0.13 | Rake $0 
Board [9s 2s 2c]
Seat 1: TIMBERO19988 folded before Flop (didn't bet)
Seat 2: Dorex2007 folded before Flop (didn't bet)
Seat 3: kent330330 folded before Flop (didn't bet)
Seat 4: EuEraUmBebado folded on the Flop
Seat 7: blopisanz (button) folded before Flop (didn't bet)
Seat 8: Realtor59 (small blind) folded before Flop
Seat 9: irohfire (big blind) collected ($0.13)



PokerStars Hand #231175068489:  Hold'em No Limit ($0.01/$0.02 USD) - 2021/11/05 19:35:19 PT [2021/11/05 22:35:19 ET]
Table 'Hermippe II' 9-max Seat #8 is the button
Seat 1: TIMBERO19988 ($1.24 in chips) 
Seat 2: Dorex2007 ($2.28 in chips) 
Seat 3: kent330330 ($2.26 in chips) 
Seat 4: EuEraUmBebado ($0.83 in chips) 
Seat 7: blopisanz ($2.13 in chips) 
Seat 8: Realtor59 ($1.90 in chips) 
Seat 9: irohfire ($2.84 in chips) 
irohfire: posts small blind $0.01
TIMBERO19988: posts big blind $0.02
abufirs is disconnected 
abufirs has timed out while disconnected
abufirs: is sitting out 
*** HOLE CARDS ***
Dealt to Dorex2007 [6h 4h]
Dorex2007: folds 
kent330330: folds 
EuEraUmBebado: folds 
blopisanz: folds 
Realtor59: raises $0.04 to $0.06
irohfire: folds 
TIMBERO19988: calls $0.04
*** FLOP *** [2d 2s 7s]
TIMBERO19988: checks 
Realtor59: checks 
*** TURN *** [2d 2s 7s] [6s]
TIMBERO19988: bets $0.06
Realtor59: folds 
Uncalled bet ($0.06) returned to TIMBERO19988
TIMBERO19988 collected $0.13 from pot
TIMBERO19988: doesn't show hand 
*** SUMMARY ***
Total pot $0.13 | Rake $0 
Board [2d 2s 7s 6s]
Seat 1: TIMBERO19988 (big blind) collected ($0.13)
Seat 2: Dorex2007 folded before Flop (didn't bet)
Seat 3: kent330330 folded before Flop (didn't bet)
Seat 4: EuEraUmBebado folded before Flop (didn't bet)
Seat 7: blopisanz folded before Flop (didn't bet)
Seat 8: Realtor59 (button) folded on the Turn
Seat 9: irohfire (small blind) folded before Flop



PokerStars Hand #231175081666:  Hold'em No Limit ($0.01/$0.02 USD) - 2021/11/05 19:36:12 PT [2021/11/05 22:36:12 ET]
Table 'Hermippe II' 9-max Seat #9 is the button
Seat 1: TIMBERO19988 ($1.31 in chips) 
Seat 2: Dorex2007 ($2.28 in chips) 
Seat 3: kent330330 ($2.26 in chips) 
Seat 4: EuEraUmBebado ($0.83 in chips) 
Seat 7: blopisanz ($2.13 in chips) 
Seat 8: Realtor59 ($1.84 in chips) 
Seat 9: irohfire ($2.83 in chips) 
TIMBERO19988: posts small blind $0.01
Dorex2007: posts big blind $0.02
George Grats: sits out 
*** HOLE CARDS ***
Dealt to Dorex2007 [7c 3s]
kent330330: folds 
EuEraUmBebado: folds 
blopisanz: raises $0.02 to $0.04
Realtor59: folds 
irohfire: folds 
TIMBERO19988: calls $0.03
Dorex2007: folds 
*** FLOP *** [2h Qh 5d]
TIMBERO19988: checks 
blopisanz: checks 
*** TURN *** [2h Qh 5d] [3d]
TIMBERO19988: checks 
blopisanz: bets $0.02
TIMBERO19988: folds 
Uncalled bet ($0.02) returned to blopisanz
blopisanz collected $0.10 from pot
blopisanz: doesn't show hand 
*** SUMMARY ***
Total pot $0.10 | Rake $0 
Board [2h Qh 5d 3d]
Seat 1: TIMBERO19988 (small blind) folded on the Turn
Seat 2: Dorex2007 (big blind) folded before Flop
Seat 3: kent330330 folded before Flop (didn't bet)
Seat 4: EuEraUmBebado folded before Flop (didn't bet)
Seat 7: blopisanz collected ($0.10)
Seat 8: Realtor59 folded before Flop (didn't bet)
Seat 9: irohfire (button) folded before Flop (didn't bet)



PokerStars Hand #231175092104:  Hold'em No Limit ($0.01/$0.02 USD) - 2021/11/05 19:36:54 PT [2021/11/05 22:36:54 ET]
Table 'Hermippe II' 9-max Seat #1 is the button
Seat 1: TIMBERO19988 ($1.27 in chips) 
Seat 2: Dorex2007 ($2.26 in chips) 
Seat 3: kent330330 ($2.26 in chips) 
Seat 4: EuEraUmBebado ($0.83 in chips) 
Seat 7: blopisanz ($2.19 in chips) 
Seat 8: Realtor59 ($1.84 in chips) 
Seat 9: irohfire ($2.83 in chips) 
Dorex2007: posts small blind $0.01
kent330330: posts big blind $0.02
George Grats: sits out 
*** HOLE CARDS ***
Dealt to Dorex2007 [9h Qs]
EuEraUmBebado: folds 
blopisanz: folds 
Realtor59: raises $0.04 to $0.06
irohfire: folds 
TIMBERO19988: folds 
Dorex2007: folds 
kent330330: folds 
Uncalled bet ($0.04) returned to Realtor59
Realtor59 collected $0.05 from pot
Realtor59: doesn't show hand 
*** SUMMARY ***
Total pot $0.05 | Rake $0 
Seat 1: TIMBERO19988 (button) folded before Flop (didn't bet)
Seat 2: Dorex2007 (small blind) folded before Flop
Seat 3: kent330330 (big blind) folded before Flop
Seat 4: EuEraUmBebado folded before Flop (didn't bet)
Seat 7: blopisanz folded before Flop (didn't bet)
Seat 8: Realtor59 collected ($0.05)
Seat 9: irohfire folded before Flop (didn't bet)



PokerStars Hand #231175096828:  Hold'em No Limit ($0.01/$0.02 USD) - 2021/11/05 19:37:13 PT [2021/11/05 22:37:13 ET]
Table 'Hermippe II' 9-max Seat #2 is the button
Seat 1: TIMBERO19988 ($1.27 in chips) 
Seat 2: Dorex2007 ($2.25 in chips) 
Seat 3: kent330330 ($2.24 in chips) 
Seat 4: EuEraUmBebado ($0.83 in chips) 
Seat 7: blopisanz ($2.19 in chips) 
Seat 8: Realtor59 ($1.87 in chips) 
Seat 9: irohfire ($2.83 in chips) 
kent330330: posts small blind $0.01
EuEraUmBebado: posts big blind $0.02
George Grats: sits out 
*** HOLE CARDS ***
Dealt to Dorex2007 [7c 8c]
blopisanz: folds 
Realtor59: raises $0.04 to $0.06
irohfire: folds 
TIMBERO19988: folds 
Dorex2007: folds 
kent330330: calls $0.05
EuEraUmBebado: folds 
*** FLOP *** [7h 3h Jd]
kent330330: checks 
Realtor59: bets $0.06
kent330330: calls $0.06
*** TURN *** [7h 3h Jd] [5s]
kent330330: bets $0.10
Realtor59: raises $0.20 to $0.30
kent330330: calls $0.20
*** RIVER *** [7h 3h Jd 5s] [Ad]
kent330330: bets $0.62
Realtor59 has timed out
Realtor59: folds 
Uncalled bet ($0.62) returned to kent330330
kent330330 collected $0.83 from pot
kent330330: doesn't show hand 
*** SUMMARY ***
Total pot $0.86 | Rake $0.03 
Board [7h 3h Jd 5s Ad]
Seat 1: TIMBERO19988 folded before Flop (didn't bet)
Seat 2: Dorex2007 (button) folded before Flop (didn't bet)
Seat 3: kent330330 (small blind) collected ($0.83)
Seat 4: EuEraUmBebado (big blind) folded before Flop
Seat 7: blopisanz folded before Flop (didn't bet)
Seat 8: Realtor59 folded on the River
Seat 9: irohfire folded before Flop (didn't bet)



PokerStars Hand #231175126230:  Hold'em No Limit ($0.01/$0.02 USD) - 2021/11/05 19:39:03 PT [2021/11/05 22:39:03 ET]
Table 'Hermippe II' 9-max Seat #3 is the button
Seat 1: TIMBERO19988 ($1.27 in chips) 
Seat 2: Dorex2007 ($2.25 in chips) 
Seat 3: kent330330 ($2.65 in chips) 
Seat 4: EuEraUmBebado ($0.81 in chips) 
Seat 5: abufirs ($1.79 in chips) 
Seat 7: blopisanz ($2.19 in chips) 
Seat 9: irohfire ($2.83 in chips) 
EuEraUmBebado: posts small blind $0.01
abufirs: posts big blind $0.02
George Grats: sits out 
*** HOLE CARDS ***
Dealt to Dorex2007 [7d Td]
blopisanz: folds 
irohfire: folds 
Realtor59 is disconnected 
TIMBERO19988: calls $0.02
Dorex2007: folds 
kent330330: folds 
EuEraUmBebado: raises $0.06 to $0.08
abufirs: folds 
TIMBERO19988: calls $0.06
*** FLOP *** [3h 8d Qd]
EuEraUmBebado: bets $0.12
TIMBERO19988: folds 
Uncalled bet ($0.12) returned to EuEraUmBebado
EuEraUmBebado collected $0.17 from pot
EuEraUmBebado: doesn't show hand 
*** SUMMARY ***
Total pot $0.18 | Rake $0.01 
Board [3h 8d Qd]
Seat 1: TIMBERO19988 folded on the Flop
Seat 2: Dorex2007 folded before Flop (didn't bet)
Seat 3: kent330330 (button) folded before Flop (didn't bet)
Seat 4: EuEraUmBebado (small blind) collected ($0.17)
Seat 5: abufirs (big blind) folded before Flop
Seat 7: blopisanz folded before Flop (didn't bet)
Seat 9: irohfire folded before Flop (didn't bet)



PokerStars Hand #231175137453:  Hold'em No Limit ($0.01/$0.02 USD) - 2021/11/05 19:39:50 PT [2021/11/05 22:39:50 ET]
Table 'Hermippe II' 9-max Seat #4 is the button
Seat 1: TIMBERO19988 ($1.19 in chips) 
Seat 2: Dorex2007 ($2.25 in chips) 
Seat 3: kent330330 ($2.65 in chips) 
Seat 4: EuEraUmBebado ($0.90 in chips) 
Seat 5: abufirs ($1.77 in chips) 
Seat 6: George Grats ($3.10 in chips) 
Seat 7: blopisanz ($2.19 in chips) 
Seat 9: irohfire ($2.83 in chips) 
abufirs: posts small blind $0.01
George Grats: posts big blind $0.02
*** HOLE CARDS ***
Dealt to Dorex2007 [2s 9c]
blopisanz: folds 
irohfire: folds 
TIMBERO19988: folds 
Dorex2007: folds 
kent330330: folds 
EuEraUmBebado: raises $0.04 to $0.06
abufirs: folds 
George Grats: folds 
Uncalled bet ($0.04) returned to EuEraUmBebado
EuEraUmBebado collected $0.05 from pot
EuEraUmBebado: doesn't show hand 
*** SUMMARY ***
Total pot $0.05 | Rake $0 
Seat 1: TIMBERO19988 folded before Flop (didn't bet)
Seat 2: Dorex2007 folded before Flop (didn't bet)
Seat 3: kent330330 folded before Flop (didn't bet)
Seat 4: EuEraUmBebado (button) collected ($0.05)
Seat 5: abufirs (small blind) folded before Flop
Seat 6: George Grats (big blind) folded before Flop
Seat 7: blopisanz folded before Flop (didn't bet)
Seat 9: irohfire folded before Flop (didn't bet)



PokerStars Hand #231175143259:  Hold'em No Limit ($0.01/$0.02 USD) - 2021/11/05 19:40:14 PT [2021/11/05 22:40:14 ET]
Table 'Hermippe II' 9-max Seat #5 is the button
Seat 1: TIMBERO19988 ($1.19 in chips) 
Seat 2: Dorex2007 ($2.25 in chips) 
Seat 3: kent330330 ($2.65 in chips) 
Seat 4: EuEraUmBebado ($0.93 in chips) 
Seat 5: abufirs ($1.76 in chips) 
Seat 6: George Grats ($3.08 in chips) 
Seat 7: blopisanz ($2.19 in chips) 
Seat 9: irohfire ($2.83 in chips) 
George Grats: posts small blind $0.01
blopisanz: posts big blind $0.02
*** HOLE CARDS ***
Dealt to Dorex2007 [8h 9h]
irohfire: folds 
TIMBERO19988: folds 
Dorex2007: folds 
kent330330: raises $0.03 to $0.05
EuEraUmBebado: folds 
abufirs: folds 
George Grats: folds 
blopisanz: folds 
Uncalled bet ($0.03) returned to kent330330
kent330330 collected $0.05 from pot
kent330330: doesn't show hand 
*** SUMMARY ***
Total pot $0.05 | Rake $0 
Seat 1: TIMBERO19988 folded before Flop (didn't bet)
Seat 2: Dorex2007 folded before Flop (didn't bet)
Seat 3: kent330330 collected ($0.05)
Seat 4: EuEraUmBebado folded before Flop (didn't bet)
Seat 5: abufirs (button) folded before Flop (didn't bet)
Seat 6: George Grats (small blind) folded before Flop
Seat 7: blopisanz (big blind) folded before Flop
Seat 9: irohfire folded before Flop (didn't bet)



PokerStars Hand #231175149062:  Hold'em No Limit ($0.01/$0.02 USD) - 2021/11/05 19:40:38 PT [2021/11/05 22:40:38 ET]
Table 'Hermippe II' 9-max Seat #6 is the button
Seat 1: TIMBERO19988 ($1.19 in chips) 
Seat 2: Dorex2007 ($2.25 in chips) 
Seat 3: kent330330 ($2.68 in chips) 
Seat 4: EuEraUmBebado ($0.93 in chips) 
Seat 5: abufirs ($1.76 in chips) 
Seat 6: George Grats ($3.07 in chips) 
Seat 7: blopisanz ($2.17 in chips) 
Seat 9: irohfire ($2.83 in chips) 
blopisanz: posts small blind $0.01
irohfire: posts big blind $0.02
*** HOLE CARDS ***
Dealt to Dorex2007 [9c 6s]
TIMBERO19988: folds 
Dorex2007: folds 
kent330330: folds 
EuEraUmBebado: folds 
abufirs: raises $0.06 to $0.08
George Grats: folds 
blopisanz: folds 
irohfire: folds 
Uncalled bet ($0.06) returned to abufirs
abufirs collected $0.05 from pot
*** SUMMARY ***
Total pot $0.05 | Rake $0 
Seat 1: TIMBERO19988 folded before Flop (didn't bet)
Seat 2: Dorex2007 folded before Flop (didn't bet)
Seat 3: kent330330 folded before Flop (didn't bet)
Seat 4: EuEraUmBebado folded before Flop (didn't bet)
Seat 5: abufirs collected ($0.05)
Seat 6: George Grats (button) folded before Flop (didn't bet)
Seat 7: blopisanz (small blind) folded before Flop
Seat 9: irohfire (big blind) folded before Flop



PokerStars Hand #231175155247:  Hold'em No Limit ($0.01/$0.02 USD) - 2021/11/05 19:41:03 PT [2021/11/05 22:41:03 ET]
Table 'Hermippe II' 9-max Seat #7 is the button
Seat 1: TIMBERO19988 ($1.19 in chips) 
Seat 2: Dorex2007 ($2.25 in chips) 
Seat 3: kent330330 ($2.68 in chips) 
Seat 4: EuEraUmBebado ($0.93 in chips) 
Seat 5: abufirs ($1.79 in chips) 
Seat 6: George Grats ($3.07 in chips) 
Seat 7: blopisanz ($2.16 in chips) 
Seat 9: irohfire ($2.81 in chips) 
irohfire: posts small blind $0.01
TIMBERO19988: posts big blind $0.02
*** HOLE CARDS ***
Dealt to Dorex2007 [Qh 7s]
Dorex2007: folds 
kent330330: folds 
EuEraUmBebado: raises $0.04 to $0.06
abufirs: folds 
George Grats: folds 
blopisanz: folds 
irohfire: folds 
TIMBERO19988: calls $0.04
*** FLOP *** [4s Qs Ad]
TIMBERO19988: checks 
EuEraUmBebado: bets $0.09
TIMBERO19988: calls $0.09
*** TURN *** [4s Qs Ad] [Ts]
TIMBERO19988: checks 
EuEraUmBebado: bets $0.23
TIMBERO19988: calls $0.23
*** RIVER *** [4s Qs Ad Ts] [4c]
TIMBERO19988: checks 
EuEraUmBebado: bets $0.55 and is all-in
TIMBERO19988: calls $0.55
*** SHOW DOWN ***
EuEraUmBebado: shows [Th Js] (two pair, Tens and Fours)
TIMBERO19988: shows [Tc Ac] (two pair, Aces and Tens)
TIMBERO19988 collected $1.80 from pot
*** SUMMARY ***
Total pot $1.87 | Rake $0.07 
Board [4s Qs Ad Ts 4c]
Seat 1: TIMBERO19988 (big blind) showed [Tc Ac] and won ($1.80) with two pair, Aces and Tens
Seat 2: Dorex2007 folded before Flop (didn't bet)
Seat 3: kent330330 folded before Flop (didn't bet)
Seat 4: EuEraUmBebado showed [Th Js] and lost with two pair, Tens and Fours
Seat 5: abufirs folded before Flop (didn't bet)
Seat 6: George Grats folded before Flop (didn't bet)
Seat 7: blopisanz (button) folded before Flop (didn't bet)
Seat 9: irohfire (small blind) folded before Flop



PokerStars Hand #231175172592:  Hold'em No Limit ($0.01/$0.02 USD) - 2021/11/05 19:42:16 PT [2021/11/05 22:42:16 ET]
Table 'Hermippe II' 9-max Seat #9 is the button
Seat 1: TIMBERO19988 ($2.06 in chips) 
Seat 2: Dorex2007 ($2.25 in chips) 
Seat 3: kent330330 ($2.68 in chips) 
Seat 5: abufirs ($1.79 in chips) 
Seat 6: George Grats ($3.07 in chips) 
Seat 7: blopisanz ($2.16 in chips) 
Seat 9: irohfire ($2.80 in chips) 
TIMBERO19988: posts small blind $0.01
Dorex2007: posts big blind $0.02
EuEraUmBebado leaves the table
Realtor59 has timed out
Realtor59: is sitting out 
*** HOLE CARDS ***
Dealt to Dorex2007 [Ts Tc]
kent330330: folds 
abufirs: calls $0.02
kent330330 leaves the table
George Grats: folds 
blopisanz: folds 
irohfire: raises $0.04 to $0.06
TIMBERO19988: calls $0.05
Dorex2007: calls $0.04
abufirs: folds 
*** FLOP *** [7c 3d Jh]
TIMBERO19988: checks 
Dorex2007: checks 
irohfire: bets $0.09
TIMBERO19988: folds 
Dorex2007: folds 
Uncalled bet ($0.09) returned to irohfire
irohfire collected $0.19 from pot
irohfire: doesn't show hand 
*** SUMMARY ***
Total pot $0.20 | Rake $0.01 
Board [7c 3d Jh]
Seat 1: TIMBERO19988 (small blind) folded on the Flop
Seat 2: Dorex2007 (big blind) folded on the Flop
Seat 3: kent330330 folded before Flop (didn't bet)
Seat 5: abufirs folded before Flop
Seat 6: George Grats folded before Flop (didn't bet)
Seat 7: blopisanz folded before Flop (didn't bet)
Seat 9: irohfire (button) collected ($0.19)



PokerStars Hand #231175186512:  Hold'em No Limit ($0.01/$0.02 USD) - 2021/11/05 19:43:13 PT [2021/11/05 22:43:13 ET]
Table 'Hermippe II' 9-max Seat #1 is the button
Seat 1: TIMBERO19988 ($2 in chips) 
Seat 2: Dorex2007 ($2.19 in chips) 
Seat 5: abufirs ($1.77 in chips) 
Seat 6: George Grats ($3.07 in chips) 
Seat 7: blopisanz ($2.16 in chips) 
Seat 9: irohfire ($2.93 in chips) 
Dorex2007: posts small blind $0.01
abufirs: posts big blind $0.02
Realtor59: sits out 
*** HOLE CARDS ***
Dealt to Dorex2007 [8s Jh]
George Grats: folds 
blopisanz has timed out
blopisanz: folds 
irohfire: folds 
TIMBERO19988: folds 
Dorex2007: folds 
Uncalled bet ($0.01) returned to abufirs
abufirs collected $0.02 from pot
*** SUMMARY ***
Total pot $0.02 | Rake $0 
Seat 1: TIMBERO19988 (button) folded before Flop (didn't bet)
Seat 2: Dorex2007 (small blind) folded before Flop
Seat 5: abufirs (big blind) collected ($0.02)
Seat 6: George Grats folded before Flop (didn't bet)
Seat 7: blopisanz folded before Flop (didn't bet)
Seat 9: irohfire folded before Flop (didn't bet)



PokerStars Hand #231175191208:  Hold'em No Limit ($0.01/$0.02 USD) - 2021/11/05 19:43:32 PT [2021/11/05 22:43:32 ET]
Table 'Hermippe II' 9-max Seat #2 is the button
Seat 1: TIMBERO19988 ($2 in chips) 
Seat 2: Dorex2007 ($2.18 in chips) 
Seat 5: abufirs ($1.78 in chips) 
Seat 6: George Grats ($3.07 in chips) 
Seat 9: irohfire ($2.93 in chips) 
abufirs: posts small blind $0.01
George Grats: posts big blind $0.02
Realtor59: sits out 
*** HOLE CARDS ***
Dealt to Dorex2007 [Qd 9s]
irohfire: folds 
TIMBERO19988: raises $0.02 to $0.04
Dorex2007: folds 
abufirs: calls $0.03
George Grats: calls $0.02
*** FLOP *** [Ad 7h Th]
abufirs: checks 
George Grats: checks 
TIMBERO19988: bets $0.12
abufirs: folds 
George Grats: folds 
Uncalled bet ($0.12) returned to TIMBERO19988
TIMBERO19988 collected $0.12 from pot
TIMBERO19988: doesn't show hand 
*** SUMMARY ***
Total pot $0.12 | Rake $0 
Board [Ad 7h Th]
Seat 1: TIMBERO19988 collected ($0.12)
Seat 2: Dorex2007 (button) folded before Flop (didn't bet)
Seat 5: abufirs (small blind) folded on the Flop
Seat 6: George Grats (big blind) folded on the Flop
Seat 9: irohfire folded before Flop (didn't bet)



PokerStars Hand #231175198925:  Hold'em No Limit ($0.01/$0.02 USD) - 2021/11/05 19:44:05 PT [2021/11/05 22:44:05 ET]
Table 'Hermippe II' 9-max Seat #5 is the button
Seat 1: TIMBERO19988 ($2.08 in chips) 
Seat 2: Dorex2007 ($2.18 in chips) 
Seat 5: abufirs ($1.74 in chips) 
Seat 6: George Grats ($3.03 in chips) 
Seat 7: blopisanz ($2.16 in chips) 
Seat 9: irohfire ($2.93 in chips) 
George Grats: posts small blind $0.01
blopisanz: posts big blind $0.02
Realtor59: sits out 
*** HOLE CARDS ***
Dealt to Dorex2007 [8h 7h]
irohfire: folds 
TIMBERO19988: raises $0.02 to $0.04
Dorex2007: folds 
abufirs: folds 
George Grats: folds 
blopisanz: folds 
Uncalled bet ($0.02) returned to TIMBERO19988
TIMBERO19988 collected $0.05 from pot
TIMBERO19988: doesn't show hand 
*** SUMMARY ***
Total pot $0.05 | Rake $0 
Seat 1: TIMBERO19988 collected ($0.05)
Seat 2: Dorex2007 folded before Flop (didn't bet)
Seat 5: abufirs (button) folded before Flop (didn't bet)
Seat 6: George Grats (small blind) folded before Flop
Seat 7: blopisanz (big blind) folded before Flop
Seat 9: irohfire folded before Flop (didn't bet)



PokerStars Hand #231175202884:  Hold'em No Limit ($0.01/$0.02 USD) - 2021/11/05 19:44:21 PT [2021/11/05 22:44:21 ET]
Table 'Hermippe II' 9-max Seat #6 is the button
Seat 1: TIMBERO19988 ($2.11 in chips) 
Seat 2: Dorex2007 ($2.18 in chips) 
Seat 5: abufirs ($1.74 in chips) 
Seat 6: George Grats ($3.02 in chips) 
Seat 7: blopisanz ($2.14 in chips) 
Seat 8: Realtor59 ($1.45 in chips) 
Seat 9: irohfire ($2.93 in chips) 
blopisanz: posts small blind $0.01
Realtor59: posts big blind $0.02
*** HOLE CARDS ***
Dealt to Dorex2007 [2d 8d]
irohfire: raises $0.04 to $0.06
TIMBERO19988: folds 
Dorex2007: folds 
abufirs: folds 
George Grats: folds 
blopisanz: folds 
Realtor59: calls $0.04
*** FLOP *** [2s Jh 5s]
Realtor59: checks 
irohfire: bets $0.06
Realtor59: calls $0.06
*** TURN *** [2s Jh 5s] [4s]
Realtor59: checks 
irohfire: bets $0.12
Realtor59: calls $0.12
*** RIVER *** [2s Jh 5s 4s] [9c]
Realtor59: checks 
irohfire: checks 
*** SHOW DOWN ***
Realtor59: shows [Qc Ks] (high card King)
irohfire: shows [Ah Jc] (a pair of Jacks)
irohfire collected $0.47 from pot
*** SUMMARY ***
Total pot $0.49 | Rake $0.02 
Board [2s Jh 5s 4s 9c]
Seat 1: TIMBERO19988 folded before Flop (didn't bet)
Seat 2: Dorex2007 folded before Flop (didn't bet)
Seat 5: abufirs folded before Flop (didn't bet)
Seat 6: George Grats (button) folded before Flop (didn't bet)
Seat 7: blopisanz (small blind) folded before Flop
Seat 8: Realtor59 (big blind) showed [Qc Ks] and lost with high card King
Seat 9: irohfire showed [Ah Jc] and won ($0.47) with a pair of Jacks



PokerStars Hand #231175211712:  Hold'em No Limit ($0.01/$0.02 USD) - 2021/11/05 19:44:59 PT [2021/11/05 22:44:59 ET]
Table 'Hermippe II' 9-max Seat #7 is the button
Seat 1: TIMBERO19988 ($2.11 in chips) 
Seat 2: Dorex2007 ($2.18 in chips) 
Seat 5: abufirs ($1.74 in chips) 
Seat 6: George Grats ($3.02 in chips) 
Seat 7: blopisanz ($2.13 in chips) 
Seat 8: Realtor59 ($1.21 in chips) 
Seat 9: irohfire ($3.16 in chips) 
Realtor59: posts small blind $0.01
irohfire: posts big blind $0.02
*** HOLE CARDS ***
Dealt to Dorex2007 [3d 4h]
TIMBERO19988: raises $0.02 to $0.04
Dorex2007: folds 
abufirs: folds 
George Grats: folds 
blopisanz: folds 
Realtor59: folds 
irohfire: folds 
Uncalled bet ($0.02) returned to TIMBERO19988
TIMBERO19988 collected $0.05 from pot
TIMBERO19988: doesn't show hand 
*** SUMMARY ***
Total pot $0.05 | Rake $0 
Seat 1: TIMBERO19988 collected ($0.05)
Seat 2: Dorex2007 folded before Flop (didn't bet)
Seat 5: abufirs folded before Flop (didn't bet)
Seat 6: George Grats folded before Flop (didn't bet)
Seat 7: blopisanz (button) folded before Flop (didn't bet)
Seat 8: Realtor59 (small blind) folded before Flop
Seat 9: irohfire (big blind) folded before Flop



PokerStars Hand #231175221757:  Hold'em No Limit ($0.01/$0.02 USD) - 2021/11/05 19:45:17 PT [2021/11/05 22:45:17 ET]
Table 'Hermippe II' 9-max Seat #8 is the button
Seat 1: TIMBERO19988 ($2.14 in chips) 
Seat 2: Dorex2007 ($2.18 in chips) 
Seat 5: abufirs ($1.74 in chips) 
Seat 6: George Grats ($3.02 in chips) 
Seat 7: blopisanz ($2.13 in chips) 
Seat 8: Realtor59 ($1.20 in chips) 
Seat 9: irohfire ($3.14 in chips) 
irohfire: posts small blind $0.01
TIMBERO19988: posts big blind $0.02
*** HOLE CARDS ***
Dealt to Dorex2007 [Qh 7s]
Dorex2007: folds 
abufirs: folds 
George Grats: folds 
blopisanz: folds 
Realtor59: folds 
irohfire: folds 
Uncalled bet ($0.01) returned to TIMBERO19988
TIMBERO19988 collected $0.02 from pot
TIMBERO19988: doesn't show hand 
*** SUMMARY ***
Total pot $0.02 | Rake $0 
Seat 1: TIMBERO19988 (big blind) collected ($0.02)
Seat 2: Dorex2007 folded before Flop (didn't bet)
Seat 5: abufirs folded before Flop (didn't bet)
Seat 6: George Grats folded before Flop (didn't bet)
Seat 7: blopisanz folded before Flop (didn't bet)
Seat 8: Realtor59 (button) folded before Flop (didn't bet)
Seat 9: irohfire (small blind) folded before Flop



PokerStars Hand #231175231271:  Hold'em No Limit ($0.01/$0.02 USD) - 2021/11/05 19:45:28 PT [2021/11/05 22:45:28 ET]
Table 'Hermippe II' 9-max Seat #9 is the button
Seat 1: TIMBERO19988 ($2.15 in chips) 
Seat 2: Dorex2007 ($2.18 in chips) 
Seat 5: abufirs ($1.74 in chips) 
Seat 6: George Grats ($3.02 in chips) 
Seat 7: blopisanz ($2.13 in chips) 
Seat 8: Realtor59 ($1.20 in chips) 
Seat 9: irohfire ($3.13 in chips) 
TIMBERO19988: posts small blind $0.01
Dorex2007: posts big blind $0.02
*** HOLE CARDS ***
Dealt to Dorex2007 [8s 4c]
abufirs: raises $0.06 to $0.08
George Grats: folds 
blopisanz: folds 
Realtor59: folds 
irohfire: folds 
TIMBERO19988: folds 
Dorex2007: folds 
Uncalled bet ($0.06) returned to abufirs
abufirs collected $0.05 from pot
*** SUMMARY ***
Total pot $0.05 | Rake $0 
Seat 1: TIMBERO19988 (small blind) folded before Flop
Seat 2: Dorex2007 (big blind) folded before Flop
Seat 5: abufirs collected ($0.05)
Seat 6: George Grats folded before Flop (didn't bet)
Seat 7: blopisanz folded before Flop (didn't bet)
Seat 8: Realtor59 folded before Flop (didn't bet)
Seat 9: irohfire (button) folded before Flop (didn't bet)



PokerStars Hand #231175235972:  Hold'em No Limit ($0.01/$0.02 USD) - 2021/11/05 19:45:47 PT [2021/11/05 22:45:47 ET]
Table 'Hermippe II' 9-max Seat #1 is the button
Seat 1: TIMBERO19988 ($2.14 in chips) 
Seat 2: Dorex2007 ($2.16 in chips) 
Seat 5: abufirs ($1.77 in chips) 
Seat 6: George Grats ($3.02 in chips) 
Seat 7: blopisanz ($2.13 in chips) 
Seat 8: Realtor59 ($2 in chips) 
Seat 9: irohfire ($3.13 in chips) 
Dorex2007: posts small blind $0.01
abufirs: posts big blind $0.02
*** HOLE CARDS ***
Dealt to Dorex2007 [8d Jh]
George Grats: folds 
blopisanz: folds 
Realtor59: folds 
irohfire: folds 
TIMBERO19988: folds 
Dorex2007: folds 
Uncalled bet ($0.01) returned to abufirs
abufirs collected $0.02 from pot
*** SUMMARY ***
Total pot $0.02 | Rake $0 
Seat 1: TIMBERO19988 (button) folded before Flop (didn't bet)
Seat 2: Dorex2007 (small blind) folded before Flop
Seat 5: abufirs (big blind) collected ($0.02)
Seat 6: George Grats folded before Flop (didn't bet)
Seat 7: blopisanz folded before Flop (didn't bet)
Seat 8: Realtor59 folded before Flop (didn't bet)
Seat 9: irohfire folded before Flop (didn't bet)



PokerStars Hand #231175241318:  Hold'em No Limit ($0.01/$0.02 USD) - 2021/11/05 19:46:10 PT [2021/11/05 22:46:10 ET]
Table 'Hermippe II' 9-max Seat #2 is the button
Seat 1: TIMBERO19988 ($2.14 in chips) 
Seat 2: Dorex2007 ($2.15 in chips) 
Seat 5: abufirs ($1.78 in chips) 
Seat 6: George Grats ($3.02 in chips) 
Seat 7: blopisanz ($2.13 in chips) 
Seat 8: Realtor59 ($2 in chips) 
Seat 9: irohfire ($3.13 in chips) 
abufirs: posts small blind $0.01
George Grats: posts big blind $0.02
*** HOLE CARDS ***
Dealt to Dorex2007 [Js 7h]
blopisanz has timed out
blopisanz: folds 
Realtor59: folds 
irohfire: folds 
TIMBERO19988: raises $0.02 to $0.04
Dorex2007: folds 
abufirs: calls $0.03
George Grats: folds 
*** FLOP *** [Td 2h 5d]
abufirs: checks 
TIMBERO19988: checks 
*** TURN *** [Td 2h 5d] [Qs]
abufirs: checks 
TIMBERO19988: checks 
*** RIVER *** [Td 2h 5d Qs] [Th]
abufirs: checks 
TIMBERO19988: checks 
*** SHOW DOWN ***
abufirs: shows [8c 6c] (a pair of Tens)
TIMBERO19988: shows [3h Kh] (a pair of Tens - King kicker)
TIMBERO19988 collected $0.10 from pot
*** SUMMARY ***
Total pot $0.10 | Rake $0 
Board [Td 2h 5d Qs Th]
Seat 1: TIMBERO19988 showed [3h Kh] and won ($0.10) with a pair of Tens
Seat 2: Dorex2007 (button) folded before Flop (didn't bet)
Seat 5: abufirs (small blind) showed [8c 6c] and lost with a pair of Tens
Seat 6: George Grats (big blind) folded before Flop
Seat 7: blopisanz folded before Flop (didn't bet)
Seat 8: Realtor59 folded before Flop (didn't bet)
Seat 9: irohfire folded before Flop (didn't bet)



PokerStars Hand #231175257688:  Hold'em No Limit ($0.01/$0.02 USD) - 2021/11/05 19:47:00 PT [2021/11/05 22:47:00 ET]
Table 'Hermippe II' 9-max Seat #5 is the button
Seat 1: TIMBERO19988 ($2.20 in chips) 
Seat 2: Dorex2007 ($2.15 in chips) 
Seat 5: abufirs ($1.74 in chips) 
Seat 6: George Grats ($3 in chips) 
Seat 7: blopisanz ($2.13 in chips) 
Seat 8: Realtor59 ($2 in chips) 
Seat 9: irohfire ($3.13 in chips) 
George Grats: posts small blind $0.01
blopisanz: posts big blind $0.02
*** HOLE CARDS ***
Dealt to Dorex2007 [5c Td]
Realtor59: folds 
irohfire: folds 
TIMBERO19988: folds 
Dorex2007: folds 
abufirs: folds 
Realtor59 leaves the table
George Grats: folds 
Uncalled bet ($0.01) returned to blopisanz
blopisanz collected $0.02 from pot
blopisanz: doesn't show hand 
*** SUMMARY ***
Total pot $0.02 | Rake $0 
Seat 1: TIMBERO19988 folded before Flop (didn't bet)
Seat 2: Dorex2007 folded before Flop (didn't bet)
Seat 5: abufirs (button) folded before Flop (didn't bet)
Seat 6: George Grats (small blind) folded before Flop
Seat 7: blopisanz (big blind) collected ($0.02)
Seat 8: Realtor59 folded before Flop (didn't bet)
Seat 9: irohfire folded before Flop (didn't bet)



PokerStars Hand #231175260786:  Hold'em No Limit ($0.01/$0.02 USD) - 2021/11/05 19:47:13 PT [2021/11/05 22:47:13 ET]
Table 'Hermippe II' 9-max Seat #6 is the button
Seat 1: TIMBERO19988 ($2.20 in chips) 
Seat 2: Dorex2007 ($2.15 in chips) 
Seat 5: abufirs ($1.74 in chips) 
Seat 6: George Grats ($2.99 in chips) 
Seat 7: blopisanz ($2.14 in chips) 
Seat 9: irohfire ($3.13 in chips) 
blopisanz: posts small blind $0.01
irohfire: posts big blind $0.02
*** HOLE CARDS ***
Dealt to Dorex2007 [5d Tc]
TIMBERO19988: folds 
Dorex2007: folds 
abufirs: folds 
George Grats: folds 
blopisanz: folds 
Uncalled bet ($0.01) returned to irohfire
irohfire collected $0.02 from pot
irohfire: doesn't show hand 
*** SUMMARY ***
Total pot $0.02 | Rake $0 
Seat 1: TIMBERO19988 folded before Flop (didn't bet)
Seat 2: Dorex2007 folded before Flop (didn't bet)
Seat 5: abufirs folded before Flop (didn't bet)
Seat 6: George Grats (button) folded before Flop (didn't bet)
Seat 7: blopisanz (small blind) folded before Flop
Seat 9: irohfire (big blind) collected ($0.02)



PokerStars Hand #231175263514:  Hold'em No Limit ($0.01/$0.02 USD) - 2021/11/05 19:47:24 PT [2021/11/05 22:47:24 ET]
Table 'Hermippe II' 9-max Seat #7 is the button
Seat 1: TIMBERO19988 ($2.20 in chips) 
Seat 2: Dorex2007 ($2.15 in chips) 
Seat 5: abufirs ($1.74 in chips) 
Seat 6: George Grats ($2.99 in chips) 
Seat 7: blopisanz ($2.13 in chips) 
Seat 9: irohfire ($3.14 in chips) 
irohfire: posts small blind $0.01
TIMBERO19988: posts big blind $0.02
*** HOLE CARDS ***
Dealt to Dorex2007 [Jd 6d]
Dorex2007: folds 
abufirs: folds 
George Grats: folds 
blopisanz: folds 
irohfire: folds 
Uncalled bet ($0.01) returned to TIMBERO19988
TIMBERO19988 collected $0.02 from pot
TIMBERO19988: doesn't show hand 
*** SUMMARY ***
Total pot $0.02 | Rake $0 
Seat 1: TIMBERO19988 (big blind) collected ($0.02)
Seat 2: Dorex2007 folded before Flop (didn't bet)
Seat 5: abufirs folded before Flop (didn't bet)
Seat 6: George Grats folded before Flop (didn't bet)
Seat 7: blopisanz (button) folded before Flop (didn't bet)
Seat 9: irohfire (small blind) folded before Flop



PokerStars Hand #231175267598:  Hold'em No Limit ($0.01/$0.02 USD) - 2021/11/05 19:47:42 PT [2021/11/05 22:47:42 ET]
Table 'Hermippe II' 9-max Seat #9 is the button
Seat 1: TIMBERO19988 ($2.21 in chips) 
Seat 2: Dorex2007 ($2.15 in chips) 
Seat 5: abufirs ($1.74 in chips) 
Seat 6: George Grats ($2.99 in chips) 
Seat 7: blopisanz ($2.13 in chips) 
Seat 9: irohfire ($3.13 in chips) 
TIMBERO19988: posts small blind $0.01
Dorex2007: posts big blind $0.02
*** HOLE CARDS ***
Dealt to Dorex2007 [6d Tc]
abufirs: folds 
George Grats: raises $0.04 to $0.06
blopisanz: folds 
irohfire: folds 
TIMBERO19988: calls $0.05
Dorex2007: folds 
*** FLOP *** [Jc Kd Kh]
TIMBERO19988: checks 
George Grats: checks 
*** TURN *** [Jc Kd Kh] [3d]
TIMBERO19988: checks 
George Grats: bets $0.04
TIMBERO19988: folds 
Uncalled bet ($0.04) returned to George Grats
George Grats collected $0.14 from pot
George Grats: doesn't show hand 
*** SUMMARY ***
Total pot $0.14 | Rake $0 
Board [Jc Kd Kh 3d]
Seat 1: TIMBERO19988 (small blind) folded on the Turn
Seat 2: Dorex2007 (big blind) folded before Flop
Seat 5: abufirs folded before Flop (didn't bet)
Seat 6: George Grats collected ($0.14)
Seat 7: blopisanz folded before Flop (didn't bet)
Seat 9: irohfire (button) folded before Flop (didn't bet)



PokerStars Hand #231175275576:  Hold'em No Limit ($0.01/$0.02 USD) - 2021/11/05 19:48:15 PT [2021/11/05 22:48:15 ET]
Table 'Hermippe II' 9-max Seat #1 is the button
Seat 1: TIMBERO19988 ($2.15 in chips) 
Seat 2: Dorex2007 ($2.13 in chips) 
Seat 5: abufirs ($1.74 in chips) 
Seat 6: George Grats ($3.07 in chips) 
Seat 7: blopisanz ($2.13 in chips) 
Seat 9: irohfire ($3.13 in chips) 
Dorex2007: posts small blind $0.01
abufirs: posts big blind $0.02
*** HOLE CARDS ***
Dealt to Dorex2007 [Qs Qd]
George Grats: folds 
blopisanz: folds 
irohfire: folds 
TIMBERO19988: folds 
Dorex2007: raises $0.04 to $0.06
abufirs: calls $0.04
*** FLOP *** [Ah 6c 9h]
Dorex2007: bets $0.06
abufirs: folds 
Uncalled bet ($0.06) returned to Dorex2007
Dorex2007 collected $0.12 from pot
Dorex2007: doesn't show hand 
*** SUMMARY ***
Total pot $0.12 | Rake $0 
Board [Ah 6c 9h]
Seat 1: TIMBERO19988 (button) folded before Flop (didn't bet)
Seat 2: Dorex2007 (small blind) collected ($0.12)
Seat 5: abufirs (big blind) folded on the Flop
Seat 6: George Grats folded before Flop (didn't bet)
Seat 7: blopisanz folded before Flop (didn't bet)
Seat 9: irohfire folded before Flop (didn't bet)



PokerStars Hand #231175280800:  Hold'em No Limit ($0.01/$0.02 USD) - 2021/11/05 19:48:38 PT [2021/11/05 22:48:38 ET]
Table 'Hermippe II' 9-max Seat #2 is the button
Seat 1: TIMBERO19988 ($2.15 in chips) 
Seat 2: Dorex2007 ($2.19 in chips) 
Seat 5: abufirs ($1.68 in chips) 
Seat 6: George Grats ($3.07 in chips) 
Seat 7: blopisanz ($2.13 in chips) 
Seat 9: irohfire ($3.13 in chips) 
abufirs: posts small blind $0.01
George Grats: posts big blind $0.02
*** HOLE CARDS ***
Dealt to Dorex2007 [As 8h]
blopisanz: calls $0.02
irohfire: folds 
TIMBERO19988: calls $0.02
Dorex2007: folds 
abufirs: raises $0.06 to $0.08
George Grats: raises $0.32 to $0.40
blopisanz: folds 
TIMBERO19988: folds 
abufirs: folds 
Uncalled bet ($0.32) returned to George Grats
George Grats collected $0.20 from pot
George Grats: doesn't show hand 
*** SUMMARY ***
Total pot $0.20 | Rake $0 
Seat 1: TIMBERO19988 folded before Flop
Seat 2: Dorex2007 (button) folded before Flop (didn't bet)
Seat 5: abufirs (small blind) folded before Flop
Seat 6: George Grats (big blind) collected ($0.20)
Seat 7: blopisanz folded before Flop
Seat 9: irohfire folded before Flop (didn't bet)



PokerStars Hand #231175291459:  Hold'em No Limit ($0.01/$0.02 USD) - 2021/11/05 19:49:23 PT [2021/11/05 22:49:23 ET]
Table 'Hermippe II' 9-max Seat #5 is the button
Seat 1: TIMBERO19988 ($2.13 in chips) 
Seat 2: Dorex2007 ($2.19 in chips) 
Seat 5: abufirs ($1.60 in chips) 
Seat 6: George Grats ($3.19 in chips) 
Seat 7: blopisanz ($2.11 in chips) 
Seat 9: irohfire ($3.13 in chips) 
George Grats: posts small blind $0.01
blopisanz: posts big blind $0.02
*** HOLE CARDS ***
Dealt to Dorex2007 [4h Qs]
irohfire: folds 
TIMBERO19988: folds 
Dorex2007: folds 
abufirs: folds 
George Grats: raises $0.04 to $0.06
blopisanz: folds 
Uncalled bet ($0.04) returned to George Grats
George Grats collected $0.04 from pot
George Grats: doesn't show hand 
*** SUMMARY ***
Total pot $0.04 | Rake $0 
Seat 1: TIMBERO19988 folded before Flop (didn't bet)
Seat 2: Dorex2007 folded before Flop (didn't bet)
Seat 5: abufirs (button) folded before Flop (didn't bet)
Seat 6: George Grats (small blind) collected ($0.04)
Seat 7: blopisanz (big blind) folded before Flop
Seat 9: irohfire folded before Flop (didn't bet)



PokerStars Hand #231175294104:  Hold'em No Limit ($0.01/$0.02 USD) - 2021/11/05 19:49:35 PT [2021/11/05 22:49:35 ET]
Table 'Hermippe II' 9-max Seat #6 is the button
Seat 1: TIMBERO19988 ($2.13 in chips) 
Seat 2: Dorex2007 ($2.19 in chips) 
Seat 5: abufirs ($1.60 in chips) 
Seat 6: George Grats ($3.21 in chips) 
Seat 7: blopisanz ($2.09 in chips) 
Seat 9: irohfire ($3.13 in chips) 
blopisanz: posts small blind $0.01
irohfire: posts big blind $0.02
*** HOLE CARDS ***
Dealt to Dorex2007 [5c Tc]
TIMBERO19988: raises $0.05 to $0.07
Dorex2007: folds 
abufirs: folds 
George Grats: folds 
blopisanz: folds 
irohfire: folds 
Uncalled bet ($0.05) returned to TIMBERO19988
TIMBERO19988 collected $0.05 from pot
TIMBERO19988: doesn't show hand 
*** SUMMARY ***
Total pot $0.05 | Rake $0 
Seat 1: TIMBERO19988 collected ($0.05)
Seat 2: Dorex2007 folded before Flop (didn't bet)
Seat 5: abufirs folded before Flop (didn't bet)
Seat 6: George Grats (button) folded before Flop (didn't bet)
Seat 7: blopisanz (small blind) folded before Flop
Seat 9: irohfire (big blind) folded before Flop



PokerStars Hand #231175297920:  Hold'em No Limit ($0.01/$0.02 USD) - 2021/11/05 19:49:51 PT [2021/11/05 22:49:51 ET]
Table 'Hermippe II' 9-max Seat #7 is the button
Seat 1: TIMBERO19988 ($2.16 in chips) 
Seat 2: Dorex2007 ($2.19 in chips) 
Seat 5: abufirs ($1.60 in chips) 
Seat 6: George Grats ($3.21 in chips) 
Seat 7: blopisanz ($2.08 in chips) 
Seat 9: irohfire ($3.11 in chips) 
irohfire: posts small blind $0.01
TIMBERO19988: posts big blind $0.02
*** HOLE CARDS ***
Dealt to Dorex2007 [9h Jh]
Dorex2007: folds 
abufirs: folds 
George Grats: folds 
blopisanz: folds 
irohfire: folds 
Uncalled bet ($0.01) returned to TIMBERO19988
TIMBERO19988 collected $0.02 from pot
TIMBERO19988: doesn't show hand 
*** SUMMARY ***
Total pot $0.02 | Rake $0 
Seat 1: TIMBERO19988 (big blind) collected ($0.02)
Seat 2: Dorex2007 folded before Flop (didn't bet)
Seat 5: abufirs folded before Flop (didn't bet)
Seat 6: George Grats folded before Flop (didn't bet)
Seat 7: blopisanz (button) folded before Flop (didn't bet)
Seat 9: irohfire (small blind) folded before Flop



