PokerStars Hand #224123715244:  Hold'em No Limit ($0.01/$0.02 USD) - 2021/02/22 17:48:11 PT [2021/02/22 20:48:11 ET]
Table 'Mizuho VI' 9-max Seat #1 is the button
Seat 1: wily420 ($0.30 in chips) 
Seat 2: Dmitriy94942 ($1.06 in chips) 
Seat 3: Derstwer ($1.78 in chips) 
Seat 4: 24karaati ($0.43 in chips) 
Seat 5: Typyha ($1.75 in chips) 
Seat 6: maxxsime666 ($1.96 in chips) 
Seat 7: Ak.Keb ($2.16 in chips) 
Seat 8: Dorex2007 ($1.50 in chips) 
Dmitriy94942: posts small blind $0.01
Derstwer: posts big blind $0.02
Dorex2007: posts big blind $0.02
BanneyB: sits out 
*** HOLE CARDS ***
Dealt to Dorex2007 [2s 3c]
24karaati: folds 
Typyha: calls $0.02
maxxsime666: folds 
Ak.Keb: folds 
Dorex2007: checks 
wily420: calls $0.02
Dmitriy94942: calls $0.01
Derstwer: raises $0.08 to $0.10
Typyha: folds 
Dorex2007: folds 
wily420: raises $0.20 to $0.30 and is all-in
Dmitriy94942: folds 
Derstwer: calls $0.20
*** FLOP *** [Ah Tc 9h]
*** TURN *** [Ah Tc 9h] [Ac]
*** RIVER *** [Ah Tc 9h Ac] [Qs]
*** SHOW DOWN ***
Derstwer: shows [Js Ks] (a straight, Ten to Ace)
wily420: shows [3s Ad] (three of a kind, Aces)
Derstwer collected $0.64 from pot
*** SUMMARY ***
Total pot $0.66 | Rake $0.02 
Board [Ah Tc 9h Ac Qs]
Seat 1: wily420 (button) showed [3s Ad] and lost with three of a kind, Aces
Seat 2: Dmitriy94942 (small blind) folded before Flop
Seat 3: Derstwer (big blind) showed [Js Ks] and won ($0.64) with a straight, Ten to Ace
Seat 4: 24karaati folded before Flop (didn't bet)
Seat 5: Typyha folded before Flop
Seat 6: maxxsime666 folded before Flop (didn't bet)
Seat 7: Ak.Keb folded before Flop (didn't bet)
Seat 8: Dorex2007 folded before Flop (didn't bet)



PokerStars Hand #224123729574:  Hold'em No Limit ($0.01/$0.02 USD) - 2021/02/22 17:48:56 PT [2021/02/22 20:48:56 ET]
Table 'Mizuho VI' 9-max Seat #2 is the button
Seat 2: Dmitriy94942 ($1.04 in chips) 
Seat 3: Derstwer ($2.12 in chips) 
Seat 4: 24karaati ($0.43 in chips) 
Seat 5: Typyha ($1.73 in chips) 
Seat 6: maxxsime666 ($1.96 in chips) 
Seat 7: Ak.Keb ($2.16 in chips) 
Seat 8: Dorex2007 ($1.48 in chips) 
Derstwer: posts small blind $0.01
24karaati: posts big blind $0.02
BanneyB: sits out 
*** HOLE CARDS ***
Dealt to Dorex2007 [Th 6s]
wily420 leaves the table
Typyha: raises $0.02 to $0.04
maxxsime666: calls $0.04
Ak.Keb: folds 
Dorex2007: folds 
Dmitriy94942: folds 
Derstwer: folds 
24karaati: folds 
*** FLOP *** [7h 7s 4d]
Typyha: bets $0.04
maxxsime666: calls $0.04
*** TURN *** [7h 7s 4d] [7c]
SimplyDiDz joins the table at seat #1 
Typyha: checks 
maxxsime666: bets $0.09
Typyha: calls $0.09
*** RIVER *** [7h 7s 4d 7c] [4h]
Typyha: checks 
maxxsime666: bets $0.22
Typyha: calls $0.22
*** SHOW DOWN ***
maxxsime666: shows [Ac 8d] (a full house, Sevens full of Fours)
Typyha: shows [Qc Kc] (a full house, Sevens full of Fours)
Typyha collected $0.39 from pot
maxxsime666 collected $0.39 from pot
*** SUMMARY ***
Total pot $0.81 | Rake $0.03 
Board [7h 7s 4d 7c 4h]
Seat 2: Dmitriy94942 (button) folded before Flop (didn't bet)
Seat 3: Derstwer (small blind) folded before Flop
Seat 4: 24karaati (big blind) folded before Flop
Seat 5: Typyha showed [Qc Kc] and won ($0.39) with a full house, Sevens full of Fours
Seat 6: maxxsime666 showed [Ac 8d] and won ($0.39) with a full house, Sevens full of Fours
Seat 7: Ak.Keb folded before Flop (didn't bet)
Seat 8: Dorex2007 folded before Flop (didn't bet)



PokerStars Hand #224123748362:  Hold'em No Limit ($0.01/$0.02 USD) - 2021/02/22 17:49:54 PT [2021/02/22 20:49:54 ET]
Table 'Mizuho VI' 9-max Seat #3 is the button
Seat 1: SimplyDiDz ($2 in chips) 
Seat 2: Dmitriy94942 ($1.04 in chips) 
Seat 3: Derstwer ($2.11 in chips) 
Seat 4: 24karaati ($0.41 in chips) 
Seat 5: Typyha ($1.73 in chips) 
Seat 6: maxxsime666 ($1.96 in chips) 
Seat 7: Ak.Keb ($2.16 in chips) 
Seat 8: Dorex2007 ($1.48 in chips) 
24karaati: posts small blind $0.01
Typyha: posts big blind $0.02
BanneyB: sits out 
SimplyDiDz: posts big blind $0.02
*** HOLE CARDS ***
Dealt to Dorex2007 [2c Jd]
maxxsime666: folds 
Ak.Keb: folds 
Dorex2007: folds 
SimplyDiDz: checks 
Dmitriy94942: calls $0.02
Derstwer: calls $0.02
24karaati: folds 
Typyha: checks 
*** FLOP *** [Jh 4c 7d]
Typyha: checks 
SimplyDiDz: bets $0.04
Dmitriy94942: calls $0.04
Derstwer: folds 
Typyha: folds 
*** TURN *** [Jh 4c 7d] [8h]
SimplyDiDz: checks 
Dmitriy94942: checks 
*** RIVER *** [Jh 4c 7d 8h] [2d]
SimplyDiDz: bets $0.02
Dmitriy94942: raises $0.08 to $0.10
SimplyDiDz: folds 
Uncalled bet ($0.08) returned to Dmitriy94942
Dmitriy94942 collected $0.20 from pot
Dmitriy94942: doesn't show hand 
*** SUMMARY ***
Total pot $0.21 | Rake $0.01 
Board [Jh 4c 7d 8h 2d]
Seat 1: SimplyDiDz folded on the River
Seat 2: Dmitriy94942 collected ($0.20)
Seat 3: Derstwer (button) folded on the Flop
Seat 4: 24karaati (small blind) folded before Flop
Seat 5: Typyha (big blind) folded on the Flop
Seat 6: maxxsime666 folded before Flop (didn't bet)
Seat 7: Ak.Keb folded before Flop (didn't bet)
Seat 8: Dorex2007 folded before Flop (didn't bet)



PokerStars Hand #224123777126:  Hold'em No Limit ($0.01/$0.02 USD) - 2021/02/22 17:50:55 PT [2021/02/22 20:50:55 ET]
Table 'Mizuho VI' 9-max Seat #4 is the button
Seat 1: SimplyDiDz ($1.92 in chips) 
Seat 2: Dmitriy94942 ($1.16 in chips) 
Seat 3: Derstwer ($2.09 in chips) 
Seat 4: 24karaati ($0.40 in chips) 
Seat 5: Typyha ($1.71 in chips) 
Seat 6: maxxsime666 ($1.96 in chips) 
Seat 7: Ak.Keb ($2.16 in chips) 
Seat 8: Dorex2007 ($1.48 in chips) 
Typyha: posts small blind $0.01
maxxsime666: posts big blind $0.02
BanneyB: sits out 
*** HOLE CARDS ***
Dealt to Dorex2007 [5s 5h]
Ak.Keb: folds 
Dorex2007: calls $0.02
SimplyDiDz: raises $0.02 to $0.04
Dmitriy94942: calls $0.04
Derstwer: folds 
Derstwer leaves the table
24karaati: raises $0.06 to $0.10
fcgustavito joins the table at seat #3 
Typyha: folds 
maxxsime666: calls $0.08
Dorex2007: folds 
SimplyDiDz: calls $0.06
Dmitriy94942: calls $0.06
*** FLOP *** [Qd 8s 5c]
maxxsime666: checks 
SimplyDiDz: checks 
Dmitriy94942: checks 
24karaati: bets $0.16
maxxsime666: raises $1.70 to $1.86 and is all-in
SimplyDiDz: folds 
Dmitriy94942: folds 
24karaati: calls $0.14 and is all-in
Uncalled bet ($1.56) returned to maxxsime666
*** TURN *** [Qd 8s 5c] [7s]
*** RIVER *** [Qd 8s 5c 7s] [2h]
*** SHOW DOWN ***
maxxsime666: shows [6s 6h] (a pair of Sixes)
24karaati: shows [Qc 8c] (two pair, Queens and Eights)
24karaati collected $0.99 from pot
*** SUMMARY ***
Total pot $1.03 | Rake $0.04 
Board [Qd 8s 5c 7s 2h]
Seat 1: SimplyDiDz folded on the Flop
Seat 2: Dmitriy94942 folded on the Flop
Seat 3: Derstwer folded before Flop (didn't bet)
Seat 4: 24karaati (button) showed [Qc 8c] and won ($0.99) with two pair, Queens and Eights
Seat 5: Typyha (small blind) folded before Flop
Seat 6: maxxsime666 (big blind) showed [6s 6h] and lost with a pair of Sixes
Seat 7: Ak.Keb folded before Flop (didn't bet)
Seat 8: Dorex2007 folded before Flop



PokerStars Hand #224123798874:  Hold'em No Limit ($0.01/$0.02 USD) - 2021/02/22 17:52:03 PT [2021/02/22 20:52:03 ET]
Table 'Mizuho VI' 9-max Seat #5 is the button
Seat 1: SimplyDiDz ($1.82 in chips) 
Seat 2: Dmitriy94942 ($1.06 in chips) 
Seat 4: 24karaati ($0.99 in chips) 
Seat 5: Typyha ($1.70 in chips) 
Seat 6: maxxsime666 ($1.56 in chips) 
Seat 7: Ak.Keb ($2.16 in chips) 
Seat 8: Dorex2007 ($1.46 in chips) 
maxxsime666: posts small blind $0.01
Ak.Keb: posts big blind $0.02
BanneyB: sits out 
fcgustavito: sits out 
*** HOLE CARDS ***
Dealt to Dorex2007 [Ad 3c]
Dorex2007: folds 
SimplyDiDz: folds 
Dmitriy94942: calls $0.02
24karaati: folds 
Typyha: folds 
maxxsime666: calls $0.01
Ak.Keb: checks 
*** FLOP *** [9s 2s Th]
maxxsime666: checks 
Ak.Keb: checks 
Dmitriy94942: bets $0.04
maxxsime666: calls $0.04
Ak.Keb: folds 
*** TURN *** [9s 2s Th] [Qd]
maxxsime666: checks 
Dmitriy94942: bets $0.04
maxxsime666: calls $0.04
*** RIVER *** [9s 2s Th Qd] [9d]
maxxsime666: checks 
Dmitriy94942: bets $0.10
maxxsime666: calls $0.10
*** SHOW DOWN ***
Dmitriy94942: shows [Qh Tc] (two pair, Queens and Tens)
maxxsime666: mucks hand 
Dmitriy94942 collected $0.41 from pot
*** SUMMARY ***
Total pot $0.42 | Rake $0.01 
Board [9s 2s Th Qd 9d]
Seat 1: SimplyDiDz folded before Flop (didn't bet)
Seat 2: Dmitriy94942 showed [Qh Tc] and won ($0.41) with two pair, Queens and Tens
Seat 4: 24karaati folded before Flop (didn't bet)
Seat 5: Typyha (button) folded before Flop (didn't bet)
Seat 6: maxxsime666 (small blind) mucked [Qc Jh]
Seat 7: Ak.Keb (big blind) folded on the Flop
Seat 8: Dorex2007 folded before Flop (didn't bet)



PokerStars Hand #224123822626:  Hold'em No Limit ($0.01/$0.02 USD) - 2021/02/22 17:53:18 PT [2021/02/22 20:53:18 ET]
Table 'Mizuho VI' 9-max Seat #6 is the button
Seat 1: SimplyDiDz ($1.82 in chips) 
Seat 2: Dmitriy94942 ($1.27 in chips) 
Seat 4: 24karaati ($0.99 in chips) 
Seat 5: Typyha ($1.70 in chips) 
Seat 6: maxxsime666 ($1.36 in chips) 
Seat 7: Ak.Keb ($2.14 in chips) 
Seat 8: Dorex2007 ($1.46 in chips) 
Ak.Keb: posts small blind $0.01
Dorex2007: posts big blind $0.02
BanneyB: sits out 
fcgustavito: sits out 
*** HOLE CARDS ***
Dealt to Dorex2007 [4c Jh]
SimplyDiDz: raises $0.02 to $0.04
Dmitriy94942: folds 
24karaati: folds 
Typyha: folds 
maxxsime666: calls $0.04
Ak.Keb: calls $0.03
Dorex2007: folds 
*** FLOP *** [9d 8s 3s]
Ak.Keb: bets $0.07
SimplyDiDz: calls $0.07
maxxsime666: raises $0.35 to $0.42
Ak.Keb: folds 
SimplyDiDz: folds 
Uncalled bet ($0.35) returned to maxxsime666
maxxsime666 collected $0.34 from pot
maxxsime666: doesn't show hand 
*** SUMMARY ***
Total pot $0.35 | Rake $0.01 
Board [9d 8s 3s]
Seat 1: SimplyDiDz folded on the Flop
Seat 2: Dmitriy94942 folded before Flop (didn't bet)
Seat 4: 24karaati folded before Flop (didn't bet)
Seat 5: Typyha folded before Flop (didn't bet)
Seat 6: maxxsime666 (button) collected ($0.34)
Seat 7: Ak.Keb (small blind) folded on the Flop
Seat 8: Dorex2007 (big blind) folded before Flop



PokerStars Hand #224123844990:  Hold'em No Limit ($0.01/$0.02 USD) - 2021/02/22 17:54:28 PT [2021/02/22 20:54:28 ET]
Table 'Mizuho VI' 9-max Seat #7 is the button
Seat 1: SimplyDiDz ($1.71 in chips) 
Seat 2: Dmitriy94942 ($1.27 in chips) 
Seat 4: 24karaati ($0.99 in chips) 
Seat 5: Typyha ($1.70 in chips) 
Seat 6: maxxsime666 ($1.59 in chips) 
Seat 7: Ak.Keb ($2.03 in chips) 
Seat 8: Dorex2007 ($1.44 in chips) 
Seat 9: BanneyB ($2 in chips) 
Dorex2007: posts small blind $0.01
BanneyB: posts big blind $0.02
fcgustavito: sits out 
*** HOLE CARDS ***
Dealt to Dorex2007 [9d Js]
SimplyDiDz: raises $0.02 to $0.04
Dmitriy94942: folds 
24karaati: folds 
Typyha: folds 
maxxsime666: calls $0.04
Ak.Keb: folds 
Dorex2007: folds 
BanneyB: folds 
*** FLOP *** [2d 5s 4s]
SimplyDiDz: checks 
maxxsime666: checks 
*** TURN *** [2d 5s 4s] [9c]
SimplyDiDz: checks 
maxxsime666: bets $0.05
SimplyDiDz: folds 
Uncalled bet ($0.05) returned to maxxsime666
maxxsime666 collected $0.11 from pot
maxxsime666: doesn't show hand 
*** SUMMARY ***
Total pot $0.11 | Rake $0 
Board [2d 5s 4s 9c]
Seat 1: SimplyDiDz folded on the Turn
Seat 2: Dmitriy94942 folded before Flop (didn't bet)
Seat 4: 24karaati folded before Flop (didn't bet)
Seat 5: Typyha folded before Flop (didn't bet)
Seat 6: maxxsime666 collected ($0.11)
Seat 7: Ak.Keb (button) folded before Flop (didn't bet)
Seat 8: Dorex2007 (small blind) folded before Flop
Seat 9: BanneyB (big blind) folded before Flop



PokerStars Hand #224123859367:  Hold'em No Limit ($0.01/$0.02 USD) - 2021/02/22 17:55:14 PT [2021/02/22 20:55:14 ET]
Table 'Mizuho VI' 9-max Seat #8 is the button
Seat 1: SimplyDiDz ($1.67 in chips) 
Seat 2: Dmitriy94942 ($1.27 in chips) 
Seat 4: 24karaati ($0.99 in chips) 
Seat 5: Typyha ($1.70 in chips) 
Seat 6: maxxsime666 ($1.66 in chips) 
Seat 7: Ak.Keb ($2.03 in chips) 
Seat 8: Dorex2007 ($1.43 in chips) 
Seat 9: BanneyB ($1.98 in chips) 
BanneyB: posts small blind $0.01
SimplyDiDz: posts big blind $0.02
fcgustavito: sits out 
*** HOLE CARDS ***
Dealt to Dorex2007 [2s 9s]
Dmitriy94942: folds 
24karaati: folds 
Typyha: folds 
maxxsime666: calls $0.02
Ak.Keb: folds 
Dorex2007: folds 
BanneyB: folds 
SimplyDiDz: raises $0.02 to $0.04
maxxsime666: calls $0.02
*** FLOP *** [6d Th 3c]
SimplyDiDz: checks 
maxxsime666: bets $0.13
SimplyDiDz: folds 
Uncalled bet ($0.13) returned to maxxsime666
maxxsime666 collected $0.09 from pot
maxxsime666: doesn't show hand 
*** SUMMARY ***
Total pot $0.09 | Rake $0 
Board [6d Th 3c]
Seat 1: SimplyDiDz (big blind) folded on the Flop
Seat 2: Dmitriy94942 folded before Flop (didn't bet)
Seat 4: 24karaati folded before Flop (didn't bet)
Seat 5: Typyha folded before Flop (didn't bet)
Seat 6: maxxsime666 collected ($0.09)
Seat 7: Ak.Keb folded before Flop (didn't bet)
Seat 8: Dorex2007 (button) folded before Flop (didn't bet)
Seat 9: BanneyB (small blind) folded before Flop



PokerStars Hand #224123871720:  Hold'em No Limit ($0.01/$0.02 USD) - 2021/02/22 17:56:02 PT [2021/02/22 20:56:02 ET]
Table 'Mizuho VI' 9-max Seat #9 is the button
Seat 1: SimplyDiDz ($1.63 in chips) 
Seat 2: Dmitriy94942 ($1.27 in chips) 
Seat 4: 24karaati ($0.99 in chips) 
Seat 5: Typyha ($1.70 in chips) 
Seat 6: maxxsime666 ($1.71 in chips) 
Seat 7: Ak.Keb ($2.03 in chips) 
Seat 8: Dorex2007 ($1.43 in chips) 
Seat 9: BanneyB ($1.97 in chips) 
SimplyDiDz: posts small blind $0.01
Dmitriy94942: posts big blind $0.02
fcgustavito: sits out 
*** HOLE CARDS ***
Dealt to Dorex2007 [Qc 7h]
24karaati has timed out
24karaati: folds 
Typyha: folds 
maxxsime666: raises $0.04 to $0.06
Ak.Keb: folds 
Dorex2007: folds 
BanneyB: folds 
SimplyDiDz: calls $0.05
Dmitriy94942: folds 
*** FLOP *** [6s 4s 2c]
SimplyDiDz: checks 
maxxsime666: checks 
*** TURN *** [6s 4s 2c] [7c]
SimplyDiDz: checks 
maxxsime666: checks 
*** RIVER *** [6s 4s 2c 7c] [6c]
SimplyDiDz: checks 
maxxsime666: bets $0.14
SimplyDiDz: folds 
Uncalled bet ($0.14) returned to maxxsime666
maxxsime666 collected $0.14 from pot
maxxsime666: doesn't show hand 
*** SUMMARY ***
Total pot $0.14 | Rake $0 
Board [6s 4s 2c 7c 6c]
Seat 1: SimplyDiDz (small blind) folded on the River
Seat 2: Dmitriy94942 (big blind) folded before Flop
Seat 4: 24karaati folded before Flop (didn't bet)
Seat 5: Typyha folded before Flop (didn't bet)
Seat 6: maxxsime666 collected ($0.14)
Seat 7: Ak.Keb folded before Flop (didn't bet)
Seat 8: Dorex2007 folded before Flop (didn't bet)
Seat 9: BanneyB (button) folded before Flop (didn't bet)



PokerStars Hand #224123900350:  Hold'em No Limit ($0.01/$0.02 USD) - 2021/02/22 17:57:18 PT [2021/02/22 20:57:18 ET]
Table 'Mizuho VI' 9-max Seat #1 is the button
Seat 1: SimplyDiDz ($1.57 in chips) 
Seat 2: Dmitriy94942 ($1.25 in chips) 
Seat 3: fcgustavito ($2 in chips) 
Seat 4: 24karaati ($0.99 in chips) 
Seat 5: Typyha ($1.70 in chips) 
Seat 6: maxxsime666 ($1.79 in chips) 
Seat 7: Ak.Keb ($2.03 in chips) 
Seat 8: Dorex2007 ($1.43 in chips) 
Seat 9: BanneyB ($1.97 in chips) 
Dmitriy94942: posts small blind $0.01
fcgustavito: posts big blind $0.02
*** HOLE CARDS ***
Dealt to Dorex2007 [5s Kc]
24karaati: raises $0.02 to $0.04
Typyha: folds 
maxxsime666: calls $0.04
Ak.Keb: calls $0.04
Dorex2007: folds 
BanneyB: calls $0.04
SimplyDiDz: calls $0.04
Dmitriy94942: folds 
fcgustavito: folds 
*** FLOP *** [9d 8s Ah]
24karaati: checks 
maxxsime666: checks 
Ak.Keb: checks 
BanneyB: checks 
SimplyDiDz: bets $0.02
24karaati: calls $0.02
maxxsime666: calls $0.02
Ak.Keb: calls $0.02
BanneyB: calls $0.02
*** TURN *** [9d 8s Ah] [5h]
24karaati: checks 
maxxsime666: bets $0.12
Ak.Keb: folds 
BanneyB: calls $0.12
SimplyDiDz: folds 
24karaati: folds 
*** RIVER *** [9d 8s Ah 5h] [6d]
maxxsime666: checks 
BanneyB: checks 
*** SHOW DOWN ***
maxxsime666: shows [7s 6s] (a straight, Five to Nine)
BanneyB: mucks hand 
maxxsime666 collected $0.55 from pot
*** SUMMARY ***
Total pot $0.57 | Rake $0.02 
Board [9d 8s Ah 5h 6d]
Seat 1: SimplyDiDz (button) folded on the Turn
Seat 2: Dmitriy94942 (small blind) folded before Flop
Seat 3: fcgustavito (big blind) folded before Flop
Seat 4: 24karaati folded on the Turn
Seat 5: Typyha folded before Flop (didn't bet)
Seat 6: maxxsime666 showed [7s 6s] and won ($0.55) with a straight, Five to Nine
Seat 7: Ak.Keb folded on the Turn
Seat 8: Dorex2007 folded before Flop (didn't bet)
Seat 9: BanneyB mucked [Ac 5c]



PokerStars Hand #224123925515:  Hold'em No Limit ($0.01/$0.02 USD) - 2021/02/22 17:58:58 PT [2021/02/22 20:58:58 ET]
Table 'Mizuho VI' 9-max Seat #2 is the button
Seat 1: SimplyDiDz ($1.51 in chips) 
Seat 2: Dmitriy94942 ($1.24 in chips) 
Seat 3: fcgustavito ($2 in chips) 
Seat 4: 24karaati ($0.93 in chips) 
Seat 5: Typyha ($1.70 in chips) 
Seat 6: maxxsime666 ($2.16 in chips) 
Seat 7: Ak.Keb ($1.97 in chips) 
Seat 8: Dorex2007 ($1.43 in chips) 
Seat 9: BanneyB ($1.79 in chips) 
fcgustavito: posts small blind $0.01
24karaati: posts big blind $0.02
*** HOLE CARDS ***
Dealt to Dorex2007 [Td 7s]
Typyha: folds 
maxxsime666: raises $0.02 to $0.04
Ak.Keb: folds 
Dorex2007: folds 
BanneyB: calls $0.04
SimplyDiDz: folds 
Dmitriy94942: folds 
fcgustavito: folds 
24karaati: raises $0.12 to $0.16
maxxsime666: folds 
BanneyB: folds 
Uncalled bet ($0.12) returned to 24karaati
24karaati collected $0.13 from pot
24karaati: doesn't show hand 
*** SUMMARY ***
Total pot $0.13 | Rake $0 
Seat 1: SimplyDiDz folded before Flop (didn't bet)
Seat 2: Dmitriy94942 (button) folded before Flop (didn't bet)
Seat 3: fcgustavito (small blind) folded before Flop
Seat 4: 24karaati (big blind) collected ($0.13)
Seat 5: Typyha folded before Flop (didn't bet)
Seat 6: maxxsime666 folded before Flop
Seat 7: Ak.Keb folded before Flop (didn't bet)
Seat 8: Dorex2007 folded before Flop (didn't bet)
Seat 9: BanneyB folded before Flop



PokerStars Hand #224123936543:  Hold'em No Limit ($0.01/$0.02 USD) - 2021/02/22 17:59:41 PT [2021/02/22 20:59:41 ET]
Table 'Mizuho VI' 9-max Seat #3 is the button
Seat 1: SimplyDiDz ($1.51 in chips) 
Seat 2: Dmitriy94942 ($1.24 in chips) 
Seat 3: fcgustavito ($2 in chips) 
Seat 4: 24karaati ($1.02 in chips) 
Seat 5: Typyha ($1.70 in chips) 
Seat 6: maxxsime666 ($2.12 in chips) 
Seat 7: Ak.Keb ($1.97 in chips) 
Seat 8: Dorex2007 ($1.43 in chips) 
Seat 9: BanneyB ($1.75 in chips) 
24karaati: posts small blind $0.01
Typyha: posts big blind $0.02
*** HOLE CARDS ***
Dealt to Dorex2007 [5c 6d]
maxxsime666: calls $0.02
Ak.Keb: folds 
Dorex2007: folds 
BanneyB: folds 
SimplyDiDz has timed out
SimplyDiDz: folds 
Dmitriy94942: folds 
fcgustavito: raises $0.08 to $0.10
24karaati: folds 
Typyha: folds 
maxxsime666: calls $0.08
*** FLOP *** [Jc 8h Jd]
maxxsime666: checks 
fcgustavito: bets $0.08
maxxsime666: calls $0.08
*** TURN *** [Jc 8h Jd] [Kd]
maxxsime666: checks 
fcgustavito: checks 
*** RIVER *** [Jc 8h Jd Kd] [Qc]
maxxsime666: bets $0.09
fcgustavito: calls $0.09
*** SHOW DOWN ***
maxxsime666: shows [Td Ah] (a straight, Ten to Ace)
fcgustavito: mucks hand 
maxxsime666 collected $0.55 from pot
*** SUMMARY ***
Total pot $0.57 | Rake $0.02 
Board [Jc 8h Jd Kd Qc]
Seat 1: SimplyDiDz folded before Flop (didn't bet)
Seat 2: Dmitriy94942 folded before Flop (didn't bet)
Seat 3: fcgustavito (button) mucked [9c Kc]
Seat 4: 24karaati (small blind) folded before Flop
Seat 5: Typyha (big blind) folded before Flop
Seat 6: maxxsime666 showed [Td Ah] and won ($0.55) with a straight, Ten to Ace
Seat 7: Ak.Keb folded before Flop (didn't bet)
Seat 8: Dorex2007 folded before Flop (didn't bet)
Seat 9: BanneyB folded before Flop (didn't bet)



PokerStars Hand #224123956840:  Hold'em No Limit ($0.01/$0.02 USD) - 2021/02/22 18:00:56 PT [2021/02/22 21:00:56 ET]
Table 'Mizuho VI' 9-max Seat #4 is the button
Seat 1: SimplyDiDz ($1.51 in chips) 
Seat 2: Dmitriy94942 ($1.24 in chips) 
Seat 3: fcgustavito ($2 in chips) 
Seat 4: 24karaati ($1.01 in chips) 
Seat 5: Typyha ($1.68 in chips) 
Seat 6: maxxsime666 ($2.40 in chips) 
Seat 7: Ak.Keb ($1.97 in chips) 
Seat 8: Dorex2007 ($1.43 in chips) 
Seat 9: BanneyB ($1.75 in chips) 
Typyha: posts small blind $0.01
maxxsime666: posts big blind $0.02
*** HOLE CARDS ***
Dealt to Dorex2007 [5h 8c]
Ak.Keb: calls $0.02
Dorex2007: folds 
BanneyB: folds 
SimplyDiDz: calls $0.02
Dmitriy94942: folds 
fcgustavito: folds 
24karaati: folds 
Typyha: calls $0.01
maxxsime666: raises $0.02 to $0.04
Ak.Keb: raises $0.12 to $0.16
SimplyDiDz: calls $0.14
Typyha: folds 
maxxsime666: calls $0.12
*** FLOP *** [Kc 6c 2h]
maxxsime666: checks 
Ak.Keb: bets $0.22
SimplyDiDz: folds 
maxxsime666: raises $2.02 to $2.24 and is all-in
Ak.Keb: calls $1.59 and is all-in
Uncalled bet ($0.43) returned to maxxsime666
*** TURN *** [Kc 6c 2h] [Ac]
*** RIVER *** [Kc 6c 2h Ac] [Ks]
*** SHOW DOWN ***
maxxsime666: shows [Tc Jc] (a flush, Ace high)
Ak.Keb: shows [Js Jd] (two pair, Kings and Jacks)
maxxsime666 collected $3.98 from pot
*** SUMMARY ***
Total pot $4.12 | Rake $0.14 
Board [Kc 6c 2h Ac Ks]
Seat 1: SimplyDiDz folded on the Flop
Seat 2: Dmitriy94942 folded before Flop (didn't bet)
Seat 3: fcgustavito folded before Flop (didn't bet)
Seat 4: 24karaati (button) folded before Flop (didn't bet)
Seat 5: Typyha (small blind) folded before Flop
Seat 6: maxxsime666 (big blind) showed [Tc Jc] and won ($3.98) with a flush, Ace high
Seat 7: Ak.Keb showed [Js Jd] and lost with two pair, Kings and Jacks
Seat 8: Dorex2007 folded before Flop (didn't bet)
Seat 9: BanneyB folded before Flop (didn't bet)



PokerStars Hand #224123979219:  Hold'em No Limit ($0.01/$0.02 USD) - 2021/02/22 18:02:09 PT [2021/02/22 21:02:09 ET]
Table 'Mizuho VI' 9-max Seat #5 is the button
Seat 1: SimplyDiDz ($1.35 in chips) 
Seat 2: Dmitriy94942 ($1.24 in chips) 
Seat 3: fcgustavito ($2 in chips) 
Seat 4: 24karaati ($1.01 in chips) 
Seat 5: Typyha ($1.66 in chips) 
Seat 6: maxxsime666 ($4.41 in chips) 
Seat 8: Dorex2007 ($1.43 in chips) 
Seat 9: BanneyB ($1.75 in chips) 
maxxsime666: posts small blind $0.01
Dorex2007: posts big blind $0.02
*** HOLE CARDS ***
Dealt to Dorex2007 [Kd Jh]
BanneyB: folds 
SimplyDiDz: folds 
Dmitriy94942: folds 
fcgustavito: raises $0.04 to $0.06
Ak.Keb leaves the table
24karaati has timed out
24karaati: folds 
Typyha: calls $0.06
maxxsime666: folds 
Dorex2007: calls $0.04
*** FLOP *** [As 5h 3c]
Dorex2007: checks 
maxxsime666 is disconnected 
fcgustavito: checks 
Typyha: checks 
*** TURN *** [As 5h 3c] [5d]
Dorex2007: checks 
fcgustavito: checks 
Typyha: checks 
*** RIVER *** [As 5h 3c 5d] [7h]
Dorex2007: bets $0.09
fcgustavito: folds 
Typyha: calls $0.09
*** SHOW DOWN ***
Dorex2007: shows [Kd Jh] (a pair of Fives)
Typyha: shows [Td Ts] (two pair, Tens and Fives)
Typyha collected $0.36 from pot
*** SUMMARY ***
Total pot $0.37 | Rake $0.01 
Board [As 5h 3c 5d 7h]
Seat 1: SimplyDiDz folded before Flop (didn't bet)
Seat 2: Dmitriy94942 folded before Flop (didn't bet)
Seat 3: fcgustavito folded on the River
Seat 4: 24karaati folded before Flop (didn't bet)
Seat 5: Typyha (button) showed [Td Ts] and won ($0.36) with two pair, Tens and Fives
Seat 6: maxxsime666 (small blind) folded before Flop
Seat 8: Dorex2007 (big blind) showed [Kd Jh] and lost with a pair of Fives
Seat 9: BanneyB folded before Flop (didn't bet)



PokerStars Hand #224123997125:  Hold'em No Limit ($0.01/$0.02 USD) - 2021/02/22 18:03:07 PT [2021/02/22 21:03:07 ET]
Table 'Mizuho VI' 9-max Seat #6 is the button
Seat 1: SimplyDiDz ($1.35 in chips) 
Seat 2: Dmitriy94942 ($1.24 in chips) 
Seat 3: fcgustavito ($2 in chips) 
Seat 4: 24karaati ($1.01 in chips) 
Seat 5: Typyha ($1.87 in chips) 
Seat 6: maxxsime666 ($4.40 in chips) 
Seat 8: Dorex2007 ($1.28 in chips) 
Seat 9: BanneyB ($1.75 in chips) 
Dorex2007: posts small blind $0.01
BanneyB: posts big blind $0.02
*** HOLE CARDS ***
Dealt to Dorex2007 [8h 9d]
SimplyDiDz: folds 
Dmitriy94942: calls $0.02
fcgustavito: folds 
24karaati: calls $0.02
Typyha: folds 
maxxsime666 has timed out while disconnected
maxxsime666: folds 
Dorex2007: folds 
BanneyB: checks 
*** FLOP *** [5d Tc Kd]
BanneyB: checks 
Dmitriy94942: checks 
ASYS357 joins the table at seat #7 
24karaati: checks 
*** TURN *** [5d Tc Kd] [6d]
BanneyB: checks 
Dmitriy94942: checks 
24karaati: checks 
*** RIVER *** [5d Tc Kd 6d] [Kc]
BanneyB: checks 
Dmitriy94942: bets $0.04
24karaati: folds 
BanneyB: folds 
Uncalled bet ($0.04) returned to Dmitriy94942
Dmitriy94942 collected $0.07 from pot
Dmitriy94942: doesn't show hand 
*** SUMMARY ***
Total pot $0.07 | Rake $0 
Board [5d Tc Kd 6d Kc]
Seat 1: SimplyDiDz folded before Flop (didn't bet)
Seat 2: Dmitriy94942 collected ($0.07)
Seat 3: fcgustavito folded before Flop (didn't bet)
Seat 4: 24karaati folded on the River
Seat 5: Typyha folded before Flop (didn't bet)
Seat 6: maxxsime666 (button) folded before Flop (didn't bet)
Seat 8: Dorex2007 (small blind) folded before Flop
Seat 9: BanneyB (big blind) folded on the River



PokerStars Hand #224124022519:  Hold'em No Limit ($0.01/$0.02 USD) - 2021/02/22 18:04:20 PT [2021/02/22 21:04:20 ET]
Table 'Mizuho VI' 9-max Seat #8 is the button
Seat 1: SimplyDiDz ($1.35 in chips) 
Seat 2: Dmitriy94942 ($1.29 in chips) 
Seat 3: fcgustavito ($2 in chips) 
Seat 4: 24karaati ($0.99 in chips) 
Seat 5: Typyha ($1.87 in chips) 
Seat 8: Dorex2007 ($1.27 in chips) 
Seat 9: BanneyB ($1.73 in chips) 
BanneyB: posts small blind $0.01
SimplyDiDz: posts big blind $0.02
ASYS357: sits out 
*** HOLE CARDS ***
Dealt to Dorex2007 [Ts Qd]
Dmitriy94942: calls $0.02
fcgustavito: folds 
24karaati: folds 
Typyha: folds 
Dorex2007: raises $0.04 to $0.06
BanneyB: folds 
SimplyDiDz: calls $0.04
Dmitriy94942: calls $0.04
*** FLOP *** [3s 5h Ah]
SimplyDiDz: bets $0.02
Dmitriy94942: folds 
Dorex2007: calls $0.02
*** TURN *** [3s 5h Ah] [5c]
SimplyDiDz: bets $0.12
Dorex2007: folds 
Uncalled bet ($0.12) returned to SimplyDiDz
SimplyDiDz collected $0.22 from pot
SimplyDiDz: doesn't show hand 
*** SUMMARY ***
Total pot $0.23 | Rake $0.01 
Board [3s 5h Ah 5c]
Seat 1: SimplyDiDz (big blind) collected ($0.22)
Seat 2: Dmitriy94942 folded on the Flop
Seat 3: fcgustavito folded before Flop (didn't bet)
Seat 4: 24karaati folded before Flop (didn't bet)
Seat 5: Typyha folded before Flop (didn't bet)
Seat 8: Dorex2007 (button) folded on the Turn
Seat 9: BanneyB (small blind) folded before Flop



PokerStars Hand #224124035190:  Hold'em No Limit ($0.01/$0.02 USD) - 2021/02/22 18:05:00 PT [2021/02/22 21:05:00 ET]
Table 'Mizuho VI' 9-max Seat #9 is the button
Seat 1: SimplyDiDz ($1.49 in chips) 
Seat 2: Dmitriy94942 ($1.23 in chips) 
Seat 3: fcgustavito ($2 in chips) 
Seat 4: 24karaati ($0.99 in chips) 
Seat 5: Typyha ($1.87 in chips) 
Seat 8: Dorex2007 ($1.19 in chips) 
Seat 9: BanneyB ($1.72 in chips) 
SimplyDiDz: posts small blind $0.01
Dmitriy94942: posts big blind $0.02
ASYS357: sits out 
*** HOLE CARDS ***
Dealt to Dorex2007 [9h Jd]
fcgustavito: folds 
24karaati: folds 
Typyha: folds 
Dorex2007: folds 
BanneyB: calls $0.02
SimplyDiDz: calls $0.01
Dmitriy94942: checks 
*** FLOP *** [8h 4c 2s]
SimplyDiDz: checks 
Dmitriy94942: checks 
BanneyB: checks 
*** TURN *** [8h 4c 2s] [Tc]
SimplyDiDz: checks 
Dmitriy94942: checks 
BanneyB: checks 
*** RIVER *** [8h 4c 2s Tc] [Qh]
SimplyDiDz: checks 
Dmitriy94942: checks 
BanneyB: checks 
*** SHOW DOWN ***
SimplyDiDz: shows [5h 7s] (high card Queen)
Dmitriy94942: shows [5d Jc] (high card Queen - Jack kicker)
BanneyB: shows [Js Kc] (high card King)
BanneyB collected $0.06 from pot
*** SUMMARY ***
Total pot $0.06 | Rake $0 
Board [8h 4c 2s Tc Qh]
Seat 1: SimplyDiDz (small blind) showed [5h 7s] and lost with high card Queen
Seat 2: Dmitriy94942 (big blind) showed [5d Jc] and lost with high card Queen
Seat 3: fcgustavito folded before Flop (didn't bet)
Seat 4: 24karaati folded before Flop (didn't bet)
Seat 5: Typyha folded before Flop (didn't bet)
Seat 8: Dorex2007 folded before Flop (didn't bet)
Seat 9: BanneyB (button) showed [Js Kc] and won ($0.06) with high card King



PokerStars Hand #224124047766:  Hold'em No Limit ($0.01/$0.02 USD) - 2021/02/22 18:05:41 PT [2021/02/22 21:05:41 ET]
Table 'Mizuho VI' 9-max Seat #1 is the button
Seat 1: SimplyDiDz ($1.47 in chips) 
Seat 2: Dmitriy94942 ($1.21 in chips) 
Seat 3: fcgustavito ($2 in chips) 
Seat 4: 24karaati ($0.99 in chips) 
Seat 5: Typyha ($1.87 in chips) 
Seat 8: Dorex2007 ($1.19 in chips) 
Seat 9: BanneyB ($1.76 in chips) 
Dmitriy94942: posts small blind $0.01
fcgustavito: posts big blind $0.02
ASYS357: sits out 
*** HOLE CARDS ***
Dealt to Dorex2007 [9d 9s]
24karaati: folds 
Typyha: folds 
Dorex2007: calls $0.02
BanneyB: calls $0.02
SimplyDiDz: calls $0.02
Dmitriy94942: folds 
fcgustavito: raises $0.10 to $0.12
Dorex2007: folds 
BanneyB: folds 
SimplyDiDz: calls $0.10
*** FLOP *** [9c Kh Jd]
fcgustavito: bets $0.10
SimplyDiDz: calls $0.10
*** TURN *** [9c Kh Jd] [Jh]
fcgustavito: checks 
SimplyDiDz: checks 
*** RIVER *** [9c Kh Jd Jh] [6h]
fcgustavito: bets $0.32
SimplyDiDz: raises $0.56 to $0.88
fcgustavito: folds 
Uncalled bet ($0.56) returned to SimplyDiDz
SimplyDiDz collected $1.09 from pot
SimplyDiDz: doesn't show hand 
*** SUMMARY ***
Total pot $1.13 | Rake $0.04 
Board [9c Kh Jd Jh 6h]
Seat 1: SimplyDiDz (button) collected ($1.09)
Seat 2: Dmitriy94942 (small blind) folded before Flop
Seat 3: fcgustavito (big blind) folded on the River
Seat 4: 24karaati folded before Flop (didn't bet)
Seat 5: Typyha folded before Flop (didn't bet)
Seat 8: Dorex2007 folded before Flop
Seat 9: BanneyB folded before Flop



PokerStars Hand #224124069410:  Hold'em No Limit ($0.01/$0.02 USD) - 2021/02/22 18:06:50 PT [2021/02/22 21:06:50 ET]
Table 'Mizuho VI' 9-max Seat #2 is the button
Seat 1: SimplyDiDz ($2.02 in chips) 
Seat 2: Dmitriy94942 ($1.20 in chips) 
Seat 3: fcgustavito ($2 in chips) 
Seat 4: 24karaati ($0.99 in chips) 
Seat 5: Typyha ($1.87 in chips) 
Seat 8: Dorex2007 ($1.17 in chips) 
Seat 9: BanneyB ($1.74 in chips) 
fcgustavito: posts small blind $0.01
24karaati: posts big blind $0.02
ASYS357: sits out 
*** HOLE CARDS ***
Dealt to Dorex2007 [9s 2s]
Typyha: folds 
Dorex2007: folds 
Typyha leaves the table
BanneyB: folds 
SimplyDiDz: folds 
Dmitriy94942: raises $0.02 to $0.04
fcgustavito: folds 
24karaati: calls $0.02
*** FLOP *** [9h Jh Js]
24karaati: bets $0.14
Dmitriy94942: calls $0.14
*** TURN *** [9h Jh Js] [Ks]
24karaati: checks 
Dmitriy94942: bets $0.20
24karaati: calls $0.20
*** RIVER *** [9h Jh Js Ks] [2h]
24karaati: checks 
Dmitriy94942: bets $0.22
24karaati: folds 
Uncalled bet ($0.22) returned to Dmitriy94942
Dmitriy94942 collected $0.74 from pot
Dmitriy94942: doesn't show hand 
*** SUMMARY ***
Total pot $0.77 | Rake $0.03 
Board [9h Jh Js Ks 2h]
Seat 1: SimplyDiDz folded before Flop (didn't bet)
Seat 2: Dmitriy94942 (button) collected ($0.74)
Seat 3: fcgustavito (small blind) folded before Flop
Seat 4: 24karaati (big blind) folded on the River
Seat 5: Typyha folded before Flop (didn't bet)
Seat 8: Dorex2007 folded before Flop (didn't bet)
Seat 9: BanneyB folded before Flop (didn't bet)



PokerStars Hand #224124084515:  Hold'em No Limit ($0.01/$0.02 USD) - 2021/02/22 18:07:29 PT [2021/02/22 21:07:29 ET]
Table 'Mizuho VI' 9-max Seat #3 is the button
Seat 1: SimplyDiDz ($2.02 in chips) 
Seat 2: Dmitriy94942 ($1.56 in chips) 
Seat 3: fcgustavito ($2 in chips) 
Seat 4: 24karaati ($0.61 in chips) 
Seat 7: ASYS357 ($2 in chips) 
Seat 8: Dorex2007 ($1.17 in chips) 
Seat 9: BanneyB ($1.74 in chips) 
24karaati: posts small blind $0.01
ASYS357: posts big blind $0.02
*** HOLE CARDS ***
Dealt to Dorex2007 [7c 2d]
Dorex2007: folds 
BanneyB: folds 
SimplyDiDz: calls $0.02
Dmitriy94942: calls $0.02
fcgustavito: folds 
dadobulha joins the table at seat #5 
24karaati: raises $0.10 to $0.12
ASYS357: folds 
SimplyDiDz: calls $0.10
Dmitriy94942: folds 
*** FLOP *** [Kh 6c 4d]
24karaati: checks 
SimplyDiDz: bets $0.06
24karaati: raises $0.10 to $0.16
SimplyDiDz: calls $0.10
*** TURN *** [Kh 6c 4d] [5d]
24karaati: bets $0.18
SimplyDiDz: folds 
Uncalled bet ($0.18) returned to 24karaati
24karaati collected $0.58 from pot
24karaati: doesn't show hand 
*** SUMMARY ***
Total pot $0.60 | Rake $0.02 
Board [Kh 6c 4d 5d]
Seat 1: SimplyDiDz folded on the Turn
Seat 2: Dmitriy94942 folded before Flop
Seat 3: fcgustavito (button) folded before Flop (didn't bet)
Seat 4: 24karaati (small blind) collected ($0.58)
Seat 7: ASYS357 (big blind) folded before Flop
Seat 8: Dorex2007 folded before Flop (didn't bet)
Seat 9: BanneyB folded before Flop (didn't bet)



PokerStars Hand #224124102106:  Hold'em No Limit ($0.01/$0.02 USD) - 2021/02/22 18:08:23 PT [2021/02/22 21:08:23 ET]
Table 'Mizuho VI' 9-max Seat #4 is the button
Seat 1: SimplyDiDz ($1.74 in chips) 
Seat 2: Dmitriy94942 ($1.54 in chips) 
Seat 3: fcgustavito ($2 in chips) 
Seat 4: 24karaati ($0.91 in chips) 
Seat 7: ASYS357 ($1.98 in chips) 
Seat 8: Dorex2007 ($1.17 in chips) 
Seat 9: BanneyB ($1.74 in chips) 
ASYS357: posts small blind $0.01
Dorex2007: posts big blind $0.02
*** HOLE CARDS ***
Dealt to Dorex2007 [4h 5d]
BanneyB: folds 
SimplyDiDz: folds 
Dmitriy94942: folds 
fcgustavito: folds 
24karaati: calls $0.02
ASYS357: folds 
Dorex2007: checks 
*** FLOP *** [3c Ks 5c]
Dorex2007: checks 
24karaati: checks 
*** TURN *** [3c Ks 5c] [7h]
Dorex2007: bets $0.04
24karaati: folds 
Uncalled bet ($0.04) returned to Dorex2007
Dorex2007 collected $0.05 from pot
Dorex2007: doesn't show hand 
*** SUMMARY ***
Total pot $0.05 | Rake $0 
Board [3c Ks 5c 7h]
Seat 1: SimplyDiDz folded before Flop (didn't bet)
Seat 2: Dmitriy94942 folded before Flop (didn't bet)
Seat 3: fcgustavito folded before Flop (didn't bet)
Seat 4: 24karaati (button) folded on the Turn
Seat 7: ASYS357 (small blind) folded before Flop
Seat 8: Dorex2007 (big blind) collected ($0.05)
Seat 9: BanneyB folded before Flop (didn't bet)



PokerStars Hand #224124117660:  Hold'em No Limit ($0.01/$0.02 USD) - 2021/02/22 18:09:14 PT [2021/02/22 21:09:14 ET]
Table 'Mizuho VI' 9-max Seat #7 is the button
Seat 1: SimplyDiDz ($1.74 in chips) 
Seat 2: Dmitriy94942 ($1.54 in chips) 
Seat 3: fcgustavito ($2 in chips) 
Seat 4: 24karaati ($0.89 in chips) 
Seat 7: ASYS357 ($1.97 in chips) 
Seat 8: Dorex2007 ($1.20 in chips) 
Seat 9: BanneyB ($1.74 in chips) 
Dorex2007: posts small blind $0.01
BanneyB: posts big blind $0.02
dadobulha: sits out 
*** HOLE CARDS ***
Dealt to Dorex2007 [8s Tc]
SimplyDiDz: calls $0.02
Dmitriy94942: folds 
fcgustavito: folds 
24karaati: raises $0.02 to $0.04
ASYS357: folds 
Dorex2007: folds 
BanneyB: calls $0.02
SimplyDiDz: calls $0.02
*** FLOP *** [6c Qs 5s]
BanneyB: checks 
SimplyDiDz: checks 
24karaati: bets $0.14
BanneyB: folds 
SimplyDiDz: folds 
Uncalled bet ($0.14) returned to 24karaati
24karaati collected $0.13 from pot
24karaati: doesn't show hand 
*** SUMMARY ***
Total pot $0.13 | Rake $0 
Board [6c Qs 5s]
Seat 1: SimplyDiDz folded on the Flop
Seat 2: Dmitriy94942 folded before Flop (didn't bet)
Seat 3: fcgustavito folded before Flop (didn't bet)
Seat 4: 24karaati collected ($0.13)
Seat 7: ASYS357 (button) folded before Flop (didn't bet)
Seat 8: Dorex2007 (small blind) folded before Flop
Seat 9: BanneyB (big blind) folded on the Flop



PokerStars Hand #224124139555:  Hold'em No Limit ($0.01/$0.02 USD) - 2021/02/22 18:10:26 PT [2021/02/22 21:10:26 ET]
Table 'Mizuho VI' 9-max Seat #8 is the button
Seat 1: SimplyDiDz ($1.70 in chips) 
Seat 2: Dmitriy94942 ($1.54 in chips) 
Seat 3: fcgustavito ($2 in chips) 
Seat 4: 24karaati ($0.98 in chips) 
Seat 7: ASYS357 ($1.97 in chips) 
Seat 8: Dorex2007 ($1.19 in chips) 
Seat 9: BanneyB ($1.70 in chips) 
BanneyB: posts small blind $0.01
SimplyDiDz: posts big blind $0.02
dadobulha: sits out 
*** HOLE CARDS ***
Dealt to Dorex2007 [Th Jc]
Dmitriy94942: folds 
fcgustavito: folds 
24karaati: calls $0.02
ASYS357: folds 
Dorex2007: raises $0.06 to $0.08
BanneyB: folds 
SimplyDiDz: calls $0.06
24karaati: calls $0.06
*** FLOP *** [2d 3s 3d]
SimplyDiDz: checks 
24karaati: checks 
Dorex2007: bets $0.08
SimplyDiDz: calls $0.08
24karaati: folds 
*** TURN *** [2d 3s 3d] [7s]
SimplyDiDz: bets $0.04
Dorex2007: calls $0.04
*** RIVER *** [2d 3s 3d 7s] [Td]
SimplyDiDz: bets $0.14
Dorex2007: calls $0.14
*** SHOW DOWN ***
SimplyDiDz: shows [5d Ad] (a flush, Ace high)
Dorex2007: mucks hand 
SimplyDiDz collected $0.74 from pot
*** SUMMARY ***
Total pot $0.77 | Rake $0.03 
Board [2d 3s 3d 7s Td]
Seat 1: SimplyDiDz (big blind) showed [5d Ad] and won ($0.74) with a flush, Ace high
Seat 2: Dmitriy94942 folded before Flop (didn't bet)
Seat 3: fcgustavito folded before Flop (didn't bet)
Seat 4: 24karaati folded on the Flop
Seat 7: ASYS357 folded before Flop (didn't bet)
Seat 8: Dorex2007 (button) mucked [Th Jc]
Seat 9: BanneyB (small blind) folded before Flop



PokerStars Hand #224124177636:  Hold'em No Limit ($0.01/$0.02 USD) - 2021/02/22 18:11:45 PT [2021/02/22 21:11:45 ET]
Table 'Mizuho VI' 9-max Seat #9 is the button
Seat 1: SimplyDiDz ($2.10 in chips) 
Seat 2: Dmitriy94942 ($1.54 in chips) 
Seat 3: fcgustavito ($2 in chips) 
Seat 4: 24karaati ($0.90 in chips) 
Seat 5: dadobulha ($0.80 in chips) 
Seat 7: ASYS357 ($1.97 in chips) 
Seat 8: Dorex2007 ($0.85 in chips) 
Seat 9: BanneyB ($1.69 in chips) 
SimplyDiDz: posts small blind $0.01
Dmitriy94942: posts big blind $0.02
dadobulha: posts big blind $0.02
*** HOLE CARDS ***
Dealt to Dorex2007 [4d Th]
fcgustavito: folds 
24karaati: raises $0.02 to $0.04
dadobulha: calls $0.02
ASYS357: calls $0.04
Dorex2007: folds 
BanneyB: folds 
SimplyDiDz: calls $0.03
Dmitriy94942: folds 
*** FLOP *** [Qc 7c 3s]
SimplyDiDz: checks 
24karaati: checks 
dadobulha: bets $0.04
ASYS357: raises $0.25 to $0.29
SimplyDiDz: folds 
24karaati: folds 
dadobulha: calls $0.25
*** TURN *** [Qc 7c 3s] [9d]
dadobulha: checks 
maxxsime666 was removed from the table for failing to post
maxxsime666 leaves the table
ASYS357: bets $0.49
dadobulha: calls $0.47 and is all-in
Uncalled bet ($0.02) returned to ASYS357
*** RIVER *** [Qc 7c 3s 9d] [7d]
*** SHOW DOWN ***
dadobulha: shows [8c Qd] (two pair, Queens and Sevens)
ASYS357: shows [Ac Tc] (a pair of Sevens)
dadobulha collected $1.64 from pot
*** SUMMARY ***
Total pot $1.70 | Rake $0.06 
Board [Qc 7c 3s 9d 7d]
Seat 1: SimplyDiDz (small blind) folded on the Flop
Seat 2: Dmitriy94942 (big blind) folded before Flop
Seat 3: fcgustavito folded before Flop (didn't bet)
Seat 4: 24karaati folded on the Flop
Seat 5: dadobulha showed [8c Qd] and won ($1.64) with two pair, Queens and Sevens
Seat 7: ASYS357 showed [Ac Tc] and lost with a pair of Sevens
Seat 8: Dorex2007 folded before Flop (didn't bet)
Seat 9: BanneyB (button) folded before Flop (didn't bet)



PokerStars Hand #224124210091:  Hold'em No Limit ($0.01/$0.02 USD) - 2021/02/22 18:13:05 PT [2021/02/22 21:13:05 ET]
Table 'Mizuho VI' 9-max Seat #1 is the button
Seat 1: SimplyDiDz ($2.06 in chips) 
Seat 2: Dmitriy94942 ($1.52 in chips) 
Seat 3: fcgustavito ($2 in chips) 
Seat 4: 24karaati ($0.86 in chips) 
Seat 5: dadobulha ($1.64 in chips) 
Seat 7: ASYS357 ($1.17 in chips) 
Seat 8: Dorex2007 ($1.50 in chips) 
Seat 9: BanneyB ($1.69 in chips) 
Dmitriy94942: posts small blind $0.01
fcgustavito: posts big blind $0.02
*** HOLE CARDS ***
Dealt to Dorex2007 [Qs 9h]
24karaati: raises $0.06 to $0.08
dadobulha: folds 
ASYS357: folds 
Dorex2007: folds 
BanneyB: folds 
SimplyDiDz: calls $0.08
Dmitriy94942: calls $0.07
fcgustavito: folds 
*** FLOP *** [Tc 7s Qc]
Dmitriy94942: checks 
24karaati: checks 
SimplyDiDz: bets $0.06
Dmitriy94942: calls $0.06
Ryusui joins the table at seat #6 
24karaati: calls $0.06
*** TURN *** [Tc 7s Qc] [Kh]
Dmitriy94942: bets $0.08
24karaati: raises $0.08 to $0.16
SimplyDiDz: folds 
Dmitriy94942: calls $0.08
*** RIVER *** [Tc 7s Qc Kh] [6h]
Dmitriy94942: checks 
24karaati: bets $0.34
Dmitriy94942: folds 
Uncalled bet ($0.34) returned to 24karaati
24karaati collected $0.73 from pot
24karaati: doesn't show hand 
*** SUMMARY ***
Total pot $0.76 | Rake $0.03 
Board [Tc 7s Qc Kh 6h]
Seat 1: SimplyDiDz (button) folded on the Turn
Seat 2: Dmitriy94942 (small blind) folded on the River
Seat 3: fcgustavito (big blind) folded before Flop
Seat 4: 24karaati collected ($0.73)
Seat 5: dadobulha folded before Flop (didn't bet)
Seat 7: ASYS357 folded before Flop (didn't bet)
Seat 8: Dorex2007 folded before Flop (didn't bet)
Seat 9: BanneyB folded before Flop (didn't bet)



