PokerStars Hand #228090232815:  Hold'em No Limit ($0.01/$0.02 USD) - 2021/07/05 23:55:17 PT [2021/07/06 2:55:17 ET]
Table 'Messina III' 9-max Seat #1 is the button
Seat 1: SlavikPuha ($2.28 in chips) 
Seat 2: BrykmiD ($1.98 in chips) 
Seat 3: christianlima ($2.71 in chips) 
Seat 4: facundo23 ($2.10 in chips) 
Seat 6: kechuu_pok ($2.19 in chips) 
Seat 7: VikMeD M ($4.19 in chips) 
Seat 8: Dorex2007 ($2 in chips) 
Seat 9: Donenko345 ($1.18 in chips) 
BrykmiD: posts small blind $0.01
christianlima: posts big blind $0.02
Dorex2007: posts big blind $0.02
*** HOLE CARDS ***
Dealt to Dorex2007 [Td 4h]
facundo23: folds 
kechuu_pok: folds 
VikMeD M: folds 
Dorex2007: checks 
Donenko345: folds 
SlavikPuha: raises $0.04 to $0.06
BrykmiD: folds 
christianlima: folds 
Dorex2007: folds 
Uncalled bet ($0.04) returned to SlavikPuha
SlavikPuha collected $0.07 from pot
SlavikPuha: doesn't show hand 
*** SUMMARY ***
Total pot $0.07 | Rake $0 
Seat 1: SlavikPuha (button) collected ($0.07)
Seat 2: BrykmiD (small blind) folded before Flop
Seat 3: christianlima (big blind) folded before Flop
Seat 4: facundo23 folded before Flop (didn't bet)
Seat 6: kechuu_pok folded before Flop (didn't bet)
Seat 7: VikMeD M folded before Flop (didn't bet)
Seat 8: Dorex2007 folded before Flop (didn't bet)
Seat 9: Donenko345 folded before Flop (didn't bet)



PokerStars Hand #228090236793:  Hold'em No Limit ($0.01/$0.02 USD) - 2021/07/05 23:55:51 PT [2021/07/06 2:55:51 ET]
Table 'Messina III' 9-max Seat #2 is the button
Seat 1: SlavikPuha ($2.33 in chips) 
Seat 2: BrykmiD ($1.97 in chips) 
Seat 3: christianlima ($2.69 in chips) 
Seat 4: facundo23 ($2.10 in chips) 
Seat 6: kechuu_pok ($2.19 in chips) 
Seat 7: VikMeD M ($4.19 in chips) 
Seat 8: Dorex2007 ($1.98 in chips) 
Seat 9: Donenko345 ($1.18 in chips) 
christianlima: posts small blind $0.01
facundo23: posts big blind $0.02
*** HOLE CARDS ***
Dealt to Dorex2007 [Ah 6s]
kechuu_pok: folds 
VikMeD M: raises $0.02 to $0.04
Dorex2007: folds 
Donenko345: folds 
SlavikPuha: raises $0.08 to $0.12
BrykmiD: folds 
christianlima: folds 
Andersocial is disconnected 
facundo23: folds 
VikMeD M: calls $0.08
*** FLOP *** [Ac 5c 2s]
VikMeD M: checks 
SlavikPuha: bets $0.13
VikMeD M: calls $0.13
*** TURN *** [Ac 5c 2s] [7c]
VikMeD M: checks 
SlavikPuha: bets $2.08 and is all-in
VikMeD M: folds 
Uncalled bet ($2.08) returned to SlavikPuha
SlavikPuha collected $0.51 from pot
SlavikPuha: doesn't show hand 
*** SUMMARY ***
Total pot $0.53 | Rake $0.02 
Board [Ac 5c 2s 7c]
Seat 1: SlavikPuha collected ($0.51)
Seat 2: BrykmiD (button) folded before Flop (didn't bet)
Seat 3: christianlima (small blind) folded before Flop
Seat 4: facundo23 (big blind) folded before Flop
Seat 6: kechuu_pok folded before Flop (didn't bet)
Seat 7: VikMeD M folded on the Turn
Seat 8: Dorex2007 folded before Flop (didn't bet)
Seat 9: Donenko345 folded before Flop (didn't bet)



PokerStars Hand #228090243274:  Hold'em No Limit ($0.01/$0.02 USD) - 2021/07/05 23:56:47 PT [2021/07/06 2:56:47 ET]
Table 'Messina III' 9-max Seat #3 is the button
Seat 1: SlavikPuha ($2.59 in chips) 
Seat 2: BrykmiD ($1.97 in chips) 
Seat 3: christianlima ($2.68 in chips) 
Seat 4: facundo23 ($2.08 in chips) 
Seat 6: kechuu_pok ($2.19 in chips) 
Seat 7: VikMeD M ($3.94 in chips) 
Seat 8: Dorex2007 ($1.98 in chips) 
Seat 9: Donenko345 ($1.18 in chips) 
facundo23: posts small blind $0.01
Andersocial has timed out
Andersocial: is sitting out 
kechuu_pok: posts big blind $0.02
*** HOLE CARDS ***
Dealt to Dorex2007 [Kd 3c]
VikMeD M: raises $0.02 to $0.04
Dorex2007: folds 
Donenko345: folds 
SlavikPuha: folds 
BrykmiD: folds 
christianlima: folds 
Andersocial is disconnected 
facundo23: folds 
kechuu_pok: calls $0.02
*** FLOP *** [Kc Qc Jc]
kechuu_pok: checks 
VikMeD M: bets $0.10
kechuu_pok: folds 
Uncalled bet ($0.10) returned to VikMeD M
VikMeD M collected $0.09 from pot
*** SUMMARY ***
Total pot $0.09 | Rake $0 
Board [Kc Qc Jc]
Seat 1: SlavikPuha folded before Flop (didn't bet)
Seat 2: BrykmiD folded before Flop (didn't bet)
Seat 3: christianlima (button) folded before Flop (didn't bet)
Seat 4: facundo23 (small blind) folded before Flop
Seat 6: kechuu_pok (big blind) folded on the Flop
Seat 7: VikMeD M collected ($0.09)
Seat 8: Dorex2007 folded before Flop (didn't bet)
Seat 9: Donenko345 folded before Flop (didn't bet)



PokerStars Hand #228090249093:  Hold'em No Limit ($0.01/$0.02 USD) - 2021/07/05 23:57:38 PT [2021/07/06 2:57:38 ET]
Table 'Messina III' 9-max Seat #4 is the button
Seat 1: SlavikPuha ($2.59 in chips) 
Seat 2: BrykmiD ($1.97 in chips) 
Seat 3: christianlima ($2.68 in chips) 
Seat 4: facundo23 ($2.07 in chips) 
Seat 6: kechuu_pok ($2.15 in chips) 
Seat 7: VikMeD M ($3.99 in chips) 
Seat 8: Dorex2007 ($1.98 in chips) 
Seat 9: Donenko345 ($1.18 in chips) 
kechuu_pok: posts small blind $0.01
VikMeD M: posts big blind $0.02
*** HOLE CARDS ***
Dealt to Dorex2007 [Qs 8d]
Dorex2007: folds 
Donenko345: folds 
SlavikPuha: folds 
BrykmiD: folds 
christianlima: folds 
facundo23 has timed out
facundo23: folds 
kechuu_pok: folds 
Uncalled bet ($0.01) returned to VikMeD M
VikMeD M collected $0.02 from pot
*** SUMMARY ***
Total pot $0.02 | Rake $0 
Seat 1: SlavikPuha folded before Flop (didn't bet)
Seat 2: BrykmiD folded before Flop (didn't bet)
Seat 3: christianlima folded before Flop (didn't bet)
Seat 4: facundo23 (button) folded before Flop (didn't bet)
Seat 6: kechuu_pok (small blind) folded before Flop
Seat 7: VikMeD M (big blind) collected ($0.02)
Seat 8: Dorex2007 folded before Flop (didn't bet)
Seat 9: Donenko345 folded before Flop (didn't bet)



PokerStars Hand #228090252509:  Hold'em No Limit ($0.01/$0.02 USD) - 2021/07/05 23:58:07 PT [2021/07/06 2:58:07 ET]
Table 'Messina III' 9-max Seat #6 is the button
Seat 1: SlavikPuha ($2.59 in chips) 
Seat 2: BrykmiD ($1.97 in chips) 
Seat 3: christianlima ($2.68 in chips) 
Seat 4: facundo23 ($2.07 in chips) 
Seat 6: kechuu_pok ($2.14 in chips) 
Seat 7: VikMeD M ($4 in chips) 
Seat 8: Dorex2007 ($1.98 in chips) 
Seat 9: Donenko345 ($1.18 in chips) 
VikMeD M: posts small blind $0.01
Dorex2007: posts big blind $0.02
*** HOLE CARDS ***
Dealt to Dorex2007 [Jh 6h]
Donenko345: folds 
SlavikPuha: folds 
BrykmiD: folds 
christianlima: folds 
facundo23: folds 
kechuu_pok: folds 
VikMeD M: raises $0.02 to $0.04
Dorex2007: folds 
Uncalled bet ($0.02) returned to VikMeD M
VikMeD M collected $0.04 from pot
*** SUMMARY ***
Total pot $0.04 | Rake $0 
Seat 1: SlavikPuha folded before Flop (didn't bet)
Seat 2: BrykmiD folded before Flop (didn't bet)
Seat 3: christianlima folded before Flop (didn't bet)
Seat 4: facundo23 folded before Flop (didn't bet)
Seat 6: kechuu_pok (button) folded before Flop (didn't bet)
Seat 7: VikMeD M (small blind) collected ($0.04)
Seat 8: Dorex2007 (big blind) folded before Flop
Seat 9: Donenko345 folded before Flop (didn't bet)



PokerStars Hand #228090256825:  Hold'em No Limit ($0.01/$0.02 USD) - 2021/07/05 23:58:46 PT [2021/07/06 2:58:46 ET]
Table 'Messina III' 9-max Seat #7 is the button
Seat 1: SlavikPuha ($2.59 in chips) 
Seat 2: BrykmiD ($1.97 in chips) 
Seat 3: christianlima ($2.68 in chips) 
Seat 4: facundo23 ($2.07 in chips) 
Seat 6: kechuu_pok ($2.14 in chips) 
Seat 7: VikMeD M ($4.02 in chips) 
Seat 8: Dorex2007 ($1.96 in chips) 
Seat 9: Donenko345 ($1.18 in chips) 
Dorex2007: posts small blind $0.01
Donenko345: posts big blind $0.02
*** HOLE CARDS ***
Dealt to Dorex2007 [Jc 5d]
SlavikPuha: folds 
BrykmiD: raises $0.06 to $0.08
christianlima: folds 
facundo23: folds 
kechuu_pok: folds 
VikMeD M: folds 
Dorex2007: folds 
Donenko345: folds 
Uncalled bet ($0.06) returned to BrykmiD
BrykmiD collected $0.05 from pot
*** SUMMARY ***
Total pot $0.05 | Rake $0 
Seat 1: SlavikPuha folded before Flop (didn't bet)
Seat 2: BrykmiD collected ($0.05)
Seat 3: christianlima folded before Flop (didn't bet)
Seat 4: facundo23 folded before Flop (didn't bet)
Seat 6: kechuu_pok folded before Flop (didn't bet)
Seat 7: VikMeD M (button) folded before Flop (didn't bet)
Seat 8: Dorex2007 (small blind) folded before Flop
Seat 9: Donenko345 (big blind) folded before Flop



PokerStars Hand #228090258854:  Hold'em No Limit ($0.01/$0.02 USD) - 2021/07/05 23:59:04 PT [2021/07/06 2:59:04 ET]
Table 'Messina III' 9-max Seat #8 is the button
Seat 1: SlavikPuha ($2.59 in chips) 
Seat 2: BrykmiD ($2 in chips) 
Seat 3: christianlima ($2.68 in chips) 
Seat 4: facundo23 ($2.07 in chips) 
Seat 6: kechuu_pok ($2.14 in chips) 
Seat 7: VikMeD M ($4.02 in chips) 
Seat 8: Dorex2007 ($1.95 in chips) 
Seat 9: Donenko345 ($1.16 in chips) 
Donenko345: posts small blind $0.01
SlavikPuha: posts big blind $0.02
*** HOLE CARDS ***
Dealt to Dorex2007 [3d Kh]
BrykmiD: folds 
christianlima: folds 
facundo23: folds 
kechuu_pok: raises $0.02 to $0.04
VikMeD M: folds 
Dorex2007: folds 
Donenko345: folds 
SlavikPuha: calls $0.02
*** FLOP *** [Jh 4c 6d]
SlavikPuha: checks 
kechuu_pok: bets $0.09
SlavikPuha: raises $2.46 to $2.55 and is all-in
kechuu_pok: folds 
Uncalled bet ($2.46) returned to SlavikPuha
SlavikPuha collected $0.26 from pot
SlavikPuha: doesn't show hand 
*** SUMMARY ***
Total pot $0.27 | Rake $0.01 
Board [Jh 4c 6d]
Seat 1: SlavikPuha (big blind) collected ($0.26)
Seat 2: BrykmiD folded before Flop (didn't bet)
Seat 3: christianlima folded before Flop (didn't bet)
Seat 4: facundo23 folded before Flop (didn't bet)
Seat 6: kechuu_pok folded on the Flop
Seat 7: VikMeD M folded before Flop (didn't bet)
Seat 8: Dorex2007 (button) folded before Flop (didn't bet)
Seat 9: Donenko345 (small blind) folded before Flop



PokerStars Hand #228090263584:  Hold'em No Limit ($0.01/$0.02 USD) - 2021/07/05 23:59:45 PT [2021/07/06 2:59:45 ET]
Table 'Messina III' 9-max Seat #9 is the button
Seat 1: SlavikPuha ($2.72 in chips) 
Seat 2: BrykmiD ($2 in chips) 
Seat 3: christianlima ($2.68 in chips) 
Seat 4: facundo23 ($2.07 in chips) 
Seat 6: kechuu_pok ($2.01 in chips) 
Seat 7: VikMeD M ($4.02 in chips) 
Seat 8: Dorex2007 ($1.95 in chips) 
Seat 9: Donenko345 ($1.15 in chips) 
SlavikPuha: posts small blind $0.01
BrykmiD: posts big blind $0.02
*** HOLE CARDS ***
Dealt to Dorex2007 [8s 4h]
christianlima: folds 
facundo23: folds 
kechuu_pok: raises $0.02 to $0.04
VikMeD M: raises $0.02 to $0.06
Dorex2007: folds 
Donenko345: folds 
SlavikPuha: folds 
BrykmiD: raises $0.04 to $0.10
kechuu_pok: folds 
VikMeD M: calls $0.04
*** FLOP *** [6c Qd 5h]
BrykmiD: bets $0.10
VikMeD M: calls $0.10
*** TURN *** [6c Qd 5h] [Jc]
BrykmiD: checks 
VikMeD M: checks 
*** RIVER *** [6c Qd 5h Jc] [7s]
BrykmiD: checks 
VikMeD M: bets $0.10
BrykmiD: folds 
Uncalled bet ($0.10) returned to VikMeD M
VikMeD M collected $0.43 from pot
*** SUMMARY ***
Total pot $0.45 | Rake $0.02 
Board [6c Qd 5h Jc 7s]
Seat 1: SlavikPuha (small blind) folded before Flop
Seat 2: BrykmiD (big blind) folded on the River
Seat 3: christianlima folded before Flop (didn't bet)
Seat 4: facundo23 folded before Flop (didn't bet)
Seat 6: kechuu_pok folded before Flop
Seat 7: VikMeD M collected ($0.43)
Seat 8: Dorex2007 folded before Flop (didn't bet)
Seat 9: Donenko345 (button) folded before Flop (didn't bet)



PokerStars Hand #228090270225:  Hold'em No Limit ($0.01/$0.02 USD) - 2021/07/06 0:00:41 PT [2021/07/06 3:00:41 ET]
Table 'Messina III' 9-max Seat #1 is the button
Seat 1: SlavikPuha ($2.71 in chips) 
Seat 2: BrykmiD ($1.80 in chips) 
Seat 3: christianlima ($2.68 in chips) 
Seat 4: facundo23 ($2.07 in chips) 
Seat 6: kechuu_pok ($1.97 in chips) 
Seat 7: VikMeD M ($4.25 in chips) 
Seat 8: Dorex2007 ($1.95 in chips) 
Seat 9: Donenko345 ($1.15 in chips) 
BrykmiD: posts small blind $0.01
christianlima: posts big blind $0.02
*** HOLE CARDS ***
Dealt to Dorex2007 [6s Ks]
Andersocial is disconnected 
facundo23: folds 
kechuu_pok: folds 
VikMeD M: folds 
Dorex2007: folds 
Donenko345: folds 
SlavikPuha: raises $0.04 to $0.06
BrykmiD: calls $0.05
christianlima: folds 
*** FLOP *** [Qd 9h Th]
BrykmiD: checks 
SlavikPuha: bets $0.07
BrykmiD: folds 
Uncalled bet ($0.07) returned to SlavikPuha
SlavikPuha collected $0.14 from pot
SlavikPuha: doesn't show hand 
*** SUMMARY ***
Total pot $0.14 | Rake $0 
Board [Qd 9h Th]
Seat 1: SlavikPuha (button) collected ($0.14)
Seat 2: BrykmiD (small blind) folded on the Flop
Seat 3: christianlima (big blind) folded before Flop
Seat 4: facundo23 folded before Flop (didn't bet)
Seat 6: kechuu_pok folded before Flop (didn't bet)
Seat 7: VikMeD M folded before Flop (didn't bet)
Seat 8: Dorex2007 folded before Flop (didn't bet)
Seat 9: Donenko345 folded before Flop (didn't bet)



PokerStars Hand #228090273225:  Hold'em No Limit ($0.01/$0.02 USD) - 2021/07/06 0:01:05 PT [2021/07/06 3:01:05 ET]
Table 'Messina III' 9-max Seat #2 is the button
Seat 1: SlavikPuha ($2.79 in chips) 
Seat 2: BrykmiD ($1.74 in chips) 
Seat 3: christianlima ($2.66 in chips) 
Seat 4: facundo23 ($2.07 in chips) 
Seat 6: kechuu_pok ($1.97 in chips) 
Seat 7: VikMeD M ($4.25 in chips) 
Seat 8: Dorex2007 ($1.95 in chips) 
Seat 9: Donenko345 ($1.15 in chips) 
christianlima: posts small blind $0.01
facundo23: posts big blind $0.02
*** HOLE CARDS ***
Dealt to Dorex2007 [5d Kh]
kechuu_pok: folds 
VikMeD M: calls $0.02
Dorex2007: folds 
Donenko345: folds 
SlavikPuha: folds 
BrykmiD: folds 
christianlima: folds 
facundo23: checks 
*** FLOP *** [2d Js Kd]
facundo23: checks 
VikMeD M: checks 
*** TURN *** [2d Js Kd] [4c]
facundo23: checks 
VikMeD M: checks 
*** RIVER *** [2d Js Kd 4c] [9d]
facundo23: checks 
VikMeD M: bets $0.05
facundo23: folds 
Uncalled bet ($0.05) returned to VikMeD M
VikMeD M collected $0.05 from pot
*** SUMMARY ***
Total pot $0.05 | Rake $0 
Board [2d Js Kd 4c 9d]
Seat 1: SlavikPuha folded before Flop (didn't bet)
Seat 2: BrykmiD (button) folded before Flop (didn't bet)
Seat 3: christianlima (small blind) folded before Flop
Seat 4: facundo23 (big blind) folded on the River
Seat 6: kechuu_pok folded before Flop (didn't bet)
Seat 7: VikMeD M collected ($0.05)
Seat 8: Dorex2007 folded before Flop (didn't bet)
Seat 9: Donenko345 folded before Flop (didn't bet)



PokerStars Hand #228090280007:  Hold'em No Limit ($0.01/$0.02 USD) - 2021/07/06 0:02:00 PT [2021/07/06 3:02:00 ET]
Table 'Messina III' 9-max Seat #3 is the button
Seat 1: SlavikPuha ($2.79 in chips) 
Seat 2: BrykmiD ($1.74 in chips) 
Seat 3: christianlima ($2.65 in chips) 
Seat 4: facundo23 ($2.05 in chips) 
Seat 6: kechuu_pok ($1.97 in chips) 
Seat 7: VikMeD M ($4.28 in chips) 
Seat 8: Dorex2007 ($1.95 in chips) 
Seat 9: Donenko345 ($1.15 in chips) 
facundo23: posts small blind $0.01
kechuu_pok: posts big blind $0.02
*** HOLE CARDS ***
Dealt to Dorex2007 [Ts 3c]
VikMeD M: calls $0.02
Dorex2007: folds 
Donenko345: folds 
SlavikPuha: folds 
BrykmiD: folds 
christianlima: folds 
facundo23: folds 
kechuu_pok: checks 
*** FLOP *** [5h 8h Jd]
kechuu_pok: checks 
VikMeD M: bets $0.02
kechuu_pok: calls $0.02
*** TURN *** [5h 8h Jd] [9d]
kechuu_pok: checks 
VikMeD M: checks 
*** RIVER *** [5h 8h Jd 9d] [Qc]
kechuu_pok: bets $0.09
VikMeD M: folds 
Uncalled bet ($0.09) returned to kechuu_pok
kechuu_pok collected $0.09 from pot
Andersocial leaves the table
*** SUMMARY ***
Total pot $0.09 | Rake $0 
Board [5h 8h Jd 9d Qc]
Seat 1: SlavikPuha folded before Flop (didn't bet)
Seat 2: BrykmiD folded before Flop (didn't bet)
Seat 3: christianlima (button) folded before Flop (didn't bet)
Seat 4: facundo23 (small blind) folded before Flop
Seat 6: kechuu_pok (big blind) collected ($0.09)
Seat 7: VikMeD M folded on the River
Seat 8: Dorex2007 folded before Flop (didn't bet)
Seat 9: Donenko345 folded before Flop (didn't bet)



PokerStars Hand #228090285656:  Hold'em No Limit ($0.01/$0.02 USD) - 2021/07/06 0:02:44 PT [2021/07/06 3:02:44 ET]
Table 'Messina III' 9-max Seat #4 is the button
Seat 1: SlavikPuha ($2.79 in chips) 
Seat 2: BrykmiD ($1.74 in chips) 
Seat 3: christianlima ($2.65 in chips) 
Seat 4: facundo23 ($2.04 in chips) 
Seat 6: kechuu_pok ($2.02 in chips) 
Seat 7: VikMeD M ($4.24 in chips) 
Seat 8: Dorex2007 ($1.95 in chips) 
Seat 9: Donenko345 ($1.15 in chips) 
kechuu_pok: posts small blind $0.01
VikMeD M: posts big blind $0.02
*** HOLE CARDS ***
Dealt to Dorex2007 [6d 8c]
Dorex2007: folds 
Donenko345: folds 
SlavikPuha: folds 
BrykmiD: folds 
christianlima: folds 
facundo23: folds 
kechuu_pok: calls $0.01
VikMeD M: checks 
*** FLOP *** [4s Th Ks]
kechuu_pok: checks 
VikMeD M: bets $0.02
kechuu_pok: calls $0.02
*** TURN *** [4s Th Ks] [4c]
kechuu_pok: checks 
VikMeD M: bets $0.04
kechuu_pok: calls $0.04
*** RIVER *** [4s Th Ks 4c] [2s]
kechuu_pok: checks 
VikMeD M: bets $0.08
kechuu_pok: calls $0.08
*** SHOW DOWN ***
VikMeD M: shows [Tc 3c] (two pair, Tens and Fours)
kechuu_pok: shows [Td Jc] (two pair, Tens and Fours)
kechuu_pok collected $0.16 from pot
VikMeD M collected $0.15 from pot
*** SUMMARY ***
Total pot $0.32 | Rake $0.01 
Board [4s Th Ks 4c 2s]
Seat 1: SlavikPuha folded before Flop (didn't bet)
Seat 2: BrykmiD folded before Flop (didn't bet)
Seat 3: christianlima folded before Flop (didn't bet)
Seat 4: facundo23 (button) folded before Flop (didn't bet)
Seat 6: kechuu_pok (small blind) showed [Td Jc] and won ($0.16) with two pair, Tens and Fours
Seat 7: VikMeD M (big blind) showed [Tc 3c] and won ($0.15) with two pair, Tens and Fours
Seat 8: Dorex2007 folded before Flop (didn't bet)
Seat 9: Donenko345 folded before Flop (didn't bet)



PokerStars Hand #228090292570:  Hold'em No Limit ($0.01/$0.02 USD) - 2021/07/06 0:03:37 PT [2021/07/06 3:03:37 ET]
Table 'Messina III' 9-max Seat #6 is the button
Seat 1: SlavikPuha ($2.79 in chips) 
Seat 2: BrykmiD ($1.74 in chips) 
Seat 3: christianlima ($2.65 in chips) 
Seat 4: facundo23 ($2.04 in chips) 
Seat 6: kechuu_pok ($2.02 in chips) 
Seat 7: VikMeD M ($4.23 in chips) 
Seat 8: Dorex2007 ($1.95 in chips) 
Seat 9: Donenko345 ($1.15 in chips) 
VikMeD M: posts small blind $0.01
Dorex2007: posts big blind $0.02
*** HOLE CARDS ***
Dealt to Dorex2007 [Kc 8h]
Donenko345: folds 
SlavikPuha: folds 
BrykmiD: raises $0.06 to $0.08
christianlima: calls $0.08
facundo23: folds 
kechuu_pok: folds 
VikMeD M: folds 
Dorex2007: folds 
*** FLOP *** [5h Tc 4h]
BrykmiD: bets $0.10
christianlima: raises $0.40 to $0.50
BrykmiD: folds 
Uncalled bet ($0.40) returned to christianlima
christianlima collected $0.38 from pot
christianlima: doesn't show hand 
*** SUMMARY ***
Total pot $0.39 | Rake $0.01 
Board [5h Tc 4h]
Seat 1: SlavikPuha folded before Flop (didn't bet)
Seat 2: BrykmiD folded on the Flop
Seat 3: christianlima collected ($0.38)
Seat 4: facundo23 folded before Flop (didn't bet)
Seat 6: kechuu_pok (button) folded before Flop (didn't bet)
Seat 7: VikMeD M (small blind) folded before Flop
Seat 8: Dorex2007 (big blind) folded before Flop
Seat 9: Donenko345 folded before Flop (didn't bet)



PokerStars Hand #228090300404:  Hold'em No Limit ($0.01/$0.02 USD) - 2021/07/06 0:04:06 PT [2021/07/06 3:04:06 ET]
Table 'Messina III' 9-max Seat #7 is the button
Seat 1: SlavikPuha ($2.79 in chips) 
Seat 2: BrykmiD ($1.56 in chips) 
Seat 3: christianlima ($2.85 in chips) 
Seat 4: facundo23 ($2.04 in chips) 
Seat 6: kechuu_pok ($2.02 in chips) 
Seat 7: VikMeD M ($4.22 in chips) 
Seat 8: Dorex2007 ($1.93 in chips) 
Seat 9: Donenko345 ($1.15 in chips) 
Dorex2007: posts small blind $0.01
Donenko345: posts big blind $0.02
*** HOLE CARDS ***
Dealt to Dorex2007 [Ks Jd]
SlavikPuha: folds 
BrykmiD: folds 
christianlima: folds 
facundo23: folds 
kechuu_pok: raises $0.02 to $0.04
VikMeD M: folds 
Dorex2007: folds 
Donenko345: folds 
Uncalled bet ($0.02) returned to kechuu_pok
kechuu_pok collected $0.05 from pot
*** SUMMARY ***
Total pot $0.05 | Rake $0 
Seat 1: SlavikPuha folded before Flop (didn't bet)
Seat 2: BrykmiD folded before Flop (didn't bet)
Seat 3: christianlima folded before Flop (didn't bet)
Seat 4: facundo23 folded before Flop (didn't bet)
Seat 6: kechuu_pok collected ($0.05)
Seat 7: VikMeD M (button) folded before Flop (didn't bet)
Seat 8: Dorex2007 (small blind) folded before Flop
Seat 9: Donenko345 (big blind) folded before Flop



PokerStars Hand #228090303004:  Hold'em No Limit ($0.01/$0.02 USD) - 2021/07/06 0:04:26 PT [2021/07/06 3:04:26 ET]
Table 'Messina III' 9-max Seat #8 is the button
Seat 2: BrykmiD ($1.56 in chips) 
Seat 3: christianlima ($2.85 in chips) 
Seat 4: facundo23 ($2.04 in chips) 
Seat 6: kechuu_pok ($2.05 in chips) 
Seat 7: VikMeD M ($4.22 in chips) 
Seat 8: Dorex2007 ($1.92 in chips) 
Seat 9: Donenko345 ($1.13 in chips) 
Donenko345: posts small blind $0.01
SlavikPuha: is sitting out 
BrykmiD: posts big blind $0.02
*** HOLE CARDS ***
Dealt to Dorex2007 [Ad Jh]
christianlima: folds 
Kasuertes joins the table at seat #5 
facundo23: folds 
kechuu_pok: folds 
VikMeD M: raises $0.04 to $0.06
Dorex2007: calls $0.06
Donenko345: folds 
BrykmiD: folds 
*** FLOP *** [Jc Jd 3h]
VikMeD M: checks 
Dorex2007: checks 
*** TURN *** [Jc Jd 3h] [3s]
VikMeD M: bets $0.07
Dorex2007: calls $0.07
*** RIVER *** [Jc Jd 3h 3s] [Td]
VikMeD M: bets $0.28
Dorex2007: raises $1.51 to $1.79 and is all-in
VikMeD M: calls $1.51
*** SHOW DOWN ***
Dorex2007: shows [Ad Jh] (a full house, Jacks full of Threes)
VikMeD M: shows [Th Tc] (a full house, Tens full of Jacks)
Dorex2007 collected $3.73 from pot
*** SUMMARY ***
Total pot $3.87 | Rake $0.14 
Board [Jc Jd 3h 3s Td]
Seat 2: BrykmiD (big blind) folded before Flop
Seat 3: christianlima folded before Flop (didn't bet)
Seat 4: facundo23 folded before Flop (didn't bet)
Seat 6: kechuu_pok folded before Flop (didn't bet)
Seat 7: VikMeD M showed [Th Tc] and lost with a full house, Tens full of Jacks
Seat 8: Dorex2007 (button) showed [Ad Jh] and won ($3.73) with a full house, Jacks full of Threes
Seat 9: Donenko345 (small blind) folded before Flop



PokerStars Hand #228090312456:  Hold'em No Limit ($0.01/$0.02 USD) - 2021/07/06 0:05:39 PT [2021/07/06 3:05:39 ET]
Table 'Messina III' 9-max Seat #9 is the button
Seat 2: BrykmiD ($1.54 in chips) 
Seat 3: christianlima ($2.85 in chips) 
Seat 4: facundo23 ($2.04 in chips) 
Seat 6: kechuu_pok ($2.05 in chips) 
Seat 7: VikMeD M ($2.30 in chips) 
Seat 8: Dorex2007 ($3.73 in chips) 
Seat 9: Donenko345 ($1.12 in chips) 
BrykmiD: posts small blind $0.01
christianlima: posts big blind $0.02
Kasuertes: sits out 
*** HOLE CARDS ***
Dealt to Dorex2007 [As 2c]
facundo23: folds 
kechuu_pok: folds 
VikMeD M: folds 
Dorex2007: folds 
Donenko345: folds 
BrykmiD: folds 
Uncalled bet ($0.01) returned to christianlima
christianlima collected $0.02 from pot
christianlima: doesn't show hand 
*** SUMMARY ***
Total pot $0.02 | Rake $0 
Seat 2: BrykmiD (small blind) folded before Flop
Seat 3: christianlima (big blind) collected ($0.02)
Seat 4: facundo23 folded before Flop (didn't bet)
Seat 6: kechuu_pok folded before Flop (didn't bet)
Seat 7: VikMeD M folded before Flop (didn't bet)
Seat 8: Dorex2007 folded before Flop (didn't bet)
Seat 9: Donenko345 (button) folded before Flop (didn't bet)



PokerStars Hand #228090314285:  Hold'em No Limit ($0.01/$0.02 USD) - 2021/07/06 0:05:53 PT [2021/07/06 3:05:53 ET]
Table 'Messina III' 9-max Seat #2 is the button
Seat 2: BrykmiD ($1.53 in chips) 
Seat 3: christianlima ($2.86 in chips) 
Seat 4: facundo23 ($2.04 in chips) 
Seat 6: kechuu_pok ($2.05 in chips) 
Seat 7: VikMeD M ($2.30 in chips) 
Seat 8: Dorex2007 ($3.73 in chips) 
Seat 9: Donenko345 ($1.12 in chips) 
christianlima: posts small blind $0.01
facundo23: posts big blind $0.02
Kasuertes: sits out 
*** HOLE CARDS ***
Dealt to Dorex2007 [Js Th]
kechuu_pok: folds 
VikMeD M: calls $0.02
Dorex2007: folds 
Donenko345: folds 
BrykmiD: folds 
christianlima: folds 
facundo23: checks 
*** FLOP *** [Qs 3h 4d]
facundo23: checks 
VikMeD M: checks 
*** TURN *** [Qs 3h 4d] [6s]
facundo23: checks 
VikMeD M: checks 
*** RIVER *** [Qs 3h 4d 6s] [4h]
facundo23: checks 
VikMeD M: bets $0.03
facundo23: folds 
Uncalled bet ($0.03) returned to VikMeD M
VikMeD M collected $0.05 from pot
*** SUMMARY ***
Total pot $0.05 | Rake $0 
Board [Qs 3h 4d 6s 4h]
Seat 2: BrykmiD (button) folded before Flop (didn't bet)
Seat 3: christianlima (small blind) folded before Flop
Seat 4: facundo23 (big blind) folded on the River
Seat 6: kechuu_pok folded before Flop (didn't bet)
Seat 7: VikMeD M collected ($0.05)
Seat 8: Dorex2007 folded before Flop (didn't bet)
Seat 9: Donenko345 folded before Flop (didn't bet)



PokerStars Hand #228090318917:  Hold'em No Limit ($0.01/$0.02 USD) - 2021/07/06 0:06:29 PT [2021/07/06 3:06:29 ET]
Table 'Messina III' 9-max Seat #3 is the button
Seat 2: BrykmiD ($1.53 in chips) 
Seat 3: christianlima ($2.85 in chips) 
Seat 4: facundo23 ($2.02 in chips) 
Seat 5: Kasuertes ($2 in chips) 
Seat 6: kechuu_pok ($2.05 in chips) 
Seat 7: VikMeD M ($2.33 in chips) 
Seat 8: Dorex2007 ($3.73 in chips) 
Seat 9: Donenko345 ($1.12 in chips) 
facundo23: posts small blind $0.01
Kasuertes: posts big blind $0.02
*** HOLE CARDS ***
Dealt to Dorex2007 [4d 5c]
kechuu_pok: folds 
VikMeD M: folds 
Dorex2007: calls $0.02
Donenko345: folds 
BrykmiD: folds 
christianlima: folds 
facundo23: calls $0.01
Kasuertes: checks 
*** FLOP *** [Kc 7s 6d]
facundo23: checks 
Kasuertes: bets $0.03
Dorex2007: calls $0.03
facundo23: folds 
*** TURN *** [Kc 7s 6d] [8h]
Kasuertes: checks 
Dorex2007: bets $0.12
Kasuertes: folds 
Uncalled bet ($0.12) returned to Dorex2007
Dorex2007 collected $0.12 from pot
Dorex2007: doesn't show hand 
*** SUMMARY ***
Total pot $0.12 | Rake $0 
Board [Kc 7s 6d 8h]
Seat 2: BrykmiD folded before Flop (didn't bet)
Seat 3: christianlima (button) folded before Flop (didn't bet)
Seat 4: facundo23 (small blind) folded on the Flop
Seat 5: Kasuertes (big blind) folded on the Turn
Seat 6: kechuu_pok folded before Flop (didn't bet)
Seat 7: VikMeD M folded before Flop (didn't bet)
Seat 8: Dorex2007 collected ($0.12)
Seat 9: Donenko345 folded before Flop (didn't bet)



PokerStars Hand #228090324680:  Hold'em No Limit ($0.01/$0.02 USD) - 2021/07/06 0:07:14 PT [2021/07/06 3:07:14 ET]
Table 'Messina III' 9-max Seat #4 is the button
Seat 2: BrykmiD ($1.53 in chips) 
Seat 3: christianlima ($2.85 in chips) 
Seat 4: facundo23 ($2 in chips) 
Seat 5: Kasuertes ($1.95 in chips) 
Seat 6: kechuu_pok ($2.05 in chips) 
Seat 7: VikMeD M ($2.33 in chips) 
Seat 8: Dorex2007 ($3.80 in chips) 
Seat 9: Donenko345 ($1.12 in chips) 
Kasuertes: posts small blind $0.01
kechuu_pok: posts big blind $0.02
*** HOLE CARDS ***
Dealt to Dorex2007 [7s 7d]
VikMeD M: raises $0.02 to $0.04
Dorex2007: calls $0.04
Donenko345: calls $0.04
BrykmiD: folds 
christianlima: folds 
facundo23 has timed out
facundo23: folds 
Kasuertes: folds 
kechuu_pok: calls $0.02
*** FLOP *** [Qd 8h 2s]
kechuu_pok: checks 
VikMeD M: checks 
Dorex2007: checks 
Donenko345: checks 
*** TURN *** [Qd 8h 2s] [3c]
kechuu_pok: checks 
VikMeD M: checks 
Dorex2007: checks 
Donenko345: checks 
*** RIVER *** [Qd 8h 2s 3c] [5s]
kechuu_pok: bets $0.08
VikMeD M: folds 
Dorex2007: folds 
Donenko345: calls $0.08
*** SHOW DOWN ***
kechuu_pok: shows [Ad 4d] (a straight, Ace to Five)
Donenko345: mucks hand 
kechuu_pok collected $0.32 from pot
*** SUMMARY ***
Total pot $0.33 | Rake $0.01 
Board [Qd 8h 2s 3c 5s]
Seat 2: BrykmiD folded before Flop (didn't bet)
Seat 3: christianlima folded before Flop (didn't bet)
Seat 4: facundo23 (button) folded before Flop (didn't bet)
Seat 5: Kasuertes (small blind) folded before Flop
Seat 6: kechuu_pok (big blind) showed [Ad 4d] and won ($0.32) with a straight, Ace to Five
Seat 7: VikMeD M folded on the River
Seat 8: Dorex2007 folded on the River
Seat 9: Donenko345 mucked [Td Th]



PokerStars Hand #228090337052:  Hold'em No Limit ($0.01/$0.02 USD) - 2021/07/06 0:08:49 PT [2021/07/06 3:08:49 ET]
Table 'Messina III' 9-max Seat #5 is the button
Seat 2: BrykmiD ($1.53 in chips) 
Seat 3: christianlima ($2.85 in chips) 
Seat 5: Kasuertes ($1.94 in chips) 
Seat 6: kechuu_pok ($2.25 in chips) 
Seat 7: VikMeD M ($2.29 in chips) 
Seat 8: Dorex2007 ($3.76 in chips) 
Seat 9: Donenko345 ($1 in chips) 
kechuu_pok: posts small blind $0.01
VikMeD M: posts big blind $0.02
SlavikPuha: sits out 
*** HOLE CARDS ***
Dealt to Dorex2007 [Kd 4s]
Dorex2007: folds 
Donenko345: folds 
BrykmiD: folds 
christianlima: folds 
Kasuertes: raises $0.04 to $0.06
kechuu_pok: folds 
VikMeD M: folds 
Uncalled bet ($0.04) returned to Kasuertes
Kasuertes collected $0.05 from pot
Kasuertes: doesn't show hand 
*** SUMMARY ***
Total pot $0.05 | Rake $0 
Seat 2: BrykmiD folded before Flop (didn't bet)
Seat 3: christianlima folded before Flop (didn't bet)
Seat 5: Kasuertes (button) collected ($0.05)
Seat 6: kechuu_pok (small blind) folded before Flop
Seat 7: VikMeD M (big blind) folded before Flop
Seat 8: Dorex2007 folded before Flop (didn't bet)
Seat 9: Donenko345 folded before Flop (didn't bet)



PokerStars Hand #228090339005:  Hold'em No Limit ($0.01/$0.02 USD) - 2021/07/06 0:09:05 PT [2021/07/06 3:09:05 ET]
Table 'Messina III' 9-max Seat #6 is the button
Seat 2: BrykmiD ($1.53 in chips) 
Seat 3: christianlima ($2.85 in chips) 
Seat 5: Kasuertes ($1.97 in chips) 
Seat 6: kechuu_pok ($2.24 in chips) 
Seat 7: VikMeD M ($2.27 in chips) 
Seat 8: Dorex2007 ($3.76 in chips) 
Seat 9: Donenko345 ($1 in chips) 
VikMeD M: posts small blind $0.01
Dorex2007: posts big blind $0.02
SlavikPuha: sits out 
*** HOLE CARDS ***
Dealt to Dorex2007 [Jc Ks]
Donenko345: folds 
BrykmiD: folds 
christianlima: folds 
christianlima leaves the table
Kasuertes: raises $0.04 to $0.06
kechuu_pok: folds 
j+sch1977 joins the table at seat #3 
VikMeD M: folds 
Dorex2007: folds 
Uncalled bet ($0.04) returned to Kasuertes
Kasuertes collected $0.05 from pot
Kasuertes: doesn't show hand 
*** SUMMARY ***
Total pot $0.05 | Rake $0 
Seat 2: BrykmiD folded before Flop (didn't bet)
Seat 3: christianlima folded before Flop (didn't bet)
Seat 5: Kasuertes collected ($0.05)
Seat 6: kechuu_pok (button) folded before Flop (didn't bet)
Seat 7: VikMeD M (small blind) folded before Flop
Seat 8: Dorex2007 (big blind) folded before Flop
Seat 9: Donenko345 folded before Flop (didn't bet)



PokerStars Hand #228090343019:  Hold'em No Limit ($0.01/$0.02 USD) - 2021/07/06 0:09:36 PT [2021/07/06 3:09:36 ET]
Table 'Messina III' 9-max Seat #7 is the button
Seat 2: BrykmiD ($1.53 in chips) 
Seat 5: Kasuertes ($2 in chips) 
Seat 6: kechuu_pok ($2.24 in chips) 
Seat 7: VikMeD M ($2.26 in chips) 
Seat 8: Dorex2007 ($3.74 in chips) 
Seat 9: Donenko345 ($1 in chips) 
Dorex2007: posts small blind $0.01
Donenko345: posts big blind $0.02
SlavikPuha: sits out 
j+sch1977: sits out 
*** HOLE CARDS ***
Dealt to Dorex2007 [Kc 8c]
BrykmiD: folds 
Kasuertes: folds 
kechuu_pok: calls $0.02
VikMeD M: folds 
Dorex2007: folds 
Donenko345: checks 
*** FLOP *** [9s 3h Qd]
j+sch1977 leaves the table
Donenko345: checks 
kechuu_pok: checks 
*** TURN *** [9s 3h Qd] [Qs]
Donenko345: checks 
dalli132 joins the table at seat #3 
kechuu_pok: bets $0.05
Donenko345: folds 
Uncalled bet ($0.05) returned to kechuu_pok
kechuu_pok collected $0.05 from pot
*** SUMMARY ***
Total pot $0.05 | Rake $0 
Board [9s 3h Qd Qs]
Seat 2: BrykmiD folded before Flop (didn't bet)
Seat 5: Kasuertes folded before Flop (didn't bet)
Seat 6: kechuu_pok collected ($0.05)
Seat 7: VikMeD M (button) folded before Flop (didn't bet)
Seat 8: Dorex2007 (small blind) folded before Flop
Seat 9: Donenko345 (big blind) folded on the Turn



PokerStars Hand #228090347444:  Hold'em No Limit ($0.01/$0.02 USD) - 2021/07/06 0:10:10 PT [2021/07/06 3:10:10 ET]
Table 'Messina III' 9-max Seat #8 is the button
Seat 1: SlavikPuha ($2.79 in chips) 
Seat 2: BrykmiD ($1.53 in chips) 
Seat 6: kechuu_pok ($2.27 in chips) 
Seat 7: VikMeD M ($2.26 in chips) 
Seat 8: Dorex2007 ($3.73 in chips) 
Seat 9: Donenko345 ($1 in chips) 
Donenko345: posts small blind $0.01
SlavikPuha: posts big blind $0.02
dalli132: sits out 
*** HOLE CARDS ***
Dealt to Dorex2007 [9c 6h]
BrykmiD: folds 
kechuu_pok: folds 
VikMeD M: folds 
Dorex2007: folds 
Donenko345: raises $0.03 to $0.05
SlavikPuha: folds 
Uncalled bet ($0.03) returned to Donenko345
Donenko345 collected $0.04 from pot
Donenko345: doesn't show hand 
*** SUMMARY ***
Total pot $0.04 | Rake $0 
Seat 1: SlavikPuha (big blind) folded before Flop
Seat 2: BrykmiD folded before Flop (didn't bet)
Seat 6: kechuu_pok folded before Flop (didn't bet)
Seat 7: VikMeD M folded before Flop (didn't bet)
Seat 8: Dorex2007 (button) folded before Flop (didn't bet)
Seat 9: Donenko345 (small blind) collected ($0.04)



PokerStars Hand #228090349414:  Hold'em No Limit ($0.01/$0.02 USD) - 2021/07/06 0:10:25 PT [2021/07/06 3:10:25 ET]
Table 'Messina III' 9-max Seat #9 is the button
Seat 1: SlavikPuha ($2.77 in chips) 
Seat 2: BrykmiD ($1.53 in chips) 
Seat 6: kechuu_pok ($2.27 in chips) 
Seat 7: VikMeD M ($2.26 in chips) 
Seat 8: Dorex2007 ($3.73 in chips) 
Seat 9: Donenko345 ($1.02 in chips) 
SlavikPuha: posts small blind $0.01
BrykmiD: posts big blind $0.02
dalli132: sits out 
*** HOLE CARDS ***
Dealt to Dorex2007 [Jd 4h]
kechuu_pok: folds 
VikMeD M: raises $0.02 to $0.04
Dorex2007: folds 
Donenko345: calls $0.04
SlavikPuha: folds 
BrykmiD: folds 
*** FLOP *** [Ks 9h Qh]
VikMeD M: bets $0.02
Donenko345: raises $0.02 to $0.04
VikMeD M: calls $0.02
*** TURN *** [Ks 9h Qh] [Qc]
VikMeD M: bets $0.02
Donenko345: raises $0.11 to $0.13
VikMeD M: folds 
Uncalled bet ($0.11) returned to Donenko345
Donenko345 collected $0.22 from pot
Donenko345: doesn't show hand 
*** SUMMARY ***
Total pot $0.23 | Rake $0.01 
Board [Ks 9h Qh Qc]
Seat 1: SlavikPuha (small blind) folded before Flop
Seat 2: BrykmiD (big blind) folded before Flop
Seat 6: kechuu_pok folded before Flop (didn't bet)
Seat 7: VikMeD M folded on the Turn
Seat 8: Dorex2007 folded before Flop (didn't bet)
Seat 9: Donenko345 (button) collected ($0.22)



PokerStars Hand #228090354987:  Hold'em No Limit ($0.01/$0.02 USD) - 2021/07/06 0:11:07 PT [2021/07/06 3:11:07 ET]
Table 'Messina III' 9-max Seat #1 is the button
Seat 1: SlavikPuha ($2.76 in chips) 
Seat 2: BrykmiD ($1.51 in chips) 
Seat 3: dalli132 ($0.80 in chips) 
Seat 6: kechuu_pok ($2.27 in chips) 
Seat 7: VikMeD M ($2.16 in chips) 
Seat 8: Dorex2007 ($3.73 in chips) 
Seat 9: Donenko345 ($1.14 in chips) 
BrykmiD: posts small blind $0.01
dalli132: posts big blind $0.02
*** HOLE CARDS ***
Dealt to Dorex2007 [Jc Qs]
kechuu_pok: raises $0.02 to $0.04
VikMeD M: folds 
Dorex2007: folds 
Donenko345: folds 
SlavikPuha: raises $0.11 to $0.15
BrykmiD: folds 
dalli132: folds 
kechuu_pok: folds 
Uncalled bet ($0.11) returned to SlavikPuha
SlavikPuha collected $0.11 from pot
SlavikPuha: doesn't show hand 
*** SUMMARY ***
Total pot $0.11 | Rake $0 
Seat 1: SlavikPuha (button) collected ($0.11)
Seat 2: BrykmiD (small blind) folded before Flop
Seat 3: dalli132 (big blind) folded before Flop
Seat 6: kechuu_pok folded before Flop
Seat 7: VikMeD M folded before Flop (didn't bet)
Seat 8: Dorex2007 folded before Flop (didn't bet)
Seat 9: Donenko345 folded before Flop (didn't bet)



PokerStars Hand #228090358616:  Hold'em No Limit ($0.01/$0.02 USD) - 2021/07/06 0:11:35 PT [2021/07/06 3:11:35 ET]
Table 'Messina III' 9-max Seat #2 is the button
Seat 1: SlavikPuha ($2.83 in chips) 
Seat 2: BrykmiD ($1.50 in chips) 
Seat 3: dalli132 ($0.78 in chips) 
Seat 6: kechuu_pok ($2.23 in chips) 
Seat 7: VikMeD M ($2.16 in chips) 
Seat 8: Dorex2007 ($3.73 in chips) 
Seat 9: Donenko345 ($1.14 in chips) 
dalli132: posts small blind $0.01
kechuu_pok: posts big blind $0.02
*** HOLE CARDS ***
Dealt to Dorex2007 [3d 4c]
VikMeD M: folds 
Dorex2007: folds 
Donenko345: folds 
SlavikPuha: raises $0.04 to $0.06
BrykmiD: folds 
dalli132: raises $0.14 to $0.20
kechuu_pok: folds 
SlavikPuha: folds 
Uncalled bet ($0.14) returned to dalli132
dalli132 collected $0.14 from pot
dalli132: doesn't show hand 
*** SUMMARY ***
Total pot $0.14 | Rake $0 
Seat 1: SlavikPuha folded before Flop
Seat 2: BrykmiD (button) folded before Flop (didn't bet)
Seat 3: dalli132 (small blind) collected ($0.14)
Seat 6: kechuu_pok (big blind) folded before Flop
Seat 7: VikMeD M folded before Flop (didn't bet)
Seat 8: Dorex2007 folded before Flop (didn't bet)
Seat 9: Donenko345 folded before Flop (didn't bet)



PokerStars Hand #228090361279:  Hold'em No Limit ($0.01/$0.02 USD) - 2021/07/06 0:11:55 PT [2021/07/06 3:11:55 ET]
Table 'Messina III' 9-max Seat #3 is the button
Seat 1: SlavikPuha ($2.77 in chips) 
Seat 2: BrykmiD ($1.50 in chips) 
Seat 3: dalli132 ($0.86 in chips) 
Seat 6: kechuu_pok ($2.21 in chips) 
Seat 7: VikMeD M ($2.16 in chips) 
Seat 8: Dorex2007 ($3.73 in chips) 
Seat 9: Donenko345 ($1.14 in chips) 
kechuu_pok: posts small blind $0.01
VikMeD M: posts big blind $0.02
*** HOLE CARDS ***
Dealt to Dorex2007 [8d 3d]
Dorex2007: folds 
Donenko345: folds 
SlavikPuha: folds 
BrykmiD: folds 
dalli132: folds 
kechuu_pok: raises $0.04 to $0.06
VikMeD M: folds 
Uncalled bet ($0.04) returned to kechuu_pok
kechuu_pok collected $0.04 from pot
*** SUMMARY ***
Total pot $0.04 | Rake $0 
Seat 1: SlavikPuha folded before Flop (didn't bet)
Seat 2: BrykmiD folded before Flop (didn't bet)
Seat 3: dalli132 (button) folded before Flop (didn't bet)
Seat 6: kechuu_pok (small blind) collected ($0.04)
Seat 7: VikMeD M (big blind) folded before Flop
Seat 8: Dorex2007 folded before Flop (didn't bet)
Seat 9: Donenko345 folded before Flop (didn't bet)



PokerStars Hand #228090363576:  Hold'em No Limit ($0.01/$0.02 USD) - 2021/07/06 0:12:12 PT [2021/07/06 3:12:12 ET]
Table 'Messina III' 9-max Seat #6 is the button
Seat 1: SlavikPuha ($2.77 in chips) 
Seat 2: BrykmiD ($1.50 in chips) 
Seat 3: dalli132 ($0.86 in chips) 
Seat 6: kechuu_pok ($2.23 in chips) 
Seat 7: VikMeD M ($2.14 in chips) 
Seat 8: Dorex2007 ($3.73 in chips) 
Seat 9: Donenko345 ($1.14 in chips) 
VikMeD M: posts small blind $0.01
Dorex2007: posts big blind $0.02
*** HOLE CARDS ***
Dealt to Dorex2007 [9c 6c]
Donenko345: folds 
SlavikPuha: folds 
BrykmiD: raises $0.06 to $0.08
dalli132: calls $0.08
kechuu_pok: folds 
VikMeD M: folds 
Dorex2007: folds 
*** FLOP *** [5h Jd 2s]
BrykmiD: bets $0.10
dalli132: folds 
Uncalled bet ($0.10) returned to BrykmiD
BrykmiD collected $0.18 from pot
*** SUMMARY ***
Total pot $0.19 | Rake $0.01 
Board [5h Jd 2s]
Seat 1: SlavikPuha folded before Flop (didn't bet)
Seat 2: BrykmiD collected ($0.18)
Seat 3: dalli132 folded on the Flop
Seat 6: kechuu_pok (button) folded before Flop (didn't bet)
Seat 7: VikMeD M (small blind) folded before Flop
Seat 8: Dorex2007 (big blind) folded before Flop
Seat 9: Donenko345 folded before Flop (didn't bet)



PokerStars Hand #228090366362:  Hold'em No Limit ($0.01/$0.02 USD) - 2021/07/06 0:12:33 PT [2021/07/06 3:12:33 ET]
Table 'Messina III' 9-max Seat #7 is the button
Seat 1: SlavikPuha ($2.77 in chips) 
Seat 2: BrykmiD ($1.60 in chips) 
Seat 3: dalli132 ($0.78 in chips) 
Seat 6: kechuu_pok ($2.23 in chips) 
Seat 7: VikMeD M ($2.13 in chips) 
Seat 8: Dorex2007 ($3.71 in chips) 
Seat 9: Donenko345 ($1.14 in chips) 
Dorex2007: posts small blind $0.01
Donenko345: posts big blind $0.02
*** HOLE CARDS ***
Dealt to Dorex2007 [7h Qd]
SlavikPuha: raises $0.04 to $0.06
BrykmiD: folds 
dalli132: folds 
kechuu_pok: calls $0.06
VikMeD M: calls $0.06
Dorex2007: folds 
Donenko345: folds 
*** FLOP *** [Th 4c Jc]
SlavikPuha: bets $0.20
kechuu_pok: folds 
VikMeD M: folds 
Uncalled bet ($0.20) returned to SlavikPuha
SlavikPuha collected $0.20 from pot
SlavikPuha: doesn't show hand 
*** SUMMARY ***
Total pot $0.21 | Rake $0.01 
Board [Th 4c Jc]
Seat 1: SlavikPuha collected ($0.20)
Seat 2: BrykmiD folded before Flop (didn't bet)
Seat 3: dalli132 folded before Flop (didn't bet)
Seat 6: kechuu_pok folded on the Flop
Seat 7: VikMeD M (button) folded on the Flop
Seat 8: Dorex2007 (small blind) folded before Flop
Seat 9: Donenko345 (big blind) folded before Flop



PokerStars Hand #228090370255:  Hold'em No Limit ($0.01/$0.02 USD) - 2021/07/06 0:13:03 PT [2021/07/06 3:13:03 ET]
Table 'Messina III' 9-max Seat #8 is the button
Seat 1: SlavikPuha ($2.91 in chips) 
Seat 2: BrykmiD ($1.60 in chips) 
Seat 3: dalli132 ($0.78 in chips) 
Seat 6: kechuu_pok ($2.17 in chips) 
Seat 7: VikMeD M ($2.07 in chips) 
Seat 8: Dorex2007 ($3.70 in chips) 
Seat 9: Donenko345 ($1.12 in chips) 
Donenko345: posts small blind $0.01
SlavikPuha: posts big blind $0.02
*** HOLE CARDS ***
Dealt to Dorex2007 [2s 3h]
BrykmiD: folds 
dalli132: folds 
kechuu_pok: raises $0.02 to $0.04
VikMeD M: folds 
Dorex2007: folds 
Donenko345: folds 
SlavikPuha: folds 
Uncalled bet ($0.02) returned to kechuu_pok
kechuu_pok collected $0.05 from pot
*** SUMMARY ***
Total pot $0.05 | Rake $0 
Seat 1: SlavikPuha (big blind) folded before Flop
Seat 2: BrykmiD folded before Flop (didn't bet)
Seat 3: dalli132 folded before Flop (didn't bet)
Seat 6: kechuu_pok collected ($0.05)
Seat 7: VikMeD M folded before Flop (didn't bet)
Seat 8: Dorex2007 (button) folded before Flop (didn't bet)
Seat 9: Donenko345 (small blind) folded before Flop



PokerStars Hand #228090372226:  Hold'em No Limit ($0.01/$0.02 USD) - 2021/07/06 0:13:18 PT [2021/07/06 3:13:18 ET]
Table 'Messina III' 9-max Seat #9 is the button
Seat 1: SlavikPuha ($2.89 in chips) 
Seat 2: BrykmiD ($1.60 in chips) 
Seat 3: dalli132 ($0.78 in chips) 
Seat 6: kechuu_pok ($2.20 in chips) 
Seat 7: VikMeD M ($2.07 in chips) 
Seat 8: Dorex2007 ($3.70 in chips) 
Seat 9: Donenko345 ($1.11 in chips) 
SlavikPuha: posts small blind $0.01
BrykmiD: posts big blind $0.02
*** HOLE CARDS ***
Dealt to Dorex2007 [Qh 8h]
dalli132: raises $0.04 to $0.06
kechuu_pok: calls $0.06
VikMeD M: folds 
Dorex2007: folds 
Donenko345: folds 
SlavikPuha: calls $0.05
BrykmiD: folds 
*** FLOP *** [Kh Qc 8c]
SlavikPuha: checks 
dalli132: bets $0.10
kechuu_pok: calls $0.10
SlavikPuha: folds 
*** TURN *** [Kh Qc 8c] [2h]
dalli132: bets $0.20
kechuu_pok: calls $0.20
*** RIVER *** [Kh Qc 8c 2h] [4h]
dalli132: bets $0.39
kechuu_pok: folds 
Uncalled bet ($0.39) returned to dalli132
dalli132 collected $0.76 from pot
dalli132: doesn't show hand 
*** SUMMARY ***
Total pot $0.80 | Rake $0.04 
Board [Kh Qc 8c 2h 4h]
Seat 1: SlavikPuha (small blind) folded on the Flop
Seat 2: BrykmiD (big blind) folded before Flop
Seat 3: dalli132 collected ($0.76)
Seat 6: kechuu_pok folded on the River
Seat 7: VikMeD M folded before Flop (didn't bet)
Seat 8: Dorex2007 folded before Flop (didn't bet)
Seat 9: Donenko345 (button) folded before Flop (didn't bet)



PokerStars Hand #228090377424:  Hold'em No Limit ($0.01/$0.02 USD) - 2021/07/06 0:13:57 PT [2021/07/06 3:13:57 ET]
Table 'Messina III' 9-max Seat #1 is the button
Seat 1: SlavikPuha ($2.83 in chips) 
Seat 2: BrykmiD ($1.58 in chips) 
Seat 3: dalli132 ($1.18 in chips) 
Seat 6: kechuu_pok ($1.84 in chips) 
Seat 7: VikMeD M ($2.07 in chips) 
Seat 8: Dorex2007 ($3.70 in chips) 
Seat 9: Donenko345 ($1.11 in chips) 
BrykmiD: posts small blind $0.01
dalli132: posts big blind $0.02
*** HOLE CARDS ***
Dealt to Dorex2007 [4h Kd]
kechuu_pok: calls $0.02
VikMeD M: folds 
Dorex2007: folds 
Donenko345: folds 
SlavikPuha: folds 
BrykmiD: calls $0.01
dalli132: checks 
*** FLOP *** [6h 8c 5s]
BrykmiD: checks 
dalli132: checks 
kechuu_pok: bets $0.06
BrykmiD: folds 
dalli132: calls $0.06
*** TURN *** [6h 8c 5s] [9h]
dalli132: checks 
kechuu_pok: checks 
*** RIVER *** [6h 8c 5s 9h] [9c]
dalli132: bets $0.09
kechuu_pok: folds 
Uncalled bet ($0.09) returned to dalli132
dalli132 collected $0.17 from pot
dalli132: doesn't show hand 
*** SUMMARY ***
Total pot $0.18 | Rake $0.01 
Board [6h 8c 5s 9h 9c]
Seat 1: SlavikPuha (button) folded before Flop (didn't bet)
Seat 2: BrykmiD (small blind) folded on the Flop
Seat 3: dalli132 (big blind) collected ($0.17)
Seat 6: kechuu_pok folded on the River
Seat 7: VikMeD M folded before Flop (didn't bet)
Seat 8: Dorex2007 folded before Flop (didn't bet)
Seat 9: Donenko345 folded before Flop (didn't bet)



PokerStars Hand #228090384990:  Hold'em No Limit ($0.01/$0.02 USD) - 2021/07/06 0:14:54 PT [2021/07/06 3:14:54 ET]
Table 'Messina III' 9-max Seat #2 is the button
Seat 1: SlavikPuha ($2.83 in chips) 
Seat 2: BrykmiD ($1.56 in chips) 
Seat 3: dalli132 ($1.27 in chips) 
Seat 6: kechuu_pok ($1.76 in chips) 
Seat 7: VikMeD M ($2.07 in chips) 
Seat 8: Dorex2007 ($3.70 in chips) 
Seat 9: Donenko345 ($1.11 in chips) 
dalli132: posts small blind $0.01
kechuu_pok: posts big blind $0.02
*** HOLE CARDS ***
Dealt to Dorex2007 [8s Ts]
VikMeD M: calls $0.02
Dorex2007: folds 
Donenko345: folds 
SlavikPuha: folds 
BrykmiD: folds 
dalli132: raises $0.06 to $0.08
kechuu_pok: folds 
VikMeD M: calls $0.06
*** FLOP *** [2h 3d Ac]
dalli132: bets $0.09
VikMeD M: folds 
Uncalled bet ($0.09) returned to dalli132
dalli132 collected $0.17 from pot
dalli132: doesn't show hand 
*** SUMMARY ***
Total pot $0.18 | Rake $0.01 
Board [2h 3d Ac]
Seat 1: SlavikPuha folded before Flop (didn't bet)
Seat 2: BrykmiD (button) folded before Flop (didn't bet)
Seat 3: dalli132 (small blind) collected ($0.17)
Seat 6: kechuu_pok (big blind) folded before Flop
Seat 7: VikMeD M folded on the Flop
Seat 8: Dorex2007 folded before Flop (didn't bet)
Seat 9: Donenko345 folded before Flop (didn't bet)



PokerStars Hand #228090389048:  Hold'em No Limit ($0.01/$0.02 USD) - 2021/07/06 0:15:24 PT [2021/07/06 3:15:24 ET]
Table 'Messina III' 9-max Seat #3 is the button
Seat 1: SlavikPuha ($2.83 in chips) 
Seat 2: BrykmiD ($1.56 in chips) 
Seat 3: dalli132 ($1.36 in chips) 
Seat 6: kechuu_pok ($1.74 in chips) 
Seat 7: VikMeD M ($1.99 in chips) 
Seat 8: Dorex2007 ($3.70 in chips) 
Seat 9: Donenko345 ($1.11 in chips) 
kechuu_pok: posts small blind $0.01
VikMeD M: posts big blind $0.02
*** HOLE CARDS ***
Dealt to Dorex2007 [5s Kc]
Dorex2007: folds 
Donenko345: folds 
SlavikPuha: raises $0.04 to $0.06
BrykmiD: folds 
dalli132: folds 
kechuu_pok: folds 
VikMeD M: folds 
Uncalled bet ($0.04) returned to SlavikPuha
SlavikPuha collected $0.05 from pot
SlavikPuha: doesn't show hand 
*** SUMMARY ***
Total pot $0.05 | Rake $0 
Seat 1: SlavikPuha collected ($0.05)
Seat 2: BrykmiD folded before Flop (didn't bet)
Seat 3: dalli132 (button) folded before Flop (didn't bet)
Seat 6: kechuu_pok (small blind) folded before Flop
Seat 7: VikMeD M (big blind) folded before Flop
Seat 8: Dorex2007 folded before Flop (didn't bet)
Seat 9: Donenko345 folded before Flop (didn't bet)



PokerStars Hand #228090391270:  Hold'em No Limit ($0.01/$0.02 USD) - 2021/07/06 0:15:40 PT [2021/07/06 3:15:40 ET]
Table 'Messina III' 9-max Seat #6 is the button
Seat 1: SlavikPuha ($2.86 in chips) 
Seat 2: BrykmiD ($1.56 in chips) 
Seat 3: dalli132 ($1.36 in chips) 
Seat 6: kechuu_pok ($1.73 in chips) 
Seat 7: VikMeD M ($1.97 in chips) 
Seat 8: Dorex2007 ($3.70 in chips) 
Seat 9: Donenko345 ($1.11 in chips) 
VikMeD M: posts small blind $0.01
Dorex2007: posts big blind $0.02
*** HOLE CARDS ***
Dealt to Dorex2007 [Qs 5c]
Donenko345: raises $0.03 to $0.05
SlavikPuha: folds 
BrykmiD: folds 
dalli132: folds 
kechuu_pok: calls $0.05
VikMeD M: folds 
Dorex2007: folds 
*** FLOP *** [6c Ah Ts]
Donenko345: checks 
kechuu_pok: checks 
*** TURN *** [6c Ah Ts] [8c]
Donenko345: checks 
kechuu_pok: bets $0.07
Donenko345: folds 
Uncalled bet ($0.07) returned to kechuu_pok
kechuu_pok collected $0.13 from pot
*** SUMMARY ***
Total pot $0.13 | Rake $0 
Board [6c Ah Ts 8c]
Seat 1: SlavikPuha folded before Flop (didn't bet)
Seat 2: BrykmiD folded before Flop (didn't bet)
Seat 3: dalli132 folded before Flop (didn't bet)
Seat 6: kechuu_pok (button) collected ($0.13)
Seat 7: VikMeD M (small blind) folded before Flop
Seat 8: Dorex2007 (big blind) folded before Flop
Seat 9: Donenko345 folded on the Turn



PokerStars Hand #228090396415:  Hold'em No Limit ($0.01/$0.02 USD) - 2021/07/06 0:16:18 PT [2021/07/06 3:16:18 ET]
Table 'Messina III' 9-max Seat #7 is the button
Seat 1: SlavikPuha ($2.86 in chips) 
Seat 2: BrykmiD ($1.56 in chips) 
Seat 3: dalli132 ($1.36 in chips) 
Seat 6: kechuu_pok ($1.81 in chips) 
Seat 7: VikMeD M ($1.96 in chips) 
Seat 8: Dorex2007 ($3.68 in chips) 
Seat 9: Donenko345 ($1.06 in chips) 
Dorex2007: posts small blind $0.01
Donenko345: posts big blind $0.02
facundo23: sits out 
*** HOLE CARDS ***
Dealt to Dorex2007 [7s Jh]
SlavikPuha: folds 
BrykmiD: folds 
dalli132: folds 
kechuu_pok: raises $0.04 to $0.06
VikMeD M: calls $0.06
Dorex2007: folds 
Donenko345: folds 
*** FLOP *** [6s 4c 2c]
kechuu_pok: checks 
VikMeD M: checks 
*** TURN *** [6s 4c 2c] [3d]
kechuu_pok: checks 
VikMeD M: checks 
*** RIVER *** [6s 4c 2c 3d] [As]
kechuu_pok: checks 
VikMeD M: bets $0.08
kechuu_pok: folds 
Uncalled bet ($0.08) returned to VikMeD M
VikMeD M collected $0.14 from pot
*** SUMMARY ***
Total pot $0.15 | Rake $0.01 
Board [6s 4c 2c 3d As]
Seat 1: SlavikPuha folded before Flop (didn't bet)
Seat 2: BrykmiD folded before Flop (didn't bet)
Seat 3: dalli132 folded before Flop (didn't bet)
Seat 6: kechuu_pok folded on the River
Seat 7: VikMeD M (button) collected ($0.14)
Seat 8: Dorex2007 (small blind) folded before Flop
Seat 9: Donenko345 (big blind) folded before Flop



PokerStars Hand #228090403012:  Hold'em No Limit ($0.01/$0.02 USD) - 2021/07/06 0:17:07 PT [2021/07/06 3:17:07 ET]
Table 'Messina III' 9-max Seat #8 is the button
Seat 1: SlavikPuha ($2.86 in chips) 
Seat 2: BrykmiD ($1.56 in chips) 
Seat 3: dalli132 ($1.36 in chips) 
Seat 6: kechuu_pok ($1.75 in chips) 
Seat 7: VikMeD M ($2.04 in chips) 
Seat 8: Dorex2007 ($3.67 in chips) 
Seat 9: Donenko345 ($1.04 in chips) 
Donenko345: posts small blind $0.01
SlavikPuha: posts big blind $0.02
facundo23: sits out 
*** HOLE CARDS ***
Dealt to Dorex2007 [6d 2h]
BrykmiD: folds 
dalli132: folds 
kechuu_pok: folds 
VikMeD M: folds 
Dorex2007: folds 
Donenko345: folds 
Uncalled bet ($0.01) returned to SlavikPuha
SlavikPuha collected $0.02 from pot
SlavikPuha: doesn't show hand 
*** SUMMARY ***
Total pot $0.02 | Rake $0 
Seat 1: SlavikPuha (big blind) collected ($0.02)
Seat 2: BrykmiD folded before Flop (didn't bet)
Seat 3: dalli132 folded before Flop (didn't bet)
Seat 6: kechuu_pok folded before Flop (didn't bet)
Seat 7: VikMeD M folded before Flop (didn't bet)
Seat 8: Dorex2007 (button) folded before Flop (didn't bet)
Seat 9: Donenko345 (small blind) folded before Flop



PokerStars Hand #228090404153:  Hold'em No Limit ($0.01/$0.02 USD) - 2021/07/06 0:17:15 PT [2021/07/06 3:17:15 ET]
Table 'Messina III' 9-max Seat #9 is the button
Seat 1: SlavikPuha ($2.87 in chips) 
Seat 2: BrykmiD ($1.56 in chips) 
Seat 3: dalli132 ($1.36 in chips) 
Seat 6: kechuu_pok ($1.75 in chips) 
Seat 7: VikMeD M ($2.04 in chips) 
Seat 8: Dorex2007 ($3.67 in chips) 
Seat 9: Donenko345 ($1.03 in chips) 
SlavikPuha: posts small blind $0.01
BrykmiD: posts big blind $0.02
facundo23: sits out 
*** HOLE CARDS ***
Dealt to Dorex2007 [3c Ac]
dalli132: folds 
kechuu_pok: raises $0.02 to $0.04
VikMeD M: folds 
Dorex2007: folds 
Donenko345: folds 
SlavikPuha: folds 
BrykmiD: folds 
Uncalled bet ($0.02) returned to kechuu_pok
kechuu_pok collected $0.05 from pot
*** SUMMARY ***
Total pot $0.05 | Rake $0 
Seat 1: SlavikPuha (small blind) folded before Flop
Seat 2: BrykmiD (big blind) folded before Flop
Seat 3: dalli132 folded before Flop (didn't bet)
Seat 6: kechuu_pok collected ($0.05)
Seat 7: VikMeD M folded before Flop (didn't bet)
Seat 8: Dorex2007 folded before Flop (didn't bet)
Seat 9: Donenko345 (button) folded before Flop (didn't bet)



PokerStars Hand #228090405855:  Hold'em No Limit ($0.01/$0.02 USD) - 2021/07/06 0:17:28 PT [2021/07/06 3:17:28 ET]
Table 'Messina III' 9-max Seat #1 is the button
Seat 1: SlavikPuha ($2.86 in chips) 
Seat 2: BrykmiD ($1.54 in chips) 
Seat 3: dalli132 ($1.36 in chips) 
Seat 6: kechuu_pok ($1.78 in chips) 
Seat 7: VikMeD M ($2.04 in chips) 
Seat 8: Dorex2007 ($3.67 in chips) 
Seat 9: Donenko345 ($1.03 in chips) 
BrykmiD: posts small blind $0.01
dalli132: posts big blind $0.02
facundo23: sits out 
*** HOLE CARDS ***
Dealt to Dorex2007 [Kh Kc]
kechuu_pok: calls $0.02
VikMeD M: calls $0.02
Dorex2007: raises $0.04 to $0.06
Donenko345: folds 
SlavikPuha: folds 
BrykmiD: folds 
dalli132: folds 
kechuu_pok: raises $0.17 to $0.23
VikMeD M: folds 
Dorex2007: calls $0.17
*** FLOP *** [3d Qs Js]
kechuu_pok: checks 
Dorex2007: checks 
*** TURN *** [3d Qs Js] [9c]
kechuu_pok: bets $0.49
Dorex2007: folds 
Uncalled bet ($0.49) returned to kechuu_pok
kechuu_pok collected $0.49 from pot
*** SUMMARY ***
Total pot $0.51 | Rake $0.02 
Board [3d Qs Js 9c]
Seat 1: SlavikPuha (button) folded before Flop (didn't bet)
Seat 2: BrykmiD (small blind) folded before Flop
Seat 3: dalli132 (big blind) folded before Flop
Seat 6: kechuu_pok collected ($0.49)
Seat 7: VikMeD M folded before Flop
Seat 8: Dorex2007 folded on the Turn
Seat 9: Donenko345 folded before Flop (didn't bet)



PokerStars Hand #228090412693:  Hold'em No Limit ($0.01/$0.02 USD) - 2021/07/06 0:18:16 PT [2021/07/06 3:18:16 ET]
Table 'Messina III' 9-max Seat #2 is the button
Seat 1: SlavikPuha ($2.86 in chips) 
Seat 2: BrykmiD ($1.53 in chips) 
Seat 3: dalli132 ($1.34 in chips) 
Seat 4: facundo23 ($2 in chips) 
Seat 6: kechuu_pok ($2.04 in chips) 
Seat 7: VikMeD M ($2.02 in chips) 
Seat 8: Dorex2007 ($3.44 in chips) 
Seat 9: Donenko345 ($1.03 in chips) 
dalli132: posts small blind $0.01
facundo23: posts big blind $0.02
Kasuertes: sits out 
*** HOLE CARDS ***
Dealt to Dorex2007 [7c Th]
kechuu_pok: folds 
VikMeD M: raises $0.02 to $0.04
Dorex2007: folds 
Donenko345: folds 
SlavikPuha: folds 
BrykmiD: calls $0.04
dalli132: raises $0.14 to $0.18
facundo23: folds 
VikMeD M: raises $0.14 to $0.32
BrykmiD: folds 
dalli132: calls $0.14
*** FLOP *** [Ts 9d 3h]
dalli132: checks 
VikMeD M: checks 
*** TURN *** [Ts 9d 3h] [Jc]
dalli132: bets $0.34
VikMeD M: calls $0.34
*** RIVER *** [Ts 9d 3h Jc] [5d]
dalli132: bets $0.67
VikMeD M: raises $0.69 to $1.36 and is all-in
dalli132: calls $0.01 and is all-in
Uncalled bet ($0.68) returned to VikMeD M
*** SHOW DOWN ***
VikMeD M: shows [Ac Jd] (a pair of Jacks)
dalli132: shows [As Kh] (high card Ace)
VikMeD M collected $2.64 from pot
*** SUMMARY ***
Total pot $2.74 | Rake $0.10 
Board [Ts 9d 3h Jc 5d]
Seat 1: SlavikPuha folded before Flop (didn't bet)
Seat 2: BrykmiD (button) folded before Flop
Seat 3: dalli132 (small blind) showed [As Kh] and lost with high card Ace
Seat 4: facundo23 (big blind) folded before Flop
Seat 6: kechuu_pok folded before Flop (didn't bet)
Seat 7: VikMeD M showed [Ac Jd] and won ($2.64) with a pair of Jacks
Seat 8: Dorex2007 folded before Flop (didn't bet)
Seat 9: Donenko345 folded before Flop (didn't bet)



PokerStars Hand #228090418742:  Hold'em No Limit ($0.01/$0.02 USD) - 2021/07/06 0:19:02 PT [2021/07/06 3:19:02 ET]
Table 'Messina III' 9-max Seat #4 is the button
Seat 1: SlavikPuha ($2.86 in chips) 
Seat 2: BrykmiD ($1.49 in chips) 
Seat 4: facundo23 ($2 in chips) 
Seat 6: kechuu_pok ($2.04 in chips) 
Seat 7: VikMeD M ($3.32 in chips) 
Seat 8: Dorex2007 ($3.44 in chips) 
Seat 9: Donenko345 ($1.03 in chips) 
kechuu_pok: posts small blind $0.01
VikMeD M: posts big blind $0.02
*** HOLE CARDS ***
Dealt to Dorex2007 [9s 9c]
Dorex2007: raises $0.02 to $0.04
Donenko345: folds 
SlavikPuha: folds 
dalli132 leaves the table
BrykmiD: folds 
facundo23: folds 
kechuu_pok: folds 
MauriFierro27 joins the table at seat #3 
VikMeD M: calls $0.02
*** FLOP *** [Td 5d 3h]
VikMeD M: checks 
Dorex2007: bets $0.09
VikMeD M: folds 
Uncalled bet ($0.09) returned to Dorex2007
Dorex2007 collected $0.09 from pot
Dorex2007: doesn't show hand 
*** SUMMARY ***
Total pot $0.09 | Rake $0 
Board [Td 5d 3h]
Seat 1: SlavikPuha folded before Flop (didn't bet)
Seat 2: BrykmiD folded before Flop (didn't bet)
Seat 4: facundo23 (button) folded before Flop (didn't bet)
Seat 6: kechuu_pok (small blind) folded before Flop
Seat 7: VikMeD M (big blind) folded on the Flop
Seat 8: Dorex2007 collected ($0.09)
Seat 9: Donenko345 folded before Flop (didn't bet)



PokerStars Hand #228090422233:  Hold'em No Limit ($0.01/$0.02 USD) - 2021/07/06 0:19:29 PT [2021/07/06 3:19:29 ET]
Table 'Messina III' 9-max Seat #6 is the button
Seat 1: SlavikPuha ($2.86 in chips) 
Seat 2: BrykmiD ($1.49 in chips) 
Seat 4: facundo23 ($2 in chips) 
Seat 6: kechuu_pok ($2.03 in chips) 
Seat 7: VikMeD M ($3.28 in chips) 
Seat 8: Dorex2007 ($3.49 in chips) 
Seat 9: Donenko345 ($1.03 in chips) 
VikMeD M: posts small blind $0.01
Dorex2007: posts big blind $0.02
MauriFierro27: sits out 
Kasuertes: sits out 
*** HOLE CARDS ***
Dealt to Dorex2007 [3d Tc]
Donenko345: raises $0.03 to $0.05
SlavikPuha: folds 
BrykmiD: folds 
facundo23: folds 
kechuu_pok: calls $0.05
VikMeD M: folds 
Dorex2007: folds 
*** FLOP *** [7s Qh Jc]
Donenko345: checks 
kechuu_pok: checks 
*** TURN *** [7s Qh Jc] [5s]
Donenko345: checks 
kechuu_pok: bets $0.13
Donenko345: folds 
Uncalled bet ($0.13) returned to kechuu_pok
kechuu_pok collected $0.13 from pot
*** SUMMARY ***
Total pot $0.13 | Rake $0 
Board [7s Qh Jc 5s]
Seat 1: SlavikPuha folded before Flop (didn't bet)
Seat 2: BrykmiD folded before Flop (didn't bet)
Seat 4: facundo23 folded before Flop (didn't bet)
Seat 6: kechuu_pok (button) collected ($0.13)
Seat 7: VikMeD M (small blind) folded before Flop
Seat 8: Dorex2007 (big blind) folded before Flop
Seat 9: Donenko345 folded on the Turn



PokerStars Hand #228090427181:  Hold'em No Limit ($0.01/$0.02 USD) - 2021/07/06 0:20:06 PT [2021/07/06 3:20:06 ET]
Table 'Messina III' 9-max Seat #7 is the button
Seat 1: SlavikPuha ($2.86 in chips) 
Seat 2: BrykmiD ($1.49 in chips) 
Seat 4: facundo23 ($2 in chips) 
Seat 6: kechuu_pok ($2.11 in chips) 
Seat 7: VikMeD M ($3.27 in chips) 
Seat 8: Dorex2007 ($3.47 in chips) 
Dorex2007: posts small blind $0.01
Donenko345: is sitting out 
Donenko345 leaves the table
SlavikPuha: posts big blind $0.02
MauriFierro27: sits out 
Kasuertes: sits out 
*** HOLE CARDS ***
Dealt to Dorex2007 [8c Ad]
Kasuertes leaves the table
BrykmiD: raises $0.06 to $0.08
facundo23: folds 
kechuu_pok: folds 
VikMeD M: calls $0.08
Dorex2007: folds 
SlavikPuha: folds 
*** FLOP *** [2c 9h Th]
BrykmiD: checks 
VikMeD M: checks 
*** TURN *** [2c 9h Th] [Jd]
BrykmiD: bets $0.08
VikMeD M: calls $0.08
*** RIVER *** [2c 9h Th Jd] [8h]
BrykmiD: bets $0.34
VikMeD M: folds 
Uncalled bet ($0.34) returned to BrykmiD
BrykmiD collected $0.34 from pot
*** SUMMARY ***
Total pot $0.35 | Rake $0.01 
Board [2c 9h Th Jd 8h]
Seat 1: SlavikPuha (big blind) folded before Flop
Seat 2: BrykmiD collected ($0.34)
Seat 4: facundo23 folded before Flop (didn't bet)
Seat 6: kechuu_pok folded before Flop (didn't bet)
Seat 7: VikMeD M (button) folded on the River
Seat 8: Dorex2007 (small blind) folded before Flop



PokerStars Hand #228090433636:  Hold'em No Limit ($0.01/$0.02 USD) - 2021/07/06 0:20:55 PT [2021/07/06 3:20:55 ET]
Table 'Messina III' 9-max Seat #8 is the button
Seat 1: SlavikPuha ($2.84 in chips) 
Seat 2: BrykmiD ($1.67 in chips) 
Seat 4: facundo23 ($2 in chips) 
Seat 6: kechuu_pok ($2.11 in chips) 
Seat 7: VikMeD M ($3.11 in chips) 
Seat 8: Dorex2007 ($3.46 in chips) 
SlavikPuha: posts small blind $0.01
BrykmiD: posts big blind $0.02
MauriFierro27: sits out 
*** HOLE CARDS ***
Dealt to Dorex2007 [2s 2d]
facundo23: folds 
kechuu_pok: calls $0.02
VikMeD M: folds 
Dorex2007: calls $0.02
SlavikPuha: folds 
BrykmiD: checks 
*** FLOP *** [Qh 5d 7h]
BrykmiD: checks 
kechuu_pok: checks 
Dorex2007: checks 
*** TURN *** [Qh 5d 7h] [6h]
BrykmiD: bets $0.02
kechuu_pok: raises $0.11 to $0.13
Dorex2007: folds 
BrykmiD: folds 
Uncalled bet ($0.11) returned to kechuu_pok
kechuu_pok collected $0.11 from pot
*** SUMMARY ***
Total pot $0.11 | Rake $0 
Board [Qh 5d 7h 6h]
Seat 1: SlavikPuha (small blind) folded before Flop
Seat 2: BrykmiD (big blind) folded on the Turn
Seat 4: facundo23 folded before Flop (didn't bet)
Seat 6: kechuu_pok collected ($0.11)
Seat 7: VikMeD M folded before Flop (didn't bet)
Seat 8: Dorex2007 (button) folded on the Turn



PokerStars Hand #228090440363:  Hold'em No Limit ($0.01/$0.02 USD) - 2021/07/06 0:21:45 PT [2021/07/06 3:21:45 ET]
Table 'Messina III' 9-max Seat #1 is the button
Seat 1: SlavikPuha ($2.83 in chips) 
Seat 2: BrykmiD ($1.63 in chips) 
Seat 3: MauriFierro27 ($2 in chips) 
Seat 4: facundo23 ($2 in chips) 
Seat 6: kechuu_pok ($2.18 in chips) 
Seat 7: VikMeD M ($3.11 in chips) 
Seat 8: Dorex2007 ($3.44 in chips) 
BrykmiD: posts small blind $0.01
MauriFierro27: posts big blind $0.02
*** HOLE CARDS ***
Dealt to Dorex2007 [9d Ah]
facundo23: folds 
kechuu_pok: folds 
VikMeD M: folds 
Dorex2007: folds 
SlavikPuha: raises $0.04 to $0.06
BrykmiD: folds 
MauriFierro27: calls $0.04
*** FLOP *** [8d 9c Qd]
MauriFierro27: checks 
SlavikPuha: bets $0.07
MauriFierro27: folds 
Uncalled bet ($0.07) returned to SlavikPuha
SlavikPuha collected $0.13 from pot
SlavikPuha: doesn't show hand 
*** SUMMARY ***
Total pot $0.13 | Rake $0 
Board [8d 9c Qd]
Seat 1: SlavikPuha (button) collected ($0.13)
Seat 2: BrykmiD (small blind) folded before Flop
Seat 3: MauriFierro27 (big blind) folded on the Flop
Seat 4: facundo23 folded before Flop (didn't bet)
Seat 6: kechuu_pok folded before Flop (didn't bet)
Seat 7: VikMeD M folded before Flop (didn't bet)
Seat 8: Dorex2007 folded before Flop (didn't bet)



PokerStars Hand #228090444296:  Hold'em No Limit ($0.01/$0.02 USD) - 2021/07/06 0:22:15 PT [2021/07/06 3:22:15 ET]
Table 'Messina III' 9-max Seat #2 is the button
Seat 1: SlavikPuha ($2.90 in chips) 
Seat 2: BrykmiD ($1.62 in chips) 
Seat 3: MauriFierro27 ($2 in chips) 
Seat 4: facundo23 ($2 in chips) 
Seat 6: kechuu_pok ($2.18 in chips) 
Seat 7: VikMeD M ($3.11 in chips) 
Seat 8: Dorex2007 ($3.44 in chips) 
MauriFierro27: posts small blind $0.01
facundo23: posts big blind $0.02
*** HOLE CARDS ***
Dealt to Dorex2007 [3c 2d]
kechuu_pok: folds 
VikMeD M: folds 
Dorex2007: folds 
SlavikPuha: raises $0.04 to $0.06
BrykmiD: folds 
MauriFierro27: folds 
facundo23: folds 
Uncalled bet ($0.04) returned to SlavikPuha
SlavikPuha collected $0.05 from pot
SlavikPuha: doesn't show hand 
*** SUMMARY ***
Total pot $0.05 | Rake $0 
Seat 1: SlavikPuha collected ($0.05)
Seat 2: BrykmiD (button) folded before Flop (didn't bet)
Seat 3: MauriFierro27 (small blind) folded before Flop
Seat 4: facundo23 (big blind) folded before Flop
Seat 6: kechuu_pok folded before Flop (didn't bet)
Seat 7: VikMeD M folded before Flop (didn't bet)
Seat 8: Dorex2007 folded before Flop (didn't bet)



PokerStars Hand #228090447084:  Hold'em No Limit ($0.01/$0.02 USD) - 2021/07/06 0:22:36 PT [2021/07/06 3:22:36 ET]
Table 'Messina III' 9-max Seat #3 is the button
Seat 1: SlavikPuha ($2.93 in chips) 
Seat 2: BrykmiD ($1.62 in chips) 
Seat 3: MauriFierro27 ($2 in chips) 
Seat 4: facundo23 ($2 in chips) 
Seat 6: kechuu_pok ($2.18 in chips) 
Seat 7: VikMeD M ($3.11 in chips) 
Seat 8: Dorex2007 ($3.44 in chips) 
facundo23: posts small blind $0.01
kechuu_pok: posts big blind $0.02
*** HOLE CARDS ***
Dealt to Dorex2007 [Ks Jd]
VikMeD M: folds 
Dorex2007: folds 
SlavikPuha: folds 
BrykmiD: folds 
MauriFierro27: folds 
facundo23: raises $0.04 to $0.06
kechuu_pok: folds 
Uncalled bet ($0.04) returned to facundo23
facundo23 collected $0.04 from pot
*** SUMMARY ***
Total pot $0.04 | Rake $0 
Seat 1: SlavikPuha folded before Flop (didn't bet)
Seat 2: BrykmiD folded before Flop (didn't bet)
Seat 3: MauriFierro27 (button) folded before Flop (didn't bet)
Seat 4: facundo23 (small blind) collected ($0.04)
Seat 6: kechuu_pok (big blind) folded before Flop
Seat 7: VikMeD M folded before Flop (didn't bet)
Seat 8: Dorex2007 folded before Flop (didn't bet)



PokerStars Hand #228090451353:  Hold'em No Limit ($0.01/$0.02 USD) - 2021/07/06 0:23:08 PT [2021/07/06 3:23:08 ET]
Table 'Messina III' 9-max Seat #4 is the button
Seat 1: SlavikPuha ($2.93 in chips) 
Seat 2: BrykmiD ($1.62 in chips) 
Seat 3: MauriFierro27 ($2 in chips) 
Seat 4: facundo23 ($2.02 in chips) 
Seat 6: kechuu_pok ($2.16 in chips) 
Seat 7: VikMeD M ($3.11 in chips) 
Seat 8: Dorex2007 ($3.44 in chips) 
kechuu_pok: posts small blind $0.01
VikMeD M: posts big blind $0.02
*** HOLE CARDS ***
Dealt to Dorex2007 [8s Jh]
Dorex2007: folds 
SlavikPuha: folds 
BrykmiD: folds 
MauriFierro27: folds 
facundo23: folds 
kechuu_pok: folds 
Uncalled bet ($0.01) returned to VikMeD M
VikMeD M collected $0.02 from pot
*** SUMMARY ***
Total pot $0.02 | Rake $0 
Seat 1: SlavikPuha folded before Flop (didn't bet)
Seat 2: BrykmiD folded before Flop (didn't bet)
Seat 3: MauriFierro27 folded before Flop (didn't bet)
Seat 4: facundo23 (button) folded before Flop (didn't bet)
Seat 6: kechuu_pok (small blind) folded before Flop
Seat 7: VikMeD M (big blind) collected ($0.02)
Seat 8: Dorex2007 folded before Flop (didn't bet)



PokerStars Hand #228090453547:  Hold'em No Limit ($0.01/$0.02 USD) - 2021/07/06 0:23:24 PT [2021/07/06 3:23:24 ET]
Table 'Messina III' 9-max Seat #6 is the button
Seat 1: SlavikPuha ($2.93 in chips) 
Seat 2: BrykmiD ($1.62 in chips) 
Seat 3: MauriFierro27 ($2 in chips) 
Seat 4: facundo23 ($2.02 in chips) 
Seat 6: kechuu_pok ($2.15 in chips) 
Seat 7: VikMeD M ($3.12 in chips) 
Seat 8: Dorex2007 ($3.44 in chips) 
VikMeD M: posts small blind $0.01
Dorex2007: posts big blind $0.02
*** HOLE CARDS ***
Dealt to Dorex2007 [9c 7s]
cinar6868 joins the table at seat #5 
SlavikPuha: folds 
BrykmiD: folds 
MauriFierro27: folds 
facundo23: folds 
kechuu_pok: calls $0.02
VikMeD M: folds 
Dorex2007: checks 
*** FLOP *** [3h 6h 8s]
Dorex2007: checks 
cleanok joins the table at seat #9 
kechuu_pok: checks 
*** TURN *** [3h 6h 8s] [Js]
cleanok leaves the table
Dorex2007: checks 
kechuu_pok: bets $0.02
Dorex2007: calls $0.02
*** RIVER *** [3h 6h 8s Js] [Th]
Dorex2007: bets $0.14
kechuu_pok: folds 
Uncalled bet ($0.14) returned to Dorex2007
Dorex2007 collected $0.09 from pot
Dorex2007: doesn't show hand 
*** SUMMARY ***
Total pot $0.09 | Rake $0 
Board [3h 6h 8s Js Th]
Seat 1: SlavikPuha folded before Flop (didn't bet)
Seat 2: BrykmiD folded before Flop (didn't bet)
Seat 3: MauriFierro27 folded before Flop (didn't bet)
Seat 4: facundo23 folded before Flop (didn't bet)
Seat 6: kechuu_pok (button) folded on the River
Seat 7: VikMeD M (small blind) folded before Flop
Seat 8: Dorex2007 (big blind) collected ($0.09)



PokerStars Hand #228090461421:  Hold'em No Limit ($0.01/$0.02 USD) - 2021/07/06 0:24:24 PT [2021/07/06 3:24:24 ET]
Table 'Messina III' 9-max Seat #7 is the button
Seat 1: SlavikPuha ($2.93 in chips) 
Seat 2: BrykmiD ($1.62 in chips) 
Seat 3: MauriFierro27 ($2 in chips) 
Seat 4: facundo23 ($2.02 in chips) 
Seat 5: cinar6868 ($0.85 in chips) 
Seat 6: kechuu_pok ($2.11 in chips) 
Seat 7: VikMeD M ($3.11 in chips) 
Seat 8: Dorex2007 ($3.49 in chips) 
Dorex2007: posts small blind $0.01
SlavikPuha: posts big blind $0.02
cinar6868: posts big blind $0.02
*** HOLE CARDS ***
Dealt to Dorex2007 [7d 5d]
BrykmiD: folds 
MauriFierro27: raises $0.03 to $0.05
NatuSantWin joins the table at seat #9 
facundo23: folds 
cinar6868: folds 
kechuu_pok: folds 
VikMeD M: folds 
Dorex2007: folds 
SlavikPuha: calls $0.03
*** FLOP *** [Tc Ah Td]
SlavikPuha: checks 
MauriFierro27: checks 
*** TURN *** [Tc Ah Td] [4s]
SlavikPuha: checks 
MauriFierro27: checks 
*** RIVER *** [Tc Ah Td 4s] [Ks]
SlavikPuha: checks 
MauriFierro27: bets $0.04
SlavikPuha: folds 
Uncalled bet ($0.04) returned to MauriFierro27
MauriFierro27 collected $0.13 from pot
*** SUMMARY ***
Total pot $0.13 | Rake $0 
Board [Tc Ah Td 4s Ks]
Seat 1: SlavikPuha (big blind) folded on the River
Seat 2: BrykmiD folded before Flop (didn't bet)
Seat 3: MauriFierro27 collected ($0.13)
Seat 4: facundo23 folded before Flop (didn't bet)
Seat 5: cinar6868 folded before Flop (didn't bet)
Seat 6: kechuu_pok folded before Flop (didn't bet)
Seat 7: VikMeD M (button) folded before Flop (didn't bet)
Seat 8: Dorex2007 (small blind) folded before Flop



PokerStars Hand #228090471681:  Hold'em No Limit ($0.01/$0.02 USD) - 2021/07/06 0:25:02 PT [2021/07/06 3:25:02 ET]
Table 'Messina III' 9-max Seat #8 is the button
Seat 1: SlavikPuha ($2.88 in chips) 
Seat 2: BrykmiD ($1.62 in chips) 
Seat 3: MauriFierro27 ($2.08 in chips) 
Seat 4: facundo23 ($2.02 in chips) 
Seat 5: cinar6868 ($0.83 in chips) 
Seat 6: kechuu_pok ($2.11 in chips) 
Seat 7: VikMeD M ($3.11 in chips) 
Seat 8: Dorex2007 ($3.48 in chips) 
SlavikPuha: posts small blind $0.01
BrykmiD: posts big blind $0.02
*** HOLE CARDS ***
Dealt to Dorex2007 [5c 2d]
MauriFierro27: folds 
facundo23 has timed out
facundo23: folds 
cinar6868: folds 
kechuu_pok: folds 
VikMeD M: raises $0.02 to $0.04
Dorex2007: folds 
SlavikPuha: raises $0.10 to $0.14
BrykmiD: folds 
VikMeD M: calls $0.10
*** FLOP *** [Jh 2c Ks]
SlavikPuha: bets $0.15
VikMeD M: calls $0.15
*** TURN *** [Jh 2c Ks] [2s]
SlavikPuha: bets $0.29
VikMeD M: calls $0.29
*** RIVER *** [Jh 2c Ks 2s] [7d]
SlavikPuha: checks 
VikMeD M: bets $0.57
SlavikPuha: folds 
Uncalled bet ($0.57) returned to VikMeD M
VikMeD M collected $1.14 from pot
*** SUMMARY ***
Total pot $1.18 | Rake $0.04 
Board [Jh 2c Ks 2s 7d]
Seat 1: SlavikPuha (small blind) folded on the River
Seat 2: BrykmiD (big blind) folded before Flop
Seat 3: MauriFierro27 folded before Flop (didn't bet)
Seat 4: facundo23 folded before Flop (didn't bet)
Seat 5: cinar6868 folded before Flop (didn't bet)
Seat 6: kechuu_pok folded before Flop (didn't bet)
Seat 7: VikMeD M collected ($1.14)
Seat 8: Dorex2007 (button) folded before Flop (didn't bet)



PokerStars Hand #228090477958:  Hold'em No Limit ($0.01/$0.02 USD) - 2021/07/06 0:25:49 PT [2021/07/06 3:25:49 ET]
Table 'Messina III' 9-max Seat #1 is the button
Seat 1: SlavikPuha ($2.30 in chips) 
Seat 2: BrykmiD ($1.60 in chips) 
Seat 3: MauriFierro27 ($2.08 in chips) 
Seat 4: facundo23 ($2.02 in chips) 
Seat 5: cinar6868 ($0.83 in chips) 
Seat 6: kechuu_pok ($2.11 in chips) 
Seat 7: VikMeD M ($3.67 in chips) 
Seat 8: Dorex2007 ($3.48 in chips) 
Seat 9: NatuSantWin ($1.29 in chips) 
BrykmiD: posts small blind $0.01
MauriFierro27: posts big blind $0.02
NatuSantWin: posts big blind $0.02
*** HOLE CARDS ***
Dealt to Dorex2007 [Qs Jc]
facundo23: folds 
cinar6868: folds 
kechuu_pok: raises $0.02 to $0.04
VikMeD M: folds 
Dorex2007: folds 
NatuSantWin: folds 
SlavikPuha: raises $0.16 to $0.20
BrykmiD: folds 
MauriFierro27: folds 
kechuu_pok: folds 
Uncalled bet ($0.16) returned to SlavikPuha
SlavikPuha collected $0.13 from pot
SlavikPuha: doesn't show hand 
*** SUMMARY ***
Total pot $0.13 | Rake $0 
Seat 1: SlavikPuha (button) collected ($0.13)
Seat 2: BrykmiD (small blind) folded before Flop
Seat 3: MauriFierro27 (big blind) folded before Flop
Seat 4: facundo23 folded before Flop (didn't bet)
Seat 5: cinar6868 folded before Flop (didn't bet)
Seat 6: kechuu_pok folded before Flop
Seat 7: VikMeD M folded before Flop (didn't bet)
Seat 8: Dorex2007 folded before Flop (didn't bet)
Seat 9: NatuSantWin folded before Flop (didn't bet)



PokerStars Hand #228090482011:  Hold'em No Limit ($0.01/$0.02 USD) - 2021/07/06 0:26:19 PT [2021/07/06 3:26:19 ET]
Table 'Messina III' 9-max Seat #2 is the button
Seat 1: SlavikPuha ($2.39 in chips) 
Seat 2: BrykmiD ($1.59 in chips) 
Seat 3: MauriFierro27 ($2.06 in chips) 
Seat 4: facundo23 ($2.02 in chips) 
Seat 5: cinar6868 ($0.83 in chips) 
Seat 6: kechuu_pok ($2.07 in chips) 
Seat 7: VikMeD M ($3.67 in chips) 
Seat 8: Dorex2007 ($3.48 in chips) 
Seat 9: NatuSantWin ($1.27 in chips) 
MauriFierro27: posts small blind $0.01
facundo23: posts big blind $0.02
*** HOLE CARDS ***
Dealt to Dorex2007 [8s 9s]
cinar6868: folds 
kechuu_pok: folds 
VikMeD M: folds 
Dorex2007: folds 
NatuSantWin: raises $0.04 to $0.06
SlavikPuha: calls $0.06
BrykmiD: folds 
MauriFierro27: folds 
facundo23: folds 
*** FLOP *** [6d Ah Kd]
NatuSantWin: bets $0.07
SlavikPuha: calls $0.07
*** TURN *** [6d Ah Kd] [4s]
NatuSantWin: bets $0.14
SlavikPuha: folds 
Uncalled bet ($0.14) returned to NatuSantWin
NatuSantWin collected $0.28 from pot
NatuSantWin: doesn't show hand 
*** SUMMARY ***
Total pot $0.29 | Rake $0.01 
Board [6d Ah Kd 4s]
Seat 1: SlavikPuha folded on the Turn
Seat 2: BrykmiD (button) folded before Flop (didn't bet)
Seat 3: MauriFierro27 (small blind) folded before Flop
Seat 4: facundo23 (big blind) folded before Flop
Seat 5: cinar6868 folded before Flop (didn't bet)
Seat 6: kechuu_pok folded before Flop (didn't bet)
Seat 7: VikMeD M folded before Flop (didn't bet)
Seat 8: Dorex2007 folded before Flop (didn't bet)
Seat 9: NatuSantWin collected ($0.28)



PokerStars Hand #228090486531:  Hold'em No Limit ($0.01/$0.02 USD) - 2021/07/06 0:26:53 PT [2021/07/06 3:26:53 ET]
Table 'Messina III' 9-max Seat #3 is the button
Seat 1: SlavikPuha ($2.26 in chips) 
Seat 2: BrykmiD ($1.59 in chips) 
Seat 3: MauriFierro27 ($2.05 in chips) 
Seat 4: facundo23 ($2 in chips) 
Seat 5: cinar6868 ($0.83 in chips) 
Seat 6: kechuu_pok ($2.07 in chips) 
Seat 7: VikMeD M ($3.67 in chips) 
Seat 8: Dorex2007 ($3.48 in chips) 
Seat 9: NatuSantWin ($1.42 in chips) 
facundo23: posts small blind $0.01
cinar6868: posts big blind $0.02
*** HOLE CARDS ***
Dealt to Dorex2007 [4s 8c]
kechuu_pok: folds 
VikMeD M: folds 
Dorex2007: folds 
NatuSantWin: folds 
SlavikPuha: raises $0.04 to $0.06
BrykmiD: folds 
MauriFierro27: folds 
facundo23: folds 
cinar6868: folds 
Uncalled bet ($0.04) returned to SlavikPuha
SlavikPuha collected $0.05 from pot
SlavikPuha: doesn't show hand 
*** SUMMARY ***
Total pot $0.05 | Rake $0 
Seat 1: SlavikPuha collected ($0.05)
Seat 2: BrykmiD folded before Flop (didn't bet)
Seat 3: MauriFierro27 (button) folded before Flop (didn't bet)
Seat 4: facundo23 (small blind) folded before Flop
Seat 5: cinar6868 (big blind) folded before Flop
Seat 6: kechuu_pok folded before Flop (didn't bet)
Seat 7: VikMeD M folded before Flop (didn't bet)
Seat 8: Dorex2007 folded before Flop (didn't bet)
Seat 9: NatuSantWin folded before Flop (didn't bet)



PokerStars Hand #228090488751:  Hold'em No Limit ($0.01/$0.02 USD) - 2021/07/06 0:27:10 PT [2021/07/06 3:27:10 ET]
Table 'Messina III' 9-max Seat #4 is the button
Seat 1: SlavikPuha ($2.29 in chips) 
Seat 2: BrykmiD ($1.59 in chips) 
Seat 3: MauriFierro27 ($2.05 in chips) 
Seat 4: facundo23 ($2 in chips) 
Seat 5: cinar6868 ($0.81 in chips) 
Seat 6: kechuu_pok ($2.07 in chips) 
Seat 7: VikMeD M ($3.67 in chips) 
Seat 8: Dorex2007 ($3.48 in chips) 
Seat 9: NatuSantWin ($1.42 in chips) 
cinar6868: posts small blind $0.01
kechuu_pok: posts big blind $0.02
*** HOLE CARDS ***
Dealt to Dorex2007 [7h 2s]
VikMeD M: folds 
Dorex2007: folds 
NatuSantWin: folds 
SlavikPuha: folds 
BrykmiD: folds 
MauriFierro27: raises $0.03 to $0.05
facundo23: folds 
cinar6868: calls $0.04
kechuu_pok: folds 
*** FLOP *** [5s 6s Ks]
cinar6868: checks 
MauriFierro27 is connected 
MauriFierro27: bets $0.06
cinar6868: folds 
Uncalled bet ($0.06) returned to MauriFierro27
MauriFierro27 collected $0.12 from pot
*** SUMMARY ***
Total pot $0.12 | Rake $0 
Board [5s 6s Ks]
Seat 1: SlavikPuha folded before Flop (didn't bet)
Seat 2: BrykmiD folded before Flop (didn't bet)
Seat 3: MauriFierro27 collected ($0.12)
Seat 4: facundo23 (button) folded before Flop (didn't bet)
Seat 5: cinar6868 (small blind) folded on the Flop
Seat 6: kechuu_pok (big blind) folded before Flop
Seat 7: VikMeD M folded before Flop (didn't bet)
Seat 8: Dorex2007 folded before Flop (didn't bet)
Seat 9: NatuSantWin folded before Flop (didn't bet)



