PokerStars Hand #232527150274:  Hold'em No Limit ($0.01/$0.02 USD) - 2021/12/25 20:50:58 PT [2021/12/25 23:50:58 ET]
Table 'Anacreon II' 9-max Seat #2 is the button
Seat 1: Dorex2007 ($2 in chips) 
Seat 2: Canguru19 ($2.19 in chips) 
Seat 3: WilliamJBF ($1.45 in chips) 
Seat 5: jpysc ($4.77 in chips) 
Seat 7: VladislOve30 ($1.84 in chips) 
Seat 8: CherT678 ($2 in chips) 
WilliamJBF: posts small blind $0.01
jpysc: posts big blind $0.02
prost09: sits out 
Dorex2007: posts big blind $0.02
*** HOLE CARDS ***
Dealt to Dorex2007 [Kc 2d]
VladislOve30: calls $0.02
CherT678: folds 
Dorex2007: checks 
Canguru19: folds 
WilliamJBF: calls $0.01
jpysc: checks 
*** FLOP *** [5d 9c 3d]
WilliamJBF: checks 
jpysc: checks 
VladislOve30: checks 
Dorex2007: checks 
*** TURN *** [5d 9c 3d] [Qs]
WilliamJBF: checks 
jpysc: checks 
VladislOve30: bets $0.04
Dorex2007: folds 
WilliamJBF: folds 
jpysc: folds 
Uncalled bet ($0.04) returned to VladislOve30
VladislOve30 collected $0.08 from pot
VladislOve30: doesn't show hand 
*** SUMMARY ***
Total pot $0.08 | Rake $0 
Board [5d 9c 3d Qs]
Seat 1: Dorex2007 folded on the Turn (didn't bet)
Seat 2: Canguru19 (button) folded before Flop (didn't bet)
Seat 3: WilliamJBF (small blind) folded on the Turn
Seat 5: jpysc (big blind) folded on the Turn
Seat 7: VladislOve30 collected ($0.08)
Seat 8: CherT678 folded before Flop (didn't bet)



PokerStars Hand #232527158551:  Hold'em No Limit ($0.01/$0.02 USD) - 2021/12/25 20:51:47 PT [2021/12/25 23:51:47 ET]
Table 'Anacreon II' 9-max Seat #3 is the button
Seat 1: Dorex2007 ($2 in chips) 
Seat 2: Canguru19 ($2.19 in chips) 
Seat 3: WilliamJBF ($1.43 in chips) 
Seat 5: jpysc ($4.75 in chips) 
Seat 6: prost09 ($2 in chips) 
Seat 7: VladislOve30 ($1.90 in chips) 
Seat 8: CherT678 ($2 in chips) 
jpysc: posts small blind $0.01
prost09: posts big blind $0.02
*** HOLE CARDS ***
Dealt to Dorex2007 [Jh 2d]
VladislOve30: folds 
CherT678: folds 
Dorex2007 has timed out
Dorex2007: folds 
Canguru19: folds 
WilliamJBF: folds 
jpysc: raises $0.08 to $0.10
prost09: calls $0.08
*** FLOP *** [5h Th 3s]
jpysc: bets $0.14
prost09: calls $0.14
*** TURN *** [5h Th 3s] [Ah]
jpysc: checks 
prost09: checks 
*** RIVER *** [5h Th 3s Ah] [7h]
jpysc: bets $0.46
prost09: raises $1.30 to $1.76 and is all-in
jpysc: calls $1.30
*** SHOW DOWN ***
prost09: shows [Kh Qh] (a flush, Ace high)
jpysc: shows [Td Ad] (two pair, Aces and Tens)
prost09 collected $3.86 from pot
*** SUMMARY ***
Total pot $4 | Rake $0.14 
Board [5h Th 3s Ah 7h]
Seat 1: Dorex2007 folded before Flop (didn't bet)
Seat 2: Canguru19 folded before Flop (didn't bet)
Seat 3: WilliamJBF (button) folded before Flop (didn't bet)
Seat 5: jpysc (small blind) showed [Td Ad] and lost with two pair, Aces and Tens
Seat 6: prost09 (big blind) showed [Kh Qh] and won ($3.86) with a flush, Ace high
Seat 7: VladislOve30 folded before Flop (didn't bet)
Seat 8: CherT678 folded before Flop (didn't bet)



PokerStars Hand #232527167208:  Hold'em No Limit ($0.01/$0.02 USD) - 2021/12/25 20:52:38 PT [2021/12/25 23:52:38 ET]
Table 'Anacreon II' 9-max Seat #5 is the button
Seat 1: Dorex2007 ($2 in chips) 
Seat 2: Canguru19 ($2.19 in chips) 
Seat 3: WilliamJBF ($1.43 in chips) 
Seat 5: jpysc ($2.75 in chips) 
Seat 6: prost09 ($3.86 in chips) 
Seat 8: CherT678 ($2 in chips) 
prost09: posts small blind $0.01
VladislOve30: is sitting out 
CherT678: posts big blind $0.02
*** HOLE CARDS ***
Dealt to Dorex2007 [3c Qd]
Dorex2007: folds 
Canguru19: folds 
WilliamJBF: raises $0.02 to $0.04
jpysc: folds 
prost09: folds 
CherT678: folds 
Uncalled bet ($0.02) returned to WilliamJBF
WilliamJBF collected $0.05 from pot
WilliamJBF: doesn't show hand 
*** SUMMARY ***
Total pot $0.05 | Rake $0 
Seat 1: Dorex2007 folded before Flop (didn't bet)
Seat 2: Canguru19 folded before Flop (didn't bet)
Seat 3: WilliamJBF collected ($0.05)
Seat 5: jpysc (button) folded before Flop (didn't bet)
Seat 6: prost09 (small blind) folded before Flop
Seat 8: CherT678 (big blind) folded before Flop



PokerStars Hand #232527169444:  Hold'em No Limit ($0.01/$0.02 USD) - 2021/12/25 20:52:51 PT [2021/12/25 23:52:51 ET]
Table 'Anacreon II' 9-max Seat #6 is the button
Seat 1: Dorex2007 ($2 in chips) 
Seat 2: Canguru19 ($2.19 in chips) 
Seat 3: WilliamJBF ($1.46 in chips) 
Seat 5: jpysc ($2.75 in chips) 
Seat 6: prost09 ($3.85 in chips) 
Seat 8: CherT678 ($2 in chips) 
CherT678: posts small blind $0.01
Dorex2007: posts big blind $0.02
*** HOLE CARDS ***
Dealt to Dorex2007 [4d Kd]
Canguru19: folds 
WilliamJBF: raises $0.02 to $0.04
jpysc: raises $0.06 to $0.10
prost09: folds 
CherT678: folds 
Dorex2007: folds 
WilliamJBF: folds 
Uncalled bet ($0.06) returned to jpysc
jpysc collected $0.11 from pot
jpysc: doesn't show hand 
*** SUMMARY ***
Total pot $0.11 | Rake $0 
Seat 1: Dorex2007 (big blind) folded before Flop
Seat 2: Canguru19 folded before Flop (didn't bet)
Seat 3: WilliamJBF folded before Flop
Seat 5: jpysc collected ($0.11)
Seat 6: prost09 (button) folded before Flop (didn't bet)
Seat 8: CherT678 (small blind) folded before Flop



PokerStars Hand #232527172059:  Hold'em No Limit ($0.01/$0.02 USD) - 2021/12/25 20:53:07 PT [2021/12/25 23:53:07 ET]
Table 'Anacreon II' 9-max Seat #8 is the button
Seat 1: Dorex2007 ($2 in chips) 
Seat 2: Canguru19 ($2.19 in chips) 
Seat 3: WilliamJBF ($1.42 in chips) 
Seat 5: jpysc ($2.82 in chips) 
Seat 6: prost09 ($3.85 in chips) 
Seat 7: VladislOve30 ($1.90 in chips) 
Seat 8: CherT678 ($2 in chips) 
Dorex2007: posts small blind $0.01
Canguru19: posts big blind $0.02
VladislOve30: posts small & big blinds $0.03
*** HOLE CARDS ***
Dealt to Dorex2007 [Kd Qh]
WilliamJBF: folds 
jpysc: folds 
prost09: folds 
VladislOve30: checks 
CherT678: raises $0.06 to $0.08
Dorex2007: folds 
Canguru19: folds 
VladislOve30: folds 
Uncalled bet ($0.06) returned to CherT678
CherT678 collected $0.08 from pot
*** SUMMARY ***
Total pot $0.08 | Rake $0 
Seat 1: Dorex2007 (small blind) folded before Flop
Seat 2: Canguru19 (big blind) folded before Flop
Seat 3: WilliamJBF folded before Flop (didn't bet)
Seat 5: jpysc folded before Flop (didn't bet)
Seat 6: prost09 folded before Flop (didn't bet)
Seat 7: VladislOve30 folded before Flop (didn't bet)
Seat 8: CherT678 (button) collected ($0.08)



PokerStars Hand #232527175600:  Hold'em No Limit ($0.01/$0.02 USD) - 2021/12/25 20:53:28 PT [2021/12/25 23:53:28 ET]
Table 'Anacreon II' 9-max Seat #1 is the button
Seat 1: Dorex2007 ($2 in chips) 
Seat 2: Canguru19 ($2.17 in chips) 
Seat 3: WilliamJBF ($1.42 in chips) 
Seat 5: jpysc ($2.82 in chips) 
Seat 6: prost09 ($3.85 in chips) 
Seat 7: VladislOve30 ($1.87 in chips) 
Seat 8: CherT678 ($2.06 in chips) 
Canguru19: posts small blind $0.01
WilliamJBF: posts big blind $0.02
*** HOLE CARDS ***
Dealt to Dorex2007 [Jd Jh]
jpysc: folds 
prost09: folds 
VladislOve30: folds 
CherT678: raises $0.03 to $0.05
joetam68 joins the table at seat #9 
Dorex2007: raises $0.05 to $0.10
Canguru19: folds 
WilliamJBF: folds 
MuraBesPoker joins the table at seat #4 
CherT678: calls $0.05
*** FLOP *** [3h 6h 6c]
CherT678: checks 
Dorex2007: bets $0.22
CherT678: calls $0.22
*** TURN *** [3h 6h 6c] [4c]
CherT678: checks 
Dorex2007: checks 
*** RIVER *** [3h 6h 6c 4c] [Qd]
CherT678: bets $0.44
Dorex2007: calls $0.44
*** SHOW DOWN ***
CherT678: shows [Ah 9h] (a pair of Sixes)
Dorex2007: shows [Jd Jh] (two pair, Jacks and Sixes)
Dorex2007 collected $1.50 from pot
*** SUMMARY ***
Total pot $1.55 | Rake $0.05 
Board [3h 6h 6c 4c Qd]
Seat 1: Dorex2007 (button) showed [Jd Jh] and won ($1.50) with two pair, Jacks and Sixes
Seat 2: Canguru19 (small blind) folded before Flop
Seat 3: WilliamJBF (big blind) folded before Flop
Seat 5: jpysc folded before Flop (didn't bet)
Seat 6: prost09 folded before Flop (didn't bet)
Seat 7: VladislOve30 folded before Flop (didn't bet)
Seat 8: CherT678 showed [Ah 9h] and lost with a pair of Sixes



PokerStars Hand #232527187365:  Hold'em No Limit ($0.01/$0.02 USD) - 2021/12/25 20:54:31 PT [2021/12/25 23:54:31 ET]
Table 'Anacreon II' 9-max Seat #2 is the button
Seat 1: Dorex2007 ($2.74 in chips) 
Seat 2: Canguru19 ($2.16 in chips) 
Seat 3: WilliamJBF ($1.40 in chips) 
Seat 4: MuraBesPoker ($2.11 in chips) 
Seat 5: jpysc ($2.82 in chips) 
Seat 6: prost09 ($3.85 in chips) 
Seat 7: VladislOve30 ($1.87 in chips) 
Seat 8: CherT678 ($2 in chips) 
WilliamJBF: posts small blind $0.01
MuraBesPoker: posts big blind $0.02
joetam68: sits out 
*** HOLE CARDS ***
Dealt to Dorex2007 [Jc 9d]
jpysc: folds 
prost09: folds 
VladislOve30: folds 
CherT678: raises $0.03 to $0.05
Dorex2007: folds 
Canguru19: folds 
WilliamJBF: folds 
MuraBesPoker: folds 
Uncalled bet ($0.03) returned to CherT678
CherT678 collected $0.05 from pot
*** SUMMARY ***
Total pot $0.05 | Rake $0 
Seat 1: Dorex2007 folded before Flop (didn't bet)
Seat 2: Canguru19 (button) folded before Flop (didn't bet)
Seat 3: WilliamJBF (small blind) folded before Flop
Seat 4: MuraBesPoker (big blind) folded before Flop
Seat 5: jpysc folded before Flop (didn't bet)
Seat 6: prost09 folded before Flop (didn't bet)
Seat 7: VladislOve30 folded before Flop (didn't bet)
Seat 8: CherT678 collected ($0.05)



PokerStars Hand #232527193052:  Hold'em No Limit ($0.01/$0.02 USD) - 2021/12/25 20:55:06 PT [2021/12/25 23:55:06 ET]
Table 'Anacreon II' 9-max Seat #3 is the button
Seat 1: Dorex2007 ($2.74 in chips) 
Seat 2: Canguru19 ($2.16 in chips) 
Seat 3: WilliamJBF ($1.39 in chips) 
Seat 4: MuraBesPoker ($2.09 in chips) 
Seat 5: jpysc ($2.82 in chips) 
Seat 6: prost09 ($3.85 in chips) 
Seat 7: VladislOve30 ($1.87 in chips) 
Seat 8: CherT678 ($2.03 in chips) 
MuraBesPoker: posts small blind $0.01
jpysc: posts big blind $0.02
joetam68: sits out 
*** HOLE CARDS ***
Dealt to Dorex2007 [2s Qd]
prost09: folds 
VladislOve30: calls $0.02
CherT678: raises $0.06 to $0.08
Dorex2007: folds 
Canguru19: folds 
WilliamJBF: folds 
MuraBesPoker: folds 
jpysc: folds 
VladislOve30: folds 
Uncalled bet ($0.06) returned to CherT678
CherT678 collected $0.07 from pot
*** SUMMARY ***
Total pot $0.07 | Rake $0 
Seat 1: Dorex2007 folded before Flop (didn't bet)
Seat 2: Canguru19 folded before Flop (didn't bet)
Seat 3: WilliamJBF (button) folded before Flop (didn't bet)
Seat 4: MuraBesPoker (small blind) folded before Flop
Seat 5: jpysc (big blind) folded before Flop
Seat 6: prost09 folded before Flop (didn't bet)
Seat 7: VladislOve30 folded before Flop
Seat 8: CherT678 collected ($0.07)



PokerStars Hand #232527196414:  Hold'em No Limit ($0.01/$0.02 USD) - 2021/12/25 20:55:28 PT [2021/12/25 23:55:28 ET]
Table 'Anacreon II' 9-max Seat #4 is the button
Seat 1: Dorex2007 ($2.74 in chips) 
Seat 2: Canguru19 ($2.16 in chips) 
Seat 3: WilliamJBF ($1.39 in chips) 
Seat 4: MuraBesPoker ($2.08 in chips) 
Seat 5: jpysc ($2.80 in chips) 
Seat 6: prost09 ($3.85 in chips) 
Seat 7: VladislOve30 ($1.85 in chips) 
Seat 8: CherT678 ($2.08 in chips) 
jpysc: posts small blind $0.01
prost09: posts big blind $0.02
joetam68: sits out 
*** HOLE CARDS ***
Dealt to Dorex2007 [Kh 2s]
VladislOve30: folds 
CherT678: folds 
Dorex2007: folds 
Canguru19: folds 
WilliamJBF: folds 
MuraBesPoker: folds 
jpysc: raises $0.08 to $0.10
prost09: folds 
Uncalled bet ($0.08) returned to jpysc
jpysc collected $0.04 from pot
jpysc: doesn't show hand 
*** SUMMARY ***
Total pot $0.04 | Rake $0 
Seat 1: Dorex2007 folded before Flop (didn't bet)
Seat 2: Canguru19 folded before Flop (didn't bet)
Seat 3: WilliamJBF folded before Flop (didn't bet)
Seat 4: MuraBesPoker (button) folded before Flop (didn't bet)
Seat 5: jpysc (small blind) collected ($0.04)
Seat 6: prost09 (big blind) folded before Flop
Seat 7: VladislOve30 folded before Flop (didn't bet)
Seat 8: CherT678 folded before Flop (didn't bet)



PokerStars Hand #232527198847:  Hold'em No Limit ($0.01/$0.02 USD) - 2021/12/25 20:55:46 PT [2021/12/25 23:55:46 ET]
Table 'Anacreon II' 9-max Seat #5 is the button
Seat 1: Dorex2007 ($2.74 in chips) 
Seat 2: Canguru19 ($2.16 in chips) 
Seat 3: WilliamJBF ($1.39 in chips) 
Seat 4: MuraBesPoker ($2.08 in chips) 
Seat 5: jpysc ($2.82 in chips) 
Seat 6: prost09 ($3.83 in chips) 
Seat 8: CherT678 ($2.08 in chips) 
prost09: posts small blind $0.01
VladislOve30: is sitting out 
CherT678: posts big blind $0.02
joetam68: sits out 
*** HOLE CARDS ***
Dealt to Dorex2007 [Ac Ts]
Dorex2007: folds 
Canguru19: calls $0.02
WilliamJBF: raises $0.02 to $0.04
MuraBesPoker: folds 
jpysc: raises $0.10 to $0.14
prost09: folds 
CherT678: folds 
Canguru19: folds 
WilliamJBF: folds 
Uncalled bet ($0.10) returned to jpysc
jpysc collected $0.13 from pot
jpysc: doesn't show hand 
*** SUMMARY ***
Total pot $0.13 | Rake $0 
Seat 1: Dorex2007 folded before Flop (didn't bet)
Seat 2: Canguru19 folded before Flop
Seat 3: WilliamJBF folded before Flop
Seat 4: MuraBesPoker folded before Flop (didn't bet)
Seat 5: jpysc (button) collected ($0.13)
Seat 6: prost09 (small blind) folded before Flop
Seat 8: CherT678 (big blind) folded before Flop



PokerStars Hand #232527203213:  Hold'em No Limit ($0.01/$0.02 USD) - 2021/12/25 20:56:18 PT [2021/12/25 23:56:18 ET]
Table 'Anacreon II' 9-max Seat #6 is the button
Seat 1: Dorex2007 ($2.74 in chips) 
Seat 2: Canguru19 ($2.14 in chips) 
Seat 3: WilliamJBF ($1.35 in chips) 
Seat 4: MuraBesPoker ($2.08 in chips) 
Seat 5: jpysc ($2.91 in chips) 
Seat 6: prost09 ($3.82 in chips) 
Seat 8: CherT678 ($2.06 in chips) 
Seat 9: joetam68 ($0.80 in chips) 
CherT678: posts small blind $0.01
joetam68: posts big blind $0.02
*** HOLE CARDS ***
Dealt to Dorex2007 [5s 8d]
Dorex2007: folds 
Canguru19: folds 
WilliamJBF: folds 
MuraBesPoker: folds 
jpysc: folds 
prost09: raises $0.04 to $0.06
CherT678: folds 
joetam68: folds 
Uncalled bet ($0.04) returned to prost09
prost09 collected $0.05 from pot
prost09: doesn't show hand 
*** SUMMARY ***
Total pot $0.05 | Rake $0 
Seat 1: Dorex2007 folded before Flop (didn't bet)
Seat 2: Canguru19 folded before Flop (didn't bet)
Seat 3: WilliamJBF folded before Flop (didn't bet)
Seat 4: MuraBesPoker folded before Flop (didn't bet)
Seat 5: jpysc folded before Flop (didn't bet)
Seat 6: prost09 (button) collected ($0.05)
Seat 8: CherT678 (small blind) folded before Flop
Seat 9: joetam68 (big blind) folded before Flop



PokerStars Hand #232527205851:  Hold'em No Limit ($0.01/$0.02 USD) - 2021/12/25 20:56:37 PT [2021/12/25 23:56:37 ET]
Table 'Anacreon II' 9-max Seat #8 is the button
Seat 1: Dorex2007 ($2.74 in chips) 
Seat 2: Canguru19 ($2.14 in chips) 
Seat 3: WilliamJBF ($1.35 in chips) 
Seat 4: MuraBesPoker ($2.08 in chips) 
Seat 5: jpysc ($2.91 in chips) 
Seat 6: prost09 ($3.85 in chips) 
Seat 7: VladislOve30 ($1.85 in chips) 
Seat 8: CherT678 ($2.05 in chips) 
Seat 9: joetam68 ($0.78 in chips) 
joetam68: posts small blind $0.01
Dorex2007: posts big blind $0.02
VladislOve30: posts small & big blinds $0.03
*** HOLE CARDS ***
Dealt to Dorex2007 [9h 4s]
Canguru19: folds 
WilliamJBF: folds 
MuraBesPoker: folds 
jpysc: folds 
prost09: calls $0.02
VladislOve30: checks 
CherT678: folds 
joetam68: folds 
Dorex2007: checks 
*** FLOP *** [6h Tc 4c]
Dorex2007: checks 
prost09: checks 
VladislOve30: checks 
*** TURN *** [6h Tc 4c] [Jh]
Dorex2007: checks 
prost09: bets $0.03
VladislOve30: folds 
Dorex2007: folds 
Uncalled bet ($0.03) returned to prost09
prost09 collected $0.08 from pot
prost09: doesn't show hand 
*** SUMMARY ***
Total pot $0.08 | Rake $0 
Board [6h Tc 4c Jh]
Seat 1: Dorex2007 (big blind) folded on the Turn
Seat 2: Canguru19 folded before Flop (didn't bet)
Seat 3: WilliamJBF folded before Flop (didn't bet)
Seat 4: MuraBesPoker folded before Flop (didn't bet)
Seat 5: jpysc folded before Flop (didn't bet)
Seat 6: prost09 collected ($0.08)
Seat 7: VladislOve30 folded on the Turn (didn't bet)
Seat 8: CherT678 (button) folded before Flop (didn't bet)
Seat 9: joetam68 (small blind) folded before Flop



PokerStars Hand #232527211295:  Hold'em No Limit ($0.01/$0.02 USD) - 2021/12/25 20:57:17 PT [2021/12/25 23:57:17 ET]
Table 'Anacreon II' 9-max Seat #9 is the button
Seat 1: Dorex2007 ($2.72 in chips) 
Seat 2: Canguru19 ($2.14 in chips) 
Seat 3: WilliamJBF ($1.35 in chips) 
Seat 4: MuraBesPoker ($2.08 in chips) 
Seat 5: jpysc ($2.91 in chips) 
Seat 6: prost09 ($3.91 in chips) 
Seat 7: VladislOve30 ($1.82 in chips) 
Seat 8: CherT678 ($2.05 in chips) 
Seat 9: joetam68 ($0.77 in chips) 
Dorex2007: posts small blind $0.01
Canguru19: posts big blind $0.02
*** HOLE CARDS ***
Dealt to Dorex2007 [4c Th]
WilliamJBF: folds 
MuraBesPoker: folds 
jpysc: folds 
prost09: folds 
VladislOve30: folds 
CherT678: raises $0.03 to $0.05
joetam68: calls $0.05
Dorex2007: folds 
Canguru19: folds 
*** FLOP *** [Ks 6s Ad]
CherT678: checks 
joetam68: bets $0.13
CherT678: folds 
Uncalled bet ($0.13) returned to joetam68
joetam68 collected $0.13 from pot
*** SUMMARY ***
Total pot $0.13 | Rake $0 
Board [Ks 6s Ad]
Seat 1: Dorex2007 (small blind) folded before Flop
Seat 2: Canguru19 (big blind) folded before Flop
Seat 3: WilliamJBF folded before Flop (didn't bet)
Seat 4: MuraBesPoker folded before Flop (didn't bet)
Seat 5: jpysc folded before Flop (didn't bet)
Seat 6: prost09 folded before Flop (didn't bet)
Seat 7: VladislOve30 folded before Flop (didn't bet)
Seat 8: CherT678 folded on the Flop
Seat 9: joetam68 (button) collected ($0.13)



PokerStars Hand #232527217070:  Hold'em No Limit ($0.01/$0.02 USD) - 2021/12/25 20:57:58 PT [2021/12/25 23:57:58 ET]
Table 'Anacreon II' 9-max Seat #1 is the button
Seat 1: Dorex2007 ($2.71 in chips) 
Seat 2: Canguru19 ($2.12 in chips) 
Seat 3: WilliamJBF ($1.35 in chips) 
Seat 4: MuraBesPoker ($2.08 in chips) 
Seat 5: jpysc ($2.91 in chips) 
Seat 6: prost09 ($3.91 in chips) 
Seat 7: VladislOve30 ($1.82 in chips) 
Seat 8: CherT678 ($2 in chips) 
Seat 9: joetam68 ($0.85 in chips) 
Canguru19: posts small blind $0.01
WilliamJBF: posts big blind $0.02
*** HOLE CARDS ***
Dealt to Dorex2007 [9d 7h]
MuraBesPoker: folds 
jpysc: folds 
prost09: folds 
VladislOve30: calls $0.02
CherT678: folds 
joetam68: folds 
Dorex2007: folds 
Canguru19: calls $0.01
WilliamJBF: checks 
*** FLOP *** [4s 9s Jc]
Canguru19: checks 
WilliamJBF: checks 
VladislOve30: checks 
*** TURN *** [4s 9s Jc] [8s]
Canguru19: checks 
WilliamJBF: checks 
VladislOve30: checks 
*** RIVER *** [4s 9s Jc 8s] [2s]
Canguru19: checks 
WilliamJBF: checks 
VladislOve30: bets $0.06
Canguru19: folds 
WilliamJBF: folds 
Uncalled bet ($0.06) returned to VladislOve30
VladislOve30 collected $0.06 from pot
VladislOve30: doesn't show hand 
*** SUMMARY ***
Total pot $0.06 | Rake $0 
Board [4s 9s Jc 8s 2s]
Seat 1: Dorex2007 (button) folded before Flop (didn't bet)
Seat 2: Canguru19 (small blind) folded on the River
Seat 3: WilliamJBF (big blind) folded on the River
Seat 4: MuraBesPoker folded before Flop (didn't bet)
Seat 5: jpysc folded before Flop (didn't bet)
Seat 6: prost09 folded before Flop (didn't bet)
Seat 7: VladislOve30 collected ($0.06)
Seat 8: CherT678 folded before Flop (didn't bet)
Seat 9: joetam68 folded before Flop (didn't bet)



PokerStars Hand #232527224685:  Hold'em No Limit ($0.01/$0.02 USD) - 2021/12/25 20:58:47 PT [2021/12/25 23:58:47 ET]
Table 'Anacreon II' 9-max Seat #2 is the button
Seat 1: Dorex2007 ($2.71 in chips) 
Seat 2: Canguru19 ($2.10 in chips) 
Seat 3: WilliamJBF ($1.33 in chips) 
Seat 4: MuraBesPoker ($2.08 in chips) 
Seat 5: jpysc ($2.91 in chips) 
Seat 6: prost09 ($3.91 in chips) 
Seat 7: VladislOve30 ($1.86 in chips) 
Seat 9: joetam68 ($0.85 in chips) 
WilliamJBF: posts small blind $0.01
MuraBesPoker: posts big blind $0.02
*** HOLE CARDS ***
Dealt to Dorex2007 [9s Ad]
CherT678 leaves the table
jpysc: raises $0.08 to $0.10
prost09: folds 
VladislOve30: folds 
Boomz25 joins the table at seat #8 
joetam68: folds 
Dorex2007: folds 
Canguru19: raises $0.23 to $0.33
WilliamJBF: folds 
MuraBesPoker: folds 
jpysc: calls $0.23
*** FLOP *** [8h Kc 5c]
jpysc: bets $0.67
Canguru19: raises $1.10 to $1.77 and is all-in
jpysc: calls $1.10
*** TURN *** [8h Kc 5c] [4h]
*** RIVER *** [8h Kc 5c 4h] [9c]
*** SHOW DOWN ***
jpysc: shows [5s 6s] (a pair of Fives)
Canguru19: shows [Ac Ah] (a pair of Aces)
Canguru19 cashed out the hand for $3.20 | Cash Out Fee $0.03
*** SUMMARY ***
Total pot $4.23 | Rake $0.15 
Board [8h Kc 5c 4h 9c]
Seat 1: Dorex2007 folded before Flop (didn't bet)
Seat 2: Canguru19 (button) showed [Ac Ah] and won ($4.08) with a pair of Aces (pot not awarded as player cashed out)
Seat 3: WilliamJBF (small blind) folded before Flop
Seat 4: MuraBesPoker (big blind) folded before Flop
Seat 5: jpysc showed [5s 6s] and lost with a pair of Fives
Seat 6: prost09 folded before Flop (didn't bet)
Seat 7: VladislOve30 folded before Flop (didn't bet)
Seat 9: joetam68 folded before Flop (didn't bet)



PokerStars Hand #232527231970:  Hold'em No Limit ($0.01/$0.02 USD) - 2021/12/25 20:59:38 PT [2021/12/25 23:59:38 ET]
Table 'Anacreon II' 9-max Seat #3 is the button
Seat 1: Dorex2007 ($2.71 in chips) 
Seat 2: Canguru19 ($3.20 in chips) 
Seat 3: WilliamJBF ($1.32 in chips) 
Seat 4: MuraBesPoker ($2.06 in chips) 
Seat 5: jpysc ($2 in chips) 
Seat 6: prost09 ($3.91 in chips) 
Seat 7: VladislOve30 ($1.86 in chips) 
Seat 9: joetam68 ($0.85 in chips) 
MuraBesPoker: posts small blind $0.01
jpysc: posts big blind $0.02
Boomz25: sits out 
*** HOLE CARDS ***
Dealt to Dorex2007 [7h 6c]
prost09: folds 
VladislOve30: calls $0.02
joetam68: raises $0.02 to $0.04
Dorex2007: folds 
Canguru19: calls $0.04
WilliamJBF: calls $0.04
MuraBesPoker: folds 
jpysc: raises $0.19 to $0.23
VladislOve30: folds 
joetam68: calls $0.19
Canguru19: folds 
WilliamJBF: folds 
*** FLOP *** [6h 5d 3c]
jpysc: checks 
joetam68: bets $0.62 and is all-in
jpysc: folds 
Uncalled bet ($0.62) returned to joetam68
joetam68 collected $0.55 from pot
*** SUMMARY ***
Total pot $0.57 | Rake $0.02 
Board [6h 5d 3c]
Seat 1: Dorex2007 folded before Flop (didn't bet)
Seat 2: Canguru19 folded before Flop
Seat 3: WilliamJBF (button) folded before Flop
Seat 4: MuraBesPoker (small blind) folded before Flop
Seat 5: jpysc (big blind) folded on the Flop
Seat 6: prost09 folded before Flop (didn't bet)
Seat 7: VladislOve30 folded before Flop
Seat 9: joetam68 collected ($0.55)



