PokerStars Hand #223829754658:  Hold'em No Limit ($0.01/$0.02 USD) - 2021/02/14 19:02:16 PT [2021/02/14 22:02:16 ET]
Table 'Androgeos VI' 9-max Seat #1 is the button
Seat 1: themarfs ($2.04 in chips) 
Seat 2: Zuban442 ($1.96 in chips) 
Seat 3: Dorex2007 ($1.61 in chips) 
Seat 4: mac1ot4 ($1.74 in chips) 
Seat 5: desi@poker2 ($3.56 in chips) 
Seat 6: idanmo ($1.74 in chips) 
Seat 7: 9948nana ($1.75 in chips) 
Seat 8: RodrigoFroilan ($0.79 in chips) 
Zuban442: posts small blind $0.01
Dorex2007: posts big blind $0.02
*** HOLE CARDS ***
Dealt to Dorex2007 [5c 6s]
mac1ot4: folds 
desi@poker2: folds 
idanmo: folds 
9948nana: folds 
RodrigoFroilan: calls $0.02
themarfs: folds 
Zuban442: folds 
Dorex2007: checks 
*** FLOP *** [7c Qd Ts]
Dorex2007: checks 
RodrigoFroilan: bets $0.03
Dorex2007: calls $0.03
*** TURN *** [7c Qd Ts] [2s]
Dorex2007: checks 
RodrigoFroilan: checks 
*** RIVER *** [7c Qd Ts 2s] [Ks]
Dorex2007: bets $0.06
RodrigoFroilan: calls $0.06
*** SHOW DOWN ***
Dorex2007: shows [5c 6s] (high card King)
RodrigoFroilan: shows [Jh 9s] (a straight, Nine to King)
RodrigoFroilan collected $0.22 from pot
*** SUMMARY ***
Total pot $0.23 | Rake $0.01 
Board [7c Qd Ts 2s Ks]
Seat 1: themarfs (button) folded before Flop (didn't bet)
Seat 2: Zuban442 (small blind) folded before Flop
Seat 3: Dorex2007 (big blind) showed [5c 6s] and lost with high card King
Seat 4: mac1ot4 folded before Flop (didn't bet)
Seat 5: desi@poker2 folded before Flop (didn't bet)
Seat 6: idanmo folded before Flop (didn't bet)
Seat 7: 9948nana folded before Flop (didn't bet)
Seat 8: RodrigoFroilan showed [Jh 9s] and won ($0.22) with a straight, Nine to King



PokerStars Hand #223829768440:  Hold'em No Limit ($0.01/$0.02 USD) - 2021/02/14 19:03:05 PT [2021/02/14 22:03:05 ET]
Table 'Androgeos VI' 9-max Seat #2 is the button
Seat 1: themarfs ($2.04 in chips) 
Seat 2: Zuban442 ($1.95 in chips) 
Seat 3: Dorex2007 ($1.50 in chips) 
Seat 4: mac1ot4 ($1.74 in chips) 
Seat 5: desi@poker2 ($3.56 in chips) 
Seat 6: idanmo ($1.74 in chips) 
Seat 7: 9948nana ($1.75 in chips) 
Seat 8: RodrigoFroilan ($0.90 in chips) 
Dorex2007: posts small blind $0.01
mac1ot4: posts big blind $0.02
*** HOLE CARDS ***
Dealt to Dorex2007 [5d Js]
desi@poker2: folds 
idanmo: folds 
9948nana: folds 
RodrigoFroilan: raises $0.02 to $0.04
themarfs: folds 
Zuban442: folds 
Dorex2007: folds 
mac1ot4: calls $0.02
*** FLOP *** [As Qc 7c]
mac1ot4: bets $0.09
RodrigoFroilan: calls $0.09
*** TURN *** [As Qc 7c] [2s]
mac1ot4: checks 
Vasya175 joins the table at seat #9 
RodrigoFroilan: bets $0.13
mac1ot4: folds 
Uncalled bet ($0.13) returned to RodrigoFroilan
RodrigoFroilan collected $0.26 from pot
RodrigoFroilan: doesn't show hand 
*** SUMMARY ***
Total pot $0.27 | Rake $0.01 
Board [As Qc 7c 2s]
Seat 1: themarfs folded before Flop (didn't bet)
Seat 2: Zuban442 (button) folded before Flop (didn't bet)
Seat 3: Dorex2007 (small blind) folded before Flop
Seat 4: mac1ot4 (big blind) folded on the Turn
Seat 5: desi@poker2 folded before Flop (didn't bet)
Seat 6: idanmo folded before Flop (didn't bet)
Seat 7: 9948nana folded before Flop (didn't bet)
Seat 8: RodrigoFroilan collected ($0.26)



PokerStars Hand #223829779792:  Hold'em No Limit ($0.01/$0.02 USD) - 2021/02/14 19:03:46 PT [2021/02/14 22:03:46 ET]
Table 'Androgeos VI' 9-max Seat #3 is the button
Seat 1: themarfs ($2.04 in chips) 
Seat 2: Zuban442 ($1.95 in chips) 
Seat 3: Dorex2007 ($1.49 in chips) 
Seat 4: mac1ot4 ($1.61 in chips) 
Seat 5: desi@poker2 ($3.56 in chips) 
Seat 6: idanmo ($1.74 in chips) 
Seat 7: 9948nana ($1.75 in chips) 
Seat 8: RodrigoFroilan ($1.03 in chips) 
mac1ot4: posts small blind $0.01
desi@poker2: posts big blind $0.02
Vasya175: sits out 
*** HOLE CARDS ***
Dealt to Dorex2007 [4c 9h]
idanmo: calls $0.02
9948nana: folds 
RodrigoFroilan: calls $0.02
themarfs: folds 
Zuban442: folds 
Dorex2007: folds 
mac1ot4: folds 
desi@poker2: checks 
*** FLOP *** [Tc Jh 5d]
desi@poker2: checks 
idanmo: checks 
RodrigoFroilan: checks 
*** TURN *** [Tc Jh 5d] [8s]
desi@poker2: bets $0.04
idanmo: calls $0.04
RodrigoFroilan: folds 
*** RIVER *** [Tc Jh 5d 8s] [3c]
desi@poker2: checks 
idanmo: checks 
*** SHOW DOWN ***
desi@poker2: shows [9c Ah] (high card Ace)
idanmo: shows [9d Ad] (high card Ace)
desi@poker2 collected $0.07 from pot
idanmo collected $0.07 from pot
*** SUMMARY ***
Total pot $0.15 | Rake $0.01 
Board [Tc Jh 5d 8s 3c]
Seat 1: themarfs folded before Flop (didn't bet)
Seat 2: Zuban442 folded before Flop (didn't bet)
Seat 3: Dorex2007 (button) folded before Flop (didn't bet)
Seat 4: mac1ot4 (small blind) folded before Flop
Seat 5: desi@poker2 (big blind) showed [9c Ah] and won ($0.07) with high card Ace
Seat 6: idanmo showed [9d Ad] and won ($0.07) with high card Ace
Seat 7: 9948nana folded before Flop (didn't bet)
Seat 8: RodrigoFroilan folded on the Turn



PokerStars Hand #223829792751:  Hold'em No Limit ($0.01/$0.02 USD) - 2021/02/14 19:04:32 PT [2021/02/14 22:04:32 ET]
Table 'Androgeos VI' 9-max Seat #4 is the button
Seat 1: themarfs ($2.04 in chips) 
Seat 2: Zuban442 ($1.95 in chips) 
Seat 3: Dorex2007 ($1.49 in chips) 
Seat 4: mac1ot4 ($1.60 in chips) 
Seat 5: desi@poker2 ($3.57 in chips) 
Seat 6: idanmo ($1.75 in chips) 
Seat 7: 9948nana ($1.75 in chips) 
Seat 8: RodrigoFroilan ($1.01 in chips) 
desi@poker2: posts small blind $0.01
idanmo: posts big blind $0.02
Vasya175: sits out 
*** HOLE CARDS ***
Dealt to Dorex2007 [5s Qh]
9948nana: folds 
RodrigoFroilan: folds 
themarfs: raises $0.04 to $0.06
Zuban442: folds 
Dorex2007: folds 
mac1ot4: folds 
desi@poker2: folds 
idanmo: calls $0.04
*** FLOP *** [3c 2h 2d]
idanmo: checks 
themarfs: checks 
*** TURN *** [3c 2h 2d] [7d]
idanmo: checks 
themarfs: bets $0.07
idanmo: folds 
Uncalled bet ($0.07) returned to themarfs
themarfs collected $0.13 from pot
themarfs: doesn't show hand 
*** SUMMARY ***
Total pot $0.13 | Rake $0 
Board [3c 2h 2d 7d]
Seat 1: themarfs collected ($0.13)
Seat 2: Zuban442 folded before Flop (didn't bet)
Seat 3: Dorex2007 folded before Flop (didn't bet)
Seat 4: mac1ot4 (button) folded before Flop (didn't bet)
Seat 5: desi@poker2 (small blind) folded before Flop
Seat 6: idanmo (big blind) folded on the Turn
Seat 7: 9948nana folded before Flop (didn't bet)
Seat 8: RodrigoFroilan folded before Flop (didn't bet)



PokerStars Hand #223829804470:  Hold'em No Limit ($0.01/$0.02 USD) - 2021/02/14 19:05:14 PT [2021/02/14 22:05:14 ET]
Table 'Androgeos VI' 9-max Seat #5 is the button
Seat 1: themarfs ($2.11 in chips) 
Seat 2: Zuban442 ($1.95 in chips) 
Seat 3: Dorex2007 ($1.49 in chips) 
Seat 4: mac1ot4 ($1.60 in chips) 
Seat 5: desi@poker2 ($3.56 in chips) 
Seat 6: idanmo ($1.69 in chips) 
Seat 7: 9948nana ($1.75 in chips) 
Seat 8: RodrigoFroilan ($1.01 in chips) 
idanmo: posts small blind $0.01
9948nana: posts big blind $0.02
Vasya175: sits out 
*** HOLE CARDS ***
Dealt to Dorex2007 [4s 7c]
RodrigoFroilan: folds 
themarfs: folds 
Zuban442: folds 
Dorex2007: folds 
mac1ot4: folds 
desi@poker2: folds 
idanmo: calls $0.01
9948nana: raises $0.08 to $0.10
idanmo: folds 
Uncalled bet ($0.08) returned to 9948nana
9948nana collected $0.04 from pot
9948nana: doesn't show hand 
*** SUMMARY ***
Total pot $0.04 | Rake $0 
Seat 1: themarfs folded before Flop (didn't bet)
Seat 2: Zuban442 folded before Flop (didn't bet)
Seat 3: Dorex2007 folded before Flop (didn't bet)
Seat 4: mac1ot4 folded before Flop (didn't bet)
Seat 5: desi@poker2 (button) folded before Flop (didn't bet)
Seat 6: idanmo (small blind) folded before Flop
Seat 7: 9948nana (big blind) collected ($0.04)
Seat 8: RodrigoFroilan folded before Flop (didn't bet)



PokerStars Hand #223829811322:  Hold'em No Limit ($0.01/$0.02 USD) - 2021/02/14 19:05:39 PT [2021/02/14 22:05:39 ET]
Table 'Androgeos VI' 9-max Seat #6 is the button
Seat 1: themarfs ($2.11 in chips) 
Seat 2: Zuban442 ($1.95 in chips) 
Seat 3: Dorex2007 ($1.49 in chips) 
Seat 4: mac1ot4 ($1.60 in chips) 
Seat 5: desi@poker2 ($3.56 in chips) 
Seat 6: idanmo ($1.67 in chips) 
Seat 7: 9948nana ($1.77 in chips) 
Seat 8: RodrigoFroilan ($1.01 in chips) 
9948nana: posts small blind $0.01
RodrigoFroilan: posts big blind $0.02
Vasya175: sits out 
*** HOLE CARDS ***
Dealt to Dorex2007 [6c 6h]
themarfs: folds 
Zuban442: folds 
Dorex2007: calls $0.02
mac1ot4: raises $0.04 to $0.06
desi@poker2: folds 
idanmo: folds 
9948nana: folds 
RodrigoFroilan: folds 
Dorex2007: calls $0.04
*** FLOP *** [6d Jh Tc]
Dorex2007: checks 
mac1ot4: bets $0.14
Dorex2007: raises $0.14 to $0.28
mac1ot4: calls $0.14
*** TURN *** [6d Jh Tc] [5d]
Dorex2007: checks 
mac1ot4: checks 
*** RIVER *** [6d Jh Tc 5d] [4h]
Dorex2007: bets $0.69
mac1ot4: folds 
Uncalled bet ($0.69) returned to Dorex2007
Dorex2007 collected $0.69 from pot
Dorex2007: doesn't show hand 
*** SUMMARY ***
Total pot $0.71 | Rake $0.02 
Board [6d Jh Tc 5d 4h]
Seat 1: themarfs folded before Flop (didn't bet)
Seat 2: Zuban442 folded before Flop (didn't bet)
Seat 3: Dorex2007 collected ($0.69)
Seat 4: mac1ot4 folded on the River
Seat 5: desi@poker2 folded before Flop (didn't bet)
Seat 6: idanmo (button) folded before Flop (didn't bet)
Seat 7: 9948nana (small blind) folded before Flop
Seat 8: RodrigoFroilan (big blind) folded before Flop



PokerStars Hand #223829825767:  Hold'em No Limit ($0.01/$0.02 USD) - 2021/02/14 19:06:32 PT [2021/02/14 22:06:32 ET]
Table 'Androgeos VI' 9-max Seat #7 is the button
Seat 1: themarfs ($2.11 in chips) 
Seat 2: Zuban442 ($1.95 in chips) 
Seat 3: Dorex2007 ($1.84 in chips) 
Seat 4: mac1ot4 ($1.26 in chips) 
Seat 5: desi@poker2 ($3.56 in chips) 
Seat 6: idanmo ($1.67 in chips) 
Seat 7: 9948nana ($1.76 in chips) 
Seat 8: RodrigoFroilan ($0.99 in chips) 
Seat 9: Vasya175 ($1.60 in chips) 
RodrigoFroilan: posts small blind $0.01
Vasya175: posts big blind $0.02
*** HOLE CARDS ***
Dealt to Dorex2007 [Kh 3c]
themarfs: folds 
Zuban442: folds 
Dorex2007: folds 
mac1ot4: calls $0.02
desi@poker2: raises $0.06 to $0.08
idanmo: folds 
9948nana: folds 
RodrigoFroilan: folds 
Vasya175: folds 
mac1ot4: raises $1.18 to $1.26 and is all-in
desi@poker2: folds 
Uncalled bet ($1.18) returned to mac1ot4
mac1ot4 collected $0.19 from pot
mac1ot4: doesn't show hand 
*** SUMMARY ***
Total pot $0.19 | Rake $0 
Seat 1: themarfs folded before Flop (didn't bet)
Seat 2: Zuban442 folded before Flop (didn't bet)
Seat 3: Dorex2007 folded before Flop (didn't bet)
Seat 4: mac1ot4 collected ($0.19)
Seat 5: desi@poker2 folded before Flop
Seat 6: idanmo folded before Flop (didn't bet)
Seat 7: 9948nana (button) folded before Flop (didn't bet)
Seat 8: RodrigoFroilan (small blind) folded before Flop
Seat 9: Vasya175 (big blind) folded before Flop



PokerStars Hand #223829834723:  Hold'em No Limit ($0.01/$0.02 USD) - 2021/02/14 19:07:04 PT [2021/02/14 22:07:04 ET]
Table 'Androgeos VI' 9-max Seat #8 is the button
Seat 1: themarfs ($2.11 in chips) 
Seat 2: Zuban442 ($1.95 in chips) 
Seat 3: Dorex2007 ($1.84 in chips) 
Seat 4: mac1ot4 ($1.37 in chips) 
Seat 5: desi@poker2 ($3.48 in chips) 
Seat 6: idanmo ($1.67 in chips) 
Seat 7: 9948nana ($1.76 in chips) 
Seat 8: RodrigoFroilan ($0.98 in chips) 
Seat 9: Vasya175 ($1.58 in chips) 
Vasya175: posts small blind $0.01
themarfs: posts big blind $0.02
*** HOLE CARDS ***
Dealt to Dorex2007 [Th 9c]
Zuban442: folds 
Dorex2007: folds 
mac1ot4: folds 
desi@poker2: folds 
idanmo: folds 
9948nana: folds 
RodrigoFroilan: folds 
Vasya175: folds 
Uncalled bet ($0.01) returned to themarfs
themarfs collected $0.02 from pot
themarfs: doesn't show hand 
*** SUMMARY ***
Total pot $0.02 | Rake $0 
Seat 1: themarfs (big blind) collected ($0.02)
Seat 2: Zuban442 folded before Flop (didn't bet)
Seat 3: Dorex2007 folded before Flop (didn't bet)
Seat 4: mac1ot4 folded before Flop (didn't bet)
Seat 5: desi@poker2 folded before Flop (didn't bet)
Seat 6: idanmo folded before Flop (didn't bet)
Seat 7: 9948nana folded before Flop (didn't bet)
Seat 8: RodrigoFroilan (button) folded before Flop (didn't bet)
Seat 9: Vasya175 (small blind) folded before Flop



PokerStars Hand #223829838839:  Hold'em No Limit ($0.01/$0.02 USD) - 2021/02/14 19:07:19 PT [2021/02/14 22:07:19 ET]
Table 'Androgeos VI' 9-max Seat #9 is the button
Seat 1: themarfs ($2.12 in chips) 
Seat 2: Zuban442 ($1.95 in chips) 
Seat 3: Dorex2007 ($1.84 in chips) 
Seat 4: mac1ot4 ($1.37 in chips) 
Seat 5: desi@poker2 ($3.48 in chips) 
Seat 6: idanmo ($1.67 in chips) 
Seat 7: 9948nana ($1.76 in chips) 
Seat 8: RodrigoFroilan ($0.98 in chips) 
Seat 9: Vasya175 ($1.57 in chips) 
themarfs: posts small blind $0.01
Zuban442: posts big blind $0.02
*** HOLE CARDS ***
Dealt to Dorex2007 [7c 8s]
Dorex2007: folds 
mac1ot4: folds 
desi@poker2: folds 
idanmo: folds 
9948nana: raises $0.04 to $0.06
RodrigoFroilan: folds 
Vasya175: folds 
themarfs: folds 
Zuban442: folds 
Uncalled bet ($0.04) returned to 9948nana
9948nana collected $0.05 from pot
9948nana: doesn't show hand 
*** SUMMARY ***
Total pot $0.05 | Rake $0 
Seat 1: themarfs (small blind) folded before Flop
Seat 2: Zuban442 (big blind) folded before Flop
Seat 3: Dorex2007 folded before Flop (didn't bet)
Seat 4: mac1ot4 folded before Flop (didn't bet)
Seat 5: desi@poker2 folded before Flop (didn't bet)
Seat 6: idanmo folded before Flop (didn't bet)
Seat 7: 9948nana collected ($0.05)
Seat 8: RodrigoFroilan folded before Flop (didn't bet)
Seat 9: Vasya175 (button) folded before Flop (didn't bet)



PokerStars Hand #223829846071:  Hold'em No Limit ($0.01/$0.02 USD) - 2021/02/14 19:07:45 PT [2021/02/14 22:07:45 ET]
Table 'Androgeos VI' 9-max Seat #1 is the button
Seat 1: themarfs ($2.11 in chips) 
Seat 2: Zuban442 ($1.93 in chips) 
Seat 3: Dorex2007 ($1.84 in chips) 
Seat 4: mac1ot4 ($1.37 in chips) 
Seat 5: desi@poker2 ($3.48 in chips) 
Seat 6: idanmo ($1.67 in chips) 
Seat 7: 9948nana ($1.79 in chips) 
Seat 8: RodrigoFroilan ($0.98 in chips) 
Seat 9: Vasya175 ($1.57 in chips) 
Zuban442: posts small blind $0.01
Dorex2007: posts big blind $0.02
*** HOLE CARDS ***
Dealt to Dorex2007 [Ks Qh]
mac1ot4: folds 
desi@poker2: folds 
idanmo: calls $0.02
9948nana: folds 
RodrigoFroilan: folds 
Vasya175: folds 
themarfs: folds 
Zuban442: calls $0.01
Dorex2007: raises $0.04 to $0.06
idanmo: calls $0.04
Zuban442: calls $0.04
*** FLOP *** [7d 2d 5c]
Zuban442: checks 
Dorex2007: checks 
idanmo: bets $0.17
Zuban442: folds 
Dorex2007: folds 
Uncalled bet ($0.17) returned to idanmo
idanmo collected $0.17 from pot
idanmo: doesn't show hand 
*** SUMMARY ***
Total pot $0.18 | Rake $0.01 
Board [7d 2d 5c]
Seat 1: themarfs (button) folded before Flop (didn't bet)
Seat 2: Zuban442 (small blind) folded on the Flop
Seat 3: Dorex2007 (big blind) folded on the Flop
Seat 4: mac1ot4 folded before Flop (didn't bet)
Seat 5: desi@poker2 folded before Flop (didn't bet)
Seat 6: idanmo collected ($0.17)
Seat 7: 9948nana folded before Flop (didn't bet)
Seat 8: RodrigoFroilan folded before Flop (didn't bet)
Seat 9: Vasya175 folded before Flop (didn't bet)



PokerStars Hand #223829861059:  Hold'em No Limit ($0.01/$0.02 USD) - 2021/02/14 19:08:40 PT [2021/02/14 22:08:40 ET]
Table 'Androgeos VI' 9-max Seat #2 is the button
Seat 1: themarfs ($2.11 in chips) 
Seat 2: Zuban442 ($1.87 in chips) 
Seat 3: Dorex2007 ($1.78 in chips) 
Seat 4: mac1ot4 ($1.37 in chips) 
Seat 5: desi@poker2 ($3.48 in chips) 
Seat 6: idanmo ($1.78 in chips) 
Seat 7: 9948nana ($1.79 in chips) 
Seat 8: RodrigoFroilan ($0.98 in chips) 
Seat 9: Vasya175 ($1.57 in chips) 
Dorex2007: posts small blind $0.01
mac1ot4: posts big blind $0.02
*** HOLE CARDS ***
Dealt to Dorex2007 [6s 8d]
desi@poker2: folds 
idanmo: folds 
9948nana: folds 
RodrigoFroilan: raises $0.02 to $0.04
Vasya175: folds 
themarfs: folds 
Zuban442: folds 
Dorex2007: folds 
mac1ot4: calls $0.02
*** FLOP *** [Jh 4s 8c]
mac1ot4: bets $0.09
RodrigoFroilan: calls $0.09
*** TURN *** [Jh 4s 8c] [4h]
mac1ot4: checks 
RodrigoFroilan: bets $0.13
mac1ot4: calls $0.13
*** RIVER *** [Jh 4s 8c 4h] [Tc]
mac1ot4: checks 
RodrigoFroilan: checks 
*** SHOW DOWN ***
mac1ot4: shows [9c 9h] (two pair, Nines and Fours)
RodrigoFroilan: shows [9d Jd] (two pair, Jacks and Fours)
RodrigoFroilan collected $0.51 from pot
*** SUMMARY ***
Total pot $0.53 | Rake $0.02 
Board [Jh 4s 8c 4h Tc]
Seat 1: themarfs folded before Flop (didn't bet)
Seat 2: Zuban442 (button) folded before Flop (didn't bet)
Seat 3: Dorex2007 (small blind) folded before Flop
Seat 4: mac1ot4 (big blind) showed [9c 9h] and lost with two pair, Nines and Fours
Seat 5: desi@poker2 folded before Flop (didn't bet)
Seat 6: idanmo folded before Flop (didn't bet)
Seat 7: 9948nana folded before Flop (didn't bet)
Seat 8: RodrigoFroilan showed [9d Jd] and won ($0.51) with two pair, Jacks and Fours
Seat 9: Vasya175 folded before Flop (didn't bet)



PokerStars Hand #223829877604:  Hold'em No Limit ($0.01/$0.02 USD) - 2021/02/14 19:09:39 PT [2021/02/14 22:09:39 ET]
Table 'Androgeos VI' 9-max Seat #3 is the button
Seat 1: themarfs ($2.11 in chips) 
Seat 2: Zuban442 ($1.87 in chips) 
Seat 3: Dorex2007 ($1.77 in chips) 
Seat 4: mac1ot4 ($1.11 in chips) 
Seat 5: desi@poker2 ($3.48 in chips) 
Seat 6: idanmo ($1.78 in chips) 
Seat 7: 9948nana ($1.79 in chips) 
Seat 8: RodrigoFroilan ($1.23 in chips) 
Seat 9: Vasya175 ($1.57 in chips) 
mac1ot4: posts small blind $0.01
desi@poker2: posts big blind $0.02
*** HOLE CARDS ***
Dealt to Dorex2007 [8d 4h]
idanmo: folds 
9948nana: raises $0.04 to $0.06
RodrigoFroilan: folds 
Vasya175: folds 
themarfs: folds 
Zuban442: raises $0.15 to $0.21
Dorex2007: folds 
mac1ot4: folds 
desi@poker2: folds 
9948nana: folds 
Uncalled bet ($0.15) returned to Zuban442
Zuban442 collected $0.15 from pot
Zuban442: doesn't show hand 
*** SUMMARY ***
Total pot $0.15 | Rake $0 
Seat 1: themarfs folded before Flop (didn't bet)
Seat 2: Zuban442 collected ($0.15)
Seat 3: Dorex2007 (button) folded before Flop (didn't bet)
Seat 4: mac1ot4 (small blind) folded before Flop
Seat 5: desi@poker2 (big blind) folded before Flop
Seat 6: idanmo folded before Flop (didn't bet)
Seat 7: 9948nana folded before Flop
Seat 8: RodrigoFroilan folded before Flop (didn't bet)
Seat 9: Vasya175 folded before Flop (didn't bet)



PokerStars Hand #223829888868:  Hold'em No Limit ($0.01/$0.02 USD) - 2021/02/14 19:10:20 PT [2021/02/14 22:10:20 ET]
Table 'Androgeos VI' 9-max Seat #4 is the button
Seat 1: themarfs ($2.11 in chips) 
Seat 2: Zuban442 ($1.96 in chips) 
Seat 3: Dorex2007 ($1.77 in chips) 
Seat 4: mac1ot4 ($1.10 in chips) 
Seat 5: desi@poker2 ($3.46 in chips) 
Seat 6: idanmo ($1.78 in chips) 
Seat 7: 9948nana ($1.73 in chips) 
Seat 8: RodrigoFroilan ($1.23 in chips) 
Seat 9: Vasya175 ($1.57 in chips) 
desi@poker2: posts small blind $0.01
idanmo: posts big blind $0.02
*** HOLE CARDS ***
Dealt to Dorex2007 [8d Td]
9948nana: folds 
RodrigoFroilan: folds 
Vasya175: folds 
themarfs: raises $0.04 to $0.06
Zuban442: folds 
Dorex2007: folds 
mac1ot4: calls $0.06
desi@poker2: folds 
idanmo: calls $0.04
*** FLOP *** [6d 5c 2d]
idanmo: checks 
themarfs: checks 
mac1ot4: bets $0.18
idanmo: folds 
themarfs: folds 
Uncalled bet ($0.18) returned to mac1ot4
mac1ot4 collected $0.18 from pot
mac1ot4: doesn't show hand 
*** SUMMARY ***
Total pot $0.19 | Rake $0.01 
Board [6d 5c 2d]
Seat 1: themarfs folded on the Flop
Seat 2: Zuban442 folded before Flop (didn't bet)
Seat 3: Dorex2007 folded before Flop (didn't bet)
Seat 4: mac1ot4 (button) collected ($0.18)
Seat 5: desi@poker2 (small blind) folded before Flop
Seat 6: idanmo (big blind) folded on the Flop
Seat 7: 9948nana folded before Flop (didn't bet)
Seat 8: RodrigoFroilan folded before Flop (didn't bet)
Seat 9: Vasya175 folded before Flop (didn't bet)



PokerStars Hand #223829901696:  Hold'em No Limit ($0.01/$0.02 USD) - 2021/02/14 19:11:07 PT [2021/02/14 22:11:07 ET]
Table 'Androgeos VI' 9-max Seat #5 is the button
Seat 1: themarfs ($2.05 in chips) 
Seat 2: Zuban442 ($1.96 in chips) 
Seat 3: Dorex2007 ($1.77 in chips) 
Seat 4: mac1ot4 ($1.22 in chips) 
Seat 5: desi@poker2 ($3.45 in chips) 
Seat 6: idanmo ($1.72 in chips) 
Seat 7: 9948nana ($1.73 in chips) 
Seat 8: RodrigoFroilan ($1.23 in chips) 
Seat 9: Vasya175 ($1.57 in chips) 
idanmo: posts small blind $0.01
9948nana: posts big blind $0.02
*** HOLE CARDS ***
Dealt to Dorex2007 [Ks 2h]
RodrigoFroilan: folds 
Vasya175: folds 
themarfs: raises $0.04 to $0.06
Zuban442: calls $0.06
Dorex2007: folds 
mac1ot4: folds 
desi@poker2: raises $0.12 to $0.18
idanmo: folds 
9948nana: folds 
themarfs: calls $0.12
Zuban442: folds 
*** FLOP *** [7c Th As]
themarfs: checks 
desi@poker2: bets $0.22
themarfs: folds 
Uncalled bet ($0.22) returned to desi@poker2
desi@poker2 collected $0.43 from pot
desi@poker2: doesn't show hand 
*** SUMMARY ***
Total pot $0.45 | Rake $0.02 
Board [7c Th As]
Seat 1: themarfs folded on the Flop
Seat 2: Zuban442 folded before Flop
Seat 3: Dorex2007 folded before Flop (didn't bet)
Seat 4: mac1ot4 folded before Flop (didn't bet)
Seat 5: desi@poker2 (button) collected ($0.43)
Seat 6: idanmo (small blind) folded before Flop
Seat 7: 9948nana (big blind) folded before Flop
Seat 8: RodrigoFroilan folded before Flop (didn't bet)
Seat 9: Vasya175 folded before Flop (didn't bet)



PokerStars Hand #223829915247:  Hold'em No Limit ($0.01/$0.02 USD) - 2021/02/14 19:11:56 PT [2021/02/14 22:11:56 ET]
Table 'Androgeos VI' 9-max Seat #6 is the button
Seat 1: themarfs ($2 in chips) 
Seat 2: Zuban442 ($1.90 in chips) 
Seat 3: Dorex2007 ($1.77 in chips) 
Seat 4: mac1ot4 ($1.22 in chips) 
Seat 5: desi@poker2 ($3.70 in chips) 
Seat 6: idanmo ($1.71 in chips) 
Seat 7: 9948nana ($1.71 in chips) 
Seat 8: RodrigoFroilan ($1.23 in chips) 
Seat 9: Vasya175 ($1.57 in chips) 
9948nana: posts small blind $0.01
RodrigoFroilan: posts big blind $0.02
*** HOLE CARDS ***
Dealt to Dorex2007 [5s Ad]
Vasya175: folds 
themarfs: folds 
Zuban442: folds 
Dorex2007: folds 
mac1ot4: folds 
desi@poker2: folds 
idanmo: folds 
9948nana: raises $0.02 to $0.04
RodrigoFroilan: calls $0.02
*** FLOP *** [Jh 4d 2c]
9948nana: checks 
RodrigoFroilan: checks 
*** TURN *** [Jh 4d 2c] [Kd]
9948nana: bets $0.04
RodrigoFroilan: folds 
Uncalled bet ($0.04) returned to 9948nana
9948nana collected $0.08 from pot
9948nana: doesn't show hand 
*** SUMMARY ***
Total pot $0.08 | Rake $0 
Board [Jh 4d 2c Kd]
Seat 1: themarfs folded before Flop (didn't bet)
Seat 2: Zuban442 folded before Flop (didn't bet)
Seat 3: Dorex2007 folded before Flop (didn't bet)
Seat 4: mac1ot4 folded before Flop (didn't bet)
Seat 5: desi@poker2 folded before Flop (didn't bet)
Seat 6: idanmo (button) folded before Flop (didn't bet)
Seat 7: 9948nana (small blind) collected ($0.08)
Seat 8: RodrigoFroilan (big blind) folded on the Turn
Seat 9: Vasya175 folded before Flop (didn't bet)



PokerStars Hand #223829928317:  Hold'em No Limit ($0.01/$0.02 USD) - 2021/02/14 19:12:44 PT [2021/02/14 22:12:44 ET]
Table 'Androgeos VI' 9-max Seat #7 is the button
Seat 1: themarfs ($2 in chips) 
Seat 2: Zuban442 ($1.90 in chips) 
Seat 3: Dorex2007 ($1.77 in chips) 
Seat 4: mac1ot4 ($1.22 in chips) 
Seat 5: desi@poker2 ($3.70 in chips) 
Seat 6: idanmo ($1.71 in chips) 
Seat 7: 9948nana ($1.75 in chips) 
Seat 8: RodrigoFroilan ($1.19 in chips) 
Seat 9: Vasya175 ($1.57 in chips) 
RodrigoFroilan: posts small blind $0.01
Vasya175: posts big blind $0.02
*** HOLE CARDS ***
Dealt to Dorex2007 [7h Ad]
themarfs: folds 
Zuban442: calls $0.02
Dorex2007: folds 
mac1ot4: calls $0.02
desi@poker2: calls $0.02
idanmo: raises $0.12 to $0.14
9948nana: folds 
RodrigoFroilan: folds 
Vasya175: folds 
Zuban442: folds 
mac1ot4: calls $0.12
desi@poker2: folds 
*** FLOP *** [3h Ts Qd]
mac1ot4: checks 
idanmo: bets $0.28
mac1ot4: folds 
Uncalled bet ($0.28) returned to idanmo
idanmo collected $0.34 from pot
idanmo: doesn't show hand 
*** SUMMARY ***
Total pot $0.35 | Rake $0.01 
Board [3h Ts Qd]
Seat 1: themarfs folded before Flop (didn't bet)
Seat 2: Zuban442 folded before Flop
Seat 3: Dorex2007 folded before Flop (didn't bet)
Seat 4: mac1ot4 folded on the Flop
Seat 5: desi@poker2 folded before Flop
Seat 6: idanmo collected ($0.34)
Seat 7: 9948nana (button) folded before Flop (didn't bet)
Seat 8: RodrigoFroilan (small blind) folded before Flop
Seat 9: Vasya175 (big blind) folded before Flop



PokerStars Hand #223829940066:  Hold'em No Limit ($0.01/$0.02 USD) - 2021/02/14 19:13:26 PT [2021/02/14 22:13:26 ET]
Table 'Androgeos VI' 9-max Seat #8 is the button
Seat 1: themarfs ($2 in chips) 
Seat 2: Zuban442 ($1.88 in chips) 
Seat 3: Dorex2007 ($1.77 in chips) 
Seat 4: mac1ot4 ($1.08 in chips) 
Seat 5: desi@poker2 ($3.68 in chips) 
Seat 6: idanmo ($1.91 in chips) 
Seat 7: 9948nana ($1.75 in chips) 
Seat 8: RodrigoFroilan ($1.18 in chips) 
Seat 9: Vasya175 ($1.55 in chips) 
Vasya175: posts small blind $0.01
themarfs: posts big blind $0.02
*** HOLE CARDS ***
Dealt to Dorex2007 [8c Qd]
Zuban442: folds 
Dorex2007: folds 
mac1ot4: folds 
desi@poker2: folds 
idanmo: folds 
9948nana: folds 
RodrigoFroilan: raises $0.02 to $0.04
Vasya175: calls $0.03
themarfs: folds 
*** FLOP *** [4d 6s 2h]
Vasya175: checks 
RodrigoFroilan: checks 
*** TURN *** [4d 6s 2h] [Ts]
Vasya175: bets $0.05
RodrigoFroilan: calls $0.05
*** RIVER *** [4d 6s 2h Ts] [5d]
Vasya175: bets $0.09
RodrigoFroilan: calls $0.09
*** SHOW DOWN ***
Vasya175: shows [Qh Th] (a pair of Tens)
RodrigoFroilan: mucks hand 
Vasya175 collected $0.37 from pot
*** SUMMARY ***
Total pot $0.38 | Rake $0.01 
Board [4d 6s 2h Ts 5d]
Seat 1: themarfs (big blind) folded before Flop
Seat 2: Zuban442 folded before Flop (didn't bet)
Seat 3: Dorex2007 folded before Flop (didn't bet)
Seat 4: mac1ot4 folded before Flop (didn't bet)
Seat 5: desi@poker2 folded before Flop (didn't bet)
Seat 6: idanmo folded before Flop (didn't bet)
Seat 7: 9948nana folded before Flop (didn't bet)
Seat 8: RodrigoFroilan (button) mucked [4c Qs]
Seat 9: Vasya175 (small blind) showed [Qh Th] and won ($0.37) with a pair of Tens



PokerStars Hand #223829955577:  Hold'em No Limit ($0.01/$0.02 USD) - 2021/02/14 19:14:23 PT [2021/02/14 22:14:23 ET]
Table 'Androgeos VI' 9-max Seat #9 is the button
Seat 1: themarfs ($2 in chips) 
Seat 2: Zuban442 ($1.88 in chips) 
Seat 3: Dorex2007 ($1.77 in chips) 
Seat 4: mac1ot4 ($1.08 in chips) 
Seat 5: desi@poker2 ($3.68 in chips) 
Seat 6: idanmo ($1.91 in chips) 
Seat 7: 9948nana ($1.75 in chips) 
Seat 8: RodrigoFroilan ($1 in chips) 
Seat 9: Vasya175 ($1.74 in chips) 
themarfs: posts small blind $0.01
Zuban442: posts big blind $0.02
*** HOLE CARDS ***
Dealt to Dorex2007 [Td Qs]
Dorex2007: folds 
mac1ot4: folds 
desi@poker2: raises $0.04 to $0.06
idanmo: folds 
9948nana: folds 
RodrigoFroilan: folds 
Vasya175: folds 
themarfs: folds 
Zuban442: folds 
Uncalled bet ($0.04) returned to desi@poker2
desi@poker2 collected $0.05 from pot
desi@poker2: doesn't show hand 
*** SUMMARY ***
Total pot $0.05 | Rake $0 
Seat 1: themarfs (small blind) folded before Flop
Seat 2: Zuban442 (big blind) folded before Flop
Seat 3: Dorex2007 folded before Flop (didn't bet)
Seat 4: mac1ot4 folded before Flop (didn't bet)
Seat 5: desi@poker2 collected ($0.05)
Seat 6: idanmo folded before Flop (didn't bet)
Seat 7: 9948nana folded before Flop (didn't bet)
Seat 8: RodrigoFroilan folded before Flop (didn't bet)
Seat 9: Vasya175 (button) folded before Flop (didn't bet)



PokerStars Hand #223829962531:  Hold'em No Limit ($0.01/$0.02 USD) - 2021/02/14 19:14:48 PT [2021/02/14 22:14:48 ET]
Table 'Androgeos VI' 9-max Seat #1 is the button
Seat 1: themarfs ($2 in chips) 
Seat 2: Zuban442 ($1.86 in chips) 
Seat 3: Dorex2007 ($1.77 in chips) 
Seat 4: mac1ot4 ($1.08 in chips) 
Seat 5: desi@poker2 ($3.71 in chips) 
Seat 6: idanmo ($1.91 in chips) 
Seat 7: 9948nana ($1.75 in chips) 
Seat 8: RodrigoFroilan ($1 in chips) 
Seat 9: Vasya175 ($1.74 in chips) 
Zuban442: posts small blind $0.01
Dorex2007: posts big blind $0.02
*** HOLE CARDS ***
Dealt to Dorex2007 [9h Tc]
mac1ot4 has timed out
mac1ot4: folds 
desi@poker2: folds 
idanmo: raises $0.04 to $0.06
9948nana: folds 
RodrigoFroilan: folds 
Vasya175: folds 
themarfs: folds 
Zuban442: folds 
Dorex2007: folds 
Uncalled bet ($0.04) returned to idanmo
idanmo collected $0.05 from pot
idanmo: doesn't show hand 
*** SUMMARY ***
Total pot $0.05 | Rake $0 
Seat 1: themarfs (button) folded before Flop (didn't bet)
Seat 2: Zuban442 (small blind) folded before Flop
Seat 3: Dorex2007 (big blind) folded before Flop
Seat 4: mac1ot4 folded before Flop (didn't bet)
Seat 5: desi@poker2 folded before Flop (didn't bet)
Seat 6: idanmo collected ($0.05)
Seat 7: 9948nana folded before Flop (didn't bet)
Seat 8: RodrigoFroilan folded before Flop (didn't bet)
Seat 9: Vasya175 folded before Flop (didn't bet)



PokerStars Hand #223829971050:  Hold'em No Limit ($0.01/$0.02 USD) - 2021/02/14 19:15:19 PT [2021/02/14 22:15:19 ET]
Table 'Androgeos VI' 9-max Seat #2 is the button
Seat 1: themarfs ($2 in chips) 
Seat 2: Zuban442 ($1.85 in chips) 
Seat 3: Dorex2007 ($1.75 in chips) 
Seat 4: mac1ot4 ($1.08 in chips) 
Seat 5: desi@poker2 ($3.71 in chips) 
Seat 6: idanmo ($1.94 in chips) 
Seat 7: 9948nana ($1.75 in chips) 
Seat 8: RodrigoFroilan ($1 in chips) 
Seat 9: Vasya175 ($1.74 in chips) 
Dorex2007: posts small blind $0.01
mac1ot4: posts big blind $0.02
*** HOLE CARDS ***
Dealt to Dorex2007 [Tc 3s]
desi@poker2: folds 
idanmo: folds 
9948nana: folds 
RodrigoFroilan: raises $0.02 to $0.04
Vasya175: folds 
themarfs: calls $0.04
Zuban442: folds 
Dorex2007: folds 
mac1ot4: folds 
*** FLOP *** [6s 7s 2c]
RodrigoFroilan: bets $0.06
themarfs: folds 
Uncalled bet ($0.06) returned to RodrigoFroilan
RodrigoFroilan collected $0.11 from pot
RodrigoFroilan: doesn't show hand 
*** SUMMARY ***
Total pot $0.11 | Rake $0 
Board [6s 7s 2c]
Seat 1: themarfs folded on the Flop
Seat 2: Zuban442 (button) folded before Flop (didn't bet)
Seat 3: Dorex2007 (small blind) folded before Flop
Seat 4: mac1ot4 (big blind) folded before Flop
Seat 5: desi@poker2 folded before Flop (didn't bet)
Seat 6: idanmo folded before Flop (didn't bet)
Seat 7: 9948nana folded before Flop (didn't bet)
Seat 8: RodrigoFroilan collected ($0.11)
Seat 9: Vasya175 folded before Flop (didn't bet)



PokerStars Hand #223829984088:  Hold'em No Limit ($0.01/$0.02 USD) - 2021/02/14 19:16:07 PT [2021/02/14 22:16:07 ET]
Table 'Androgeos VI' 9-max Seat #3 is the button
Seat 1: themarfs ($2 in chips) 
Seat 2: Zuban442 ($1.85 in chips) 
Seat 3: Dorex2007 ($1.74 in chips) 
Seat 4: mac1ot4 ($1.06 in chips) 
Seat 5: desi@poker2 ($3.71 in chips) 
Seat 6: idanmo ($1.94 in chips) 
Seat 7: 9948nana ($1.75 in chips) 
Seat 9: Vasya175 ($1.74 in chips) 
mac1ot4: posts small blind $0.01
desi@poker2: posts big blind $0.02
*** HOLE CARDS ***
Dealt to Dorex2007 [4h Qd]
idanmo: folds 
9948nana: raises $0.04 to $0.06
RodrigoFroilan leaves the table
Vasya175: folds 
themarfs: calls $0.06
Zuban442: folds 
idanmo leaves the table
Dorex2007: folds 
mac1ot4: folds 
desi@poker2: calls $0.04
*** FLOP *** [7s 8h 4s]
desi@poker2: checks 
9948nana: checks 
themarfs: checks 
*** TURN *** [7s 8h 4s] [Jh]
mac1ot4 leaves the table
desi@poker2: checks 
9948nana: bets $0.09
themarfs: folds 
desi@poker2: calls $0.09
*** RIVER *** [7s 8h 4s Jh] [9s]
desi@poker2: bets $0.18
9948nana: calls $0.18
*** SHOW DOWN ***
desi@poker2: shows [9d 9h] (three of a kind, Nines)
9948nana: mucks hand 
desi@poker2 collected $0.70 from pot
*** SUMMARY ***
Total pot $0.73 | Rake $0.03 
Board [7s 8h 4s Jh 9s]
Seat 1: themarfs folded on the Turn
Seat 2: Zuban442 folded before Flop (didn't bet)
Seat 3: Dorex2007 (button) folded before Flop (didn't bet)
Seat 4: mac1ot4 (small blind) folded before Flop
Seat 5: desi@poker2 (big blind) showed [9d 9h] and won ($0.70) with three of a kind, Nines
Seat 6: idanmo folded before Flop (didn't bet)
Seat 7: 9948nana mucked [As Ac]
Seat 9: Vasya175 folded before Flop (didn't bet)



PokerStars Hand #223830020041:  Hold'em No Limit ($0.01/$0.02 USD) - 2021/02/14 19:17:23 PT [2021/02/14 22:17:23 ET]
Table 'Androgeos VI' 9-max Seat #5 is the button
Seat 1: themarfs ($2 in chips) 
Seat 2: Zuban442 ($1.85 in chips) 
Seat 3: Dorex2007 ($1.74 in chips) 
Seat 5: desi@poker2 ($4.08 in chips) 
Seat 7: 9948nana ($1.42 in chips) 
Seat 9: Vasya175 ($1.74 in chips) 
9948nana: posts small blind $0.01
Vasya175: posts big blind $0.02
*** HOLE CARDS ***
Dealt to Dorex2007 [8d Kc]
themarfs: folds 
themarfs leaves the table
Zuban442: folds 
Zuban442 leaves the table
Dorex2007: folds 
desi@poker2: folds 
9948nana: folds 
Uncalled bet ($0.01) returned to Vasya175
Er6ikow joins the table at seat #1 
Vasya175 collected $0.02 from pot
Vasya175: doesn't show hand 
*** SUMMARY ***
Total pot $0.02 | Rake $0 
Seat 1: themarfs folded before Flop (didn't bet)
Seat 2: Zuban442 folded before Flop (didn't bet)
Seat 3: Dorex2007 folded before Flop (didn't bet)
Seat 5: desi@poker2 (button) folded before Flop (didn't bet)
Seat 7: 9948nana (small blind) folded before Flop
Seat 9: Vasya175 (big blind) collected ($0.02)



PokerStars Hand #223830025206:  Hold'em No Limit ($0.01/$0.02 USD) - 2021/02/14 19:17:42 PT [2021/02/14 22:17:42 ET]
Table 'Androgeos VI' 9-max Seat #7 is the button
Seat 1: Er6ikow ($0.89 in chips) 
Seat 3: Dorex2007 ($1.74 in chips) 
Seat 5: desi@poker2 ($4.08 in chips) 
Seat 7: 9948nana ($1.41 in chips) 
Seat 9: Vasya175 ($1.75 in chips) 
Vasya175: posts small blind $0.01
Er6ikow: posts big blind $0.02
*** HOLE CARDS ***
Dealt to Dorex2007 [2d 2s]
Dorex2007: calls $0.02
desi@poker2 has timed out
desi@poker2: folds 
9948nana: calls $0.02
Vasya175: calls $0.01
Er6ikow: checks 
*** FLOP *** [9d Ts 6d]
Vasya175: bets $0.02
Er6ikow: folds 
Dorex2007: calls $0.02
9948nana: calls $0.02
*** TURN *** [9d Ts 6d] [Ah]
Vasya175: bets $0.02
Dorex2007: folds 
9948nana: folds 
Uncalled bet ($0.02) returned to Vasya175
Vasya175 collected $0.14 from pot
Vasya175: doesn't show hand 
*** SUMMARY ***
Total pot $0.14 | Rake $0 
Board [9d Ts 6d Ah]
Seat 1: Er6ikow (big blind) folded on the Flop
Seat 3: Dorex2007 folded on the Turn
Seat 5: desi@poker2 folded before Flop (didn't bet)
Seat 7: 9948nana (button) folded on the Turn
Seat 9: Vasya175 (small blind) collected ($0.14)



PokerStars Hand #223830046092:  Hold'em No Limit ($0.01/$0.02 USD) - 2021/02/14 19:18:28 PT [2021/02/14 22:18:28 ET]
Table 'Androgeos VI' 9-max Seat #9 is the button
Seat 1: Er6ikow ($0.87 in chips) 
Seat 3: Dorex2007 ($1.70 in chips) 
Seat 5: desi@poker2 ($4.08 in chips) 
Seat 7: 9948nana ($1.37 in chips) 
Seat 9: Vasya175 ($1.85 in chips) 
Er6ikow: posts small blind $0.01
Dorex2007: posts big blind $0.02
*** HOLE CARDS ***
Dealt to Dorex2007 [Ac 9d]
desi@poker2: folds 
9948nana: raises $0.02 to $0.04
Vasya175 has timed out
Vasya175: folds 
Er6ikow: calls $0.03
Dorex2007: calls $0.02
*** FLOP *** [7d 2c 3d]
Er6ikow: checks 
Dorex2007: checks 
9948nana: checks 
*** TURN *** [7d 2c 3d] [Jh]
Er6ikow: checks 
Vasya175 leaves the table
Dorex2007: checks 
9948nana: checks 
*** RIVER *** [7d 2c 3d Jh] [Jc]
Er6ikow: checks 
Dorex2007: checks 
9948nana: checks 
*** SHOW DOWN ***
Er6ikow: shows [4s 5c] (a pair of Jacks)
Dorex2007: shows [Ac 9d] (a pair of Jacks - Ace kicker)
9948nana: mucks hand 
Dorex2007 collected $0.12 from pot
*** SUMMARY ***
Total pot $0.12 | Rake $0 
Board [7d 2c 3d Jh Jc]
Seat 1: Er6ikow (small blind) showed [4s 5c] and lost with a pair of Jacks
Seat 3: Dorex2007 (big blind) showed [Ac 9d] and won ($0.12) with a pair of Jacks
Seat 5: desi@poker2 folded before Flop (didn't bet)
Seat 7: 9948nana mucked [Kc 9h]
Seat 9: Vasya175 (button) folded before Flop (didn't bet)



PokerStars Hand #223830059579:  Hold'em No Limit ($0.01/$0.02 USD) - 2021/02/14 19:19:19 PT [2021/02/14 22:19:19 ET]
Table 'Androgeos VI' 9-max Seat #1 is the button
Seat 1: Er6ikow ($0.83 in chips) 
Seat 3: Dorex2007 ($1.78 in chips) 
Seat 5: desi@poker2 ($4.08 in chips) 
Seat 7: 9948nana ($1.33 in chips) 
Dorex2007: posts small blind $0.01
desi@poker2: posts big blind $0.02
*** HOLE CARDS ***
Dealt to Dorex2007 [Tc 5h]
9948nana: folds 
Er6ikow: folds 
Dorex2007: folds 
Uncalled bet ($0.01) returned to desi@poker2
desi@poker2 collected $0.02 from pot
desi@poker2: doesn't show hand 
*** SUMMARY ***
Total pot $0.02 | Rake $0 
Seat 1: Er6ikow (button) folded before Flop (didn't bet)
Seat 3: Dorex2007 (small blind) folded before Flop
Seat 5: desi@poker2 (big blind) collected ($0.02)
Seat 7: 9948nana folded before Flop (didn't bet)



