PokerStars Hand #224890186577:  Hold'em No Limit ($0.01/$0.02 USD) - 2021/03/16 20:41:01 PT [2021/03/16 23:41:01 ET]
Table 'Askella III' 9-max Seat #5 is the button
Seat 2: Olejka228822 ($2.40 in chips) 
Seat 3: POLLO ISRA75 ($3.36 in chips) 
Seat 4: Capper_A ($2.08 in chips) 
Seat 5: XTLMZUWR ($3.31 in chips) 
Seat 6: sergeyl01 ($0.46 in chips) 
Seat 7: Dorex2007 ($1.50 in chips) 
Seat 8: PLSgali ($2.80 in chips) 
sergeyl01: posts small blind $0.01
Dorex2007: posts big blind $0.02
*** HOLE CARDS ***
Dealt to Dorex2007 [Qd 2h]
PLSgali: folds 
Olejka228822: raises $0.06 to $0.08
POLLO ISRA75: folds 
Capper_A: folds 
XTLMZUWR: folds 
sergeyl01: folds 
Dorex2007: folds 
Uncalled bet ($0.06) returned to Olejka228822
Olejka228822 collected $0.05 from pot
Olejka228822: doesn't show hand 
*** SUMMARY ***
Total pot $0.05 | Rake $0 
Seat 2: Olejka228822 collected ($0.05)
Seat 3: POLLO ISRA75 folded before Flop (didn't bet)
Seat 4: Capper_A folded before Flop (didn't bet)
Seat 5: XTLMZUWR (button) folded before Flop (didn't bet)
Seat 6: sergeyl01 (small blind) folded before Flop
Seat 7: Dorex2007 (big blind) folded before Flop
Seat 8: PLSgali folded before Flop (didn't bet)



PokerStars Hand #224890192480:  Hold'em No Limit ($0.01/$0.02 USD) - 2021/03/16 20:41:26 PT [2021/03/16 23:41:26 ET]
Table 'Askella III' 9-max Seat #6 is the button
Seat 2: Olejka228822 ($2.43 in chips) 
Seat 3: POLLO ISRA75 ($3.36 in chips) 
Seat 4: Capper_A ($2.08 in chips) 
Seat 5: XTLMZUWR ($3.31 in chips) 
Seat 6: sergeyl01 ($0.45 in chips) 
Seat 7: Dorex2007 ($1.48 in chips) 
Seat 8: PLSgali ($2.80 in chips) 
Dorex2007: posts small blind $0.01
PLSgali: posts big blind $0.02
*** HOLE CARDS ***
Dealt to Dorex2007 [6h Td]
Olejka228822: folds 
POLLO ISRA75: folds 
Capper_A: folds 
XTLMZUWR: calls $0.02
sergeyl01: folds 
Dorex2007: calls $0.01
PLSgali: checks 
*** FLOP *** [5h Th 7c]
Dorex2007: bets $0.08
PLSgali: folds 
XTLMZUWR: calls $0.08
*** TURN *** [5h Th 7c] [Tc]
Dorex2007: bets $0.66
XTLMZUWR: folds 
Uncalled bet ($0.66) returned to Dorex2007
Dorex2007 collected $0.21 from pot
Dorex2007: doesn't show hand 
*** SUMMARY ***
Total pot $0.22 | Rake $0.01 
Board [5h Th 7c Tc]
Seat 2: Olejka228822 folded before Flop (didn't bet)
Seat 3: POLLO ISRA75 folded before Flop (didn't bet)
Seat 4: Capper_A folded before Flop (didn't bet)
Seat 5: XTLMZUWR folded on the Turn
Seat 6: sergeyl01 (button) folded before Flop (didn't bet)
Seat 7: Dorex2007 (small blind) collected ($0.21)
Seat 8: PLSgali (big blind) folded on the Flop



PokerStars Hand #224890205548:  Hold'em No Limit ($0.01/$0.02 USD) - 2021/03/16 20:42:23 PT [2021/03/16 23:42:23 ET]
Table 'Askella III' 9-max Seat #7 is the button
Seat 2: Olejka228822 ($2.43 in chips) 
Seat 3: POLLO ISRA75 ($3.36 in chips) 
Seat 4: Capper_A ($2.08 in chips) 
Seat 5: XTLMZUWR ($3.21 in chips) 
Seat 6: sergeyl01 ($0.45 in chips) 
Seat 7: Dorex2007 ($1.59 in chips) 
Seat 8: PLSgali ($2.78 in chips) 
PLSgali: posts small blind $0.01
Olejka228822: posts big blind $0.02
*** HOLE CARDS ***
Dealt to Dorex2007 [6c Js]
POLLO ISRA75: folds 
Capper_A: raises $0.04 to $0.06
XTLMZUWR: calls $0.06
sergeyl01: folds 
Dorex2007: folds 
PLSgali: calls $0.05
Olejka228822: folds 
*** FLOP *** [7d Qc 2d]
PLSgali: bets $0.06
Capper_A: folds 
dvsnderhoek joins the table at seat #9 
XTLMZUWR: calls $0.06
*** TURN *** [7d Qc 2d] [3d]
PLSgali: bets $0.06
XTLMZUWR: folds 
Uncalled bet ($0.06) returned to PLSgali
PLSgali collected $0.31 from pot
PLSgali: doesn't show hand 
*** SUMMARY ***
Total pot $0.32 | Rake $0.01 
Board [7d Qc 2d 3d]
Seat 2: Olejka228822 (big blind) folded before Flop
Seat 3: POLLO ISRA75 folded before Flop (didn't bet)
Seat 4: Capper_A folded on the Flop
Seat 5: XTLMZUWR folded on the Turn
Seat 6: sergeyl01 folded before Flop (didn't bet)
Seat 7: Dorex2007 (button) folded before Flop (didn't bet)
Seat 8: PLSgali (small blind) collected ($0.31)



PokerStars Hand #224890217347:  Hold'em No Limit ($0.01/$0.02 USD) - 2021/03/16 20:43:14 PT [2021/03/16 23:43:14 ET]
Table 'Askella III' 9-max Seat #8 is the button
Seat 2: Olejka228822 ($2.41 in chips) 
Seat 3: POLLO ISRA75 ($3.36 in chips) 
Seat 4: Capper_A ($2.02 in chips) 
Seat 5: XTLMZUWR ($3.09 in chips) 
Seat 6: sergeyl01 ($0.45 in chips) 
Seat 7: Dorex2007 ($1.59 in chips) 
Seat 8: PLSgali ($2.97 in chips) 
Olejka228822: posts small blind $0.01
POLLO ISRA75: posts big blind $0.02
*** HOLE CARDS ***
Dealt to Dorex2007 [Qs 4s]
Capper_A: folds 
XTLMZUWR: folds 
sergeyl01: folds 
Dorex2007: folds 
PLSgali: raises $0.06 to $0.08
Olejka228822: folds 
POLLO ISRA75: folds 
Uncalled bet ($0.06) returned to PLSgali
PLSgali collected $0.05 from pot
PLSgali: doesn't show hand 
*** SUMMARY ***
Total pot $0.05 | Rake $0 
Seat 2: Olejka228822 (small blind) folded before Flop
Seat 3: POLLO ISRA75 (big blind) folded before Flop
Seat 4: Capper_A folded before Flop (didn't bet)
Seat 5: XTLMZUWR folded before Flop (didn't bet)
Seat 6: sergeyl01 folded before Flop (didn't bet)
Seat 7: Dorex2007 folded before Flop (didn't bet)
Seat 8: PLSgali (button) collected ($0.05)



PokerStars Hand #224890222676:  Hold'em No Limit ($0.01/$0.02 USD) - 2021/03/16 20:43:37 PT [2021/03/16 23:43:37 ET]
Table 'Askella III' 9-max Seat #2 is the button
Seat 2: Olejka228822 ($2.40 in chips) 
Seat 3: POLLO ISRA75 ($3.34 in chips) 
Seat 4: Capper_A ($2.02 in chips) 
Seat 5: XTLMZUWR ($3.09 in chips) 
Seat 6: sergeyl01 ($0.45 in chips) 
Seat 7: Dorex2007 ($1.59 in chips) 
Seat 8: PLSgali ($3 in chips) 
POLLO ISRA75: posts small blind $0.01
Capper_A: posts big blind $0.02
dvsnderhoek: sits out 
*** HOLE CARDS ***
Dealt to Dorex2007 [5c 9c]
XTLMZUWR: folds 
sergeyl01: folds 
Dorex2007: folds 
PLSgali: calls $0.02
Olejka228822: folds 
POLLO ISRA75: folds 
Capper_A: checks 
*** FLOP *** [8s 4s 8h]
Capper_A: bets $0.02
PLSgali: folds 
Uncalled bet ($0.02) returned to Capper_A
Capper_A collected $0.05 from pot
Capper_A: doesn't show hand 
*** SUMMARY ***
Total pot $0.05 | Rake $0 
Board [8s 4s 8h]
Seat 2: Olejka228822 (button) folded before Flop (didn't bet)
Seat 3: POLLO ISRA75 (small blind) folded before Flop
Seat 4: Capper_A (big blind) collected ($0.05)
Seat 5: XTLMZUWR folded before Flop (didn't bet)
Seat 6: sergeyl01 folded before Flop (didn't bet)
Seat 7: Dorex2007 folded before Flop (didn't bet)
Seat 8: PLSgali folded on the Flop



PokerStars Hand #224890228902:  Hold'em No Limit ($0.01/$0.02 USD) - 2021/03/16 20:44:04 PT [2021/03/16 23:44:04 ET]
Table 'Askella III' 9-max Seat #3 is the button
Seat 2: Olejka228822 ($2.40 in chips) 
Seat 3: POLLO ISRA75 ($3.33 in chips) 
Seat 4: Capper_A ($2.05 in chips) 
Seat 5: XTLMZUWR ($3.09 in chips) 
Seat 6: sergeyl01 ($0.45 in chips) 
Seat 7: Dorex2007 ($1.59 in chips) 
Seat 8: PLSgali ($2.98 in chips) 
Capper_A: posts small blind $0.01
XTLMZUWR: posts big blind $0.02
dvsnderhoek: sits out 
*** HOLE CARDS ***
Dealt to Dorex2007 [5d Jd]
sergeyl01: folds 
Dorex2007: folds 
PLSgali: folds 
Olejka228822: folds 
POLLO ISRA75: folds 
Capper_A: raises $0.04 to $0.06
XTLMZUWR: folds 
Uncalled bet ($0.04) returned to Capper_A
Capper_A collected $0.04 from pot
Capper_A: doesn't show hand 
*** SUMMARY ***
Total pot $0.04 | Rake $0 
Seat 2: Olejka228822 folded before Flop (didn't bet)
Seat 3: POLLO ISRA75 (button) folded before Flop (didn't bet)
Seat 4: Capper_A (small blind) collected ($0.04)
Seat 5: XTLMZUWR (big blind) folded before Flop
Seat 6: sergeyl01 folded before Flop (didn't bet)
Seat 7: Dorex2007 folded before Flop (didn't bet)
Seat 8: PLSgali folded before Flop (didn't bet)



PokerStars Hand #224890232035:  Hold'em No Limit ($0.01/$0.02 USD) - 2021/03/16 20:44:18 PT [2021/03/16 23:44:18 ET]
Table 'Askella III' 9-max Seat #4 is the button
Seat 2: Olejka228822 ($2.40 in chips) 
Seat 3: POLLO ISRA75 ($3.33 in chips) 
Seat 4: Capper_A ($2.07 in chips) 
Seat 5: XTLMZUWR ($3.07 in chips) 
Seat 6: sergeyl01 ($0.45 in chips) 
Seat 7: Dorex2007 ($1.59 in chips) 
Seat 8: PLSgali ($2.98 in chips) 
XTLMZUWR: posts small blind $0.01
sergeyl01: posts big blind $0.02
dvsnderhoek: sits out 
sampa53: sits out 
*** HOLE CARDS ***
Dealt to Dorex2007 [2c 4c]
Dorex2007: folds 
PLSgali: folds 
Olejka228822: raises $0.06 to $0.08
POLLO ISRA75: folds 
Capper_A: folds 
XTLMZUWR: folds 
sergeyl01: folds 
Uncalled bet ($0.06) returned to Olejka228822
Olejka228822 collected $0.05 from pot
Olejka228822: doesn't show hand 
*** SUMMARY ***
Total pot $0.05 | Rake $0 
Seat 2: Olejka228822 collected ($0.05)
Seat 3: POLLO ISRA75 folded before Flop (didn't bet)
Seat 4: Capper_A (button) folded before Flop (didn't bet)
Seat 5: XTLMZUWR (small blind) folded before Flop
Seat 6: sergeyl01 (big blind) folded before Flop
Seat 7: Dorex2007 folded before Flop (didn't bet)
Seat 8: PLSgali folded before Flop (didn't bet)



PokerStars Hand #224890236828:  Hold'em No Limit ($0.01/$0.02 USD) - 2021/03/16 20:44:38 PT [2021/03/16 23:44:38 ET]
Table 'Askella III' 9-max Seat #5 is the button
Seat 2: Olejka228822 ($2.43 in chips) 
Seat 3: POLLO ISRA75 ($3.33 in chips) 
Seat 4: Capper_A ($2.07 in chips) 
Seat 5: XTLMZUWR ($3.06 in chips) 
Seat 6: sergeyl01 ($0.43 in chips) 
Seat 7: Dorex2007 ($1.59 in chips) 
Seat 8: PLSgali ($2.98 in chips) 
sergeyl01: posts small blind $0.01
Dorex2007: posts big blind $0.02
dvsnderhoek: sits out 
sampa53: sits out 
*** HOLE CARDS ***
Dealt to Dorex2007 [8d 2d]
PLSgali: folds 
Olejka228822: folds 
POLLO ISRA75: folds 
Capper_A: folds 
XTLMZUWR: folds 
sergeyl01: raises $0.41 to $0.43 and is all-in
Dorex2007: folds 
Uncalled bet ($0.41) returned to sergeyl01
sergeyl01 collected $0.04 from pot
*** SUMMARY ***
Total pot $0.04 | Rake $0 
Seat 2: Olejka228822 folded before Flop (didn't bet)
Seat 3: POLLO ISRA75 folded before Flop (didn't bet)
Seat 4: Capper_A folded before Flop (didn't bet)
Seat 5: XTLMZUWR (button) folded before Flop (didn't bet)
Seat 6: sergeyl01 (small blind) collected ($0.04)
Seat 7: Dorex2007 (big blind) folded before Flop
Seat 8: PLSgali folded before Flop (didn't bet)



PokerStars Hand #224890240362:  Hold'em No Limit ($0.01/$0.02 USD) - 2021/03/16 20:44:54 PT [2021/03/16 23:44:54 ET]
Table 'Askella III' 9-max Seat #6 is the button
Seat 2: Olejka228822 ($2.43 in chips) 
Seat 3: POLLO ISRA75 ($3.33 in chips) 
Seat 4: Capper_A ($2.07 in chips) 
Seat 5: XTLMZUWR ($3.06 in chips) 
Seat 6: sergeyl01 ($0.45 in chips) 
Seat 7: Dorex2007 ($1.57 in chips) 
Seat 8: PLSgali ($2.98 in chips) 
Dorex2007: posts small blind $0.01
PLSgali: posts big blind $0.02
dvsnderhoek: sits out 
sampa53: sits out 
*** HOLE CARDS ***
Dealt to Dorex2007 [2s Ah]
Olejka228822: folds 
POLLO ISRA75: raises $0.04 to $0.06
Capper_A: folds 
XTLMZUWR: folds 
sergeyl01: folds 
Dorex2007: folds 
PLSgali: calls $0.04
*** FLOP *** [2h Kc 5s]
PLSgali: bets $0.02
POLLO ISRA75: raises $0.06 to $0.08
PLSgali: folds 
Uncalled bet ($0.06) returned to POLLO ISRA75
POLLO ISRA75 collected $0.16 from pot
POLLO ISRA75: doesn't show hand 
*** SUMMARY ***
Total pot $0.17 | Rake $0.01 
Board [2h Kc 5s]
Seat 2: Olejka228822 folded before Flop (didn't bet)
Seat 3: POLLO ISRA75 collected ($0.16)
Seat 4: Capper_A folded before Flop (didn't bet)
Seat 5: XTLMZUWR folded before Flop (didn't bet)
Seat 6: sergeyl01 (button) folded before Flop (didn't bet)
Seat 7: Dorex2007 (small blind) folded before Flop
Seat 8: PLSgali (big blind) folded on the Flop



PokerStars Hand #224890250828:  Hold'em No Limit ($0.01/$0.02 USD) - 2021/03/16 20:45:40 PT [2021/03/16 23:45:40 ET]
Table 'Askella III' 9-max Seat #7 is the button
Seat 2: Olejka228822 ($2.43 in chips) 
Seat 3: POLLO ISRA75 ($3.41 in chips) 
Seat 4: Capper_A ($2.07 in chips) 
Seat 5: XTLMZUWR ($3.06 in chips) 
Seat 6: sergeyl01 ($0.45 in chips) 
Seat 7: Dorex2007 ($1.56 in chips) 
Seat 8: PLSgali ($2.90 in chips) 
Seat 9: dvsnderhoek ($2 in chips) 
PLSgali: posts small blind $0.01
dvsnderhoek: posts big blind $0.02
sampa53: sits out 
*** HOLE CARDS ***
Dealt to Dorex2007 [2s 4s]
Olejka228822: folds 
POLLO ISRA75: folds 
Capper_A: folds 
XTLMZUWR: folds 
sergeyl01: folds 
Dorex2007: folds 
PLSgali: calls $0.01
dvsnderhoek: checks 
*** FLOP *** [Ts Kd 7c]
PLSgali: bets $0.02
dvsnderhoek: folds 
Uncalled bet ($0.02) returned to PLSgali
PLSgali collected $0.04 from pot
PLSgali: doesn't show hand 
*** SUMMARY ***
Total pot $0.04 | Rake $0 
Board [Ts Kd 7c]
Seat 2: Olejka228822 folded before Flop (didn't bet)
Seat 3: POLLO ISRA75 folded before Flop (didn't bet)
Seat 4: Capper_A folded before Flop (didn't bet)
Seat 5: XTLMZUWR folded before Flop (didn't bet)
Seat 6: sergeyl01 folded before Flop (didn't bet)
Seat 7: Dorex2007 (button) folded before Flop (didn't bet)
Seat 8: PLSgali (small blind) collected ($0.04)
Seat 9: dvsnderhoek (big blind) folded on the Flop



PokerStars Hand #224890257076:  Hold'em No Limit ($0.01/$0.02 USD) - 2021/03/16 20:46:08 PT [2021/03/16 23:46:08 ET]
Table 'Askella III' 9-max Seat #8 is the button
Seat 1: sampa53 ($1.07 in chips) 
Seat 2: Olejka228822 ($2.43 in chips) 
Seat 3: POLLO ISRA75 ($3.41 in chips) 
Seat 4: Capper_A ($2.07 in chips) 
Seat 5: XTLMZUWR ($3.06 in chips) 
Seat 6: sergeyl01 ($0.45 in chips) 
Seat 7: Dorex2007 ($1.56 in chips) 
Seat 8: PLSgali ($2.92 in chips) 
Seat 9: dvsnderhoek ($1.98 in chips) 
dvsnderhoek: posts small blind $0.01
sampa53: posts big blind $0.02
*** HOLE CARDS ***
Dealt to Dorex2007 [Qh 2s]
Olejka228822: folds 
POLLO ISRA75: folds 
Capper_A: folds 
XTLMZUWR: folds 
sergeyl01: calls $0.02
Dorex2007: folds 
PLSgali: calls $0.02
dvsnderhoek: calls $0.01
sampa53: checks 
*** FLOP *** [4h Ts Jd]
dvsnderhoek: checks 
sampa53: checks 
sergeyl01: checks 
PLSgali: checks 
*** TURN *** [4h Ts Jd] [4s]
dvsnderhoek: checks 
sampa53: checks 
sergeyl01: checks 
PLSgali: checks 
*** RIVER *** [4h Ts Jd 4s] [9h]
dvsnderhoek: checks 
sampa53: checks 
sergeyl01: checks 
PLSgali: bets $0.04
dvsnderhoek: folds 
sampa53: folds 
sergeyl01: folds 
Uncalled bet ($0.04) returned to PLSgali
PLSgali collected $0.08 from pot
PLSgali: doesn't show hand 
*** SUMMARY ***
Total pot $0.08 | Rake $0 
Board [4h Ts Jd 4s 9h]
Seat 1: sampa53 (big blind) folded on the River
Seat 2: Olejka228822 folded before Flop (didn't bet)
Seat 3: POLLO ISRA75 folded before Flop (didn't bet)
Seat 4: Capper_A folded before Flop (didn't bet)
Seat 5: XTLMZUWR folded before Flop (didn't bet)
Seat 6: sergeyl01 folded on the River
Seat 7: Dorex2007 folded before Flop (didn't bet)
Seat 8: PLSgali (button) collected ($0.08)
Seat 9: dvsnderhoek (small blind) folded on the River



PokerStars Hand #224890281143:  Hold'em No Limit ($0.01/$0.02 USD) - 2021/03/16 20:47:13 PT [2021/03/16 23:47:13 ET]
Table 'Askella III' 9-max Seat #9 is the button
Seat 1: sampa53 ($1.05 in chips) 
Seat 2: Olejka228822 ($2.43 in chips) 
Seat 3: POLLO ISRA75 ($3.41 in chips) 
Seat 4: Capper_A ($2.07 in chips) 
Seat 5: XTLMZUWR ($3.06 in chips) 
Seat 6: sergeyl01 ($0.43 in chips) 
Seat 7: Dorex2007 ($1.56 in chips) 
Seat 8: PLSgali ($2.98 in chips) 
Seat 9: dvsnderhoek ($1.96 in chips) 
sampa53: posts small blind $0.01
Olejka228822: posts big blind $0.02
*** HOLE CARDS ***
Dealt to Dorex2007 [4s 5d]
POLLO ISRA75: folds 
Capper_A: folds 
XTLMZUWR: folds 
sergeyl01: folds 
Dorex2007: folds 
PLSgali: raises $0.08 to $0.10
dvsnderhoek: folds 
sampa53: folds 
Olejka228822: folds 
Uncalled bet ($0.08) returned to PLSgali
PLSgali collected $0.05 from pot
PLSgali: doesn't show hand 
*** SUMMARY ***
Total pot $0.05 | Rake $0 
Seat 1: sampa53 (small blind) folded before Flop
Seat 2: Olejka228822 (big blind) folded before Flop
Seat 3: POLLO ISRA75 folded before Flop (didn't bet)
Seat 4: Capper_A folded before Flop (didn't bet)
Seat 5: XTLMZUWR folded before Flop (didn't bet)
Seat 6: sergeyl01 folded before Flop (didn't bet)
Seat 7: Dorex2007 folded before Flop (didn't bet)
Seat 8: PLSgali collected ($0.05)
Seat 9: dvsnderhoek (button) folded before Flop (didn't bet)



PokerStars Hand #224890285658:  Hold'em No Limit ($0.01/$0.02 USD) - 2021/03/16 20:47:33 PT [2021/03/16 23:47:33 ET]
Table 'Askella III' 9-max Seat #1 is the button
Seat 1: sampa53 ($1.04 in chips) 
Seat 2: Olejka228822 ($2.41 in chips) 
Seat 3: POLLO ISRA75 ($3.41 in chips) 
Seat 4: Capper_A ($2.07 in chips) 
Seat 5: XTLMZUWR ($3.06 in chips) 
Seat 6: sergeyl01 ($0.43 in chips) 
Seat 7: Dorex2007 ($1.56 in chips) 
Seat 8: PLSgali ($3.01 in chips) 
Seat 9: dvsnderhoek ($1.96 in chips) 
Olejka228822: posts small blind $0.01
POLLO ISRA75: posts big blind $0.02
*** HOLE CARDS ***
Dealt to Dorex2007 [9s 5h]
Capper_A: raises $0.04 to $0.06
XTLMZUWR: folds 
sergeyl01: folds 
Dorex2007: folds 
PLSgali: folds 
dvsnderhoek: folds 
sampa53: folds 
Olejka228822: folds 
POLLO ISRA75: folds 
Uncalled bet ($0.04) returned to Capper_A
Capper_A collected $0.05 from pot
Capper_A: doesn't show hand 
*** SUMMARY ***
Total pot $0.05 | Rake $0 
Seat 1: sampa53 (button) folded before Flop (didn't bet)
Seat 2: Olejka228822 (small blind) folded before Flop
Seat 3: POLLO ISRA75 (big blind) folded before Flop
Seat 4: Capper_A collected ($0.05)
Seat 5: XTLMZUWR folded before Flop (didn't bet)
Seat 6: sergeyl01 folded before Flop (didn't bet)
Seat 7: Dorex2007 folded before Flop (didn't bet)
Seat 8: PLSgali folded before Flop (didn't bet)
Seat 9: dvsnderhoek folded before Flop (didn't bet)



PokerStars Hand #224890288812:  Hold'em No Limit ($0.01/$0.02 USD) - 2021/03/16 20:47:47 PT [2021/03/16 23:47:47 ET]
Table 'Askella III' 9-max Seat #2 is the button
Seat 1: sampa53 ($1.04 in chips) 
Seat 2: Olejka228822 ($2.40 in chips) 
Seat 3: POLLO ISRA75 ($3.39 in chips) 
Seat 4: Capper_A ($2.10 in chips) 
Seat 5: XTLMZUWR ($3.06 in chips) 
Seat 6: sergeyl01 ($0.43 in chips) 
Seat 7: Dorex2007 ($1.56 in chips) 
Seat 8: PLSgali ($3.01 in chips) 
Seat 9: dvsnderhoek ($1.96 in chips) 
POLLO ISRA75: posts small blind $0.01
Capper_A: posts big blind $0.02
*** HOLE CARDS ***
Dealt to Dorex2007 [7c Qs]
XTLMZUWR: folds 
sergeyl01: folds 
Dorex2007: folds 
PLSgali: calls $0.02
dvsnderhoek: folds 
sampa53: calls $0.02
Olejka228822: raises $0.10 to $0.12
POLLO ISRA75: folds 
Capper_A: folds 
PLSgali: folds 
sampa53: folds 
Uncalled bet ($0.10) returned to Olejka228822
Olejka228822 collected $0.09 from pot
Olejka228822: doesn't show hand 
*** SUMMARY ***
Total pot $0.09 | Rake $0 
Seat 1: sampa53 folded before Flop
Seat 2: Olejka228822 (button) collected ($0.09)
Seat 3: POLLO ISRA75 (small blind) folded before Flop
Seat 4: Capper_A (big blind) folded before Flop
Seat 5: XTLMZUWR folded before Flop (didn't bet)
Seat 6: sergeyl01 folded before Flop (didn't bet)
Seat 7: Dorex2007 folded before Flop (didn't bet)
Seat 8: PLSgali folded before Flop
Seat 9: dvsnderhoek folded before Flop (didn't bet)



PokerStars Hand #224890293409:  Hold'em No Limit ($0.01/$0.02 USD) - 2021/03/16 20:48:08 PT [2021/03/16 23:48:08 ET]
Table 'Askella III' 9-max Seat #3 is the button
Seat 1: sampa53 ($1.02 in chips) 
Seat 2: Olejka228822 ($2.47 in chips) 
Seat 3: POLLO ISRA75 ($3.38 in chips) 
Seat 4: Capper_A ($2.08 in chips) 
Seat 5: XTLMZUWR ($3.06 in chips) 
Seat 6: sergeyl01 ($0.43 in chips) 
Seat 7: Dorex2007 ($1.56 in chips) 
Seat 8: PLSgali ($2.99 in chips) 
Seat 9: dvsnderhoek ($1.96 in chips) 
Capper_A: posts small blind $0.01
XTLMZUWR: posts big blind $0.02
*** HOLE CARDS ***
Dealt to Dorex2007 [7s 4d]
sergeyl01: folds 
Dorex2007: folds 
PLSgali: calls $0.02
dvsnderhoek: folds 
sampa53: calls $0.02
Olejka228822: folds 
POLLO ISRA75: folds 
Capper_A: folds 
XTLMZUWR: checks 
*** FLOP *** [Jh 8s 6s]
XTLMZUWR: checks 
PLSgali: checks 
sampa53: bets $0.06
XTLMZUWR: calls $0.06
PLSgali: calls $0.06
*** TURN *** [Jh 8s 6s] [2c]
XTLMZUWR: checks 
PLSgali: checks 
sampa53: bets $0.22
XTLMZUWR: folds 
PLSgali: folds 
Uncalled bet ($0.22) returned to sampa53
sampa53 collected $0.24 from pot
sampa53: doesn't show hand 
*** SUMMARY ***
Total pot $0.25 | Rake $0.01 
Board [Jh 8s 6s 2c]
Seat 1: sampa53 collected ($0.24)
Seat 2: Olejka228822 folded before Flop (didn't bet)
Seat 3: POLLO ISRA75 (button) folded before Flop (didn't bet)
Seat 4: Capper_A (small blind) folded before Flop
Seat 5: XTLMZUWR (big blind) folded on the Turn
Seat 6: sergeyl01 folded before Flop (didn't bet)
Seat 7: Dorex2007 folded before Flop (didn't bet)
Seat 8: PLSgali folded on the Turn
Seat 9: dvsnderhoek folded before Flop (didn't bet)



PokerStars Hand #224890303315:  Hold'em No Limit ($0.01/$0.02 USD) - 2021/03/16 20:48:52 PT [2021/03/16 23:48:52 ET]
Table 'Askella III' 9-max Seat #4 is the button
Seat 1: sampa53 ($1.18 in chips) 
Seat 2: Olejka228822 ($2.47 in chips) 
Seat 3: POLLO ISRA75 ($3.38 in chips) 
Seat 4: Capper_A ($2.07 in chips) 
Seat 5: XTLMZUWR ($2.98 in chips) 
Seat 6: sergeyl01 ($0.43 in chips) 
Seat 7: Dorex2007 ($1.56 in chips) 
Seat 8: PLSgali ($2.91 in chips) 
Seat 9: dvsnderhoek ($1.96 in chips) 
XTLMZUWR: posts small blind $0.01
sergeyl01: posts big blind $0.02
*** HOLE CARDS ***
Dealt to Dorex2007 [4h Jh]
Dorex2007: folds 
PLSgali: folds 
dvsnderhoek: folds 
sampa53: calls $0.02
Olejka228822: folds 
POLLO ISRA75: calls $0.02
Capper_A: folds 
XTLMZUWR: folds 
sergeyl01: checks 
*** FLOP *** [7h 2h 2c]
sergeyl01: checks 
sampa53: bets $0.06
POLLO ISRA75: folds 
sergeyl01: folds 
Uncalled bet ($0.06) returned to sampa53
sampa53 collected $0.07 from pot
sampa53: doesn't show hand 
*** SUMMARY ***
Total pot $0.07 | Rake $0 
Board [7h 2h 2c]
Seat 1: sampa53 collected ($0.07)
Seat 2: Olejka228822 folded before Flop (didn't bet)
Seat 3: POLLO ISRA75 folded on the Flop
Seat 4: Capper_A (button) folded before Flop (didn't bet)
Seat 5: XTLMZUWR (small blind) folded before Flop
Seat 6: sergeyl01 (big blind) folded on the Flop
Seat 7: Dorex2007 folded before Flop (didn't bet)
Seat 8: PLSgali folded before Flop (didn't bet)
Seat 9: dvsnderhoek folded before Flop (didn't bet)



PokerStars Hand #224890311644:  Hold'em No Limit ($0.01/$0.02 USD) - 2021/03/16 20:49:30 PT [2021/03/16 23:49:30 ET]
Table 'Askella III' 9-max Seat #5 is the button
Seat 1: sampa53 ($1.23 in chips) 
Seat 2: Olejka228822 ($2.47 in chips) 
Seat 3: POLLO ISRA75 ($3.36 in chips) 
Seat 4: Capper_A ($2.07 in chips) 
Seat 5: XTLMZUWR ($2.97 in chips) 
Seat 6: sergeyl01 ($0.41 in chips) 
Seat 7: Dorex2007 ($1.56 in chips) 
Seat 8: PLSgali ($2.91 in chips) 
Seat 9: dvsnderhoek ($1.96 in chips) 
sergeyl01: posts small blind $0.01
Dorex2007: posts big blind $0.02
*** HOLE CARDS ***
Dealt to Dorex2007 [Qs 3s]
PLSgali: folds 
dvsnderhoek: calls $0.02
sampa53: calls $0.02
Olejka228822: folds 
POLLO ISRA75: folds 
Capper_A: folds 
XTLMZUWR: folds 
sergeyl01: folds 
Dorex2007: checks 
*** FLOP *** [Qh Qd Js]
Dorex2007: checks 
dvsnderhoek: checks 
sampa53: checks 
*** TURN *** [Qh Qd Js] [Ks]
Dorex2007: checks 
dvsnderhoek: checks 
sampa53: checks 
*** RIVER *** [Qh Qd Js Ks] [4d]
Dorex2007: bets $0.07
dvsnderhoek: folds 
sampa53: folds 
Uncalled bet ($0.07) returned to Dorex2007
Dorex2007 collected $0.07 from pot
Dorex2007: doesn't show hand 
*** SUMMARY ***
Total pot $0.07 | Rake $0 
Board [Qh Qd Js Ks 4d]
Seat 1: sampa53 folded on the River
Seat 2: Olejka228822 folded before Flop (didn't bet)
Seat 3: POLLO ISRA75 folded before Flop (didn't bet)
Seat 4: Capper_A folded before Flop (didn't bet)
Seat 5: XTLMZUWR (button) folded before Flop (didn't bet)
Seat 6: sergeyl01 (small blind) folded before Flop
Seat 7: Dorex2007 (big blind) collected ($0.07)
Seat 8: PLSgali folded before Flop (didn't bet)
Seat 9: dvsnderhoek folded on the River



PokerStars Hand #224890319974:  Hold'em No Limit ($0.01/$0.02 USD) - 2021/03/16 20:50:08 PT [2021/03/16 23:50:08 ET]
Table 'Askella III' 9-max Seat #6 is the button
Seat 1: sampa53 ($1.21 in chips) 
Seat 2: Olejka228822 ($2.47 in chips) 
Seat 3: POLLO ISRA75 ($3.36 in chips) 
Seat 4: Capper_A ($2.07 in chips) 
Seat 5: XTLMZUWR ($2.97 in chips) 
Seat 6: sergeyl01 ($0.40 in chips) 
Seat 7: Dorex2007 ($1.61 in chips) 
Seat 8: PLSgali ($2.91 in chips) 
Seat 9: dvsnderhoek ($1.94 in chips) 
Dorex2007: posts small blind $0.01
PLSgali: posts big blind $0.02
*** HOLE CARDS ***
Dealt to Dorex2007 [6s 6c]
dvsnderhoek: folds 
sampa53: raises $0.02 to $0.04
Olejka228822: folds 
POLLO ISRA75: folds 
Capper_A: folds 
XTLMZUWR: folds 
sergeyl01: folds 
Dorex2007: folds 
PLSgali: folds 
Uncalled bet ($0.02) returned to sampa53
sampa53 collected $0.05 from pot
sampa53: doesn't show hand 
*** SUMMARY ***
Total pot $0.05 | Rake $0 
Seat 1: sampa53 collected ($0.05)
Seat 2: Olejka228822 folded before Flop (didn't bet)
Seat 3: POLLO ISRA75 folded before Flop (didn't bet)
Seat 4: Capper_A folded before Flop (didn't bet)
Seat 5: XTLMZUWR folded before Flop (didn't bet)
Seat 6: sergeyl01 (button) folded before Flop (didn't bet)
Seat 7: Dorex2007 (small blind) folded before Flop
Seat 8: PLSgali (big blind) folded before Flop
Seat 9: dvsnderhoek folded before Flop (didn't bet)



PokerStars Hand #224890323039:  Hold'em No Limit ($0.01/$0.02 USD) - 2021/03/16 20:50:22 PT [2021/03/16 23:50:22 ET]
Table 'Askella III' 9-max Seat #7 is the button
Seat 1: sampa53 ($1.24 in chips) 
Seat 2: Olejka228822 ($2.47 in chips) 
Seat 3: POLLO ISRA75 ($3.36 in chips) 
Seat 4: Capper_A ($2.07 in chips) 
Seat 5: XTLMZUWR ($2.97 in chips) 
Seat 6: sergeyl01 ($0.40 in chips) 
Seat 7: Dorex2007 ($1.60 in chips) 
Seat 8: PLSgali ($2.89 in chips) 
Seat 9: dvsnderhoek ($1.94 in chips) 
PLSgali: posts small blind $0.01
dvsnderhoek: posts big blind $0.02
*** HOLE CARDS ***
Dealt to Dorex2007 [Kd Qc]
sampa53: folds 
Olejka228822: raises $0.06 to $0.08
POLLO ISRA75: calls $0.08
Capper_A: folds 
XTLMZUWR: calls $0.08
sergeyl01: folds 
Dorex2007: folds 
PLSgali: folds 
dvsnderhoek: folds 
*** FLOP *** [Qh Ac 4s]
Olejka228822: checks 
POLLO ISRA75: checks 
XTLMZUWR: bets $0.13
Olejka228822: folds 
POLLO ISRA75: calls $0.13
*** TURN *** [Qh Ac 4s] [7s]
POLLO ISRA75: checks 
XTLMZUWR: bets $0.34
POLLO ISRA75: folds 
Uncalled bet ($0.34) returned to XTLMZUWR
XTLMZUWR collected $0.51 from pot
XTLMZUWR: doesn't show hand 
*** SUMMARY ***
Total pot $0.53 | Rake $0.02 
Board [Qh Ac 4s 7s]
Seat 1: sampa53 folded before Flop (didn't bet)
Seat 2: Olejka228822 folded on the Flop
Seat 3: POLLO ISRA75 folded on the Turn
Seat 4: Capper_A folded before Flop (didn't bet)
Seat 5: XTLMZUWR collected ($0.51)
Seat 6: sergeyl01 folded before Flop (didn't bet)
Seat 7: Dorex2007 (button) folded before Flop (didn't bet)
Seat 8: PLSgali (small blind) folded before Flop
Seat 9: dvsnderhoek (big blind) folded before Flop



PokerStars Hand #224890336397:  Hold'em No Limit ($0.01/$0.02 USD) - 2021/03/16 20:51:24 PT [2021/03/16 23:51:24 ET]
Table 'Askella III' 9-max Seat #8 is the button
Seat 1: sampa53 ($1.24 in chips) 
Seat 2: Olejka228822 ($2.39 in chips) 
Seat 3: POLLO ISRA75 ($3.15 in chips) 
Seat 4: Capper_A ($2.07 in chips) 
Seat 5: XTLMZUWR ($3.27 in chips) 
Seat 6: sergeyl01 ($0.40 in chips) 
Seat 7: Dorex2007 ($1.60 in chips) 
Seat 8: PLSgali ($2.88 in chips) 
Seat 9: dvsnderhoek ($1.92 in chips) 
dvsnderhoek: posts small blind $0.01
sampa53: posts big blind $0.02
*** HOLE CARDS ***
Dealt to Dorex2007 [Td 8d]
Olejka228822: raises $0.06 to $0.08
POLLO ISRA75: folds 
Capper_A: folds 
XTLMZUWR: folds 
sergeyl01: folds 
Dorex2007: folds 
PLSgali: folds 
dvsnderhoek: folds 
sampa53: folds 
Uncalled bet ($0.06) returned to Olejka228822
Olejka228822 collected $0.05 from pot
Olejka228822: doesn't show hand 
*** SUMMARY ***
Total pot $0.05 | Rake $0 
Seat 1: sampa53 (big blind) folded before Flop
Seat 2: Olejka228822 collected ($0.05)
Seat 3: POLLO ISRA75 folded before Flop (didn't bet)
Seat 4: Capper_A folded before Flop (didn't bet)
Seat 5: XTLMZUWR folded before Flop (didn't bet)
Seat 6: sergeyl01 folded before Flop (didn't bet)
Seat 7: Dorex2007 folded before Flop (didn't bet)
Seat 8: PLSgali (button) folded before Flop (didn't bet)
Seat 9: dvsnderhoek (small blind) folded before Flop



PokerStars Hand #224890341301:  Hold'em No Limit ($0.01/$0.02 USD) - 2021/03/16 20:51:46 PT [2021/03/16 23:51:46 ET]
Table 'Askella III' 9-max Seat #9 is the button
Seat 1: sampa53 ($1.22 in chips) 
Seat 2: Olejka228822 ($2.42 in chips) 
Seat 3: POLLO ISRA75 ($3.15 in chips) 
Seat 4: Capper_A ($2.07 in chips) 
Seat 5: XTLMZUWR ($3.27 in chips) 
Seat 6: sergeyl01 ($0.40 in chips) 
Seat 7: Dorex2007 ($1.60 in chips) 
Seat 8: PLSgali ($2.88 in chips) 
Seat 9: dvsnderhoek ($1.91 in chips) 
sampa53: posts small blind $0.01
Olejka228822: posts big blind $0.02
*** HOLE CARDS ***
Dealt to Dorex2007 [8h Th]
POLLO ISRA75: calls $0.02
Capper_A: raises $0.06 to $0.08
XTLMZUWR: calls $0.08
sergeyl01: folds 
Dorex2007: folds 
PLSgali: folds 
dvsnderhoek: folds 
sampa53: folds 
Olejka228822: folds 
POLLO ISRA75: calls $0.06
*** FLOP *** [8c 5h Jc]
POLLO ISRA75: checks 
Capper_A: bets $0.09
XTLMZUWR: folds 
POLLO ISRA75: calls $0.09
*** TURN *** [8c 5h Jc] [6s]
POLLO ISRA75: checks 
Capper_A: bets $0.14
POLLO ISRA75: folds 
Uncalled bet ($0.14) returned to Capper_A
Capper_A collected $0.43 from pot
Capper_A: doesn't show hand 
*** SUMMARY ***
Total pot $0.45 | Rake $0.02 
Board [8c 5h Jc 6s]
Seat 1: sampa53 (small blind) folded before Flop
Seat 2: Olejka228822 (big blind) folded before Flop
Seat 3: POLLO ISRA75 folded on the Turn
Seat 4: Capper_A collected ($0.43)
Seat 5: XTLMZUWR folded on the Flop
Seat 6: sergeyl01 folded before Flop (didn't bet)
Seat 7: Dorex2007 folded before Flop (didn't bet)
Seat 8: PLSgali folded before Flop (didn't bet)
Seat 9: dvsnderhoek (button) folded before Flop (didn't bet)



PokerStars Hand #224890357733:  Hold'em No Limit ($0.01/$0.02 USD) - 2021/03/16 20:53:02 PT [2021/03/16 23:53:02 ET]
Table 'Askella III' 9-max Seat #1 is the button
Seat 1: sampa53 ($1.21 in chips) 
Seat 2: Olejka228822 ($2.40 in chips) 
Seat 3: POLLO ISRA75 ($2.98 in chips) 
Seat 4: Capper_A ($2.33 in chips) 
Seat 5: XTLMZUWR ($3.19 in chips) 
Seat 6: sergeyl01 ($0.40 in chips) 
Seat 7: Dorex2007 ($1.60 in chips) 
Seat 8: PLSgali ($2.88 in chips) 
Seat 9: dvsnderhoek ($1.91 in chips) 
Olejka228822: posts small blind $0.01
POLLO ISRA75: posts big blind $0.02
*** HOLE CARDS ***
Dealt to Dorex2007 [9c 9s]
Capper_A: folds 
XTLMZUWR: folds 
sergeyl01: folds 
Dorex2007: calls $0.02
PLSgali: calls $0.02
dvsnderhoek: folds 
sampa53: folds 
Olejka228822: folds 
POLLO ISRA75: checks 
*** FLOP *** [Jd Th Tc]
POLLO ISRA75: checks 
Dorex2007: checks 
PLSgali: bets $0.04
POLLO ISRA75: calls $0.04
Dorex2007: folds 
*** TURN *** [Jd Th Tc] [8s]
POLLO ISRA75: checks 
PLSgali: bets $0.14
POLLO ISRA75: folds 
Uncalled bet ($0.14) returned to PLSgali
PLSgali collected $0.14 from pot
PLSgali: doesn't show hand 
*** SUMMARY ***
Total pot $0.15 | Rake $0.01 
Board [Jd Th Tc 8s]
Seat 1: sampa53 (button) folded before Flop (didn't bet)
Seat 2: Olejka228822 (small blind) folded before Flop
Seat 3: POLLO ISRA75 (big blind) folded on the Turn
Seat 4: Capper_A folded before Flop (didn't bet)
Seat 5: XTLMZUWR folded before Flop (didn't bet)
Seat 6: sergeyl01 folded before Flop (didn't bet)
Seat 7: Dorex2007 folded on the Flop
Seat 8: PLSgali collected ($0.14)
Seat 9: dvsnderhoek folded before Flop (didn't bet)



PokerStars Hand #224890373880:  Hold'em No Limit ($0.01/$0.02 USD) - 2021/03/16 20:54:17 PT [2021/03/16 23:54:17 ET]
Table 'Askella III' 9-max Seat #2 is the button
Seat 1: sampa53 ($1.21 in chips) 
Seat 2: Olejka228822 ($2.39 in chips) 
Seat 3: POLLO ISRA75 ($2.92 in chips) 
Seat 4: Capper_A ($2.33 in chips) 
Seat 5: XTLMZUWR ($3.19 in chips) 
Seat 6: sergeyl01 ($0.40 in chips) 
Seat 7: Dorex2007 ($1.58 in chips) 
Seat 8: PLSgali ($2.96 in chips) 
Seat 9: dvsnderhoek ($1.91 in chips) 
POLLO ISRA75: posts small blind $0.01
Capper_A: posts big blind $0.02
*** HOLE CARDS ***
Dealt to Dorex2007 [Ad 3d]
XTLMZUWR: folds 
sergeyl01: folds 
Dorex2007: raises $0.04 to $0.06
PLSgali: folds 
dvsnderhoek: folds 
sampa53: folds 
Olejka228822 is disconnected 
Olejka228822 has timed out while disconnected
Olejka228822: folds 
POLLO ISRA75: folds 
Capper_A: raises $0.12 to $0.18
Dorex2007: folds 
Uncalled bet ($0.12) returned to Capper_A
POLLO ISRA75 leaves the table
Capper_A collected $0.13 from pot
Capper_A: doesn't show hand 
*** SUMMARY ***
Total pot $0.13 | Rake $0 
Seat 1: sampa53 folded before Flop (didn't bet)
Seat 2: Olejka228822 (button) folded before Flop (didn't bet)
Seat 3: POLLO ISRA75 (small blind) folded before Flop
Seat 4: Capper_A (big blind) collected ($0.13)
Seat 5: XTLMZUWR folded before Flop (didn't bet)
Seat 6: sergeyl01 folded before Flop (didn't bet)
Seat 7: Dorex2007 folded before Flop
Seat 8: PLSgali folded before Flop (didn't bet)
Seat 9: dvsnderhoek folded before Flop (didn't bet)



PokerStars Hand #224890386184:  Hold'em No Limit ($0.01/$0.02 USD) - 2021/03/16 20:55:14 PT [2021/03/16 23:55:14 ET]
Table 'Askella III' 9-max Seat #4 is the button
Seat 1: sampa53 ($1.21 in chips) 
Seat 4: Capper_A ($2.40 in chips) 
Seat 5: XTLMZUWR ($3.19 in chips) 
Seat 6: sergeyl01 ($0.40 in chips) 
Seat 7: Dorex2007 ($1.52 in chips) 
Seat 8: PLSgali ($2.96 in chips) 
Seat 9: dvsnderhoek ($1.91 in chips) 
XTLMZUWR: posts small blind $0.01
sergeyl01: posts big blind $0.02
*** HOLE CARDS ***
Dealt to Dorex2007 [6c 7s]
Dorex2007: folds 
PLSgali: folds 
dvsnderhoek: folds 
sampa53: folds 
Capper_A: raises $0.04 to $0.06
XTLMZUWR: folds 
sergeyl01: raises $0.34 to $0.40 and is all-in
Capper_A: calls $0.34
*** FLOP *** [4s Th 7d]
*** TURN *** [4s Th 7d] [2d]
*** RIVER *** [4s Th 7d 2d] [Qs]
*** SHOW DOWN ***
sergeyl01: shows [Ac Ad] (a pair of Aces)
Capper_A: shows [Jh Jc] (a pair of Jacks)
Capper_A cashed out the hand for $0.14
sergeyl01 cashed out the hand for $0.63 | Cash Out Fee $0.01
*** SUMMARY ***
Total pot $0.81 | Rake $0.03 
Board [4s Th 7d 2d Qs]
Seat 1: sampa53 folded before Flop (didn't bet)
Seat 4: Capper_A (button) showed [Jh Jc] and lost with a pair of Jacks (cashed out).
Seat 5: XTLMZUWR (small blind) folded before Flop
Seat 6: sergeyl01 (big blind) showed [Ac Ad] and won ($0.78) with a pair of Aces (pot not awarded as player cashed out)
Seat 7: Dorex2007 folded before Flop (didn't bet)
Seat 8: PLSgali folded before Flop (didn't bet)
Seat 9: dvsnderhoek folded before Flop (didn't bet)



PokerStars Hand #224890393739:  Hold'em No Limit ($0.01/$0.02 USD) - 2021/03/16 20:55:58 PT [2021/03/16 23:55:58 ET]
Table 'Askella III' 9-max Seat #5 is the button
Seat 1: sampa53 ($1.21 in chips) 
Seat 4: Capper_A ($2.14 in chips) 
Seat 5: XTLMZUWR ($3.18 in chips) 
Seat 6: sergeyl01 ($0.63 in chips) 
Seat 7: Dorex2007 ($1.52 in chips) 
Seat 8: PLSgali ($2.96 in chips) 
Seat 9: dvsnderhoek ($1.91 in chips) 
sergeyl01: posts small blind $0.01
Dorex2007: posts big blind $0.02
*** HOLE CARDS ***
Dealt to Dorex2007 [Ad 7c]
PLSgali: folds 
dvsnderhoek: folds 
sampa53: folds 
Capper_A: folds 
XTLMZUWR: folds 
sergeyl01: calls $0.01
Dorex2007: checks 
*** FLOP *** [6c Kh Tc]
binotto88 joins the table at seat #3 
sergeyl01: bets $0.02
Dorex2007: folds 
Uncalled bet ($0.02) returned to sergeyl01
sergeyl01 collected $0.04 from pot
*** SUMMARY ***
Total pot $0.04 | Rake $0 
Board [6c Kh Tc]
Seat 1: sampa53 folded before Flop (didn't bet)
Seat 4: Capper_A folded before Flop (didn't bet)
Seat 5: XTLMZUWR (button) folded before Flop (didn't bet)
Seat 6: sergeyl01 (small blind) collected ($0.04)
Seat 7: Dorex2007 (big blind) folded on the Flop
Seat 8: PLSgali folded before Flop (didn't bet)
Seat 9: dvsnderhoek folded before Flop (didn't bet)



PokerStars Hand #224890399380:  Hold'em No Limit ($0.01/$0.02 USD) - 2021/03/16 20:56:31 PT [2021/03/16 23:56:31 ET]
Table 'Askella III' 9-max Seat #6 is the button
Seat 1: sampa53 ($1.21 in chips) 
Seat 2: Olejka228822 ($2.39 in chips) 
Seat 4: Capper_A ($2.14 in chips) 
Seat 5: XTLMZUWR ($3.18 in chips) 
Seat 6: sergeyl01 ($0.65 in chips) 
Seat 7: Dorex2007 ($1.50 in chips) 
Seat 8: PLSgali ($2.96 in chips) 
Seat 9: dvsnderhoek ($1.91 in chips) 
Dorex2007: posts small blind $0.01
PLSgali: posts big blind $0.02
binotto88: sits out 
*** HOLE CARDS ***
Dealt to Dorex2007 [8d Jh]
dvsnderhoek: folds 
sampa53: raises $0.02 to $0.04
Olejka228822: raises $0.12 to $0.16
Capper_A: folds 
XTLMZUWR: folds 
binotto88 leaves the table
sergeyl01: folds 
Dorex2007: folds 
PLSgali: folds 
sampa53: folds 
Uncalled bet ($0.12) returned to Olejka228822
Olejka228822 collected $0.11 from pot
Olejka228822: doesn't show hand 
*** SUMMARY ***
Total pot $0.11 | Rake $0 
Seat 1: sampa53 folded before Flop
Seat 2: Olejka228822 collected ($0.11)
Seat 4: Capper_A folded before Flop (didn't bet)
Seat 5: XTLMZUWR folded before Flop (didn't bet)
Seat 6: sergeyl01 (button) folded before Flop (didn't bet)
Seat 7: Dorex2007 (small blind) folded before Flop
Seat 8: PLSgali (big blind) folded before Flop
Seat 9: dvsnderhoek folded before Flop (didn't bet)



PokerStars Hand #224890404289:  Hold'em No Limit ($0.01/$0.02 USD) - 2021/03/16 20:56:59 PT [2021/03/16 23:56:59 ET]
Table 'Askella III' 9-max Seat #7 is the button
Seat 1: sampa53 ($1.17 in chips) 
Seat 2: Olejka228822 ($2.46 in chips) 
Seat 4: Capper_A ($2.14 in chips) 
Seat 5: XTLMZUWR ($3.18 in chips) 
Seat 6: sergeyl01 ($0.65 in chips) 
Seat 7: Dorex2007 ($1.49 in chips) 
Seat 8: PLSgali ($2.94 in chips) 
Seat 9: dvsnderhoek ($1.91 in chips) 
PLSgali: posts small blind $0.01
dvsnderhoek: posts big blind $0.02
*** HOLE CARDS ***
Dealt to Dorex2007 [Kh 3h]
dhabiles52 joins the table at seat #3 
sampa53: folds 
Olejka228822: raises $0.06 to $0.08
Capper_A: folds 
XTLMZUWR: folds 
sergeyl01: folds 
Dorex2007: folds 
PLSgali: folds 
dvsnderhoek: folds 
Uncalled bet ($0.06) returned to Olejka228822
Olejka228822 collected $0.05 from pot
Olejka228822: doesn't show hand 
*** SUMMARY ***
Total pot $0.05 | Rake $0 
Seat 1: sampa53 folded before Flop (didn't bet)
Seat 2: Olejka228822 collected ($0.05)
Seat 4: Capper_A folded before Flop (didn't bet)
Seat 5: XTLMZUWR folded before Flop (didn't bet)
Seat 6: sergeyl01 folded before Flop (didn't bet)
Seat 7: Dorex2007 (button) folded before Flop (didn't bet)
Seat 8: PLSgali (small blind) folded before Flop
Seat 9: dvsnderhoek (big blind) folded before Flop



PokerStars Hand #224890407592:  Hold'em No Limit ($0.01/$0.02 USD) - 2021/03/16 20:57:18 PT [2021/03/16 23:57:18 ET]
Table 'Askella III' 9-max Seat #8 is the button
Seat 1: sampa53 ($1.17 in chips) 
Seat 2: Olejka228822 ($2.49 in chips) 
Seat 4: Capper_A ($2.14 in chips) 
Seat 5: XTLMZUWR ($3.18 in chips) 
Seat 6: sergeyl01 ($0.65 in chips) 
Seat 7: Dorex2007 ($1.49 in chips) 
Seat 8: PLSgali ($2.93 in chips) 
Seat 9: dvsnderhoek ($1.89 in chips) 
dvsnderhoek: posts small blind $0.01
sampa53: posts big blind $0.02
dhabiles52: sits out 
*** HOLE CARDS ***
Dealt to Dorex2007 [Ts Qh]
Olejka228822: folds 
Capper_A: folds 
XTLMZUWR: folds 
sergeyl01: folds 
Dorex2007: raises $0.04 to $0.06
PLSgali: folds 
dvsnderhoek: folds 
sampa53: folds 
Uncalled bet ($0.04) returned to Dorex2007
Dorex2007 collected $0.05 from pot
Dorex2007: doesn't show hand 
*** SUMMARY ***
Total pot $0.05 | Rake $0 
Seat 1: sampa53 (big blind) folded before Flop
Seat 2: Olejka228822 folded before Flop (didn't bet)
Seat 4: Capper_A folded before Flop (didn't bet)
Seat 5: XTLMZUWR folded before Flop (didn't bet)
Seat 6: sergeyl01 folded before Flop (didn't bet)
Seat 7: Dorex2007 collected ($0.05)
Seat 8: PLSgali (button) folded before Flop (didn't bet)
Seat 9: dvsnderhoek (small blind) folded before Flop



PokerStars Hand #224890412570:  Hold'em No Limit ($0.01/$0.02 USD) - 2021/03/16 20:57:47 PT [2021/03/16 23:57:47 ET]
Table 'Askella III' 9-max Seat #9 is the button
Seat 1: sampa53 ($1.15 in chips) 
Seat 2: Olejka228822 ($2.49 in chips) 
Seat 4: Capper_A ($2.14 in chips) 
Seat 5: XTLMZUWR ($3.18 in chips) 
Seat 6: sergeyl01 ($0.65 in chips) 
Seat 7: Dorex2007 ($1.52 in chips) 
Seat 8: PLSgali ($2.93 in chips) 
Seat 9: dvsnderhoek ($1.88 in chips) 
sampa53: posts small blind $0.01
Olejka228822: posts big blind $0.02
dhabiles52: sits out 
*** HOLE CARDS ***
Dealt to Dorex2007 [8d Js]
Capper_A: folds 
XTLMZUWR: folds 
sergeyl01: folds 
Dorex2007: folds 
PLSgali: calls $0.02
dvsnderhoek: folds 
sampa53: raises $0.02 to $0.04
Olejka228822: folds 
PLSgali: calls $0.02
*** FLOP *** [7h 7c Kd]
sampa53: bets $0.06
PLSgali: folds 
Uncalled bet ($0.06) returned to sampa53
sampa53 collected $0.10 from pot
sampa53: doesn't show hand 
*** SUMMARY ***
Total pot $0.10 | Rake $0 
Board [7h 7c Kd]
Seat 1: sampa53 (small blind) collected ($0.10)
Seat 2: Olejka228822 (big blind) folded before Flop
Seat 4: Capper_A folded before Flop (didn't bet)
Seat 5: XTLMZUWR folded before Flop (didn't bet)
Seat 6: sergeyl01 folded before Flop (didn't bet)
Seat 7: Dorex2007 folded before Flop (didn't bet)
Seat 8: PLSgali folded on the Flop
Seat 9: dvsnderhoek (button) folded before Flop (didn't bet)



PokerStars Hand #224890416953:  Hold'em No Limit ($0.01/$0.02 USD) - 2021/03/16 20:58:13 PT [2021/03/16 23:58:13 ET]
Table 'Askella III' 9-max Seat #1 is the button
Seat 1: sampa53 ($1.21 in chips) 
Seat 2: Olejka228822 ($2.47 in chips) 
Seat 3: dhabiles52 ($2 in chips) 
Seat 4: Capper_A ($2.14 in chips) 
Seat 5: XTLMZUWR ($3.18 in chips) 
Seat 6: sergeyl01 ($0.65 in chips) 
Seat 7: Dorex2007 ($1.52 in chips) 
Seat 8: PLSgali ($2.89 in chips) 
Seat 9: dvsnderhoek ($1.88 in chips) 
Olejka228822: posts small blind $0.01
dhabiles52: posts big blind $0.02
*** HOLE CARDS ***
Dealt to Dorex2007 [Jc As]
Capper_A: folds 
XTLMZUWR: folds 
sergeyl01: folds 
Dorex2007: raises $0.04 to $0.06
PLSgali: calls $0.06
dvsnderhoek: calls $0.06
sampa53: folds 
Olejka228822: folds 
dhabiles52: folds 
*** FLOP *** [4c 7d 8c]
Dorex2007: checks 
PLSgali: checks 
dvsnderhoek: checks 
*** TURN *** [4c 7d 8c] [2s]
Dorex2007: bets $0.13
PLSgali: folds 
dvsnderhoek: calls $0.13
*** RIVER *** [4c 7d 8c 2s] [Th]
Dorex2007: checks 
dvsnderhoek: checks 
*** SHOW DOWN ***
Dorex2007: shows [Jc As] (high card Ace)
dvsnderhoek: shows [Ts 8s] (two pair, Tens and Eights)
dvsnderhoek collected $0.45 from pot
*** SUMMARY ***
Total pot $0.47 | Rake $0.02 
Board [4c 7d 8c 2s Th]
Seat 1: sampa53 (button) folded before Flop (didn't bet)
Seat 2: Olejka228822 (small blind) folded before Flop
Seat 3: dhabiles52 (big blind) folded before Flop
Seat 4: Capper_A folded before Flop (didn't bet)
Seat 5: XTLMZUWR folded before Flop (didn't bet)
Seat 6: sergeyl01 folded before Flop (didn't bet)
Seat 7: Dorex2007 showed [Jc As] and lost with high card Ace
Seat 8: PLSgali folded on the Turn
Seat 9: dvsnderhoek showed [Ts 8s] and won ($0.45) with two pair, Tens and Eights



PokerStars Hand #224890427724:  Hold'em No Limit ($0.01/$0.02 USD) - 2021/03/16 20:59:16 PT [2021/03/16 23:59:16 ET]
Table 'Askella III' 9-max Seat #2 is the button
Seat 1: sampa53 ($1.21 in chips) 
Seat 2: Olejka228822 ($2.46 in chips) 
Seat 3: dhabiles52 ($1.98 in chips) 
Seat 4: Capper_A ($2.14 in chips) 
Seat 5: XTLMZUWR ($3.18 in chips) 
Seat 6: sergeyl01 ($0.65 in chips) 
Seat 7: Dorex2007 ($1.33 in chips) 
Seat 8: PLSgali ($2.83 in chips) 
Seat 9: dvsnderhoek ($2.14 in chips) 
dhabiles52: posts small blind $0.01
Capper_A: posts big blind $0.02
*** HOLE CARDS ***
Dealt to Dorex2007 [8c 3c]
XTLMZUWR: folds 
sergeyl01: folds 
Dorex2007: folds 
PLSgali: calls $0.02
dvsnderhoek: folds 
sampa53: folds 
Olejka228822 has timed out
Olejka228822: folds 
Olejka228822 is disconnected 
dhabiles52: calls $0.01
Capper_A: checks 
*** FLOP *** [Th Kh 9h]
dhabiles52: checks 
Capper_A: checks 
PLSgali: checks 
*** TURN *** [Th Kh 9h] [As]
dhabiles52: checks 
Capper_A: checks 
PLSgali: checks 
*** RIVER *** [Th Kh 9h As] [Qc]
dhabiles52: checks 
Capper_A: checks 
PLSgali: bets $0.06
dhabiles52: folds 
Capper_A: folds 
Uncalled bet ($0.06) returned to PLSgali
PLSgali collected $0.06 from pot
PLSgali: doesn't show hand 
*** SUMMARY ***
Total pot $0.06 | Rake $0 
Board [Th Kh 9h As Qc]
Seat 1: sampa53 folded before Flop (didn't bet)
Seat 2: Olejka228822 (button) folded before Flop (didn't bet)
Seat 3: dhabiles52 (small blind) folded on the River
Seat 4: Capper_A (big blind) folded on the River
Seat 5: XTLMZUWR folded before Flop (didn't bet)
Seat 6: sergeyl01 folded before Flop (didn't bet)
Seat 7: Dorex2007 folded before Flop (didn't bet)
Seat 8: PLSgali collected ($0.06)
Seat 9: dvsnderhoek folded before Flop (didn't bet)



