PokerStars Hand #232474080384:  Hold'em No Limit ($0.01/$0.02 USD) - 2021/12/23 21:00:58 PT [2021/12/24 0:00:58 ET]
Table 'Walhalla III' 9-max Seat #5 is the button
Seat 1: Articss ($1.36 in chips) 
Seat 2: Marvl0918 ($2.47 in chips) 
Seat 3: gezzer666 ($1.79 in chips) 
Seat 4: Dorex2007 ($2.06 in chips) 
Seat 5: Canguru19 ($1.05 in chips) 
Seat 6: nvkzivan ($0.78 in chips) 
Seat 7: slipfinger72 ($3.51 in chips) 
Seat 8: BARBURIA ($2.14 in chips) 
Seat 9: thescat1 ($6.51 in chips) 
nvkzivan: posts small blind $0.01
slipfinger72: posts big blind $0.02
*** HOLE CARDS ***
Dealt to Dorex2007 [9d Kh]
BARBURIA: folds 
thescat1: folds 
Articss: calls $0.02
Marvl0918: folds 
gezzer666: folds 
Dorex2007: folds 
Canguru19: folds 
nvkzivan: calls $0.01
slipfinger72: checks 
*** FLOP *** [Ks Jd 3d]
nvkzivan: checks 
slipfinger72: checks 
Articss: checks 
*** TURN *** [Ks Jd 3d] [8h]
nvkzivan: checks 
slipfinger72: checks 
Articss: checks 
*** RIVER *** [Ks Jd 3d 8h] [Ah]
nvkzivan: checks 
slipfinger72: checks 
Articss: checks 
*** SHOW DOWN ***
nvkzivan: shows [3c 7c] (a pair of Threes)
slipfinger72: mucks hand 
Articss: mucks hand 
nvkzivan collected $0.06 from pot
*** SUMMARY ***
Total pot $0.06 | Rake $0 
Board [Ks Jd 3d 8h Ah]
Seat 1: Articss mucked [4h Td]
Seat 2: Marvl0918 folded before Flop (didn't bet)
Seat 3: gezzer666 folded before Flop (didn't bet)
Seat 4: Dorex2007 folded before Flop (didn't bet)
Seat 5: Canguru19 (button) folded before Flop (didn't bet)
Seat 6: nvkzivan (small blind) showed [3c 7c] and won ($0.06) with a pair of Threes
Seat 7: slipfinger72 (big blind) mucked [7s 6d]
Seat 8: BARBURIA folded before Flop (didn't bet)
Seat 9: thescat1 folded before Flop (didn't bet)



PokerStars Hand #232474087953:  Hold'em No Limit ($0.01/$0.02 USD) - 2021/12/23 21:01:41 PT [2021/12/24 0:01:41 ET]
Table 'Walhalla III' 9-max Seat #6 is the button
Seat 1: Articss ($1.34 in chips) 
Seat 2: Marvl0918 ($2.47 in chips) 
Seat 3: gezzer666 ($1.79 in chips) 
Seat 4: Dorex2007 ($2.06 in chips) 
Seat 5: Canguru19 ($1.05 in chips) 
Seat 6: nvkzivan ($0.82 in chips) 
Seat 7: slipfinger72 ($3.49 in chips) 
Seat 8: BARBURIA ($2.14 in chips) 
Seat 9: thescat1 ($6.51 in chips) 
slipfinger72: posts small blind $0.01
BARBURIA: posts big blind $0.02
*** HOLE CARDS ***
Dealt to Dorex2007 [2h 6c]
thescat1: folds 
Articss: calls $0.02
Marvl0918: folds 
gezzer666: folds 
Dorex2007: folds 
Canguru19: calls $0.02
nvkzivan: raises $0.09 to $0.11
slipfinger72: folds 
BARBURIA: folds 
Articss: folds 
Canguru19: folds 
Uncalled bet ($0.09) returned to nvkzivan
nvkzivan collected $0.09 from pot
nvkzivan: doesn't show hand 
*** SUMMARY ***
Total pot $0.09 | Rake $0 
Seat 1: Articss folded before Flop
Seat 2: Marvl0918 folded before Flop (didn't bet)
Seat 3: gezzer666 folded before Flop (didn't bet)
Seat 4: Dorex2007 folded before Flop (didn't bet)
Seat 5: Canguru19 folded before Flop
Seat 6: nvkzivan (button) collected ($0.09)
Seat 7: slipfinger72 (small blind) folded before Flop
Seat 8: BARBURIA (big blind) folded before Flop
Seat 9: thescat1 folded before Flop (didn't bet)



PokerStars Hand #232474091465:  Hold'em No Limit ($0.01/$0.02 USD) - 2021/12/23 21:02:01 PT [2021/12/24 0:02:01 ET]
Table 'Walhalla III' 9-max Seat #7 is the button
Seat 1: Articss ($1.32 in chips) 
Seat 2: Marvl0918 ($2.47 in chips) 
Seat 3: gezzer666 ($1.79 in chips) 
Seat 4: Dorex2007 ($2.06 in chips) 
Seat 5: Canguru19 ($1.03 in chips) 
Seat 6: nvkzivan ($0.89 in chips) 
Seat 7: slipfinger72 ($3.48 in chips) 
Seat 8: BARBURIA ($2.12 in chips) 
Seat 9: thescat1 ($6.51 in chips) 
BARBURIA: posts small blind $0.01
thescat1: posts big blind $0.02
*** HOLE CARDS ***
Dealt to Dorex2007 [Ah Ts]
Articss: raises $0.02 to $0.04
Marvl0918: folds 
gezzer666: folds 
Dorex2007: calls $0.04
Canguru19: folds 
nvkzivan: folds 
slipfinger72: calls $0.04
BARBURIA: calls $0.03
thescat1: calls $0.02
*** FLOP *** [Qc 4s 2s]
BARBURIA: checks 
thescat1: checks 
Articss: checks 
Dorex2007: bets $0.10
slipfinger72: raises $0.20 to $0.30
BARBURIA: folds 
thescat1: folds 
Articss: calls $0.30
Dorex2007: folds 
*** TURN *** [Qc 4s 2s] [Ks]
Articss: checks 
slipfinger72: checks 
*** RIVER *** [Qc 4s 2s Ks] [4h]
Articss: checks 
slipfinger72: bets $3.14 and is all-in
Articss: folds 
Uncalled bet ($3.14) returned to slipfinger72
slipfinger72 collected $0.87 from pot
slipfinger72: doesn't show hand 
*** SUMMARY ***
Total pot $0.90 | Rake $0.03 
Board [Qc 4s 2s Ks 4h]
Seat 1: Articss folded on the River
Seat 2: Marvl0918 folded before Flop (didn't bet)
Seat 3: gezzer666 folded before Flop (didn't bet)
Seat 4: Dorex2007 folded on the Flop
Seat 5: Canguru19 folded before Flop (didn't bet)
Seat 6: nvkzivan folded before Flop (didn't bet)
Seat 7: slipfinger72 (button) collected ($0.87)
Seat 8: BARBURIA (small blind) folded on the Flop
Seat 9: thescat1 (big blind) folded on the Flop



PokerStars Hand #232474105240:  Hold'em No Limit ($0.01/$0.02 USD) - 2021/12/23 21:03:19 PT [2021/12/24 0:03:19 ET]
Table 'Walhalla III' 9-max Seat #8 is the button
Seat 1: Articss ($0.98 in chips) 
Seat 2: Marvl0918 ($2.47 in chips) 
Seat 3: gezzer666 ($1.79 in chips) 
Seat 4: Dorex2007 ($2 in chips) 
Seat 5: Canguru19 ($1.03 in chips) 
Seat 6: nvkzivan ($0.89 in chips) 
Seat 7: slipfinger72 ($4.01 in chips) 
Seat 8: BARBURIA ($2.08 in chips) 
Seat 9: thescat1 ($6.47 in chips) 
thescat1: posts small blind $0.01
Articss: posts big blind $0.02
*** HOLE CARDS ***
Dealt to Dorex2007 [Qc 8d]
Marvl0918: folds 
gezzer666: folds 
Dorex2007: folds 
Canguru19: folds 
nvkzivan has timed out
nvkzivan: folds 
slipfinger72: folds 
BARBURIA: folds 
thescat1: folds 
Uncalled bet ($0.01) returned to Articss
Articss collected $0.02 from pot
Articss: doesn't show hand 
*** SUMMARY ***
Total pot $0.02 | Rake $0 
Seat 1: Articss (big blind) collected ($0.02)
Seat 2: Marvl0918 folded before Flop (didn't bet)
Seat 3: gezzer666 folded before Flop (didn't bet)
Seat 4: Dorex2007 folded before Flop (didn't bet)
Seat 5: Canguru19 folded before Flop (didn't bet)
Seat 6: nvkzivan folded before Flop (didn't bet)
Seat 7: slipfinger72 folded before Flop (didn't bet)
Seat 8: BARBURIA (button) folded before Flop (didn't bet)
Seat 9: thescat1 (small blind) folded before Flop



PokerStars Hand #232474109359:  Hold'em No Limit ($0.01/$0.02 USD) - 2021/12/23 21:03:42 PT [2021/12/24 0:03:42 ET]
Table 'Walhalla III' 9-max Seat #1 is the button
Seat 1: Articss ($0.99 in chips) 
Seat 2: Marvl0918 ($2.47 in chips) 
Seat 3: gezzer666 ($1.79 in chips) 
Seat 4: Dorex2007 ($2 in chips) 
Seat 5: Canguru19 ($1.03 in chips) 
Seat 6: nvkzivan ($0.89 in chips) 
Seat 7: slipfinger72 ($4.01 in chips) 
Seat 8: BARBURIA ($2.08 in chips) 
Marvl0918: posts small blind $0.01
gezzer666: posts big blind $0.02
*** HOLE CARDS ***
Dealt to Dorex2007 [6s Ac]
Dorex2007: folds 
Canguru19: folds 
nvkzivan: calls $0.02
slipfinger72: folds 
BARBURIA: folds 
Articss: raises $0.97 to $0.99 and is all-in
Marvl0918: folds 
gezzer666: folds 
nvkzivan: folds 
Uncalled bet ($0.97) returned to Articss
Articss collected $0.07 from pot
Articss: doesn't show hand 
*** SUMMARY ***
Total pot $0.07 | Rake $0 
Seat 1: Articss (button) collected ($0.07)
Seat 2: Marvl0918 (small blind) folded before Flop
Seat 3: gezzer666 (big blind) folded before Flop
Seat 4: Dorex2007 folded before Flop (didn't bet)
Seat 5: Canguru19 folded before Flop (didn't bet)
Seat 6: nvkzivan folded before Flop
Seat 7: slipfinger72 folded before Flop (didn't bet)
Seat 8: BARBURIA folded before Flop (didn't bet)



PokerStars Hand #232474113457:  Hold'em No Limit ($0.01/$0.02 USD) - 2021/12/23 21:04:05 PT [2021/12/24 0:04:05 ET]
Table 'Walhalla III' 9-max Seat #2 is the button
Seat 1: Articss ($1.04 in chips) 
Seat 2: Marvl0918 ($2.46 in chips) 
Seat 3: gezzer666 ($1.77 in chips) 
Seat 4: Dorex2007 ($2 in chips) 
Seat 5: Canguru19 ($1.03 in chips) 
Seat 6: nvkzivan ($0.87 in chips) 
Seat 7: slipfinger72 ($4.01 in chips) 
Seat 8: BARBURIA ($2.08 in chips) 
gezzer666: posts small blind $0.01
Dorex2007: posts big blind $0.02
*** HOLE CARDS ***
Dealt to Dorex2007 [Ah Td]
Canguru19: calls $0.02
nvkzivan: folds 
slipfinger72: folds 
BARBURIA: folds 
Articss: calls $0.02
Marvl0918: folds 
gezzer666: folds 
Dorex2007: checks 
*** FLOP *** [5c 6s 8h]
Dorex2007: checks 
Canguru19: checks 
Articss: bets $1.02 and is all-in
Dorex2007: folds 
Canguru19: folds 
Uncalled bet ($1.02) returned to Articss
Articss collected $0.07 from pot
Articss: doesn't show hand 
*** SUMMARY ***
Total pot $0.07 | Rake $0 
Board [5c 6s 8h]
Seat 1: Articss collected ($0.07)
Seat 2: Marvl0918 (button) folded before Flop (didn't bet)
Seat 3: gezzer666 (small blind) folded before Flop
Seat 4: Dorex2007 (big blind) folded on the Flop
Seat 5: Canguru19 folded on the Flop
Seat 6: nvkzivan folded before Flop (didn't bet)
Seat 7: slipfinger72 folded before Flop (didn't bet)
Seat 8: BARBURIA folded before Flop (didn't bet)



PokerStars Hand #232474123872:  Hold'em No Limit ($0.01/$0.02 USD) - 2021/12/23 21:05:03 PT [2021/12/24 0:05:03 ET]
Table 'Walhalla III' 9-max Seat #3 is the button
Seat 1: Articss ($1.09 in chips) 
Seat 2: Marvl0918 ($2.46 in chips) 
Seat 3: gezzer666 ($1.76 in chips) 
Seat 4: Dorex2007 ($2 in chips) 
Seat 5: Canguru19 ($1.01 in chips) 
Seat 6: nvkzivan ($0.87 in chips) 
Seat 7: slipfinger72 ($4.01 in chips) 
Seat 8: BARBURIA ($2.08 in chips) 
Dorex2007: posts small blind $0.01
Canguru19: posts big blind $0.02
*** HOLE CARDS ***
Dealt to Dorex2007 [Ac 3h]
nvkzivan: calls $0.02
slipfinger72: folds 
BARBURIA: calls $0.02
Articss: calls $0.02
Marvl0918: folds 
gezzer666: folds 
Dorex2007: folds 
Canguru19: checks 
*** FLOP *** [4s Qd 5h]
Canguru19: checks 
nvkzivan: checks 
BARBURIA: checks 
Articss: bets $1.07 and is all-in
Canguru19: folds 
nvkzivan: folds 
BARBURIA: folds 
Uncalled bet ($1.07) returned to Articss
Articss collected $0.09 from pot
Articss: doesn't show hand 
*** SUMMARY ***
Total pot $0.09 | Rake $0 
Board [4s Qd 5h]
Seat 1: Articss collected ($0.09)
Seat 2: Marvl0918 folded before Flop (didn't bet)
Seat 3: gezzer666 (button) folded before Flop (didn't bet)
Seat 4: Dorex2007 (small blind) folded before Flop
Seat 5: Canguru19 (big blind) folded on the Flop
Seat 6: nvkzivan folded on the Flop
Seat 7: slipfinger72 folded before Flop (didn't bet)
Seat 8: BARBURIA folded on the Flop



PokerStars Hand #232474141977:  Hold'em No Limit ($0.01/$0.02 USD) - 2021/12/23 21:05:59 PT [2021/12/24 0:05:59 ET]
Table 'Walhalla III' 9-max Seat #4 is the button
Seat 1: Articss ($1.16 in chips) 
Seat 2: Marvl0918 ($2.46 in chips) 
Seat 3: gezzer666 ($1.76 in chips) 
Seat 4: Dorex2007 ($2 in chips) 
Seat 5: Canguru19 ($0.99 in chips) 
Seat 6: nvkzivan ($0.85 in chips) 
Seat 7: slipfinger72 ($4.01 in chips) 
Seat 8: BARBURIA ($2.06 in chips) 
Canguru19: posts small blind $0.01
nvkzivan: posts big blind $0.02
*** HOLE CARDS ***
Dealt to Dorex2007 [7d 4h]
slipfinger72: folds 
BARBURIA: folds 
Articss: calls $0.02
Marvl0918: calls $0.02
gezzer666: calls $0.02
Dorex2007: folds 
Canguru19: folds 
nvkzivan: checks 
*** FLOP *** [7h Jd 5s]
nvkzivan: checks 
Articss: bets $1.14 and is all-in
Marvl0918: folds 
gezzer666: folds 
nvkzivan: folds 
Uncalled bet ($1.14) returned to Articss
Articss collected $0.09 from pot
Articss: doesn't show hand 
*** SUMMARY ***
Total pot $0.09 | Rake $0 
Board [7h Jd 5s]
Seat 1: Articss collected ($0.09)
Seat 2: Marvl0918 folded on the Flop
Seat 3: gezzer666 folded on the Flop
Seat 4: Dorex2007 (button) folded before Flop (didn't bet)
Seat 5: Canguru19 (small blind) folded before Flop
Seat 6: nvkzivan (big blind) folded on the Flop
Seat 7: slipfinger72 folded before Flop (didn't bet)
Seat 8: BARBURIA folded before Flop (didn't bet)



PokerStars Hand #232474148403:  Hold'em No Limit ($0.01/$0.02 USD) - 2021/12/23 21:06:35 PT [2021/12/24 0:06:35 ET]
Table 'Walhalla III' 9-max Seat #5 is the button
Seat 1: Articss ($1.23 in chips) 
Seat 2: Marvl0918 ($2.44 in chips) 
Seat 3: gezzer666 ($1.74 in chips) 
Seat 4: Dorex2007 ($2 in chips) 
Seat 5: Canguru19 ($0.98 in chips) 
Seat 6: nvkzivan ($0.83 in chips) 
Seat 7: slipfinger72 ($4.01 in chips) 
Seat 8: BARBURIA ($2.06 in chips) 
nvkzivan: posts small blind $0.01
slipfinger72: posts big blind $0.02
*** HOLE CARDS ***
Dealt to Dorex2007 [6h Js]
BARBURIA: raises $0.02 to $0.04
Articss: raises $0.11 to $0.15
Marvl0918: folds 
gezzer666: folds 
Dorex2007: folds 
Canguru19: folds 
nvkzivan: calls $0.14
slipfinger72: folds 
BARBURIA: folds 
*** FLOP *** [Ah 3c 7s]
nvkzivan: checks 
Articss: bets $1.08 and is all-in
nvkzivan: folds 
Uncalled bet ($1.08) returned to Articss
Articss collected $0.35 from pot
Articss: doesn't show hand 
*** SUMMARY ***
Total pot $0.36 | Rake $0.01 
Board [Ah 3c 7s]
Seat 1: Articss collected ($0.35)
Seat 2: Marvl0918 folded before Flop (didn't bet)
Seat 3: gezzer666 folded before Flop (didn't bet)
Seat 4: Dorex2007 folded before Flop (didn't bet)
Seat 5: Canguru19 (button) folded before Flop (didn't bet)
Seat 6: nvkzivan (small blind) folded on the Flop
Seat 7: slipfinger72 (big blind) folded before Flop
Seat 8: BARBURIA folded before Flop



PokerStars Hand #232474152964:  Hold'em No Limit ($0.01/$0.02 USD) - 2021/12/23 21:07:01 PT [2021/12/24 0:07:01 ET]
Table 'Walhalla III' 9-max Seat #6 is the button
Seat 1: Articss ($1.43 in chips) 
Seat 2: Marvl0918 ($2.44 in chips) 
Seat 3: gezzer666 ($1.74 in chips) 
Seat 4: Dorex2007 ($2 in chips) 
Seat 5: Canguru19 ($0.98 in chips) 
Seat 6: nvkzivan ($0.68 in chips) 
Seat 7: slipfinger72 ($3.99 in chips) 
Seat 8: BARBURIA ($2.02 in chips) 
slipfinger72: posts small blind $0.01
BARBURIA: posts big blind $0.02
*** HOLE CARDS ***
Dealt to Dorex2007 [9d 7d]
Articss: raises $0.05 to $0.07
Marvl0918: folds 
gezzer666: folds 
Dorex2007: folds 
Canguru19: folds 
nvkzivan: calls $0.07
slipfinger72: folds 
BARBURIA: folds 
*** FLOP *** [4c Ks Qh]
Articss: checks 
nvkzivan: bets $0.61 and is all-in
Articss: calls $0.61
*** TURN *** [4c Ks Qh] [Ts]
*** RIVER *** [4c Ks Qh Ts] [Qs]
*** SHOW DOWN ***
Articss: shows [8c Jc] (a pair of Queens)
nvkzivan: shows [Td Kc] (two pair, Kings and Queens)
nvkzivan cashed out the hand for $1.23 | Cash Out Fee $0.01
*** SUMMARY ***
Total pot $1.39 | Rake $0.05 
Board [4c Ks Qh Ts Qs]
Seat 1: Articss showed [8c Jc] and lost with a pair of Queens
Seat 2: Marvl0918 folded before Flop (didn't bet)
Seat 3: gezzer666 folded before Flop (didn't bet)
Seat 4: Dorex2007 folded before Flop (didn't bet)
Seat 5: Canguru19 folded before Flop (didn't bet)
Seat 6: nvkzivan (button) showed [Td Kc] and won ($1.34) with two pair, Kings and Queens (pot not awarded as player cashed out)
Seat 7: slipfinger72 (small blind) folded before Flop
Seat 8: BARBURIA (big blind) folded before Flop



PokerStars Hand #232474161238:  Hold'em No Limit ($0.01/$0.02 USD) - 2021/12/23 21:07:49 PT [2021/12/24 0:07:49 ET]
Table 'Walhalla III' 9-max Seat #7 is the button
Seat 1: Articss ($0.75 in chips) 
Seat 2: Marvl0918 ($2.44 in chips) 
Seat 3: gezzer666 ($1.74 in chips) 
Seat 4: Dorex2007 ($2 in chips) 
Seat 5: Canguru19 ($0.98 in chips) 
Seat 6: nvkzivan ($1.23 in chips) 
Seat 7: slipfinger72 ($3.98 in chips) 
Seat 8: BARBURIA ($2 in chips) 
BARBURIA: posts small blind $0.01
Articss: posts big blind $0.02
*** HOLE CARDS ***
Dealt to Dorex2007 [4s Ac]
Marvl0918: calls $0.02
gezzer666: folds 
Dorex2007: folds 
Canguru19: folds 
nvkzivan: folds 
slipfinger72: folds 
BARBURIA: calls $0.01
Articss: raises $0.73 to $0.75 and is all-in
Marvl0918: folds 
BARBURIA: folds 
Uncalled bet ($0.73) returned to Articss
Articss collected $0.06 from pot
Articss: doesn't show hand 
*** SUMMARY ***
Total pot $0.06 | Rake $0 
Seat 1: Articss (big blind) collected ($0.06)
Seat 2: Marvl0918 folded before Flop
Seat 3: gezzer666 folded before Flop (didn't bet)
Seat 4: Dorex2007 folded before Flop (didn't bet)
Seat 5: Canguru19 folded before Flop (didn't bet)
Seat 6: nvkzivan folded before Flop (didn't bet)
Seat 7: slipfinger72 (button) folded before Flop (didn't bet)
Seat 8: BARBURIA (small blind) folded before Flop



PokerStars Hand #232474175766:  Hold'em No Limit ($0.01/$0.02 USD) - 2021/12/23 21:08:24 PT [2021/12/24 0:08:24 ET]
Table 'Walhalla III' 9-max Seat #8 is the button
Seat 1: Articss ($0.79 in chips) 
Seat 2: Marvl0918 ($2.42 in chips) 
Seat 3: gezzer666 ($1.74 in chips) 
Seat 4: Dorex2007 ($2 in chips) 
Seat 5: Canguru19 ($0.98 in chips) 
Seat 6: nvkzivan ($1.23 in chips) 
Seat 7: slipfinger72 ($3.98 in chips) 
Seat 8: BARBURIA ($1.98 in chips) 
Articss: posts small blind $0.01
Marvl0918: posts big blind $0.02
*** HOLE CARDS ***
Dealt to Dorex2007 [5h Td]
gezzer666: folds 
Dorex2007: folds 
Canguru19: folds 
nvkzivan: folds 
slipfinger72: folds 
BARBURIA: raises $0.02 to $0.04
Articss: raises $0.02 to $0.06
Marvl0918: folds 
BARBURIA: calls $0.02
*** FLOP *** [6s 5d Jc]
Articss: bets $0.73 and is all-in
BARBURIA: folds 
Uncalled bet ($0.73) returned to Articss
Articss collected $0.14 from pot
Articss: doesn't show hand 
*** SUMMARY ***
Total pot $0.14 | Rake $0 
Board [6s 5d Jc]
Seat 1: Articss (small blind) collected ($0.14)
Seat 2: Marvl0918 (big blind) folded before Flop
Seat 3: gezzer666 folded before Flop (didn't bet)
Seat 4: Dorex2007 folded before Flop (didn't bet)
Seat 5: Canguru19 folded before Flop (didn't bet)
Seat 6: nvkzivan folded before Flop (didn't bet)
Seat 7: slipfinger72 folded before Flop (didn't bet)
Seat 8: BARBURIA (button) folded on the Flop



PokerStars Hand #232474182410:  Hold'em No Limit ($0.01/$0.02 USD) - 2021/12/23 21:09:02 PT [2021/12/24 0:09:02 ET]
Table 'Walhalla III' 9-max Seat #1 is the button
Seat 1: Articss ($0.87 in chips) 
Seat 2: Marvl0918 ($2.40 in chips) 
Seat 3: gezzer666 ($1.74 in chips) 
Seat 4: Dorex2007 ($2 in chips) 
Seat 5: Canguru19 ($0.98 in chips) 
Seat 6: nvkzivan ($1.23 in chips) 
Seat 7: slipfinger72 ($3.98 in chips) 
Seat 8: BARBURIA ($1.92 in chips) 
Marvl0918: posts small blind $0.01
gezzer666: posts big blind $0.02
*** HOLE CARDS ***
Dealt to Dorex2007 [5c 3d]
Dorex2007: folds 
Canguru19: calls $0.02
nvkzivan: folds 
slipfinger72: folds 
BARBURIA: raises $0.04 to $0.06
Articss: raises $0.81 to $0.87 and is all-in
Marvl0918: folds 
gezzer666: folds 
Canguru19: folds 
BARBURIA: calls $0.81
*** FLOP *** [2d 5s 5h]
*** TURN *** [2d 5s 5h] [Kd]
*** RIVER *** [2d 5s 5h Kd] [Qd]
*** SHOW DOWN ***
BARBURIA: shows [Ad Td] (a flush, Ace high)
Articss: shows [Th 8h] (a pair of Fives)
BARBURIA cashed out the hand for $1.19 | Cash Out Fee $0.01
*** SUMMARY ***
Total pot $1.79 | Rake $0.06 
Board [2d 5s 5h Kd Qd]
Seat 1: Articss (button) showed [Th 8h] and lost with a pair of Fives
Seat 2: Marvl0918 (small blind) folded before Flop
Seat 3: gezzer666 (big blind) folded before Flop
Seat 4: Dorex2007 folded before Flop (didn't bet)
Seat 5: Canguru19 folded before Flop
Seat 6: nvkzivan folded before Flop (didn't bet)
Seat 7: slipfinger72 folded before Flop (didn't bet)
Seat 8: BARBURIA showed [Ad Td] and won ($1.73) with a flush, Ace high (pot not awarded as player cashed out)



PokerStars Hand #232474190223:  Hold'em No Limit ($0.01/$0.02 USD) - 2021/12/23 21:09:47 PT [2021/12/24 0:09:47 ET]
Table 'Walhalla III' 9-max Seat #2 is the button
Seat 2: Marvl0918 ($2.39 in chips) 
Seat 3: gezzer666 ($1.72 in chips) 
Seat 4: Dorex2007 ($2 in chips) 
Seat 5: Canguru19 ($0.96 in chips) 
Seat 6: nvkzivan ($1.23 in chips) 
Seat 7: slipfinger72 ($3.98 in chips) 
Seat 8: BARBURIA ($2.24 in chips) 
gezzer666: posts small blind $0.01
Dorex2007: posts big blind $0.02
*** HOLE CARDS ***
Dealt to Dorex2007 [4d 5d]
Canguru19: raises $0.04 to $0.06
nvkzivan: folds 
slipfinger72: folds 
BARBURIA: calls $0.06
Marvl0918: folds 
gezzer666: folds 
Dorex2007: folds 
*** FLOP *** [Ts Jh Ac]
Canguru19: bets $0.07
BARBURIA: folds 
Uncalled bet ($0.07) returned to Canguru19
Canguru19 collected $0.14 from pot
*** SUMMARY ***
Total pot $0.15 | Rake $0.01 
Board [Ts Jh Ac]
Seat 2: Marvl0918 (button) folded before Flop (didn't bet)
Seat 3: gezzer666 (small blind) folded before Flop
Seat 4: Dorex2007 (big blind) folded before Flop
Seat 5: Canguru19 collected ($0.14)
Seat 6: nvkzivan folded before Flop (didn't bet)
Seat 7: slipfinger72 folded before Flop (didn't bet)
Seat 8: BARBURIA folded on the Flop



PokerStars Hand #232474196526:  Hold'em No Limit ($0.01/$0.02 USD) - 2021/12/23 21:10:22 PT [2021/12/24 0:10:22 ET]
Table 'Walhalla III' 9-max Seat #3 is the button
Seat 1: Articss ($1 in chips) 
Seat 2: Marvl0918 ($2.39 in chips) 
Seat 3: gezzer666 ($1.71 in chips) 
Seat 4: Dorex2007 ($2 in chips) 
Seat 5: Canguru19 ($1.04 in chips) 
Seat 6: nvkzivan ($1.23 in chips) 
Seat 7: slipfinger72 ($3.98 in chips) 
Seat 8: BARBURIA ($2.18 in chips) 
Dorex2007: posts small blind $0.01
Canguru19: posts big blind $0.02
*** HOLE CARDS ***
Dealt to Dorex2007 [Qs Jh]
nvkzivan: folds 
slipfinger72: folds 
BARBURIA: folds 
Articss: folds 
Marvl0918: folds 
gezzer666: folds 
Dorex2007: folds 
Uncalled bet ($0.01) returned to Canguru19
Canguru19 collected $0.02 from pot
*** SUMMARY ***
Total pot $0.02 | Rake $0 
Seat 1: Articss folded before Flop (didn't bet)
Seat 2: Marvl0918 folded before Flop (didn't bet)
Seat 3: gezzer666 (button) folded before Flop (didn't bet)
Seat 4: Dorex2007 (small blind) folded before Flop
Seat 5: Canguru19 (big blind) collected ($0.02)
Seat 6: nvkzivan folded before Flop (didn't bet)
Seat 7: slipfinger72 folded before Flop (didn't bet)
Seat 8: BARBURIA folded before Flop (didn't bet)



PokerStars Hand #232474199328:  Hold'em No Limit ($0.01/$0.02 USD) - 2021/12/23 21:10:38 PT [2021/12/24 0:10:38 ET]
Table 'Walhalla III' 9-max Seat #4 is the button
Seat 1: Articss ($1 in chips) 
Seat 2: Marvl0918 ($2.39 in chips) 
Seat 3: gezzer666 ($1.71 in chips) 
Seat 4: Dorex2007 ($2 in chips) 
Seat 5: Canguru19 ($1.05 in chips) 
Seat 6: nvkzivan ($1.23 in chips) 
Seat 7: slipfinger72 ($3.98 in chips) 
Seat 8: BARBURIA ($2.18 in chips) 
Canguru19: posts small blind $0.01
nvkzivan: posts big blind $0.02
*** HOLE CARDS ***
Dealt to Dorex2007 [Qh Ks]
slipfinger72: folds 
BARBURIA: folds 
Articss: raises $0.98 to $1 and is all-in
Marvl0918: folds 
gezzer666: folds 
Dorex2007: folds 
Canguru19: folds 
nvkzivan: folds 
Uncalled bet ($0.98) returned to Articss
Articss collected $0.05 from pot
Articss: doesn't show hand 
*** SUMMARY ***
Total pot $0.05 | Rake $0 
Seat 1: Articss collected ($0.05)
Seat 2: Marvl0918 folded before Flop (didn't bet)
Seat 3: gezzer666 folded before Flop (didn't bet)
Seat 4: Dorex2007 (button) folded before Flop (didn't bet)
Seat 5: Canguru19 (small blind) folded before Flop
Seat 6: nvkzivan (big blind) folded before Flop
Seat 7: slipfinger72 folded before Flop (didn't bet)
Seat 8: BARBURIA folded before Flop (didn't bet)



PokerStars Hand #232474203336:  Hold'em No Limit ($0.01/$0.02 USD) - 2021/12/23 21:11:01 PT [2021/12/24 0:11:01 ET]
Table 'Walhalla III' 9-max Seat #5 is the button
Seat 1: Articss ($1.03 in chips) 
Seat 2: Marvl0918 ($2.39 in chips) 
Seat 3: gezzer666 ($1.71 in chips) 
Seat 4: Dorex2007 ($2 in chips) 
Seat 5: Canguru19 ($1.04 in chips) 
Seat 6: nvkzivan ($1.21 in chips) 
Seat 7: slipfinger72 ($3.98 in chips) 
Seat 8: BARBURIA ($2.18 in chips) 
nvkzivan: posts small blind $0.01
slipfinger72: posts big blind $0.02
*** HOLE CARDS ***
Dealt to Dorex2007 [7s Kh]
BARBURIA: raises $0.04 to $0.06
Articss: calls $0.06
Marvl0918: folds 
gezzer666: folds 
Dorex2007: folds 
Canguru19: folds 
nvkzivan: calls $0.05
slipfinger72: raises $0.16 to $0.22
BARBURIA: folds 
Articss: raises $0.81 to $1.03 and is all-in
nvkzivan: folds 
slipfinger72: calls $0.81
*** FLOP *** [7d 5c 2s]
*** TURN *** [7d 5c 2s] [3h]
*** RIVER *** [7d 5c 2s 3h] [Jd]
*** SHOW DOWN ***
slipfinger72: shows [Ac As] (a pair of Aces)
Articss: shows [2c 9d] (a pair of Deuces)
slipfinger72 collected $2.10 from pot
*** SUMMARY ***
Total pot $2.18 | Rake $0.08 
Board [7d 5c 2s 3h Jd]
Seat 1: Articss showed [2c 9d] and lost with a pair of Deuces
Seat 2: Marvl0918 folded before Flop (didn't bet)
Seat 3: gezzer666 folded before Flop (didn't bet)
Seat 4: Dorex2007 folded before Flop (didn't bet)
Seat 5: Canguru19 (button) folded before Flop (didn't bet)
Seat 6: nvkzivan (small blind) folded before Flop
Seat 7: slipfinger72 (big blind) showed [Ac As] and won ($2.10) with a pair of Aces
Seat 8: BARBURIA folded before Flop



PokerStars Hand #232474212991:  Hold'em No Limit ($0.01/$0.02 USD) - 2021/12/23 21:11:56 PT [2021/12/24 0:11:56 ET]
Table 'Walhalla III' 9-max Seat #6 is the button
Seat 2: Marvl0918 ($2.39 in chips) 
Seat 3: gezzer666 ($1.71 in chips) 
Seat 4: Dorex2007 ($2 in chips) 
Seat 5: Canguru19 ($1.04 in chips) 
Seat 6: nvkzivan ($1.15 in chips) 
Seat 7: slipfinger72 ($5.05 in chips) 
Seat 8: BARBURIA ($2.12 in chips) 
slipfinger72: posts small blind $0.01
BARBURIA: posts big blind $0.02
*** HOLE CARDS ***
Dealt to Dorex2007 [Qs 9s]
Marvl0918: folds 
gezzer666: folds 
Dorex2007: folds 
Canguru19: folds 
nvkzivan: calls $0.02
slipfinger72: folds 
BARBURIA: checks 
*** FLOP *** [Qc Ts Kc]
BARBURIA: checks 
nvkzivan: bets $0.05
BARBURIA: folds 
Uncalled bet ($0.05) returned to nvkzivan
nvkzivan collected $0.05 from pot
nvkzivan: doesn't show hand 
*** SUMMARY ***
Total pot $0.05 | Rake $0 
Board [Qc Ts Kc]
Seat 2: Marvl0918 folded before Flop (didn't bet)
Seat 3: gezzer666 folded before Flop (didn't bet)
Seat 4: Dorex2007 folded before Flop (didn't bet)
Seat 5: Canguru19 folded before Flop (didn't bet)
Seat 6: nvkzivan (button) collected ($0.05)
Seat 7: slipfinger72 (small blind) folded before Flop
Seat 8: BARBURIA (big blind) folded on the Flop



PokerStars Hand #232474217213:  Hold'em No Limit ($0.01/$0.02 USD) - 2021/12/23 21:12:20 PT [2021/12/24 0:12:20 ET]
Table 'Walhalla III' 9-max Seat #7 is the button
Seat 1: Articss ($0.80 in chips) 
Seat 2: Marvl0918 ($2.39 in chips) 
Seat 3: gezzer666 ($1.71 in chips) 
Seat 4: Dorex2007 ($2 in chips) 
Seat 5: Canguru19 ($1.04 in chips) 
Seat 6: nvkzivan ($1.18 in chips) 
Seat 7: slipfinger72 ($5.04 in chips) 
Seat 8: BARBURIA ($2.10 in chips) 
BARBURIA: posts small blind $0.01
Articss: posts big blind $0.02
*** HOLE CARDS ***
Dealt to Dorex2007 [6d Qh]
Marvl0918: folds 
gezzer666: folds 
Dorex2007: folds 
Canguru19: folds 
nvkzivan: folds 
slipfinger72: folds 
BARBURIA: folds 
Uncalled bet ($0.01) returned to Articss
Articss collected $0.02 from pot
Articss: doesn't show hand 
*** SUMMARY ***
Total pot $0.02 | Rake $0 
Seat 1: Articss (big blind) collected ($0.02)
Seat 2: Marvl0918 folded before Flop (didn't bet)
Seat 3: gezzer666 folded before Flop (didn't bet)
Seat 4: Dorex2007 folded before Flop (didn't bet)
Seat 5: Canguru19 folded before Flop (didn't bet)
Seat 6: nvkzivan folded before Flop (didn't bet)
Seat 7: slipfinger72 (button) folded before Flop (didn't bet)
Seat 8: BARBURIA (small blind) folded before Flop



PokerStars Hand #232474219509:  Hold'em No Limit ($0.01/$0.02 USD) - 2021/12/23 21:12:33 PT [2021/12/24 0:12:33 ET]
Table 'Walhalla III' 9-max Seat #8 is the button
Seat 1: Articss ($0.81 in chips) 
Seat 2: Marvl0918 ($2.39 in chips) 
Seat 3: gezzer666 ($1.71 in chips) 
Seat 4: Dorex2007 ($2 in chips) 
Seat 5: Canguru19 ($1.04 in chips) 
Seat 6: nvkzivan ($1.18 in chips) 
Seat 7: slipfinger72 ($5.04 in chips) 
Seat 8: BARBURIA ($2.09 in chips) 
Articss: posts small blind $0.01
Marvl0918: posts big blind $0.02
*** HOLE CARDS ***
Dealt to Dorex2007 [Ah Jd]
gezzer666: folds 
Dorex2007: raises $0.08 to $0.10
Canguru19: folds 
nvkzivan: calls $0.10
slipfinger72: folds 
BARBURIA: folds 
Articss: calls $0.09
Marvl0918: folds 
*** FLOP *** [9s 3s 4c]
Articss: bets $0.71 and is all-in
Dorex2007: folds 
nvkzivan: folds 
Uncalled bet ($0.71) returned to Articss
Articss collected $0.31 from pot
Articss: doesn't show hand 
*** SUMMARY ***
Total pot $0.32 | Rake $0.01 
Board [9s 3s 4c]
Seat 1: Articss (small blind) collected ($0.31)
Seat 2: Marvl0918 (big blind) folded before Flop
Seat 3: gezzer666 folded before Flop (didn't bet)
Seat 4: Dorex2007 folded on the Flop
Seat 5: Canguru19 folded before Flop (didn't bet)
Seat 6: nvkzivan folded on the Flop
Seat 7: slipfinger72 folded before Flop (didn't bet)
Seat 8: BARBURIA (button) folded before Flop (didn't bet)



PokerStars Hand #232474226019:  Hold'em No Limit ($0.01/$0.02 USD) - 2021/12/23 21:13:10 PT [2021/12/24 0:13:10 ET]
Table 'Walhalla III' 9-max Seat #1 is the button
Seat 1: Articss ($1.02 in chips) 
Seat 2: Marvl0918 ($2.37 in chips) 
Seat 3: gezzer666 ($1.71 in chips) 
Seat 4: Dorex2007 ($2 in chips) 
Seat 5: Canguru19 ($1.04 in chips) 
Seat 6: nvkzivan ($1.08 in chips) 
Seat 7: slipfinger72 ($5.04 in chips) 
Seat 8: BARBURIA ($2.09 in chips) 
Marvl0918: posts small blind $0.01
gezzer666: posts big blind $0.02
*** HOLE CARDS ***
Dealt to Dorex2007 [Jd 4c]
Dorex2007: folds 
Canguru19: folds 
nvkzivan: folds 
nvkzivan leaves the table
slipfinger72: folds 
BARBURIA: folds 
Articss: raises $1 to $1.02 and is all-in
Marvl0918: folds 
gezzer666: folds 
Uncalled bet ($1) returned to Articss
Articss collected $0.05 from pot
Articss: doesn't show hand 
*** SUMMARY ***
Total pot $0.05 | Rake $0 
Seat 1: Articss (button) collected ($0.05)
Seat 2: Marvl0918 (small blind) folded before Flop
Seat 3: gezzer666 (big blind) folded before Flop
Seat 4: Dorex2007 folded before Flop (didn't bet)
Seat 5: Canguru19 folded before Flop (didn't bet)
Seat 6: nvkzivan folded before Flop (didn't bet)
Seat 7: slipfinger72 folded before Flop (didn't bet)
Seat 8: BARBURIA folded before Flop (didn't bet)



PokerStars Hand #232474229984:  Hold'em No Limit ($0.01/$0.02 USD) - 2021/12/23 21:13:32 PT [2021/12/24 0:13:32 ET]
Table 'Walhalla III' 9-max Seat #2 is the button
Seat 1: Articss ($1.05 in chips) 
Seat 2: Marvl0918 ($2.36 in chips) 
Seat 3: gezzer666 ($1.69 in chips) 
Seat 4: Dorex2007 ($2 in chips) 
Seat 5: Canguru19 ($1.04 in chips) 
Seat 7: slipfinger72 ($5.04 in chips) 
Seat 8: BARBURIA ($2.09 in chips) 
gezzer666: posts small blind $0.01
Dorex2007: posts big blind $0.02
*** HOLE CARDS ***
Dealt to Dorex2007 [Kh 2d]
Canguru19: folds 
slipfinger72: folds 
BARBURIA: folds 
Articss: raises $0.02 to $0.04
Marvl0918: calls $0.04
gezzer666: folds 
Dorex2007: folds 
*** FLOP *** [6h Jh 8c]
stony6666 joins the table at seat #6 
Articss: bets $0.11
Marvl0918: folds 
Uncalled bet ($0.11) returned to Articss
Articss collected $0.11 from pot
Articss: doesn't show hand 
*** SUMMARY ***
Total pot $0.11 | Rake $0 
Board [6h Jh 8c]
Seat 1: Articss collected ($0.11)
Seat 2: Marvl0918 (button) folded on the Flop
Seat 3: gezzer666 (small blind) folded before Flop
Seat 4: Dorex2007 (big blind) folded before Flop
Seat 5: Canguru19 folded before Flop (didn't bet)
Seat 7: slipfinger72 folded before Flop (didn't bet)
Seat 8: BARBURIA folded before Flop (didn't bet)



PokerStars Hand #232474234550:  Hold'em No Limit ($0.01/$0.02 USD) - 2021/12/23 21:13:58 PT [2021/12/24 0:13:58 ET]
Table 'Walhalla III' 9-max Seat #3 is the button
Seat 1: Articss ($1.12 in chips) 
Seat 2: Marvl0918 ($2.32 in chips) 
Seat 3: gezzer666 ($1.68 in chips) 
Seat 4: Dorex2007 ($2 in chips) 
Seat 5: Canguru19 ($1.04 in chips) 
Seat 6: stony6666 ($1.18 in chips) 
Seat 7: slipfinger72 ($5.04 in chips) 
Seat 8: BARBURIA ($2.09 in chips) 
Dorex2007: posts small blind $0.01
Canguru19: posts big blind $0.02
stony6666: posts big blind $0.02
*** HOLE CARDS ***
Dealt to Dorex2007 [Ks Qh]
stony6666: raises $0.02 to $0.04
slipfinger72: folds 
BARBURIA: folds 
Articss: calls $0.04
Marvl0918: folds 
gezzer666: folds 
Dorex2007: raises $0.14 to $0.18
Canguru19: folds 
stony6666: calls $0.14
Articss: calls $0.14
*** FLOP *** [Qs Jd 8s]
Dorex2007: bets $0.54
stony6666: calls $0.54
Articss: calls $0.54
*** TURN *** [Qs Jd 8s] [7s]
Dorex2007: bets $1.28 and is all-in
stony6666: calls $0.46 and is all-in
Articss: folds 
Uncalled bet ($0.82) returned to Dorex2007
*** RIVER *** [Qs Jd 8s 7s] [7h]
*** SHOW DOWN ***
Dorex2007: shows [Ks Qh] (two pair, Queens and Sevens)
stony6666: shows [6s 9s] (a flush, Queen high)
stony6666 cashed out the hand for $2.62 | Cash Out Fee $0.03
*** SUMMARY ***
Total pot $3.10 | Rake $0.11 
Board [Qs Jd 8s 7s 7h]
Seat 1: Articss folded on the Turn
Seat 2: Marvl0918 folded before Flop (didn't bet)
Seat 3: gezzer666 (button) folded before Flop (didn't bet)
Seat 4: Dorex2007 (small blind) showed [Ks Qh] and lost with two pair, Queens and Sevens
Seat 5: Canguru19 (big blind) folded before Flop
Seat 6: stony6666 showed [6s 9s] and won ($2.99) with a flush, Queen high (pot not awarded as player cashed out)
Seat 7: slipfinger72 folded before Flop (didn't bet)
Seat 8: BARBURIA folded before Flop (didn't bet)



PokerStars Hand #232474246837:  Hold'em No Limit ($0.01/$0.02 USD) - 2021/12/23 21:15:09 PT [2021/12/24 0:15:09 ET]
Table 'Walhalla III' 9-max Seat #4 is the button
Seat 1: Articss ($0.40 in chips) 
Seat 2: Marvl0918 ($2.32 in chips) 
Seat 3: gezzer666 ($1.68 in chips) 
Seat 4: Dorex2007 ($2 in chips) 
Seat 5: Canguru19 ($1.02 in chips) 
Seat 6: stony6666 ($2.62 in chips) 
Seat 7: slipfinger72 ($5.04 in chips) 
Seat 8: BARBURIA ($2.09 in chips) 
Canguru19: posts small blind $0.01
stony6666: posts big blind $0.02
*** HOLE CARDS ***
Dealt to Dorex2007 [5c Qd]
slipfinger72: folds 
BARBURIA: folds 
Articss: raises $0.38 to $0.40 and is all-in
Marvl0918: folds 
gezzer666: folds 
Dorex2007: folds 
Canguru19: folds 
stony6666: folds 
Uncalled bet ($0.38) returned to Articss
Articss collected $0.05 from pot
Articss: doesn't show hand 
*** SUMMARY ***
Total pot $0.05 | Rake $0 
Seat 1: Articss collected ($0.05)
Seat 2: Marvl0918 folded before Flop (didn't bet)
Seat 3: gezzer666 folded before Flop (didn't bet)
Seat 4: Dorex2007 (button) folded before Flop (didn't bet)
Seat 5: Canguru19 (small blind) folded before Flop
Seat 6: stony6666 (big blind) folded before Flop
Seat 7: slipfinger72 folded before Flop (didn't bet)
Seat 8: BARBURIA folded before Flop (didn't bet)



PokerStars Hand #232474249447:  Hold'em No Limit ($0.01/$0.02 USD) - 2021/12/23 21:15:24 PT [2021/12/24 0:15:24 ET]
Table 'Walhalla III' 9-max Seat #5 is the button
Seat 1: Articss ($0.43 in chips) 
Seat 2: Marvl0918 ($2.32 in chips) 
Seat 3: gezzer666 ($1.68 in chips) 
Seat 4: Dorex2007 ($2 in chips) 
Seat 5: Canguru19 ($1.01 in chips) 
Seat 6: stony6666 ($2.60 in chips) 
Seat 7: slipfinger72 ($5.04 in chips) 
Seat 8: BARBURIA ($2.09 in chips) 
stony6666: posts small blind $0.01
slipfinger72: posts big blind $0.02
*** HOLE CARDS ***
Dealt to Dorex2007 [Kc 7c]
BARBURIA: folds 
Articss: raises $0.41 to $0.43 and is all-in
Marvl0918: folds 
gezzer666: folds 
Dorex2007: folds 
Canguru19: folds 
stony6666: folds 
slipfinger72: folds 
Uncalled bet ($0.41) returned to Articss
Articss collected $0.05 from pot
Articss: doesn't show hand 
*** SUMMARY ***
Total pot $0.05 | Rake $0 
Seat 1: Articss collected ($0.05)
Seat 2: Marvl0918 folded before Flop (didn't bet)
Seat 3: gezzer666 folded before Flop (didn't bet)
Seat 4: Dorex2007 folded before Flop (didn't bet)
Seat 5: Canguru19 (button) folded before Flop (didn't bet)
Seat 6: stony6666 (small blind) folded before Flop
Seat 7: slipfinger72 (big blind) folded before Flop
Seat 8: BARBURIA folded before Flop (didn't bet)



PokerStars Hand #232474252659:  Hold'em No Limit ($0.01/$0.02 USD) - 2021/12/23 21:15:42 PT [2021/12/24 0:15:42 ET]
Table 'Walhalla III' 9-max Seat #6 is the button
Seat 1: Articss ($0.46 in chips) 
Seat 2: Marvl0918 ($2.32 in chips) 
Seat 3: gezzer666 ($1.68 in chips) 
Seat 4: Dorex2007 ($2 in chips) 
Seat 5: Canguru19 ($1.01 in chips) 
Seat 6: stony6666 ($2.59 in chips) 
Seat 7: slipfinger72 ($5.02 in chips) 
Seat 8: BARBURIA ($2.09 in chips) 
slipfinger72: posts small blind $0.01
BARBURIA: posts big blind $0.02
*** HOLE CARDS ***
Dealt to Dorex2007 [Jd 6d]
Articss: raises $0.44 to $0.46 and is all-in
Marvl0918: folds 
gezzer666: folds 
Dorex2007: folds 
Canguru19: folds 
stony6666: folds 
slipfinger72: folds 
BARBURIA: folds 
Uncalled bet ($0.44) returned to Articss
Articss collected $0.05 from pot
Articss: doesn't show hand 
*** SUMMARY ***
Total pot $0.05 | Rake $0 
Seat 1: Articss collected ($0.05)
Seat 2: Marvl0918 folded before Flop (didn't bet)
Seat 3: gezzer666 folded before Flop (didn't bet)
Seat 4: Dorex2007 folded before Flop (didn't bet)
Seat 5: Canguru19 folded before Flop (didn't bet)
Seat 6: stony6666 (button) folded before Flop (didn't bet)
Seat 7: slipfinger72 (small blind) folded before Flop
Seat 8: BARBURIA (big blind) folded before Flop



PokerStars Hand #232474255559:  Hold'em No Limit ($0.01/$0.02 USD) - 2021/12/23 21:15:59 PT [2021/12/24 0:15:59 ET]
Table 'Walhalla III' 9-max Seat #7 is the button
Seat 1: Articss ($0.49 in chips) 
Seat 2: Marvl0918 ($2.32 in chips) 
Seat 3: gezzer666 ($1.68 in chips) 
Seat 4: Dorex2007 ($2 in chips) 
Seat 5: Canguru19 ($1.01 in chips) 
Seat 6: stony6666 ($2.59 in chips) 
Seat 7: slipfinger72 ($5.01 in chips) 
Seat 8: BARBURIA ($2.07 in chips) 
BARBURIA: posts small blind $0.01
Articss: posts big blind $0.02
*** HOLE CARDS ***
Dealt to Dorex2007 [2s Qh]
Marvl0918: folds 
gezzer666: folds 
Dorex2007: folds 
Canguru19: folds 
stony6666: raises $0.10 to $0.12
slipfinger72: raises $0.18 to $0.30
BARBURIA: folds 
Articss: raises $0.18 to $0.48
stony6666: calls $0.36
slipfinger72: raises $4.53 to $5.01 and is all-in
Articss: calls $0.01 and is all-in
stony6666: folds 
Uncalled bet ($4.52) returned to slipfinger72
*** FLOP *** [2h Js 7s]
*** TURN *** [2h Js 7s] [7h]
*** RIVER *** [2h Js 7s 7h] [6d]
*** SHOW DOWN ***
Articss: shows [9s Tc] (a pair of Sevens)
slipfinger72: shows [As Ah] (two pair, Aces and Sevens)
slipfinger72 collected $1.42 from pot
*** SUMMARY ***
Total pot $1.47 | Rake $0.05 
Board [2h Js 7s 7h 6d]
Seat 1: Articss (big blind) showed [9s Tc] and lost with a pair of Sevens
Seat 2: Marvl0918 folded before Flop (didn't bet)
Seat 3: gezzer666 folded before Flop (didn't bet)
Seat 4: Dorex2007 folded before Flop (didn't bet)
Seat 5: Canguru19 folded before Flop (didn't bet)
Seat 6: stony6666 folded before Flop
Seat 7: slipfinger72 (button) showed [As Ah] and won ($1.42) with two pair, Aces and Sevens
Seat 8: BARBURIA (small blind) folded before Flop



PokerStars Hand #232474266537:  Hold'em No Limit ($0.01/$0.02 USD) - 2021/12/23 21:17:03 PT [2021/12/24 0:17:03 ET]
Table 'Walhalla III' 9-max Seat #8 is the button
Seat 2: Marvl0918 ($2.32 in chips) 
Seat 3: gezzer666 ($1.68 in chips) 
Seat 4: Dorex2007 ($2 in chips) 
Seat 5: Canguru19 ($1.01 in chips) 
Seat 6: stony6666 ($2.11 in chips) 
Seat 7: slipfinger72 ($5.94 in chips) 
Seat 8: BARBURIA ($2.06 in chips) 
Marvl0918: posts small blind $0.01
gezzer666: posts big blind $0.02
*** HOLE CARDS ***
Dealt to Dorex2007 [6c 7c]
Dorex2007: folds 
Canguru19: folds 
stony6666: calls $0.02
slipfinger72: folds 
BARBURIA: calls $0.02
Marvl0918: folds 
gezzer666: raises $0.08 to $0.10
stony6666: calls $0.08
BARBURIA: calls $0.08
*** FLOP *** [Ad Tc 2h]
gezzer666: checks 
stony6666: checks 
BARBURIA: checks 
*** TURN *** [Ad Tc 2h] [9c]
gezzer666: checks 
stony6666: checks 
BARBURIA: bets $0.28
gezzer666: calls $0.28
stony6666: folds 
*** RIVER *** [Ad Tc 2h 9c] [Ah]
gezzer666: checks 
BARBURIA: bets $0.30
gezzer666: calls $0.30
*** SHOW DOWN ***
BARBURIA: shows [Js Qs] (a pair of Aces)
gezzer666: shows [Kh Kd] (two pair, Aces and Kings)
gezzer666 collected $1.42 from pot
*** SUMMARY ***
Total pot $1.47 | Rake $0.05 
Board [Ad Tc 2h 9c Ah]
Seat 2: Marvl0918 (small blind) folded before Flop
Seat 3: gezzer666 (big blind) showed [Kh Kd] and won ($1.42) with two pair, Aces and Kings
Seat 4: Dorex2007 folded before Flop (didn't bet)
Seat 5: Canguru19 folded before Flop (didn't bet)
Seat 6: stony6666 folded on the Turn
Seat 7: slipfinger72 folded before Flop (didn't bet)
Seat 8: BARBURIA (button) showed [Js Qs] and lost with a pair of Aces



PokerStars Hand #232474278806:  Hold'em No Limit ($0.01/$0.02 USD) - 2021/12/23 21:18:14 PT [2021/12/24 0:18:14 ET]
Table 'Walhalla III' 9-max Seat #2 is the button
Seat 1: Articss ($1.29 in chips) 
Seat 2: Marvl0918 ($2.31 in chips) 
Seat 3: gezzer666 ($2.42 in chips) 
Seat 4: Dorex2007 ($2 in chips) 
Seat 5: Canguru19 ($1.01 in chips) 
Seat 6: stony6666 ($2.01 in chips) 
Seat 7: slipfinger72 ($5.94 in chips) 
Seat 8: BARBURIA ($1.38 in chips) 
gezzer666: posts small blind $0.01
Dorex2007: posts big blind $0.02
Articss: posts small blind $0.01
*** HOLE CARDS ***
Dealt to Dorex2007 [7s 4d]
Canguru19: folds 
stony6666: folds 
slipfinger72: folds 
BARBURIA: folds 
BARBURIA leaves the table
Articss: raises $0.06 to $0.08
Marvl0918: folds 
gezzer666: folds 
Dorex2007: folds 
Uncalled bet ($0.06) returned to Articss
Articss collected $0.06 from pot
Articss: doesn't show hand 
*** SUMMARY ***
Total pot $0.06 | Rake $0 
Seat 1: Articss collected ($0.06)
Seat 2: Marvl0918 (button) folded before Flop (didn't bet)
Seat 3: gezzer666 (small blind) folded before Flop
Seat 4: Dorex2007 (big blind) folded before Flop
Seat 5: Canguru19 folded before Flop (didn't bet)
Seat 6: stony6666 folded before Flop (didn't bet)
Seat 7: slipfinger72 folded before Flop (didn't bet)
Seat 8: BARBURIA folded before Flop (didn't bet)



PokerStars Hand #232474282387:  Hold'em No Limit ($0.01/$0.02 USD) - 2021/12/23 21:18:36 PT [2021/12/24 0:18:36 ET]
Table 'Walhalla III' 9-max Seat #3 is the button
Seat 1: Articss ($1.32 in chips) 
Seat 2: Marvl0918 ($2.31 in chips) 
Seat 3: gezzer666 ($2.41 in chips) 
Seat 4: Dorex2007 ($2 in chips) 
Seat 5: Canguru19 ($1.01 in chips) 
Seat 6: stony6666 ($2.01 in chips) 
Seat 7: slipfinger72 ($5.94 in chips) 
Dorex2007: posts small blind $0.01
Canguru19: posts big blind $0.02
*** HOLE CARDS ***
Dealt to Dorex2007 [8s 3c]
stony6666: raises $0.02 to $0.04
slipfinger72: folds 
Articss: raises $0.02 to $0.06
Marvl0918: folds 
gezzer666: folds 
Dorex2007: folds 
Canguru19: folds 
stony6666: calls $0.02
*** FLOP *** [2s Tc 4d]
stony6666: checks 
Articss has timed out
Articss: checks 
*** TURN *** [2s Tc 4d] [Qh]
stony6666: bets $0.07
Articss has timed out
Articss: folds 
Uncalled bet ($0.07) returned to stony6666
stony6666 collected $0.14 from pot
stony6666: doesn't show hand 
*** SUMMARY ***
Total pot $0.15 | Rake $0.01 
Board [2s Tc 4d Qh]
Seat 1: Articss folded on the Turn
Seat 2: Marvl0918 folded before Flop (didn't bet)
Seat 3: gezzer666 (button) folded before Flop (didn't bet)
Seat 4: Dorex2007 (small blind) folded before Flop
Seat 5: Canguru19 (big blind) folded before Flop
Seat 6: stony6666 collected ($0.14)
Seat 7: slipfinger72 folded before Flop (didn't bet)



PokerStars Hand #232474297306:  Hold'em No Limit ($0.01/$0.02 USD) - 2021/12/23 21:20:03 PT [2021/12/24 0:20:03 ET]
Table 'Walhalla III' 9-max Seat #4 is the button
Seat 2: Marvl0918 ($2.31 in chips) 
Seat 3: gezzer666 ($2.41 in chips) 
Seat 4: Dorex2007 ($2 in chips) 
Seat 5: Canguru19 ($0.99 in chips) 
Seat 6: stony6666 ($2.09 in chips) 
Seat 7: slipfinger72 ($5.94 in chips) 
Canguru19: posts small blind $0.01
stony6666: posts big blind $0.02
*** HOLE CARDS ***
Dealt to Dorex2007 [5d 8s]
slipfinger72: folds 
Marvl0918: raises $0.04 to $0.06
gezzer666: folds 
Dorex2007: folds 
Canguru19: folds 
stony6666: folds 
Uncalled bet ($0.04) returned to Marvl0918
Marvl0918 collected $0.05 from pot
Marvl0918: doesn't show hand 
*** SUMMARY ***
Total pot $0.05 | Rake $0 
Seat 2: Marvl0918 collected ($0.05)
Seat 3: gezzer666 folded before Flop (didn't bet)
Seat 4: Dorex2007 (button) folded before Flop (didn't bet)
Seat 5: Canguru19 (small blind) folded before Flop
Seat 6: stony6666 (big blind) folded before Flop
Seat 7: slipfinger72 folded before Flop (didn't bet)



PokerStars Hand #232474299961:  Hold'em No Limit ($0.01/$0.02 USD) - 2021/12/23 21:20:19 PT [2021/12/24 0:20:19 ET]
Table 'Walhalla III' 9-max Seat #5 is the button
Seat 1: Articss ($1.26 in chips) 
Seat 2: Marvl0918 ($2.34 in chips) 
Seat 3: gezzer666 ($2.41 in chips) 
Seat 4: Dorex2007 ($2 in chips) 
Seat 5: Canguru19 ($0.98 in chips) 
Seat 6: stony6666 ($2.07 in chips) 
Seat 7: slipfinger72 ($5.94 in chips) 
stony6666: posts small blind $0.01
slipfinger72: posts big blind $0.02
*** HOLE CARDS ***
Dealt to Dorex2007 [8c 3c]
Articss: raises $0.05 to $0.07
Marvl0918: folds 
gezzer666: folds 
Dorex2007: folds 
Canguru19: folds 
stony6666: calls $0.06
slipfinger72: folds 
*** FLOP *** [Th 2s 8s]
stony6666: checks 
Articss: bets $0.02
stony6666: calls $0.02
*** TURN *** [Th 2s 8s] [5h]
stony6666: bets $0.09
Articss: calls $0.09
*** RIVER *** [Th 2s 8s 5h] [6h]
stony6666: checks 
Articss: checks 
*** SHOW DOWN ***
stony6666: shows [Js 8h] (a pair of Eights)
Articss: mucks hand 
stony6666 collected $0.37 from pot
*** SUMMARY ***
Total pot $0.38 | Rake $0.01 
Board [Th 2s 8s 5h 6h]
Seat 1: Articss mucked [4c 9c]
Seat 2: Marvl0918 folded before Flop (didn't bet)
Seat 3: gezzer666 folded before Flop (didn't bet)
Seat 4: Dorex2007 folded before Flop (didn't bet)
Seat 5: Canguru19 (button) folded before Flop (didn't bet)
Seat 6: stony6666 (small blind) showed [Js 8h] and won ($0.37) with a pair of Eights
Seat 7: slipfinger72 (big blind) folded before Flop



PokerStars Hand #232474320713:  Hold'em No Limit ($0.01/$0.02 USD) - 2021/12/23 21:21:31 PT [2021/12/24 0:21:31 ET]
Table 'Walhalla III' 9-max Seat #6 is the button
Seat 1: Articss ($1.08 in chips) 
Seat 2: Marvl0918 ($2.34 in chips) 
Seat 3: gezzer666 ($2.41 in chips) 
Seat 4: Dorex2007 ($2 in chips) 
Seat 5: Canguru19 ($0.98 in chips) 
Seat 6: stony6666 ($2.26 in chips) 
Seat 7: slipfinger72 ($5.92 in chips) 
slipfinger72: posts small blind $0.01
Articss: posts big blind $0.02
*** HOLE CARDS ***
Dealt to Dorex2007 [4c Qs]
Marvl0918: folds 
gezzer666: folds 
Dorex2007: folds 
Canguru19: folds 
stony6666: folds 
slipfinger72: folds 
Uncalled bet ($0.01) returned to Articss
Articss collected $0.02 from pot
thescat1 leaves the table
Articss: doesn't show hand 
*** SUMMARY ***
Total pot $0.02 | Rake $0 
Seat 1: Articss (big blind) collected ($0.02)
Seat 2: Marvl0918 folded before Flop (didn't bet)
Seat 3: gezzer666 folded before Flop (didn't bet)
Seat 4: Dorex2007 folded before Flop (didn't bet)
Seat 5: Canguru19 folded before Flop (didn't bet)
Seat 6: stony6666 (button) folded before Flop (didn't bet)
Seat 7: slipfinger72 (small blind) folded before Flop



PokerStars Hand #232474322902:  Hold'em No Limit ($0.01/$0.02 USD) - 2021/12/23 21:21:44 PT [2021/12/24 0:21:44 ET]
Table 'Walhalla III' 9-max Seat #7 is the button
Seat 1: Articss ($1.09 in chips) 
Seat 2: Marvl0918 ($2.34 in chips) 
Seat 3: gezzer666 ($2.41 in chips) 
Seat 4: Dorex2007 ($2 in chips) 
Seat 5: Canguru19 ($0.98 in chips) 
Seat 6: stony6666 ($2.26 in chips) 
Seat 7: slipfinger72 ($5.91 in chips) 
Articss: posts small blind $0.01
Marvl0918: posts big blind $0.02
*** HOLE CARDS ***
Dealt to Dorex2007 [Kh 7c]
gezzer666: folds 
gregory#1236 joins the table at seat #8 
Dorex2007: folds 
Canguru19: folds 
stony6666: raises $0.06 to $0.08
slipfinger72: folds 
Articss: raises $1.01 to $1.09 and is all-in
Marvl0918: calls $1.07
stony6666: folds 
*** FLOP *** [Th Ks Jd]
*** TURN *** [Th Ks Jd] [7d]
*** RIVER *** [Th Ks Jd 7d] [6c]
*** SHOW DOWN ***
Articss: shows [2d Ah] (high card Ace)
Marvl0918: shows [As Kc] (a pair of Kings)
Marvl0918 collected $2.18 from pot
*** SUMMARY ***
Total pot $2.26 | Rake $0.08 
Board [Th Ks Jd 7d 6c]
Seat 1: Articss (small blind) showed [2d Ah] and lost with high card Ace
Seat 2: Marvl0918 (big blind) showed [As Kc] and won ($2.18) with a pair of Kings
Seat 3: gezzer666 folded before Flop (didn't bet)
Seat 4: Dorex2007 folded before Flop (didn't bet)
Seat 5: Canguru19 folded before Flop (didn't bet)
Seat 6: stony6666 folded before Flop
Seat 7: slipfinger72 (button) folded before Flop (didn't bet)



PokerStars Hand #232474329019:  Hold'em No Limit ($0.01/$0.02 USD) - 2021/12/23 21:22:20 PT [2021/12/24 0:22:20 ET]
Table 'Walhalla III' 9-max Seat #2 is the button
Seat 2: Marvl0918 ($3.43 in chips) 
Seat 3: gezzer666 ($2.41 in chips) 
Seat 4: Dorex2007 ($2 in chips) 
Seat 5: Canguru19 ($0.98 in chips) 
Seat 6: stony6666 ($2.18 in chips) 
Seat 7: slipfinger72 ($5.91 in chips) 
gezzer666: posts small blind $0.01
Dorex2007: posts big blind $0.02
gregory#1236: sits out 
*** HOLE CARDS ***
Dealt to Dorex2007 [Js 5c]
Canguru19: folds 
stony6666: calls $0.02
slipfinger72: folds 
Marvl0918: folds 
Zoliee joins the table at seat #9 
gezzer666: folds 
Dorex2007: checks 
*** FLOP *** [Ad 3h Qc]
Dorex2007: checks 
stony6666: checks 
*** TURN *** [Ad 3h Qc] [Kc]
Dorex2007: checks 
stony6666: bets $0.05
Dorex2007: folds 
Uncalled bet ($0.05) returned to stony6666
stony6666 collected $0.05 from pot
stony6666: doesn't show hand 
*** SUMMARY ***
Total pot $0.05 | Rake $0 
Board [Ad 3h Qc Kc]
Seat 2: Marvl0918 (button) folded before Flop (didn't bet)
Seat 3: gezzer666 (small blind) folded before Flop
Seat 4: Dorex2007 (big blind) folded on the Turn
Seat 5: Canguru19 folded before Flop (didn't bet)
Seat 6: stony6666 collected ($0.05)
Seat 7: slipfinger72 folded before Flop (didn't bet)



PokerStars Hand #232474336843:  Hold'em No Limit ($0.01/$0.02 USD) - 2021/12/23 21:23:06 PT [2021/12/24 0:23:06 ET]
Table 'Walhalla III' 9-max Seat #3 is the button
Seat 2: Marvl0918 ($3.43 in chips) 
Seat 3: gezzer666 ($2.40 in chips) 
Seat 4: Dorex2007 ($2 in chips) 
Seat 5: Canguru19 ($0.98 in chips) 
Seat 6: stony6666 ($2.21 in chips) 
Seat 7: slipfinger72 ($5.91 in chips) 
Seat 8: gregory#1236 ($1 in chips) 
Dorex2007: posts small blind $0.01
Canguru19: posts big blind $0.02
gregory#1236: posts big blind $0.02
Zoliee: sits out 
*** HOLE CARDS ***
Dealt to Dorex2007 [5h 5c]
stony6666: calls $0.02
slipfinger72: folds 
gregory#1236: checks 
Marvl0918: folds 
gezzer666: folds 
Dorex2007: calls $0.01
Canguru19: checks 
*** FLOP *** [Qd 5d 4c]
Dorex2007: checks 
Articss leaves the table
Canguru19: checks 
stony6666: bets $0.08
gregory#1236: folds 
Dorex2007: raises $0.24 to $0.32
Canguru19: folds 
stony6666: folds 
Uncalled bet ($0.24) returned to Dorex2007
Dorex2007 collected $0.23 from pot
Dorex2007: doesn't show hand 
*** SUMMARY ***
Total pot $0.24 | Rake $0.01 
Board [Qd 5d 4c]
Seat 2: Marvl0918 folded before Flop (didn't bet)
Seat 3: gezzer666 (button) folded before Flop (didn't bet)
Seat 4: Dorex2007 (small blind) collected ($0.23)
Seat 5: Canguru19 (big blind) folded on the Flop
Seat 6: stony6666 folded on the Flop
Seat 7: slipfinger72 folded before Flop (didn't bet)
Seat 8: gregory#1236 folded on the Flop (didn't bet)



PokerStars Hand #232474345837:  Hold'em No Limit ($0.01/$0.02 USD) - 2021/12/23 21:24:00 PT [2021/12/24 0:24:00 ET]
Table 'Walhalla III' 9-max Seat #4 is the button
Seat 2: Marvl0918 ($3.43 in chips) 
Seat 3: gezzer666 ($2.40 in chips) 
Seat 4: Dorex2007 ($2.13 in chips) 
Seat 5: Canguru19 ($0.96 in chips) 
Seat 6: stony6666 ($2.11 in chips) 
Seat 7: slipfinger72 ($5.91 in chips) 
Seat 8: gregory#1236 ($0.98 in chips) 
Canguru19: posts small blind $0.01
stony6666: posts big blind $0.02
Zoliee: sits out 
*** HOLE CARDS ***
Dealt to Dorex2007 [3h 7c]
slipfinger72: folds 
gregory#1236: folds 
Marvl0918: calls $0.02
gezzer666: calls $0.02
Dorex2007: folds 
Canguru19: calls $0.01
stony6666: checks 
*** FLOP *** [Ac 3s Tc]
Canguru19: checks 
stony6666: checks 
Marvl0918: checks 
gezzer666: bets $0.06
Canguru19: folds 
stony6666: calls $0.06
Marvl0918: folds 
*** TURN *** [Ac 3s Tc] [2c]
stony6666: checks 
gezzer666: checks 
*** RIVER *** [Ac 3s Tc 2c] [Kd]
stony6666: checks 
t0m1sh joins the table at seat #1 
gezzer666: bets $0.06
stony6666: folds 
Uncalled bet ($0.06) returned to gezzer666
gezzer666 collected $0.19 from pot
gezzer666: doesn't show hand 
*** SUMMARY ***
Total pot $0.20 | Rake $0.01 
Board [Ac 3s Tc 2c Kd]
Seat 2: Marvl0918 folded on the Flop
Seat 3: gezzer666 collected ($0.19)
Seat 4: Dorex2007 (button) folded before Flop (didn't bet)
Seat 5: Canguru19 (small blind) folded on the Flop
Seat 6: stony6666 (big blind) folded on the River
Seat 7: slipfinger72 folded before Flop (didn't bet)
Seat 8: gregory#1236 folded before Flop (didn't bet)



PokerStars Hand #232474358490:  Hold'em No Limit ($0.01/$0.02 USD) - 2021/12/23 21:25:14 PT [2021/12/24 0:25:14 ET]
Table 'Walhalla III' 9-max Seat #5 is the button
Seat 2: Marvl0918 ($3.41 in chips) 
Seat 3: gezzer666 ($2.51 in chips) 
Seat 4: Dorex2007 ($2.13 in chips) 
Seat 5: Canguru19 ($0.94 in chips) 
Seat 6: stony6666 ($2.03 in chips) 
Seat 7: slipfinger72 ($5.91 in chips) 
Seat 8: gregory#1236 ($0.98 in chips) 
stony6666: posts small blind $0.01
slipfinger72: posts big blind $0.02
Zoliee: sits out 
t0m1sh: sits out 
*** HOLE CARDS ***
Dealt to Dorex2007 [3s 3c]
gregory#1236: folds 
Marvl0918: calls $0.02
gezzer666: folds 
Dorex2007: calls $0.02
Canguru19: calls $0.02
stony6666: raises $0.08 to $0.10
slipfinger72: calls $0.08
Marvl0918: calls $0.08
Dorex2007: folds 
Canguru19: folds 
*** FLOP *** [8d 8h 8s]
stony6666: bets $0.16
slipfinger72: calls $0.16
Marvl0918: folds 
*** TURN *** [8d 8h 8s] [Jc]
stony6666: checks 
slipfinger72: checks 
*** RIVER *** [8d 8h 8s Jc] [Ac]
stony6666: checks 
slipfinger72: checks 
*** SHOW DOWN ***
stony6666: shows [Kc Qh] (three of a kind, Eights)
slipfinger72: shows [9s 9c] (a full house, Eights full of Nines)
slipfinger72 collected $0.64 from pot
*** SUMMARY ***
Total pot $0.66 | Rake $0.02 
Board [8d 8h 8s Jc Ac]
Seat 2: Marvl0918 folded on the Flop
Seat 3: gezzer666 folded before Flop (didn't bet)
Seat 4: Dorex2007 folded before Flop
Seat 5: Canguru19 (button) folded before Flop
Seat 6: stony6666 (small blind) showed [Kc Qh] and lost with three of a kind, Eights
Seat 7: slipfinger72 (big blind) showed [9s 9c] and won ($0.64) with a full house, Eights full of Nines
Seat 8: gregory#1236 folded before Flop (didn't bet)



PokerStars Hand #232474365659:  Hold'em No Limit ($0.01/$0.02 USD) - 2021/12/23 21:25:57 PT [2021/12/24 0:25:57 ET]
Table 'Walhalla III' 9-max Seat #6 is the button
Seat 2: Marvl0918 ($3.31 in chips) 
Seat 3: gezzer666 ($2.51 in chips) 
Seat 4: Dorex2007 ($2.11 in chips) 
Seat 5: Canguru19 ($0.92 in chips) 
Seat 6: stony6666 ($1.77 in chips) 
Seat 7: slipfinger72 ($6.29 in chips) 
Seat 8: gregory#1236 ($0.98 in chips) 
slipfinger72: posts small blind $0.01
gregory#1236: posts big blind $0.02
Zoliee: sits out 
t0m1sh: sits out 
*** HOLE CARDS ***
Dealt to Dorex2007 [4d Jd]
Marvl0918: folds 
gezzer666: folds 
Dorex2007: folds 
Canguru19: calls $0.02
stony6666: folds 
slipfinger72: folds 
gregory#1236: checks 
*** FLOP *** [2d Ks Kh]
gregory#1236: checks 
Canguru19: bets $0.05
gregory#1236: folds 
Uncalled bet ($0.05) returned to Canguru19
Canguru19 collected $0.05 from pot
*** SUMMARY ***
Total pot $0.05 | Rake $0 
Board [2d Ks Kh]
Seat 2: Marvl0918 folded before Flop (didn't bet)
Seat 3: gezzer666 folded before Flop (didn't bet)
Seat 4: Dorex2007 folded before Flop (didn't bet)
Seat 5: Canguru19 collected ($0.05)
Seat 6: stony6666 (button) folded before Flop (didn't bet)
Seat 7: slipfinger72 (small blind) folded before Flop
Seat 8: gregory#1236 (big blind) folded on the Flop



PokerStars Hand #232474374134:  Hold'em No Limit ($0.01/$0.02 USD) - 2021/12/23 21:26:47 PT [2021/12/24 0:26:47 ET]
Table 'Walhalla III' 9-max Seat #7 is the button
Seat 2: Marvl0918 ($3.31 in chips) 
Seat 3: gezzer666 ($2.51 in chips) 
Seat 4: Dorex2007 ($2.11 in chips) 
Seat 5: Canguru19 ($0.95 in chips) 
Seat 6: stony6666 ($1.77 in chips) 
Seat 7: slipfinger72 ($6.28 in chips) 
Seat 8: gregory#1236 ($0.96 in chips) 
Seat 9: Zoliee ($2 in chips) 
gregory#1236: posts small blind $0.01
Zoliee: posts big blind $0.02
t0m1sh: sits out 
*** HOLE CARDS ***
Dealt to Dorex2007 [Jh 3c]
Marvl0918: folds 
gezzer666: folds 
Dorex2007: folds 
Canguru19: calls $0.02
stony6666: calls $0.02
slipfinger72: folds 
gregory#1236: calls $0.01
Zoliee: checks 
*** FLOP *** [Tc Td 7h]
gregory#1236: checks 
Zoliee: checks 
Canguru19: checks 
stony6666: bets $0.08
gregory#1236: folds 
Zoliee: folds 
Canguru19: folds 
Uncalled bet ($0.08) returned to stony6666
stony6666 collected $0.08 from pot
stony6666: doesn't show hand 
*** SUMMARY ***
Total pot $0.08 | Rake $0 
Board [Tc Td 7h]
Seat 2: Marvl0918 folded before Flop (didn't bet)
Seat 3: gezzer666 folded before Flop (didn't bet)
Seat 4: Dorex2007 folded before Flop (didn't bet)
Seat 5: Canguru19 folded on the Flop
Seat 6: stony6666 collected ($0.08)
Seat 7: slipfinger72 (button) folded before Flop (didn't bet)
Seat 8: gregory#1236 (small blind) folded on the Flop
Seat 9: Zoliee (big blind) folded on the Flop



PokerStars Hand #232474380779:  Hold'em No Limit ($0.01/$0.02 USD) - 2021/12/23 21:27:26 PT [2021/12/24 0:27:26 ET]
Table 'Walhalla III' 9-max Seat #8 is the button
Seat 1: t0m1sh ($2 in chips) 
Seat 2: Marvl0918 ($3.31 in chips) 
Seat 3: gezzer666 ($2.51 in chips) 
Seat 4: Dorex2007 ($2.11 in chips) 
Seat 5: Canguru19 ($0.93 in chips) 
Seat 6: stony6666 ($1.83 in chips) 
Seat 7: slipfinger72 ($6.28 in chips) 
Seat 8: gregory#1236 ($0.94 in chips) 
Seat 9: Zoliee ($1.98 in chips) 
Zoliee: posts small blind $0.01
t0m1sh: posts big blind $0.02
*** HOLE CARDS ***
Dealt to Dorex2007 [Jc Td]
Marvl0918: calls $0.02
gezzer666: folds 
Dorex2007: folds 
Canguru19: folds 
stony6666: calls $0.02
slipfinger72: folds 
gregory#1236: folds 
Zoliee: calls $0.01
t0m1sh: raises $0.17 to $0.19
Marvl0918: folds 
stony6666: calls $0.17
Zoliee: folds 
*** FLOP *** [3s Ac 4h]
t0m1sh: bets $0.14
stony6666: folds 
Uncalled bet ($0.14) returned to t0m1sh
t0m1sh collected $0.41 from pot
t0m1sh: doesn't show hand 
*** SUMMARY ***
Total pot $0.42 | Rake $0.01 
Board [3s Ac 4h]
Seat 1: t0m1sh (big blind) collected ($0.41)
Seat 2: Marvl0918 folded before Flop
Seat 3: gezzer666 folded before Flop (didn't bet)
Seat 4: Dorex2007 folded before Flop (didn't bet)
Seat 5: Canguru19 folded before Flop (didn't bet)
Seat 6: stony6666 folded on the Flop
Seat 7: slipfinger72 folded before Flop (didn't bet)
Seat 8: gregory#1236 (button) folded before Flop (didn't bet)
Seat 9: Zoliee (small blind) folded before Flop



PokerStars Hand #232474387240:  Hold'em No Limit ($0.01/$0.02 USD) - 2021/12/23 21:28:05 PT [2021/12/24 0:28:05 ET]
Table 'Walhalla III' 9-max Seat #9 is the button
Seat 1: t0m1sh ($2.22 in chips) 
Seat 2: Marvl0918 ($3.29 in chips) 
Seat 3: gezzer666 ($2.51 in chips) 
Seat 4: Dorex2007 ($2.11 in chips) 
Seat 5: Canguru19 ($0.93 in chips) 
Seat 6: stony6666 ($1.64 in chips) 
Seat 7: slipfinger72 ($6.28 in chips) 
Seat 8: gregory#1236 ($0.94 in chips) 
Seat 9: Zoliee ($1.96 in chips) 
t0m1sh: posts small blind $0.01
Marvl0918: posts big blind $0.02
*** HOLE CARDS ***
Dealt to Dorex2007 [9s 5s]
gezzer666: folds 
Dorex2007: folds 
Canguru19: folds 
stony6666: raises $0.06 to $0.08
slipfinger72: folds 
gregory#1236: folds 
Zoliee: calls $0.08
t0m1sh: folds 
Marvl0918: folds 
*** FLOP *** [9d Jc 4s]
stony6666: bets $0.09
Zoliee: calls $0.09
*** TURN *** [9d Jc 4s] [2h]
stony6666: checks 
Zoliee: checks 
*** RIVER *** [9d Jc 4s 2h] [Kh]
stony6666: bets $0.18
Zoliee: calls $0.18
*** SHOW DOWN ***
stony6666: shows [5c Qc] (high card King)
Zoliee: shows [Js Ac] (a pair of Jacks)
Zoliee collected $0.70 from pot
*** SUMMARY ***
Total pot $0.73 | Rake $0.03 
Board [9d Jc 4s 2h Kh]
Seat 1: t0m1sh (small blind) folded before Flop
Seat 2: Marvl0918 (big blind) folded before Flop
Seat 3: gezzer666 folded before Flop (didn't bet)
Seat 4: Dorex2007 folded before Flop (didn't bet)
Seat 5: Canguru19 folded before Flop (didn't bet)
Seat 6: stony6666 showed [5c Qc] and lost with high card King
Seat 7: slipfinger72 folded before Flop (didn't bet)
Seat 8: gregory#1236 folded before Flop (didn't bet)
Seat 9: Zoliee (button) showed [Js Ac] and won ($0.70) with a pair of Jacks



PokerStars Hand #232474394141:  Hold'em No Limit ($0.01/$0.02 USD) - 2021/12/23 21:28:46 PT [2021/12/24 0:28:46 ET]
Table 'Walhalla III' 9-max Seat #1 is the button
Seat 1: t0m1sh ($2.21 in chips) 
Seat 2: Marvl0918 ($3.27 in chips) 
Seat 3: gezzer666 ($2.51 in chips) 
Seat 4: Dorex2007 ($2.11 in chips) 
Seat 5: Canguru19 ($0.93 in chips) 
Seat 6: stony6666 ($1.29 in chips) 
Seat 7: slipfinger72 ($6.28 in chips) 
Seat 8: gregory#1236 ($0.94 in chips) 
Seat 9: Zoliee ($2.31 in chips) 
Marvl0918: posts small blind $0.01
gezzer666: posts big blind $0.02
*** HOLE CARDS ***
Dealt to Dorex2007 [3h As]
Dorex2007 has timed out
Dorex2007: folds 
Canguru19: folds 
stony6666: raises $0.04 to $0.06
slipfinger72: folds 
gregory#1236: folds 
Zoliee: calls $0.06
t0m1sh: folds 
Marvl0918: folds 
gezzer666: folds 
*** FLOP *** [Qd Ad 7c]
stony6666: bets $0.07
Zoliee: calls $0.07
*** TURN *** [Qd Ad 7c] [8s]
stony6666: checks 
Zoliee: checks 
*** RIVER *** [Qd Ad 7c 8s] [Tc]
stony6666: checks 
Zoliee: bets $0.28
stony6666: folds 
Uncalled bet ($0.28) returned to Zoliee
Zoliee collected $0.28 from pot
Zoliee: doesn't show hand 
*** SUMMARY ***
Total pot $0.29 | Rake $0.01 
Board [Qd Ad 7c 8s Tc]
Seat 1: t0m1sh (button) folded before Flop (didn't bet)
Seat 2: Marvl0918 (small blind) folded before Flop
Seat 3: gezzer666 (big blind) folded before Flop
Seat 4: Dorex2007 folded before Flop (didn't bet)
Seat 5: Canguru19 folded before Flop (didn't bet)
Seat 6: stony6666 folded on the River
Seat 7: slipfinger72 folded before Flop (didn't bet)
Seat 8: gregory#1236 folded before Flop (didn't bet)
Seat 9: Zoliee collected ($0.28)



PokerStars Hand #232474405070:  Hold'em No Limit ($0.01/$0.02 USD) - 2021/12/23 21:29:52 PT [2021/12/24 0:29:52 ET]
Table 'Walhalla III' 9-max Seat #2 is the button
Seat 1: t0m1sh ($2.21 in chips) 
Seat 2: Marvl0918 ($3.26 in chips) 
Seat 3: gezzer666 ($2.49 in chips) 
Seat 4: Dorex2007 ($2.11 in chips) 
Seat 5: Canguru19 ($0.93 in chips) 
Seat 6: stony6666 ($1.16 in chips) 
Seat 7: slipfinger72 ($6.28 in chips) 
Seat 8: gregory#1236 ($0.94 in chips) 
Seat 9: Zoliee ($2.46 in chips) 
gezzer666: posts small blind $0.01
Dorex2007: posts big blind $0.02
*** HOLE CARDS ***
Dealt to Dorex2007 [Jc Qs]
Canguru19: folds 
stony6666: folds 
slipfinger72: folds 
stony6666 leaves the table
gregory#1236 has timed out
gregory#1236: folds 
Zoliee: folds 
t0m1sh: folds 
Marvl0918: raises $0.04 to $0.06
gezzer666: folds 
Dorex2007: folds 
Uncalled bet ($0.04) returned to Marvl0918
Marvl0918 collected $0.05 from pot
Marvl0918: doesn't show hand 
*** SUMMARY ***
Total pot $0.05 | Rake $0 
Seat 1: t0m1sh folded before Flop (didn't bet)
Seat 2: Marvl0918 (button) collected ($0.05)
Seat 3: gezzer666 (small blind) folded before Flop
Seat 4: Dorex2007 (big blind) folded before Flop
Seat 5: Canguru19 folded before Flop (didn't bet)
Seat 6: stony6666 folded before Flop (didn't bet)
Seat 7: slipfinger72 folded before Flop (didn't bet)
Seat 8: gregory#1236 folded before Flop (didn't bet)
Seat 9: Zoliee folded before Flop (didn't bet)



PokerStars Hand #232474409826:  Hold'em No Limit ($0.01/$0.02 USD) - 2021/12/23 21:30:20 PT [2021/12/24 0:30:20 ET]
Table 'Walhalla III' 9-max Seat #3 is the button
Seat 1: t0m1sh ($2.21 in chips) 
Seat 2: Marvl0918 ($3.29 in chips) 
Seat 3: gezzer666 ($2.48 in chips) 
Seat 4: Dorex2007 ($2.09 in chips) 
Seat 5: Canguru19 ($0.93 in chips) 
Seat 7: slipfinger72 ($6.28 in chips) 
Seat 9: Zoliee ($2.46 in chips) 
Dorex2007: posts small blind $0.01
Canguru19: posts big blind $0.02
*** HOLE CARDS ***
Dealt to Dorex2007 [2h 6s]
slipfinger72: folds 
Zoliee: folds 
t0m1sh: folds 
Marvl0918: folds 
gezzer666: folds 
gregory#1236 leaves the table
Dorex2007: folds 
Uncalled bet ($0.01) returned to Canguru19
Canguru19 collected $0.02 from pot
*** SUMMARY ***
Total pot $0.02 | Rake $0 
Seat 1: t0m1sh folded before Flop (didn't bet)
Seat 2: Marvl0918 folded before Flop (didn't bet)
Seat 3: gezzer666 (button) folded before Flop (didn't bet)
Seat 4: Dorex2007 (small blind) folded before Flop
Seat 5: Canguru19 (big blind) collected ($0.02)
Seat 7: slipfinger72 folded before Flop (didn't bet)
Seat 9: Zoliee folded before Flop (didn't bet)



PokerStars Hand #232474411860:  Hold'em No Limit ($0.01/$0.02 USD) - 2021/12/23 21:30:33 PT [2021/12/24 0:30:33 ET]
Table 'Walhalla III' 9-max Seat #4 is the button
Seat 1: t0m1sh ($2.21 in chips) 
Seat 2: Marvl0918 ($3.29 in chips) 
Seat 3: gezzer666 ($2.48 in chips) 
Seat 4: Dorex2007 ($2.08 in chips) 
Seat 5: Canguru19 ($0.94 in chips) 
Seat 9: Zoliee ($2.46 in chips) 
Canguru19: posts small blind $0.01
slipfinger72: is sitting out 
Zoliee: posts big blind $0.02
*** HOLE CARDS ***
Dealt to Dorex2007 [Qd 9d]
t0m1sh: folds 
Marvl0918: calls $0.02
gezzer666: raises $0.06 to $0.08
Dorex2007: folds 
Canguru19: folds 
Zoliee: folds 
Marvl0918: folds 
Uncalled bet ($0.06) returned to gezzer666
gezzer666 collected $0.07 from pot
gezzer666: doesn't show hand 
slipfinger72 leaves the table
*** SUMMARY ***
Total pot $0.07 | Rake $0 
Seat 1: t0m1sh folded before Flop (didn't bet)
Seat 2: Marvl0918 folded before Flop
Seat 3: gezzer666 collected ($0.07)
Seat 4: Dorex2007 (button) folded before Flop (didn't bet)
Seat 5: Canguru19 (small blind) folded before Flop
Seat 9: Zoliee (big blind) folded before Flop



PokerStars Hand #232474414897:  Hold'em No Limit ($0.01/$0.02 USD) - 2021/12/23 21:30:51 PT [2021/12/24 0:30:51 ET]
Table 'Walhalla III' 9-max Seat #5 is the button
Seat 1: t0m1sh ($2.21 in chips) 
Seat 2: Marvl0918 ($3.27 in chips) 
Seat 3: gezzer666 ($2.53 in chips) 
Seat 4: Dorex2007 ($2.08 in chips) 
Seat 5: Canguru19 ($0.93 in chips) 
Seat 9: Zoliee ($2.44 in chips) 
Zoliee: posts small blind $0.01
t0m1sh: posts big blind $0.02
*** HOLE CARDS ***
Dealt to Dorex2007 [3c Qd]
Marvl0918 has timed out
Marvl0918: folds 
gezzer666: folds 
Dorex2007: folds 
Canguru19: raises $0.06 to $0.08
Zoliee: folds 
t0m1sh: folds 
Uncalled bet ($0.06) returned to Canguru19
Canguru19 collected $0.05 from pot
*** SUMMARY ***
Total pot $0.05 | Rake $0 
Seat 1: t0m1sh (big blind) folded before Flop
Seat 2: Marvl0918 folded before Flop (didn't bet)
Seat 3: gezzer666 folded before Flop (didn't bet)
Seat 4: Dorex2007 folded before Flop (didn't bet)
Seat 5: Canguru19 (button) collected ($0.05)
Seat 9: Zoliee (small blind) folded before Flop



PokerStars Hand #232474419521:  Hold'em No Limit ($0.01/$0.02 USD) - 2021/12/23 21:31:19 PT [2021/12/24 0:31:19 ET]
Table 'Walhalla III' 9-max Seat #9 is the button
Seat 1: t0m1sh ($2.19 in chips) 
Seat 2: Marvl0918 ($3.27 in chips) 
Seat 3: gezzer666 ($2.53 in chips) 
Seat 4: Dorex2007 ($2.08 in chips) 
Seat 5: Canguru19 ($0.96 in chips) 
Seat 9: Zoliee ($2.43 in chips) 
t0m1sh: posts small blind $0.01
Marvl0918: posts big blind $0.02
*** HOLE CARDS ***
Dealt to Dorex2007 [Ks 4s]
gezzer666: raises $0.04 to $0.06
Dorex2007: folds 
Canguru19: folds 
Zoliee: folds 
t0m1sh: folds 
Marvl0918: calls $0.04
*** FLOP *** [9c 4h 3h]
Marvl0918: bets $0.06
gezzer666: calls $0.06
*** TURN *** [9c 4h 3h] [7d]
Marvl0918: bets $0.12
gezzer666: folds 
Uncalled bet ($0.12) returned to Marvl0918
Marvl0918 collected $0.24 from pot
Marvl0918: doesn't show hand 
*** SUMMARY ***
Total pot $0.25 | Rake $0.01 
Board [9c 4h 3h 7d]
Seat 1: t0m1sh (small blind) folded before Flop
Seat 2: Marvl0918 (big blind) collected ($0.24)
Seat 3: gezzer666 folded on the Turn
Seat 4: Dorex2007 folded before Flop (didn't bet)
Seat 5: Canguru19 folded before Flop (didn't bet)
Seat 9: Zoliee (button) folded before Flop (didn't bet)



PokerStars Hand #232474424678:  Hold'em No Limit ($0.01/$0.02 USD) - 2021/12/23 21:31:50 PT [2021/12/24 0:31:50 ET]
Table 'Walhalla III' 9-max Seat #1 is the button
Seat 1: t0m1sh ($2.18 in chips) 
Seat 2: Marvl0918 ($3.39 in chips) 
Seat 3: gezzer666 ($2.41 in chips) 
Seat 4: Dorex2007 ($2.08 in chips) 
Seat 5: Canguru19 ($0.96 in chips) 
Seat 9: Zoliee ($2.43 in chips) 
Marvl0918: posts small blind $0.01
gezzer666: posts big blind $0.02
*** HOLE CARDS ***
Dealt to Dorex2007 [3s 5c]
Dorex2007: folds 
Canguru19: calls $0.02
Zoliee: folds 
t0m1sh: folds 
Marvl0918: calls $0.01
gezzer666: checks 
*** FLOP *** [As Jh 6h]
Marvl0918: checks 
gezzer666: checks 
Canguru19: checks 
*** TURN *** [As Jh 6h] [Jd]
Marvl0918: checks 
gezzer666: checks 
Canguru19: checks 
*** RIVER *** [As Jh 6h Jd] [Ac]
Marvl0918: checks 
gezzer666: checks 
Canguru19: checks 
*** SHOW DOWN ***
Marvl0918: shows [7h 8c] (two pair, Aces and Jacks)
gezzer666: shows [Qh 7d] (two pair, Aces and Jacks - Queen kicker)
Canguru19: mucks hand 
gezzer666 collected $0.06 from pot
*** SUMMARY ***
Total pot $0.06 | Rake $0 
Board [As Jh 6h Jd Ac]
Seat 1: t0m1sh (button) folded before Flop (didn't bet)
Seat 2: Marvl0918 (small blind) showed [7h 8c] and lost with two pair, Aces and Jacks
Seat 3: gezzer666 (big blind) showed [Qh 7d] and won ($0.06) with two pair, Aces and Jacks
Seat 4: Dorex2007 folded before Flop (didn't bet)
Seat 5: Canguru19 mucked [Td 9d]
Seat 9: Zoliee folded before Flop (didn't bet)



PokerStars Hand #232474435327:  Hold'em No Limit ($0.01/$0.02 USD) - 2021/12/23 21:32:54 PT [2021/12/24 0:32:54 ET]
Table 'Walhalla III' 9-max Seat #2 is the button
Seat 1: t0m1sh ($2.18 in chips) 
Seat 2: Marvl0918 ($3.37 in chips) 
Seat 3: gezzer666 ($2.45 in chips) 
Seat 4: Dorex2007 ($2.08 in chips) 
Seat 5: Canguru19 ($0.94 in chips) 
Seat 9: Zoliee ($2.43 in chips) 
gezzer666: posts small blind $0.01
Dorex2007: posts big blind $0.02
*** HOLE CARDS ***
Dealt to Dorex2007 [2d 2c]
Canguru19: calls $0.02
Zoliee: folds 
t0m1sh: folds 
Marvl0918: folds 
gezzer666: folds 
Dorex2007: checks 
*** FLOP *** [Tc Ks Kh]
Dorex2007: checks 
Canguru19: bets $0.05
Dorex2007: folds 
Uncalled bet ($0.05) returned to Canguru19
Canguru19 collected $0.05 from pot
*** SUMMARY ***
Total pot $0.05 | Rake $0 
Board [Tc Ks Kh]
Seat 1: t0m1sh folded before Flop (didn't bet)
Seat 2: Marvl0918 (button) folded before Flop (didn't bet)
Seat 3: gezzer666 (small blind) folded before Flop
Seat 4: Dorex2007 (big blind) folded on the Flop
Seat 5: Canguru19 collected ($0.05)
Seat 9: Zoliee folded before Flop (didn't bet)



PokerStars Hand #232474440295:  Hold'em No Limit ($0.01/$0.02 USD) - 2021/12/23 21:33:25 PT [2021/12/24 0:33:25 ET]
Table 'Walhalla III' 9-max Seat #3 is the button
Seat 1: t0m1sh ($2.18 in chips) 
Seat 2: Marvl0918 ($3.37 in chips) 
Seat 3: gezzer666 ($2.44 in chips) 
Seat 4: Dorex2007 ($2.06 in chips) 
Seat 5: Canguru19 ($0.97 in chips) 
Seat 9: Zoliee ($2.43 in chips) 
Dorex2007: posts small blind $0.01
Canguru19: posts big blind $0.02
*** HOLE CARDS ***
Dealt to Dorex2007 [4c 9d]
Zoliee: raises $0.04 to $0.06
t0m1sh: folds 
Marvl0918: folds 
gezzer666: folds 
Dorex2007: folds 
Marvl0918 leaves the table
Canguru19: calls $0.04
*** FLOP *** [Td Th Kh]
Canguru19: checks 
Zoliee: bets $0.07
Canguru19: folds 
Uncalled bet ($0.07) returned to Zoliee
Zoliee collected $0.13 from pot
Zoliee: doesn't show hand 
t0m1sh leaves the table
*** SUMMARY ***
Total pot $0.13 | Rake $0 
Board [Td Th Kh]
Seat 1: t0m1sh folded before Flop (didn't bet)
Seat 2: Marvl0918 folded before Flop (didn't bet)
Seat 3: gezzer666 (button) folded before Flop (didn't bet)
Seat 4: Dorex2007 (small blind) folded before Flop
Seat 5: Canguru19 (big blind) folded on the Flop
Seat 9: Zoliee collected ($0.13)



PokerStars Hand #232474450195:  Hold'em No Limit ($0.01/$0.02 USD) - 2021/12/23 21:33:48 PT [2021/12/24 0:33:48 ET]
Table 'Walhalla III' 9-max Seat #4 is the button
Seat 3: gezzer666 ($2.44 in chips) 
Seat 4: Dorex2007 ($2.05 in chips) 
Seat 5: Canguru19 ($0.91 in chips) 
Seat 9: Zoliee ($2.50 in chips) 
Canguru19: posts small blind $0.01
Zoliee: posts big blind $0.02
*** HOLE CARDS ***
Dealt to Dorex2007 [4c Td]
gezzer666: folds 
Dorex2007: folds 
gezzer666 leaves the table
Canguru19: calls $0.01
Zoliee: checks 
*** FLOP *** [9c Ac Ah]
Canguru19: bets $0.04
Zoliee: folds 
Uncalled bet ($0.04) returned to Canguru19
Canguru19 collected $0.04 from pot
*** SUMMARY ***
Total pot $0.04 | Rake $0 
Board [9c Ac Ah]
Seat 3: gezzer666 folded before Flop (didn't bet)
Seat 4: Dorex2007 (button) folded before Flop (didn't bet)
Seat 5: Canguru19 (small blind) collected ($0.04)
Seat 9: Zoliee (big blind) folded on the Flop



PokerStars Hand #232474453958:  Hold'em No Limit ($0.01/$0.02 USD) - 2021/12/23 21:34:11 PT [2021/12/24 0:34:11 ET]
Table 'Walhalla III' 9-max Seat #9 is the button
Seat 4: Dorex2007 ($2.05 in chips) 
Seat 9: Zoliee ($2.48 in chips) 
Zoliee: posts small blind $0.01
Dorex2007: posts big blind $0.02
*** HOLE CARDS ***
Dealt to Dorex2007 [Qh Ah]
Canguru19 leaves the table
Zoliee: calls $0.01
Dorex2007: checks 
*** FLOP *** [4h Ac 6c]
Dorex2007: checks 
Zoliee: checks 
*** TURN *** [4h Ac 6c] [8d]
Dorex2007: checks 
Zoliee: checks 
*** RIVER *** [4h Ac 6c 8d] [2h]
Dorex2007: checks 
Zoliee: bets $0.02
Dorex2007: calls $0.02
*** SHOW DOWN ***
Zoliee: shows [Jh 7d] (high card Ace)
Dorex2007: shows [Qh Ah] (a pair of Aces)
Dorex2007 collected $0.08 from pot
*** SUMMARY ***
Total pot $0.08 | Rake $0 
Board [4h Ac 6c 8d 2h]
Seat 4: Dorex2007 (big blind) showed [Qh Ah] and won ($0.08) with a pair of Aces
Seat 9: Zoliee (button) (small blind) showed [Jh 7d] and lost with high card Ace



