PokerStars Hand #227721952085:  Hold'em No Limit ($0.01/$0.02 USD) - 2021/06/20 10:25:26 PT [2021/06/20 13:25:26 ET]
Table 'Cebriones' 9-max Seat #6 is the button
Seat 1: rad073 ($1.04 in chips) 
Seat 2: HardStyle_NL ($2.22 in chips) 
Seat 3: vladimir5421 ($2.17 in chips) 
Seat 4: PicadillyCub ($1.67 in chips) 
Seat 5: Dorex2007 ($2 in chips) 
Seat 6: davegoa ($2 in chips) 
Seat 7: Parker09SA ($2.36 in chips) 
Seat 8: Kosi967 ($3.09 in chips) 
Seat 9: Golsuorsi ($2 in chips) 
Parker09SA: posts small blind $0.01
Kosi967: posts big blind $0.02
Dorex2007: posts big blind $0.02
*** HOLE CARDS ***
Dealt to Dorex2007 [Kh 7d]
Golsuorsi: folds 
rad073: raises $0.02 to $0.04
HardStyle_NL: calls $0.04
vladimir5421: folds 
PicadillyCub: calls $0.04
Dorex2007: folds 
davegoa: folds 
Parker09SA: folds 
Kosi967: calls $0.02
*** FLOP *** [6h 5h 9s]
Kosi967: checks 
rad073: checks 
HardStyle_NL: checks 
PicadillyCub: checks 
*** TURN *** [6h 5h 9s] [Ts]
Kosi967: checks 
rad073: checks 
HardStyle_NL: checks 
PicadillyCub: checks 
*** RIVER *** [6h 5h 9s Ts] [Qs]
Kosi967: checks 
rad073: checks 
HardStyle_NL: checks 
PicadillyCub: checks 
*** SHOW DOWN ***
Kosi967: shows [2c 3c] (high card Queen)
rad073: shows [2s 2h] (a pair of Deuces)
HardStyle_NL: shows [Jd Kc] (a straight, Nine to King)
PicadillyCub: mucks hand 
HardStyle_NL collected $0.18 from pot
*** SUMMARY ***
Total pot $0.19 | Rake $0.01 
Board [6h 5h 9s Ts Qs]
Seat 1: rad073 showed [2s 2h] and lost with a pair of Deuces
Seat 2: HardStyle_NL showed [Jd Kc] and won ($0.18) with a straight, Nine to King
Seat 3: vladimir5421 folded before Flop (didn't bet)
Seat 4: PicadillyCub mucked [Ad 3d]
Seat 5: Dorex2007 folded before Flop (didn't bet)
Seat 6: davegoa (button) folded before Flop (didn't bet)
Seat 7: Parker09SA (small blind) folded before Flop
Seat 8: Kosi967 (big blind) showed [2c 3c] and lost with high card Queen
Seat 9: Golsuorsi folded before Flop (didn't bet)



PokerStars Hand #227721977074:  Hold'em No Limit ($0.01/$0.02 USD) - 2021/06/20 10:26:21 PT [2021/06/20 13:26:21 ET]
Table 'Cebriones' 9-max Seat #7 is the button
Seat 1: rad073 ($1 in chips) 
Seat 2: HardStyle_NL ($2.36 in chips) 
Seat 3: vladimir5421 ($2.17 in chips) 
Seat 4: PicadillyCub ($1.63 in chips) 
Seat 5: Dorex2007 ($1.98 in chips) 
Seat 6: davegoa ($2 in chips) 
Seat 7: Parker09SA ($2.35 in chips) 
Seat 8: Kosi967 ($3.05 in chips) 
Seat 9: Golsuorsi ($2 in chips) 
Kosi967: posts small blind $0.01
Golsuorsi: posts big blind $0.02
*** HOLE CARDS ***
Dealt to Dorex2007 [6s 2h]
rad073: folds 
HardStyle_NL: folds 
vladimir5421: folds 
PicadillyCub: calls $0.02
Dorex2007: folds 
davegoa: folds 
Parker09SA: folds 
Kosi967: calls $0.01
Golsuorsi: checks 
*** FLOP *** [6d 9c Jd]
Kosi967: bets $0.02
Golsuorsi: calls $0.02
PicadillyCub: folds 
*** TURN *** [6d 9c Jd] [Qs]
Kosi967: bets $0.02
Golsuorsi: calls $0.02
*** RIVER *** [6d 9c Jd Qs] [2d]
Kosi967: bets $0.02
Golsuorsi: folds 
Uncalled bet ($0.02) returned to Kosi967
Kosi967 collected $0.14 from pot
Kosi967: doesn't show hand 
*** SUMMARY ***
Total pot $0.14 | Rake $0 
Board [6d 9c Jd Qs 2d]
Seat 1: rad073 folded before Flop (didn't bet)
Seat 2: HardStyle_NL folded before Flop (didn't bet)
Seat 3: vladimir5421 folded before Flop (didn't bet)
Seat 4: PicadillyCub folded on the Flop
Seat 5: Dorex2007 folded before Flop (didn't bet)
Seat 6: davegoa folded before Flop (didn't bet)
Seat 7: Parker09SA (button) folded before Flop (didn't bet)
Seat 8: Kosi967 (small blind) collected ($0.14)
Seat 9: Golsuorsi (big blind) folded on the River



PokerStars Hand #227721991757:  Hold'em No Limit ($0.01/$0.02 USD) - 2021/06/20 10:26:53 PT [2021/06/20 13:26:53 ET]
Table 'Cebriones' 9-max Seat #8 is the button
Seat 1: rad073 ($1 in chips) 
Seat 2: HardStyle_NL ($2.36 in chips) 
Seat 3: vladimir5421 ($2.17 in chips) 
Seat 4: PicadillyCub ($1.61 in chips) 
Seat 5: Dorex2007 ($1.98 in chips) 
Seat 6: davegoa ($2 in chips) 
Seat 7: Parker09SA ($2.35 in chips) 
Seat 8: Kosi967 ($3.13 in chips) 
Seat 9: Golsuorsi ($2 in chips) 
Golsuorsi: posts small blind $0.01
rad073: posts big blind $0.02
*** HOLE CARDS ***
Dealt to Dorex2007 [8d 6h]
HardStyle_NL: folds 
vladimir5421: folds 
PicadillyCub: folds 
Dorex2007: folds 
davegoa: raises $0.02 to $0.04
Parker09SA: folds 
Kosi967: folds 
Golsuorsi: folds 
rad073: folds 
Uncalled bet ($0.02) returned to davegoa
davegoa collected $0.05 from pot
davegoa: doesn't show hand 
*** SUMMARY ***
Total pot $0.05 | Rake $0 
Seat 1: rad073 (big blind) folded before Flop
Seat 2: HardStyle_NL folded before Flop (didn't bet)
Seat 3: vladimir5421 folded before Flop (didn't bet)
Seat 4: PicadillyCub folded before Flop (didn't bet)
Seat 5: Dorex2007 folded before Flop (didn't bet)
Seat 6: davegoa collected ($0.05)
Seat 7: Parker09SA folded before Flop (didn't bet)
Seat 8: Kosi967 (button) folded before Flop (didn't bet)
Seat 9: Golsuorsi (small blind) folded before Flop



PokerStars Hand #227722002584:  Hold'em No Limit ($0.01/$0.02 USD) - 2021/06/20 10:27:17 PT [2021/06/20 13:27:17 ET]
Table 'Cebriones' 9-max Seat #9 is the button
Seat 1: rad073 ($0.98 in chips) 
Seat 2: HardStyle_NL ($2.36 in chips) 
Seat 3: vladimir5421 ($2.17 in chips) 
Seat 4: PicadillyCub ($1.61 in chips) 
Seat 5: Dorex2007 ($1.98 in chips) 
Seat 6: davegoa ($2.03 in chips) 
Seat 7: Parker09SA ($2.35 in chips) 
Seat 8: Kosi967 ($3.13 in chips) 
Seat 9: Golsuorsi ($2 in chips) 
rad073: posts small blind $0.01
HardStyle_NL: posts big blind $0.02
*** HOLE CARDS ***
Dealt to Dorex2007 [2h 8c]
vladimir5421: raises $0.04 to $0.06
PicadillyCub: calls $0.06
Dorex2007: folds 
davegoa: folds 
Parker09SA: folds 
Kosi967: calls $0.06
Golsuorsi: folds 
rad073: calls $0.05
HardStyle_NL: calls $0.04
*** FLOP *** [Ah 5h 6s]
rad073: checks 
HardStyle_NL: checks 
vladimir5421: checks 
PicadillyCub: bets $0.14
Kosi967: raises $0.57 to $0.71
rad073: folds 
HardStyle_NL: folds 
vladimir5421: folds 
PicadillyCub: raises $0.84 to $1.55 and is all-in
Kosi967: calls $0.84
*** TURN *** [Ah 5h 6s] [Qc]
*** RIVER *** [Ah 5h 6s Qc] [7d]
*** SHOW DOWN ***
PicadillyCub: shows [4h Jh] (high card Ace)
Kosi967: shows [5c Ad] (two pair, Aces and Fives)
Kosi967 collected $3.28 from pot
*** SUMMARY ***
Total pot $3.40 | Rake $0.12 
Board [Ah 5h 6s Qc 7d]
Seat 1: rad073 (small blind) folded on the Flop
Seat 2: HardStyle_NL (big blind) folded on the Flop
Seat 3: vladimir5421 folded on the Flop
Seat 4: PicadillyCub showed [4h Jh] and lost with high card Ace
Seat 5: Dorex2007 folded before Flop (didn't bet)
Seat 6: davegoa folded before Flop (didn't bet)
Seat 7: Parker09SA folded before Flop (didn't bet)
Seat 8: Kosi967 showed [5c Ad] and won ($3.28) with two pair, Aces and Fives
Seat 9: Golsuorsi (button) folded before Flop (didn't bet)



PokerStars Hand #227722029123:  Hold'em No Limit ($0.01/$0.02 USD) - 2021/06/20 10:28:14 PT [2021/06/20 13:28:14 ET]
Table 'Cebriones' 9-max Seat #1 is the button
Seat 1: rad073 ($0.92 in chips) 
Seat 2: HardStyle_NL ($2.30 in chips) 
Seat 3: vladimir5421 ($2.11 in chips) 
Seat 5: Dorex2007 ($1.98 in chips) 
Seat 6: davegoa ($2.03 in chips) 
Seat 7: Parker09SA ($2.35 in chips) 
Seat 8: Kosi967 ($4.80 in chips) 
Seat 9: Golsuorsi ($2 in chips) 
HardStyle_NL: posts small blind $0.01
vladimir5421: posts big blind $0.02
*** HOLE CARDS ***
Dealt to Dorex2007 [7s 3s]
Dorex2007: folds 
davegoa: folds 
Parker09SA: folds 
Kosi967: raises $0.04 to $0.06
Golsuorsi: folds 
rad073: calls $0.06
HardStyle_NL has timed out
HardStyle_NL: folds 
vladimir5421: calls $0.04
*** FLOP *** [9s 9d 2d]
vladimir5421: checks 
Kosi967: checks 
rad073: checks 
*** TURN *** [9s 9d 2d] [4c]
vladimir5421: checks 
Kosi967: checks 
rad073: checks 
*** RIVER *** [9s 9d 2d 4c] [Kh]
PicadillyCub leaves the table
GuiliermoRos joins the table at seat #4 
vladimir5421: bets $0.10
Kosi967: calls $0.10
rad073: folds 
*** SHOW DOWN ***
vladimir5421: shows [Ts Ks] (two pair, Kings and Nines)
Kosi967: shows [Kc Qh] (two pair, Kings and Nines - Queen kicker)
Kosi967 collected $0.38 from pot
*** SUMMARY ***
Total pot $0.39 | Rake $0.01 
Board [9s 9d 2d 4c Kh]
Seat 1: rad073 (button) folded on the River
Seat 2: HardStyle_NL (small blind) folded before Flop
Seat 3: vladimir5421 (big blind) showed [Ts Ks] and lost with two pair, Kings and Nines
Seat 5: Dorex2007 folded before Flop (didn't bet)
Seat 6: davegoa folded before Flop (didn't bet)
Seat 7: Parker09SA folded before Flop (didn't bet)
Seat 8: Kosi967 showed [Kc Qh] and won ($0.38) with two pair, Kings and Nines
Seat 9: Golsuorsi folded before Flop (didn't bet)



PokerStars Hand #227722068935:  Hold'em No Limit ($0.01/$0.02 USD) - 2021/06/20 10:29:42 PT [2021/06/20 13:29:42 ET]
Table 'Cebriones' 9-max Seat #3 is the button
Seat 1: rad073 ($0.86 in chips) 
Seat 3: vladimir5421 ($1.95 in chips) 
Seat 5: Dorex2007 ($1.98 in chips) 
Seat 6: davegoa ($2.03 in chips) 
Seat 7: Parker09SA ($2.35 in chips) 
Seat 9: Golsuorsi ($2 in chips) 
Dorex2007: posts small blind $0.01
davegoa: posts big blind $0.02
*** HOLE CARDS ***
Dealt to Dorex2007 [Kd 3c]
Parker09SA: folds 
Golsuorsi: folds 
rad073: raises $0.06 to $0.08
Kosi967 leaves the table
vladimir5421: calls $0.08
Dorex2007: folds 
davegoa: folds 
*** FLOP *** [4c 4s Qh]
HardStyle_NL is disconnected 
rad073: checks 
rashidmoo joins the table at seat #8 
vladimir5421: checks 
*** TURN *** [4c 4s Qh] [Qs]
rad073: checks 
vladimir5421: bets $0.12
rad073: calls $0.12
*** RIVER *** [4c 4s Qh Qs] [4h]
rad073: checks 
vladimir5421: checks 
*** SHOW DOWN ***
rad073: shows [Ts Ah] (a full house, Fours full of Queens)
vladimir5421: shows [2d 2h] (a full house, Fours full of Queens)
rad073 collected $0.21 from pot
vladimir5421 collected $0.20 from pot
*** SUMMARY ***
Total pot $0.43 | Rake $0.02 
Board [4c 4s Qh Qs 4h]
Seat 1: rad073 showed [Ts Ah] and won ($0.21) with a full house, Fours full of Queens
Seat 3: vladimir5421 (button) showed [2d 2h] and won ($0.20) with a full house, Fours full of Queens
Seat 5: Dorex2007 (small blind) folded before Flop
Seat 6: davegoa (big blind) folded before Flop
Seat 7: Parker09SA folded before Flop (didn't bet)
Seat 9: Golsuorsi folded before Flop (didn't bet)



PokerStars Hand #227722097955:  Hold'em No Limit ($0.01/$0.02 USD) - 2021/06/20 10:30:44 PT [2021/06/20 13:30:44 ET]
Table 'Cebriones' 9-max Seat #5 is the button
Seat 1: rad073 ($0.87 in chips) 
Seat 2: HardStyle_NL ($2.29 in chips) 
Seat 3: vladimir5421 ($1.95 in chips) 
Seat 5: Dorex2007 ($1.97 in chips) 
Seat 6: davegoa ($2.01 in chips) 
Seat 7: Parker09SA ($2.35 in chips) 
Seat 8: rashidmoo ($2 in chips) 
Seat 9: Golsuorsi ($2 in chips) 
davegoa: posts small blind $0.01
Parker09SA: posts big blind $0.02
rashidmoo: posts big blind $0.02
GuiliermoRos: sits out 
*** HOLE CARDS ***
Dealt to Dorex2007 [7s Jd]
rashidmoo: raises $0.04 to $0.06
Golsuorsi: folds 
rad073: folds 
HardStyle_NL: folds 
vladimir5421: folds 
Dorex2007: folds 
davegoa: folds 
Parker09SA: folds 
Uncalled bet ($0.04) returned to rashidmoo
rashidmoo collected $0.05 from pot
rashidmoo: doesn't show hand 
*** SUMMARY ***
Total pot $0.05 | Rake $0 
Seat 1: rad073 folded before Flop (didn't bet)
Seat 2: HardStyle_NL folded before Flop (didn't bet)
Seat 3: vladimir5421 folded before Flop (didn't bet)
Seat 5: Dorex2007 (button) folded before Flop (didn't bet)
Seat 6: davegoa (small blind) folded before Flop
Seat 7: Parker09SA (big blind) folded before Flop
Seat 8: rashidmoo collected ($0.05)
Seat 9: Golsuorsi folded before Flop (didn't bet)



PokerStars Hand #227722113314:  Hold'em No Limit ($0.01/$0.02 USD) - 2021/06/20 10:31:16 PT [2021/06/20 13:31:16 ET]
Table 'Cebriones' 9-max Seat #6 is the button
Seat 1: rad073 ($0.87 in chips) 
Seat 2: HardStyle_NL ($2.29 in chips) 
Seat 3: vladimir5421 ($1.95 in chips) 
Seat 5: Dorex2007 ($1.97 in chips) 
Seat 6: davegoa ($2 in chips) 
Seat 7: Parker09SA ($2.33 in chips) 
Parker09SA: posts small blind $0.01
Golsuorsi: is sitting out 
rad073: posts big blind $0.02
GuiliermoRos: sits out 
*** HOLE CARDS ***
Dealt to Dorex2007 [6h 5c]
HardStyle_NL: calls $0.02
Golsuorsi leaves the table
vladimir5421: raises $0.04 to $0.06
Dorex2007: folds 
davegoa: folds 
Parker09SA: folds 
rad073: calls $0.04
HardStyle_NL: calls $0.04
*** FLOP *** [Ts Jd 3s]
rad073: checks 
HardStyle_NL: checks 
vladimir5421: bets $0.09
rad073: folds 
HardStyle_NL: folds 
Uncalled bet ($0.09) returned to vladimir5421
vladimir5421 collected $0.18 from pot
vladimir5421: doesn't show hand 
*** SUMMARY ***
Total pot $0.19 | Rake $0.01 
Board [Ts Jd 3s]
Seat 1: rad073 (big blind) folded on the Flop
Seat 2: HardStyle_NL folded on the Flop
Seat 3: vladimir5421 collected ($0.18)
Seat 5: Dorex2007 folded before Flop (didn't bet)
Seat 6: davegoa (button) folded before Flop (didn't bet)
Seat 7: Parker09SA (small blind) folded before Flop



PokerStars Hand #227722131565:  Hold'em No Limit ($0.01/$0.02 USD) - 2021/06/20 10:31:55 PT [2021/06/20 13:31:55 ET]
Table 'Cebriones' 9-max Seat #7 is the button
Seat 1: rad073 ($0.81 in chips) 
Seat 2: HardStyle_NL ($2.23 in chips) 
Seat 3: vladimir5421 ($2.07 in chips) 
Seat 5: Dorex2007 ($1.97 in chips) 
Seat 6: davegoa ($2 in chips) 
Seat 7: Parker09SA ($2.32 in chips) 
rad073: posts small blind $0.01
HardStyle_NL: posts big blind $0.02
GuiliermoRos: sits out 
*** HOLE CARDS ***
Dealt to Dorex2007 [9h Kd]
vladimir5421: folds 
Dorex2007: folds 
davegoa: folds 
Parker09SA: folds 
rad073: folds 
Uncalled bet ($0.01) returned to HardStyle_NL
HardStyle_NL collected $0.02 from pot
HardStyle_NL: doesn't show hand 
*** SUMMARY ***
Total pot $0.02 | Rake $0 
Seat 1: rad073 (small blind) folded before Flop
Seat 2: HardStyle_NL (big blind) collected ($0.02)
Seat 3: vladimir5421 folded before Flop (didn't bet)
Seat 5: Dorex2007 folded before Flop (didn't bet)
Seat 6: davegoa folded before Flop (didn't bet)
Seat 7: Parker09SA (button) folded before Flop (didn't bet)



PokerStars Hand #227722140499:  Hold'em No Limit ($0.01/$0.02 USD) - 2021/06/20 10:32:13 PT [2021/06/20 13:32:13 ET]
Table 'Cebriones' 9-max Seat #1 is the button
Seat 1: rad073 ($0.80 in chips) 
Seat 2: HardStyle_NL ($2.24 in chips) 
Seat 3: vladimir5421 ($2.07 in chips) 
Seat 5: Dorex2007 ($1.97 in chips) 
Seat 6: davegoa ($2 in chips) 
Seat 7: Parker09SA ($2.32 in chips) 
HardStyle_NL: posts small blind $0.01
vladimir5421: posts big blind $0.02
GuiliermoRos: sits out 
rashidmoo: is sitting out 
*** HOLE CARDS ***
Dealt to Dorex2007 [3s 6d]
rashidmoo leaves the table
Dorex2007: folds 
davegoa: folds 
Parker09SA: folds 
rad073: folds 
HardStyle_NL: calls $0.01
vladimir5421: checks 
*** FLOP *** [Th Kd Jd]
HardStyle_NL: bets $0.04
vladimir5421: calls $0.04
*** TURN *** [Th Kd Jd] [Ts]
HardStyle_NL: checks 
vladimir5421: checks 
*** RIVER *** [Th Kd Jd Ts] [6s]
HardStyle_NL: bets $0.06
vladimir5421: folds 
Uncalled bet ($0.06) returned to HardStyle_NL
HardStyle_NL collected $0.12 from pot
HardStyle_NL: doesn't show hand 
*** SUMMARY ***
Total pot $0.12 | Rake $0 
Board [Th Kd Jd Ts 6s]
Seat 1: rad073 (button) folded before Flop (didn't bet)
Seat 2: HardStyle_NL (small blind) collected ($0.12)
Seat 3: vladimir5421 (big blind) folded on the River
Seat 5: Dorex2007 folded before Flop (didn't bet)
Seat 6: davegoa folded before Flop (didn't bet)
Seat 7: Parker09SA folded before Flop (didn't bet)



PokerStars Hand #227722164600:  Hold'em No Limit ($0.01/$0.02 USD) - 2021/06/20 10:33:04 PT [2021/06/20 13:33:04 ET]
Table 'Cebriones' 9-max Seat #2 is the button
Seat 1: rad073 ($0.80 in chips) 
Seat 2: HardStyle_NL ($2.30 in chips) 
Seat 3: vladimir5421 ($2.01 in chips) 
Seat 4: GuiliermoRos ($2 in chips) 
Seat 5: Dorex2007 ($1.97 in chips) 
Seat 6: davegoa ($2 in chips) 
Seat 7: Parker09SA ($2.32 in chips) 
vladimir5421: posts small blind $0.01
GuiliermoRos: posts big blind $0.02
*** HOLE CARDS ***
Dealt to Dorex2007 [3s 5c]
Dorex2007: folds 
davegoa: folds 
Parker09SA: folds 
rad073: calls $0.02
HardStyle_NL: folds 
vladimir5421: folds 
GuiliermoRos: checks 
*** FLOP *** [Ts 7d Qc]
GuiliermoRos: checks 
rad073: bets $0.05
GuiliermoRos: folds 
Uncalled bet ($0.05) returned to rad073
rad073 collected $0.05 from pot
*** SUMMARY ***
Total pot $0.05 | Rake $0 
Board [Ts 7d Qc]
Seat 1: rad073 collected ($0.05)
Seat 2: HardStyle_NL (button) folded before Flop (didn't bet)
Seat 3: vladimir5421 (small blind) folded before Flop
Seat 4: GuiliermoRos (big blind) folded on the Flop
Seat 5: Dorex2007 folded before Flop (didn't bet)
Seat 6: davegoa folded before Flop (didn't bet)
Seat 7: Parker09SA folded before Flop (didn't bet)



PokerStars Hand #227722177979:  Hold'em No Limit ($0.01/$0.02 USD) - 2021/06/20 10:33:32 PT [2021/06/20 13:33:32 ET]
Table 'Cebriones' 9-max Seat #3 is the button
Seat 1: rad073 ($0.83 in chips) 
Seat 2: HardStyle_NL ($2.30 in chips) 
Seat 3: vladimir5421 ($2 in chips) 
Seat 4: GuiliermoRos ($1.98 in chips) 
Seat 5: Dorex2007 ($1.97 in chips) 
Seat 6: davegoa ($2 in chips) 
Seat 7: Parker09SA ($2.32 in chips) 
GuiliermoRos: posts small blind $0.01
Dorex2007: posts big blind $0.02
*** HOLE CARDS ***
Dealt to Dorex2007 [Th Ah]
davegoa: folds 
Parker09SA: folds 
rad073: raises $0.04 to $0.06
HardStyle_NL has timed out
HardStyle_NL: folds 
vladimir5421: folds 
GuiliermoRos: folds 
Dorex2007: calls $0.04
*** FLOP *** [As 3c 2c]
GuiliermoRos leaves the table
HardStyle_NL is disconnected 
Dorex2007: checks 
rad073: bets $0.08
Dorex2007: calls $0.08
*** TURN *** [As 3c 2c] [4d]
Dorex2007: checks 
rad073: checks 
*** RIVER *** [As 3c 2c 4d] [6c]
Dorex2007: checks 
rad073: checks 
*** SHOW DOWN ***
Dorex2007: shows [Th Ah] (a pair of Aces)
rad073: mucks hand 
Dorex2007 collected $0.28 from pot
*** SUMMARY ***
Total pot $0.29 | Rake $0.01 
Board [As 3c 2c 4d 6c]
Seat 1: rad073 mucked [8c 8h]
Seat 2: HardStyle_NL folded before Flop (didn't bet)
Seat 3: vladimir5421 (button) folded before Flop (didn't bet)
Seat 4: GuiliermoRos (small blind) folded before Flop
Seat 5: Dorex2007 (big blind) showed [Th Ah] and won ($0.28) with a pair of Aces
Seat 6: davegoa folded before Flop (didn't bet)
Seat 7: Parker09SA folded before Flop (didn't bet)



PokerStars Hand #227722217272:  Hold'em No Limit ($0.01/$0.02 USD) - 2021/06/20 10:34:54 PT [2021/06/20 13:34:54 ET]
Table 'Cebriones' 9-max Seat #5 is the button
Seat 1: rad073 ($0.69 in chips) 
Seat 2: HardStyle_NL ($2.30 in chips) 
Seat 3: vladimir5421 ($2 in chips) 
Seat 5: Dorex2007 ($2.11 in chips) 
Seat 6: davegoa ($2 in chips) 
Seat 7: Parker09SA ($2.32 in chips) 
davegoa: posts small blind $0.01
Parker09SA: posts big blind $0.02
*** HOLE CARDS ***
Dealt to Dorex2007 [7s 9c]
rad073: folds 
POLLO ISRA75 joins the table at seat #8 
HardStyle_NL has timed out
HardStyle_NL: folds 
vladimir5421: folds 
Dorex2007: folds 
davegoa: folds 
Uncalled bet ($0.01) returned to Parker09SA
Parker09SA collected $0.02 from pot
Parker09SA: doesn't show hand 
*** SUMMARY ***
Total pot $0.02 | Rake $0 
Seat 1: rad073 folded before Flop (didn't bet)
Seat 2: HardStyle_NL folded before Flop (didn't bet)
Seat 3: vladimir5421 folded before Flop (didn't bet)
Seat 5: Dorex2007 (button) folded before Flop (didn't bet)
Seat 6: davegoa (small blind) folded before Flop
Seat 7: Parker09SA (big blind) collected ($0.02)



PokerStars Hand #227722227092:  Hold'em No Limit ($0.01/$0.02 USD) - 2021/06/20 10:35:15 PT [2021/06/20 13:35:15 ET]
Table 'Cebriones' 9-max Seat #6 is the button
Seat 1: rad073 ($0.69 in chips) 
Seat 2: HardStyle_NL ($2.30 in chips) 
Seat 3: vladimir5421 ($2 in chips) 
Seat 5: Dorex2007 ($2.11 in chips) 
Seat 6: davegoa ($2 in chips) 
Seat 7: Parker09SA ($2.33 in chips) 
Seat 8: POLLO ISRA75 ($2 in chips) 
Parker09SA: posts small blind $0.01
POLLO ISRA75: posts big blind $0.02
*** HOLE CARDS ***
Dealt to Dorex2007 [Qs 9h]
Makka81 joins the table at seat #9 
rad073: folds 
HardStyle_NL: folds 
vladimir5421: folds 
Dorex2007: folds 
davegoa: raises $0.02 to $0.04
Parker09SA: folds 
POLLO ISRA75: folds 
Uncalled bet ($0.02) returned to davegoa
davegoa collected $0.05 from pot
davegoa: doesn't show hand 
*** SUMMARY ***
Total pot $0.05 | Rake $0 
Seat 1: rad073 folded before Flop (didn't bet)
Seat 2: HardStyle_NL folded before Flop (didn't bet)
Seat 3: vladimir5421 folded before Flop (didn't bet)
Seat 5: Dorex2007 folded before Flop (didn't bet)
Seat 6: davegoa (button) collected ($0.05)
Seat 7: Parker09SA (small blind) folded before Flop
Seat 8: POLLO ISRA75 (big blind) folded before Flop



PokerStars Hand #227722239850:  Hold'em No Limit ($0.01/$0.02 USD) - 2021/06/20 10:35:42 PT [2021/06/20 13:35:42 ET]
Table 'Cebriones' 9-max Seat #7 is the button
Seat 1: rad073 ($0.69 in chips) 
Seat 2: HardStyle_NL ($2.30 in chips) 
Seat 3: vladimir5421 ($2 in chips) 
Seat 5: Dorex2007 ($2.11 in chips) 
Seat 6: davegoa ($2.03 in chips) 
Seat 7: Parker09SA ($2.32 in chips) 
Seat 8: POLLO ISRA75 ($1.98 in chips) 
Seat 9: Makka81 ($1.52 in chips) 
POLLO ISRA75: posts small blind $0.01
Makka81: posts big blind $0.02
*** HOLE CARDS ***
Dealt to Dorex2007 [Ah Ts]
rad073: raises $0.05 to $0.07
HardStyle_NL: folds 
vladimir5421: raises $0.17 to $0.24
Dorex2007: folds 
davegoa: folds 
Parker09SA: folds 
POLLO ISRA75: folds 
b.lautaro29 joins the table at seat #4 
Makka81 has timed out
Makka81: folds 
rad073: raises $0.45 to $0.69 and is all-in
vladimir5421: calls $0.45
*** FLOP *** [7s Qd 2c]
*** TURN *** [7s Qd 2c] [Jd]
*** RIVER *** [7s Qd 2c Jd] [7d]
*** SHOW DOWN ***
rad073: shows [8s 8c] (two pair, Eights and Sevens)
vladimir5421: shows [Ad As] (two pair, Aces and Sevens)
vladimir5421 collected $1.36 from pot
*** SUMMARY ***
Total pot $1.41 | Rake $0.05 
Board [7s Qd 2c Jd 7d]
Seat 1: rad073 showed [8s 8c] and lost with two pair, Eights and Sevens
Seat 2: HardStyle_NL folded before Flop (didn't bet)
Seat 3: vladimir5421 showed [Ad As] and won ($1.36) with two pair, Aces and Sevens
Seat 5: Dorex2007 folded before Flop (didn't bet)
Seat 6: davegoa folded before Flop (didn't bet)
Seat 7: Parker09SA (button) folded before Flop (didn't bet)
Seat 8: POLLO ISRA75 (small blind) folded before Flop
Seat 9: Makka81 (big blind) folded before Flop



PokerStars Hand #227722288756:  Hold'em No Limit ($0.01/$0.02 USD) - 2021/06/20 10:37:25 PT [2021/06/20 13:37:25 ET]
Table 'Cebriones' 9-max Seat #8 is the button
Seat 2: HardStyle_NL ($2.30 in chips) 
Seat 3: vladimir5421 ($2.67 in chips) 
Seat 5: Dorex2007 ($2.11 in chips) 
Seat 6: davegoa ($2.03 in chips) 
Seat 7: Parker09SA ($2.32 in chips) 
Seat 8: POLLO ISRA75 ($1.97 in chips) 
Seat 9: Makka81 ($1.50 in chips) 
Makka81: posts small blind $0.01
HardStyle_NL: posts big blind $0.02
b.lautaro29: sits out 
*** HOLE CARDS ***
Dealt to Dorex2007 [Kh 4d]
vladimir5421: folds 
Dorex2007: folds 
rad073 leaves the table
davegoa: folds 
Parker09SA: folds 
POLLO ISRA75 has timed out
POLLO ISRA75: folds 
Makka81: calls $0.01
HardStyle_NL: checks 
*** FLOP *** [Jc 5s 7c]
Makka81: checks 
HardStyle_NL: checks 
*** TURN *** [Jc 5s 7c] [As]
Makka81: checks 
HardStyle_NL: checks 
*** RIVER *** [Jc 5s 7c As] [2d]
Makka81: checks 
HardStyle_NL: checks 
*** SHOW DOWN ***
Makka81: shows [6h 3c] (high card Ace)
HardStyle_NL: shows [4s 2c] (a pair of Deuces)
HardStyle_NL collected $0.04 from pot
*** SUMMARY ***
Total pot $0.04 | Rake $0 
Board [Jc 5s 7c As 2d]
Seat 2: HardStyle_NL (big blind) showed [4s 2c] and won ($0.04) with a pair of Deuces
Seat 3: vladimir5421 folded before Flop (didn't bet)
Seat 5: Dorex2007 folded before Flop (didn't bet)
Seat 6: davegoa folded before Flop (didn't bet)
Seat 7: Parker09SA folded before Flop (didn't bet)
Seat 8: POLLO ISRA75 (button) folded before Flop (didn't bet)
Seat 9: Makka81 (small blind) showed [6h 3c] and lost with high card Ace



PokerStars Hand #227722309958:  Hold'em No Limit ($0.01/$0.02 USD) - 2021/06/20 10:38:10 PT [2021/06/20 13:38:10 ET]
Table 'Cebriones' 9-max Seat #9 is the button
Seat 2: HardStyle_NL ($2.32 in chips) 
Seat 3: vladimir5421 ($2.67 in chips) 
Seat 5: Dorex2007 ($2.11 in chips) 
Seat 6: davegoa ($2.03 in chips) 
Seat 7: Parker09SA ($2.32 in chips) 
Seat 9: Makka81 ($1.48 in chips) 
HardStyle_NL: posts small blind $0.01
vladimir5421: posts big blind $0.02
b.lautaro29: sits out 
*** HOLE CARDS ***
Dealt to Dorex2007 [9h 8s]
Dorex2007: folds 
davegoa: folds 
Parker09SA: folds 
Makka81: folds 
HardStyle_NL: folds 
Uncalled bet ($0.01) returned to vladimir5421
vladimir5421 collected $0.02 from pot
vladimir5421: doesn't show hand 
*** SUMMARY ***
Total pot $0.02 | Rake $0 
Seat 2: HardStyle_NL (small blind) folded before Flop
Seat 3: vladimir5421 (big blind) collected ($0.02)
Seat 5: Dorex2007 folded before Flop (didn't bet)
Seat 6: davegoa folded before Flop (didn't bet)
Seat 7: Parker09SA folded before Flop (didn't bet)
Seat 9: Makka81 (button) folded before Flop (didn't bet)



PokerStars Hand #227722319601:  Hold'em No Limit ($0.01/$0.02 USD) - 2021/06/20 10:38:30 PT [2021/06/20 13:38:30 ET]
Table 'Cebriones' 9-max Seat #2 is the button
Seat 2: HardStyle_NL ($2.31 in chips) 
Seat 3: vladimir5421 ($2.68 in chips) 
Seat 4: b.lautaro29 ($2 in chips) 
Seat 5: Dorex2007 ($2.11 in chips) 
Seat 6: davegoa ($2.03 in chips) 
Seat 7: Parker09SA ($2.32 in chips) 
Seat 8: POLLO ISRA75 ($1.97 in chips) 
Seat 9: Makka81 ($1.48 in chips) 
vladimir5421: posts small blind $0.01
b.lautaro29: posts big blind $0.02
*** HOLE CARDS ***
Dealt to Dorex2007 [4d 3s]
Dorex2007: folds 
davegoa: folds 
Parker09SA: folds 
loyola2211 joins the table at seat #1 
POLLO ISRA75: folds 
Makka81: folds 
HardStyle_NL: raises $0.04 to $0.06
vladimir5421: folds 
b.lautaro29: folds 
Uncalled bet ($0.04) returned to HardStyle_NL
HardStyle_NL collected $0.05 from pot
HardStyle_NL: doesn't show hand 
*** SUMMARY ***
Total pot $0.05 | Rake $0 
Seat 2: HardStyle_NL (button) collected ($0.05)
Seat 3: vladimir5421 (small blind) folded before Flop
Seat 4: b.lautaro29 (big blind) folded before Flop
Seat 5: Dorex2007 folded before Flop (didn't bet)
Seat 6: davegoa folded before Flop (didn't bet)
Seat 7: Parker09SA folded before Flop (didn't bet)
Seat 8: POLLO ISRA75 folded before Flop (didn't bet)
Seat 9: Makka81 folded before Flop (didn't bet)



PokerStars Hand #227722334682:  Hold'em No Limit ($0.01/$0.02 USD) - 2021/06/20 10:39:02 PT [2021/06/20 13:39:02 ET]
Table 'Cebriones' 9-max Seat #3 is the button
Seat 2: HardStyle_NL ($2.34 in chips) 
Seat 3: vladimir5421 ($2.67 in chips) 
Seat 4: b.lautaro29 ($2 in chips) 
Seat 5: Dorex2007 ($2.11 in chips) 
Seat 6: davegoa ($2.03 in chips) 
Seat 7: Parker09SA ($2.32 in chips) 
Seat 8: POLLO ISRA75 ($1.97 in chips) 
Seat 9: Makka81 ($1.48 in chips) 
b.lautaro29: posts small blind $0.01
Dorex2007: posts big blind $0.02
loyola2211: sits out 
*** HOLE CARDS ***
Dealt to Dorex2007 [Ad 6s]
davegoa: folds 
Parker09SA: raises $0.04 to $0.06
POLLO ISRA75: folds 
Makka81: folds 
HardStyle_NL: folds 
vladimir5421: folds 
b.lautaro29: folds 
Dorex2007: folds 
Uncalled bet ($0.04) returned to Parker09SA
Parker09SA collected $0.05 from pot
Parker09SA: doesn't show hand 
*** SUMMARY ***
Total pot $0.05 | Rake $0 
Seat 2: HardStyle_NL folded before Flop (didn't bet)
Seat 3: vladimir5421 (button) folded before Flop (didn't bet)
Seat 4: b.lautaro29 (small blind) folded before Flop
Seat 5: Dorex2007 (big blind) folded before Flop
Seat 6: davegoa folded before Flop (didn't bet)
Seat 7: Parker09SA collected ($0.05)
Seat 8: POLLO ISRA75 folded before Flop (didn't bet)
Seat 9: Makka81 folded before Flop (didn't bet)



PokerStars Hand #227722345613:  Hold'em No Limit ($0.01/$0.02 USD) - 2021/06/20 10:39:25 PT [2021/06/20 13:39:25 ET]
Table 'Cebriones' 9-max Seat #4 is the button
Seat 2: HardStyle_NL ($2.34 in chips) 
Seat 3: vladimir5421 ($2.67 in chips) 
Seat 4: b.lautaro29 ($2 in chips) 
Seat 5: Dorex2007 ($2.09 in chips) 
Seat 6: davegoa ($2.03 in chips) 
Seat 7: Parker09SA ($2.35 in chips) 
Seat 8: POLLO ISRA75 ($1.97 in chips) 
Seat 9: Makka81 ($1.48 in chips) 
Dorex2007: posts small blind $0.01
davegoa: posts big blind $0.02
loyola2211: sits out 
*** HOLE CARDS ***
Dealt to Dorex2007 [6s Qh]
Parker09SA: folds 
POLLO ISRA75: calls $0.02
Makka81: calls $0.02
HardStyle_NL: folds 
vladimir5421: folds 
b.lautaro29: folds 
Dorex2007: folds 
davegoa: checks 
*** FLOP *** [7h Qs 2s]
davegoa: checks 
POLLO ISRA75: checks 
Makka81: checks 
*** TURN *** [7h Qs 2s] [7d]
davegoa: checks 
POLLO ISRA75: checks 
Makka81: bets $0.04
davegoa: folds 
POLLO ISRA75: calls $0.04
*** RIVER *** [7h Qs 2s 7d] [2h]
POLLO ISRA75 has timed out
POLLO ISRA75: checks 
Makka81: bets $0.10
POLLO ISRA75 has timed out
POLLO ISRA75: folds 
Uncalled bet ($0.10) returned to Makka81
Makka81 collected $0.14 from pot
*** SUMMARY ***
Total pot $0.15 | Rake $0.01 
Board [7h Qs 2s 7d 2h]
Seat 2: HardStyle_NL folded before Flop (didn't bet)
Seat 3: vladimir5421 folded before Flop (didn't bet)
Seat 4: b.lautaro29 (button) folded before Flop (didn't bet)
Seat 5: Dorex2007 (small blind) folded before Flop
Seat 6: davegoa (big blind) folded on the Turn
Seat 7: Parker09SA folded before Flop (didn't bet)
Seat 8: POLLO ISRA75 folded on the River
Seat 9: Makka81 collected ($0.14)



PokerStars Hand #227722402930:  Hold'em No Limit ($0.01/$0.02 USD) - 2021/06/20 10:41:27 PT [2021/06/20 13:41:27 ET]
Table 'Cebriones' 9-max Seat #5 is the button
Seat 2: HardStyle_NL ($2.34 in chips) 
Seat 3: vladimir5421 ($2.67 in chips) 
Seat 4: b.lautaro29 ($2 in chips) 
Seat 5: Dorex2007 ($2.08 in chips) 
Seat 6: davegoa ($2.01 in chips) 
Seat 7: Parker09SA ($2.35 in chips) 
Seat 8: POLLO ISRA75 ($1.91 in chips) 
Seat 9: Makka81 ($1.56 in chips) 
davegoa: posts small blind $0.01
Parker09SA: posts big blind $0.02
loyola2211: sits out 
*** HOLE CARDS ***
Dealt to Dorex2007 [3d Qc]
POLLO ISRA75: folds 
Makka81: calls $0.02
HardStyle_NL: folds 
vladimir5421: folds 
b.lautaro29: raises $0.04 to $0.06
Dorex2007: folds 
davegoa: folds 
Parker09SA: raises $0.16 to $0.22
Makka81: folds 
b.lautaro29: folds 
Uncalled bet ($0.16) returned to Parker09SA
Parker09SA collected $0.15 from pot
Parker09SA: doesn't show hand 
*** SUMMARY ***
Total pot $0.15 | Rake $0 
Seat 2: HardStyle_NL folded before Flop (didn't bet)
Seat 3: vladimir5421 folded before Flop (didn't bet)
Seat 4: b.lautaro29 folded before Flop
Seat 5: Dorex2007 (button) folded before Flop (didn't bet)
Seat 6: davegoa (small blind) folded before Flop
Seat 7: Parker09SA (big blind) collected ($0.15)
Seat 8: POLLO ISRA75 folded before Flop (didn't bet)
Seat 9: Makka81 folded before Flop



PokerStars Hand #227722419344:  Hold'em No Limit ($0.01/$0.02 USD) - 2021/06/20 10:42:02 PT [2021/06/20 13:42:02 ET]
Table 'Cebriones' 9-max Seat #6 is the button
Seat 2: HardStyle_NL ($2.34 in chips) 
Seat 3: vladimir5421 ($2.67 in chips) 
Seat 4: b.lautaro29 ($2 in chips) 
Seat 5: Dorex2007 ($2.08 in chips) 
Seat 6: davegoa ($2 in chips) 
Seat 7: Parker09SA ($2.44 in chips) 
Seat 8: POLLO ISRA75 ($1.91 in chips) 
Seat 9: Makka81 ($1.54 in chips) 
Parker09SA: posts small blind $0.01
POLLO ISRA75: posts big blind $0.02
loyola2211: sits out 
*** HOLE CARDS ***
Dealt to Dorex2007 [7c 6c]
Makka81: calls $0.02
HardStyle_NL has timed out
HardStyle_NL: folds 
vladimir5421: folds 
b.lautaro29: folds 
Dorex2007: calls $0.02
davegoa: folds 
Parker09SA: folds 
POLLO ISRA75 has timed out
POLLO ISRA75: checks 
*** FLOP *** [5h 4s Kh]
POLLO ISRA75: checks 
Makka81: bets $0.04
Dorex2007: calls $0.04
POLLO ISRA75: raises $0.14 to $0.18
Makka81: calls $0.14
Dorex2007: folds 
*** TURN *** [5h 4s Kh] [Tc]
POLLO ISRA75: bets $1.48
Makka81: calls $1.34 and is all-in
Uncalled bet ($0.14) returned to POLLO ISRA75
*** RIVER *** [5h 4s Kh Tc] [Ah]
*** SHOW DOWN ***
POLLO ISRA75: shows [Kc 4h] (two pair, Kings and Fours)
Makka81: shows [Ks Js] (a pair of Kings)
POLLO ISRA75 cashed out the hand for $2.40 | Cash Out Fee $0.02
*** SUMMARY ***
Total pot $3.15 | Rake $0.11 
Board [5h 4s Kh Tc Ah]
Seat 2: HardStyle_NL folded before Flop (didn't bet)
Seat 3: vladimir5421 folded before Flop (didn't bet)
Seat 4: b.lautaro29 folded before Flop (didn't bet)
Seat 5: Dorex2007 folded on the Flop
Seat 6: davegoa (button) folded before Flop (didn't bet)
Seat 7: Parker09SA (small blind) folded before Flop
Seat 8: POLLO ISRA75 (big blind) showed [Kc 4h] and won ($3.04) with two pair, Kings and Fours (pot not awarded as player cashed out)
Seat 9: Makka81 showed [Ks Js] and lost with a pair of Kings



PokerStars Hand #227722475329:  Hold'em No Limit ($0.01/$0.02 USD) - 2021/06/20 10:43:43 PT [2021/06/20 13:43:43 ET]
Table 'Cebriones' 9-max Seat #7 is the button
Seat 1: loyola2211 ($2 in chips) 
Seat 2: HardStyle_NL ($2.34 in chips) 
Seat 3: vladimir5421 ($2.67 in chips) 
Seat 4: b.lautaro29 ($2 in chips) 
Seat 5: Dorex2007 ($2.02 in chips) 
Seat 6: davegoa ($2 in chips) 
Seat 7: Parker09SA ($2.43 in chips) 
Seat 8: POLLO ISRA75 ($2.77 in chips) 
POLLO ISRA75: posts small blind $0.01
loyola2211: posts big blind $0.02
*** HOLE CARDS ***
Dealt to Dorex2007 [3s 6s]
HardStyle_NL: folds 
vladimir5421: folds 
b.lautaro29: raises $0.04 to $0.06
Makka81 leaves the table
Dorex2007: folds 
davegoa: calls $0.06
Parker09SA: folds 
POLLO ISRA75: folds 
loyola2211: folds 
*** FLOP *** [2c 3d Ks]
happystone71 joins the table at seat #9 
b.lautaro29: bets $0.07
davegoa: folds 
Uncalled bet ($0.07) returned to b.lautaro29
b.lautaro29 collected $0.14 from pot
b.lautaro29: doesn't show hand 
*** SUMMARY ***
Total pot $0.15 | Rake $0.01 
Board [2c 3d Ks]
Seat 1: loyola2211 (big blind) folded before Flop
Seat 2: HardStyle_NL folded before Flop (didn't bet)
Seat 3: vladimir5421 folded before Flop (didn't bet)
Seat 4: b.lautaro29 collected ($0.14)
Seat 5: Dorex2007 folded before Flop (didn't bet)
Seat 6: davegoa folded on the Flop
Seat 7: Parker09SA (button) folded before Flop (didn't bet)
Seat 8: POLLO ISRA75 (small blind) folded before Flop



PokerStars Hand #227722494202:  Hold'em No Limit ($0.01/$0.02 USD) - 2021/06/20 10:44:23 PT [2021/06/20 13:44:23 ET]
Table 'Cebriones' 9-max Seat #8 is the button
Seat 1: loyola2211 ($1.98 in chips) 
Seat 2: HardStyle_NL ($2.34 in chips) 
Seat 3: vladimir5421 ($2.67 in chips) 
Seat 4: b.lautaro29 ($2.08 in chips) 
Seat 5: Dorex2007 ($2.02 in chips) 
Seat 6: davegoa ($2 in chips) 
Seat 7: Parker09SA ($2.43 in chips) 
Seat 8: POLLO ISRA75 ($2.76 in chips) 
loyola2211: posts small blind $0.01
HardStyle_NL: posts big blind $0.02
*** HOLE CARDS ***
Dealt to Dorex2007 [3d 4c]
vladimir5421: folds 
b.lautaro29: folds 
Dorex2007: folds 
davegoa: folds 
Parker09SA: folds 
POLLO ISRA75 has timed out
POLLO ISRA75: folds 
loyola2211: folds 
Uncalled bet ($0.01) returned to HardStyle_NL
HardStyle_NL collected $0.02 from pot
HardStyle_NL: doesn't show hand 
*** SUMMARY ***
Total pot $0.02 | Rake $0 
Seat 1: loyola2211 (small blind) folded before Flop
Seat 2: HardStyle_NL (big blind) collected ($0.02)
Seat 3: vladimir5421 folded before Flop (didn't bet)
Seat 4: b.lautaro29 folded before Flop (didn't bet)
Seat 5: Dorex2007 folded before Flop (didn't bet)
Seat 6: davegoa folded before Flop (didn't bet)
Seat 7: Parker09SA folded before Flop (didn't bet)
Seat 8: POLLO ISRA75 (button) folded before Flop (didn't bet)



PokerStars Hand #227722507672:  Hold'em No Limit ($0.01/$0.02 USD) - 2021/06/20 10:44:51 PT [2021/06/20 13:44:51 ET]
Table 'Cebriones' 9-max Seat #1 is the button
Seat 1: loyola2211 ($1.97 in chips) 
Seat 2: HardStyle_NL ($2.35 in chips) 
Seat 3: vladimir5421 ($2.67 in chips) 
Seat 4: b.lautaro29 ($2.08 in chips) 
Seat 5: Dorex2007 ($2.02 in chips) 
Seat 6: davegoa ($2 in chips) 
Seat 7: Parker09SA ($2.43 in chips) 
Seat 8: POLLO ISRA75 ($2.76 in chips) 
HardStyle_NL: posts small blind $0.01
vladimir5421: posts big blind $0.02
happystone71: sits out 
*** HOLE CARDS ***
Dealt to Dorex2007 [6d 5c]
b.lautaro29: raises $0.04 to $0.06
Dorex2007: folds 
davegoa: folds 
Parker09SA: folds 
POLLO ISRA75: folds 
loyola2211: folds 
HardStyle_NL: folds 
vladimir5421: folds 
Uncalled bet ($0.04) returned to b.lautaro29
b.lautaro29 collected $0.05 from pot
b.lautaro29: doesn't show hand 
*** SUMMARY ***
Total pot $0.05 | Rake $0 
Seat 1: loyola2211 (button) folded before Flop (didn't bet)
Seat 2: HardStyle_NL (small blind) folded before Flop
Seat 3: vladimir5421 (big blind) folded before Flop
Seat 4: b.lautaro29 collected ($0.05)
Seat 5: Dorex2007 folded before Flop (didn't bet)
Seat 6: davegoa folded before Flop (didn't bet)
Seat 7: Parker09SA folded before Flop (didn't bet)
Seat 8: POLLO ISRA75 folded before Flop (didn't bet)



PokerStars Hand #227722524091:  Hold'em No Limit ($0.01/$0.02 USD) - 2021/06/20 10:45:26 PT [2021/06/20 13:45:26 ET]
Table 'Cebriones' 9-max Seat #2 is the button
Seat 1: loyola2211 ($1.97 in chips) 
Seat 2: HardStyle_NL ($2.34 in chips) 
Seat 3: vladimir5421 ($2.65 in chips) 
Seat 4: b.lautaro29 ($2.11 in chips) 
Seat 5: Dorex2007 ($2.02 in chips) 
Seat 6: davegoa ($2 in chips) 
Seat 7: Parker09SA ($2.43 in chips) 
Seat 8: POLLO ISRA75 ($2.76 in chips) 
vladimir5421: posts small blind $0.01
b.lautaro29: posts big blind $0.02
happystone71: sits out 
*** HOLE CARDS ***
Dealt to Dorex2007 [3h Ad]
Dorex2007: folds 
davegoa has timed out
davegoa: folds 
Parker09SA: folds 
POLLO ISRA75: calls $0.02
loyola2211: calls $0.02
HardStyle_NL: folds 
vladimir5421: folds 
b.lautaro29: checks 
*** FLOP *** [Ts 3c 4d]
b.lautaro29: checks 
POLLO ISRA75: checks 
loyola2211: checks 
*** TURN *** [Ts 3c 4d] [6d]
b.lautaro29: checks 
POLLO ISRA75 has timed out
POLLO ISRA75: checks 
loyola2211: checks 
*** RIVER *** [Ts 3c 4d 6d] [Jd]
b.lautaro29: checks 
POLLO ISRA75: checks 
loyola2211: checks 
*** SHOW DOWN ***
b.lautaro29: shows [Js 2c] (a pair of Jacks)
POLLO ISRA75: mucks hand 
loyola2211: mucks hand 
b.lautaro29 collected $0.07 from pot
*** SUMMARY ***
Total pot $0.07 | Rake $0 
Board [Ts 3c 4d 6d Jd]
Seat 1: loyola2211 mucked [Ah 7h]
Seat 2: HardStyle_NL (button) folded before Flop (didn't bet)
Seat 3: vladimir5421 (small blind) folded before Flop
Seat 4: b.lautaro29 (big blind) showed [Js 2c] and won ($0.07) with a pair of Jacks
Seat 5: Dorex2007 folded before Flop (didn't bet)
Seat 6: davegoa folded before Flop (didn't bet)
Seat 7: Parker09SA folded before Flop (didn't bet)
Seat 8: POLLO ISRA75 mucked [Qd Tc]



PokerStars Hand #227722567941:  Hold'em No Limit ($0.01/$0.02 USD) - 2021/06/20 10:46:58 PT [2021/06/20 13:46:58 ET]
Table 'Cebriones' 9-max Seat #3 is the button
Seat 1: loyola2211 ($1.95 in chips) 
Seat 2: HardStyle_NL ($2.34 in chips) 
Seat 3: vladimir5421 ($2.64 in chips) 
Seat 4: b.lautaro29 ($2.16 in chips) 
Seat 5: Dorex2007 ($2.02 in chips) 
Seat 7: Parker09SA ($2.43 in chips) 
Seat 8: POLLO ISRA75 ($2.74 in chips) 
b.lautaro29: posts small blind $0.01
Dorex2007: posts big blind $0.02
happystone71: sits out 
*** HOLE CARDS ***
Dealt to Dorex2007 [2h Jh]
Parker09SA: folds 
POLLO ISRA75 has timed out
POLLO ISRA75: folds 
loyola2211: folds 
HardStyle_NL: folds 
vladimir5421: folds 
b.lautaro29: folds 
Uncalled bet ($0.01) returned to Dorex2007
Dorex2007 collected $0.02 from pot
Dorex2007: doesn't show hand 
*** SUMMARY ***
Total pot $0.02 | Rake $0 
Seat 1: loyola2211 folded before Flop (didn't bet)
Seat 2: HardStyle_NL folded before Flop (didn't bet)
Seat 3: vladimir5421 (button) folded before Flop (didn't bet)
Seat 4: b.lautaro29 (small blind) folded before Flop
Seat 5: Dorex2007 (big blind) collected ($0.02)
Seat 7: Parker09SA folded before Flop (didn't bet)
Seat 8: POLLO ISRA75 folded before Flop (didn't bet)



PokerStars Hand #227722590542:  Hold'em No Limit ($0.01/$0.02 USD) - 2021/06/20 10:47:25 PT [2021/06/20 13:47:25 ET]
Table 'Cebriones' 9-max Seat #4 is the button
Seat 1: loyola2211 ($1.95 in chips) 
Seat 2: HardStyle_NL ($2.34 in chips) 
Seat 3: vladimir5421 ($2.64 in chips) 
Seat 4: b.lautaro29 ($2.15 in chips) 
Seat 5: Dorex2007 ($2.03 in chips) 
Seat 7: Parker09SA ($2.43 in chips) 
Seat 8: POLLO ISRA75 ($2.74 in chips) 
Dorex2007: posts small blind $0.01
Parker09SA: posts big blind $0.02
happystone71: sits out 
*** HOLE CARDS ***
Dealt to Dorex2007 [2d Qc]
POLLO ISRA75: folds 
loyola2211: folds 
HardStyle_NL: folds 
vladimir5421: folds 
b.lautaro29: raises $0.04 to $0.06
Dorex2007: folds 
Parker09SA: calls $0.04
*** FLOP *** [Kh 9c 4d]
Parker09SA: checks 
davegoa leaves the table
KnockYouOUT1 joins the table at seat #6 
b.lautaro29: bets $0.06
Parker09SA: calls $0.06
*** TURN *** [Kh 9c 4d] [Qd]
Parker09SA: checks 
b.lautaro29: checks 
*** RIVER *** [Kh 9c 4d Qd] [Qs]
Parker09SA: bets $0.14
b.lautaro29: calls $0.14
*** SHOW DOWN ***
Parker09SA: shows [Qh As] (three of a kind, Queens)
b.lautaro29: mucks hand 
Parker09SA collected $0.51 from pot
*** SUMMARY ***
Total pot $0.53 | Rake $0.02 
Board [Kh 9c 4d Qd Qs]
Seat 1: loyola2211 folded before Flop (didn't bet)
Seat 2: HardStyle_NL folded before Flop (didn't bet)
Seat 3: vladimir5421 folded before Flop (didn't bet)
Seat 4: b.lautaro29 (button) mucked [Kc 2c]
Seat 5: Dorex2007 (small blind) folded before Flop
Seat 7: Parker09SA (big blind) showed [Qh As] and won ($0.51) with three of a kind, Queens
Seat 8: POLLO ISRA75 folded before Flop (didn't bet)



PokerStars Hand #227722609676:  Hold'em No Limit ($0.01/$0.02 USD) - 2021/06/20 10:48:05 PT [2021/06/20 13:48:05 ET]
Table 'Cebriones' 9-max Seat #5 is the button
Seat 1: loyola2211 ($1.95 in chips) 
Seat 2: HardStyle_NL ($2.34 in chips) 
Seat 3: vladimir5421 ($2.64 in chips) 
Seat 4: b.lautaro29 ($2 in chips) 
Seat 5: Dorex2007 ($2.02 in chips) 
Seat 7: Parker09SA ($2.68 in chips) 
Seat 8: POLLO ISRA75 ($2.74 in chips) 
Parker09SA: posts small blind $0.01
POLLO ISRA75: posts big blind $0.02
happystone71: sits out 
*** HOLE CARDS ***
Dealt to Dorex2007 [4c Kd]
loyola2211: raises $0.04 to $0.06
HardStyle_NL: folds 
vladimir5421: folds 
b.lautaro29: folds 
Dorex2007: folds 
Parker09SA: folds 
POLLO ISRA75 has timed out
POLLO ISRA75: folds 
Uncalled bet ($0.04) returned to loyola2211
loyola2211 collected $0.05 from pot
loyola2211: doesn't show hand 
*** SUMMARY ***
Total pot $0.05 | Rake $0 
Seat 1: loyola2211 collected ($0.05)
Seat 2: HardStyle_NL folded before Flop (didn't bet)
Seat 3: vladimir5421 folded before Flop (didn't bet)
Seat 4: b.lautaro29 folded before Flop (didn't bet)
Seat 5: Dorex2007 (button) folded before Flop (didn't bet)
Seat 7: Parker09SA (small blind) folded before Flop
Seat 8: POLLO ISRA75 (big blind) folded before Flop



PokerStars Hand #227722629855:  Hold'em No Limit ($0.01/$0.02 USD) - 2021/06/20 10:48:48 PT [2021/06/20 13:48:48 ET]
Table 'Cebriones' 9-max Seat #7 is the button
Seat 2: HardStyle_NL ($2.34 in chips) 
Seat 3: vladimir5421 ($2.64 in chips) 
Seat 4: b.lautaro29 ($2 in chips) 
Seat 5: Dorex2007 ($2.02 in chips) 
Seat 6: KnockYouOUT1 ($1.60 in chips) 
Seat 7: Parker09SA ($2.67 in chips) 
HardStyle_NL: posts small blind $0.01
vladimir5421: posts big blind $0.02
KnockYouOUT1: posts big blind $0.02
*** HOLE CARDS ***
Dealt to Dorex2007 [Qd 8c]
b.lautaro29: folds 
Dorex2007: folds 
KnockYouOUT1: checks 
Parker09SA: calls $0.02
chacalay1 joins the table at seat #1 
HardStyle_NL: calls $0.01
vladimir5421: checks 
*** FLOP *** [6d Qs Ac]
HardStyle_NL: checks 
vladimir5421: checks 
KnockYouOUT1: checks 
Parker09SA: checks 
*** TURN *** [6d Qs Ac] [9d]
HardStyle_NL: bets $0.04
vladimir5421: calls $0.04
KnockYouOUT1: folds 
Parker09SA: folds 
*** RIVER *** [6d Qs Ac 9d] [5s]
HardStyle_NL: checks 
vladimir5421: checks 
*** SHOW DOWN ***
HardStyle_NL: shows [5d Kd] (a pair of Fives)
vladimir5421: shows [Td Qh] (a pair of Queens)
vladimir5421 collected $0.15 from pot
*** SUMMARY ***
Total pot $0.16 | Rake $0.01 
Board [6d Qs Ac 9d 5s]
Seat 2: HardStyle_NL (small blind) showed [5d Kd] and lost with a pair of Fives
Seat 3: vladimir5421 (big blind) showed [Td Qh] and won ($0.15) with a pair of Queens
Seat 4: b.lautaro29 folded before Flop (didn't bet)
Seat 5: Dorex2007 folded before Flop (didn't bet)
Seat 6: KnockYouOUT1 folded on the Turn (didn't bet)
Seat 7: Parker09SA (button) folded on the Turn



PokerStars Hand #227722666214:  Hold'em No Limit ($0.01/$0.02 USD) - 2021/06/20 10:50:05 PT [2021/06/20 13:50:05 ET]
Table 'Cebriones' 9-max Seat #2 is the button
Seat 1: chacalay1 ($1.60 in chips) 
Seat 2: HardStyle_NL ($2.28 in chips) 
Seat 3: vladimir5421 ($2.73 in chips) 
Seat 4: b.lautaro29 ($2 in chips) 
Seat 5: Dorex2007 ($2.02 in chips) 
Seat 6: KnockYouOUT1 ($1.58 in chips) 
Seat 7: Parker09SA ($2.65 in chips) 
Seat 8: POLLO ISRA75 ($2.72 in chips) 
vladimir5421: posts small blind $0.01
b.lautaro29: posts big blind $0.02
POLLO ISRA75: posts small blind $0.01
happystone71: sits out 
chacalay1: posts big blind $0.02
*** HOLE CARDS ***
Dealt to Dorex2007 [2s 6s]
Dorex2007: folds 
KnockYouOUT1: calls $0.02
Parker09SA: folds 
POLLO ISRA75 has timed out
POLLO ISRA75: folds 
chacalay1: raises $0.08 to $0.10
HardStyle_NL: folds 
vladimir5421: calls $0.09
b.lautaro29: calls $0.08
KnockYouOUT1: folds 
*** FLOP *** [3c 9s 6c]
vladimir5421: checks 
b.lautaro29: checks 
chacalay1: bets $0.20
vladimir5421: raises $2.43 to $2.63 and is all-in
b.lautaro29: folds 
chacalay1: folds 
Uncalled bet ($2.43) returned to vladimir5421
vladimir5421 collected $0.70 from pot
vladimir5421: doesn't show hand 
*** SUMMARY ***
Total pot $0.73 | Rake $0.03 
Board [3c 9s 6c]
Seat 1: chacalay1 folded on the Flop
Seat 2: HardStyle_NL (button) folded before Flop (didn't bet)
Seat 3: vladimir5421 (small blind) collected ($0.70)
Seat 4: b.lautaro29 (big blind) folded on the Flop
Seat 5: Dorex2007 folded before Flop (didn't bet)
Seat 6: KnockYouOUT1 folded before Flop
Seat 7: Parker09SA folded before Flop (didn't bet)
Seat 8: POLLO ISRA75 folded before Flop (didn't bet)



PokerStars Hand #227722711443:  Hold'em No Limit ($0.01/$0.02 USD) - 2021/06/20 10:51:41 PT [2021/06/20 13:51:41 ET]
Table 'Cebriones' 9-max Seat #3 is the button
Seat 1: chacalay1 ($1.30 in chips) 
Seat 2: HardStyle_NL ($2.28 in chips) 
Seat 3: vladimir5421 ($3.13 in chips) 
Seat 4: b.lautaro29 ($2 in chips) 
Seat 5: Dorex2007 ($2.02 in chips) 
Seat 6: KnockYouOUT1 ($1.56 in chips) 
Seat 7: Parker09SA ($2.65 in chips) 
Seat 8: POLLO ISRA75 ($2.71 in chips) 
b.lautaro29: posts small blind $0.01
Dorex2007: posts big blind $0.02
happystone71: sits out 
*** HOLE CARDS ***
Dealt to Dorex2007 [6c 7d]
KnockYouOUT1: folds 
Parker09SA has timed out
Parker09SA: folds 
POLLO ISRA75: raises $0.04 to $0.06
chacalay1: calls $0.06
HardStyle_NL: folds 
vladimir5421: calls $0.06
b.lautaro29: folds 
Dorex2007: folds 
*** FLOP *** [9c Qs Qc]
POLLO ISRA75: checks 
chacalay1: checks 
vladimir5421: checks 
*** TURN *** [9c Qs Qc] [Qh]
POLLO ISRA75: checks 
chacalay1: bets $0.12
vladimir5421: folds 
chacalay1 said, "o aheadmake my day"
POLLO ISRA75: folds 
Uncalled bet ($0.12) returned to chacalay1
chacalay1 collected $0.20 from pot
chacalay1: doesn't show hand 
*** SUMMARY ***
Total pot $0.21 | Rake $0.01 
Board [9c Qs Qc Qh]
Seat 1: chacalay1 collected ($0.20)
Seat 2: HardStyle_NL folded before Flop (didn't bet)
Seat 3: vladimir5421 (button) folded on the Turn
Seat 4: b.lautaro29 (small blind) folded before Flop
Seat 5: Dorex2007 (big blind) folded before Flop
Seat 6: KnockYouOUT1 folded before Flop (didn't bet)
Seat 7: Parker09SA folded before Flop (didn't bet)
Seat 8: POLLO ISRA75 folded on the Turn



PokerStars Hand #227722745856:  Hold'em No Limit ($0.01/$0.02 USD) - 2021/06/20 10:52:54 PT [2021/06/20 13:52:54 ET]
Table 'Cebriones' 9-max Seat #4 is the button
Seat 1: chacalay1 ($1.72 in chips) 
Seat 2: HardStyle_NL ($2.28 in chips) 
Seat 3: vladimir5421 ($3.07 in chips) 
Seat 4: b.lautaro29 ($2 in chips) 
Seat 5: Dorex2007 ($2 in chips) 
Seat 6: KnockYouOUT1 ($1.56 in chips) 
Seat 7: Parker09SA ($2.65 in chips) 
Seat 8: POLLO ISRA75 ($2.65 in chips) 
Dorex2007: posts small blind $0.01
KnockYouOUT1: posts big blind $0.02
happystone71: sits out 
*** HOLE CARDS ***
Dealt to Dorex2007 [Th Jd]
Parker09SA: folds 
POLLO ISRA75: calls $0.02
chacalay1: calls $0.02
HardStyle_NL: folds 
vladimir5421: raises $0.06 to $0.08
b.lautaro29: folds 
Dorex2007: folds 
KnockYouOUT1: calls $0.06
POLLO ISRA75: calls $0.06
chacalay1: calls $0.06
*** FLOP *** [Js Kd 3s]
KnockYouOUT1: checks 
POLLO ISRA75: checks 
chacalay1: checks 
vladimir5421: bets $0.24
KnockYouOUT1: folds 
POLLO ISRA75: folds 
chacalay1: folds 
Uncalled bet ($0.24) returned to vladimir5421
vladimir5421 collected $0.32 from pot
vladimir5421: doesn't show hand 
*** SUMMARY ***
Total pot $0.33 | Rake $0.01 
Board [Js Kd 3s]
Seat 1: chacalay1 folded on the Flop
Seat 2: HardStyle_NL folded before Flop (didn't bet)
Seat 3: vladimir5421 collected ($0.32)
Seat 4: b.lautaro29 (button) folded before Flop (didn't bet)
Seat 5: Dorex2007 (small blind) folded before Flop
Seat 6: KnockYouOUT1 (big blind) folded on the Flop
Seat 7: Parker09SA folded before Flop (didn't bet)
Seat 8: POLLO ISRA75 folded on the Flop



PokerStars Hand #227722768455:  Hold'em No Limit ($0.01/$0.02 USD) - 2021/06/20 10:53:43 PT [2021/06/20 13:53:43 ET]
Table 'Cebriones' 9-max Seat #5 is the button
Seat 1: chacalay1 ($1.64 in chips) 
Seat 2: HardStyle_NL ($2.28 in chips) 
Seat 3: vladimir5421 ($3.31 in chips) 
Seat 4: b.lautaro29 ($2 in chips) 
Seat 5: Dorex2007 ($1.99 in chips) 
Seat 6: KnockYouOUT1 ($1.48 in chips) 
Seat 7: Parker09SA ($2.65 in chips) 
Seat 8: POLLO ISRA75 ($2.57 in chips) 
KnockYouOUT1: posts small blind $0.01
Parker09SA: posts big blind $0.02
happystone71: sits out 
*** HOLE CARDS ***
Dealt to Dorex2007 [Jh 4d]
POLLO ISRA75: folds 
chacalay1: folds 
HardStyle_NL: raises $0.04 to $0.06
vladimir5421: calls $0.06
b.lautaro29: folds 
Dorex2007: folds 
KnockYouOUT1: folds 
Parker09SA: folds 
*** FLOP *** [9d 7d Td]
HardStyle_NL: bets $0.07
vladimir5421: calls $0.07
*** TURN *** [9d 7d Td] [2c]
HardStyle_NL: bets $0.14
vladimir5421: folds 
Uncalled bet ($0.14) returned to HardStyle_NL
HardStyle_NL collected $0.28 from pot
HardStyle_NL: doesn't show hand 
*** SUMMARY ***
Total pot $0.29 | Rake $0.01 
Board [9d 7d Td 2c]
Seat 1: chacalay1 folded before Flop (didn't bet)
Seat 2: HardStyle_NL collected ($0.28)
Seat 3: vladimir5421 folded on the Turn
Seat 4: b.lautaro29 folded before Flop (didn't bet)
Seat 5: Dorex2007 (button) folded before Flop (didn't bet)
Seat 6: KnockYouOUT1 (small blind) folded before Flop
Seat 7: Parker09SA (big blind) folded before Flop
Seat 8: POLLO ISRA75 folded before Flop (didn't bet)



PokerStars Hand #227722799682:  Hold'em No Limit ($0.01/$0.02 USD) - 2021/06/20 10:54:49 PT [2021/06/20 13:54:49 ET]
Table 'Cebriones' 9-max Seat #6 is the button
Seat 1: chacalay1 ($1.64 in chips) 
Seat 2: HardStyle_NL ($2.43 in chips) 
Seat 3: vladimir5421 ($3.18 in chips) 
Seat 4: b.lautaro29 ($2 in chips) 
Seat 5: Dorex2007 ($1.99 in chips) 
Seat 6: KnockYouOUT1 ($1.47 in chips) 
Seat 7: Parker09SA ($2.63 in chips) 
Seat 8: POLLO ISRA75 ($2.57 in chips) 
Parker09SA: posts small blind $0.01
POLLO ISRA75: posts big blind $0.02
happystone71: sits out 
*** HOLE CARDS ***
Dealt to Dorex2007 [2s Th]
chacalay1: folds 
HardStyle_NL: folds 
vladimir5421: folds 
b.lautaro29: raises $0.04 to $0.06
Dorex2007: folds 
KnockYouOUT1: folds 
Parker09SA: folds 
POLLO ISRA75: folds 
Uncalled bet ($0.04) returned to b.lautaro29
b.lautaro29 collected $0.05 from pot
b.lautaro29: doesn't show hand 
*** SUMMARY ***
Total pot $0.05 | Rake $0 
Seat 1: chacalay1 folded before Flop (didn't bet)
Seat 2: HardStyle_NL folded before Flop (didn't bet)
Seat 3: vladimir5421 folded before Flop (didn't bet)
Seat 4: b.lautaro29 collected ($0.05)
Seat 5: Dorex2007 folded before Flop (didn't bet)
Seat 6: KnockYouOUT1 (button) folded before Flop (didn't bet)
Seat 7: Parker09SA (small blind) folded before Flop
Seat 8: POLLO ISRA75 (big blind) folded before Flop



PokerStars Hand #227722810892:  Hold'em No Limit ($0.01/$0.02 USD) - 2021/06/20 10:55:21 PT [2021/06/20 13:55:21 ET]
Table 'Cebriones' 9-max Seat #7 is the button
Seat 1: chacalay1 ($1.64 in chips) 
Seat 2: HardStyle_NL ($2.43 in chips) 
Seat 3: vladimir5421 ($3.18 in chips) 
Seat 4: b.lautaro29 ($2.03 in chips) 
Seat 5: Dorex2007 ($1.99 in chips) 
Seat 6: KnockYouOUT1 ($1.47 in chips) 
Seat 7: Parker09SA ($2.62 in chips) 
Seat 8: POLLO ISRA75 ($2.55 in chips) 
Seat 9: happystone71 ($2 in chips) 
POLLO ISRA75: posts small blind $0.01
happystone71: posts big blind $0.02
*** HOLE CARDS ***
Dealt to Dorex2007 [7c 8c]
chacalay1 has timed out
chacalay1: folds 
HardStyle_NL: folds 
vladimir5421: raises $0.04 to $0.06
b.lautaro29: folds 
Dorex2007: folds 
KnockYouOUT1: folds 
Parker09SA: folds 
POLLO ISRA75: folds 
happystone71: folds 
Uncalled bet ($0.04) returned to vladimir5421
vladimir5421 collected $0.05 from pot
vladimir5421: doesn't show hand 
*** SUMMARY ***
Total pot $0.05 | Rake $0 
Seat 1: chacalay1 folded before Flop (didn't bet)
Seat 2: HardStyle_NL folded before Flop (didn't bet)
Seat 3: vladimir5421 collected ($0.05)
Seat 4: b.lautaro29 folded before Flop (didn't bet)
Seat 5: Dorex2007 folded before Flop (didn't bet)
Seat 6: KnockYouOUT1 folded before Flop (didn't bet)
Seat 7: Parker09SA (button) folded before Flop (didn't bet)
Seat 8: POLLO ISRA75 (small blind) folded before Flop
Seat 9: happystone71 (big blind) folded before Flop



PokerStars Hand #227722821668:  Hold'em No Limit ($0.01/$0.02 USD) - 2021/06/20 10:55:59 PT [2021/06/20 13:55:59 ET]
Table 'Cebriones' 9-max Seat #8 is the button
Seat 1: chacalay1 ($1.64 in chips) 
Seat 2: HardStyle_NL ($2.43 in chips) 
Seat 3: vladimir5421 ($3.21 in chips) 
Seat 4: b.lautaro29 ($2.03 in chips) 
Seat 5: Dorex2007 ($1.99 in chips) 
Seat 6: KnockYouOUT1 ($1.47 in chips) 
Seat 7: Parker09SA ($2.62 in chips) 
Seat 8: POLLO ISRA75 ($2.54 in chips) 
Seat 9: happystone71 ($1.98 in chips) 
happystone71: posts small blind $0.01
chacalay1: posts big blind $0.02
*** HOLE CARDS ***
Dealt to Dorex2007 [Ad Th]
HardStyle_NL: folds 
vladimir5421: folds 
b.lautaro29: folds 
Dorex2007: raises $0.02 to $0.04
KnockYouOUT1: calls $0.04
Parker09SA: raises $0.20 to $0.24
POLLO ISRA75: folds 
happystone71: calls $0.23
chacalay1: raises $1.40 to $1.64 and is all-in
Dorex2007: folds 
KnockYouOUT1: folds 
Parker09SA: folds 
happystone71: folds 
Uncalled bet ($1.40) returned to chacalay1
chacalay1 collected $0.80 from pot
chacalay1: doesn't show hand 
*** SUMMARY ***
Total pot $0.80 | Rake $0 
Seat 1: chacalay1 (big blind) collected ($0.80)
Seat 2: HardStyle_NL folded before Flop (didn't bet)
Seat 3: vladimir5421 folded before Flop (didn't bet)
Seat 4: b.lautaro29 folded before Flop (didn't bet)
Seat 5: Dorex2007 folded before Flop
Seat 6: KnockYouOUT1 folded before Flop
Seat 7: Parker09SA folded before Flop
Seat 8: POLLO ISRA75 (button) folded before Flop (didn't bet)
Seat 9: happystone71 (small blind) folded before Flop



PokerStars Hand #227722840036:  Hold'em No Limit ($0.01/$0.02 USD) - 2021/06/20 10:57:02 PT [2021/06/20 13:57:02 ET]
Table 'Cebriones' 9-max Seat #9 is the button
Seat 1: chacalay1 ($2.20 in chips) 
Seat 2: HardStyle_NL ($2.43 in chips) 
Seat 3: vladimir5421 ($3.21 in chips) 
Seat 4: b.lautaro29 ($2.03 in chips) 
Seat 5: Dorex2007 ($1.95 in chips) 
Seat 6: KnockYouOUT1 ($1.43 in chips) 
Seat 7: Parker09SA ($2.38 in chips) 
Seat 8: POLLO ISRA75 ($2.54 in chips) 
Seat 9: happystone71 ($1.74 in chips) 
chacalay1: posts small blind $0.01
HardStyle_NL: posts big blind $0.02
*** HOLE CARDS ***
Dealt to Dorex2007 [6d 5d]
vladimir5421: folds 
b.lautaro29: folds 
Dorex2007: folds 
chacalay1 said, "aa"
KnockYouOUT1: calls $0.02
Parker09SA: folds 
POLLO ISRA75: folds 
happystone71: folds 
chacalay1: calls $0.01
HardStyle_NL: checks 
*** FLOP *** [9h Kh 3d]
chacalay1: checks 
HardStyle_NL: checks 
chacalay1 said, "ood fol"
KnockYouOUT1: bets $0.03
chacalay1: folds 
HardStyle_NL: calls $0.03
*** TURN *** [9h Kh 3d] [Td]
HardStyle_NL: checks 
KnockYouOUT1: bets $0.08
HardStyle_NL: calls $0.08
*** RIVER *** [9h Kh 3d Td] [6s]
HardStyle_NL: checks 
KnockYouOUT1: bets $0.27
HardStyle_NL: folds 
Uncalled bet ($0.27) returned to KnockYouOUT1
KnockYouOUT1 collected $0.27 from pot
KnockYouOUT1: doesn't show hand 
*** SUMMARY ***
Total pot $0.28 | Rake $0.01 
Board [9h Kh 3d Td 6s]
Seat 1: chacalay1 (small blind) folded on the Flop
Seat 2: HardStyle_NL (big blind) folded on the River
Seat 3: vladimir5421 folded before Flop (didn't bet)
Seat 4: b.lautaro29 folded before Flop (didn't bet)
Seat 5: Dorex2007 folded before Flop (didn't bet)
Seat 6: KnockYouOUT1 collected ($0.27)
Seat 7: Parker09SA folded before Flop (didn't bet)
Seat 8: POLLO ISRA75 folded before Flop (didn't bet)
Seat 9: happystone71 (button) folded before Flop (didn't bet)



PokerStars Hand #227722860592:  Hold'em No Limit ($0.01/$0.02 USD) - 2021/06/20 10:58:12 PT [2021/06/20 13:58:12 ET]
Table 'Cebriones' 9-max Seat #1 is the button
Seat 1: chacalay1 ($2.18 in chips) 
Seat 2: HardStyle_NL ($2.30 in chips) 
Seat 3: vladimir5421 ($3.21 in chips) 
Seat 4: b.lautaro29 ($2.03 in chips) 
Seat 5: Dorex2007 ($1.95 in chips) 
Seat 6: KnockYouOUT1 ($1.57 in chips) 
Seat 7: Parker09SA ($2.38 in chips) 
Seat 8: POLLO ISRA75 ($2.54 in chips) 
Seat 9: happystone71 ($1.74 in chips) 
HardStyle_NL: posts small blind $0.01
vladimir5421: posts big blind $0.02
*** HOLE CARDS ***
Dealt to Dorex2007 [Ah 8c]
b.lautaro29: folds 
Dorex2007: folds 
KnockYouOUT1: calls $0.02
Parker09SA has timed out
Parker09SA: folds 
POLLO ISRA75 has timed out
POLLO ISRA75: folds 
happystone71: folds 
chacalay1: raises $0.04 to $0.06
HardStyle_NL: calls $0.05
vladimir5421: folds 
KnockYouOUT1: calls $0.04
*** FLOP *** [4s Kd 7c]
HardStyle_NL: checks 
KnockYouOUT1: checks 
chacalay1: checks 
*** TURN *** [4s Kd 7c] [2c]
HardStyle_NL: checks 
KnockYouOUT1: bets $0.10
chacalay1: folds 
HardStyle_NL: folds 
Uncalled bet ($0.10) returned to KnockYouOUT1
KnockYouOUT1 collected $0.19 from pot
*** SUMMARY ***
Total pot $0.20 | Rake $0.01 
Board [4s Kd 7c 2c]
Seat 1: chacalay1 (button) folded on the Turn
Seat 2: HardStyle_NL (small blind) folded on the Turn
Seat 3: vladimir5421 (big blind) folded before Flop
Seat 4: b.lautaro29 folded before Flop (didn't bet)
Seat 5: Dorex2007 folded before Flop (didn't bet)
Seat 6: KnockYouOUT1 collected ($0.19)
Seat 7: Parker09SA folded before Flop (didn't bet)
Seat 8: POLLO ISRA75 folded before Flop (didn't bet)
Seat 9: happystone71 folded before Flop (didn't bet)



PokerStars Hand #227722888680:  Hold'em No Limit ($0.01/$0.02 USD) - 2021/06/20 10:59:49 PT [2021/06/20 13:59:49 ET]
Table 'Cebriones' 9-max Seat #2 is the button
Seat 1: chacalay1 ($2.12 in chips) 
Seat 2: HardStyle_NL ($2.24 in chips) 
Seat 3: vladimir5421 ($3.19 in chips) 
Seat 4: b.lautaro29 ($2.03 in chips) 
Seat 5: Dorex2007 ($1.95 in chips) 
Seat 6: KnockYouOUT1 ($1.70 in chips) 
Seat 7: Parker09SA ($2.38 in chips) 
Seat 8: POLLO ISRA75 ($2.54 in chips) 
Seat 9: happystone71 ($1.74 in chips) 
vladimir5421: posts small blind $0.01
b.lautaro29: posts big blind $0.02
*** HOLE CARDS ***
Dealt to Dorex2007 [7s Kh]
Dorex2007: folds 
KnockYouOUT1: calls $0.02
Parker09SA: folds 
POLLO ISRA75 has timed out
POLLO ISRA75: folds 
happystone71: folds 
chacalay1: raises $0.04 to $0.06
HardStyle_NL: folds 
vladimir5421: folds 
b.lautaro29: folds 
KnockYouOUT1: calls $0.04
*** FLOP *** [5h 8s 7h]
KnockYouOUT1: checks 
chacalay1: checks 
*** TURN *** [5h 8s 7h] [3d]
KnockYouOUT1: bets $0.07
chacalay1: folds 
Uncalled bet ($0.07) returned to KnockYouOUT1
KnockYouOUT1 collected $0.14 from pot
KnockYouOUT1: doesn't show hand 
*** SUMMARY ***
Total pot $0.15 | Rake $0.01 
Board [5h 8s 7h 3d]
Seat 1: chacalay1 folded on the Turn
Seat 2: HardStyle_NL (button) folded before Flop (didn't bet)
Seat 3: vladimir5421 (small blind) folded before Flop
Seat 4: b.lautaro29 (big blind) folded before Flop
Seat 5: Dorex2007 folded before Flop (didn't bet)
Seat 6: KnockYouOUT1 collected ($0.14)
Seat 7: Parker09SA folded before Flop (didn't bet)
Seat 8: POLLO ISRA75 folded before Flop (didn't bet)
Seat 9: happystone71 folded before Flop (didn't bet)



PokerStars Hand #227722912210:  Hold'em No Limit ($0.01/$0.02 USD) - 2021/06/20 11:00:57 PT [2021/06/20 14:00:57 ET]
Table 'Cebriones' 9-max Seat #3 is the button
Seat 1: chacalay1 ($2.06 in chips) 
Seat 2: HardStyle_NL ($2.24 in chips) 
Seat 3: vladimir5421 ($3.18 in chips) 
Seat 4: b.lautaro29 ($2.01 in chips) 
Seat 5: Dorex2007 ($1.95 in chips) 
Seat 6: KnockYouOUT1 ($1.78 in chips) 
Seat 7: Parker09SA ($2.38 in chips) 
Seat 8: POLLO ISRA75 ($2.54 in chips) 
Seat 9: happystone71 ($1.74 in chips) 
b.lautaro29: posts small blind $0.01
Dorex2007: posts big blind $0.02
*** HOLE CARDS ***
Dealt to Dorex2007 [8c Ah]
KnockYouOUT1: folds 
Parker09SA: raises $0.04 to $0.06
POLLO ISRA75: folds 
happystone71: folds 
chacalay1: folds 
HardStyle_NL: folds 
vladimir5421: folds 
b.lautaro29: calls $0.05
Dorex2007: folds 
*** FLOP *** [Kc 9s Ac]
b.lautaro29: checks 
Parker09SA: bets $0.07
b.lautaro29: calls $0.07
*** TURN *** [Kc 9s Ac] [3c]
b.lautaro29: checks 
Parker09SA: checks 
*** RIVER *** [Kc 9s Ac 3c] [6h]
b.lautaro29: checks 
Parker09SA: checks 
*** SHOW DOWN ***
b.lautaro29: shows [Jd Kd] (a pair of Kings)
Parker09SA: shows [As Jh] (a pair of Aces)
Parker09SA collected $0.27 from pot
*** SUMMARY ***
Total pot $0.28 | Rake $0.01 
Board [Kc 9s Ac 3c 6h]
Seat 1: chacalay1 folded before Flop (didn't bet)
Seat 2: HardStyle_NL folded before Flop (didn't bet)
Seat 3: vladimir5421 (button) folded before Flop (didn't bet)
Seat 4: b.lautaro29 (small blind) showed [Jd Kd] and lost with a pair of Kings
Seat 5: Dorex2007 (big blind) folded before Flop
Seat 6: KnockYouOUT1 folded before Flop (didn't bet)
Seat 7: Parker09SA showed [As Jh] and won ($0.27) with a pair of Aces
Seat 8: POLLO ISRA75 folded before Flop (didn't bet)
Seat 9: happystone71 folded before Flop (didn't bet)



PokerStars Hand #227722941305:  Hold'em No Limit ($0.01/$0.02 USD) - 2021/06/20 11:02:07 PT [2021/06/20 14:02:07 ET]
Table 'Cebriones' 9-max Seat #4 is the button
Seat 1: chacalay1 ($2.06 in chips) 
Seat 2: HardStyle_NL ($2.24 in chips) 
Seat 3: vladimir5421 ($3.18 in chips) 
Seat 4: b.lautaro29 ($2 in chips) 
Seat 5: Dorex2007 ($1.93 in chips) 
Seat 6: KnockYouOUT1 ($1.78 in chips) 
Seat 7: Parker09SA ($2.52 in chips) 
Seat 8: POLLO ISRA75 ($2.54 in chips) 
Seat 9: happystone71 ($1.74 in chips) 
Dorex2007: posts small blind $0.01
KnockYouOUT1: posts big blind $0.02
*** HOLE CARDS ***
Dealt to Dorex2007 [Th Ah]
Parker09SA: folds 
POLLO ISRA75 has timed out
POLLO ISRA75: folds 
happystone71: folds 
chacalay1: folds 
HardStyle_NL: folds 
vladimir5421: folds 
b.lautaro29: folds 
Dorex2007: calls $0.01
KnockYouOUT1: checks 
*** FLOP *** [Td Kc Jd]
Dorex2007: checks 
KnockYouOUT1: checks 
*** TURN *** [Td Kc Jd] [Qc]
Dorex2007: bets $0.10
KnockYouOUT1: folds 
Uncalled bet ($0.10) returned to Dorex2007
Dorex2007 collected $0.04 from pot
Dorex2007: doesn't show hand 
*** SUMMARY ***
Total pot $0.04 | Rake $0 
Board [Td Kc Jd Qc]
Seat 1: chacalay1 folded before Flop (didn't bet)
Seat 2: HardStyle_NL folded before Flop (didn't bet)
Seat 3: vladimir5421 folded before Flop (didn't bet)
Seat 4: b.lautaro29 (button) folded before Flop (didn't bet)
Seat 5: Dorex2007 (small blind) collected ($0.04)
Seat 6: KnockYouOUT1 (big blind) folded on the Turn
Seat 7: Parker09SA folded before Flop (didn't bet)
Seat 8: POLLO ISRA75 folded before Flop (didn't bet)
Seat 9: happystone71 folded before Flop (didn't bet)



PokerStars Hand #227722962374:  Hold'em No Limit ($0.01/$0.02 USD) - 2021/06/20 11:02:52 PT [2021/06/20 14:02:52 ET]
Table 'Cebriones' 9-max Seat #5 is the button
Seat 1: chacalay1 ($2.06 in chips) 
Seat 2: HardStyle_NL ($2.24 in chips) 
Seat 3: vladimir5421 ($3.18 in chips) 
Seat 4: b.lautaro29 ($2 in chips) 
Seat 5: Dorex2007 ($1.95 in chips) 
Seat 6: KnockYouOUT1 ($1.76 in chips) 
Seat 7: Parker09SA ($2.52 in chips) 
Seat 9: happystone71 ($1.74 in chips) 
KnockYouOUT1: posts small blind $0.01
Parker09SA: posts big blind $0.02
*** HOLE CARDS ***
Dealt to Dorex2007 [9c Ad]
happystone71: folds 
chacalay1: folds 
HardStyle_NL: raises $0.04 to $0.06
vladimir5421: folds 
b.lautaro29: folds 
Dorex2007: folds 
KnockYouOUT1: folds 
Parker09SA: folds 
Uncalled bet ($0.04) returned to HardStyle_NL
HardStyle_NL collected $0.05 from pot
HardStyle_NL: doesn't show hand 
*** SUMMARY ***
Total pot $0.05 | Rake $0 
Seat 1: chacalay1 folded before Flop (didn't bet)
Seat 2: HardStyle_NL collected ($0.05)
Seat 3: vladimir5421 folded before Flop (didn't bet)
Seat 4: b.lautaro29 folded before Flop (didn't bet)
Seat 5: Dorex2007 (button) folded before Flop (didn't bet)
Seat 6: KnockYouOUT1 (small blind) folded before Flop
Seat 7: Parker09SA (big blind) folded before Flop
Seat 9: happystone71 folded before Flop (didn't bet)



PokerStars Hand #227722972914:  Hold'em No Limit ($0.01/$0.02 USD) - 2021/06/20 11:03:15 PT [2021/06/20 14:03:15 ET]
Table 'Cebriones' 9-max Seat #6 is the button
Seat 1: chacalay1 ($2.06 in chips) 
Seat 2: HardStyle_NL ($2.27 in chips) 
Seat 3: vladimir5421 ($3.18 in chips) 
Seat 4: b.lautaro29 ($2 in chips) 
Seat 5: Dorex2007 ($1.95 in chips) 
Seat 6: KnockYouOUT1 ($1.75 in chips) 
Seat 7: Parker09SA ($2.50 in chips) 
Seat 9: happystone71 ($1.74 in chips) 
Parker09SA: posts small blind $0.01
happystone71: posts big blind $0.02
*** HOLE CARDS ***
Dealt to Dorex2007 [Js 8d]
chacalay1: folds 
HardStyle_NL: folds 
vladimir5421: folds 
b.lautaro29: folds 
Dorex2007: folds 
KnockYouOUT1: raises $0.04 to $0.06
Parker09SA: folds 
happystone71: folds 
Uncalled bet ($0.04) returned to KnockYouOUT1
KnockYouOUT1 collected $0.05 from pot
KnockYouOUT1: doesn't show hand 
*** SUMMARY ***
Total pot $0.05 | Rake $0 
Seat 1: chacalay1 folded before Flop (didn't bet)
Seat 2: HardStyle_NL folded before Flop (didn't bet)
Seat 3: vladimir5421 folded before Flop (didn't bet)
Seat 4: b.lautaro29 folded before Flop (didn't bet)
Seat 5: Dorex2007 folded before Flop (didn't bet)
Seat 6: KnockYouOUT1 (button) collected ($0.05)
Seat 7: Parker09SA (small blind) folded before Flop
Seat 9: happystone71 (big blind) folded before Flop



PokerStars Hand #227722984196:  Hold'em No Limit ($0.01/$0.02 USD) - 2021/06/20 11:03:37 PT [2021/06/20 14:03:37 ET]
Table 'Cebriones' 9-max Seat #7 is the button
Seat 1: chacalay1 ($2.06 in chips) 
Seat 2: HardStyle_NL ($2.27 in chips) 
Seat 3: vladimir5421 ($3.18 in chips) 
Seat 4: b.lautaro29 ($2 in chips) 
Seat 5: Dorex2007 ($1.95 in chips) 
Seat 6: KnockYouOUT1 ($1.78 in chips) 
Seat 7: Parker09SA ($2.49 in chips) 
Seat 9: happystone71 ($1.72 in chips) 
happystone71: posts small blind $0.01
chacalay1: posts big blind $0.02
*** HOLE CARDS ***
Dealt to Dorex2007 [8d 4c]
HardStyle_NL: folds 
vladimir5421: folds 
b.lautaro29: folds 
Dorex2007: folds 
KnockYouOUT1: raises $0.04 to $0.06
Parker09SA: folds 
happystone71: folds 
chacalay1: calls $0.04
*** FLOP *** [Kd 2c Kh]
chacalay1: checks 
KnockYouOUT1: checks 
*** TURN *** [Kd 2c Kh] [Jd]
chacalay1: bets $0.06
KnockYouOUT1: calls $0.06
*** RIVER *** [Kd 2c Kh Jd] [Ts]
chacalay1: checks 
KnockYouOUT1: checks 
*** SHOW DOWN ***
chacalay1: shows [9d Td] (two pair, Kings and Tens)
KnockYouOUT1: shows [Jc 9c] (two pair, Kings and Jacks)
KnockYouOUT1 collected $0.24 from pot
*** SUMMARY ***
Total pot $0.25 | Rake $0.01 
Board [Kd 2c Kh Jd Ts]
Seat 1: chacalay1 (big blind) showed [9d Td] and lost with two pair, Kings and Tens
Seat 2: HardStyle_NL folded before Flop (didn't bet)
Seat 3: vladimir5421 folded before Flop (didn't bet)
Seat 4: b.lautaro29 folded before Flop (didn't bet)
Seat 5: Dorex2007 folded before Flop (didn't bet)
Seat 6: KnockYouOUT1 showed [Jc 9c] and won ($0.24) with two pair, Kings and Jacks
Seat 7: Parker09SA (button) folded before Flop (didn't bet)
Seat 9: happystone71 (small blind) folded before Flop



PokerStars Hand #227723008292:  Hold'em No Limit ($0.01/$0.02 USD) - 2021/06/20 11:04:25 PT [2021/06/20 14:04:25 ET]
Table 'Cebriones' 9-max Seat #9 is the button
Seat 1: chacalay1 ($1.94 in chips) 
Seat 2: HardStyle_NL ($2.27 in chips) 
Seat 3: vladimir5421 ($3.18 in chips) 
Seat 4: b.lautaro29 ($2 in chips) 
Seat 5: Dorex2007 ($1.95 in chips) 
Seat 6: KnockYouOUT1 ($1.90 in chips) 
Seat 7: Parker09SA ($2.49 in chips) 
Seat 9: happystone71 ($1.71 in chips) 
chacalay1: posts small blind $0.01
HardStyle_NL: posts big blind $0.02
*** HOLE CARDS ***
Dealt to Dorex2007 [Kh 8d]
vladimir5421: folds 
b.lautaro29: folds 
Dorex2007: folds 
KnockYouOUT1: calls $0.02
Parker09SA: folds 
happystone71: folds 
chacalay1: folds 
HardStyle_NL: checks 
*** FLOP *** [Kd 9d Ac]
HardStyle_NL: checks 
KnockYouOUT1: bets $0.03
HardStyle_NL: folds 
Uncalled bet ($0.03) returned to KnockYouOUT1
KnockYouOUT1 collected $0.05 from pot
KnockYouOUT1: doesn't show hand 
*** SUMMARY ***
Total pot $0.05 | Rake $0 
Board [Kd 9d Ac]
Seat 1: chacalay1 (small blind) folded before Flop
Seat 2: HardStyle_NL (big blind) folded on the Flop
Seat 3: vladimir5421 folded before Flop (didn't bet)
Seat 4: b.lautaro29 folded before Flop (didn't bet)
Seat 5: Dorex2007 folded before Flop (didn't bet)
Seat 6: KnockYouOUT1 collected ($0.05)
Seat 7: Parker09SA folded before Flop (didn't bet)
Seat 9: happystone71 (button) folded before Flop (didn't bet)



PokerStars Hand #227723023690:  Hold'em No Limit ($0.01/$0.02 USD) - 2021/06/20 11:04:57 PT [2021/06/20 14:04:57 ET]
Table 'Cebriones' 9-max Seat #1 is the button
Seat 1: chacalay1 ($1.93 in chips) 
Seat 2: HardStyle_NL ($2.25 in chips) 
Seat 3: vladimir5421 ($3.18 in chips) 
Seat 4: b.lautaro29 ($2 in chips) 
Seat 5: Dorex2007 ($1.95 in chips) 
Seat 6: KnockYouOUT1 ($1.93 in chips) 
Seat 7: Parker09SA ($2.49 in chips) 
Seat 9: happystone71 ($1.71 in chips) 
HardStyle_NL: posts small blind $0.01
vladimir5421: posts big blind $0.02
POLLO ISRA75: sits out 
*** HOLE CARDS ***
Dealt to Dorex2007 [Ts Kc]
b.lautaro29: raises $0.04 to $0.06
Dorex2007: folds 
KnockYouOUT1: folds 
Parker09SA: folds 
happystone71: folds 
chacalay1: calls $0.06
HardStyle_NL: folds 
vladimir5421: folds 
*** FLOP *** [Kd 3d 3s]
b.lautaro29: checks 
chacalay1: bets $0.08
b.lautaro29: calls $0.08
*** TURN *** [Kd 3d 3s] [2s]
b.lautaro29: checks 
chacalay1: bets $0.12
b.lautaro29: calls $0.12
*** RIVER *** [Kd 3d 3s 2s] [7c]
b.lautaro29: checks 
chacalay1: checks 
*** SHOW DOWN ***
b.lautaro29: shows [9h Kh] (two pair, Kings and Threes)
chacalay1: mucks hand 
b.lautaro29 collected $0.53 from pot
*** SUMMARY ***
Total pot $0.55 | Rake $0.02 
Board [Kd 3d 3s 2s 7c]
Seat 1: chacalay1 (button) mucked [7h 8h]
Seat 2: HardStyle_NL (small blind) folded before Flop
Seat 3: vladimir5421 (big blind) folded before Flop
Seat 4: b.lautaro29 showed [9h Kh] and won ($0.53) with two pair, Kings and Threes
Seat 5: Dorex2007 folded before Flop (didn't bet)
Seat 6: KnockYouOUT1 folded before Flop (didn't bet)
Seat 7: Parker09SA folded before Flop (didn't bet)
Seat 9: happystone71 folded before Flop (didn't bet)



PokerStars Hand #227723066081:  Hold'em No Limit ($0.01/$0.02 USD) - 2021/06/20 11:06:21 PT [2021/06/20 14:06:21 ET]
Table 'Cebriones' 9-max Seat #2 is the button
Seat 1: chacalay1 ($1.67 in chips) 
Seat 2: HardStyle_NL ($2.24 in chips) 
Seat 3: vladimir5421 ($3.16 in chips) 
Seat 5: Dorex2007 ($1.95 in chips) 
Seat 6: KnockYouOUT1 ($1.93 in chips) 
Seat 7: Parker09SA ($2.49 in chips) 
Seat 9: happystone71 ($1.71 in chips) 
vladimir5421: posts small blind $0.01
b.lautaro29: is sitting out 
Dorex2007: posts big blind $0.02
POLLO ISRA75: sits out 
*** HOLE CARDS ***
Dealt to Dorex2007 [Qc Jh]
KnockYouOUT1: folds 
Parker09SA: raises $0.10 to $0.12
happystone71: folds 
b.lautaro29 leaves the table
chacalay1: folds 
HardStyle_NL: calls $0.12
vladimir5421: folds 
Dorex2007: folds 
*** FLOP *** [3h 7s 7c]
Parker09SA: bets $0.18
HardStyle_NL: calls $0.18
*** TURN *** [3h 7s 7c] [4s]
Parker09SA: bets $0.36
BrykmiD joins the table at seat #4 
HardStyle_NL: calls $0.36
*** RIVER *** [3h 7s 7c 4s] [2s]
Parker09SA: bets $1.83 and is all-in
HardStyle_NL: calls $1.58 and is all-in
Uncalled bet ($0.25) returned to Parker09SA
*** SHOW DOWN ***
Parker09SA: shows [Ad Ac] (two pair, Aces and Sevens)
HardStyle_NL: shows [2c 2h] (a full house, Deuces full of Sevens)
HardStyle_NL collected $4.35 from pot
*** SUMMARY ***
Total pot $4.51 | Rake $0.16 
Board [3h 7s 7c 4s 2s]
Seat 1: chacalay1 folded before Flop (didn't bet)
Seat 2: HardStyle_NL (button) showed [2c 2h] and won ($4.35) with a full house, Deuces full of Sevens
Seat 3: vladimir5421 (small blind) folded before Flop
Seat 5: Dorex2007 (big blind) folded before Flop
Seat 6: KnockYouOUT1 folded before Flop (didn't bet)
Seat 7: Parker09SA showed [Ad Ac] and lost with two pair, Aces and Sevens
Seat 9: happystone71 folded before Flop (didn't bet)



PokerStars Hand #227723086542:  Hold'em No Limit ($0.01/$0.02 USD) - 2021/06/20 11:07:01 PT [2021/06/20 14:07:01 ET]
Table 'Cebriones' 9-max Seat #3 is the button
Seat 1: chacalay1 ($1.67 in chips) 
Seat 2: HardStyle_NL ($4.35 in chips) 
Seat 3: vladimir5421 ($3.15 in chips) 
Seat 5: Dorex2007 ($1.93 in chips) 
Seat 6: KnockYouOUT1 ($1.93 in chips) 
Seat 7: Parker09SA ($2 in chips) 
Seat 8: POLLO ISRA75 ($2.54 in chips) 
Seat 9: happystone71 ($1.71 in chips) 
Dorex2007: posts small blind $0.01
KnockYouOUT1: posts big blind $0.02
POLLO ISRA75: posts small & big blinds $0.03
*** HOLE CARDS ***
Dealt to Dorex2007 [8h 2c]
Parker09SA: folds 
POLLO ISRA75: raises $0.04 to $0.06
happystone71: folds 
chacalay1: calls $0.06
HardStyle_NL: folds 
vladimir5421: calls $0.06
Dorex2007: folds 
KnockYouOUT1: calls $0.04
*** FLOP *** [3c 3d 7s]
KnockYouOUT1: checks 
POLLO ISRA75: checks 
chacalay1: bets $0.25
vladimir5421: folds 
KnockYouOUT1: folds 
POLLO ISRA75: folds 
Uncalled bet ($0.25) returned to chacalay1
BrykmiD leaves the table
chacalay1 collected $0.25 from pot
chacalay1: doesn't show hand 
*** SUMMARY ***
Total pot $0.26 | Rake $0.01 
Board [3c 3d 7s]
Seat 1: chacalay1 collected ($0.25)
Seat 2: HardStyle_NL folded before Flop (didn't bet)
Seat 3: vladimir5421 (button) folded on the Flop
Seat 5: Dorex2007 (small blind) folded before Flop
Seat 6: KnockYouOUT1 (big blind) folded on the Flop
Seat 7: Parker09SA folded before Flop (didn't bet)
Seat 8: POLLO ISRA75 folded on the Flop
Seat 9: happystone71 folded before Flop (didn't bet)



PokerStars Hand #227723134039:  Hold'em No Limit ($0.01/$0.02 USD) - 2021/06/20 11:08:35 PT [2021/06/20 14:08:35 ET]
Table 'Cebriones' 9-max Seat #5 is the button
Seat 1: chacalay1 ($1.86 in chips) 
Seat 2: HardStyle_NL ($4.35 in chips) 
Seat 3: vladimir5421 ($3.09 in chips) 
Seat 5: Dorex2007 ($1.92 in chips) 
Seat 6: KnockYouOUT1 ($1.87 in chips) 
Seat 7: Parker09SA ($2 in chips) 
Seat 8: POLLO ISRA75 ($2.47 in chips) 
Seat 9: happystone71 ($1.71 in chips) 
KnockYouOUT1: posts small blind $0.01
Parker09SA: posts big blind $0.02
*** HOLE CARDS ***
Dealt to Dorex2007 [4s 8s]
cleanok joins the table at seat #4 
POLLO ISRA75: folds 
happystone71: folds 
chacalay1: folds 
HardStyle_NL: calls $0.02
vladimir5421: folds 
Dorex2007: folds 
KnockYouOUT1: calls $0.01
Parker09SA: checks 
*** FLOP *** [Td 7s Ac]
KnockYouOUT1: checks 
Parker09SA: checks 
HardStyle_NL: checks 
*** TURN *** [Td 7s Ac] [Kd]
KnockYouOUT1: checks 
Parker09SA: checks 
HardStyle_NL: bets $0.03
KnockYouOUT1: folds 
Parker09SA: folds 
Uncalled bet ($0.03) returned to HardStyle_NL
HardStyle_NL collected $0.06 from pot
HardStyle_NL: doesn't show hand 
*** SUMMARY ***
Total pot $0.06 | Rake $0 
Board [Td 7s Ac Kd]
Seat 1: chacalay1 folded before Flop (didn't bet)
Seat 2: HardStyle_NL collected ($0.06)
Seat 3: vladimir5421 folded before Flop (didn't bet)
Seat 5: Dorex2007 (button) folded before Flop (didn't bet)
Seat 6: KnockYouOUT1 (small blind) folded on the Turn
Seat 7: Parker09SA (big blind) folded on the Turn
Seat 8: POLLO ISRA75 folded before Flop (didn't bet)
Seat 9: happystone71 folded before Flop (didn't bet)



PokerStars Hand #227723164135:  Hold'em No Limit ($0.01/$0.02 USD) - 2021/06/20 11:09:34 PT [2021/06/20 14:09:34 ET]
Table 'Cebriones' 9-max Seat #6 is the button
Seat 1: chacalay1 ($1.86 in chips) 
Seat 2: HardStyle_NL ($4.39 in chips) 
Seat 3: vladimir5421 ($3.09 in chips) 
Seat 5: Dorex2007 ($1.92 in chips) 
Seat 6: KnockYouOUT1 ($1.85 in chips) 
Seat 7: Parker09SA ($2 in chips) 
Seat 8: POLLO ISRA75 ($2.47 in chips) 
Seat 9: happystone71 ($1.71 in chips) 
Parker09SA: posts small blind $0.01
POLLO ISRA75: posts big blind $0.02
cleanok: sits out 
*** HOLE CARDS ***
Dealt to Dorex2007 [5h 7s]
happystone71 has timed out
happystone71: folds 
chacalay1: folds 
HardStyle_NL: folds 
vladimir5421: folds 
Dorex2007: folds 
KnockYouOUT1: calls $0.02
Parker09SA: folds 
POLLO ISRA75: checks 
*** FLOP *** [Qh 3d Tc]
POLLO ISRA75: checks 
KnockYouOUT1: checks 
*** TURN *** [Qh 3d Tc] [8d]
POLLO ISRA75: checks 
KnockYouOUT1: bets $0.03
POLLO ISRA75: folds 
Uncalled bet ($0.03) returned to KnockYouOUT1
KnockYouOUT1 collected $0.05 from pot
KnockYouOUT1: doesn't show hand 
*** SUMMARY ***
Total pot $0.05 | Rake $0 
Board [Qh 3d Tc 8d]
Seat 1: chacalay1 folded before Flop (didn't bet)
Seat 2: HardStyle_NL folded before Flop (didn't bet)
Seat 3: vladimir5421 folded before Flop (didn't bet)
Seat 5: Dorex2007 folded before Flop (didn't bet)
Seat 6: KnockYouOUT1 (button) collected ($0.05)
Seat 7: Parker09SA (small blind) folded before Flop
Seat 8: POLLO ISRA75 (big blind) folded on the Turn
Seat 9: happystone71 folded before Flop (didn't bet)



PokerStars Hand #227723197038:  Hold'em No Limit ($0.01/$0.02 USD) - 2021/06/20 11:10:40 PT [2021/06/20 14:10:40 ET]
Table 'Cebriones' 9-max Seat #7 is the button
Seat 1: chacalay1 ($1.86 in chips) 
Seat 2: HardStyle_NL ($4.39 in chips) 
Seat 3: vladimir5421 ($3.09 in chips) 
Seat 5: Dorex2007 ($1.92 in chips) 
Seat 6: KnockYouOUT1 ($1.88 in chips) 
Seat 7: Parker09SA ($2 in chips) 
Seat 8: POLLO ISRA75 ($2.45 in chips) 
Seat 9: happystone71 ($1.71 in chips) 
POLLO ISRA75: posts small blind $0.01
happystone71: posts big blind $0.02
cleanok: sits out 
*** HOLE CARDS ***
Dealt to Dorex2007 [9h 9s]
chacalay1 has timed out
chacalay1: folds 
HardStyle_NL: folds 
vladimir5421: folds 
Dorex2007: raises $0.02 to $0.04
KnockYouOUT1: folds 
Parker09SA: folds 
POLLO ISRA75: calls $0.03
happystone71: raises $0.12 to $0.16
Dorex2007: calls $0.12
POLLO ISRA75: folds 
*** FLOP *** [5h Kd 6s]
happystone71: checks 
Dorex2007: bets $0.18
happystone71: calls $0.18
*** TURN *** [5h Kd 6s] [4h]
happystone71: checks 
Dorex2007: checks 
*** RIVER *** [5h Kd 6s 4h] [Jd]
happystone71: checks 
Dorex2007: bets $0.35
happystone71: folds 
Uncalled bet ($0.35) returned to Dorex2007
Dorex2007 collected $0.69 from pot
Dorex2007: doesn't show hand 
*** SUMMARY ***
Total pot $0.72 | Rake $0.03 
Board [5h Kd 6s 4h Jd]
Seat 1: chacalay1 folded before Flop (didn't bet)
Seat 2: HardStyle_NL folded before Flop (didn't bet)
Seat 3: vladimir5421 folded before Flop (didn't bet)
Seat 5: Dorex2007 collected ($0.69)
Seat 6: KnockYouOUT1 folded before Flop (didn't bet)
Seat 7: Parker09SA (button) folded before Flop (didn't bet)
Seat 8: POLLO ISRA75 (small blind) folded before Flop
Seat 9: happystone71 (big blind) folded on the River



PokerStars Hand #227723239912:  Hold'em No Limit ($0.01/$0.02 USD) - 2021/06/20 11:12:03 PT [2021/06/20 14:12:03 ET]
Table 'Cebriones' 9-max Seat #8 is the button
Seat 1: chacalay1 ($1.86 in chips) 
Seat 2: HardStyle_NL ($4.39 in chips) 
Seat 3: vladimir5421 ($3.09 in chips) 
Seat 5: Dorex2007 ($2.27 in chips) 
Seat 7: Parker09SA ($2 in chips) 
Seat 8: POLLO ISRA75 ($2.41 in chips) 
Seat 9: happystone71 ($1.37 in chips) 
happystone71: posts small blind $0.01
chacalay1: posts big blind $0.02
cleanok: sits out 
*** HOLE CARDS ***
Dealt to Dorex2007 [9d Ad]
HardStyle_NL: folds 
vladimir5421: folds 
Dorex2007: raises $0.02 to $0.04
Parker09SA: folds 
POLLO ISRA75: folds 
happystone71: folds 
chacalay1: calls $0.02
*** FLOP *** [Th 6h 4c]
chacalay1: bets $0.09
Dorex2007: folds 
Uncalled bet ($0.09) returned to chacalay1
chacalay1 collected $0.09 from pot
chacalay1: doesn't show hand 
*** SUMMARY ***
Total pot $0.09 | Rake $0 
Board [Th 6h 4c]
Seat 1: chacalay1 (big blind) collected ($0.09)
Seat 2: HardStyle_NL folded before Flop (didn't bet)
Seat 3: vladimir5421 folded before Flop (didn't bet)
Seat 5: Dorex2007 folded on the Flop
Seat 7: Parker09SA folded before Flop (didn't bet)
Seat 8: POLLO ISRA75 (button) folded before Flop (didn't bet)
Seat 9: happystone71 (small blind) folded before Flop



PokerStars Hand #227723259072:  Hold'em No Limit ($0.01/$0.02 USD) - 2021/06/20 11:12:41 PT [2021/06/20 14:12:41 ET]
Table 'Cebriones' 9-max Seat #9 is the button
Seat 1: chacalay1 ($1.91 in chips) 
Seat 2: HardStyle_NL ($4.39 in chips) 
Seat 3: vladimir5421 ($3.09 in chips) 
Seat 5: Dorex2007 ($2.23 in chips) 
Seat 7: Parker09SA ($2 in chips) 
Seat 8: POLLO ISRA75 ($2.41 in chips) 
Seat 9: happystone71 ($1.36 in chips) 
chacalay1: posts small blind $0.01
HardStyle_NL: posts big blind $0.02
cleanok: sits out 
*** HOLE CARDS ***
Dealt to Dorex2007 [Js 9c]
vladimir5421: folds 
Dorex2007: folds 
Parker09SA: folds 
POLLO ISRA75: folds 
happystone71: folds 
chacalay1: calls $0.01
HardStyle_NL: checks 
*** FLOP *** [7d 9s 6d]
chacalay1: checks 
HardStyle_NL: checks 
*** TURN *** [7d 9s 6d] [2d]
chacalay1: bets $0.04
HardStyle_NL: calls $0.04
*** RIVER *** [7d 9s 6d 2d] [7h]
chacalay1: checks 
HardStyle_NL: checks 
*** SHOW DOWN ***
chacalay1: shows [4d 4c] (two pair, Sevens and Fours)
HardStyle_NL: mucks hand 
chacalay1 collected $0.12 from pot
*** SUMMARY ***
Total pot $0.12 | Rake $0 
Board [7d 9s 6d 2d 7h]
Seat 1: chacalay1 (small blind) showed [4d 4c] and won ($0.12) with two pair, Sevens and Fours
Seat 2: HardStyle_NL (big blind) mucked [2h Ks]
Seat 3: vladimir5421 folded before Flop (didn't bet)
Seat 5: Dorex2007 folded before Flop (didn't bet)
Seat 7: Parker09SA folded before Flop (didn't bet)
Seat 8: POLLO ISRA75 folded before Flop (didn't bet)
Seat 9: happystone71 (button) folded before Flop (didn't bet)



PokerStars Hand #227723279749:  Hold'em No Limit ($0.01/$0.02 USD) - 2021/06/20 11:13:22 PT [2021/06/20 14:13:22 ET]
Table 'Cebriones' 9-max Seat #1 is the button
Seat 1: chacalay1 ($1.97 in chips) 
Seat 2: HardStyle_NL ($4.33 in chips) 
Seat 3: vladimir5421 ($3.09 in chips) 
Seat 5: Dorex2007 ($2.23 in chips) 
Seat 7: Parker09SA ($2 in chips) 
Seat 8: POLLO ISRA75 ($2.41 in chips) 
Seat 9: happystone71 ($1.36 in chips) 
HardStyle_NL: posts small blind $0.01
vladimir5421: posts big blind $0.02
cleanok: sits out 
*** HOLE CARDS ***
Dealt to Dorex2007 [Js Ah]
Dorex2007: raises $0.02 to $0.04
Parker09SA: folds 
POLLO ISRA75: folds 
happystone71: folds 
chacalay1: folds 
HardStyle_NL: folds 
vladimir5421: folds 
Uncalled bet ($0.02) returned to Dorex2007
Dorex2007 collected $0.05 from pot
Dorex2007: doesn't show hand 
*** SUMMARY ***
Total pot $0.05 | Rake $0 
Seat 1: chacalay1 (button) folded before Flop (didn't bet)
Seat 2: HardStyle_NL (small blind) folded before Flop
Seat 3: vladimir5421 (big blind) folded before Flop
Seat 5: Dorex2007 collected ($0.05)
Seat 7: Parker09SA folded before Flop (didn't bet)
Seat 8: POLLO ISRA75 folded before Flop (didn't bet)
Seat 9: happystone71 folded before Flop (didn't bet)



PokerStars Hand #227723290566:  Hold'em No Limit ($0.01/$0.02 USD) - 2021/06/20 11:13:43 PT [2021/06/20 14:13:43 ET]
Table 'Cebriones' 9-max Seat #2 is the button
Seat 1: chacalay1 ($1.97 in chips) 
Seat 2: HardStyle_NL ($4.32 in chips) 
Seat 3: vladimir5421 ($3.07 in chips) 
Seat 4: cleanok ($0.80 in chips) 
Seat 5: Dorex2007 ($2.26 in chips) 
Seat 7: Parker09SA ($2 in chips) 
Seat 8: POLLO ISRA75 ($2.41 in chips) 
Seat 9: happystone71 ($1.36 in chips) 
vladimir5421: posts small blind $0.01
cleanok: posts big blind $0.02
*** HOLE CARDS ***
Dealt to Dorex2007 [7c Kc]
Dorex2007: folds 
Parker09SA: folds 
POLLO ISRA75: calls $0.02
happystone71: folds 
chacalay1: folds 
HardStyle_NL: calls $0.02
vladimir5421: folds 
cleanok: checks 
*** FLOP *** [9c 5d 9d]
cleanok: checks 
POLLO ISRA75: checks 
HardStyle_NL: checks 
*** TURN *** [9c 5d 9d] [6c]
cleanok: checks 
POLLO ISRA75: checks 
HardStyle_NL: checks 
*** RIVER *** [9c 5d 9d 6c] [Qh]
cleanok: checks 
POLLO ISRA75: checks 
HardStyle_NL: checks 
*** SHOW DOWN ***
cleanok: shows [2d Th] (a pair of Nines)
POLLO ISRA75: shows [4s As] (a pair of Nines - Ace kicker)
HardStyle_NL: mucks hand 
POLLO ISRA75 collected $0.07 from pot
*** SUMMARY ***
Total pot $0.07 | Rake $0 
Board [9c 5d 9d 6c Qh]
Seat 1: chacalay1 folded before Flop (didn't bet)
Seat 2: HardStyle_NL (button) mucked [Js 7s]
Seat 3: vladimir5421 (small blind) folded before Flop
Seat 4: cleanok (big blind) showed [2d Th] and lost with a pair of Nines
Seat 5: Dorex2007 folded before Flop (didn't bet)
Seat 7: Parker09SA folded before Flop (didn't bet)
Seat 8: POLLO ISRA75 showed [4s As] and won ($0.07) with a pair of Nines
Seat 9: happystone71 folded before Flop (didn't bet)



PokerStars Hand #227723322985:  Hold'em No Limit ($0.01/$0.02 USD) - 2021/06/20 11:14:46 PT [2021/06/20 14:14:46 ET]
Table 'Cebriones' 9-max Seat #3 is the button
Seat 1: chacalay1 ($1.97 in chips) 
Seat 2: HardStyle_NL ($4.30 in chips) 
Seat 3: vladimir5421 ($3.06 in chips) 
Seat 4: cleanok ($0.78 in chips) 
Seat 5: Dorex2007 ($2.26 in chips) 
Seat 7: Parker09SA ($2 in chips) 
Seat 8: POLLO ISRA75 ($2.46 in chips) 
Seat 9: happystone71 ($1.36 in chips) 
cleanok: posts small blind $0.01
Dorex2007: posts big blind $0.02
*** HOLE CARDS ***
Dealt to Dorex2007 [2h Ah]
Parker09SA: folds 
POLLO ISRA75: folds 
happystone71: folds 
chacalay1: folds 
HardStyle_NL: folds 
vladimir5421: folds 
cleanok: raises $0.02 to $0.04
Dorex2007: calls $0.02
*** FLOP *** [9d 9c Jh]
cleanok: bets $0.03
Dorex2007: calls $0.03
*** TURN *** [9d 9c Jh] [Jd]
cleanok: checks 
Dorex2007: bets $0.09
cleanok: folds 
Uncalled bet ($0.09) returned to Dorex2007
Dorex2007 collected $0.14 from pot
Dorex2007: doesn't show hand 
*** SUMMARY ***
Total pot $0.14 | Rake $0 
Board [9d 9c Jh Jd]
Seat 1: chacalay1 folded before Flop (didn't bet)
Seat 2: HardStyle_NL folded before Flop (didn't bet)
Seat 3: vladimir5421 (button) folded before Flop (didn't bet)
Seat 4: cleanok (small blind) folded on the Turn
Seat 5: Dorex2007 (big blind) collected ($0.14)
Seat 7: Parker09SA folded before Flop (didn't bet)
Seat 8: POLLO ISRA75 folded before Flop (didn't bet)
Seat 9: happystone71 folded before Flop (didn't bet)



PokerStars Hand #227723346324:  Hold'em No Limit ($0.01/$0.02 USD) - 2021/06/20 11:15:31 PT [2021/06/20 14:15:31 ET]
Table 'Cebriones' 9-max Seat #4 is the button
Seat 1: chacalay1 ($1.97 in chips) 
Seat 2: HardStyle_NL ($4.30 in chips) 
Seat 3: vladimir5421 ($3.06 in chips) 
Seat 4: cleanok ($0.71 in chips) 
Seat 5: Dorex2007 ($2.33 in chips) 
Seat 7: Parker09SA ($2 in chips) 
Seat 8: POLLO ISRA75 ($2.46 in chips) 
Seat 9: happystone71 ($1.36 in chips) 
Dorex2007: posts small blind $0.01
Parker09SA: posts big blind $0.02
*** HOLE CARDS ***
Dealt to Dorex2007 [7h 6c]
POLLO ISRA75: folds 
happystone71: raises $0.05 to $0.07
chacalay1: folds 
HardStyle_NL: folds 
vladimir5421: folds 
cleanok: folds 
Dorex2007: folds 
Parker09SA: folds 
Uncalled bet ($0.05) returned to happystone71
happystone71 collected $0.05 from pot
*** SUMMARY ***
Total pot $0.05 | Rake $0 
Seat 1: chacalay1 folded before Flop (didn't bet)
Seat 2: HardStyle_NL folded before Flop (didn't bet)
Seat 3: vladimir5421 folded before Flop (didn't bet)
Seat 4: cleanok (button) folded before Flop (didn't bet)
Seat 5: Dorex2007 (small blind) folded before Flop
Seat 7: Parker09SA (big blind) folded before Flop
Seat 8: POLLO ISRA75 folded before Flop (didn't bet)
Seat 9: happystone71 collected ($0.05)



PokerStars Hand #227723362839:  Hold'em No Limit ($0.01/$0.02 USD) - 2021/06/20 11:16:04 PT [2021/06/20 14:16:04 ET]
Table 'Cebriones' 9-max Seat #5 is the button
Seat 1: chacalay1 ($1.97 in chips) 
Seat 2: HardStyle_NL ($4.30 in chips) 
Seat 3: vladimir5421 ($3.06 in chips) 
Seat 4: cleanok ($0.71 in chips) 
Seat 5: Dorex2007 ($2.32 in chips) 
Seat 7: Parker09SA ($2 in chips) 
Seat 8: POLLO ISRA75 ($2.46 in chips) 
Seat 9: happystone71 ($1.39 in chips) 
Parker09SA: posts small blind $0.01
POLLO ISRA75: posts big blind $0.02
*** HOLE CARDS ***
Dealt to Dorex2007 [8h 7c]
happystone71: folds 
chacalay1: folds 
HardStyle_NL: folds 
vladimir5421: folds 
cleanok: raises $0.03 to $0.05
Dorex2007: folds 
Parker09SA: folds 
POLLO ISRA75: folds 
Uncalled bet ($0.03) returned to cleanok
cleanok collected $0.05 from pot
*** SUMMARY ***
Total pot $0.05 | Rake $0 
Seat 1: chacalay1 folded before Flop (didn't bet)
Seat 2: HardStyle_NL folded before Flop (didn't bet)
Seat 3: vladimir5421 folded before Flop (didn't bet)
Seat 4: cleanok collected ($0.05)
Seat 5: Dorex2007 (button) folded before Flop (didn't bet)
Seat 7: Parker09SA (small blind) folded before Flop
Seat 8: POLLO ISRA75 (big blind) folded before Flop
Seat 9: happystone71 folded before Flop (didn't bet)



PokerStars Hand #227723379868:  Hold'em No Limit ($0.01/$0.02 USD) - 2021/06/20 11:16:37 PT [2021/06/20 14:16:37 ET]
Table 'Cebriones' 9-max Seat #7 is the button
Seat 1: chacalay1 ($1.97 in chips) 
Seat 2: HardStyle_NL ($4.30 in chips) 
Seat 3: vladimir5421 ($3.06 in chips) 
Seat 4: cleanok ($0.74 in chips) 
Seat 5: Dorex2007 ($2.32 in chips) 
Seat 7: Parker09SA ($2 in chips) 
Seat 8: POLLO ISRA75 ($2.44 in chips) 
Seat 9: happystone71 ($1.39 in chips) 
POLLO ISRA75: posts small blind $0.01
happystone71: posts big blind $0.02
*** HOLE CARDS ***
Dealt to Dorex2007 [3c Ts]
chacalay1 has timed out
chacalay1: folds 
HardStyle_NL: folds 
vladimir5421: raises $0.04 to $0.06
cleanok: folds 
Dorex2007: folds 
Parker09SA: folds 
POLLO ISRA75: folds 
happystone71: folds 
Uncalled bet ($0.04) returned to vladimir5421
vladimir5421 collected $0.05 from pot
vladimir5421: doesn't show hand 
*** SUMMARY ***
Total pot $0.05 | Rake $0 
Seat 1: chacalay1 folded before Flop (didn't bet)
Seat 2: HardStyle_NL folded before Flop (didn't bet)
Seat 3: vladimir5421 collected ($0.05)
Seat 4: cleanok folded before Flop (didn't bet)
Seat 5: Dorex2007 folded before Flop (didn't bet)
Seat 7: Parker09SA (button) folded before Flop (didn't bet)
Seat 8: POLLO ISRA75 (small blind) folded before Flop
Seat 9: happystone71 (big blind) folded before Flop



PokerStars Hand #227723401708:  Hold'em No Limit ($0.01/$0.02 USD) - 2021/06/20 11:17:06 PT [2021/06/20 14:17:06 ET]
Table 'Cebriones' 9-max Seat #8 is the button
Seat 1: chacalay1 ($1.97 in chips) 
Seat 2: HardStyle_NL ($4.30 in chips) 
Seat 3: vladimir5421 ($3.09 in chips) 
Seat 4: cleanok ($0.74 in chips) 
Seat 5: Dorex2007 ($2.32 in chips) 
Seat 7: Parker09SA ($2 in chips) 
Seat 8: POLLO ISRA75 ($2.43 in chips) 
Seat 9: happystone71 ($1.37 in chips) 
happystone71: posts small blind $0.01
chacalay1: posts big blind $0.02
*** HOLE CARDS ***
Dealt to Dorex2007 [9d 9c]
HardStyle_NL: folds 
vladimir5421: folds 
cleanok: folds 
Dorex2007: raises $0.02 to $0.04
Parker09SA: folds 
POLLO ISRA75: folds 
happystone71: calls $0.03
chacalay1: calls $0.02
*** FLOP *** [Qh 2s 4c]
happystone71: checks 
chacalay1: checks 
Dorex2007: bets $0.06
happystone71: folds 
chacalay1: folds 
Uncalled bet ($0.06) returned to Dorex2007
Dorex2007 collected $0.12 from pot
Dorex2007: doesn't show hand 
*** SUMMARY ***
Total pot $0.12 | Rake $0 
Board [Qh 2s 4c]
Seat 1: chacalay1 (big blind) folded on the Flop
Seat 2: HardStyle_NL folded before Flop (didn't bet)
Seat 3: vladimir5421 folded before Flop (didn't bet)
Seat 4: cleanok folded before Flop (didn't bet)
Seat 5: Dorex2007 collected ($0.12)
Seat 7: Parker09SA folded before Flop (didn't bet)
Seat 8: POLLO ISRA75 (button) folded before Flop (didn't bet)
Seat 9: happystone71 (small blind) folded on the Flop



PokerStars Hand #227723426922:  Hold'em No Limit ($0.01/$0.02 USD) - 2021/06/20 11:17:55 PT [2021/06/20 14:17:55 ET]
Table 'Cebriones' 9-max Seat #9 is the button
Seat 1: chacalay1 ($1.93 in chips) 
Seat 2: HardStyle_NL ($4.30 in chips) 
Seat 3: vladimir5421 ($3.09 in chips) 
Seat 4: cleanok ($0.74 in chips) 
Seat 5: Dorex2007 ($2.40 in chips) 
Seat 7: Parker09SA ($2 in chips) 
Seat 8: POLLO ISRA75 ($2.43 in chips) 
Seat 9: happystone71 ($1.33 in chips) 
chacalay1: posts small blind $0.01
HardStyle_NL: posts big blind $0.02
*** HOLE CARDS ***
Dealt to Dorex2007 [4h Kh]
vladimir5421: folds 
cleanok: raises $0.04 to $0.06
Dorex2007: folds 
Parker09SA: folds 
POLLO ISRA75: folds 
happystone71: folds 
chacalay1: folds 
HardStyle_NL: calls $0.04
*** FLOP *** [2h 8s 3d]
HardStyle_NL: checks 
cleanok: bets $0.10
HardStyle_NL: calls $0.10
*** TURN *** [2h 8s 3d] [9s]
HardStyle_NL: checks 
cleanok: bets $0.58 and is all-in
HardStyle_NL: calls $0.58
*** RIVER *** [2h 8s 3d 9s] [7d]
*** SHOW DOWN ***
HardStyle_NL: shows [Td Th] (a pair of Tens)
cleanok: shows [As Ac] (a pair of Aces)
cleanok collected $1.44 from pot
*** SUMMARY ***
Total pot $1.49 | Rake $0.05 
Board [2h 8s 3d 9s 7d]
Seat 1: chacalay1 (small blind) folded before Flop
Seat 2: HardStyle_NL (big blind) showed [Td Th] and lost with a pair of Tens
Seat 3: vladimir5421 folded before Flop (didn't bet)
Seat 4: cleanok showed [As Ac] and won ($1.44) with a pair of Aces
Seat 5: Dorex2007 folded before Flop (didn't bet)
Seat 7: Parker09SA folded before Flop (didn't bet)
Seat 8: POLLO ISRA75 folded before Flop (didn't bet)
Seat 9: happystone71 (button) folded before Flop (didn't bet)



PokerStars Hand #227723451975:  Hold'em No Limit ($0.01/$0.02 USD) - 2021/06/20 11:18:43 PT [2021/06/20 14:18:43 ET]
Table 'Cebriones' 9-max Seat #1 is the button
Seat 1: chacalay1 ($1.92 in chips) 
Seat 2: HardStyle_NL ($3.56 in chips) 
Seat 3: vladimir5421 ($3.09 in chips) 
Seat 4: cleanok ($1.44 in chips) 
Seat 5: Dorex2007 ($2.40 in chips) 
Seat 7: Parker09SA ($2 in chips) 
Seat 8: POLLO ISRA75 ($2.43 in chips) 
Seat 9: happystone71 ($1.33 in chips) 
HardStyle_NL: posts small blind $0.01
vladimir5421: posts big blind $0.02
*** HOLE CARDS ***
Dealt to Dorex2007 [4h Jh]
cleanok: folds 
Dorex2007: folds 
Parker09SA: folds 
POLLO ISRA75: folds 
happystone71: folds 
chacalay1 has timed out
chacalay1: folds 
HardStyle_NL: raises $0.04 to $0.06
vladimir5421: folds 
Uncalled bet ($0.04) returned to HardStyle_NL
HardStyle_NL collected $0.04 from pot
HardStyle_NL: doesn't show hand 
*** SUMMARY ***
Total pot $0.04 | Rake $0 
Seat 1: chacalay1 (button) folded before Flop (didn't bet)
Seat 2: HardStyle_NL (small blind) collected ($0.04)
Seat 3: vladimir5421 (big blind) folded before Flop
Seat 4: cleanok folded before Flop (didn't bet)
Seat 5: Dorex2007 folded before Flop (didn't bet)
Seat 7: Parker09SA folded before Flop (didn't bet)
Seat 8: POLLO ISRA75 folded before Flop (didn't bet)
Seat 9: happystone71 folded before Flop (didn't bet)



PokerStars Hand #227723466036:  Hold'em No Limit ($0.01/$0.02 USD) - 2021/06/20 11:19:11 PT [2021/06/20 14:19:11 ET]
Table 'Cebriones' 9-max Seat #2 is the button
Seat 2: HardStyle_NL ($3.58 in chips) 
Seat 3: vladimir5421 ($3.07 in chips) 
Seat 4: cleanok ($1.44 in chips) 
Seat 5: Dorex2007 ($2.40 in chips) 
Seat 7: Parker09SA ($2 in chips) 
Seat 8: POLLO ISRA75 ($2.43 in chips) 
Seat 9: happystone71 ($1.33 in chips) 
vladimir5421: posts small blind $0.01
cleanok: posts big blind $0.02
*** HOLE CARDS ***
Dealt to Dorex2007 [4d 5s]
Dorex2007: folds 
Parker09SA: folds 
POLLO ISRA75: folds 
happystone71: folds 
HardStyle_NL: raises $0.04 to $0.06
vladimir5421: folds 
cleanok: calls $0.04
*** FLOP *** [9h Th 5h]
cleanok: bets $0.06
HardStyle_NL: calls $0.06
*** TURN *** [9h Th 5h] [Qh]
cleanok: bets $0.08
HardStyle_NL: calls $0.08
*** RIVER *** [9h Th 5h Qh] [3h]
cleanok: checks 
HardStyle_NL: checks 
*** SHOW DOWN ***
cleanok: shows [5d 5c] (a flush, Queen high)
HardStyle_NL: shows [7c 8h] (a flush, Queen high - Eight higher)
HardStyle_NL collected $0.40 from pot
*** SUMMARY ***
Total pot $0.41 | Rake $0.01 
Board [9h Th 5h Qh 3h]
Seat 2: HardStyle_NL (button) showed [7c 8h] and won ($0.40) with a flush, Queen high
Seat 3: vladimir5421 (small blind) folded before Flop
Seat 4: cleanok (big blind) showed [5d 5c] and lost with a flush, Queen high
Seat 5: Dorex2007 folded before Flop (didn't bet)
Seat 7: Parker09SA folded before Flop (didn't bet)
Seat 8: POLLO ISRA75 folded before Flop (didn't bet)
Seat 9: happystone71 folded before Flop (didn't bet)



PokerStars Hand #227723488105:  Hold'em No Limit ($0.01/$0.02 USD) - 2021/06/20 11:19:53 PT [2021/06/20 14:19:53 ET]
Table 'Cebriones' 9-max Seat #3 is the button
Seat 1: chacalay1 ($1.92 in chips) 
Seat 2: HardStyle_NL ($3.78 in chips) 
Seat 3: vladimir5421 ($3.06 in chips) 
Seat 4: cleanok ($1.24 in chips) 
Seat 5: Dorex2007 ($2.40 in chips) 
Seat 7: Parker09SA ($2 in chips) 
Seat 8: POLLO ISRA75 ($2.43 in chips) 
Seat 9: happystone71 ($1.33 in chips) 
cleanok: posts small blind $0.01
Dorex2007: posts big blind $0.02
*** HOLE CARDS ***
Dealt to Dorex2007 [Kc 8c]
Parker09SA: folds 
POLLO ISRA75: folds 
happystone71: folds 
chacalay1: folds 
chacalay1 leaves the table
HardStyle_NL: folds 
vladimir5421: folds 
cleanok: folds 
Uncalled bet ($0.01) returned to Dorex2007
Dorex2007 collected $0.02 from pot
Dorex2007: doesn't show hand 
*** SUMMARY ***
Total pot $0.02 | Rake $0 
Seat 1: chacalay1 folded before Flop (didn't bet)
Seat 2: HardStyle_NL folded before Flop (didn't bet)
Seat 3: vladimir5421 (button) folded before Flop (didn't bet)
Seat 4: cleanok (small blind) folded before Flop
Seat 5: Dorex2007 (big blind) collected ($0.02)
Seat 7: Parker09SA folded before Flop (didn't bet)
Seat 8: POLLO ISRA75 folded before Flop (didn't bet)
Seat 9: happystone71 folded before Flop (didn't bet)



PokerStars Hand #227723502258:  Hold'em No Limit ($0.01/$0.02 USD) - 2021/06/20 11:20:20 PT [2021/06/20 14:20:20 ET]
Table 'Cebriones' 9-max Seat #4 is the button
Seat 2: HardStyle_NL ($3.78 in chips) 
Seat 3: vladimir5421 ($3.06 in chips) 
Seat 4: cleanok ($1.23 in chips) 
Seat 5: Dorex2007 ($2.41 in chips) 
Seat 7: Parker09SA ($2 in chips) 
Seat 8: POLLO ISRA75 ($2.43 in chips) 
Seat 9: happystone71 ($1.33 in chips) 
Dorex2007: posts small blind $0.01
Parker09SA: posts big blind $0.02
*** HOLE CARDS ***
Dealt to Dorex2007 [4c 8s]
hakisak101 joins the table at seat #1 
POLLO ISRA75: raises $0.04 to $0.06
happystone71: folds 
HardStyle_NL: folds 
vladimir5421: folds 
cleanok: calls $0.06
Dorex2007: folds 
Parker09SA: calls $0.04
*** FLOP *** [7h 2h Qc]
Parker09SA: checks 
POLLO ISRA75: checks 
cleanok: bets $0.10
Parker09SA: folds 
POLLO ISRA75: calls $0.10
*** TURN *** [7h 2h Qc] [Jh]
POLLO ISRA75: checks 
cleanok: checks 
*** RIVER *** [7h 2h Qc Jh] [Kh]
POLLO ISRA75: bets $1.36
cleanok: folds 
Uncalled bet ($1.36) returned to POLLO ISRA75
POLLO ISRA75 collected $0.38 from pot
POLLO ISRA75: doesn't show hand 
*** SUMMARY ***
Total pot $0.39 | Rake $0.01 
Board [7h 2h Qc Jh Kh]
Seat 2: HardStyle_NL folded before Flop (didn't bet)
Seat 3: vladimir5421 folded before Flop (didn't bet)
Seat 4: cleanok (button) folded on the River
Seat 5: Dorex2007 (small blind) folded before Flop
Seat 7: Parker09SA (big blind) folded on the Flop
Seat 8: POLLO ISRA75 collected ($0.38)
Seat 9: happystone71 folded before Flop (didn't bet)



PokerStars Hand #227723534703:  Hold'em No Limit ($0.01/$0.02 USD) - 2021/06/20 11:21:23 PT [2021/06/20 14:21:23 ET]
Table 'Cebriones' 9-max Seat #5 is the button
Seat 2: HardStyle_NL ($3.78 in chips) 
Seat 3: vladimir5421 ($3.06 in chips) 
Seat 4: cleanok ($1.07 in chips) 
Seat 5: Dorex2007 ($2.40 in chips) 
Seat 7: Parker09SA ($2 in chips) 
Seat 8: POLLO ISRA75 ($2.65 in chips) 
Seat 9: happystone71 ($1.33 in chips) 
Parker09SA: posts small blind $0.01
POLLO ISRA75: posts big blind $0.02
hakisak101: sits out 
*** HOLE CARDS ***
Dealt to Dorex2007 [Kh 2d]
happystone71: folds 
HardStyle_NL: folds 
vladimir5421: folds 
cleanok: raises $0.03 to $0.05
Dorex2007: folds 
Parker09SA: folds 
POLLO ISRA75: folds 
Uncalled bet ($0.03) returned to cleanok
cleanok collected $0.05 from pot
*** SUMMARY ***
Total pot $0.05 | Rake $0 
Seat 2: HardStyle_NL folded before Flop (didn't bet)
Seat 3: vladimir5421 folded before Flop (didn't bet)
Seat 4: cleanok collected ($0.05)
Seat 5: Dorex2007 (button) folded before Flop (didn't bet)
Seat 7: Parker09SA (small blind) folded before Flop
Seat 8: POLLO ISRA75 (big blind) folded before Flop
Seat 9: happystone71 folded before Flop (didn't bet)



PokerStars Hand #227723544218:  Hold'em No Limit ($0.01/$0.02 USD) - 2021/06/20 11:21:41 PT [2021/06/20 14:21:41 ET]
Table 'Cebriones' 9-max Seat #7 is the button
Seat 2: HardStyle_NL ($3.78 in chips) 
Seat 3: vladimir5421 ($3.06 in chips) 
Seat 4: cleanok ($1.10 in chips) 
Seat 5: Dorex2007 ($2.40 in chips) 
Seat 7: Parker09SA ($2 in chips) 
Seat 8: POLLO ISRA75 ($2.63 in chips) 
Seat 9: happystone71 ($1.33 in chips) 
POLLO ISRA75: posts small blind $0.01
happystone71: posts big blind $0.02
hakisak101: sits out 
*** HOLE CARDS ***
Dealt to Dorex2007 [2s 4s]
HardStyle_NL: folds 
vladimir5421: folds 
cleanok: folds 
Dorex2007: folds 
Parker09SA: folds 
POLLO ISRA75: calls $0.01
happystone71: checks 
*** FLOP *** [Qd 4c 2d]
POLLO ISRA75: bets $0.02
happystone71: calls $0.02
*** TURN *** [Qd 4c 2d] [9d]
POLLO ISRA75: bets $0.04
happystone71: calls $0.04
*** RIVER *** [Qd 4c 2d 9d] [Ts]
POLLO ISRA75: bets $0.08
happystone71: raises $0.31 to $0.39
POLLO ISRA75: folds 
Uncalled bet ($0.31) returned to happystone71
happystone71 collected $0.31 from pot
*** SUMMARY ***
Total pot $0.32 | Rake $0.01 
Board [Qd 4c 2d 9d Ts]
Seat 2: HardStyle_NL folded before Flop (didn't bet)
Seat 3: vladimir5421 folded before Flop (didn't bet)
Seat 4: cleanok folded before Flop (didn't bet)
Seat 5: Dorex2007 folded before Flop (didn't bet)
Seat 7: Parker09SA (button) folded before Flop (didn't bet)
Seat 8: POLLO ISRA75 (small blind) folded on the River
Seat 9: happystone71 (big blind) collected ($0.31)



PokerStars Hand #227723584020:  Hold'em No Limit ($0.01/$0.02 USD) - 2021/06/20 11:22:58 PT [2021/06/20 14:22:58 ET]
Table 'Cebriones' 9-max Seat #8 is the button
Seat 1: hakisak101 ($2 in chips) 
Seat 2: HardStyle_NL ($3.78 in chips) 
Seat 3: vladimir5421 ($3.06 in chips) 
Seat 4: cleanok ($1.10 in chips) 
Seat 5: Dorex2007 ($2.40 in chips) 
Seat 7: Parker09SA ($2 in chips) 
Seat 8: POLLO ISRA75 ($2.47 in chips) 
Seat 9: happystone71 ($1.48 in chips) 
happystone71: posts small blind $0.01
hakisak101: posts big blind $0.02
*** HOLE CARDS ***
Dealt to Dorex2007 [4d 7c]
HardStyle_NL: calls $0.02
vladimir5421: folds 
cleanok: folds 
Dorex2007: folds 
Parker09SA: folds 
POLLO ISRA75 is connected 
POLLO ISRA75 has timed out
POLLO ISRA75: folds 
happystone71: folds 
hakisak101: raises $0.04 to $0.06
HardStyle_NL: calls $0.04
*** FLOP *** [Qh 3s 3d]
hakisak101: checks 
HardStyle_NL: checks 
*** TURN *** [Qh 3s 3d] [Th]
hakisak101: checks 
HardStyle_NL: bets $0.06
hakisak101: folds 
Uncalled bet ($0.06) returned to HardStyle_NL
HardStyle_NL collected $0.13 from pot
HardStyle_NL: doesn't show hand 
*** SUMMARY ***
Total pot $0.13 | Rake $0 
Board [Qh 3s 3d Th]
Seat 1: hakisak101 (big blind) folded on the Turn
Seat 2: HardStyle_NL collected ($0.13)
Seat 3: vladimir5421 folded before Flop (didn't bet)
Seat 4: cleanok folded before Flop (didn't bet)
Seat 5: Dorex2007 folded before Flop (didn't bet)
Seat 7: Parker09SA folded before Flop (didn't bet)
Seat 8: POLLO ISRA75 (button) folded before Flop (didn't bet)
Seat 9: happystone71 (small blind) folded before Flop



PokerStars Hand #227723608022:  Hold'em No Limit ($0.01/$0.02 USD) - 2021/06/20 11:23:44 PT [2021/06/20 14:23:44 ET]
Table 'Cebriones' 9-max Seat #9 is the button
Seat 1: hakisak101 ($1.94 in chips) 
Seat 2: HardStyle_NL ($3.85 in chips) 
Seat 3: vladimir5421 ($3.06 in chips) 
Seat 4: cleanok ($1.10 in chips) 
Seat 5: Dorex2007 ($2.40 in chips) 
Seat 7: Parker09SA ($2 in chips) 
Seat 9: happystone71 ($1.47 in chips) 
hakisak101: posts small blind $0.01
HardStyle_NL: posts big blind $0.02
*** HOLE CARDS ***
Dealt to Dorex2007 [Qd 8d]
vladimir5421: folds 
cleanok: folds 
Dorex2007: folds 
Parker09SA: folds 
happystone71: raises $0.05 to $0.07
hakisak101: calls $0.06
HardStyle_NL: calls $0.05
*** FLOP *** [Td 7d 8h]
hakisak101: checks 
HardStyle_NL: checks 
happystone71: bets $0.10
hakisak101: folds 
HardStyle_NL: folds 
Uncalled bet ($0.10) returned to happystone71
happystone71 collected $0.20 from pot
*** SUMMARY ***
Total pot $0.21 | Rake $0.01 
Board [Td 7d 8h]
Seat 1: hakisak101 (small blind) folded on the Flop
Seat 2: HardStyle_NL (big blind) folded on the Flop
Seat 3: vladimir5421 folded before Flop (didn't bet)
Seat 4: cleanok folded before Flop (didn't bet)
Seat 5: Dorex2007 folded before Flop (didn't bet)
Seat 7: Parker09SA folded before Flop (didn't bet)
Seat 9: happystone71 (button) collected ($0.20)



PokerStars Hand #227723628885:  Hold'em No Limit ($0.01/$0.02 USD) - 2021/06/20 11:24:24 PT [2021/06/20 14:24:24 ET]
Table 'Cebriones' 9-max Seat #1 is the button
Seat 1: hakisak101 ($1.87 in chips) 
Seat 2: HardStyle_NL ($3.78 in chips) 
Seat 3: vladimir5421 ($3.06 in chips) 
Seat 4: cleanok ($1.10 in chips) 
Seat 5: Dorex2007 ($2.40 in chips) 
Seat 7: Parker09SA ($2 in chips) 
Seat 8: POLLO ISRA75 ($2.47 in chips) 
Seat 9: happystone71 ($1.60 in chips) 
HardStyle_NL: posts small blind $0.01
vladimir5421: posts big blind $0.02
*** HOLE CARDS ***
Dealt to Dorex2007 [4c 9s]
cleanok: folds 
Dorex2007: folds 
Parker09SA: folds 
POLLO ISRA75: folds 
happystone71: folds 
hakisak101: folds 
HardStyle_NL is disconnected 
HardStyle_NL has timed out while disconnected
HardStyle_NL: folds 
Uncalled bet ($0.01) returned to vladimir5421
vladimir5421 collected $0.02 from pot
vladimir5421: doesn't show hand 
*** SUMMARY ***
Total pot $0.02 | Rake $0 
Seat 1: hakisak101 (button) folded before Flop (didn't bet)
Seat 2: HardStyle_NL (small blind) folded before Flop
Seat 3: vladimir5421 (big blind) collected ($0.02)
Seat 4: cleanok folded before Flop (didn't bet)
Seat 5: Dorex2007 folded before Flop (didn't bet)
Seat 7: Parker09SA folded before Flop (didn't bet)
Seat 8: POLLO ISRA75 folded before Flop (didn't bet)
Seat 9: happystone71 folded before Flop (didn't bet)



PokerStars Hand #227723644770:  Hold'em No Limit ($0.01/$0.02 USD) - 2021/06/20 11:24:54 PT [2021/06/20 14:24:54 ET]
Table 'Cebriones' 9-max Seat #3 is the button
Seat 1: hakisak101 ($1.87 in chips) 
Seat 3: vladimir5421 ($3.07 in chips) 
Seat 4: cleanok ($1.10 in chips) 
Seat 5: Dorex2007 ($2.40 in chips) 
Seat 7: Parker09SA ($2 in chips) 
Seat 8: POLLO ISRA75 ($2.47 in chips) 
Seat 9: happystone71 ($1.60 in chips) 
cleanok: posts small blind $0.01
Dorex2007: posts big blind $0.02
*** HOLE CARDS ***
Dealt to Dorex2007 [Jd 4d]
Parker09SA: folds 
POLLO ISRA75: calls $0.02
happystone71: folds 
hakisak101: folds 
vladimir5421: folds 
cleanok: calls $0.01
Dorex2007: checks 
*** FLOP *** [Kc 9c 3s]
cleanok: checks 
Dorex2007: checks 
POLLO ISRA75: bets $0.03
cleanok: folds 
Dorex2007: folds 
Uncalled bet ($0.03) returned to POLLO ISRA75
POLLO ISRA75 collected $0.06 from pot
POLLO ISRA75: doesn't show hand 
*** SUMMARY ***
Total pot $0.06 | Rake $0 
Board [Kc 9c 3s]
Seat 1: hakisak101 folded before Flop (didn't bet)
Seat 3: vladimir5421 (button) folded before Flop (didn't bet)
Seat 4: cleanok (small blind) folded on the Flop
Seat 5: Dorex2007 (big blind) folded on the Flop
Seat 7: Parker09SA folded before Flop (didn't bet)
Seat 8: POLLO ISRA75 collected ($0.06)
Seat 9: happystone71 folded before Flop (didn't bet)



PokerStars Hand #227723670537:  Hold'em No Limit ($0.01/$0.02 USD) - 2021/06/20 11:25:43 PT [2021/06/20 14:25:43 ET]
Table 'Cebriones' 9-max Seat #4 is the button
Seat 1: hakisak101 ($1.87 in chips) 
Seat 2: HardStyle_NL ($3.77 in chips) 
Seat 3: vladimir5421 ($3.07 in chips) 
Seat 4: cleanok ($1.08 in chips) 
Seat 5: Dorex2007 ($2.38 in chips) 
Seat 7: Parker09SA ($2 in chips) 
Seat 8: POLLO ISRA75 ($2.51 in chips) 
Seat 9: happystone71 ($1.60 in chips) 
Dorex2007: posts small blind $0.01
Parker09SA: posts big blind $0.02
*** HOLE CARDS ***
Dealt to Dorex2007 [9h Jh]
POLLO ISRA75: folds 
happystone71: folds 
hakisak101: folds 
HardStyle_NL: folds 
vladimir5421: folds 
cleanok: raises $0.03 to $0.05
Dorex2007: folds 
Parker09SA: folds 
Uncalled bet ($0.03) returned to cleanok
cleanok collected $0.05 from pot
*** SUMMARY ***
Total pot $0.05 | Rake $0 
Seat 1: hakisak101 folded before Flop (didn't bet)
Seat 2: HardStyle_NL folded before Flop (didn't bet)
Seat 3: vladimir5421 folded before Flop (didn't bet)
Seat 4: cleanok (button) collected ($0.05)
Seat 5: Dorex2007 (small blind) folded before Flop
Seat 7: Parker09SA (big blind) folded before Flop
Seat 8: POLLO ISRA75 folded before Flop (didn't bet)
Seat 9: happystone71 folded before Flop (didn't bet)



PokerStars Hand #227723685130:  Hold'em No Limit ($0.01/$0.02 USD) - 2021/06/20 11:26:11 PT [2021/06/20 14:26:11 ET]
Table 'Cebriones' 9-max Seat #5 is the button
Seat 1: hakisak101 ($1.87 in chips) 
Seat 2: HardStyle_NL ($3.77 in chips) 
Seat 3: vladimir5421 ($3.07 in chips) 
Seat 4: cleanok ($1.11 in chips) 
Seat 5: Dorex2007 ($2.37 in chips) 
Seat 7: Parker09SA ($2 in chips) 
Seat 8: POLLO ISRA75 ($2.51 in chips) 
Seat 9: happystone71 ($1.60 in chips) 
Parker09SA: posts small blind $0.01
POLLO ISRA75: posts big blind $0.02
*** HOLE CARDS ***
Dealt to Dorex2007 [Tc 6s]
happystone71: calls $0.02
hakisak101: folds 
HardStyle_NL: folds 
vladimir5421: folds 
cleanok: folds 
Dorex2007: folds 
Parker09SA: folds 
POLLO ISRA75: checks 
*** FLOP *** [9h 9c 5c]
POLLO ISRA75: checks 
happystone71: checks 
*** TURN *** [9h 9c 5c] [As]
POLLO ISRA75: checks 
happystone71: checks 
*** RIVER *** [9h 9c 5c As] [2c]
POLLO ISRA75: checks 
happystone71: checks 
*** SHOW DOWN ***
POLLO ISRA75: shows [5d Jd] (two pair, Nines and Fives)
happystone71: mucks hand 
POLLO ISRA75 collected $0.05 from pot
*** SUMMARY ***
Total pot $0.05 | Rake $0 
Board [9h 9c 5c As 2c]
Seat 1: hakisak101 folded before Flop (didn't bet)
Seat 2: HardStyle_NL folded before Flop (didn't bet)
Seat 3: vladimir5421 folded before Flop (didn't bet)
Seat 4: cleanok folded before Flop (didn't bet)
Seat 5: Dorex2007 (button) folded before Flop (didn't bet)
Seat 7: Parker09SA (small blind) folded before Flop
Seat 8: POLLO ISRA75 (big blind) showed [5d Jd] and won ($0.05) with two pair, Nines and Fives
Seat 9: happystone71 mucked [Qs Jh]



PokerStars Hand #227723706542:  Hold'em No Limit ($0.01/$0.02 USD) - 2021/06/20 11:26:52 PT [2021/06/20 14:26:52 ET]
Table 'Cebriones' 9-max Seat #7 is the button
Seat 1: hakisak101 ($1.87 in chips) 
Seat 2: HardStyle_NL ($3.77 in chips) 
Seat 3: vladimir5421 ($3.07 in chips) 
Seat 4: cleanok ($1.11 in chips) 
Seat 5: Dorex2007 ($2.37 in chips) 
Seat 7: Parker09SA ($2 in chips) 
Seat 8: POLLO ISRA75 ($2.54 in chips) 
Seat 9: happystone71 ($1.58 in chips) 
POLLO ISRA75: posts small blind $0.01
happystone71: posts big blind $0.02
*** HOLE CARDS ***
Dealt to Dorex2007 [3s 5c]
hakisak101: folds 
HardStyle_NL: raises $0.04 to $0.06
vladimir5421: folds 
cleanok: folds 
Dorex2007: folds 
Parker09SA: calls $0.06
POLLO ISRA75: calls $0.05
happystone71: calls $0.04
*** FLOP *** [5h Ks 2s]
POLLO ISRA75: checks 
happystone71: checks 
HardStyle_NL: bets $0.11
Parker09SA: folds 
POLLO ISRA75: folds 
happystone71: calls $0.11
*** TURN *** [5h Ks 2s] [5s]
happystone71: checks 
HardStyle_NL: bets $0.22
happystone71: raises $0.88 to $1.10
HardStyle_NL: calls $0.88
*** RIVER *** [5h Ks 2s 5s] [Qc]
happystone71: bets $0.31 and is all-in
HardStyle_NL: calls $0.31
*** SHOW DOWN ***
happystone71: shows [As Qs] (a flush, Ace high)
HardStyle_NL: shows [Kc Jh] (two pair, Kings and Fives)
happystone71 collected $3.17 from pot
*** SUMMARY ***
Total pot $3.28 | Rake $0.11 
Board [5h Ks 2s 5s Qc]
Seat 1: hakisak101 folded before Flop (didn't bet)
Seat 2: HardStyle_NL showed [Kc Jh] and lost with two pair, Kings and Fives
Seat 3: vladimir5421 folded before Flop (didn't bet)
Seat 4: cleanok folded before Flop (didn't bet)
Seat 5: Dorex2007 folded before Flop (didn't bet)
Seat 7: Parker09SA (button) folded on the Flop
Seat 8: POLLO ISRA75 (small blind) folded on the Flop
Seat 9: happystone71 (big blind) showed [As Qs] and won ($3.17) with a flush, Ace high



PokerStars Hand #227723748740:  Hold'em No Limit ($0.01/$0.02 USD) - 2021/06/20 11:28:13 PT [2021/06/20 14:28:13 ET]
Table 'Cebriones' 9-max Seat #8 is the button
Seat 1: hakisak101 ($1.87 in chips) 
Seat 2: HardStyle_NL ($2.19 in chips) 
Seat 3: vladimir5421 ($3.07 in chips) 
Seat 4: cleanok ($1.11 in chips) 
Seat 5: Dorex2007 ($2.37 in chips) 
Seat 7: Parker09SA ($2 in chips) 
Seat 8: POLLO ISRA75 ($2.48 in chips) 
Seat 9: happystone71 ($3.17 in chips) 
happystone71: posts small blind $0.01
hakisak101: posts big blind $0.02
*** HOLE CARDS ***
Dealt to Dorex2007 [7c Ks]
HardStyle_NL: folds 
vladimir5421: folds 
cleanok: calls $0.02
Dorex2007: folds 
Parker09SA: folds 
POLLO ISRA75 has timed out
POLLO ISRA75: folds 
happystone71: folds 
hakisak101: checks 
*** FLOP *** [Kc Kh 3c]
hakisak101: checks 
cleanok: bets $0.03
hakisak101: folds 
Uncalled bet ($0.03) returned to cleanok
cleanok collected $0.05 from pot
*** SUMMARY ***
Total pot $0.05 | Rake $0 
Board [Kc Kh 3c]
Seat 1: hakisak101 (big blind) folded on the Flop
Seat 2: HardStyle_NL folded before Flop (didn't bet)
Seat 3: vladimir5421 folded before Flop (didn't bet)
Seat 4: cleanok collected ($0.05)
Seat 5: Dorex2007 folded before Flop (didn't bet)
Seat 7: Parker09SA folded before Flop (didn't bet)
Seat 8: POLLO ISRA75 (button) folded before Flop (didn't bet)
Seat 9: happystone71 (small blind) folded before Flop



PokerStars Hand #227723769074:  Hold'em No Limit ($0.01/$0.02 USD) - 2021/06/20 11:28:52 PT [2021/06/20 14:28:52 ET]
Table 'Cebriones' 9-max Seat #9 is the button
Seat 1: hakisak101 ($1.85 in chips) 
Seat 2: HardStyle_NL ($2.19 in chips) 
Seat 3: vladimir5421 ($3.07 in chips) 
Seat 4: cleanok ($1.14 in chips) 
Seat 5: Dorex2007 ($2.37 in chips) 
Seat 7: Parker09SA ($2 in chips) 
Seat 8: POLLO ISRA75 ($2.48 in chips) 
Seat 9: happystone71 ($3.16 in chips) 
hakisak101: posts small blind $0.01
HardStyle_NL: posts big blind $0.02
*** HOLE CARDS ***
Dealt to Dorex2007 [9s Js]
vladimir5421: folds 
cleanok: folds 
Dorex2007: raises $0.02 to $0.04
Parker09SA: folds 
POLLO ISRA75: folds 
happystone71: folds 
hakisak101: folds 
HardStyle_NL: calls $0.02
*** FLOP *** [7d Kh 4c]
HardStyle_NL: checks 
Dorex2007: checks 
*** TURN *** [7d Kh 4c] [8c]
HardStyle_NL: checks 
Dorex2007: bets $0.06
HardStyle_NL: calls $0.06
*** RIVER *** [7d Kh 4c 8c] [6h]
HardStyle_NL: checks 
Dorex2007: checks 
*** SHOW DOWN ***
HardStyle_NL: shows [5c Qc] (a straight, Four to Eight)
Dorex2007: mucks hand 
HardStyle_NL collected $0.20 from pot
*** SUMMARY ***
Total pot $0.21 | Rake $0.01 
Board [7d Kh 4c 8c 6h]
Seat 1: hakisak101 (small blind) folded before Flop
Seat 2: HardStyle_NL (big blind) showed [5c Qc] and won ($0.20) with a straight, Four to Eight
Seat 3: vladimir5421 folded before Flop (didn't bet)
Seat 4: cleanok folded before Flop (didn't bet)
Seat 5: Dorex2007 mucked [9s Js]
Seat 7: Parker09SA folded before Flop (didn't bet)
Seat 8: POLLO ISRA75 folded before Flop (didn't bet)
Seat 9: happystone71 (button) folded before Flop (didn't bet)



PokerStars Hand #227723792562:  Hold'em No Limit ($0.01/$0.02 USD) - 2021/06/20 11:29:38 PT [2021/06/20 14:29:38 ET]
Table 'Cebriones' 9-max Seat #1 is the button
Seat 1: hakisak101 ($1.84 in chips) 
Seat 2: HardStyle_NL ($2.29 in chips) 
Seat 3: vladimir5421 ($3.07 in chips) 
Seat 4: cleanok ($1.14 in chips) 
Seat 5: Dorex2007 ($2.27 in chips) 
Seat 7: Parker09SA ($2 in chips) 
Seat 8: POLLO ISRA75 ($2.48 in chips) 
Seat 9: happystone71 ($3.16 in chips) 
HardStyle_NL: posts small blind $0.01
vladimir5421: posts big blind $0.02
*** HOLE CARDS ***
Dealt to Dorex2007 [Ad 6c]
cleanok: raises $0.04 to $0.06
Dorex2007: folds 
Parker09SA: folds 
POLLO ISRA75: calls $0.06
happystone71: folds 
hakisak101: calls $0.06
HardStyle_NL: folds 
vladimir5421: folds 
*** FLOP *** [6h Jd 3s]
cleanok: bets $0.11
POLLO ISRA75: folds 
hakisak101: folds 
Uncalled bet ($0.11) returned to cleanok
cleanok collected $0.20 from pot
*** SUMMARY ***
Total pot $0.21 | Rake $0.01 
Board [6h Jd 3s]
Seat 1: hakisak101 (button) folded on the Flop
Seat 2: HardStyle_NL (small blind) folded before Flop
Seat 3: vladimir5421 (big blind) folded before Flop
Seat 4: cleanok collected ($0.20)
Seat 5: Dorex2007 folded before Flop (didn't bet)
Seat 7: Parker09SA folded before Flop (didn't bet)
Seat 8: POLLO ISRA75 folded on the Flop
Seat 9: happystone71 folded before Flop (didn't bet)



PokerStars Hand #227723821404:  Hold'em No Limit ($0.01/$0.02 USD) - 2021/06/20 11:30:33 PT [2021/06/20 14:30:33 ET]
Table 'Cebriones' 9-max Seat #2 is the button
Seat 1: hakisak101 ($1.78 in chips) 
Seat 2: HardStyle_NL ($2.28 in chips) 
Seat 3: vladimir5421 ($3.05 in chips) 
Seat 4: cleanok ($1.28 in chips) 
Seat 5: Dorex2007 ($2.27 in chips) 
Seat 7: Parker09SA ($2 in chips) 
Seat 8: POLLO ISRA75 ($2.42 in chips) 
Seat 9: happystone71 ($3.16 in chips) 
vladimir5421: posts small blind $0.01
cleanok: posts big blind $0.02
*** HOLE CARDS ***
Dealt to Dorex2007 [Kh 2c]
Dorex2007: folds 
Parker09SA: folds 
POLLO ISRA75: folds 
happystone71: folds 
hakisak101: folds 
HardStyle_NL: calls $0.02
vladimir5421: raises $0.08 to $0.10
cleanok: folds 
HardStyle_NL: calls $0.08
*** FLOP *** [Qc 9c 5d]
vladimir5421: bets $0.14
HardStyle_NL: calls $0.14
*** TURN *** [Qc 9c 5d] [8s]
vladimir5421: bets $0.48
HardStyle_NL: folds 
Uncalled bet ($0.48) returned to vladimir5421
vladimir5421 collected $0.48 from pot
vladimir5421: doesn't show hand 
*** SUMMARY ***
Total pot $0.50 | Rake $0.02 
Board [Qc 9c 5d 8s]
Seat 1: hakisak101 folded before Flop (didn't bet)
Seat 2: HardStyle_NL (button) folded on the Turn
Seat 3: vladimir5421 (small blind) collected ($0.48)
Seat 4: cleanok (big blind) folded before Flop
Seat 5: Dorex2007 folded before Flop (didn't bet)
Seat 7: Parker09SA folded before Flop (didn't bet)
Seat 8: POLLO ISRA75 folded before Flop (didn't bet)
Seat 9: happystone71 folded before Flop (didn't bet)



PokerStars Hand #227723853808:  Hold'em No Limit ($0.01/$0.02 USD) - 2021/06/20 11:31:35 PT [2021/06/20 14:31:35 ET]
Table 'Cebriones' 9-max Seat #3 is the button
Seat 1: hakisak101 ($1.78 in chips) 
Seat 2: HardStyle_NL ($2.04 in chips) 
Seat 3: vladimir5421 ($3.29 in chips) 
Seat 4: cleanok ($1.26 in chips) 
Seat 5: Dorex2007 ($2.27 in chips) 
Seat 7: Parker09SA ($2 in chips) 
Seat 8: POLLO ISRA75 ($2.42 in chips) 
Seat 9: happystone71 ($3.16 in chips) 
cleanok: posts small blind $0.01
Dorex2007: posts big blind $0.02
*** HOLE CARDS ***
Dealt to Dorex2007 [Td 9s]
Parker09SA: folds 
POLLO ISRA75: folds 
happystone71: folds 
hakisak101: folds 
HardStyle_NL: folds 
vladimir5421: folds 
cleanok: folds 
Uncalled bet ($0.01) returned to Dorex2007
Dorex2007 collected $0.02 from pot
Dorex2007: doesn't show hand 
*** SUMMARY ***
Total pot $0.02 | Rake $0 
Seat 1: hakisak101 folded before Flop (didn't bet)
Seat 2: HardStyle_NL folded before Flop (didn't bet)
Seat 3: vladimir5421 (button) folded before Flop (didn't bet)
Seat 4: cleanok (small blind) folded before Flop
Seat 5: Dorex2007 (big blind) collected ($0.02)
Seat 7: Parker09SA folded before Flop (didn't bet)
Seat 8: POLLO ISRA75 folded before Flop (didn't bet)
Seat 9: happystone71 folded before Flop (didn't bet)



PokerStars Hand #227723875824:  Hold'em No Limit ($0.01/$0.02 USD) - 2021/06/20 11:32:16 PT [2021/06/20 14:32:16 ET]
Table 'Cebriones' 9-max Seat #4 is the button
Seat 1: hakisak101 ($1.78 in chips) 
Seat 2: HardStyle_NL ($2.04 in chips) 
Seat 3: vladimir5421 ($3.29 in chips) 
Seat 4: cleanok ($1.25 in chips) 
Seat 5: Dorex2007 ($2.28 in chips) 
Seat 7: Parker09SA ($2 in chips) 
Seat 8: POLLO ISRA75 ($2.42 in chips) 
Seat 9: happystone71 ($3.16 in chips) 
Dorex2007: posts small blind $0.01
Parker09SA: posts big blind $0.02
*** HOLE CARDS ***
Dealt to Dorex2007 [4s 9h]
POLLO ISRA75 has timed out
POLLO ISRA75: folds 
happystone71: raises $0.08 to $0.10
hakisak101: folds 
HardStyle_NL: folds 
vladimir5421: folds 
cleanok: folds 
Dorex2007: folds 
Parker09SA: folds 
Uncalled bet ($0.08) returned to happystone71
happystone71 collected $0.05 from pot
KnockYouOUT1 leaves the table
*** SUMMARY ***
Total pot $0.05 | Rake $0 
Seat 1: hakisak101 folded before Flop (didn't bet)
Seat 2: HardStyle_NL folded before Flop (didn't bet)
Seat 3: vladimir5421 folded before Flop (didn't bet)
Seat 4: cleanok (button) folded before Flop (didn't bet)
Seat 5: Dorex2007 (small blind) folded before Flop
Seat 7: Parker09SA (big blind) folded before Flop
Seat 8: POLLO ISRA75 folded before Flop (didn't bet)
Seat 9: happystone71 collected ($0.05)



PokerStars Hand #227723894075:  Hold'em No Limit ($0.01/$0.02 USD) - 2021/06/20 11:32:50 PT [2021/06/20 14:32:50 ET]
Table 'Cebriones' 9-max Seat #5 is the button
Seat 1: hakisak101 ($1.78 in chips) 
Seat 2: HardStyle_NL ($2.04 in chips) 
Seat 3: vladimir5421 ($3.29 in chips) 
Seat 4: cleanok ($1.25 in chips) 
Seat 5: Dorex2007 ($2.27 in chips) 
Seat 7: Parker09SA ($2 in chips) 
Seat 8: POLLO ISRA75 ($2.42 in chips) 
Seat 9: happystone71 ($3.19 in chips) 
Parker09SA: posts small blind $0.01
19Dima87 joins the table at seat #6 
POLLO ISRA75: posts big blind $0.02
*** HOLE CARDS ***
Dealt to Dorex2007 [Kh Jh]
happystone71: calls $0.02
hakisak101: folds 
HardStyle_NL: calls $0.02
vladimir5421: folds 
cleanok: folds 
Dorex2007: calls $0.02
Parker09SA has timed out
Parker09SA: folds 
POLLO ISRA75: checks 
*** FLOP *** [6h Ks Ac]
POLLO ISRA75: checks 
happystone71: checks 
19Dima87 is disconnected 
HardStyle_NL: bets $0.04
Dorex2007: folds 
POLLO ISRA75: folds 
happystone71: folds 
Uncalled bet ($0.04) returned to HardStyle_NL
HardStyle_NL collected $0.09 from pot
HardStyle_NL: doesn't show hand 
*** SUMMARY ***
Total pot $0.09 | Rake $0 
Board [6h Ks Ac]
Seat 1: hakisak101 folded before Flop (didn't bet)
Seat 2: HardStyle_NL collected ($0.09)
Seat 3: vladimir5421 folded before Flop (didn't bet)
Seat 4: cleanok folded before Flop (didn't bet)
Seat 5: Dorex2007 (button) folded on the Flop
Seat 7: Parker09SA (small blind) folded before Flop
Seat 8: POLLO ISRA75 (big blind) folded on the Flop
Seat 9: happystone71 folded on the Flop



PokerStars Hand #227723957505:  Hold'em No Limit ($0.01/$0.02 USD) - 2021/06/20 11:34:44 PT [2021/06/20 14:34:44 ET]
Table 'Cebriones' 9-max Seat #8 is the button
Seat 1: hakisak101 ($1.78 in chips) 
Seat 2: HardStyle_NL ($2.11 in chips) 
Seat 3: vladimir5421 ($3.29 in chips) 
Seat 4: cleanok ($1.25 in chips) 
Seat 5: Dorex2007 ($2.25 in chips) 
Seat 8: POLLO ISRA75 ($2.40 in chips) 
Seat 9: happystone71 ($3.17 in chips) 
happystone71: posts small blind $0.01
hakisak101: posts big blind $0.02
19Dima87: sits out 
*** HOLE CARDS ***
Dealt to Dorex2007 [Jh Kc]
HardStyle_NL: folds 
vladimir5421: folds 
cleanok: folds 
Dorex2007: raises $0.02 to $0.04
POLLO ISRA75: folds 
happystone71: calls $0.03
hakisak101: folds 
*** FLOP *** [5s Jd 7h]
happystone71: checks 
Dorex2007: bets $0.10
happystone71: folds 
Uncalled bet ($0.10) returned to Dorex2007
Dorex2007 collected $0.10 from pot
Dorex2007: doesn't show hand 
*** SUMMARY ***
Total pot $0.10 | Rake $0 
Board [5s Jd 7h]
Seat 1: hakisak101 (big blind) folded before Flop
Seat 2: HardStyle_NL folded before Flop (didn't bet)
Seat 3: vladimir5421 folded before Flop (didn't bet)
Seat 4: cleanok folded before Flop (didn't bet)
Seat 5: Dorex2007 collected ($0.10)
Seat 8: POLLO ISRA75 (button) folded before Flop (didn't bet)
Seat 9: happystone71 (small blind) folded on the Flop



PokerStars Hand #227723992748:  Hold'em No Limit ($0.01/$0.02 USD) - 2021/06/20 11:35:51 PT [2021/06/20 14:35:51 ET]
Table 'Cebriones' 9-max Seat #9 is the button
Seat 1: hakisak101 ($1.76 in chips) 
Seat 2: HardStyle_NL ($2.11 in chips) 
Seat 3: vladimir5421 ($3.29 in chips) 
Seat 4: cleanok ($1.25 in chips) 
Seat 5: Dorex2007 ($2.31 in chips) 
Seat 7: Parker09SA ($2 in chips) 
Seat 8: POLLO ISRA75 ($2.40 in chips) 
Seat 9: happystone71 ($3.13 in chips) 
hakisak101: posts small blind $0.01
HardStyle_NL: posts big blind $0.02
19Dima87 has timed out
19Dima87: is sitting out 
*** HOLE CARDS ***
Dealt to Dorex2007 [Qd Qs]
vladimir5421: folds 
cleanok: raises $0.02 to $0.04
Dorex2007: raises $0.06 to $0.10
Parker09SA: folds 
POLLO ISRA75: folds 
happystone71: folds 
hakisak101: folds 
HardStyle_NL: calls $0.08
cleanok: folds 
*** FLOP *** [7d 6c 8s]
HardStyle_NL: checks 
Dorex2007: bets $0.24
HardStyle_NL: calls $0.24
*** TURN *** [7d 6c 8s] [9c]
HardStyle_NL: checks 
Dorex2007: bets $1.97 and is all-in
HardStyle_NL: calls $1.77 and is all-in
Uncalled bet ($0.20) returned to Dorex2007
*** RIVER *** [7d 6c 8s 9c] [4h]
*** SHOW DOWN ***
HardStyle_NL: shows [Jd Js] (a pair of Jacks)
Dorex2007: shows [Qd Qs] (a pair of Queens)
Dorex2007 cashed out the hand for $3.34 | Cash Out Fee $0.03
*** SUMMARY ***
Total pot $4.27 | Rake $0.15 
Board [7d 6c 8s 9c 4h]
Seat 1: hakisak101 (small blind) folded before Flop
Seat 2: HardStyle_NL (big blind) showed [Jd Js] and lost with a pair of Jacks
Seat 3: vladimir5421 folded before Flop (didn't bet)
Seat 4: cleanok folded before Flop
Seat 5: Dorex2007 showed [Qd Qs] and won ($4.12) with a pair of Queens (pot not awarded as player cashed out)
Seat 7: Parker09SA folded before Flop (didn't bet)
Seat 8: POLLO ISRA75 folded before Flop (didn't bet)
Seat 9: happystone71 (button) folded before Flop (didn't bet)



PokerStars Hand #227724029753:  Hold'em No Limit ($0.01/$0.02 USD) - 2021/06/20 11:37:01 PT [2021/06/20 14:37:01 ET]
Table 'Cebriones' 9-max Seat #1 is the button
Seat 1: hakisak101 ($1.75 in chips) 
Seat 3: vladimir5421 ($3.29 in chips) 
Seat 4: cleanok ($1.21 in chips) 
Seat 5: Dorex2007 ($3.54 in chips) 
Seat 6: 19Dima87 ($1.60 in chips) 
Seat 7: Parker09SA ($2 in chips) 
Seat 8: POLLO ISRA75 ($2.40 in chips) 
Seat 9: happystone71 ($3.13 in chips) 
vladimir5421: posts small blind $0.01
cleanok: posts big blind $0.02
19Dima87: posts big blind $0.02
*** HOLE CARDS ***
Dealt to Dorex2007 [7c 8h]
Dorex2007: folds 
HardStyle_NL leaves the table
19Dima87: checks 
Parker09SA: folds 
jesus33ru joins the table at seat #2 
POLLO ISRA75: folds 
happystone71 has timed out
happystone71: folds 
hakisak101: folds 
vladimir5421: calls $0.01
cleanok: checks 
*** FLOP *** [7h 9h Jh]
vladimir5421: checks 
cleanok: checks 
19Dima87: checks 
*** TURN *** [7h 9h Jh] [2c]
vladimir5421: checks 
cleanok: checks 
19Dima87: checks 
*** RIVER *** [7h 9h Jh 2c] [Kh]
vladimir5421: checks 
cleanok: checks 
19Dima87: checks 
*** SHOW DOWN ***
vladimir5421: shows [Qc Tc] (a straight, Nine to King)
cleanok: mucks hand 
19Dima87: mucks hand 
vladimir5421 collected $0.06 from pot
*** SUMMARY ***
Total pot $0.06 | Rake $0 
Board [7h 9h Jh 2c Kh]
Seat 1: hakisak101 (button) folded before Flop (didn't bet)
Seat 3: vladimir5421 (small blind) showed [Qc Tc] and won ($0.06) with a straight, Nine to King
Seat 4: cleanok (big blind) mucked [5d 3c]
Seat 5: Dorex2007 folded before Flop (didn't bet)
Seat 6: 19Dima87 mucked [Ac 4c]
Seat 7: Parker09SA folded before Flop (didn't bet)
Seat 8: POLLO ISRA75 folded before Flop (didn't bet)
Seat 9: happystone71 folded before Flop (didn't bet)



PokerStars Hand #227724074019:  Hold'em No Limit ($0.01/$0.02 USD) - 2021/06/20 11:38:24 PT [2021/06/20 14:38:24 ET]
Table 'Cebriones' 9-max Seat #3 is the button
Seat 1: hakisak101 ($1.75 in chips) 
Seat 2: jesus33ru ($0.80 in chips) 
Seat 3: vladimir5421 ($3.33 in chips) 
Seat 4: cleanok ($1.19 in chips) 
Seat 5: Dorex2007 ($3.54 in chips) 
Seat 6: 19Dima87 ($1.58 in chips) 
Seat 7: Parker09SA ($2 in chips) 
Seat 8: POLLO ISRA75 ($2.40 in chips) 
Seat 9: happystone71 ($3.13 in chips) 
cleanok: posts small blind $0.01
Dorex2007: posts big blind $0.02
jesus33ru: posts big blind $0.02
*** HOLE CARDS ***
Dealt to Dorex2007 [6d 4h]
19Dima87: folds 
Parker09SA: folds 
POLLO ISRA75: calls $0.02
happystone71: folds 
hakisak101: folds 
jesus33ru: checks 
vladimir5421: folds 
cleanok: calls $0.01
Dorex2007: checks 
*** FLOP *** [Ts 4d 9s]
cleanok: bets $0.02
Dorex2007: folds 
POLLO ISRA75: calls $0.02
jesus33ru: calls $0.02
*** TURN *** [Ts 4d 9s] [Kh]
cleanok: bets $0.05
POLLO ISRA75: calls $0.05
jesus33ru: folds 
*** RIVER *** [Ts 4d 9s Kh] [Qh]
cleanok: checks 
POLLO ISRA75: bets $1.48
cleanok: folds 
Uncalled bet ($1.48) returned to POLLO ISRA75
POLLO ISRA75 collected $0.23 from pot
POLLO ISRA75: doesn't show hand 
*** SUMMARY ***
Total pot $0.24 | Rake $0.01 
Board [Ts 4d 9s Kh Qh]
Seat 1: hakisak101 folded before Flop (didn't bet)
Seat 2: jesus33ru folded on the Turn
Seat 3: vladimir5421 (button) folded before Flop (didn't bet)
Seat 4: cleanok (small blind) folded on the River
Seat 5: Dorex2007 (big blind) folded on the Flop
Seat 6: 19Dima87 folded before Flop (didn't bet)
Seat 7: Parker09SA folded before Flop (didn't bet)
Seat 8: POLLO ISRA75 collected ($0.23)
Seat 9: happystone71 folded before Flop (didn't bet)



PokerStars Hand #227724113855:  Hold'em No Limit ($0.01/$0.02 USD) - 2021/06/20 11:39:39 PT [2021/06/20 14:39:39 ET]
Table 'Cebriones' 9-max Seat #4 is the button
Seat 1: hakisak101 ($1.75 in chips) 
Seat 2: jesus33ru ($0.76 in chips) 
Seat 3: vladimir5421 ($3.33 in chips) 
Seat 4: cleanok ($1.10 in chips) 
Seat 5: Dorex2007 ($3.52 in chips) 
Seat 6: 19Dima87 ($1.58 in chips) 
Seat 7: Parker09SA ($2 in chips) 
Seat 8: POLLO ISRA75 ($2.54 in chips) 
Seat 9: happystone71 ($3.13 in chips) 
Dorex2007: posts small blind $0.01
19Dima87: posts big blind $0.02
*** HOLE CARDS ***
Dealt to Dorex2007 [9c 5d]
Parker09SA has timed out
Parker09SA: folds 
POLLO ISRA75: folds 
happystone71: folds 
hakisak101: folds 
jesus33ru: raises $0.03 to $0.05
vladimir5421: folds 
cleanok: folds 
Dorex2007: folds 
19Dima87: raises $0.11 to $0.16
jesus33ru: folds 
Uncalled bet ($0.11) returned to 19Dima87
19Dima87 collected $0.11 from pot
19Dima87: doesn't show hand 
*** SUMMARY ***
Total pot $0.11 | Rake $0 
Seat 1: hakisak101 folded before Flop (didn't bet)
Seat 2: jesus33ru folded before Flop
Seat 3: vladimir5421 folded before Flop (didn't bet)
Seat 4: cleanok (button) folded before Flop (didn't bet)
Seat 5: Dorex2007 (small blind) folded before Flop
Seat 6: 19Dima87 (big blind) collected ($0.11)
Seat 7: Parker09SA folded before Flop (didn't bet)
Seat 8: POLLO ISRA75 folded before Flop (didn't bet)
Seat 9: happystone71 folded before Flop (didn't bet)



PokerStars Hand #227724140392:  Hold'em No Limit ($0.01/$0.02 USD) - 2021/06/20 11:40:14 PT [2021/06/20 14:40:14 ET]
Table 'Cebriones' 9-max Seat #5 is the button
Seat 1: hakisak101 ($1.75 in chips) 
Seat 2: jesus33ru ($0.71 in chips) 
Seat 3: vladimir5421 ($3.33 in chips) 
Seat 4: cleanok ($1.10 in chips) 
Seat 5: Dorex2007 ($3.51 in chips) 
Seat 6: 19Dima87 ($1.64 in chips) 
Seat 8: POLLO ISRA75 ($2.54 in chips) 
Seat 9: happystone71 ($3.13 in chips) 
19Dima87: posts small blind $0.01
POLLO ISRA75: posts big blind $0.02
*** HOLE CARDS ***
Dealt to Dorex2007 [5c 2s]
happystone71: folds 
hakisak101: folds 
jesus33ru: calls $0.02
vladimir5421: folds 
cleanok: folds 
Dorex2007: folds 
19Dima87: calls $0.01
POLLO ISRA75: checks 
*** FLOP *** [7s 9c 7c]
19Dima87: checks 
POLLO ISRA75: checks 
jesus33ru: checks 
*** TURN *** [7s 9c 7c] [2h]
19Dima87: checks 
POLLO ISRA75: checks 
jesus33ru: checks 
*** RIVER *** [7s 9c 7c 2h] [Jd]
19Dima87: checks 
POLLO ISRA75: checks 
jesus33ru: bets $0.06
19Dima87: folds 
POLLO ISRA75: calls $0.06
*** SHOW DOWN ***
jesus33ru: shows [8h Ac] (a pair of Sevens)
POLLO ISRA75: shows [9d Kd] (two pair, Nines and Sevens)
POLLO ISRA75 collected $0.17 from pot
*** SUMMARY ***
Total pot $0.18 | Rake $0.01 
Board [7s 9c 7c 2h Jd]
Seat 1: hakisak101 folded before Flop (didn't bet)
Seat 2: jesus33ru showed [8h Ac] and lost with a pair of Sevens
Seat 3: vladimir5421 folded before Flop (didn't bet)
Seat 4: cleanok folded before Flop (didn't bet)
Seat 5: Dorex2007 (button) folded before Flop (didn't bet)
Seat 6: 19Dima87 (small blind) folded on the River
Seat 8: POLLO ISRA75 (big blind) showed [9d Kd] and won ($0.17) with two pair, Nines and Sevens
Seat 9: happystone71 folded before Flop (didn't bet)



PokerStars Hand #227724205558:  Hold'em No Limit ($0.01/$0.02 USD) - 2021/06/20 11:42:16 PT [2021/06/20 14:42:16 ET]
Table 'Cebriones' 9-max Seat #6 is the button
Seat 1: hakisak101 ($1.75 in chips) 
Seat 2: jesus33ru ($0.63 in chips) 
Seat 3: vladimir5421 ($3.33 in chips) 
Seat 4: cleanok ($1.10 in chips) 
Seat 5: Dorex2007 ($3.51 in chips) 
Seat 6: 19Dima87 ($1.62 in chips) 
Seat 8: POLLO ISRA75 ($2.63 in chips) 
Seat 9: happystone71 ($3.13 in chips) 
POLLO ISRA75: posts small blind $0.01
happystone71: posts big blind $0.02
*** HOLE CARDS ***
Dealt to Dorex2007 [7d 5d]
hakisak101: folds 
jesus33ru: folds 
vladimir5421: folds 
cleanok: folds 
Dorex2007: raises $0.02 to $0.04
19Dima87: folds 
POLLO ISRA75 has timed out
POLLO ISRA75: folds 
happystone71: calls $0.02
*** FLOP *** [Ts Tc 7s]
happystone71: checks 
Dorex2007: bets $0.09
happystone71: calls $0.09
*** TURN *** [Ts Tc 7s] [2c]
happystone71: checks 
Dorex2007: bets $0.13
happystone71: raises $0.52 to $0.65
Dorex2007: folds 
Uncalled bet ($0.52) returned to happystone71
happystone71 collected $0.51 from pot
*** SUMMARY ***
Total pot $0.53 | Rake $0.02 
Board [Ts Tc 7s 2c]
Seat 1: hakisak101 folded before Flop (didn't bet)
Seat 2: jesus33ru folded before Flop (didn't bet)
Seat 3: vladimir5421 folded before Flop (didn't bet)
Seat 4: cleanok folded before Flop (didn't bet)
Seat 5: Dorex2007 folded on the Turn
Seat 6: 19Dima87 (button) folded before Flop (didn't bet)
Seat 8: POLLO ISRA75 (small blind) folded before Flop
Seat 9: happystone71 (big blind) collected ($0.51)



PokerStars Hand #227724267486:  Hold'em No Limit ($0.01/$0.02 USD) - 2021/06/20 11:44:13 PT [2021/06/20 14:44:13 ET]
Table 'Cebriones' 9-max Seat #9 is the button
Seat 1: hakisak101 ($1.75 in chips) 
Seat 2: jesus33ru ($0.80 in chips) 
Seat 3: vladimir5421 ($3.33 in chips) 
Seat 4: cleanok ($1.10 in chips) 
Seat 5: Dorex2007 ($3.25 in chips) 
Seat 6: 19Dima87 ($1.62 in chips) 
Seat 9: happystone71 ($3.38 in chips) 
hakisak101: posts small blind $0.01
jesus33ru: posts big blind $0.02
*** HOLE CARDS ***
Dealt to Dorex2007 [Js Jd]
vladimir5421: folds 
cleanok: folds 
Dorex2007: raises $0.02 to $0.04
19Dima87: folds 
happystone71: folds 
hakisak101: folds 
jesus33ru: calls $0.02
*** FLOP *** [Qd 5s 6s]
jesus33ru: checks 
Dorex2007: checks 
*** TURN *** [Qd 5s 6s] [Ah]
jesus33ru: checks 
Dorex2007: checks 
*** RIVER *** [Qd 5s 6s Ah] [Th]
jesus33ru: bets $0.09
Dorex2007: folds 
Uncalled bet ($0.09) returned to jesus33ru
jesus33ru collected $0.09 from pot
jesus33ru: doesn't show hand 
*** SUMMARY ***
Total pot $0.09 | Rake $0 
Board [Qd 5s 6s Ah Th]
Seat 1: hakisak101 (small blind) folded before Flop
Seat 2: jesus33ru (big blind) collected ($0.09)
Seat 3: vladimir5421 folded before Flop (didn't bet)
Seat 4: cleanok folded before Flop (didn't bet)
Seat 5: Dorex2007 folded on the River
Seat 6: 19Dima87 folded before Flop (didn't bet)
Seat 9: happystone71 (button) folded before Flop (didn't bet)



PokerStars Hand #227724304168:  Hold'em No Limit ($0.01/$0.02 USD) - 2021/06/20 11:45:21 PT [2021/06/20 14:45:21 ET]
Table 'Cebriones' 9-max Seat #1 is the button
Seat 1: hakisak101 ($1.74 in chips) 
Seat 2: jesus33ru ($0.85 in chips) 
Seat 3: vladimir5421 ($3.33 in chips) 
Seat 4: cleanok ($1.10 in chips) 
Seat 5: Dorex2007 ($3.21 in chips) 
Seat 6: 19Dima87 ($1.62 in chips) 
Seat 9: happystone71 ($3.38 in chips) 
jesus33ru: posts small blind $0.01
vladimir5421: posts big blind $0.02
*** HOLE CARDS ***
Dealt to Dorex2007 [3h Kh]
cleanok: folds 
Dorex2007: folds 
19Dima87: calls $0.02
happystone71: calls $0.02
hakisak101: calls $0.02
jesus33ru: folds 
vladimir5421: checks 
*** FLOP *** [2d 7h 4s]
vladimir5421: checks 
19Dima87: checks 
happystone71: checks 
hakisak101: checks 
*** TURN *** [2d 7h 4s] [5h]
vladimir5421: checks 
19Dima87: checks 
happystone71: checks 
hakisak101: checks 
*** RIVER *** [2d 7h 4s 5h] [As]
vladimir5421: checks 
19Dima87: checks 
happystone71: checks 
hakisak101: checks 
*** SHOW DOWN ***
vladimir5421: shows [Td 2h] (a pair of Deuces)
19Dima87: mucks hand 
happystone71: mucks hand 
hakisak101: mucks hand 
vladimir5421 collected $0.09 from pot
*** SUMMARY ***
Total pot $0.09 | Rake $0 
Board [2d 7h 4s 5h As]
Seat 1: hakisak101 (button) mucked [Tc Qc]
Seat 2: jesus33ru (small blind) folded before Flop
Seat 3: vladimir5421 (big blind) showed [Td 2h] and won ($0.09) with a pair of Deuces
Seat 4: cleanok folded before Flop (didn't bet)
Seat 5: Dorex2007 folded before Flop (didn't bet)
Seat 6: 19Dima87 mucked [9h 8d]
Seat 9: happystone71 mucked [9s Ts]



PokerStars Hand #227724350095:  Hold'em No Limit ($0.01/$0.02 USD) - 2021/06/20 11:46:48 PT [2021/06/20 14:46:48 ET]
Table 'Cebriones' 9-max Seat #2 is the button
Seat 1: hakisak101 ($1.72 in chips) 
Seat 2: jesus33ru ($0.84 in chips) 
Seat 3: vladimir5421 ($3.40 in chips) 
Seat 4: cleanok ($1.10 in chips) 
Seat 5: Dorex2007 ($3.21 in chips) 
Seat 6: 19Dima87 ($1.60 in chips) 
Seat 9: happystone71 ($3.36 in chips) 
vladimir5421: posts small blind $0.01
cleanok: posts big blind $0.02
*** HOLE CARDS ***
Dealt to Dorex2007 [8c 6c]
Dorex2007: folds 
19Dima87: raises $0.04 to $0.06
happystone71: calls $0.06
hakisak101: folds 
jesus33ru: folds 
vladimir5421: folds 
cleanok: folds 
*** FLOP *** [9d 5h 9h]
19Dima87: bets $0.07
happystone71: calls $0.07
*** TURN *** [9d 5h 9h] [Js]
19Dima87: bets $0.14
happystone71: folds 
Uncalled bet ($0.14) returned to 19Dima87
19Dima87 collected $0.28 from pot
19Dima87: doesn't show hand 
*** SUMMARY ***
Total pot $0.29 | Rake $0.01 
Board [9d 5h 9h Js]
Seat 1: hakisak101 folded before Flop (didn't bet)
Seat 2: jesus33ru (button) folded before Flop (didn't bet)
Seat 3: vladimir5421 (small blind) folded before Flop
Seat 4: cleanok (big blind) folded before Flop
Seat 5: Dorex2007 folded before Flop (didn't bet)
Seat 6: 19Dima87 collected ($0.28)
Seat 9: happystone71 folded on the Turn



PokerStars Hand #227724381705:  Hold'em No Limit ($0.01/$0.02 USD) - 2021/06/20 11:47:47 PT [2021/06/20 14:47:47 ET]
Table 'Cebriones' 9-max Seat #3 is the button
Seat 1: hakisak101 ($1.72 in chips) 
Seat 2: jesus33ru ($0.84 in chips) 
Seat 3: vladimir5421 ($3.39 in chips) 
Seat 4: cleanok ($1.08 in chips) 
Seat 5: Dorex2007 ($3.21 in chips) 
Seat 6: 19Dima87 ($1.75 in chips) 
Seat 9: happystone71 ($3.23 in chips) 
cleanok: posts small blind $0.01
Dorex2007: posts big blind $0.02
*** HOLE CARDS ***
Dealt to Dorex2007 [9d Kh]
19Dima87: raises $0.04 to $0.06
happystone71: folds 
hakisak101: folds 
jesus33ru: folds 
vladimir5421: calls $0.06
cleanok: folds 
Dorex2007: folds 
*** FLOP *** [8c 9s 6d]
19Dima87: checks 
vladimir5421: checks 
*** TURN *** [8c 9s 6d] [Kd]
19Dima87: checks 
vladimir5421: checks 
*** RIVER *** [8c 9s 6d Kd] [Jc]
19Dima87: bets $0.07
vladimir5421: folds 
Uncalled bet ($0.07) returned to 19Dima87
19Dima87 collected $0.14 from pot
19Dima87: doesn't show hand 
*** SUMMARY ***
Total pot $0.15 | Rake $0.01 
Board [8c 9s 6d Kd Jc]
Seat 1: hakisak101 folded before Flop (didn't bet)
Seat 2: jesus33ru folded before Flop (didn't bet)
Seat 3: vladimir5421 (button) folded on the River
Seat 4: cleanok (small blind) folded before Flop
Seat 5: Dorex2007 (big blind) folded before Flop
Seat 6: 19Dima87 collected ($0.14)
Seat 9: happystone71 folded before Flop (didn't bet)



PokerStars Hand #227724427074:  Hold'em No Limit ($0.01/$0.02 USD) - 2021/06/20 11:49:11 PT [2021/06/20 14:49:11 ET]
Table 'Cebriones' 9-max Seat #4 is the button
Seat 1: hakisak101 ($1.72 in chips) 
Seat 2: jesus33ru ($0.84 in chips) 
Seat 3: vladimir5421 ($3.33 in chips) 
Seat 4: cleanok ($1.07 in chips) 
Seat 5: Dorex2007 ($3.19 in chips) 
Seat 6: 19Dima87 ($1.83 in chips) 
Seat 8: POLLO ISRA75 ($2.62 in chips) 
Seat 9: happystone71 ($3.23 in chips) 
Dorex2007: posts small blind $0.01
19Dima87: posts big blind $0.02
Parker09SA: sits out 
*** HOLE CARDS ***
Dealt to Dorex2007 [Tc 7c]
POLLO ISRA75: folds 
happystone71: folds 
hakisak101: folds 
jesus33ru: raises $0.05 to $0.07
vladimir5421: folds 
cleanok: folds 
Dorex2007: folds 
19Dima87: folds 
Uncalled bet ($0.05) returned to jesus33ru
jesus33ru collected $0.05 from pot
jesus33ru: doesn't show hand 
*** SUMMARY ***
Total pot $0.05 | Rake $0 
Seat 1: hakisak101 folded before Flop (didn't bet)
Seat 2: jesus33ru collected ($0.05)
Seat 3: vladimir5421 folded before Flop (didn't bet)
Seat 4: cleanok (button) folded before Flop (didn't bet)
Seat 5: Dorex2007 (small blind) folded before Flop
Seat 6: 19Dima87 (big blind) folded before Flop
Seat 8: POLLO ISRA75 folded before Flop (didn't bet)
Seat 9: happystone71 folded before Flop (didn't bet)



PokerStars Hand #227724446154:  Hold'em No Limit ($0.01/$0.02 USD) - 2021/06/20 11:49:46 PT [2021/06/20 14:49:46 ET]
Table 'Cebriones' 9-max Seat #5 is the button
Seat 1: hakisak101 ($1.72 in chips) 
Seat 2: jesus33ru ($0.87 in chips) 
Seat 3: vladimir5421 ($3.33 in chips) 
Seat 4: cleanok ($1.07 in chips) 
Seat 5: Dorex2007 ($3.18 in chips) 
Seat 6: 19Dima87 ($1.81 in chips) 
Seat 7: Parker09SA ($2 in chips) 
Seat 8: POLLO ISRA75 ($2.62 in chips) 
Seat 9: happystone71 ($3.23 in chips) 
19Dima87: posts small blind $0.01
Parker09SA: posts big blind $0.02
*** HOLE CARDS ***
Dealt to Dorex2007 [8s 9s]
POLLO ISRA75: folds 
happystone71: folds 
hakisak101: folds 
jesus33ru: folds 
vladimir5421: raises $0.04 to $0.06
cleanok: folds 
Dorex2007: folds 
19Dima87: calls $0.05
Parker09SA: folds 
*** FLOP *** [Kc Tc 2c]
19Dima87: checks 
vladimir5421: bets $0.07
19Dima87: folds 
Uncalled bet ($0.07) returned to vladimir5421
vladimir5421 collected $0.14 from pot
vladimir5421: doesn't show hand 
*** SUMMARY ***
Total pot $0.14 | Rake $0 
Board [Kc Tc 2c]
Seat 1: hakisak101 folded before Flop (didn't bet)
Seat 2: jesus33ru folded before Flop (didn't bet)
Seat 3: vladimir5421 collected ($0.14)
Seat 4: cleanok folded before Flop (didn't bet)
Seat 5: Dorex2007 (button) folded before Flop (didn't bet)
Seat 6: 19Dima87 (small blind) folded on the Flop
Seat 7: Parker09SA (big blind) folded before Flop
Seat 8: POLLO ISRA75 folded before Flop (didn't bet)
Seat 9: happystone71 folded before Flop (didn't bet)



PokerStars Hand #227724478436:  Hold'em No Limit ($0.01/$0.02 USD) - 2021/06/20 11:50:46 PT [2021/06/20 14:50:46 ET]
Table 'Cebriones' 9-max Seat #6 is the button
Seat 1: hakisak101 ($1.72 in chips) 
Seat 2: jesus33ru ($0.87 in chips) 
Seat 3: vladimir5421 ($3.41 in chips) 
Seat 4: cleanok ($1.07 in chips) 
Seat 5: Dorex2007 ($3.18 in chips) 
Seat 6: 19Dima87 ($1.75 in chips) 
Seat 7: Parker09SA ($2 in chips) 
Seat 8: POLLO ISRA75 ($2.62 in chips) 
Seat 9: happystone71 ($3.23 in chips) 
Parker09SA: posts small blind $0.01
POLLO ISRA75: posts big blind $0.02
*** HOLE CARDS ***
Dealt to Dorex2007 [7d Ac]
happystone71: raises $0.06 to $0.08
hakisak101: folds 
jesus33ru: folds 
vladimir5421: folds 
cleanok: folds 
Dorex2007: folds 
19Dima87: folds 
Parker09SA has timed out
Parker09SA: folds 
POLLO ISRA75: folds 
Uncalled bet ($0.06) returned to happystone71
happystone71 collected $0.05 from pot
*** SUMMARY ***
Total pot $0.05 | Rake $0 
Seat 1: hakisak101 folded before Flop (didn't bet)
Seat 2: jesus33ru folded before Flop (didn't bet)
Seat 3: vladimir5421 folded before Flop (didn't bet)
Seat 4: cleanok folded before Flop (didn't bet)
Seat 5: Dorex2007 folded before Flop (didn't bet)
Seat 6: 19Dima87 (button) folded before Flop (didn't bet)
Seat 7: Parker09SA (small blind) folded before Flop
Seat 8: POLLO ISRA75 (big blind) folded before Flop
Seat 9: happystone71 collected ($0.05)



PokerStars Hand #227724501807:  Hold'em No Limit ($0.01/$0.02 USD) - 2021/06/20 11:51:30 PT [2021/06/20 14:51:30 ET]
Table 'Cebriones' 9-max Seat #8 is the button
Seat 1: hakisak101 ($1.72 in chips) 
Seat 2: jesus33ru ($0.87 in chips) 
Seat 3: vladimir5421 ($3.41 in chips) 
Seat 4: cleanok ($1.07 in chips) 
Seat 5: Dorex2007 ($3.18 in chips) 
Seat 6: 19Dima87 ($1.75 in chips) 
Seat 8: POLLO ISRA75 ($2.60 in chips) 
Seat 9: happystone71 ($3.26 in chips) 
happystone71: posts small blind $0.01
hakisak101: posts big blind $0.02
*** HOLE CARDS ***
Dealt to Dorex2007 [8c 4d]
jesus33ru: raises $0.02 to $0.04
vladimir5421: calls $0.04
cleanok: folds 
Dorex2007: folds 
19Dima87: calls $0.04
POLLO ISRA75: folds 
happystone71: folds 
hakisak101: folds 
*** FLOP *** [As Jh 9h]
jesus33ru: checks 
vladimir5421: checks 
19Dima87: checks 
*** TURN *** [As Jh 9h] [6d]
jesus33ru: checks 
vladimir5421: checks 
19Dima87: checks 
*** RIVER *** [As Jh 9h 6d] [2c]
jesus33ru: checks 
vladimir5421: checks 
19Dima87: checks 
*** SHOW DOWN ***
jesus33ru: shows [Td Th] (a pair of Tens)
vladimir5421: mucks hand 
19Dima87: mucks hand 
jesus33ru collected $0.14 from pot
*** SUMMARY ***
Total pot $0.15 | Rake $0.01 
Board [As Jh 9h 6d 2c]
Seat 1: hakisak101 (big blind) folded before Flop
Seat 2: jesus33ru showed [Td Th] and won ($0.14) with a pair of Tens
Seat 3: vladimir5421 mucked [5s 4s]
Seat 4: cleanok folded before Flop (didn't bet)
Seat 5: Dorex2007 folded before Flop (didn't bet)
Seat 6: 19Dima87 mucked [7d 8d]
Seat 8: POLLO ISRA75 (button) folded before Flop (didn't bet)
Seat 9: happystone71 (small blind) folded before Flop



PokerStars Hand #227724548064:  Hold'em No Limit ($0.01/$0.02 USD) - 2021/06/20 11:52:54 PT [2021/06/20 14:52:54 ET]
Table 'Cebriones' 9-max Seat #9 is the button
Seat 1: hakisak101 ($1.70 in chips) 
Seat 2: jesus33ru ($0.97 in chips) 
Seat 3: vladimir5421 ($3.37 in chips) 
Seat 4: cleanok ($1.07 in chips) 
Seat 5: Dorex2007 ($3.18 in chips) 
Seat 6: 19Dima87 ($1.71 in chips) 
Seat 8: POLLO ISRA75 ($2.60 in chips) 
Seat 9: happystone71 ($3.25 in chips) 
hakisak101: posts small blind $0.01
jesus33ru: posts big blind $0.02
*** HOLE CARDS ***
Dealt to Dorex2007 [8h 7h]
vladimir5421: folds 
cleanok: folds 
Dorex2007: raises $0.02 to $0.04
19Dima87: folds 
POLLO ISRA75 has timed out
POLLO ISRA75: folds 
happystone71: raises $0.06 to $0.10
hakisak101: folds 
jesus33ru: folds 
Dorex2007: calls $0.06
*** FLOP *** [Jd 9d 9h]
Dorex2007: checks 
happystone71: checks 
*** TURN *** [Jd 9d 9h] [5h]
Dorex2007: bets $0.22
happystone71: folds 
Uncalled bet ($0.22) returned to Dorex2007
Dorex2007 collected $0.22 from pot
Dorex2007: doesn't show hand 
*** SUMMARY ***
Total pot $0.23 | Rake $0.01 
Board [Jd 9d 9h 5h]
Seat 1: hakisak101 (small blind) folded before Flop
Seat 2: jesus33ru (big blind) folded before Flop
Seat 3: vladimir5421 folded before Flop (didn't bet)
Seat 4: cleanok folded before Flop (didn't bet)
Seat 5: Dorex2007 collected ($0.22)
Seat 6: 19Dima87 folded before Flop (didn't bet)
Seat 8: POLLO ISRA75 folded before Flop (didn't bet)
Seat 9: happystone71 (button) folded on the Turn



PokerStars Hand #227724592019:  Hold'em No Limit ($0.01/$0.02 USD) - 2021/06/20 11:54:16 PT [2021/06/20 14:54:16 ET]
Table 'Cebriones' 9-max Seat #1 is the button
Seat 1: hakisak101 ($1.69 in chips) 
Seat 2: jesus33ru ($0.95 in chips) 
Seat 3: vladimir5421 ($3.37 in chips) 
Seat 4: cleanok ($1.07 in chips) 
Seat 5: Dorex2007 ($3.30 in chips) 
Seat 6: 19Dima87 ($1.71 in chips) 
Seat 8: POLLO ISRA75 ($2.60 in chips) 
Seat 9: happystone71 ($3.15 in chips) 
jesus33ru: posts small blind $0.01
vladimir5421: posts big blind $0.02
*** HOLE CARDS ***
Dealt to Dorex2007 [7s Qc]
cleanok: folds 
Dorex2007: folds 
19Dima87: calls $0.02
POLLO ISRA75: folds 
happystone71: calls $0.02
hakisak101: raises $0.04 to $0.06
jesus33ru: calls $0.05
vladimir5421: folds 
19Dima87: calls $0.04
happystone71: calls $0.04
*** FLOP *** [8c 6d 2c]
jesus33ru: checks 
19Dima87: checks 
happystone71: checks 
hakisak101: checks 
*** TURN *** [8c 6d 2c] [5s]
jesus33ru: checks 
19Dima87: checks 
happystone71: bets $0.13
hakisak101: folds 
jesus33ru: calls $0.13
19Dima87: folds 
*** RIVER *** [8c 6d 2c 5s] [2d]
jesus33ru: checks 
happystone71: checks 
*** SHOW DOWN ***
jesus33ru: shows [Kc Tc] (a pair of Deuces)
happystone71: shows [Ad 7d] (a pair of Deuces - Ace kicker)
happystone71 collected $0.50 from pot
*** SUMMARY ***
Total pot $0.52 | Rake $0.02 
Board [8c 6d 2c 5s 2d]
Seat 1: hakisak101 (button) folded on the Turn
Seat 2: jesus33ru (small blind) showed [Kc Tc] and lost with a pair of Deuces
Seat 3: vladimir5421 (big blind) folded before Flop
Seat 4: cleanok folded before Flop (didn't bet)
Seat 5: Dorex2007 folded before Flop (didn't bet)
Seat 6: 19Dima87 folded on the Turn
Seat 8: POLLO ISRA75 folded before Flop (didn't bet)
Seat 9: happystone71 showed [Ad 7d] and won ($0.50) with a pair of Deuces



PokerStars Hand #227724627819:  Hold'em No Limit ($0.01/$0.02 USD) - 2021/06/20 11:55:38 PT [2021/06/20 14:55:38 ET]
Table 'Cebriones' 9-max Seat #2 is the button
Seat 1: hakisak101 ($1.63 in chips) 
Seat 2: jesus33ru ($0.76 in chips) 
Seat 3: vladimir5421 ($3.35 in chips) 
Seat 4: cleanok ($1.07 in chips) 
Seat 5: Dorex2007 ($3.30 in chips) 
Seat 6: 19Dima87 ($1.65 in chips) 
Seat 8: POLLO ISRA75 ($2.60 in chips) 
Seat 9: happystone71 ($3.46 in chips) 
vladimir5421: posts small blind $0.01
cleanok: posts big blind $0.02
*** HOLE CARDS ***
Dealt to Dorex2007 [Qc Th]
Dorex2007: folds 
19Dima87: folds 
POLLO ISRA75: folds 
happystone71: folds 
hakisak101: folds 
jesus33ru: folds 
vladimir5421: raises $0.04 to $0.06
cleanok: calls $0.04
*** FLOP *** [Td 3s 8c]
vladimir5421: checks 
cleanok: checks 
*** TURN *** [Td 3s 8c] [6h]
vladimir5421: bets $0.12
cleanok: calls $0.12
*** RIVER *** [Td 3s 8c 6h] [2h]
vladimir5421: bets $0.35
cleanok: calls $0.35
*** SHOW DOWN ***
vladimir5421: shows [As Ac] (a pair of Aces)
cleanok: mucks hand 
vladimir5421 collected $1.02 from pot
*** SUMMARY ***
Total pot $1.06 | Rake $0.04 
Board [Td 3s 8c 6h 2h]
Seat 1: hakisak101 folded before Flop (didn't bet)
Seat 2: jesus33ru (button) folded before Flop (didn't bet)
Seat 3: vladimir5421 (small blind) showed [As Ac] and won ($1.02) with a pair of Aces
Seat 4: cleanok (big blind) mucked [6s Ks]
Seat 5: Dorex2007 folded before Flop (didn't bet)
Seat 6: 19Dima87 folded before Flop (didn't bet)
Seat 8: POLLO ISRA75 folded before Flop (didn't bet)
Seat 9: happystone71 folded before Flop (didn't bet)



PokerStars Hand #227724644165:  Hold'em No Limit ($0.01/$0.02 USD) - 2021/06/20 11:56:28 PT [2021/06/20 14:56:28 ET]
Table 'Cebriones' 9-max Seat #3 is the button
Seat 1: hakisak101 ($1.63 in chips) 
Seat 2: jesus33ru ($0.76 in chips) 
Seat 3: vladimir5421 ($3.84 in chips) 
Seat 4: cleanok ($0.54 in chips) 
Seat 5: Dorex2007 ($3.30 in chips) 
Seat 6: 19Dima87 ($1.65 in chips) 
Seat 8: POLLO ISRA75 ($2.60 in chips) 
Seat 9: happystone71 ($3.46 in chips) 
cleanok: posts small blind $0.01
Dorex2007: posts big blind $0.02
*** HOLE CARDS ***
Dealt to Dorex2007 [8c 6c]
19Dima87: folds 
POLLO ISRA75: folds 
happystone71: folds 
hakisak101: raises $0.04 to $0.06
jesus33ru: folds 
vladimir5421: folds 
cleanok: calls $0.05
Dorex2007: folds 
*** FLOP *** [2c 9c 5d]
cleanok: bets $0.06
hakisak101: folds 
Uncalled bet ($0.06) returned to cleanok
cleanok collected $0.14 from pot
*** SUMMARY ***
Total pot $0.14 | Rake $0 
Board [2c 9c 5d]
Seat 1: hakisak101 folded on the Flop
Seat 2: jesus33ru folded before Flop (didn't bet)
Seat 3: vladimir5421 (button) folded before Flop (didn't bet)
Seat 4: cleanok (small blind) collected ($0.14)
Seat 5: Dorex2007 (big blind) folded before Flop
Seat 6: 19Dima87 folded before Flop (didn't bet)
Seat 8: POLLO ISRA75 folded before Flop (didn't bet)
Seat 9: happystone71 folded before Flop (didn't bet)



PokerStars Hand #227724657298:  Hold'em No Limit ($0.01/$0.02 USD) - 2021/06/20 11:57:09 PT [2021/06/20 14:57:09 ET]
Table 'Cebriones' 9-max Seat #4 is the button
Seat 1: hakisak101 ($1.57 in chips) 
Seat 2: jesus33ru ($0.76 in chips) 
Seat 3: vladimir5421 ($3.84 in chips) 
Seat 4: cleanok ($0.62 in chips) 
Seat 5: Dorex2007 ($3.28 in chips) 
Seat 6: 19Dima87 ($1.65 in chips) 
Seat 8: POLLO ISRA75 ($2.60 in chips) 
Seat 9: happystone71 ($3.46 in chips) 
Dorex2007: posts small blind $0.01
19Dima87: posts big blind $0.02
*** HOLE CARDS ***
Dealt to Dorex2007 [Ah 9h]
POLLO ISRA75: folds 
happystone71: folds 
hakisak101: folds 
jesus33ru: folds 
vladimir5421: raises $0.04 to $0.06
cleanok: folds 
Dorex2007: calls $0.05
19Dima87: folds 
*** FLOP *** [9s 2s 4s]
Dorex2007: bets $0.07
vladimir5421: folds 
Uncalled bet ($0.07) returned to Dorex2007
Dorex2007 collected $0.14 from pot
Dorex2007: doesn't show hand 
*** SUMMARY ***
Total pot $0.14 | Rake $0 
Board [9s 2s 4s]
Seat 1: hakisak101 folded before Flop (didn't bet)
Seat 2: jesus33ru folded before Flop (didn't bet)
Seat 3: vladimir5421 folded on the Flop
Seat 4: cleanok (button) folded before Flop (didn't bet)
Seat 5: Dorex2007 (small blind) collected ($0.14)
Seat 6: 19Dima87 (big blind) folded before Flop
Seat 8: POLLO ISRA75 folded before Flop (didn't bet)
Seat 9: happystone71 folded before Flop (didn't bet)



PokerStars Hand #227724670683:  Hold'em No Limit ($0.01/$0.02 USD) - 2021/06/20 11:57:47 PT [2021/06/20 14:57:47 ET]
Table 'Cebriones' 9-max Seat #5 is the button
Seat 1: hakisak101 ($1.57 in chips) 
Seat 2: jesus33ru ($0.76 in chips) 
Seat 3: vladimir5421 ($3.78 in chips) 
Seat 4: cleanok ($0.62 in chips) 
Seat 5: Dorex2007 ($3.36 in chips) 
Seat 6: 19Dima87 ($1.63 in chips) 
Seat 8: POLLO ISRA75 ($2.60 in chips) 
Seat 9: happystone71 ($3.46 in chips) 
19Dima87: posts small blind $0.01
POLLO ISRA75: posts big blind $0.02
*** HOLE CARDS ***
Dealt to Dorex2007 [6c Kc]
happystone71: folds 
hakisak101: folds 
jesus33ru: folds 
vladimir5421: folds 
cleanok: folds 
Dorex2007: folds 
19Dima87: calls $0.01
POLLO ISRA75: checks 
*** FLOP *** [Kh 5s 9h]
19Dima87: checks 
POLLO ISRA75: checks 
*** TURN *** [Kh 5s 9h] [Ah]
19Dima87: checks 
POLLO ISRA75: checks 
*** RIVER *** [Kh 5s 9h Ah] [Ts]
19Dima87: checks 
POLLO ISRA75: checks 
*** SHOW DOWN ***
19Dima87: shows [6d 9d] (a pair of Nines)
POLLO ISRA75: shows [7d As] (a pair of Aces)
POLLO ISRA75 collected $0.04 from pot
*** SUMMARY ***
Total pot $0.04 | Rake $0 
Board [Kh 5s 9h Ah Ts]
Seat 1: hakisak101 folded before Flop (didn't bet)
Seat 2: jesus33ru folded before Flop (didn't bet)
Seat 3: vladimir5421 folded before Flop (didn't bet)
Seat 4: cleanok folded before Flop (didn't bet)
Seat 5: Dorex2007 (button) folded before Flop (didn't bet)
Seat 6: 19Dima87 (small blind) showed [6d 9d] and lost with a pair of Nines
Seat 8: POLLO ISRA75 (big blind) showed [7d As] and won ($0.04) with a pair of Aces
Seat 9: happystone71 folded before Flop (didn't bet)



PokerStars Hand #227724696466:  Hold'em No Limit ($0.01/$0.02 USD) - 2021/06/20 11:59:05 PT [2021/06/20 14:59:05 ET]
Table 'Cebriones' 9-max Seat #6 is the button
Seat 1: hakisak101 ($1.57 in chips) 
Seat 2: jesus33ru ($0.76 in chips) 
Seat 3: vladimir5421 ($3.78 in chips) 
Seat 4: cleanok ($0.62 in chips) 
Seat 5: Dorex2007 ($3.36 in chips) 
Seat 6: 19Dima87 ($1.61 in chips) 
Seat 8: POLLO ISRA75 ($2.62 in chips) 
Seat 9: happystone71 ($3.46 in chips) 
POLLO ISRA75: posts small blind $0.01
happystone71: posts big blind $0.02
*** HOLE CARDS ***
Dealt to Dorex2007 [7d 5h]
hakisak101: folds 
jesus33ru: raises $0.02 to $0.04
vladimir5421: folds 
cleanok: folds 
Dorex2007: folds 
19Dima87: calls $0.04
POLLO ISRA75: folds 
happystone71: calls $0.02
*** FLOP *** [4s 6s Js]
happystone71: checks 
jesus33ru: bets $0.13
19Dima87: calls $0.13
happystone71: folds 
*** TURN *** [4s 6s Js] [7h]
jesus33ru: bets $0.13
19Dima87: raises $0.32 to $0.45
jesus33ru: folds 
Uncalled bet ($0.32) returned to 19Dima87
19Dima87 collected $0.63 from pot
19Dima87: doesn't show hand 
*** SUMMARY ***
Total pot $0.65 | Rake $0.02 
Board [4s 6s Js 7h]
Seat 1: hakisak101 folded before Flop (didn't bet)
Seat 2: jesus33ru folded on the Turn
Seat 3: vladimir5421 folded before Flop (didn't bet)
Seat 4: cleanok folded before Flop (didn't bet)
Seat 5: Dorex2007 folded before Flop (didn't bet)
Seat 6: 19Dima87 (button) collected ($0.63)
Seat 8: POLLO ISRA75 (small blind) folded before Flop
Seat 9: happystone71 (big blind) folded on the Flop



PokerStars Hand #227724716344:  Hold'em No Limit ($0.01/$0.02 USD) - 2021/06/20 12:00:05 PT [2021/06/20 15:00:05 ET]
Table 'Cebriones' 9-max Seat #8 is the button
Seat 1: hakisak101 ($1.57 in chips) 
Seat 2: jesus33ru ($0.46 in chips) 
Seat 3: vladimir5421 ($3.78 in chips) 
Seat 4: cleanok ($0.62 in chips) 
Seat 5: Dorex2007 ($3.36 in chips) 
Seat 6: 19Dima87 ($1.94 in chips) 
Seat 8: POLLO ISRA75 ($2.61 in chips) 
Seat 9: happystone71 ($3.42 in chips) 
happystone71: posts small blind $0.01
hakisak101: posts big blind $0.02
Parker09SA: sits out 
*** HOLE CARDS ***
Dealt to Dorex2007 [Td Ts]
jesus33ru: folds 
vladimir5421: folds 
cleanok: folds 
Dorex2007: raises $0.02 to $0.04
19Dima87: folds 
POLLO ISRA75: calls $0.04
happystone71: folds 
hakisak101: folds 
*** FLOP *** [7d 5s 2h]
Dorex2007: checks 
POLLO ISRA75: checks 
*** TURN *** [7d 5s 2h] [2s]
Dorex2007: bets $0.06
POLLO ISRA75: folds 
Uncalled bet ($0.06) returned to Dorex2007
Dorex2007 collected $0.11 from pot
Dorex2007: doesn't show hand 
*** SUMMARY ***
Total pot $0.11 | Rake $0 
Board [7d 5s 2h 2s]
Seat 1: hakisak101 (big blind) folded before Flop
Seat 2: jesus33ru folded before Flop (didn't bet)
Seat 3: vladimir5421 folded before Flop (didn't bet)
Seat 4: cleanok folded before Flop (didn't bet)
Seat 5: Dorex2007 collected ($0.11)
Seat 6: 19Dima87 folded before Flop (didn't bet)
Seat 8: POLLO ISRA75 (button) folded on the Turn
Seat 9: happystone71 (small blind) folded before Flop



PokerStars Hand #227724753196:  Hold'em No Limit ($0.01/$0.02 USD) - 2021/06/20 12:01:06 PT [2021/06/20 15:01:06 ET]
Table 'Cebriones' 9-max Seat #9 is the button
Seat 1: hakisak101 ($1.55 in chips) 
Seat 2: jesus33ru ($0.80 in chips) 
Seat 3: vladimir5421 ($3.78 in chips) 
Seat 4: cleanok ($0.62 in chips) 
Seat 5: Dorex2007 ($3.43 in chips) 
Seat 6: 19Dima87 ($1.94 in chips) 
Seat 8: POLLO ISRA75 ($2.57 in chips) 
Seat 9: happystone71 ($3.41 in chips) 
hakisak101: posts small blind $0.01
jesus33ru: posts big blind $0.02
Parker09SA: sits out 
*** HOLE CARDS ***
Dealt to Dorex2007 [2c Td]
vladimir5421: raises $0.04 to $0.06
cleanok: folds 
Dorex2007: folds 
19Dima87: folds 
POLLO ISRA75: folds 
happystone71: folds 
hakisak101: folds 
jesus33ru: calls $0.04
*** FLOP *** [4d Qs 4c]
jesus33ru: checks 
vladimir5421: checks 
*** TURN *** [4d Qs 4c] [Qc]
hakisak101 leaves the table
jesus33ru: checks 
yjqian23 joins the table at seat #1 
vladimir5421: bets $0.07
jesus33ru: folds 
Uncalled bet ($0.07) returned to vladimir5421
vladimir5421 collected $0.13 from pot
vladimir5421: doesn't show hand 
*** SUMMARY ***
Total pot $0.13 | Rake $0 
Board [4d Qs 4c Qc]
Seat 1: hakisak101 (small blind) folded before Flop
Seat 2: jesus33ru (big blind) folded on the Turn
Seat 3: vladimir5421 collected ($0.13)
Seat 4: cleanok folded before Flop (didn't bet)
Seat 5: Dorex2007 folded before Flop (didn't bet)
Seat 6: 19Dima87 folded before Flop (didn't bet)
Seat 8: POLLO ISRA75 folded before Flop (didn't bet)
Seat 9: happystone71 (button) folded before Flop (didn't bet)



PokerStars Hand #227724771116:  Hold'em No Limit ($0.01/$0.02 USD) - 2021/06/20 12:01:48 PT [2021/06/20 15:01:48 ET]
Table 'Cebriones' 9-max Seat #2 is the button
Seat 1: yjqian23 ($2 in chips) 
Seat 2: jesus33ru ($0.74 in chips) 
Seat 3: vladimir5421 ($3.85 in chips) 
Seat 5: Dorex2007 ($3.43 in chips) 
Seat 6: 19Dima87 ($1.94 in chips) 
Seat 8: POLLO ISRA75 ($2.57 in chips) 
Seat 9: happystone71 ($3.41 in chips) 
vladimir5421: posts small blind $0.01
cleanok: is sitting out 
Dorex2007: posts big blind $0.02
Parker09SA: sits out 
yjqian23: posts big blind $0.02
*** HOLE CARDS ***
Dealt to Dorex2007 [Ad 9s]
19Dima87: folds 
POLLO ISRA75: folds 
happystone71: folds 
yjqian23: checks 
jesus33ru: calls $0.02
vladimir5421: folds 
Dorex2007: checks 
*** FLOP *** [3h Tc Kd]
Dorex2007: checks 
yjqian23: checks 
jesus33ru: checks 
*** TURN *** [3h Tc Kd] [4c]
Dorex2007: checks 
yjqian23: bets $0.02
jesus33ru: calls $0.02
cleanok leaves the table
Dorex2007: folds 
*** RIVER *** [3h Tc Kd 4c] [9h]
yjqian23: checks 
jesus33ru: bets $0.11
yjqian23: folds 
Uncalled bet ($0.11) returned to jesus33ru
jesus33ru collected $0.11 from pot
jesus33ru: doesn't show hand 
*** SUMMARY ***
Total pot $0.11 | Rake $0 
Board [3h Tc Kd 4c 9h]
Seat 1: yjqian23 folded on the River
Seat 2: jesus33ru (button) collected ($0.11)
Seat 3: vladimir5421 (small blind) folded before Flop
Seat 5: Dorex2007 (big blind) folded on the Turn
Seat 6: 19Dima87 folded before Flop (didn't bet)
Seat 8: POLLO ISRA75 folded before Flop (didn't bet)
Seat 9: happystone71 folded before Flop (didn't bet)



PokerStars Hand #227724818710:  Hold'em No Limit ($0.01/$0.02 USD) - 2021/06/20 12:03:22 PT [2021/06/20 15:03:22 ET]
Table 'Cebriones' 9-max Seat #3 is the button
Seat 1: yjqian23 ($1.96 in chips) 
Seat 2: jesus33ru ($0.81 in chips) 
Seat 3: vladimir5421 ($3.84 in chips) 
Seat 5: Dorex2007 ($3.41 in chips) 
Seat 6: 19Dima87 ($1.94 in chips) 
Seat 8: POLLO ISRA75 ($2.57 in chips) 
Seat 9: happystone71 ($3.41 in chips) 
Dorex2007: posts small blind $0.01
19Dima87: posts big blind $0.02
Parker09SA: sits out 
*** HOLE CARDS ***
Dealt to Dorex2007 [Ks 6d]
Asparrowhawk joins the table at seat #4 
POLLO ISRA75: folds 
happystone71: folds 
yjqian23: calls $0.02
jesus33ru: folds 
vladimir5421: folds 
Dorex2007: folds 
19Dima87: raises $0.04 to $0.06
yjqian23: calls $0.04
*** FLOP *** [As 5c 4c]
19Dima87: bets $0.08
yjqian23: folds 
Uncalled bet ($0.08) returned to 19Dima87
19Dima87 collected $0.13 from pot
19Dima87: doesn't show hand 
*** SUMMARY ***
Total pot $0.13 | Rake $0 
Board [As 5c 4c]
Seat 1: yjqian23 folded on the Flop
Seat 2: jesus33ru folded before Flop (didn't bet)
Seat 3: vladimir5421 (button) folded before Flop (didn't bet)
Seat 5: Dorex2007 (small blind) folded before Flop
Seat 6: 19Dima87 (big blind) collected ($0.13)
Seat 8: POLLO ISRA75 folded before Flop (didn't bet)
Seat 9: happystone71 folded before Flop (didn't bet)



PokerStars Hand #227724839955:  Hold'em No Limit ($0.01/$0.02 USD) - 2021/06/20 12:04:03 PT [2021/06/20 15:04:03 ET]
Table 'Cebriones' 9-max Seat #5 is the button
Seat 1: yjqian23 ($1.90 in chips) 
Seat 2: jesus33ru ($0.81 in chips) 
Seat 3: vladimir5421 ($3.84 in chips) 
Seat 5: Dorex2007 ($3.40 in chips) 
Seat 6: 19Dima87 ($2.01 in chips) 
Seat 7: Parker09SA ($2 in chips) 
Seat 8: POLLO ISRA75 ($2.57 in chips) 
Seat 9: happystone71 ($3.41 in chips) 
19Dima87: posts small blind $0.01
Parker09SA: posts big blind $0.02
Asparrowhawk: sits out 
*** HOLE CARDS ***
Dealt to Dorex2007 [9h Qh]
POLLO ISRA75: folds 
happystone71: calls $0.02
yjqian23: calls $0.02
jesus33ru: folds 
vladimir5421: folds 
Dorex2007: folds 
19Dima87: calls $0.01
Parker09SA: checks 
*** FLOP *** [5d Jd 6s]
19Dima87: checks 
Parker09SA: checks 
happystone71: bets $0.04
yjqian23: folds 
19Dima87: calls $0.04
Parker09SA: folds 
*** TURN *** [5d Jd 6s] [2s]
19Dima87: checks 
happystone71: bets $0.08
19Dima87: folds 
Uncalled bet ($0.08) returned to happystone71
happystone71 collected $0.15 from pot
*** SUMMARY ***
Total pot $0.16 | Rake $0.01 
Board [5d Jd 6s 2s]
Seat 1: yjqian23 folded on the Flop
Seat 2: jesus33ru folded before Flop (didn't bet)
Seat 3: vladimir5421 folded before Flop (didn't bet)
Seat 5: Dorex2007 (button) folded before Flop (didn't bet)
Seat 6: 19Dima87 (small blind) folded on the Turn
Seat 7: Parker09SA (big blind) folded on the Flop
Seat 8: POLLO ISRA75 folded before Flop (didn't bet)
Seat 9: happystone71 collected ($0.15)



PokerStars Hand #227724871683:  Hold'em No Limit ($0.01/$0.02 USD) - 2021/06/20 12:05:02 PT [2021/06/20 15:05:02 ET]
Table 'Cebriones' 9-max Seat #6 is the button
Seat 1: yjqian23 ($1.88 in chips) 
Seat 2: jesus33ru ($0.81 in chips) 
Seat 3: vladimir5421 ($3.84 in chips) 
Seat 4: Asparrowhawk ($1.88 in chips) 
Seat 5: Dorex2007 ($3.40 in chips) 
Seat 6: 19Dima87 ($1.95 in chips) 
Seat 7: Parker09SA ($2 in chips) 
Seat 8: POLLO ISRA75 ($2.57 in chips) 
Seat 9: happystone71 ($3.50 in chips) 
Parker09SA: posts small blind $0.01
POLLO ISRA75: posts big blind $0.02
Asparrowhawk: posts big blind $0.02
*** HOLE CARDS ***
Dealt to Dorex2007 [Ad 8c]
happystone71: folds 
yjqian23: folds 
jesus33ru: folds 
vladimir5421: folds 
Asparrowhawk: checks 
Dorex2007: folds 
19Dima87: calls $0.02
Parker09SA: folds 
POLLO ISRA75: checks 
*** FLOP *** [Ks 7h 3s]
POLLO ISRA75: checks 
Asparrowhawk: bets $0.08
19Dima87: folds 
POLLO ISRA75: folds 
Uncalled bet ($0.08) returned to Asparrowhawk
Asparrowhawk collected $0.07 from pot
*** SUMMARY ***
Total pot $0.07 | Rake $0 
Board [Ks 7h 3s]
Seat 1: yjqian23 folded before Flop (didn't bet)
Seat 2: jesus33ru folded before Flop (didn't bet)
Seat 3: vladimir5421 folded before Flop (didn't bet)
Seat 4: Asparrowhawk collected ($0.07)
Seat 5: Dorex2007 folded before Flop (didn't bet)
Seat 6: 19Dima87 (button) folded on the Flop
Seat 7: Parker09SA (small blind) folded before Flop
Seat 8: POLLO ISRA75 (big blind) folded on the Flop
Seat 9: happystone71 folded before Flop (didn't bet)



PokerStars Hand #227724913771:  Hold'em No Limit ($0.01/$0.02 USD) - 2021/06/20 12:06:16 PT [2021/06/20 15:06:16 ET]
Table 'Cebriones' 9-max Seat #7 is the button
Seat 1: yjqian23 ($1.88 in chips) 
Seat 2: jesus33ru ($0.81 in chips) 
Seat 3: vladimir5421 ($3.84 in chips) 
Seat 4: Asparrowhawk ($1.93 in chips) 
Seat 5: Dorex2007 ($3.40 in chips) 
Seat 6: 19Dima87 ($1.93 in chips) 
Seat 7: Parker09SA ($2 in chips) 
Seat 8: POLLO ISRA75 ($2.55 in chips) 
Seat 9: happystone71 ($3.50 in chips) 
POLLO ISRA75: posts small blind $0.01
happystone71: posts big blind $0.02
*** HOLE CARDS ***
Dealt to Dorex2007 [3s Ac]
yjqian23: folds 
jesus33ru: folds 
vladimir5421 has timed out
vladimir5421: folds 
Asparrowhawk: calls $0.02
Dorex2007: folds 
19Dima87: raises $0.07 to $0.09
Parker09SA: folds 
POLLO ISRA75: folds 
happystone71: folds 
Asparrowhawk: folds 
Uncalled bet ($0.07) returned to 19Dima87
19Dima87 collected $0.07 from pot
19Dima87: doesn't show hand 
*** SUMMARY ***
Total pot $0.07 | Rake $0 
Seat 1: yjqian23 folded before Flop (didn't bet)
Seat 2: jesus33ru folded before Flop (didn't bet)
Seat 3: vladimir5421 folded before Flop (didn't bet)
Seat 4: Asparrowhawk folded before Flop
Seat 5: Dorex2007 folded before Flop (didn't bet)
Seat 6: 19Dima87 collected ($0.07)
Seat 7: Parker09SA (button) folded before Flop (didn't bet)
Seat 8: POLLO ISRA75 (small blind) folded before Flop
Seat 9: happystone71 (big blind) folded before Flop



PokerStars Hand #227724946761:  Hold'em No Limit ($0.01/$0.02 USD) - 2021/06/20 12:07:15 PT [2021/06/20 15:07:15 ET]
Table 'Cebriones' 9-max Seat #8 is the button
Seat 1: yjqian23 ($1.88 in chips) 
Seat 2: jesus33ru ($0.81 in chips) 
Seat 3: vladimir5421 ($3.84 in chips) 
Seat 4: Asparrowhawk ($1.91 in chips) 
Seat 5: Dorex2007 ($3.40 in chips) 
Seat 6: 19Dima87 ($1.98 in chips) 
Seat 7: Parker09SA ($2 in chips) 
Seat 8: POLLO ISRA75 ($2.54 in chips) 
Seat 9: happystone71 ($3.48 in chips) 
happystone71: posts small blind $0.01
yjqian23: posts big blind $0.02
*** HOLE CARDS ***
Dealt to Dorex2007 [8s 2c]
jesus33ru: raises $0.02 to $0.04
vladimir5421: folds 
Asparrowhawk: folds 
Dorex2007: folds 
19Dima87: calls $0.04
Parker09SA has timed out
Parker09SA: folds 
POLLO ISRA75: raises $0.15 to $0.19
happystone71: folds 
yjqian23: folds 
jesus33ru: raises $0.62 to $0.81 and is all-in
19Dima87: folds 
POLLO ISRA75: calls $0.62
*** FLOP *** [Kd 5d 6h]
*** TURN *** [Kd 5d 6h] [5h]
*** RIVER *** [Kd 5d 6h 5h] [Js]
*** SHOW DOWN ***
jesus33ru: shows [Qs Qc] (two pair, Queens and Fives)
POLLO ISRA75: shows [Ad As] (two pair, Aces and Fives)
POLLO ISRA75 cashed out the hand for $1.31 | Cash Out Fee $0.01
*** SUMMARY ***
Total pot $1.69 | Rake $0.06 
Board [Kd 5d 6h 5h Js]
Seat 1: yjqian23 (big blind) folded before Flop
Seat 2: jesus33ru showed [Qs Qc] and lost with two pair, Queens and Fives
Seat 3: vladimir5421 folded before Flop (didn't bet)
Seat 4: Asparrowhawk folded before Flop (didn't bet)
Seat 5: Dorex2007 folded before Flop (didn't bet)
Seat 6: 19Dima87 folded before Flop
Seat 7: Parker09SA folded before Flop (didn't bet)
Seat 8: POLLO ISRA75 (button) showed [Ad As] and won ($1.63) with two pair, Aces and Fives (pot not awarded as player cashed out)
Seat 9: happystone71 (small blind) folded before Flop



PokerStars Hand #227724987127:  Hold'em No Limit ($0.01/$0.02 USD) - 2021/06/20 12:08:27 PT [2021/06/20 15:08:27 ET]
Table 'Cebriones' 9-max Seat #9 is the button
Seat 1: yjqian23 ($1.86 in chips) 
Seat 3: vladimir5421 ($3.84 in chips) 
Seat 4: Asparrowhawk ($1.91 in chips) 
Seat 5: Dorex2007 ($3.40 in chips) 
Seat 6: 19Dima87 ($1.94 in chips) 
Seat 7: Parker09SA ($2 in chips) 
Seat 8: POLLO ISRA75 ($3.04 in chips) 
Seat 9: happystone71 ($3.47 in chips) 
yjqian23: posts small blind $0.01
vladimir5421: posts big blind $0.02
*** HOLE CARDS ***
Dealt to Dorex2007 [6s Ks]
Asparrowhawk: calls $0.02
Dorex2007: folds 
19Dima87: folds 
Parker09SA: folds 
jesus33ru leaves the table
AntiJoker27 joins the table at seat #2 
POLLO ISRA75 has timed out
POLLO ISRA75: folds 
happystone71: folds 
yjqian23: folds 
vladimir5421: checks 
*** FLOP *** [5d Kd 9s]
vladimir5421: bets $0.05
Asparrowhawk: folds 
Uncalled bet ($0.05) returned to vladimir5421
vladimir5421 collected $0.05 from pot
vladimir5421: doesn't show hand 
*** SUMMARY ***
Total pot $0.05 | Rake $0 
Board [5d Kd 9s]
Seat 1: yjqian23 (small blind) folded before Flop
Seat 3: vladimir5421 (big blind) collected ($0.05)
Seat 4: Asparrowhawk folded on the Flop
Seat 5: Dorex2007 folded before Flop (didn't bet)
Seat 6: 19Dima87 folded before Flop (didn't bet)
Seat 7: Parker09SA folded before Flop (didn't bet)
Seat 8: POLLO ISRA75 folded before Flop (didn't bet)
Seat 9: happystone71 (button) folded before Flop (didn't bet)



PokerStars Hand #227725023126:  Hold'em No Limit ($0.01/$0.02 USD) - 2021/06/20 12:09:29 PT [2021/06/20 15:09:29 ET]
Table 'Cebriones' 9-max Seat #1 is the button
Seat 1: yjqian23 ($1.85 in chips) 
Seat 3: vladimir5421 ($3.87 in chips) 
Seat 4: Asparrowhawk ($1.89 in chips) 
Seat 5: Dorex2007 ($3.40 in chips) 
Seat 6: 19Dima87 ($1.94 in chips) 
Seat 7: Parker09SA ($2 in chips) 
Seat 8: POLLO ISRA75 ($3.04 in chips) 
Seat 9: happystone71 ($3.47 in chips) 
vladimir5421: posts small blind $0.01
Asparrowhawk: posts big blind $0.02
*** HOLE CARDS ***
Dealt to Dorex2007 [9s Td]
Dorex2007: folds 
19Dima87: folds 
Parker09SA: folds 
POLLO ISRA75 has timed out
POLLO ISRA75: folds 
happystone71: folds 
yjqian23: raises $0.02 to $0.04
vladimir5421: folds 
Asparrowhawk: calls $0.02
*** FLOP *** [2s Qh As]
Asparrowhawk: checks 
yjqian23: bets $0.02
Asparrowhawk: folds 
Uncalled bet ($0.02) returned to yjqian23
yjqian23 collected $0.09 from pot
yjqian23: doesn't show hand 
*** SUMMARY ***
Total pot $0.09 | Rake $0 
Board [2s Qh As]
Seat 1: yjqian23 (button) collected ($0.09)
Seat 3: vladimir5421 (small blind) folded before Flop
Seat 4: Asparrowhawk (big blind) folded on the Flop
Seat 5: Dorex2007 folded before Flop (didn't bet)
Seat 6: 19Dima87 folded before Flop (didn't bet)
Seat 7: Parker09SA folded before Flop (didn't bet)
Seat 8: POLLO ISRA75 folded before Flop (didn't bet)
Seat 9: happystone71 folded before Flop (didn't bet)



PokerStars Hand #227725050091:  Hold'em No Limit ($0.01/$0.02 USD) - 2021/06/20 12:10:16 PT [2021/06/20 15:10:16 ET]
Table 'Cebriones' 9-max Seat #3 is the button
Seat 1: yjqian23 ($1.90 in chips) 
Seat 2: AntiJoker27 ($2 in chips) 
Seat 3: vladimir5421 ($3.86 in chips) 
Seat 4: Asparrowhawk ($1.85 in chips) 
Seat 5: Dorex2007 ($3.40 in chips) 
Seat 6: 19Dima87 ($1.94 in chips) 
Seat 7: Parker09SA ($2 in chips) 
Seat 9: happystone71 ($3.47 in chips) 
Asparrowhawk: posts small blind $0.01
Dorex2007: posts big blind $0.02
AntiJoker27: posts big blind $0.02
*** HOLE CARDS ***
Dealt to Dorex2007 [4c 6s]
19Dima87: raises $0.04 to $0.06
Parker09SA: calls $0.06
happystone71: calls $0.06
yjqian23: folds 
AntiJoker27: calls $0.04
vladimir5421: folds 
Asparrowhawk: calls $0.05
Dorex2007: folds 
*** FLOP *** [2d Ac 5s]
Asparrowhawk: checks 
19Dima87: checks 
Parker09SA: bets $0.16
happystone71: folds 
AntiJoker27: folds 
Asparrowhawk: folds 
19Dima87: folds 
Uncalled bet ($0.16) returned to Parker09SA
Parker09SA collected $0.31 from pot
Parker09SA: doesn't show hand 
*** SUMMARY ***
Total pot $0.32 | Rake $0.01 
Board [2d Ac 5s]
Seat 1: yjqian23 folded before Flop (didn't bet)
Seat 2: AntiJoker27 folded on the Flop
Seat 3: vladimir5421 (button) folded before Flop (didn't bet)
Seat 4: Asparrowhawk (small blind) folded on the Flop
Seat 5: Dorex2007 (big blind) folded before Flop
Seat 6: 19Dima87 folded on the Flop
Seat 7: Parker09SA collected ($0.31)
Seat 9: happystone71 folded on the Flop



PokerStars Hand #227725080442:  Hold'em No Limit ($0.01/$0.02 USD) - 2021/06/20 12:11:10 PT [2021/06/20 15:11:10 ET]
Table 'Cebriones' 9-max Seat #4 is the button
Seat 1: yjqian23 ($1.90 in chips) 
Seat 2: AntiJoker27 ($1.94 in chips) 
Seat 3: vladimir5421 ($3.86 in chips) 
Seat 4: Asparrowhawk ($1.79 in chips) 
Seat 5: Dorex2007 ($3.38 in chips) 
Seat 7: Parker09SA ($2.25 in chips) 
Seat 9: happystone71 ($3.41 in chips) 
Dorex2007: posts small blind $0.01
Parker09SA: posts big blind $0.02
*** HOLE CARDS ***
Dealt to Dorex2007 [Ah 6h]
happystone71: folds 
yjqian23: calls $0.02
AntiJoker27: folds 
vladimir5421: folds 
Asparrowhawk: calls $0.02
Dorex2007: calls $0.01
Parker09SA: checks 
*** FLOP *** [4h 3h 8s]
Dorex2007: checks 
Parker09SA: bets $0.04
yjqian23: folds 
Asparrowhawk: folds 
Dorex2007: calls $0.04
*** TURN *** [4h 3h 8s] [9h]
Dorex2007: checks 
Parker09SA: checks 
*** RIVER *** [4h 3h 8s 9h] [5h]
Dorex2007: bets $0.15
Parker09SA: folds 
Uncalled bet ($0.15) returned to Dorex2007
Dorex2007 collected $0.15 from pot
Dorex2007: doesn't show hand 
*** SUMMARY ***
Total pot $0.16 | Rake $0.01 
Board [4h 3h 8s 9h 5h]
Seat 1: yjqian23 folded on the Flop
Seat 2: AntiJoker27 folded before Flop (didn't bet)
Seat 3: vladimir5421 folded before Flop (didn't bet)
Seat 4: Asparrowhawk (button) folded on the Flop
Seat 5: Dorex2007 (small blind) collected ($0.15)
Seat 7: Parker09SA (big blind) folded on the River
Seat 9: happystone71 folded before Flop (didn't bet)



PokerStars Hand #227725132405:  Hold'em No Limit ($0.01/$0.02 USD) - 2021/06/20 12:12:30 PT [2021/06/20 15:12:30 ET]
Table 'Cebriones' 9-max Seat #5 is the button
Seat 1: yjqian23 ($1.88 in chips) 
Seat 2: AntiJoker27 ($1.94 in chips) 
Seat 3: vladimir5421 ($3.86 in chips) 
Seat 4: Asparrowhawk ($1.77 in chips) 
Seat 5: Dorex2007 ($3.47 in chips) 
Seat 7: Parker09SA ($2.19 in chips) 
Seat 8: POLLO ISRA75 ($3.04 in chips) 
Seat 9: happystone71 ($3.41 in chips) 
Parker09SA: posts small blind $0.01
POLLO ISRA75: posts big blind $0.02
*** HOLE CARDS ***
Dealt to Dorex2007 [8h 6c]
happystone71: folds 
yjqian23: folds 
AntiJoker27: folds 
vladimir5421: raises $0.04 to $0.06
Asparrowhawk: folds 
Dorex2007: folds 
Parker09SA: folds 
POLLO ISRA75 has timed out
POLLO ISRA75: folds 
Uncalled bet ($0.04) returned to vladimir5421
vladimir5421 collected $0.05 from pot
vladimir5421: doesn't show hand 
*** SUMMARY ***
Total pot $0.05 | Rake $0 
Seat 1: yjqian23 folded before Flop (didn't bet)
Seat 2: AntiJoker27 folded before Flop (didn't bet)
Seat 3: vladimir5421 collected ($0.05)
Seat 4: Asparrowhawk folded before Flop (didn't bet)
Seat 5: Dorex2007 (button) folded before Flop (didn't bet)
Seat 7: Parker09SA (small blind) folded before Flop
Seat 8: POLLO ISRA75 (big blind) folded before Flop
Seat 9: happystone71 folded before Flop (didn't bet)



PokerStars Hand #227725157700:  Hold'em No Limit ($0.01/$0.02 USD) - 2021/06/20 12:13:15 PT [2021/06/20 15:13:15 ET]
Table 'Cebriones' 9-max Seat #7 is the button
Seat 1: yjqian23 ($1.88 in chips) 
Seat 2: AntiJoker27 ($1.94 in chips) 
Seat 3: vladimir5421 ($3.89 in chips) 
Seat 4: Asparrowhawk ($1.77 in chips) 
Seat 5: Dorex2007 ($3.47 in chips) 
Seat 7: Parker09SA ($2.18 in chips) 
Seat 9: happystone71 ($3.41 in chips) 
happystone71: posts small blind $0.01
yjqian23: posts big blind $0.02
*** HOLE CARDS ***
Dealt to Dorex2007 [5s Td]
AntiJoker27: folds 
vladimir5421: folds 
Asparrowhawk: folds 
Dorex2007: folds 
Parker09SA: folds 
happystone71: folds 
Uncalled bet ($0.01) returned to yjqian23
yjqian23 collected $0.02 from pot
yjqian23: doesn't show hand 
*** SUMMARY ***
Total pot $0.02 | Rake $0 
Seat 1: yjqian23 (big blind) collected ($0.02)
Seat 2: AntiJoker27 folded before Flop (didn't bet)
Seat 3: vladimir5421 folded before Flop (didn't bet)
Seat 4: Asparrowhawk folded before Flop (didn't bet)
Seat 5: Dorex2007 folded before Flop (didn't bet)
Seat 7: Parker09SA (button) folded before Flop (didn't bet)
Seat 9: happystone71 (small blind) folded before Flop



PokerStars Hand #227725165888:  Hold'em No Limit ($0.01/$0.02 USD) - 2021/06/20 12:13:30 PT [2021/06/20 15:13:30 ET]
Table 'Cebriones' 9-max Seat #9 is the button
Seat 1: yjqian23 ($1.89 in chips) 
Seat 2: AntiJoker27 ($1.94 in chips) 
Seat 3: vladimir5421 ($3.89 in chips) 
Seat 4: Asparrowhawk ($2 in chips) 
Seat 5: Dorex2007 ($3.47 in chips) 
Seat 7: Parker09SA ($2.18 in chips) 
Seat 9: happystone71 ($3.40 in chips) 
yjqian23: posts small blind $0.01
AntiJoker27: posts big blind $0.02
*** HOLE CARDS ***
Dealt to Dorex2007 [Td 3h]
vladimir5421: folds 
Asparrowhawk: folds 
Dorex2007: folds 
Parker09SA: raises $0.04 to $0.06
happystone71: calls $0.06
yjqian23: folds 
AntiJoker27: folds 
*** FLOP *** [9c As 2s]
Parker09SA: bets $0.07
happystone71: calls $0.07
*** TURN *** [9c As 2s] [2d]
Parker09SA: bets $0.14
happystone71: folds 
Uncalled bet ($0.14) returned to Parker09SA
Parker09SA collected $0.28 from pot
Parker09SA: doesn't show hand 
*** SUMMARY ***
Total pot $0.29 | Rake $0.01 
Board [9c As 2s 2d]
Seat 1: yjqian23 (small blind) folded before Flop
Seat 2: AntiJoker27 (big blind) folded before Flop
Seat 3: vladimir5421 folded before Flop (didn't bet)
Seat 4: Asparrowhawk folded before Flop (didn't bet)
Seat 5: Dorex2007 folded before Flop (didn't bet)
Seat 7: Parker09SA collected ($0.28)
Seat 9: happystone71 (button) folded on the Turn



PokerStars Hand #227725191427:  Hold'em No Limit ($0.01/$0.02 USD) - 2021/06/20 12:14:15 PT [2021/06/20 15:14:15 ET]
Table 'Cebriones' 9-max Seat #1 is the button
Seat 1: yjqian23 ($1.88 in chips) 
Seat 2: AntiJoker27 ($1.92 in chips) 
Seat 3: vladimir5421 ($3.89 in chips) 
Seat 4: Asparrowhawk ($2 in chips) 
Seat 5: Dorex2007 ($3.47 in chips) 
Seat 7: Parker09SA ($2.33 in chips) 
Seat 9: happystone71 ($3.27 in chips) 
AntiJoker27: posts small blind $0.01
vladimir5421: posts big blind $0.02
*** HOLE CARDS ***
Dealt to Dorex2007 [Qc 6h]
Asparrowhawk: folds 
Dorex2007: folds 
Parker09SA: raises $0.05 to $0.07
happystone71: folds 
yjqian23: folds 
AntiJoker27: folds 
vladimir5421: folds 
Uncalled bet ($0.05) returned to Parker09SA
Parker09SA collected $0.05 from pot
Parker09SA: doesn't show hand 
*** SUMMARY ***
Total pot $0.05 | Rake $0 
Seat 1: yjqian23 (button) folded before Flop (didn't bet)
Seat 2: AntiJoker27 (small blind) folded before Flop
Seat 3: vladimir5421 (big blind) folded before Flop
Seat 4: Asparrowhawk folded before Flop (didn't bet)
Seat 5: Dorex2007 folded before Flop (didn't bet)
Seat 7: Parker09SA collected ($0.05)
Seat 9: happystone71 folded before Flop (didn't bet)



PokerStars Hand #227725200985:  Hold'em No Limit ($0.01/$0.02 USD) - 2021/06/20 12:14:32 PT [2021/06/20 15:14:32 ET]
Table 'Cebriones' 9-max Seat #2 is the button
Seat 1: yjqian23 ($1.88 in chips) 
Seat 2: AntiJoker27 ($1.91 in chips) 
Seat 3: vladimir5421 ($3.87 in chips) 
Seat 4: Asparrowhawk ($2 in chips) 
Seat 5: Dorex2007 ($3.47 in chips) 
Seat 7: Parker09SA ($2.36 in chips) 
Seat 9: happystone71 ($3.27 in chips) 
vladimir5421: posts small blind $0.01
Asparrowhawk: posts big blind $0.02
*** HOLE CARDS ***
Dealt to Dorex2007 [3s Qs]
Dorex2007: folds 
Parker09SA: folds 
happystone71 has timed out
happystone71: folds 
yjqian23: calls $0.02
AntiJoker27: folds 
vladimir5421: folds 
Asparrowhawk: checks 
*** FLOP *** [4c Ah Qc]
happystone71 leaves the table
Asparrowhawk: bets $0.02
yjqian23: calls $0.02
*** TURN *** [4c Ah Qc] [9c]
Asparrowhawk: checks 
yjqian23: bets $0.02
Asparrowhawk: calls $0.02
*** RIVER *** [4c Ah Qc 9c] [7d]
Asparrowhawk: checks 
yjqian23: checks 
*** SHOW DOWN ***
Asparrowhawk: shows [Ks Jh] (high card Ace)
yjqian23: shows [Ts Ad] (a pair of Aces)
yjqian23 collected $0.13 from pot
*** SUMMARY ***
Total pot $0.13 | Rake $0 
Board [4c Ah Qc 9c 7d]
Seat 1: yjqian23 showed [Ts Ad] and won ($0.13) with a pair of Aces
Seat 2: AntiJoker27 (button) folded before Flop (didn't bet)
Seat 3: vladimir5421 (small blind) folded before Flop
Seat 4: Asparrowhawk (big blind) showed [Ks Jh] and lost with high card Ace
Seat 5: Dorex2007 folded before Flop (didn't bet)
Seat 7: Parker09SA folded before Flop (didn't bet)
Seat 9: happystone71 folded before Flop (didn't bet)



PokerStars Hand #227725227234:  Hold'em No Limit ($0.01/$0.02 USD) - 2021/06/20 12:15:17 PT [2021/06/20 15:15:17 ET]
Table 'Cebriones' 9-max Seat #3 is the button
Seat 1: yjqian23 ($1.95 in chips) 
Seat 2: AntiJoker27 ($1.91 in chips) 
Seat 3: vladimir5421 ($3.86 in chips) 
Seat 4: Asparrowhawk ($1.94 in chips) 
Seat 5: Dorex2007 ($3.47 in chips) 
Seat 7: Parker09SA ($2.36 in chips) 
Asparrowhawk: posts small blind $0.01
Dorex2007: posts big blind $0.02
POLLO ISRA75: sits out 
*** HOLE CARDS ***
Dealt to Dorex2007 [6c 6s]
cinar6868 joins the table at seat #9 
Parker09SA: folds 
yjqian23: folds 
AntiJoker27: folds 
vladimir5421: folds 
Asparrowhawk: calls $0.01
Dorex2007: checks 
*** FLOP *** [7s 2c Th]
Asparrowhawk: bets $0.02
Dorex2007: calls $0.02
*** TURN *** [7s 2c Th] [Qs]
Asparrowhawk: bets $0.02
Dorex2007: folds 
Uncalled bet ($0.02) returned to Asparrowhawk
Asparrowhawk collected $0.08 from pot
*** SUMMARY ***
Total pot $0.08 | Rake $0 
Board [7s 2c Th Qs]
Seat 1: yjqian23 folded before Flop (didn't bet)
Seat 2: AntiJoker27 folded before Flop (didn't bet)
Seat 3: vladimir5421 (button) folded before Flop (didn't bet)
Seat 4: Asparrowhawk (small blind) collected ($0.08)
Seat 5: Dorex2007 (big blind) folded on the Turn
Seat 7: Parker09SA folded before Flop (didn't bet)



PokerStars Hand #227725250404:  Hold'em No Limit ($0.01/$0.02 USD) - 2021/06/20 12:15:58 PT [2021/06/20 15:15:58 ET]
Table 'Cebriones' 9-max Seat #4 is the button
Seat 1: yjqian23 ($1.95 in chips) 
Seat 2: AntiJoker27 ($1.91 in chips) 
Seat 3: vladimir5421 ($3.86 in chips) 
Seat 4: Asparrowhawk ($1.98 in chips) 
Seat 5: Dorex2007 ($3.43 in chips) 
Seat 7: Parker09SA ($2.36 in chips) 
Seat 9: cinar6868 ($0.80 in chips) 
Dorex2007: posts small blind $0.01
Parker09SA: posts big blind $0.02
POLLO ISRA75: sits out 
cinar6868: posts big blind $0.02
*** HOLE CARDS ***
Dealt to Dorex2007 [8c 9d]
cinar6868: checks 
yjqian23: folds 
AntiJoker27: folds 
vladimir5421 has timed out
vladimir5421: folds 
Asparrowhawk: calls $0.02
Dorex2007: folds 
Parker09SA: checks 
*** FLOP *** [3d Jh 5s]
Parker09SA: checks 
cinar6868: checks 
Asparrowhawk: checks 
*** TURN *** [3d Jh 5s] [2c]
Parker09SA: checks 
cinar6868: checks 
Asparrowhawk: checks 
*** RIVER *** [3d Jh 5s 2c] [Tc]
Parker09SA: checks 
cinar6868: checks 
Asparrowhawk: bets $0.02
Parker09SA: folds 
cinar6868: folds 
Uncalled bet ($0.02) returned to Asparrowhawk
Asparrowhawk collected $0.07 from pot
*** SUMMARY ***
Total pot $0.07 | Rake $0 
Board [3d Jh 5s 2c Tc]
Seat 1: yjqian23 folded before Flop (didn't bet)
Seat 2: AntiJoker27 folded before Flop (didn't bet)
Seat 3: vladimir5421 folded before Flop (didn't bet)
Seat 4: Asparrowhawk (button) collected ($0.07)
Seat 5: Dorex2007 (small blind) folded before Flop
Seat 7: Parker09SA (big blind) folded on the River
Seat 9: cinar6868 folded on the River (didn't bet)



PokerStars Hand #227725289313:  Hold'em No Limit ($0.01/$0.02 USD) - 2021/06/20 12:17:06 PT [2021/06/20 15:17:06 ET]
Table 'Cebriones' 9-max Seat #5 is the button
Seat 1: yjqian23 ($1.95 in chips) 
Seat 2: AntiJoker27 ($1.91 in chips) 
Seat 3: vladimir5421 ($3.86 in chips) 
Seat 4: Asparrowhawk ($2.03 in chips) 
Seat 5: Dorex2007 ($3.42 in chips) 
Seat 7: Parker09SA ($2.34 in chips) 
Seat 8: POLLO ISRA75 ($3.02 in chips) 
Seat 9: cinar6868 ($0.78 in chips) 
Parker09SA: posts small blind $0.01
POLLO ISRA75: posts big blind $0.02
*** HOLE CARDS ***
Dealt to Dorex2007 [6s 9c]
cinar6868: folds 
yjqian23: folds 
AntiJoker27: folds 
vladimir5421: folds 
Asparrowhawk: calls $0.02
Dorex2007: calls $0.02
Parker09SA: raises $0.18 to $0.20
POLLO ISRA75: folds 
Asparrowhawk: folds 
Dorex2007: folds 
Uncalled bet ($0.18) returned to Parker09SA
Parker09SA collected $0.08 from pot
Parker09SA: doesn't show hand 
*** SUMMARY ***
Total pot $0.08 | Rake $0 
Seat 1: yjqian23 folded before Flop (didn't bet)
Seat 2: AntiJoker27 folded before Flop (didn't bet)
Seat 3: vladimir5421 folded before Flop (didn't bet)
Seat 4: Asparrowhawk folded before Flop
Seat 5: Dorex2007 (button) folded before Flop
Seat 7: Parker09SA (small blind) collected ($0.08)
Seat 8: POLLO ISRA75 (big blind) folded before Flop
Seat 9: cinar6868 folded before Flop (didn't bet)



PokerStars Hand #227725303825:  Hold'em No Limit ($0.01/$0.02 USD) - 2021/06/20 12:17:31 PT [2021/06/20 15:17:31 ET]
Table 'Cebriones' 9-max Seat #7 is the button
Seat 1: yjqian23 ($1.95 in chips) 
Seat 2: AntiJoker27 ($1.91 in chips) 
Seat 3: vladimir5421 ($3.86 in chips) 
Seat 4: Asparrowhawk ($2.01 in chips) 
Seat 5: Dorex2007 ($3.40 in chips) 
Seat 7: Parker09SA ($2.40 in chips) 
Seat 8: POLLO ISRA75 ($3 in chips) 
Seat 9: cinar6868 ($0.78 in chips) 
POLLO ISRA75: posts small blind $0.01
cinar6868: posts big blind $0.02
*** HOLE CARDS ***
Dealt to Dorex2007 [5h 7d]
yjqian23: folds 
AntiJoker27: calls $0.02
vladimir5421: calls $0.02
Asparrowhawk: calls $0.02
Dorex2007: folds 
Parker09SA: folds 
POLLO ISRA75: folds 
cinar6868: checks 
*** FLOP *** [Ks 3h Th]
cinar6868: checks 
AntiJoker27: bets $0.06
vladimir5421: folds 
Asparrowhawk: folds 
cinar6868: calls $0.06
*** TURN *** [Ks 3h Th] [4c]
cinar6868: checks 
AntiJoker27: bets $0.10
cinar6868: calls $0.10
*** RIVER *** [Ks 3h Th 4c] [5c]
cinar6868: checks 
AntiJoker27: checks 
*** SHOW DOWN ***
cinar6868: shows [9c Kc] (a pair of Kings)
AntiJoker27: shows [Js Kd] (a pair of Kings - Jack kicker)
AntiJoker27 collected $0.40 from pot
*** SUMMARY ***
Total pot $0.41 | Rake $0.01 
Board [Ks 3h Th 4c 5c]
Seat 1: yjqian23 folded before Flop (didn't bet)
Seat 2: AntiJoker27 showed [Js Kd] and won ($0.40) with a pair of Kings
Seat 3: vladimir5421 folded on the Flop
Seat 4: Asparrowhawk folded on the Flop
Seat 5: Dorex2007 folded before Flop (didn't bet)
Seat 7: Parker09SA (button) folded before Flop (didn't bet)
Seat 8: POLLO ISRA75 (small blind) folded before Flop
Seat 9: cinar6868 (big blind) showed [9c Kc] and lost with a pair of Kings



PokerStars Hand #227725354151:  Hold'em No Limit ($0.01/$0.02 USD) - 2021/06/20 12:18:58 PT [2021/06/20 15:18:58 ET]
Table 'Cebriones' 9-max Seat #8 is the button
Seat 1: yjqian23 ($1.95 in chips) 
Seat 2: AntiJoker27 ($2.13 in chips) 
Seat 3: vladimir5421 ($3.84 in chips) 
Seat 4: Asparrowhawk ($1.99 in chips) 
Seat 5: Dorex2007 ($3.40 in chips) 
Seat 7: Parker09SA ($2.40 in chips) 
Seat 8: POLLO ISRA75 ($2.99 in chips) 
Seat 9: cinar6868 ($0.60 in chips) 
cinar6868: posts small blind $0.01
yjqian23: posts big blind $0.02
19Dima87: sits out 
*** HOLE CARDS ***
Dealt to Dorex2007 [9c 4d]
AntiJoker27: folds 
vladimir5421: folds 
Asparrowhawk: calls $0.02
Dorex2007: folds 
Parker09SA: folds 
POLLO ISRA75: folds 
cinar6868: calls $0.01
yjqian23: checks 
*** FLOP *** [Kd Qc 8h]
cinar6868: checks 
yjqian23: checks 
Asparrowhawk: bets $0.02
cinar6868: folds 
yjqian23: folds 
Uncalled bet ($0.02) returned to Asparrowhawk
Asparrowhawk collected $0.06 from pot
*** SUMMARY ***
Total pot $0.06 | Rake $0 
Board [Kd Qc 8h]
Seat 1: yjqian23 (big blind) folded on the Flop
Seat 2: AntiJoker27 folded before Flop (didn't bet)
Seat 3: vladimir5421 folded before Flop (didn't bet)
Seat 4: Asparrowhawk collected ($0.06)
Seat 5: Dorex2007 folded before Flop (didn't bet)
Seat 7: Parker09SA folded before Flop (didn't bet)
Seat 8: POLLO ISRA75 (button) folded before Flop (didn't bet)
Seat 9: cinar6868 (small blind) folded on the Flop



PokerStars Hand #227725378089:  Hold'em No Limit ($0.01/$0.02 USD) - 2021/06/20 12:19:40 PT [2021/06/20 15:19:40 ET]
Table 'Cebriones' 9-max Seat #9 is the button
Seat 1: yjqian23 ($1.93 in chips) 
Seat 2: AntiJoker27 ($2.13 in chips) 
Seat 3: vladimir5421 ($3.84 in chips) 
Seat 4: Asparrowhawk ($2.03 in chips) 
Seat 5: Dorex2007 ($3.40 in chips) 
Seat 6: 19Dima87 ($1.88 in chips) 
Seat 7: Parker09SA ($2.40 in chips) 
Seat 8: POLLO ISRA75 ($2.99 in chips) 
Seat 9: cinar6868 ($0.58 in chips) 
yjqian23: posts small blind $0.01
AntiJoker27: posts big blind $0.02
19Dima87: posts small & big blinds $0.03
*** HOLE CARDS ***
Dealt to Dorex2007 [8c Qd]
vladimir5421: folds 
Asparrowhawk: folds 
Dorex2007: folds 
19Dima87: checks 
Parker09SA: folds 
POLLO ISRA75: calls $0.02
cinar6868: folds 
yjqian23: calls $0.01
AntiJoker27: checks 
*** FLOP *** [6d 3c Kd]
yjqian23: checks 
AntiJoker27: checks 
19Dima87: checks 
POLLO ISRA75: checks 
*** TURN *** [6d 3c Kd] [6s]
yjqian23: checks 
AntiJoker27: bets $0.05
19Dima87: folds 
POLLO ISRA75: folds 
yjqian23: folds 
Uncalled bet ($0.05) returned to AntiJoker27
AntiJoker27 collected $0.09 from pot
AntiJoker27: doesn't show hand 
*** SUMMARY ***
Total pot $0.09 | Rake $0 
Board [6d 3c Kd 6s]
Seat 1: yjqian23 (small blind) folded on the Turn
Seat 2: AntiJoker27 (big blind) collected ($0.09)
Seat 3: vladimir5421 folded before Flop (didn't bet)
Seat 4: Asparrowhawk folded before Flop (didn't bet)
Seat 5: Dorex2007 folded before Flop (didn't bet)
Seat 6: 19Dima87 folded on the Turn (didn't bet)
Seat 7: Parker09SA folded before Flop (didn't bet)
Seat 8: POLLO ISRA75 folded on the Turn
Seat 9: cinar6868 (button) folded before Flop (didn't bet)



PokerStars Hand #227725422543:  Hold'em No Limit ($0.01/$0.02 USD) - 2021/06/20 12:20:48 PT [2021/06/20 15:20:48 ET]
Table 'Cebriones' 9-max Seat #1 is the button
Seat 1: yjqian23 ($1.91 in chips) 
Seat 2: AntiJoker27 ($2.20 in chips) 
Seat 3: vladimir5421 ($3.84 in chips) 
Seat 4: Asparrowhawk ($2.03 in chips) 
Seat 5: Dorex2007 ($3.40 in chips) 
Seat 6: 19Dima87 ($1.85 in chips) 
Seat 7: Parker09SA ($2.40 in chips) 
Seat 8: POLLO ISRA75 ($2.97 in chips) 
Seat 9: cinar6868 ($0.58 in chips) 
AntiJoker27: posts small blind $0.01
vladimir5421: posts big blind $0.02
*** HOLE CARDS ***
Dealt to Dorex2007 [Ad Ac]
Asparrowhawk: folds 
Dorex2007: raises $0.02 to $0.04
19Dima87: folds 
Parker09SA: calls $0.04
POLLO ISRA75: folds 
cinar6868: folds 
yjqian23: folds 
AntiJoker27: folds 
vladimir5421: folds 
*** FLOP *** [2s As 5s]
Dorex2007: bets $0.06
Parker09SA: folds 
Uncalled bet ($0.06) returned to Dorex2007
Dorex2007 collected $0.11 from pot
Dorex2007: doesn't show hand 
*** SUMMARY ***
Total pot $0.11 | Rake $0 
Board [2s As 5s]
Seat 1: yjqian23 (button) folded before Flop (didn't bet)
Seat 2: AntiJoker27 (small blind) folded before Flop
Seat 3: vladimir5421 (big blind) folded before Flop
Seat 4: Asparrowhawk folded before Flop (didn't bet)
Seat 5: Dorex2007 collected ($0.11)
Seat 6: 19Dima87 folded before Flop (didn't bet)
Seat 7: Parker09SA folded on the Flop
Seat 8: POLLO ISRA75 folded before Flop (didn't bet)
Seat 9: cinar6868 folded before Flop (didn't bet)



