PokerStars Hand #224714366433:  Hold'em No Limit ($0.01/$0.02 USD) - 2021/03/11 21:00:20 PT [2021/03/12 0:00:20 ET]
Table 'Sadalmelik IV' 9-max Seat #6 is the button
Seat 1: WeeedMNReap ($1.86 in chips) 
Seat 3: MarkAvrelij ($2.35 in chips) 
Seat 4: Ekshli ($2.29 in chips) 
Seat 6: KATO422 ($2.64 in chips) 
Seat 7: AlekseyAD173 ($0.78 in chips) 
Seat 8: 12Lincoln ($0.13 in chips) 
Seat 9: Dorex2007 ($3.10 in chips) 
AlekseyAD173: posts small blind $0.01
12Lincoln: posts big blind $0.02
*** HOLE CARDS ***
Dealt to Dorex2007 [Qh 8s]
Dorex2007: folds 
WeeedMNReap: folds 
SerginhuBR joins the table at seat #5 
MarkAvrelij: folds 
Ekshli: calls $0.02
KATO422: folds 
AlekseyAD173: folds 
12Lincoln: raises $0.11 to $0.13 and is all-in
Ekshli: calls $0.11
*** FLOP *** [6h 7s 6s]
*** TURN *** [6h 7s 6s] [4c]
*** RIVER *** [6h 7s 6s 4c] [5d]
*** SHOW DOWN ***
12Lincoln: shows [Ad Jc] (a pair of Sixes)
Ekshli: shows [Td Qs] (a pair of Sixes - lower kicker)
12Lincoln collected $0.26 from pot
*** SUMMARY ***
Total pot $0.27 | Rake $0.01 
Board [6h 7s 6s 4c 5d]
Seat 1: WeeedMNReap folded before Flop (didn't bet)
Seat 3: MarkAvrelij folded before Flop (didn't bet)
Seat 4: Ekshli showed [Td Qs] and lost with a pair of Sixes
Seat 6: KATO422 (button) folded before Flop (didn't bet)
Seat 7: AlekseyAD173 (small blind) folded before Flop
Seat 8: 12Lincoln (big blind) showed [Ad Jc] and won ($0.26) with a pair of Sixes
Seat 9: Dorex2007 folded before Flop (didn't bet)



PokerStars Hand #224714372921:  Hold'em No Limit ($0.01/$0.02 USD) - 2021/03/11 21:00:54 PT [2021/03/12 0:00:54 ET]
Table 'Sadalmelik IV' 9-max Seat #7 is the button
Seat 1: WeeedMNReap ($1.86 in chips) 
Seat 2: høhelten1975 ($1.85 in chips) 
Seat 3: MarkAvrelij ($2.35 in chips) 
Seat 4: Ekshli ($2.16 in chips) 
Seat 6: KATO422 ($2.64 in chips) 
Seat 7: AlekseyAD173 ($0.77 in chips) 
Seat 8: 12Lincoln ($0.26 in chips) 
Seat 9: Dorex2007 ($3.10 in chips) 
12Lincoln: posts small blind $0.01
Dorex2007: posts big blind $0.02
høhelten1975: posts small & big blinds $0.03
SerginhuBR: sits out 
*** HOLE CARDS ***
Dealt to Dorex2007 [Td 6d]
WeeedMNReap: folds 
høhelten1975: checks 
MarkAvrelij: folds 
Ekshli has timed out
Ekshli: folds 
KATO422: folds 
AlekseyAD173: folds 
12Lincoln: calls $0.01
Dorex2007: checks 
*** FLOP *** [6c Kc 3s]
12Lincoln: checks 
Dorex2007: checks 
høhelten1975: checks 
*** TURN *** [6c Kc 3s] [Qc]
12Lincoln: checks 
Dorex2007: checks 
høhelten1975: checks 
*** RIVER *** [6c Kc 3s Qc] [2h]
12Lincoln: checks 
Dorex2007: checks 
høhelten1975: checks 
*** SHOW DOWN ***
12Lincoln: shows [5s Jc] (high card King)
Dorex2007: shows [Td 6d] (a pair of Sixes)
høhelten1975: mucks hand 
Dorex2007 collected $0.07 from pot
*** SUMMARY ***
Total pot $0.07 | Rake $0 
Board [6c Kc 3s Qc 2h]
Seat 1: WeeedMNReap folded before Flop (didn't bet)
Seat 2: høhelten1975 mucked [Ac 9d]
Seat 3: MarkAvrelij folded before Flop (didn't bet)
Seat 4: Ekshli folded before Flop (didn't bet)
Seat 6: KATO422 folded before Flop (didn't bet)
Seat 7: AlekseyAD173 (button) folded before Flop (didn't bet)
Seat 8: 12Lincoln (small blind) showed [5s Jc] and lost with high card King
Seat 9: Dorex2007 (big blind) showed [Td 6d] and won ($0.07) with a pair of Sixes



PokerStars Hand #224714385923:  Hold'em No Limit ($0.01/$0.02 USD) - 2021/03/11 21:01:59 PT [2021/03/12 0:01:59 ET]
Table 'Sadalmelik IV' 9-max Seat #8 is the button
Seat 1: WeeedMNReap ($1.86 in chips) 
Seat 2: høhelten1975 ($1.82 in chips) 
Seat 3: MarkAvrelij ($2.35 in chips) 
Seat 4: Ekshli ($2.16 in chips) 
Seat 6: KATO422 ($2.64 in chips) 
Seat 7: AlekseyAD173 ($0.77 in chips) 
Seat 8: 12Lincoln ($0.24 in chips) 
Seat 9: Dorex2007 ($3.15 in chips) 
Dorex2007: posts small blind $0.01
WeeedMNReap: posts big blind $0.02
SerginhuBR: sits out 
*** HOLE CARDS ***
Dealt to Dorex2007 [9d 9c]
høhelten1975: folds 
MarkAvrelij: folds 
Ekshli: folds 
KATO422: folds 
AlekseyAD173: folds 
12Lincoln: folds 
Dorex2007: raises $0.04 to $0.06
WeeedMNReap: calls $0.04
*** FLOP *** [3c Qs 4h]
Dorex2007: bets $0.12
WeeedMNReap: folds 
Uncalled bet ($0.12) returned to Dorex2007
Dorex2007 collected $0.12 from pot
Dorex2007: doesn't show hand 
*** SUMMARY ***
Total pot $0.12 | Rake $0 
Board [3c Qs 4h]
Seat 1: WeeedMNReap (big blind) folded on the Flop
Seat 2: høhelten1975 folded before Flop (didn't bet)
Seat 3: MarkAvrelij folded before Flop (didn't bet)
Seat 4: Ekshli folded before Flop (didn't bet)
Seat 6: KATO422 folded before Flop (didn't bet)
Seat 7: AlekseyAD173 folded before Flop (didn't bet)
Seat 8: 12Lincoln (button) folded before Flop (didn't bet)
Seat 9: Dorex2007 (small blind) collected ($0.12)



PokerStars Hand #224714392196:  Hold'em No Limit ($0.01/$0.02 USD) - 2021/03/11 21:02:30 PT [2021/03/12 0:02:30 ET]
Table 'Sadalmelik IV' 9-max Seat #9 is the button
Seat 1: WeeedMNReap ($1.80 in chips) 
Seat 2: høhelten1975 ($1.82 in chips) 
Seat 3: MarkAvrelij ($2.35 in chips) 
Seat 4: Ekshli ($2.16 in chips) 
Seat 6: KATO422 ($2.64 in chips) 
Seat 7: AlekseyAD173 ($0.77 in chips) 
Seat 8: 12Lincoln ($0.24 in chips) 
Seat 9: Dorex2007 ($3.21 in chips) 
WeeedMNReap: posts small blind $0.01
høhelten1975: posts big blind $0.02
SerginhuBR: sits out 
*** HOLE CARDS ***
Dealt to Dorex2007 [8c 6d]
Dorex2007 said, "Weeed, you from Wpg?"
MarkAvrelij: folds 
Ekshli: folds 
KATO422: folds 
AlekseyAD173: folds 
12Lincoln: folds 
Dorex2007: folds 
WeeedMNReap: calls $0.01
høhelten1975: checks 
*** FLOP *** [Qd Jc Kc]
WeeedMNReap: checks 
høhelten1975: checks 
*** TURN *** [Qd Jc Kc] [5s]
WeeedMNReap: bets $0.02
høhelten1975: folds 
Uncalled bet ($0.02) returned to WeeedMNReap
WeeedMNReap collected $0.04 from pot
WeeedMNReap: doesn't show hand 
*** SUMMARY ***
Total pot $0.04 | Rake $0 
Board [Qd Jc Kc 5s]
Seat 1: WeeedMNReap (small blind) collected ($0.04)
Seat 2: høhelten1975 (big blind) folded on the Turn
Seat 3: MarkAvrelij folded before Flop (didn't bet)
Seat 4: Ekshli folded before Flop (didn't bet)
Seat 6: KATO422 folded before Flop (didn't bet)
Seat 7: AlekseyAD173 folded before Flop (didn't bet)
Seat 8: 12Lincoln folded before Flop (didn't bet)
Seat 9: Dorex2007 (button) folded before Flop (didn't bet)



PokerStars Hand #224714399653:  Hold'em No Limit ($0.01/$0.02 USD) - 2021/03/11 21:03:07 PT [2021/03/12 0:03:07 ET]
Table 'Sadalmelik IV' 9-max Seat #1 is the button
Seat 1: WeeedMNReap ($1.82 in chips) 
Seat 2: høhelten1975 ($1.80 in chips) 
Seat 3: MarkAvrelij ($2.35 in chips) 
Seat 4: Ekshli ($2.16 in chips) 
Seat 5: SerginhuBR ($1.60 in chips) 
Seat 6: KATO422 ($2.64 in chips) 
Seat 7: AlekseyAD173 ($0.77 in chips) 
Seat 8: 12Lincoln ($0.24 in chips) 
Seat 9: Dorex2007 ($3.21 in chips) 
høhelten1975: posts small blind $0.01
MarkAvrelij: posts big blind $0.02
SerginhuBR: posts big blind $0.02
*** HOLE CARDS ***
Dealt to Dorex2007 [5s 6s]
Ekshli: raises $0.02 to $0.04
SerginhuBR: folds 
KATO422: folds 
AlekseyAD173: folds 
12Lincoln: folds 
Dorex2007: folds 
WeeedMNReap: folds 
høhelten1975: folds 
MarkAvrelij: calls $0.02
*** FLOP *** [Th 7s 9s]
MarkAvrelij: checks 
Ekshli: bets $0.06
MarkAvrelij: calls $0.06
*** TURN *** [Th 7s 9s] [4s]
MarkAvrelij: checks 
Ekshli: checks 
*** RIVER *** [Th 7s 9s 4s] [5h]
MarkAvrelij: checks 
Ekshli: checks 
*** SHOW DOWN ***
MarkAvrelij: shows [4d 8d] (a pair of Fours)
Ekshli: mucks hand 
MarkAvrelij collected $0.22 from pot
*** SUMMARY ***
Total pot $0.23 | Rake $0.01 
Board [Th 7s 9s 4s 5h]
Seat 1: WeeedMNReap (button) folded before Flop (didn't bet)
Seat 2: høhelten1975 (small blind) folded before Flop
Seat 3: MarkAvrelij (big blind) showed [4d 8d] and won ($0.22) with a pair of Fours
Seat 4: Ekshli mucked [Qs Ad]
Seat 5: SerginhuBR folded before Flop (didn't bet)
Seat 6: KATO422 folded before Flop (didn't bet)
Seat 7: AlekseyAD173 folded before Flop (didn't bet)
Seat 8: 12Lincoln folded before Flop (didn't bet)
Seat 9: Dorex2007 folded before Flop (didn't bet)



PokerStars Hand #224714412278:  Hold'em No Limit ($0.01/$0.02 USD) - 2021/03/11 21:04:09 PT [2021/03/12 0:04:09 ET]
Table 'Sadalmelik IV' 9-max Seat #2 is the button
Seat 1: WeeedMNReap ($1.82 in chips) 
Seat 2: høhelten1975 ($1.79 in chips) 
Seat 3: MarkAvrelij ($2.47 in chips) 
Seat 4: Ekshli ($2.06 in chips) 
Seat 5: SerginhuBR ($1.58 in chips) 
Seat 6: KATO422 ($2.64 in chips) 
Seat 8: 12Lincoln ($0.24 in chips) 
Seat 9: Dorex2007 ($3.21 in chips) 
MarkAvrelij: posts small blind $0.01
Ekshli: posts big blind $0.02
*** HOLE CARDS ***
Dealt to Dorex2007 [9c As]
SerginhuBR has timed out
SerginhuBR: folds 
KATO422: folds 
12Lincoln: folds 
Dorex2007: folds 
WeeedMNReap: folds 
høhelten1975 is disconnected 
høhelten1975 has timed out while disconnected
høhelten1975: folds 
MarkAvrelij: folds 
Uncalled bet ($0.01) returned to Ekshli
Ekshli collected $0.02 from pot
Ekshli: doesn't show hand 
*** SUMMARY ***
Total pot $0.02 | Rake $0 
Seat 1: WeeedMNReap folded before Flop (didn't bet)
Seat 2: høhelten1975 (button) folded before Flop (didn't bet)
Seat 3: MarkAvrelij (small blind) folded before Flop
Seat 4: Ekshli (big blind) collected ($0.02)
Seat 5: SerginhuBR folded before Flop (didn't bet)
Seat 6: KATO422 folded before Flop (didn't bet)
Seat 8: 12Lincoln folded before Flop (didn't bet)
Seat 9: Dorex2007 folded before Flop (didn't bet)



PokerStars Hand #224714418003:  Hold'em No Limit ($0.01/$0.02 USD) - 2021/03/11 21:04:37 PT [2021/03/12 0:04:37 ET]
Table 'Sadalmelik IV' 9-max Seat #3 is the button
Seat 1: WeeedMNReap ($1.82 in chips) 
Seat 3: MarkAvrelij ($2.46 in chips) 
Seat 4: Ekshli ($2.07 in chips) 
Seat 5: SerginhuBR ($1.58 in chips) 
Seat 6: KATO422 ($2.64 in chips) 
Seat 8: 12Lincoln ($0.24 in chips) 
Seat 9: Dorex2007 ($3.21 in chips) 
Ekshli: posts small blind $0.01
SerginhuBR: posts big blind $0.02
*** HOLE CARDS ***
Dealt to Dorex2007 [Td 3h]
KATO422: folds 
KATO422 leaves the table
12Lincoln: folds 
Dorex2007: folds 
WeeedMNReap has timed out
WeeedMNReap: folds 
MarkAvrelij: raises $0.03 to $0.05
Ekshli: folds 
SerginhuBR: folds 
Uncalled bet ($0.03) returned to MarkAvrelij
MarkAvrelij collected $0.05 from pot
MarkAvrelij: doesn't show hand 
*** SUMMARY ***
Total pot $0.05 | Rake $0 
Seat 1: WeeedMNReap folded before Flop (didn't bet)
Seat 3: MarkAvrelij (button) collected ($0.05)
Seat 4: Ekshli (small blind) folded before Flop
Seat 5: SerginhuBR (big blind) folded before Flop
Seat 6: KATO422 folded before Flop (didn't bet)
Seat 8: 12Lincoln folded before Flop (didn't bet)
Seat 9: Dorex2007 folded before Flop (didn't bet)



PokerStars Hand #224714424021:  Hold'em No Limit ($0.01/$0.02 USD) - 2021/03/11 21:05:06 PT [2021/03/12 0:05:06 ET]
Table 'Sadalmelik IV' 9-max Seat #4 is the button
Seat 1: WeeedMNReap ($1.82 in chips) 
Seat 3: MarkAvrelij ($2.49 in chips) 
Seat 4: Ekshli ($2.06 in chips) 
Seat 5: SerginhuBR ($1.56 in chips) 
Seat 8: 12Lincoln ($0.24 in chips) 
Seat 9: Dorex2007 ($3.21 in chips) 
SerginhuBR: posts small blind $0.01
12Lincoln: posts big blind $0.02
*** HOLE CARDS ***
Dealt to Dorex2007 [9h Tc]
Dorex2007: folds 
WeeedMNReap: folds 
MarkAvrelij: folds 
Ekshli: folds 
SerginhuBR: raises $0.04 to $0.06
12Lincoln: calls $0.04
*** FLOP *** [8s 9s Ac]
SerginhuBR: bets $0.06
12Lincoln: calls $0.06
*** TURN *** [8s 9s Ac] [2s]
SerginhuBR: checks 
12Lincoln: checks 
*** RIVER *** [8s 9s Ac 2s] [4c]
SerginhuBR: bets $0.12
12Lincoln: calls $0.12 and is all-in
*** SHOW DOWN ***
SerginhuBR: shows [Ah Qc] (a pair of Aces)
12Lincoln: shows [Qs Ks] (a flush, King high)
12Lincoln collected $0.46 from pot
*** SUMMARY ***
Total pot $0.48 | Rake $0.02 
Board [8s 9s Ac 2s 4c]
Seat 1: WeeedMNReap folded before Flop (didn't bet)
Seat 3: MarkAvrelij folded before Flop (didn't bet)
Seat 4: Ekshli (button) folded before Flop (didn't bet)
Seat 5: SerginhuBR (small blind) showed [Ah Qc] and lost with a pair of Aces
Seat 8: 12Lincoln (big blind) showed [Qs Ks] and won ($0.46) with a flush, King high
Seat 9: Dorex2007 folded before Flop (didn't bet)



PokerStars Hand #224714450104:  Hold'em No Limit ($0.01/$0.02 USD) - 2021/03/11 21:05:53 PT [2021/03/12 0:05:53 ET]
Table 'Sadalmelik IV' 9-max Seat #5 is the button
Seat 1: WeeedMNReap ($1.82 in chips) 
Seat 3: MarkAvrelij ($2.49 in chips) 
Seat 4: Ekshli ($2.06 in chips) 
Seat 5: SerginhuBR ($1.32 in chips) 
Seat 8: 12Lincoln ($0.46 in chips) 
Seat 9: Dorex2007 ($3.21 in chips) 
12Lincoln: posts small blind $0.01
Dorex2007: posts big blind $0.02
*** HOLE CARDS ***
Dealt to Dorex2007 [7h Qh]
WeeedMNReap: folds 
MarkAvrelij: folds 
Ekshli: folds 
SerginhuBR: raises $0.04 to $0.06
12Lincoln: folds 
Dorex2007: folds 
Uncalled bet ($0.04) returned to SerginhuBR
SerginhuBR collected $0.05 from pot
SerginhuBR: doesn't show hand 
*** SUMMARY ***
Total pot $0.05 | Rake $0 
Seat 1: WeeedMNReap folded before Flop (didn't bet)
Seat 3: MarkAvrelij folded before Flop (didn't bet)
Seat 4: Ekshli folded before Flop (didn't bet)
Seat 5: SerginhuBR (button) collected ($0.05)
Seat 8: 12Lincoln (small blind) folded before Flop
Seat 9: Dorex2007 (big blind) folded before Flop



PokerStars Hand #224714454684:  Hold'em No Limit ($0.01/$0.02 USD) - 2021/03/11 21:06:15 PT [2021/03/12 0:06:15 ET]
Table 'Sadalmelik IV' 9-max Seat #8 is the button
Seat 1: WeeedMNReap ($1.82 in chips) 
Seat 3: MarkAvrelij ($2.49 in chips) 
Seat 4: Ekshli ($2.06 in chips) 
Seat 5: SerginhuBR ($1.35 in chips) 
Seat 8: 12Lincoln ($0.45 in chips) 
Seat 9: Dorex2007 ($3.19 in chips) 
Dorex2007: posts small blind $0.01
WeeedMNReap: posts big blind $0.02
*** HOLE CARDS ***
Dealt to Dorex2007 [2s 9d]
MarkAvrelij: folds 
Ekshli: folds 
SerginhuBR: folds 
12Lincoln: calls $0.02
Dorex2007: folds 
WeeedMNReap: checks 
*** FLOP *** [5d 2h 9h]
WeeedMNReap: checks 
12Lincoln: bets $0.02
WeeedMNReap: calls $0.02
*** TURN *** [5d 2h 9h] [5c]
WeeedMNReap: checks 
12Lincoln: bets $0.12
WeeedMNReap: folds 
Uncalled bet ($0.12) returned to 12Lincoln
12Lincoln collected $0.09 from pot
12Lincoln: doesn't show hand 
*** SUMMARY ***
Total pot $0.09 | Rake $0 
Board [5d 2h 9h 5c]
Seat 1: WeeedMNReap (big blind) folded on the Turn
Seat 3: MarkAvrelij folded before Flop (didn't bet)
Seat 4: Ekshli folded before Flop (didn't bet)
Seat 5: SerginhuBR folded before Flop (didn't bet)
Seat 8: 12Lincoln (button) collected ($0.09)
Seat 9: Dorex2007 (small blind) folded before Flop



PokerStars Hand #224714476383:  Hold'em No Limit ($0.01/$0.02 USD) - 2021/03/11 21:07:12 PT [2021/03/12 0:07:12 ET]
Table 'Sadalmelik IV' 9-max Seat #9 is the button
Seat 1: WeeedMNReap ($1.78 in chips) 
Seat 3: MarkAvrelij ($2.49 in chips) 
Seat 4: Ekshli ($2.06 in chips) 
Seat 5: SerginhuBR ($1.35 in chips) 
Seat 8: 12Lincoln ($0.50 in chips) 
Seat 9: Dorex2007 ($3.18 in chips) 
WeeedMNReap: posts small blind $0.01
MarkAvrelij: posts big blind $0.02
*** HOLE CARDS ***
Dealt to Dorex2007 [7h 3h]
Ekshli: folds 
SerginhuBR: folds 
12Lincoln: folds 
Dorex2007: folds 
WeeedMNReap: folds 
Uncalled bet ($0.01) returned to MarkAvrelij
MarkAvrelij collected $0.02 from pot
MarkAvrelij: doesn't show hand 
TOM.T1021 joins the table at seat #6 
*** SUMMARY ***
Total pot $0.02 | Rake $0 
Seat 1: WeeedMNReap (small blind) folded before Flop
Seat 3: MarkAvrelij (big blind) collected ($0.02)
Seat 4: Ekshli folded before Flop (didn't bet)
Seat 5: SerginhuBR folded before Flop (didn't bet)
Seat 8: 12Lincoln folded before Flop (didn't bet)
Seat 9: Dorex2007 (button) folded before Flop (didn't bet)



PokerStars Hand #224714479192:  Hold'em No Limit ($0.01/$0.02 USD) - 2021/03/11 21:07:24 PT [2021/03/12 0:07:24 ET]
Table 'Sadalmelik IV' 9-max Seat #1 is the button
Seat 1: WeeedMNReap ($1.77 in chips) 
Seat 3: MarkAvrelij ($2.50 in chips) 
Seat 4: Ekshli ($2.06 in chips) 
Seat 5: SerginhuBR ($1.35 in chips) 
Seat 8: 12Lincoln ($0.50 in chips) 
Seat 9: Dorex2007 ($3.18 in chips) 
MarkAvrelij: posts small blind $0.01
Ekshli: posts big blind $0.02
TOM.T1021: sits out 
*** HOLE CARDS ***
Dealt to Dorex2007 [4d 3h]
SerginhuBR: folds 
12Lincoln: folds 
Dorex2007: folds 
WeeedMNReap: folds 
MarkAvrelij: raises $0.03 to $0.05
Ekshli: folds 
Uncalled bet ($0.03) returned to MarkAvrelij
MarkAvrelij collected $0.04 from pot
MarkAvrelij: doesn't show hand 
*** SUMMARY ***
Total pot $0.04 | Rake $0 
Seat 1: WeeedMNReap (button) folded before Flop (didn't bet)
Seat 3: MarkAvrelij (small blind) collected ($0.04)
Seat 4: Ekshli (big blind) folded before Flop
Seat 5: SerginhuBR folded before Flop (didn't bet)
Seat 8: 12Lincoln folded before Flop (didn't bet)
Seat 9: Dorex2007 folded before Flop (didn't bet)



PokerStars Hand #224714482871:  Hold'em No Limit ($0.01/$0.02 USD) - 2021/03/11 21:07:42 PT [2021/03/12 0:07:42 ET]
Table 'Sadalmelik IV' 9-max Seat #3 is the button
Seat 1: WeeedMNReap ($1.77 in chips) 
Seat 3: MarkAvrelij ($2.52 in chips) 
Seat 4: Ekshli ($2.04 in chips) 
Seat 5: SerginhuBR ($1.35 in chips) 
Seat 6: TOM.T1021 ($1.30 in chips) 
Seat 8: 12Lincoln ($0.50 in chips) 
Seat 9: Dorex2007 ($3.18 in chips) 
Ekshli: posts small blind $0.01
SerginhuBR: posts big blind $0.02
TOM.T1021: posts big blind $0.02
*** HOLE CARDS ***
Dealt to Dorex2007 [9c Ah]
TOM.T1021: checks 
12Lincoln: folds 
Dorex2007: folds 
WeeedMNReap has timed out
WeeedMNReap: folds 
MarkAvrelij: folds 
Ekshli: calls $0.01
SerginhuBR: checks 
*** FLOP *** [8s Qc 6h]
Ekshli: checks 
SerginhuBR: checks 
TOM.T1021: checks 
*** TURN *** [8s Qc 6h] [5s]
Ekshli: checks 
SerginhuBR: checks 
TOM.T1021: checks 
*** RIVER *** [8s Qc 6h 5s] [Jh]
Ekshli: checks 
SerginhuBR: checks 
TOM.T1021: checks 
*** SHOW DOWN ***
Ekshli: shows [9s 3s] (high card Queen)
SerginhuBR: shows [7s 5c] (a pair of Fives)
TOM.T1021: shows [7c 5d] (a pair of Fives)
SerginhuBR collected $0.03 from pot
TOM.T1021 collected $0.03 from pot
*** SUMMARY ***
Total pot $0.06 | Rake $0 
Board [8s Qc 6h 5s Jh]
Seat 1: WeeedMNReap folded before Flop (didn't bet)
Seat 3: MarkAvrelij (button) folded before Flop (didn't bet)
Seat 4: Ekshli (small blind) showed [9s 3s] and lost with high card Queen
Seat 5: SerginhuBR (big blind) showed [7s 5c] and won ($0.03) with a pair of Fives
Seat 6: TOM.T1021 showed [7c 5d] and won ($0.03) with a pair of Fives
Seat 8: 12Lincoln folded before Flop (didn't bet)
Seat 9: Dorex2007 folded before Flop (didn't bet)



PokerStars Hand #224714500508:  Hold'em No Limit ($0.01/$0.02 USD) - 2021/03/11 21:09:06 PT [2021/03/12 0:09:06 ET]
Table 'Sadalmelik IV' 9-max Seat #4 is the button
Seat 1: WeeedMNReap ($1.77 in chips) 
Seat 3: MarkAvrelij ($2.52 in chips) 
Seat 4: Ekshli ($2.02 in chips) 
Seat 5: SerginhuBR ($1.36 in chips) 
Seat 6: TOM.T1021 ($1.31 in chips) 
Seat 8: 12Lincoln ($0.50 in chips) 
Seat 9: Dorex2007 ($3.18 in chips) 
SerginhuBR: posts small blind $0.01
TOM.T1021: posts big blind $0.02
*** HOLE CARDS ***
Dealt to Dorex2007 [Ac 6s]
12Lincoln: folds 
Dorex2007: folds 
WeeedMNReap: folds 
MarkAvrelij: raises $0.03 to $0.05
Ekshli: calls $0.05
SerginhuBR: folds 
TOM.T1021: calls $0.03
*** FLOP *** [5c Qh Jc]
TOM.T1021: checks 
MarkAvrelij: bets $0.06
Ekshli: calls $0.06
TOM.T1021: folds 
*** TURN *** [5c Qh Jc] [Kh]
MarkAvrelij: checks 
Ekshli: bets $0.06
MarkAvrelij: folds 
Uncalled bet ($0.06) returned to Ekshli
Ekshli collected $0.27 from pot
Ekshli: doesn't show hand 
*** SUMMARY ***
Total pot $0.28 | Rake $0.01 
Board [5c Qh Jc Kh]
Seat 1: WeeedMNReap folded before Flop (didn't bet)
Seat 3: MarkAvrelij folded on the Turn
Seat 4: Ekshli (button) collected ($0.27)
Seat 5: SerginhuBR (small blind) folded before Flop
Seat 6: TOM.T1021 (big blind) folded on the Flop
Seat 8: 12Lincoln folded before Flop (didn't bet)
Seat 9: Dorex2007 folded before Flop (didn't bet)



PokerStars Hand #224714511691:  Hold'em No Limit ($0.01/$0.02 USD) - 2021/03/11 21:10:00 PT [2021/03/12 0:10:00 ET]
Table 'Sadalmelik IV' 9-max Seat #5 is the button
Seat 1: WeeedMNReap ($1.77 in chips) 
Seat 3: MarkAvrelij ($2.41 in chips) 
Seat 4: Ekshli ($2.18 in chips) 
Seat 5: SerginhuBR ($1.35 in chips) 
Seat 6: TOM.T1021 ($1.26 in chips) 
Seat 8: 12Lincoln ($0.50 in chips) 
Seat 9: Dorex2007 ($3.18 in chips) 
TOM.T1021: posts small blind $0.01
12Lincoln: posts big blind $0.02
*** HOLE CARDS ***
Dealt to Dorex2007 [Jc Td]
Dorex2007: folds 
WeeedMNReap: folds 
MarkAvrelij: folds 
Ekshli: folds 
SerginhuBR: folds 
TOM.T1021: raises $0.06 to $0.08
12Lincoln: folds 
Uncalled bet ($0.06) returned to TOM.T1021
TOM.T1021 collected $0.04 from pot
*** SUMMARY ***
Total pot $0.04 | Rake $0 
Seat 1: WeeedMNReap folded before Flop (didn't bet)
Seat 3: MarkAvrelij folded before Flop (didn't bet)
Seat 4: Ekshli folded before Flop (didn't bet)
Seat 5: SerginhuBR (button) folded before Flop (didn't bet)
Seat 6: TOM.T1021 (small blind) collected ($0.04)
Seat 8: 12Lincoln (big blind) folded before Flop
Seat 9: Dorex2007 folded before Flop (didn't bet)



PokerStars Hand #224714517034:  Hold'em No Limit ($0.01/$0.02 USD) - 2021/03/11 21:10:25 PT [2021/03/12 0:10:25 ET]
Table 'Sadalmelik IV' 9-max Seat #6 is the button
Seat 1: WeeedMNReap ($1.77 in chips) 
Seat 3: MarkAvrelij ($2.41 in chips) 
Seat 4: Ekshli ($2.18 in chips) 
Seat 5: SerginhuBR ($1.35 in chips) 
Seat 6: TOM.T1021 ($1.28 in chips) 
Seat 8: 12Lincoln ($0.48 in chips) 
Seat 9: Dorex2007 ($3.18 in chips) 
12Lincoln: posts small blind $0.01
Dorex2007: posts big blind $0.02
*** HOLE CARDS ***
Dealt to Dorex2007 [Td 7h]
WeeedMNReap: folds 
MarkAvrelij: folds 
Ekshli: folds 
SerginhuBR: folds 
TOM.T1021: folds 
12Lincoln: folds 
Uncalled bet ($0.01) returned to Dorex2007
Dorex2007 collected $0.02 from pot
Dorex2007: doesn't show hand 
*** SUMMARY ***
Total pot $0.02 | Rake $0 
Seat 1: WeeedMNReap folded before Flop (didn't bet)
Seat 3: MarkAvrelij folded before Flop (didn't bet)
Seat 4: Ekshli folded before Flop (didn't bet)
Seat 5: SerginhuBR folded before Flop (didn't bet)
Seat 6: TOM.T1021 (button) folded before Flop (didn't bet)
Seat 8: 12Lincoln (small blind) folded before Flop
Seat 9: Dorex2007 (big blind) collected ($0.02)



PokerStars Hand #224714520325:  Hold'em No Limit ($0.01/$0.02 USD) - 2021/03/11 21:10:42 PT [2021/03/12 0:10:42 ET]
Table 'Sadalmelik IV' 9-max Seat #8 is the button
Seat 1: WeeedMNReap ($1.77 in chips) 
Seat 3: MarkAvrelij ($2.41 in chips) 
Seat 4: Ekshli ($2.18 in chips) 
Seat 5: SerginhuBR ($1.35 in chips) 
Seat 6: TOM.T1021 ($1.28 in chips) 
Seat 8: 12Lincoln ($0.47 in chips) 
Seat 9: Dorex2007 ($3.19 in chips) 
Dorex2007: posts small blind $0.01
WeeedMNReap: posts big blind $0.02
*** HOLE CARDS ***
Dealt to Dorex2007 [9s Kc]
MarkAvrelij: folds 
Ekshli: folds 
SerginhuBR: folds 
TOM.T1021: calls $0.02
12Lincoln: folds 
Dorex2007: calls $0.01
WeeedMNReap: checks 
*** FLOP *** [7s Ks 9c]
Dorex2007: bets $0.06
WeeedMNReap: calls $0.06
TOM.T1021: raises $0.24 to $0.30
Dorex2007: raises $2.87 to $3.17 and is all-in
WeeedMNReap: folds 
TOM.T1021: folds 
Uncalled bet ($2.87) returned to Dorex2007
Dorex2007 collected $0.69 from pot
Dorex2007: doesn't show hand 
*** SUMMARY ***
Total pot $0.72 | Rake $0.03 
Board [7s Ks 9c]
Seat 1: WeeedMNReap (big blind) folded on the Flop
Seat 3: MarkAvrelij folded before Flop (didn't bet)
Seat 4: Ekshli folded before Flop (didn't bet)
Seat 5: SerginhuBR folded before Flop (didn't bet)
Seat 6: TOM.T1021 folded on the Flop
Seat 8: 12Lincoln (button) folded before Flop (didn't bet)
Seat 9: Dorex2007 (small blind) collected ($0.69)



PokerStars Hand #224714533797:  Hold'em No Limit ($0.01/$0.02 USD) - 2021/03/11 21:11:47 PT [2021/03/12 0:11:47 ET]
Table 'Sadalmelik IV' 9-max Seat #9 is the button
Seat 1: WeeedMNReap ($1.69 in chips) 
Seat 3: MarkAvrelij ($2.41 in chips) 
Seat 4: Ekshli ($2.18 in chips) 
Seat 5: SerginhuBR ($1.35 in chips) 
Seat 6: TOM.T1021 ($0.96 in chips) 
Seat 8: 12Lincoln ($0.47 in chips) 
Seat 9: Dorex2007 ($3.56 in chips) 
WeeedMNReap: posts small blind $0.01
MarkAvrelij: posts big blind $0.02
*** HOLE CARDS ***
Dealt to Dorex2007 [5h 9h]
Ekshli: folds 
SerginhuBR: folds 
TOM.T1021: folds 
12Lincoln: folds 
Dorex2007: raises $0.04 to $0.06
WeeedMNReap: folds 
MarkAvrelij: folds 
Uncalled bet ($0.04) returned to Dorex2007
Dorex2007 collected $0.05 from pot
Dorex2007: doesn't show hand 
*** SUMMARY ***
Total pot $0.05 | Rake $0 
Seat 1: WeeedMNReap (small blind) folded before Flop
Seat 3: MarkAvrelij (big blind) folded before Flop
Seat 4: Ekshli folded before Flop (didn't bet)
Seat 5: SerginhuBR folded before Flop (didn't bet)
Seat 6: TOM.T1021 folded before Flop (didn't bet)
Seat 8: 12Lincoln folded before Flop (didn't bet)
Seat 9: Dorex2007 (button) collected ($0.05)



PokerStars Hand #224714537126:  Hold'em No Limit ($0.01/$0.02 USD) - 2021/03/11 21:12:02 PT [2021/03/12 0:12:02 ET]
Table 'Sadalmelik IV' 9-max Seat #1 is the button
Seat 1: WeeedMNReap ($1.68 in chips) 
Seat 3: MarkAvrelij ($2.39 in chips) 
Seat 4: Ekshli ($2.18 in chips) 
Seat 5: SerginhuBR ($1.35 in chips) 
Seat 6: TOM.T1021 ($0.96 in chips) 
Seat 7: AlekseyAD173 ($0.77 in chips) 
Seat 8: 12Lincoln ($0.47 in chips) 
Seat 9: Dorex2007 ($3.59 in chips) 
MarkAvrelij: posts small blind $0.01
Ekshli: posts big blind $0.02
AlekseyAD173: posts small & big blinds $0.03
*** HOLE CARDS ***
Dealt to Dorex2007 [4c 9h]
SerginhuBR: folds 
TOM.T1021: raises $0.06 to $0.08
AlekseyAD173: calls $0.06
12Lincoln: folds 
Dorex2007: folds 
WeeedMNReap: folds 
MarkAvrelij: folds 
Ekshli: folds 
*** FLOP *** [9s Kh Td]
TOM.T1021: checks 
AlekseyAD173: checks 
*** TURN *** [9s Kh Td] [2c]
TOM.T1021: checks 
AlekseyAD173: checks 
*** RIVER *** [9s Kh Td 2c] [Tc]
TOM.T1021: checks 
AlekseyAD173: checks 
*** SHOW DOWN ***
TOM.T1021: shows [Jd Ac] (a pair of Tens)
AlekseyAD173: shows [4d 4h] (two pair, Tens and Fours)
AlekseyAD173 collected $0.19 from pot
*** SUMMARY ***
Total pot $0.20 | Rake $0.01 
Board [9s Kh Td 2c Tc]
Seat 1: WeeedMNReap (button) folded before Flop (didn't bet)
Seat 3: MarkAvrelij (small blind) folded before Flop
Seat 4: Ekshli (big blind) folded before Flop
Seat 5: SerginhuBR folded before Flop (didn't bet)
Seat 6: TOM.T1021 showed [Jd Ac] and lost with a pair of Tens
Seat 7: AlekseyAD173 showed [4d 4h] and won ($0.19) with two pair, Tens and Fours
Seat 8: 12Lincoln folded before Flop (didn't bet)
Seat 9: Dorex2007 folded before Flop (didn't bet)



PokerStars Hand #224714543598:  Hold'em No Limit ($0.01/$0.02 USD) - 2021/03/11 21:12:33 PT [2021/03/12 0:12:33 ET]
Table 'Sadalmelik IV' 9-max Seat #3 is the button
Seat 1: WeeedMNReap ($1.68 in chips) 
Seat 3: MarkAvrelij ($2.38 in chips) 
Seat 4: Ekshli ($2.16 in chips) 
Seat 5: SerginhuBR ($1.35 in chips) 
Seat 6: TOM.T1021 ($0.88 in chips) 
Seat 7: AlekseyAD173 ($0.87 in chips) 
Seat 8: 12Lincoln ($0.47 in chips) 
Seat 9: Dorex2007 ($3.59 in chips) 
Ekshli: posts small blind $0.01
SerginhuBR: posts big blind $0.02
*** HOLE CARDS ***
Dealt to Dorex2007 [2d Jd]
TOM.T1021: calls $0.02
AlekseyAD173: folds 
12Lincoln: folds 
Dorex2007: folds 
AlekseyAD173 leaves the table
WeeedMNReap: folds 
MarkAvrelij: folds 
Ekshli: folds 
SerginhuBR: checks 
*** FLOP *** [7c 6h 8s]
Ad1ez joins the table at seat #7 
SerginhuBR: bets $0.03
TOM.T1021: calls $0.03
*** TURN *** [7c 6h 8s] [4d]
SerginhuBR: checks 
TOM.T1021: bets $0.11
SerginhuBR: raises $1.19 to $1.30 and is all-in
TOM.T1021: folds 
Uncalled bet ($1.19) returned to SerginhuBR
SerginhuBR collected $0.32 from pot
SerginhuBR: doesn't show hand 
*** SUMMARY ***
Total pot $0.33 | Rake $0.01 
Board [7c 6h 8s 4d]
Seat 1: WeeedMNReap folded before Flop (didn't bet)
Seat 3: MarkAvrelij (button) folded before Flop (didn't bet)
Seat 4: Ekshli (small blind) folded before Flop
Seat 5: SerginhuBR (big blind) collected ($0.32)
Seat 6: TOM.T1021 folded on the Turn
Seat 7: AlekseyAD173 folded before Flop (didn't bet)
Seat 8: 12Lincoln folded before Flop (didn't bet)
Seat 9: Dorex2007 folded before Flop (didn't bet)



PokerStars Hand #224714554158:  Hold'em No Limit ($0.01/$0.02 USD) - 2021/03/11 21:13:24 PT [2021/03/12 0:13:24 ET]
Table 'Sadalmelik IV' 9-max Seat #4 is the button
Seat 1: WeeedMNReap ($1.68 in chips) 
Seat 3: MarkAvrelij ($2.38 in chips) 
Seat 4: Ekshli ($2.15 in chips) 
Seat 5: SerginhuBR ($1.51 in chips) 
Seat 6: TOM.T1021 ($0.72 in chips) 
Seat 8: 12Lincoln ($0.47 in chips) 
Seat 9: Dorex2007 ($3.59 in chips) 
SerginhuBR: posts small blind $0.01
TOM.T1021: posts big blind $0.02
Ad1ez: sits out 
*** HOLE CARDS ***
Dealt to Dorex2007 [Ts Jh]
12Lincoln: folds 
Dorex2007: folds 
WeeedMNReap: folds 
MarkAvrelij: raises $0.03 to $0.05
Ekshli: folds 
SerginhuBR: folds 
TOM.T1021: raises $0.07 to $0.12
MarkAvrelij: folds 
Uncalled bet ($0.07) returned to TOM.T1021
TOM.T1021 collected $0.11 from pot
*** SUMMARY ***
Total pot $0.11 | Rake $0 
Seat 1: WeeedMNReap folded before Flop (didn't bet)
Seat 3: MarkAvrelij folded before Flop
Seat 4: Ekshli (button) folded before Flop (didn't bet)
Seat 5: SerginhuBR (small blind) folded before Flop
Seat 6: TOM.T1021 (big blind) collected ($0.11)
Seat 8: 12Lincoln folded before Flop (didn't bet)
Seat 9: Dorex2007 folded before Flop (didn't bet)



PokerStars Hand #224714559406:  Hold'em No Limit ($0.01/$0.02 USD) - 2021/03/11 21:13:49 PT [2021/03/12 0:13:49 ET]
Table 'Sadalmelik IV' 9-max Seat #5 is the button
Seat 1: WeeedMNReap ($1.68 in chips) 
Seat 3: MarkAvrelij ($2.33 in chips) 
Seat 4: Ekshli ($2.15 in chips) 
Seat 5: SerginhuBR ($1.50 in chips) 
Seat 6: TOM.T1021 ($0.78 in chips) 
Seat 7: Ad1ez ($0.80 in chips) 
Seat 8: 12Lincoln ($0.47 in chips) 
Seat 9: Dorex2007 ($3.59 in chips) 
TOM.T1021: posts small blind $0.01
Ad1ez: posts big blind $0.02
*** HOLE CARDS ***
Dealt to Dorex2007 [As 6d]
12Lincoln: folds 
Dorex2007: folds 
WeeedMNReap: folds 
MarkAvrelij: folds 
Ekshli: raises $0.02 to $0.04
SerginhuBR: folds 
TOM.T1021: folds 
Ad1ez: calls $0.02
*** FLOP *** [3c 7h 9d]
Ad1ez: checks 
Ekshli: bets $0.04
Ad1ez: calls $0.04
*** TURN *** [3c 7h 9d] [2d]
Ad1ez: checks 
høhelten1975 leaves the table
Ekshli: bets $0.04
Ad1ez: calls $0.04
*** RIVER *** [3c 7h 9d 2d] [9h]
Ad1ez: bets $0.12
Ekshli: raises $0.12 to $0.24
Ad1ez: calls $0.12
*** SHOW DOWN ***
Ekshli: shows [9c Ad] (three of a kind, Nines)
Ad1ez: mucks hand 
Ekshli collected $0.70 from pot
*** SUMMARY ***
Total pot $0.73 | Rake $0.03 
Board [3c 7h 9d 2d 9h]
Seat 1: WeeedMNReap folded before Flop (didn't bet)
Seat 3: MarkAvrelij folded before Flop (didn't bet)
Seat 4: Ekshli showed [9c Ad] and won ($0.70) with three of a kind, Nines
Seat 5: SerginhuBR (button) folded before Flop (didn't bet)
Seat 6: TOM.T1021 (small blind) folded before Flop
Seat 7: Ad1ez (big blind) mucked [Ts Ah]
Seat 8: 12Lincoln folded before Flop (didn't bet)
Seat 9: Dorex2007 folded before Flop (didn't bet)



PokerStars Hand #224714575246:  Hold'em No Limit ($0.01/$0.02 USD) - 2021/03/11 21:15:06 PT [2021/03/12 0:15:06 ET]
Table 'Sadalmelik IV' 9-max Seat #6 is the button
Seat 1: WeeedMNReap ($1.68 in chips) 
Seat 3: MarkAvrelij ($2.33 in chips) 
Seat 4: Ekshli ($2.49 in chips) 
Seat 5: SerginhuBR ($1.50 in chips) 
Seat 6: TOM.T1021 ($0.77 in chips) 
Seat 7: Ad1ez ($0.44 in chips) 
Seat 8: 12Lincoln ($0.47 in chips) 
Seat 9: Dorex2007 ($3.59 in chips) 
Ad1ez: posts small blind $0.01
12Lincoln: posts big blind $0.02
*** HOLE CARDS ***
Dealt to Dorex2007 [5h 4d]
Dorex2007: folds 
WeeedMNReap: folds 
MarkAvrelij: folds 
Ekshli: folds 
SerginhuBR: raises $0.04 to $0.06
TOM.T1021: folds 
Ad1ez: calls $0.05
12Lincoln: folds 
*** FLOP *** [7h 6d 7s]
Ad1ez: checks 
SerginhuBR: checks 
*** TURN *** [7h 6d 7s] [6h]
Ad1ez: checks 
SerginhuBR: bets $0.07
Ad1ez: calls $0.07
*** RIVER *** [7h 6d 7s 6h] [Jh]
Ad1ez: bets $0.14
SerginhuBR: raises $0.14 to $0.28
Ad1ez: calls $0.14
*** SHOW DOWN ***
SerginhuBR: shows [As Qh] (two pair, Sevens and Sixes)
Ad1ez: mucks hand 
SerginhuBR collected $0.81 from pot
*** SUMMARY ***
Total pot $0.84 | Rake $0.03 
Board [7h 6d 7s 6h Jh]
Seat 1: WeeedMNReap folded before Flop (didn't bet)
Seat 3: MarkAvrelij folded before Flop (didn't bet)
Seat 4: Ekshli folded before Flop (didn't bet)
Seat 5: SerginhuBR showed [As Qh] and won ($0.81) with two pair, Sevens and Sixes
Seat 6: TOM.T1021 (button) folded before Flop (didn't bet)
Seat 7: Ad1ez (small blind) mucked [Td 8h]
Seat 8: 12Lincoln (big blind) folded before Flop
Seat 9: Dorex2007 folded before Flop (didn't bet)



PokerStars Hand #224714592662:  Hold'em No Limit ($0.01/$0.02 USD) - 2021/03/11 21:16:29 PT [2021/03/12 0:16:29 ET]
Table 'Sadalmelik IV' 9-max Seat #7 is the button
Seat 1: WeeedMNReap ($1.68 in chips) 
Seat 3: MarkAvrelij ($2.33 in chips) 
Seat 4: Ekshli ($2.49 in chips) 
Seat 5: SerginhuBR ($1.90 in chips) 
Seat 6: TOM.T1021 ($0.77 in chips) 
Seat 7: Ad1ez ($0.03 in chips) 
Seat 8: 12Lincoln ($0.45 in chips) 
Seat 9: Dorex2007 ($3.59 in chips) 
12Lincoln: posts small blind $0.01
Dorex2007: posts big blind $0.02
*** HOLE CARDS ***
Dealt to Dorex2007 [7h Qs]
WeeedMNReap: folds 
MarkAvrelij: folds 
Ekshli: calls $0.02
SerginhuBR: folds 
TOM.T1021: folds 
3aPuK_PROFFI joins the table at seat #2 
Ad1ez: raises $0.01 to $0.03 and is all-in
12Lincoln: calls $0.02
Dorex2007: calls $0.01
Ekshli: calls $0.01
*** FLOP *** [9s 5d 9d]
12Lincoln: checks 
Dorex2007: checks 
Ekshli: bets $0.04
12Lincoln: folds 
Dorex2007: folds 
Uncalled bet ($0.04) returned to Ekshli
*** TURN *** [9s 5d 9d] [As]
*** RIVER *** [9s 5d 9d As] [Qd]
*** SHOW DOWN ***
Ekshli: shows [7d 6d] (a flush, Queen high)
Ad1ez: shows [Kc 9c] (three of a kind, Nines)
Ekshli collected $0.12 from pot
*** SUMMARY ***
Total pot $0.12 | Rake $0 
Board [9s 5d 9d As Qd]
Seat 1: WeeedMNReap folded before Flop (didn't bet)
Seat 3: MarkAvrelij folded before Flop (didn't bet)
Seat 4: Ekshli showed [7d 6d] and won ($0.12) with a flush, Queen high
Seat 5: SerginhuBR folded before Flop (didn't bet)
Seat 6: TOM.T1021 folded before Flop (didn't bet)
Seat 7: Ad1ez (button) showed [Kc 9c] and lost with three of a kind, Nines
Seat 8: 12Lincoln (small blind) folded on the Flop
Seat 9: Dorex2007 (big blind) folded on the Flop



PokerStars Hand #224714605972:  Hold'em No Limit ($0.01/$0.02 USD) - 2021/03/11 21:17:33 PT [2021/03/12 0:17:33 ET]
Table 'Sadalmelik IV' 9-max Seat #8 is the button
Seat 1: WeeedMNReap ($1.68 in chips) 
Seat 3: MarkAvrelij ($2.33 in chips) 
Seat 4: Ekshli ($2.58 in chips) 
Seat 5: SerginhuBR ($1.90 in chips) 
Seat 6: TOM.T1021 ($0.77 in chips) 
Seat 8: 12Lincoln ($0.42 in chips) 
Seat 9: Dorex2007 ($3.56 in chips) 
Dorex2007: posts small blind $0.01
WeeedMNReap: posts big blind $0.02
*** HOLE CARDS ***
Dealt to Dorex2007 [8c 6c]
MarkAvrelij: folds 
Ekshli: raises $0.02 to $0.04
SerginhuBR: calls $0.04
TOM.T1021: folds 
12Lincoln: folds 
Dorex2007: folds 
WeeedMNReap: calls $0.02
*** FLOP *** [7d 8h 9h]
WeeedMNReap: bets $0.07
Ekshli: folds 
SerginhuBR: calls $0.07
*** TURN *** [7d 8h 9h] [Ad]
WeeedMNReap: bets $0.13
SerginhuBR: calls $0.13
*** RIVER *** [7d 8h 9h Ad] [9d]
WeeedMNReap: bets $0.51
SerginhuBR: raises $0.67 to $1.18
WeeedMNReap: raises $0.26 to $1.44 and is all-in
SerginhuBR: folds 
Uncalled bet ($0.26) returned to WeeedMNReap
WeeedMNReap collected $2.79 from pot
*** SUMMARY ***
Total pot $2.89 | Rake $0.10 
Board [7d 8h 9h Ad 9d]
Seat 1: WeeedMNReap (big blind) collected ($2.79)
Seat 3: MarkAvrelij folded before Flop (didn't bet)
Seat 4: Ekshli folded on the Flop
Seat 5: SerginhuBR folded on the River
Seat 6: TOM.T1021 folded before Flop (didn't bet)
Seat 8: 12Lincoln (button) folded before Flop (didn't bet)
Seat 9: Dorex2007 (small blind) folded before Flop



PokerStars Hand #224714628566:  Hold'em No Limit ($0.01/$0.02 USD) - 2021/03/11 21:19:21 PT [2021/03/12 0:19:21 ET]
Table 'Sadalmelik IV' 9-max Seat #9 is the button
Seat 1: WeeedMNReap ($3.05 in chips) 
Seat 2: 3aPuK_PROFFI ($0.80 in chips) 
Seat 3: MarkAvrelij ($2.33 in chips) 
Seat 4: Ekshli ($2.54 in chips) 
Seat 5: SerginhuBR ($0.48 in chips) 
Seat 6: TOM.T1021 ($0.77 in chips) 
Seat 7: Ad1ez ($0.80 in chips) 
Seat 8: 12Lincoln ($0.42 in chips) 
Seat 9: Dorex2007 ($3.55 in chips) 
WeeedMNReap: posts small blind $0.01
3aPuK_PROFFI: posts big blind $0.02
*** HOLE CARDS ***
Dealt to Dorex2007 [Js 4h]
MarkAvrelij: folds 
Ekshli: folds 
SerginhuBR: folds 
TOM.T1021: raises $0.02 to $0.04
Ad1ez: folds 
12Lincoln: raises $0.38 to $0.42 and is all-in
Dorex2007: folds 
WeeedMNReap: folds 
3aPuK_PROFFI: folds 
TOM.T1021: folds 
Uncalled bet ($0.38) returned to 12Lincoln
WeeedMNReap leaves the table
12Lincoln collected $0.11 from pot
12Lincoln: doesn't show hand 
*** SUMMARY ***
Total pot $0.11 | Rake $0 
Seat 1: WeeedMNReap (small blind) folded before Flop
Seat 2: 3aPuK_PROFFI (big blind) folded before Flop
Seat 3: MarkAvrelij folded before Flop (didn't bet)
Seat 4: Ekshli folded before Flop (didn't bet)
Seat 5: SerginhuBR folded before Flop (didn't bet)
Seat 6: TOM.T1021 folded before Flop
Seat 7: Ad1ez folded before Flop (didn't bet)
Seat 8: 12Lincoln collected ($0.11)
Seat 9: Dorex2007 (button) folded before Flop (didn't bet)



PokerStars Hand #224714636151:  Hold'em No Limit ($0.01/$0.02 USD) - 2021/03/11 21:19:57 PT [2021/03/12 0:19:57 ET]
Table 'Sadalmelik IV' 9-max Seat #2 is the button
Seat 2: 3aPuK_PROFFI ($0.78 in chips) 
Seat 3: MarkAvrelij ($2.33 in chips) 
Seat 4: Ekshli ($2.54 in chips) 
Seat 5: SerginhuBR ($1.19 in chips) 
Seat 6: TOM.T1021 ($0.73 in chips) 
Seat 7: Ad1ez ($0.80 in chips) 
Seat 8: 12Lincoln ($0.49 in chips) 
Seat 9: Dorex2007 ($3.55 in chips) 
MarkAvrelij: posts small blind $0.01
Ekshli: posts big blind $0.02
*** HOLE CARDS ***
Dealt to Dorex2007 [Ac Js]
SerginhuBR: folds 
TOM.T1021: folds 
Ad1ez: raises $0.04 to $0.06
volodya7676 joins the table at seat #1 
12Lincoln: folds 
Dorex2007: calls $0.06
3aPuK_PROFFI: folds 
MarkAvrelij: folds 
Ekshli: folds 
*** FLOP *** [8s Jh 3s]
Ad1ez: bets $0.07
Dorex2007: raises $0.19 to $0.26
Ad1ez: raises $0.48 to $0.74 and is all-in
Dorex2007: calls $0.48
*** TURN *** [8s Jh 3s] [5c]
*** RIVER *** [8s Jh 3s 5c] [4d]
*** SHOW DOWN ***
Ad1ez: shows [Kc Ks] (a pair of Kings)
Dorex2007: shows [Ac Js] (a pair of Jacks)
Ad1ez cashed out the hand for $1.26 | Cash Out Fee $0.01
*** SUMMARY ***
Total pot $1.63 | Rake $0.06 
Board [8s Jh 3s 5c 4d]
Seat 2: 3aPuK_PROFFI (button) folded before Flop (didn't bet)
Seat 3: MarkAvrelij (small blind) folded before Flop
Seat 4: Ekshli (big blind) folded before Flop
Seat 5: SerginhuBR folded before Flop (didn't bet)
Seat 6: TOM.T1021 folded before Flop (didn't bet)
Seat 7: Ad1ez showed [Kc Ks] and won ($1.57) with a pair of Kings (pot not awarded as player cashed out)
Seat 8: 12Lincoln folded before Flop (didn't bet)
Seat 9: Dorex2007 showed [Ac Js] and lost with a pair of Jacks



PokerStars Hand #224714647034:  Hold'em No Limit ($0.01/$0.02 USD) - 2021/03/11 21:20:49 PT [2021/03/12 0:20:49 ET]
Table 'Sadalmelik IV' 9-max Seat #3 is the button
Seat 2: 3aPuK_PROFFI ($0.78 in chips) 
Seat 3: MarkAvrelij ($2.32 in chips) 
Seat 4: Ekshli ($2.52 in chips) 
Seat 5: SerginhuBR ($1.19 in chips) 
Seat 6: TOM.T1021 ($0.73 in chips) 
Seat 7: Ad1ez ($1.26 in chips) 
Seat 8: 12Lincoln ($0.49 in chips) 
Seat 9: Dorex2007 ($2.75 in chips) 
Ekshli: posts small blind $0.01
SerginhuBR: posts big blind $0.02
volodya7676: sits out 
*** HOLE CARDS ***
Dealt to Dorex2007 [6c Js]
TOM.T1021: folds 
Ad1ez: folds 
12Lincoln: folds 
Dorex2007: folds 
3aPuK_PROFFI: folds 
MarkAvrelij has timed out
MarkAvrelij: folds 
Ekshli: folds 
Uncalled bet ($0.01) returned to SerginhuBR
SerginhuBR collected $0.02 from pot
SerginhuBR: doesn't show hand 
*** SUMMARY ***
Total pot $0.02 | Rake $0 
Seat 2: 3aPuK_PROFFI folded before Flop (didn't bet)
Seat 3: MarkAvrelij (button) folded before Flop (didn't bet)
Seat 4: Ekshli (small blind) folded before Flop
Seat 5: SerginhuBR (big blind) collected ($0.02)
Seat 6: TOM.T1021 folded before Flop (didn't bet)
Seat 7: Ad1ez folded before Flop (didn't bet)
Seat 8: 12Lincoln folded before Flop (didn't bet)
Seat 9: Dorex2007 folded before Flop (didn't bet)



PokerStars Hand #224714653436:  Hold'em No Limit ($0.01/$0.02 USD) - 2021/03/11 21:21:19 PT [2021/03/12 0:21:19 ET]
Table 'Sadalmelik IV' 9-max Seat #4 is the button
Seat 2: 3aPuK_PROFFI ($0.78 in chips) 
Seat 4: Ekshli ($2.51 in chips) 
Seat 5: SerginhuBR ($1.20 in chips) 
Seat 6: TOM.T1021 ($0.73 in chips) 
Seat 7: Ad1ez ($1.26 in chips) 
Seat 8: 12Lincoln ($0.49 in chips) 
Seat 9: Dorex2007 ($2.75 in chips) 
SerginhuBR: posts small blind $0.01
TOM.T1021: posts big blind $0.02
volodya7676: sits out 
*** HOLE CARDS ***
Dealt to Dorex2007 [8c 3s]
Ad1ez: calls $0.02
12Lincoln: calls $0.02
Dorex2007: folds 
3aPuK_PROFFI: folds 
Ekshli: folds 
SerginhuBR: folds 
TOM.T1021: checks 
*** FLOP *** [8h 9d Td]
TOM.T1021: checks 
Ad1ez: checks 
12Lincoln: checks 
*** TURN *** [8h 9d Td] [Qs]
TOM.T1021: checks 
Ad1ez: checks 
12Lincoln: checks 
*** RIVER *** [8h 9d Td Qs] [Ac]
TOM.T1021: checks 
Ad1ez: checks 
12Lincoln: checks 
*** SHOW DOWN ***
TOM.T1021: shows [2d 5h] (high card Ace)
Ad1ez: shows [2c 3h] (high card Ace)
12Lincoln: shows [Qc 6c] (a pair of Queens)
12Lincoln collected $0.07 from pot
*** SUMMARY ***
Total pot $0.07 | Rake $0 
Board [8h 9d Td Qs Ac]
Seat 2: 3aPuK_PROFFI folded before Flop (didn't bet)
Seat 4: Ekshli (button) folded before Flop (didn't bet)
Seat 5: SerginhuBR (small blind) folded before Flop
Seat 6: TOM.T1021 (big blind) showed [2d 5h] and lost with high card Ace
Seat 7: Ad1ez showed [2c 3h] and lost with high card Ace
Seat 8: 12Lincoln showed [Qc 6c] and won ($0.07) with a pair of Queens
Seat 9: Dorex2007 folded before Flop (didn't bet)



PokerStars Hand #224714663621:  Hold'em No Limit ($0.01/$0.02 USD) - 2021/03/11 21:22:08 PT [2021/03/12 0:22:08 ET]
Table 'Sadalmelik IV' 9-max Seat #5 is the button
Seat 2: 3aPuK_PROFFI ($0.78 in chips) 
Seat 3: MarkAvrelij ($2.32 in chips) 
Seat 4: Ekshli ($2.51 in chips) 
Seat 5: SerginhuBR ($1.19 in chips) 
Seat 6: TOM.T1021 ($0.71 in chips) 
Seat 7: Ad1ez ($1.24 in chips) 
Seat 8: 12Lincoln ($0.54 in chips) 
Seat 9: Dorex2007 ($2.75 in chips) 
TOM.T1021: posts small blind $0.01
Ad1ez: posts big blind $0.02
volodya7676: sits out 
*** HOLE CARDS ***
Dealt to Dorex2007 [Jh 3s]
12Lincoln: folds 
Dorex2007: folds 
3aPuK_PROFFI: folds 
MarkAvrelij: folds 
Ekshli: folds 
SerginhuBR: folds 
TOM.T1021: calls $0.01
Ad1ez: checks 
*** FLOP *** [Qh Ks 4d]
TOM.T1021: checks 
Ad1ez: checks 
*** TURN *** [Qh Ks 4d] [3d]
TOM.T1021: bets $0.04
Ad1ez: calls $0.04
*** RIVER *** [Qh Ks 4d 3d] [Js]
TOM.T1021: bets $0.18
Ad1ez: folds 
Uncalled bet ($0.18) returned to TOM.T1021
TOM.T1021 collected $0.12 from pot
*** SUMMARY ***
Total pot $0.12 | Rake $0 
Board [Qh Ks 4d 3d Js]
Seat 2: 3aPuK_PROFFI folded before Flop (didn't bet)
Seat 3: MarkAvrelij folded before Flop (didn't bet)
Seat 4: Ekshli folded before Flop (didn't bet)
Seat 5: SerginhuBR (button) folded before Flop (didn't bet)
Seat 6: TOM.T1021 (small blind) collected ($0.12)
Seat 7: Ad1ez (big blind) folded on the River
Seat 8: 12Lincoln folded before Flop (didn't bet)
Seat 9: Dorex2007 folded before Flop (didn't bet)



PokerStars Hand #224714674872:  Hold'em No Limit ($0.01/$0.02 USD) - 2021/03/11 21:23:02 PT [2021/03/12 0:23:02 ET]
Table 'Sadalmelik IV' 9-max Seat #6 is the button
Seat 2: 3aPuK_PROFFI ($0.78 in chips) 
Seat 3: MarkAvrelij ($2.32 in chips) 
Seat 4: Ekshli ($2.51 in chips) 
Seat 5: SerginhuBR ($1.19 in chips) 
Seat 6: TOM.T1021 ($0.77 in chips) 
Seat 7: Ad1ez ($1.18 in chips) 
Seat 8: 12Lincoln ($0.54 in chips) 
Seat 9: Dorex2007 ($2.75 in chips) 
Ad1ez: posts small blind $0.01
12Lincoln: posts big blind $0.02
volodya7676: sits out 
*** HOLE CARDS ***
Dealt to Dorex2007 [2d 2s]
Dorex2007: folds 
3aPuK_PROFFI: raises $0.04 to $0.06
MarkAvrelij: folds 
Ekshli: folds 
SerginhuBR: folds 
TOM.T1021: folds 
Ad1ez: folds 
12Lincoln: folds 
Uncalled bet ($0.04) returned to 3aPuK_PROFFI
3aPuK_PROFFI collected $0.05 from pot
3aPuK_PROFFI: doesn't show hand 
*** SUMMARY ***
Total pot $0.05 | Rake $0 
Seat 2: 3aPuK_PROFFI collected ($0.05)
Seat 3: MarkAvrelij folded before Flop (didn't bet)
Seat 4: Ekshli folded before Flop (didn't bet)
Seat 5: SerginhuBR folded before Flop (didn't bet)
Seat 6: TOM.T1021 (button) folded before Flop (didn't bet)
Seat 7: Ad1ez (small blind) folded before Flop
Seat 8: 12Lincoln (big blind) folded before Flop
Seat 9: Dorex2007 folded before Flop (didn't bet)



PokerStars Hand #224714680788:  Hold'em No Limit ($0.01/$0.02 USD) - 2021/03/11 21:23:31 PT [2021/03/12 0:23:31 ET]
Table 'Sadalmelik IV' 9-max Seat #7 is the button
Seat 2: 3aPuK_PROFFI ($0.81 in chips) 
Seat 3: MarkAvrelij ($2.32 in chips) 
Seat 4: Ekshli ($2.51 in chips) 
Seat 5: SerginhuBR ($1.19 in chips) 
Seat 6: TOM.T1021 ($0.77 in chips) 
Seat 7: Ad1ez ($1.17 in chips) 
Seat 8: 12Lincoln ($0.52 in chips) 
Seat 9: Dorex2007 ($2.75 in chips) 
12Lincoln: posts small blind $0.01
Dorex2007: posts big blind $0.02
volodya7676: sits out 
*** HOLE CARDS ***
Dealt to Dorex2007 [5h 5d]
3aPuK_PROFFI: folds 
MarkAvrelij: folds 
Ekshli: folds 
SerginhuBR: raises $0.04 to $0.06
TOM.T1021: folds 
Ad1ez: folds 
12Lincoln: folds 
Dorex2007: calls $0.04
*** FLOP *** [9d 3c Ts]
Dorex2007: checks 
SerginhuBR: bets $0.07
Dorex2007: folds 
Uncalled bet ($0.07) returned to SerginhuBR
SerginhuBR collected $0.13 from pot
SerginhuBR: doesn't show hand 
*** SUMMARY ***
Total pot $0.13 | Rake $0 
Board [9d 3c Ts]
Seat 2: 3aPuK_PROFFI folded before Flop (didn't bet)
Seat 3: MarkAvrelij folded before Flop (didn't bet)
Seat 4: Ekshli folded before Flop (didn't bet)
Seat 5: SerginhuBR collected ($0.13)
Seat 6: TOM.T1021 folded before Flop (didn't bet)
Seat 7: Ad1ez (button) folded before Flop (didn't bet)
Seat 8: 12Lincoln (small blind) folded before Flop
Seat 9: Dorex2007 (big blind) folded on the Flop



PokerStars Hand #224714686566:  Hold'em No Limit ($0.01/$0.02 USD) - 2021/03/11 21:23:58 PT [2021/03/12 0:23:58 ET]
Table 'Sadalmelik IV' 9-max Seat #8 is the button
Seat 1: volodya7676 ($1.60 in chips) 
Seat 2: 3aPuK_PROFFI ($0.81 in chips) 
Seat 3: MarkAvrelij ($2.32 in chips) 
Seat 4: Ekshli ($2.51 in chips) 
Seat 5: SerginhuBR ($1.26 in chips) 
Seat 6: TOM.T1021 ($0.77 in chips) 
Seat 7: Ad1ez ($1.17 in chips) 
Seat 8: 12Lincoln ($0.51 in chips) 
Seat 9: Dorex2007 ($2.69 in chips) 
Dorex2007: posts small blind $0.01
volodya7676: posts big blind $0.02
*** HOLE CARDS ***
Dealt to Dorex2007 [Ah Jc]
3aPuK_PROFFI: folds 
MarkAvrelij: folds 
Ekshli: folds 
SerginhuBR: folds 
TOM.T1021: folds 
Ad1ez: calls $0.02
12Lincoln: folds 
Dorex2007: raises $0.04 to $0.06
volodya7676: folds 
Ad1ez: calls $0.04
*** FLOP *** [5s Ks Ac]
Dorex2007: bets $0.14
Ad1ez: folds 
Uncalled bet ($0.14) returned to Dorex2007
Dorex2007 collected $0.14 from pot
Dorex2007: doesn't show hand 
*** SUMMARY ***
Total pot $0.14 | Rake $0 
Board [5s Ks Ac]
Seat 1: volodya7676 (big blind) folded before Flop
Seat 2: 3aPuK_PROFFI folded before Flop (didn't bet)
Seat 3: MarkAvrelij folded before Flop (didn't bet)
Seat 4: Ekshli folded before Flop (didn't bet)
Seat 5: SerginhuBR folded before Flop (didn't bet)
Seat 6: TOM.T1021 folded before Flop (didn't bet)
Seat 7: Ad1ez folded on the Flop
Seat 8: 12Lincoln (button) folded before Flop (didn't bet)
Seat 9: Dorex2007 (small blind) collected ($0.14)



PokerStars Hand #224714693800:  Hold'em No Limit ($0.01/$0.02 USD) - 2021/03/11 21:24:33 PT [2021/03/12 0:24:33 ET]
Table 'Sadalmelik IV' 9-max Seat #9 is the button
Seat 1: volodya7676 ($1.58 in chips) 
Seat 2: 3aPuK_PROFFI ($0.81 in chips) 
Seat 3: MarkAvrelij ($2.32 in chips) 
Seat 4: Ekshli ($2.51 in chips) 
Seat 5: SerginhuBR ($1.26 in chips) 
Seat 6: TOM.T1021 ($0.77 in chips) 
Seat 7: Ad1ez ($1.11 in chips) 
Seat 8: 12Lincoln ($0.51 in chips) 
Seat 9: Dorex2007 ($2.77 in chips) 
volodya7676: posts small blind $0.01
3aPuK_PROFFI: posts big blind $0.02
*** HOLE CARDS ***
Dealt to Dorex2007 [3c Tc]
MarkAvrelij: folds 
Ekshli: folds 
SerginhuBR: folds 
TOM.T1021: calls $0.02
Ad1ez: calls $0.02
12Lincoln: folds 
Dorex2007: folds 
volodya7676: calls $0.01
3aPuK_PROFFI: checks 
*** FLOP *** [Qs Js Kh]
volodya7676: checks 
3aPuK_PROFFI: checks 
TOM.T1021: checks 
Ad1ez: bets $0.02
volodya7676: calls $0.02
3aPuK_PROFFI: folds 
TOM.T1021: calls $0.02
*** TURN *** [Qs Js Kh] [2c]
volodya7676: checks 
TOM.T1021: checks 
Ad1ez: checks 
*** RIVER *** [Qs Js Kh 2c] [2s]
volodya7676: checks 
TOM.T1021: checks 
Ad1ez: checks 
*** SHOW DOWN ***
volodya7676: shows [As 8c] (a pair of Deuces)
TOM.T1021: shows [Qd 4d] (two pair, Queens and Deuces)
Ad1ez: mucks hand 
TOM.T1021 collected $0.14 from pot
*** SUMMARY ***
Total pot $0.14 | Rake $0 
Board [Qs Js Kh 2c 2s]
Seat 1: volodya7676 (small blind) showed [As 8c] and lost with a pair of Deuces
Seat 2: 3aPuK_PROFFI (big blind) folded on the Flop
Seat 3: MarkAvrelij folded before Flop (didn't bet)
Seat 4: Ekshli folded before Flop (didn't bet)
Seat 5: SerginhuBR folded before Flop (didn't bet)
Seat 6: TOM.T1021 showed [Qd 4d] and won ($0.14) with two pair, Queens and Deuces
Seat 7: Ad1ez mucked [Ad 3s]
Seat 8: 12Lincoln folded before Flop (didn't bet)
Seat 9: Dorex2007 (button) folded before Flop (didn't bet)



PokerStars Hand #224714705269:  Hold'em No Limit ($0.01/$0.02 USD) - 2021/03/11 21:25:28 PT [2021/03/12 0:25:28 ET]
Table 'Sadalmelik IV' 9-max Seat #1 is the button
Seat 1: volodya7676 ($1.54 in chips) 
Seat 2: 3aPuK_PROFFI ($0.79 in chips) 
Seat 3: MarkAvrelij ($2.32 in chips) 
Seat 4: Ekshli ($2.51 in chips) 
Seat 5: SerginhuBR ($1.26 in chips) 
Seat 6: TOM.T1021 ($0.87 in chips) 
Seat 7: Ad1ez ($1.07 in chips) 
Seat 8: 12Lincoln ($0.51 in chips) 
Seat 9: Dorex2007 ($2.77 in chips) 
3aPuK_PROFFI: posts small blind $0.01
MarkAvrelij: posts big blind $0.02
*** HOLE CARDS ***
Dealt to Dorex2007 [7s 4h]
Ekshli: folds 
SerginhuBR: folds 
TOM.T1021: calls $0.02
Ad1ez: calls $0.02
12Lincoln: folds 
Dorex2007: folds 
volodya7676: calls $0.02
3aPuK_PROFFI: calls $0.01
MarkAvrelij: checks 
*** FLOP *** [9d 6h 4s]
3aPuK_PROFFI: checks 
MarkAvrelij: checks 
TOM.T1021: checks 
Ad1ez: checks 
volodya7676: checks 
*** TURN *** [9d 6h 4s] [4d]
3aPuK_PROFFI: checks 
MarkAvrelij: checks 
TOM.T1021: checks 
Ad1ez: checks 
volodya7676: checks 
*** RIVER *** [9d 6h 4s 4d] [Kc]
3aPuK_PROFFI: bets $0.05
MarkAvrelij: folds 
TOM.T1021: calls $0.05
Ad1ez: calls $0.05
volodya7676: calls $0.05
*** SHOW DOWN ***
3aPuK_PROFFI: shows [4c 3h] (three of a kind, Fours)
TOM.T1021: mucks hand 
Ad1ez: mucks hand 
volodya7676: mucks hand 
3aPuK_PROFFI collected $0.29 from pot
*** SUMMARY ***
Total pot $0.30 | Rake $0.01 
Board [9d 6h 4s 4d Kc]
Seat 1: volodya7676 (button) mucked [Js Ks]
Seat 2: 3aPuK_PROFFI (small blind) showed [4c 3h] and won ($0.29) with three of a kind, Fours
Seat 3: MarkAvrelij (big blind) folded on the River
Seat 4: Ekshli folded before Flop (didn't bet)
Seat 5: SerginhuBR folded before Flop (didn't bet)
Seat 6: TOM.T1021 mucked [Th Kd]
Seat 7: Ad1ez mucked [Kh Qh]
Seat 8: 12Lincoln folded before Flop (didn't bet)
Seat 9: Dorex2007 folded before Flop (didn't bet)



PokerStars Hand #224714722452:  Hold'em No Limit ($0.01/$0.02 USD) - 2021/03/11 21:26:50 PT [2021/03/12 0:26:50 ET]
Table 'Sadalmelik IV' 9-max Seat #2 is the button
Seat 1: volodya7676 ($1.47 in chips) 
Seat 2: 3aPuK_PROFFI ($1.01 in chips) 
Seat 3: MarkAvrelij ($2.30 in chips) 
Seat 4: Ekshli ($2.51 in chips) 
Seat 5: SerginhuBR ($1.26 in chips) 
Seat 6: TOM.T1021 ($0.80 in chips) 
Seat 7: Ad1ez ($1 in chips) 
Seat 8: 12Lincoln ($0.51 in chips) 
Seat 9: Dorex2007 ($2.77 in chips) 
MarkAvrelij: posts small blind $0.01
Ekshli: posts big blind $0.02
*** HOLE CARDS ***
Dealt to Dorex2007 [8h 6c]
SerginhuBR: raises $0.03 to $0.05
TOM.T1021: calls $0.05
Ad1ez: calls $0.05
12Lincoln: folds 
Dorex2007: folds 
volodya7676: folds 
3aPuK_PROFFI: folds 
MarkAvrelij: calls $0.04
Ekshli: folds 
*** FLOP *** [3d 4s 8c]
MarkAvrelij: checks 
SerginhuBR: bets $0.12
TOM.T1021: folds 
Ad1ez: folds 
MarkAvrelij: folds 
Uncalled bet ($0.12) returned to SerginhuBR
SerginhuBR collected $0.21 from pot
SerginhuBR: doesn't show hand 
*** SUMMARY ***
Total pot $0.22 | Rake $0.01 
Board [3d 4s 8c]
Seat 1: volodya7676 folded before Flop (didn't bet)
Seat 2: 3aPuK_PROFFI (button) folded before Flop (didn't bet)
Seat 3: MarkAvrelij (small blind) folded on the Flop
Seat 4: Ekshli (big blind) folded before Flop
Seat 5: SerginhuBR collected ($0.21)
Seat 6: TOM.T1021 folded on the Flop
Seat 7: Ad1ez folded on the Flop
Seat 8: 12Lincoln folded before Flop (didn't bet)
Seat 9: Dorex2007 folded before Flop (didn't bet)



PokerStars Hand #224714740470:  Hold'em No Limit ($0.01/$0.02 USD) - 2021/03/11 21:27:40 PT [2021/03/12 0:27:40 ET]
Table 'Sadalmelik IV' 9-max Seat #3 is the button
Seat 1: volodya7676 ($1.47 in chips) 
Seat 2: 3aPuK_PROFFI ($1.01 in chips) 
Seat 3: MarkAvrelij ($2.25 in chips) 
Seat 4: Ekshli ($2.49 in chips) 
Seat 5: SerginhuBR ($1.42 in chips) 
Seat 6: TOM.T1021 ($0.75 in chips) 
Seat 7: Ad1ez ($0.95 in chips) 
Seat 8: 12Lincoln ($0.51 in chips) 
Seat 9: Dorex2007 ($2.77 in chips) 
Ekshli: posts small blind $0.01
SerginhuBR: posts big blind $0.02
*** HOLE CARDS ***
Dealt to Dorex2007 [8c 8d]
TOM.T1021: calls $0.02
Ad1ez: folds 
12Lincoln: folds 
Dorex2007: raises $0.06 to $0.08
volodya7676: folds 
3aPuK_PROFFI: folds 
MarkAvrelij: folds 
Ekshli: folds 
SerginhuBR: folds 
TOM.T1021: calls $0.06
*** FLOP *** [Js 6d Jh]
TOM.T1021: checks 
Dorex2007: bets $0.18
TOM.T1021: folds 
Uncalled bet ($0.18) returned to Dorex2007
Dorex2007 collected $0.18 from pot
Dorex2007: doesn't show hand 
*** SUMMARY ***
Total pot $0.19 | Rake $0.01 
Board [Js 6d Jh]
Seat 1: volodya7676 folded before Flop (didn't bet)
Seat 2: 3aPuK_PROFFI folded before Flop (didn't bet)
Seat 3: MarkAvrelij (button) folded before Flop (didn't bet)
Seat 4: Ekshli (small blind) folded before Flop
Seat 5: SerginhuBR (big blind) folded before Flop
Seat 6: TOM.T1021 folded on the Flop
Seat 7: Ad1ez folded before Flop (didn't bet)
Seat 8: 12Lincoln folded before Flop (didn't bet)
Seat 9: Dorex2007 collected ($0.18)



PokerStars Hand #224714748017:  Hold'em No Limit ($0.01/$0.02 USD) - 2021/03/11 21:28:16 PT [2021/03/12 0:28:16 ET]
Table 'Sadalmelik IV' 9-max Seat #4 is the button
Seat 1: volodya7676 ($1.47 in chips) 
Seat 2: 3aPuK_PROFFI ($1.01 in chips) 
Seat 3: MarkAvrelij ($2.25 in chips) 
Seat 4: Ekshli ($2.48 in chips) 
Seat 5: SerginhuBR ($1.40 in chips) 
Seat 6: TOM.T1021 ($0.67 in chips) 
Seat 7: Ad1ez ($0.95 in chips) 
Seat 8: 12Lincoln ($0.51 in chips) 
Seat 9: Dorex2007 ($2.87 in chips) 
SerginhuBR: posts small blind $0.01
TOM.T1021: posts big blind $0.02
*** HOLE CARDS ***
Dealt to Dorex2007 [2s 2c]
Ad1ez: folds 
12Lincoln: folds 
Dorex2007: folds 
volodya7676: folds 
3aPuK_PROFFI: raises $0.04 to $0.06
MarkAvrelij: folds 
Ekshli: folds 
SerginhuBR: folds 
TOM.T1021: folds 
Uncalled bet ($0.04) returned to 3aPuK_PROFFI
3aPuK_PROFFI collected $0.05 from pot
3aPuK_PROFFI: doesn't show hand 
*** SUMMARY ***
Total pot $0.05 | Rake $0 
Seat 1: volodya7676 folded before Flop (didn't bet)
Seat 2: 3aPuK_PROFFI collected ($0.05)
Seat 3: MarkAvrelij folded before Flop (didn't bet)
Seat 4: Ekshli (button) folded before Flop (didn't bet)
Seat 5: SerginhuBR (small blind) folded before Flop
Seat 6: TOM.T1021 (big blind) folded before Flop
Seat 7: Ad1ez folded before Flop (didn't bet)
Seat 8: 12Lincoln folded before Flop (didn't bet)
Seat 9: Dorex2007 folded before Flop (didn't bet)



PokerStars Hand #224714754824:  Hold'em No Limit ($0.01/$0.02 USD) - 2021/03/11 21:28:50 PT [2021/03/12 0:28:50 ET]
Table 'Sadalmelik IV' 9-max Seat #5 is the button
Seat 1: volodya7676 ($1.47 in chips) 
Seat 2: 3aPuK_PROFFI ($1.04 in chips) 
Seat 3: MarkAvrelij ($2.25 in chips) 
Seat 4: Ekshli ($2.48 in chips) 
Seat 5: SerginhuBR ($1.39 in chips) 
Seat 6: TOM.T1021 ($0.65 in chips) 
Seat 7: Ad1ez ($0.95 in chips) 
Seat 8: 12Lincoln ($0.51 in chips) 
Seat 9: Dorex2007 ($2.87 in chips) 
TOM.T1021: posts small blind $0.01
Ad1ez: posts big blind $0.02
*** HOLE CARDS ***
Dealt to Dorex2007 [3s Qc]
12Lincoln: folds 
Dorex2007: folds 
volodya7676: folds 
3aPuK_PROFFI: folds 
MarkAvrelij: raises $0.03 to $0.05
Ekshli: folds 
SerginhuBR: folds 
TOM.T1021: folds 
Ad1ez: folds 
Uncalled bet ($0.03) returned to MarkAvrelij
MarkAvrelij collected $0.05 from pot
MarkAvrelij: doesn't show hand 
*** SUMMARY ***
Total pot $0.05 | Rake $0 
Seat 1: volodya7676 folded before Flop (didn't bet)
Seat 2: 3aPuK_PROFFI folded before Flop (didn't bet)
Seat 3: MarkAvrelij collected ($0.05)
Seat 4: Ekshli folded before Flop (didn't bet)
Seat 5: SerginhuBR (button) folded before Flop (didn't bet)
Seat 6: TOM.T1021 (small blind) folded before Flop
Seat 7: Ad1ez (big blind) folded before Flop
Seat 8: 12Lincoln folded before Flop (didn't bet)
Seat 9: Dorex2007 folded before Flop (didn't bet)



PokerStars Hand #224714759025:  Hold'em No Limit ($0.01/$0.02 USD) - 2021/03/11 21:29:10 PT [2021/03/12 0:29:10 ET]
Table 'Sadalmelik IV' 9-max Seat #6 is the button
Seat 1: volodya7676 ($1.47 in chips) 
Seat 2: 3aPuK_PROFFI ($1.04 in chips) 
Seat 3: MarkAvrelij ($2.28 in chips) 
Seat 4: Ekshli ($2.48 in chips) 
Seat 5: SerginhuBR ($1.39 in chips) 
Seat 6: TOM.T1021 ($0.64 in chips) 
Seat 7: Ad1ez ($0.93 in chips) 
Seat 8: 12Lincoln ($0.51 in chips) 
Seat 9: Dorex2007 ($2.87 in chips) 
Ad1ez: posts small blind $0.01
12Lincoln: posts big blind $0.02
*** HOLE CARDS ***
Dealt to Dorex2007 [Kc Kh]
Dorex2007: raises $0.04 to $0.06
volodya7676: folds 
3aPuK_PROFFI: folds 
MarkAvrelij: raises $0.11 to $0.17
Ekshli: folds 
SerginhuBR: folds 
TOM.T1021: folds 
Ad1ez: folds 
12Lincoln: folds 
Dorex2007: raises $0.13 to $0.30
MarkAvrelij: calls $0.13
*** FLOP *** [2h 9h 7d]
Dorex2007: bets $0.61
MarkAvrelij: folds 
Uncalled bet ($0.61) returned to Dorex2007
Dorex2007 collected $0.61 from pot
Dorex2007: doesn't show hand 
*** SUMMARY ***
Total pot $0.63 | Rake $0.02 
Board [2h 9h 7d]
Seat 1: volodya7676 folded before Flop (didn't bet)
Seat 2: 3aPuK_PROFFI folded before Flop (didn't bet)
Seat 3: MarkAvrelij folded on the Flop
Seat 4: Ekshli folded before Flop (didn't bet)
Seat 5: SerginhuBR folded before Flop (didn't bet)
Seat 6: TOM.T1021 (button) folded before Flop (didn't bet)
Seat 7: Ad1ez (small blind) folded before Flop
Seat 8: 12Lincoln (big blind) folded before Flop
Seat 9: Dorex2007 collected ($0.61)



PokerStars Hand #224714770693:  Hold'em No Limit ($0.01/$0.02 USD) - 2021/03/11 21:30:06 PT [2021/03/12 0:30:06 ET]
Table 'Sadalmelik IV' 9-max Seat #7 is the button
Seat 1: volodya7676 ($1.47 in chips) 
Seat 2: 3aPuK_PROFFI ($1.04 in chips) 
Seat 3: MarkAvrelij ($2 in chips) 
Seat 4: Ekshli ($2.48 in chips) 
Seat 5: SerginhuBR ($1.39 in chips) 
Seat 6: TOM.T1021 ($0.64 in chips) 
Seat 7: Ad1ez ($0.92 in chips) 
Seat 8: 12Lincoln ($0.49 in chips) 
Seat 9: Dorex2007 ($3.18 in chips) 
12Lincoln: posts small blind $0.01
Dorex2007: posts big blind $0.02
*** HOLE CARDS ***
Dealt to Dorex2007 [3h Qd]
volodya7676: folds 
3aPuK_PROFFI: folds 
MarkAvrelij: folds 
Ekshli: folds 
SerginhuBR: folds 
TOM.T1021: calls $0.02
Ad1ez: folds 
12Lincoln: folds 
Dorex2007: checks 
*** FLOP *** [4c 3s 9s]
Dorex2007: checks 
TOM.T1021: checks 
*** TURN *** [4c 3s 9s] [Jh]
Dorex2007: bets $0.05
TOM.T1021: folds 
Uncalled bet ($0.05) returned to Dorex2007
Dorex2007 collected $0.05 from pot
Dorex2007: doesn't show hand 
*** SUMMARY ***
Total pot $0.05 | Rake $0 
Board [4c 3s 9s Jh]
Seat 1: volodya7676 folded before Flop (didn't bet)
Seat 2: 3aPuK_PROFFI folded before Flop (didn't bet)
Seat 3: MarkAvrelij folded before Flop (didn't bet)
Seat 4: Ekshli folded before Flop (didn't bet)
Seat 5: SerginhuBR folded before Flop (didn't bet)
Seat 6: TOM.T1021 folded on the Turn
Seat 7: Ad1ez (button) folded before Flop (didn't bet)
Seat 8: 12Lincoln (small blind) folded before Flop
Seat 9: Dorex2007 (big blind) collected ($0.05)



PokerStars Hand #224714779711:  Hold'em No Limit ($0.01/$0.02 USD) - 2021/03/11 21:30:49 PT [2021/03/12 0:30:49 ET]
Table 'Sadalmelik IV' 9-max Seat #8 is the button
Seat 1: volodya7676 ($1.47 in chips) 
Seat 2: 3aPuK_PROFFI ($1.04 in chips) 
Seat 3: MarkAvrelij ($2 in chips) 
Seat 4: Ekshli ($2.48 in chips) 
Seat 5: SerginhuBR ($1.39 in chips) 
Seat 6: TOM.T1021 ($0.62 in chips) 
Seat 7: Ad1ez ($0.92 in chips) 
Seat 8: 12Lincoln ($0.48 in chips) 
Seat 9: Dorex2007 ($3.21 in chips) 
Dorex2007: posts small blind $0.01
volodya7676: posts big blind $0.02
*** HOLE CARDS ***
Dealt to Dorex2007 [9s Jh]
3aPuK_PROFFI: folds 
3aPuK_PROFFI leaves the table
MarkAvrelij: folds 
Ekshli: folds 
SerginhuBR said, "e"
SerginhuBR: folds 
TOM.T1021 has timed out
TOM.T1021: folds 
Ad1ez: folds 
12Lincoln: folds 
Dorex2007: calls $0.01
volodya7676: checks 
*** FLOP *** [3d Th 2d]
Dorex2007: checks 
volodya7676: checks 
*** TURN *** [3d Th 2d] [Ac]
SrO157 joins the table at seat #2 
Dorex2007: checks 
volodya7676: checks 
*** RIVER *** [3d Th 2d Ac] [4s]
Dorex2007: checks 
volodya7676: bets $0.02
Dorex2007: calls $0.02
*** SHOW DOWN ***
volodya7676: shows [Kh 5s] (a straight, Ace to Five)
Dorex2007: mucks hand 
volodya7676 collected $0.08 from pot
*** SUMMARY ***
Total pot $0.08 | Rake $0 
Board [3d Th 2d Ac 4s]
Seat 1: volodya7676 (big blind) showed [Kh 5s] and won ($0.08) with a straight, Ace to Five
Seat 2: 3aPuK_PROFFI folded before Flop (didn't bet)
Seat 3: MarkAvrelij folded before Flop (didn't bet)
Seat 4: Ekshli folded before Flop (didn't bet)
Seat 5: SerginhuBR folded before Flop (didn't bet)
Seat 6: TOM.T1021 folded before Flop (didn't bet)
Seat 7: Ad1ez folded before Flop (didn't bet)
Seat 8: 12Lincoln (button) folded before Flop (didn't bet)
Seat 9: Dorex2007 (small blind) mucked [9s Jh]



PokerStars Hand #224714793563:  Hold'em No Limit ($0.01/$0.02 USD) - 2021/03/11 21:31:56 PT [2021/03/12 0:31:56 ET]
Table 'Sadalmelik IV' 9-max Seat #9 is the button
Seat 1: volodya7676 ($1.51 in chips) 
Seat 2: SrO157 ($0.80 in chips) 
Seat 3: MarkAvrelij ($2 in chips) 
Seat 4: Ekshli ($2.48 in chips) 
Seat 5: SerginhuBR ($1.39 in chips) 
Seat 6: TOM.T1021 ($0.62 in chips) 
Seat 7: Ad1ez ($0.92 in chips) 
Seat 8: 12Lincoln ($0.48 in chips) 
Seat 9: Dorex2007 ($3.17 in chips) 
volodya7676: posts small blind $0.01
SrO157: posts big blind $0.02
*** HOLE CARDS ***
Dealt to Dorex2007 [8s Kd]
MarkAvrelij: folds 
Ekshli: raises $0.04 to $0.06
SerginhuBR: folds 
TOM.T1021: folds 
Ad1ez: folds 
12Lincoln: folds 
Dorex2007: folds 
volodya7676: folds 
SrO157: calls $0.04
*** FLOP *** [Ks Kh 6d]
SrO157: bets $0.06
Ekshli: folds 
Uncalled bet ($0.06) returned to SrO157
SrO157 collected $0.13 from pot
SrO157: doesn't show hand 
*** SUMMARY ***
Total pot $0.13 | Rake $0 
Board [Ks Kh 6d]
Seat 1: volodya7676 (small blind) folded before Flop
Seat 2: SrO157 (big blind) collected ($0.13)
Seat 3: MarkAvrelij folded before Flop (didn't bet)
Seat 4: Ekshli folded on the Flop
Seat 5: SerginhuBR folded before Flop (didn't bet)
Seat 6: TOM.T1021 folded before Flop (didn't bet)
Seat 7: Ad1ez folded before Flop (didn't bet)
Seat 8: 12Lincoln folded before Flop (didn't bet)
Seat 9: Dorex2007 (button) folded before Flop (didn't bet)



PokerStars Hand #224714801452:  Hold'em No Limit ($0.01/$0.02 USD) - 2021/03/11 21:32:33 PT [2021/03/12 0:32:33 ET]
Table 'Sadalmelik IV' 9-max Seat #1 is the button
Seat 1: volodya7676 ($1.50 in chips) 
Seat 2: SrO157 ($0.87 in chips) 
Seat 3: MarkAvrelij ($2 in chips) 
Seat 4: Ekshli ($2.42 in chips) 
Seat 5: SerginhuBR ($1.39 in chips) 
Seat 6: TOM.T1021 ($0.62 in chips) 
Seat 7: Ad1ez ($0.92 in chips) 
Seat 8: 12Lincoln ($0.48 in chips) 
Seat 9: Dorex2007 ($3.17 in chips) 
SrO157: posts small blind $0.01
MarkAvrelij: posts big blind $0.02
*** HOLE CARDS ***
Dealt to Dorex2007 [9s Ac]
Ekshli has timed out
Ekshli: folds 
SerginhuBR: folds 
TOM.T1021: folds 
Ad1ez: calls $0.02
12Lincoln: folds 
Ekshli leaves the table
Dorex2007: folds 
volodya7676: folds 
SrO157: raises $0.06 to $0.08
MarkAvrelij: folds 
Ad1ez: calls $0.06
*** FLOP *** [Kd 3h Ad]
SrO157: bets $0.08
Ad1ez: folds 
Uncalled bet ($0.08) returned to SrO157
SrO157 collected $0.17 from pot
SrO157: doesn't show hand 
*** SUMMARY ***
Total pot $0.18 | Rake $0.01 
Board [Kd 3h Ad]
Seat 1: volodya7676 (button) folded before Flop (didn't bet)
Seat 2: SrO157 (small blind) collected ($0.17)
Seat 3: MarkAvrelij (big blind) folded before Flop
Seat 4: Ekshli folded before Flop (didn't bet)
Seat 5: SerginhuBR folded before Flop (didn't bet)
Seat 6: TOM.T1021 folded before Flop (didn't bet)
Seat 7: Ad1ez folded on the Flop
Seat 8: 12Lincoln folded before Flop (didn't bet)
Seat 9: Dorex2007 folded before Flop (didn't bet)



PokerStars Hand #224714812053:  Hold'em No Limit ($0.01/$0.02 USD) - 2021/03/11 21:33:24 PT [2021/03/12 0:33:24 ET]
Table 'Sadalmelik IV' 9-max Seat #2 is the button
Seat 1: volodya7676 ($1.50 in chips) 
Seat 2: SrO157 ($0.96 in chips) 
Seat 3: MarkAvrelij ($2 in chips) 
Seat 5: SerginhuBR ($1.39 in chips) 
Seat 6: TOM.T1021 ($0.62 in chips) 
Seat 7: Ad1ez ($0.84 in chips) 
Seat 8: 12Lincoln ($0.48 in chips) 
Seat 9: Dorex2007 ($3.17 in chips) 
MarkAvrelij: posts small blind $0.01
SerginhuBR: posts big blind $0.02
*** HOLE CARDS ***
Dealt to Dorex2007 [8s Td]
VMDT. joins the table at seat #4 
TOM.T1021: folds 
Ad1ez: folds 
12Lincoln: folds 
Dorex2007: folds 
volodya7676: folds 
SrO157: folds 
MarkAvrelij: raises $0.03 to $0.05
SerginhuBR: folds 
Uncalled bet ($0.03) returned to MarkAvrelij
MarkAvrelij collected $0.04 from pot
MarkAvrelij: doesn't show hand 
*** SUMMARY ***
Total pot $0.04 | Rake $0 
Seat 1: volodya7676 folded before Flop (didn't bet)
Seat 2: SrO157 (button) folded before Flop (didn't bet)
Seat 3: MarkAvrelij (small blind) collected ($0.04)
Seat 5: SerginhuBR (big blind) folded before Flop
Seat 6: TOM.T1021 folded before Flop (didn't bet)
Seat 7: Ad1ez folded before Flop (didn't bet)
Seat 8: 12Lincoln folded before Flop (didn't bet)
Seat 9: Dorex2007 folded before Flop (didn't bet)



PokerStars Hand #224714816966:  Hold'em No Limit ($0.01/$0.02 USD) - 2021/03/11 21:33:47 PT [2021/03/12 0:33:47 ET]
Table 'Sadalmelik IV' 9-max Seat #3 is the button
Seat 1: volodya7676 ($1.50 in chips) 
Seat 2: SrO157 ($0.96 in chips) 
Seat 3: MarkAvrelij ($2.02 in chips) 
Seat 5: SerginhuBR ($1.37 in chips) 
Seat 6: TOM.T1021 ($0.62 in chips) 
Seat 7: Ad1ez ($0.84 in chips) 
Seat 8: 12Lincoln ($0.48 in chips) 
Seat 9: Dorex2007 ($3.17 in chips) 
SerginhuBR: posts small blind $0.01
TOM.T1021: posts big blind $0.02
*** HOLE CARDS ***
Dealt to Dorex2007 [2d Ts]
Ad1ez: calls $0.02
12Lincoln: raises $0.02 to $0.04
Dorex2007: folds 
volodya7676: calls $0.04
SrO157: folds 
MarkAvrelij: folds 
SerginhuBR: folds 
TOM.T1021: calls $0.02
Ad1ez: calls $0.02
*** FLOP *** [Tc Jd 5s]
TOM.T1021: checks 
Ad1ez: checks 
12Lincoln: bets $0.06
volodya7676: folds 
TOM.T1021: calls $0.06
Ad1ez: calls $0.06
*** TURN *** [Tc Jd 5s] [7c]
TOM.T1021: checks 
Ad1ez: bets $0.06
12Lincoln: raises $0.06 to $0.12
TOM.T1021: calls $0.12
Ad1ez: calls $0.06
*** RIVER *** [Tc Jd 5s 7c] [4s]
TOM.T1021: checks 
Ad1ez: checks 
12Lincoln: bets $0.26 and is all-in
TOM.T1021: folds 
Ad1ez: folds 
Uncalled bet ($0.26) returned to 12Lincoln
12Lincoln collected $0.69 from pot
12Lincoln: doesn't show hand 
*** SUMMARY ***
Total pot $0.71 | Rake $0.02 
Board [Tc Jd 5s 7c 4s]
Seat 1: volodya7676 folded on the Flop
Seat 2: SrO157 folded before Flop (didn't bet)
Seat 3: MarkAvrelij (button) folded before Flop (didn't bet)
Seat 5: SerginhuBR (small blind) folded before Flop
Seat 6: TOM.T1021 (big blind) folded on the River
Seat 7: Ad1ez folded on the River
Seat 8: 12Lincoln collected ($0.69)
Seat 9: Dorex2007 folded before Flop (didn't bet)



PokerStars Hand #224714838876:  Hold'em No Limit ($0.01/$0.02 USD) - 2021/03/11 21:35:33 PT [2021/03/12 0:35:33 ET]
Table 'Sadalmelik IV' 9-max Seat #5 is the button
Seat 1: volodya7676 ($1.46 in chips) 
Seat 2: SrO157 ($0.96 in chips) 
Seat 3: MarkAvrelij ($2.02 in chips) 
Seat 4: VMDT. ($2 in chips) 
Seat 5: SerginhuBR ($1.36 in chips) 
Seat 6: TOM.T1021 ($0.40 in chips) 
Seat 7: Ad1ez ($0.62 in chips) 
Seat 8: 12Lincoln ($0.95 in chips) 
Seat 9: Dorex2007 ($3.17 in chips) 
TOM.T1021: posts small blind $0.01
Ad1ez: posts big blind $0.02
VMDT.: posts big blind $0.02
*** HOLE CARDS ***
Dealt to Dorex2007 [Jc Ts]
12Lincoln: folds 
Dorex2007: raises $0.04 to $0.06
volodya7676: calls $0.06
SrO157: raises $0.23 to $0.29
MarkAvrelij: folds 
VMDT.: folds 
SerginhuBR: folds 
TOM.T1021: folds 
Ad1ez: raises $0.33 to $0.62 and is all-in
Dorex2007: folds 
volodya7676: folds 
SrO157: calls $0.33
*** FLOP *** [Kc Qs 8h]
*** TURN *** [Kc Qs 8h] [Tc]
*** RIVER *** [Kc Qs 8h Tc] [3c]
*** SHOW DOWN ***
Ad1ez: shows [8d Ad] (a pair of Eights)
SrO157: shows [Ac Ah] (a pair of Aces)
SrO157 cashed out the hand for $1.16 | Cash Out Fee $0.01
Ad1ez cashed out the hand for $0.17
*** SUMMARY ***
Total pot $1.39 | Rake $0.05 
Board [Kc Qs 8h Tc 3c]
Seat 1: volodya7676 folded before Flop
Seat 2: SrO157 showed [Ac Ah] and won ($1.34) with a pair of Aces (pot not awarded as player cashed out)
Seat 3: MarkAvrelij folded before Flop (didn't bet)
Seat 4: VMDT. folded before Flop (didn't bet)
Seat 5: SerginhuBR (button) folded before Flop (didn't bet)
Seat 6: TOM.T1021 (small blind) folded before Flop
Seat 7: Ad1ez (big blind) showed [8d Ad] and lost with a pair of Eights (cashed out).
Seat 8: 12Lincoln folded before Flop (didn't bet)
Seat 9: Dorex2007 folded before Flop



PokerStars Hand #224714849855:  Hold'em No Limit ($0.01/$0.02 USD) - 2021/03/11 21:36:26 PT [2021/03/12 0:36:26 ET]
Table 'Sadalmelik IV' 9-max Seat #6 is the button
Seat 1: volodya7676 ($1.40 in chips) 
Seat 2: SrO157 ($1.50 in chips) 
Seat 3: MarkAvrelij ($2.02 in chips) 
Seat 4: VMDT. ($1.98 in chips) 
Seat 5: SerginhuBR ($1.36 in chips) 
Seat 6: TOM.T1021 ($0.39 in chips) 
Seat 7: Ad1ez ($0.17 in chips) 
Seat 8: 12Lincoln ($0.95 in chips) 
Seat 9: Dorex2007 ($3.11 in chips) 
Ad1ez: posts small blind $0.01
12Lincoln: posts big blind $0.02
*** HOLE CARDS ***
Dealt to Dorex2007 [Qd Jd]
Dorex2007: raises $0.06 to $0.08
volodya7676: folds 
SrO157: folds 
MarkAvrelij: folds 
VMDT.: calls $0.08
SerginhuBR: folds 
TOM.T1021: folds 
Ad1ez: raises $0.07 to $0.15
12Lincoln: folds 
Dorex2007: calls $0.07
VMDT.: calls $0.07
*** FLOP *** [7d 5s 5d]
Ad1ez: bets $0.02 and is all-in
Dorex2007: raises $0.49 to $0.51
VMDT.: folds 
Uncalled bet ($0.49) returned to Dorex2007
*** TURN *** [7d 5s 5d] [3h]
*** RIVER *** [7d 5s 5d 3h] [2h]
*** SHOW DOWN ***
Ad1ez: shows [3c Ac] (two pair, Fives and Threes)
Dorex2007: shows [Qd Jd] (a pair of Fives)
Ad1ez cashed out the hand for $0.23
*** SUMMARY ***
Total pot $0.51 | Rake $0.02 
Board [7d 5s 5d 3h 2h]
Seat 1: volodya7676 folded before Flop (didn't bet)
Seat 2: SrO157 folded before Flop (didn't bet)
Seat 3: MarkAvrelij folded before Flop (didn't bet)
Seat 4: VMDT. folded on the Flop
Seat 5: SerginhuBR folded before Flop (didn't bet)
Seat 6: TOM.T1021 (button) folded before Flop (didn't bet)
Seat 7: Ad1ez (small blind) showed [3c Ac] and won ($0.49) with two pair, Fives and Threes (pot not awarded as player cashed out)
Seat 8: 12Lincoln (big blind) folded before Flop
Seat 9: Dorex2007 showed [Qd Jd] and lost with a pair of Fives



PokerStars Hand #224714862672:  Hold'em No Limit ($0.01/$0.02 USD) - 2021/03/11 21:37:27 PT [2021/03/12 0:37:27 ET]
Table 'Sadalmelik IV' 9-max Seat #7 is the button
Seat 1: volodya7676 ($1.40 in chips) 
Seat 2: SrO157 ($1.50 in chips) 
Seat 3: MarkAvrelij ($2.02 in chips) 
Seat 4: VMDT. ($1.83 in chips) 
Seat 5: SerginhuBR ($1.36 in chips) 
Seat 6: TOM.T1021 ($0.39 in chips) 
Seat 7: Ad1ez ($0.23 in chips) 
Seat 8: 12Lincoln ($0.93 in chips) 
Seat 9: Dorex2007 ($2.94 in chips) 
12Lincoln: posts small blind $0.01
Dorex2007: posts big blind $0.02
*** HOLE CARDS ***
Dealt to Dorex2007 [2s Kc]
volodya7676: folds 
SrO157: folds 
MarkAvrelij: folds 
VMDT.: calls $0.02
SerginhuBR: folds 
TOM.T1021: folds 
Ad1ez: calls $0.02
12Lincoln: calls $0.01
Dorex2007: checks 
*** FLOP *** [Ad Jc Jh]
12Lincoln: bets $0.02
Dorex2007: folds 
VMDT.: calls $0.02
Ad1ez: folds 
*** TURN *** [Ad Jc Jh] [Td]
12Lincoln: bets $0.02
VMDT.: calls $0.02
*** RIVER *** [Ad Jc Jh Td] [4c]
12Lincoln: bets $0.15
VMDT.: raises $0.15 to $0.30
12Lincoln: folds 
Uncalled bet ($0.15) returned to VMDT.
VMDT. collected $0.44 from pot
VMDT.: doesn't show hand 
*** SUMMARY ***
Total pot $0.46 | Rake $0.02 
Board [Ad Jc Jh Td 4c]
Seat 1: volodya7676 folded before Flop (didn't bet)
Seat 2: SrO157 folded before Flop (didn't bet)
Seat 3: MarkAvrelij folded before Flop (didn't bet)
Seat 4: VMDT. collected ($0.44)
Seat 5: SerginhuBR folded before Flop (didn't bet)
Seat 6: TOM.T1021 folded before Flop (didn't bet)
Seat 7: Ad1ez (button) folded on the Flop
Seat 8: 12Lincoln (small blind) folded on the River
Seat 9: Dorex2007 (big blind) folded on the Flop



PokerStars Hand #224714877105:  Hold'em No Limit ($0.01/$0.02 USD) - 2021/03/11 21:38:36 PT [2021/03/12 0:38:36 ET]
Table 'Sadalmelik IV' 9-max Seat #8 is the button
Seat 1: volodya7676 ($1.40 in chips) 
Seat 2: SrO157 ($1.50 in chips) 
Seat 3: MarkAvrelij ($2.02 in chips) 
Seat 4: VMDT. ($2.06 in chips) 
Seat 5: SerginhuBR ($1.36 in chips) 
Seat 6: TOM.T1021 ($0.39 in chips) 
Seat 7: Ad1ez ($0.21 in chips) 
Seat 8: 12Lincoln ($0.72 in chips) 
Seat 9: Dorex2007 ($2.92 in chips) 
Dorex2007: posts small blind $0.01
volodya7676: posts big blind $0.02
*** HOLE CARDS ***
Dealt to Dorex2007 [Ac 9c]
SrO157: folds 
MarkAvrelij: folds 
VMDT.: folds 
SerginhuBR: folds 
TOM.T1021: folds 
Ad1ez: folds 
12Lincoln: folds 
Dorex2007: raises $0.04 to $0.06
volodya7676: folds 
Uncalled bet ($0.04) returned to Dorex2007
Dorex2007 collected $0.04 from pot
Dorex2007: doesn't show hand 
*** SUMMARY ***
Total pot $0.04 | Rake $0 
Seat 1: volodya7676 (big blind) folded before Flop
Seat 2: SrO157 folded before Flop (didn't bet)
Seat 3: MarkAvrelij folded before Flop (didn't bet)
Seat 4: VMDT. folded before Flop (didn't bet)
Seat 5: SerginhuBR folded before Flop (didn't bet)
Seat 6: TOM.T1021 folded before Flop (didn't bet)
Seat 7: Ad1ez folded before Flop (didn't bet)
Seat 8: 12Lincoln (button) folded before Flop (didn't bet)
Seat 9: Dorex2007 (small blind) collected ($0.04)



PokerStars Hand #224714881389:  Hold'em No Limit ($0.01/$0.02 USD) - 2021/03/11 21:38:57 PT [2021/03/12 0:38:57 ET]
Table 'Sadalmelik IV' 9-max Seat #9 is the button
Seat 1: volodya7676 ($1.38 in chips) 
Seat 2: SrO157 ($1.50 in chips) 
Seat 3: MarkAvrelij ($2.02 in chips) 
Seat 4: VMDT. ($2.06 in chips) 
Seat 5: SerginhuBR ($1.36 in chips) 
Seat 6: TOM.T1021 ($0.39 in chips) 
Seat 7: Ad1ez ($0.21 in chips) 
Seat 8: 12Lincoln ($0.72 in chips) 
Seat 9: Dorex2007 ($2.94 in chips) 
volodya7676: posts small blind $0.01
SrO157: posts big blind $0.02
*** HOLE CARDS ***
Dealt to Dorex2007 [4c Ah]
MarkAvrelij: folds 
VMDT.: folds 
SerginhuBR: folds 
TOM.T1021: folds 
TOM.T1021 leaves the table
Ad1ez: raises $0.18 to $0.20
12Lincoln: folds 
Dorex2007: folds 
volodya7676: folds 
SrO157: folds 
Uncalled bet ($0.18) returned to Ad1ez
Ad1ez collected $0.05 from pot
Ad1ez: doesn't show hand 
*** SUMMARY ***
Total pot $0.05 | Rake $0 
Seat 1: volodya7676 (small blind) folded before Flop
Seat 2: SrO157 (big blind) folded before Flop
Seat 3: MarkAvrelij folded before Flop (didn't bet)
Seat 4: VMDT. folded before Flop (didn't bet)
Seat 5: SerginhuBR folded before Flop (didn't bet)
Seat 6: TOM.T1021 folded before Flop (didn't bet)
Seat 7: Ad1ez collected ($0.05)
Seat 8: 12Lincoln folded before Flop (didn't bet)
Seat 9: Dorex2007 (button) folded before Flop (didn't bet)



PokerStars Hand #224714893806:  Hold'em No Limit ($0.01/$0.02 USD) - 2021/03/11 21:39:28 PT [2021/03/12 0:39:28 ET]
Table 'Sadalmelik IV' 9-max Seat #1 is the button
Seat 1: volodya7676 ($1.37 in chips) 
Seat 2: SrO157 ($1.48 in chips) 
Seat 3: MarkAvrelij ($2.02 in chips) 
Seat 4: VMDT. ($2.06 in chips) 
Seat 5: SerginhuBR ($1.36 in chips) 
Seat 7: Ad1ez ($0.24 in chips) 
Seat 8: 12Lincoln ($0.72 in chips) 
Seat 9: Dorex2007 ($2.94 in chips) 
SrO157: posts small blind $0.01
MarkAvrelij: posts big blind $0.02
*** HOLE CARDS ***
Dealt to Dorex2007 [4c Ks]
VMDT.: calls $0.02
SerginhuBR: folds 
Ad1ez: folds 
12Lincoln: folds 
Dorex2007: folds 
volodya7676: calls $0.02
SrO157: calls $0.01
MarkAvrelij: checks 
*** FLOP *** [Qc 9s 4h]
SrO157: checks 
MarkAvrelij: bets $0.04
VMDT.: calls $0.04
volodya7676: folds 
SrO157: calls $0.04
*** TURN *** [Qc 9s 4h] [Kd]
SrO157: checks 
MarkAvrelij: bets $0.09
VMDT.: calls $0.09
SrO157: calls $0.09
*** RIVER *** [Qc 9s 4h Kd] [Ac]
pavluha13 joins the table at seat #6 
SrO157: checks 
MarkAvrelij: checks 
VMDT.: checks 
*** SHOW DOWN ***
SrO157: shows [Th 4s] (a pair of Fours)
MarkAvrelij: shows [Qd 8c] (a pair of Queens)
VMDT.: shows [Tc Kc] (a pair of Kings)
VMDT. collected $0.45 from pot
*** SUMMARY ***
Total pot $0.47 | Rake $0.02 
Board [Qc 9s 4h Kd Ac]
Seat 1: volodya7676 (button) folded on the Flop
Seat 2: SrO157 (small blind) showed [Th 4s] and lost with a pair of Fours
Seat 3: MarkAvrelij (big blind) showed [Qd 8c] and lost with a pair of Queens
Seat 4: VMDT. showed [Tc Kc] and won ($0.45) with a pair of Kings
Seat 5: SerginhuBR folded before Flop (didn't bet)
Seat 7: Ad1ez folded before Flop (didn't bet)
Seat 8: 12Lincoln folded before Flop (didn't bet)
Seat 9: Dorex2007 folded before Flop (didn't bet)



PokerStars Hand #224714907066:  Hold'em No Limit ($0.01/$0.02 USD) - 2021/03/11 21:40:32 PT [2021/03/12 0:40:32 ET]
Table 'Sadalmelik IV' 9-max Seat #2 is the button
Seat 1: volodya7676 ($1.35 in chips) 
Seat 2: SrO157 ($1.33 in chips) 
Seat 3: MarkAvrelij ($2 in chips) 
Seat 4: VMDT. ($2.36 in chips) 
Seat 5: SerginhuBR ($1.36 in chips) 
Seat 7: Ad1ez ($0.24 in chips) 
Seat 8: 12Lincoln ($0.72 in chips) 
Seat 9: Dorex2007 ($2.94 in chips) 
MarkAvrelij: posts small blind $0.01
VMDT.: posts big blind $0.02
pavluha13: sits out 
*** HOLE CARDS ***
Dealt to Dorex2007 [4h 3d]
SerginhuBR: folds 
Ad1ez: folds 
12Lincoln: folds 
Dorex2007: folds 
volodya7676: folds 
SrO157: folds 
MarkAvrelij: raises $0.03 to $0.05
VMDT.: folds 
Uncalled bet ($0.03) returned to MarkAvrelij
MarkAvrelij collected $0.04 from pot
MarkAvrelij: doesn't show hand 
*** SUMMARY ***
Total pot $0.04 | Rake $0 
Seat 1: volodya7676 folded before Flop (didn't bet)
Seat 2: SrO157 (button) folded before Flop (didn't bet)
Seat 3: MarkAvrelij (small blind) collected ($0.04)
Seat 4: VMDT. (big blind) folded before Flop
Seat 5: SerginhuBR folded before Flop (didn't bet)
Seat 7: Ad1ez folded before Flop (didn't bet)
Seat 8: 12Lincoln folded before Flop (didn't bet)
Seat 9: Dorex2007 folded before Flop (didn't bet)



PokerStars Hand #224714911333:  Hold'em No Limit ($0.01/$0.02 USD) - 2021/03/11 21:40:53 PT [2021/03/12 0:40:53 ET]
Table 'Sadalmelik IV' 9-max Seat #3 is the button
Seat 1: volodya7676 ($1.35 in chips) 
Seat 2: SrO157 ($1.33 in chips) 
Seat 3: MarkAvrelij ($2.02 in chips) 
Seat 4: VMDT. ($2.34 in chips) 
Seat 5: SerginhuBR ($1.36 in chips) 
Seat 7: Ad1ez ($0.24 in chips) 
Seat 8: 12Lincoln ($0.72 in chips) 
Seat 9: Dorex2007 ($2.94 in chips) 
VMDT.: posts small blind $0.01
SerginhuBR: posts big blind $0.02
pavluha13: sits out 
*** HOLE CARDS ***
Dealt to Dorex2007 [2d 7h]
Ad1ez: folds 
12Lincoln: raises $0.05 to $0.07
Dorex2007: folds 
volodya7676: folds 
SrO157: calls $0.07
MarkAvrelij: folds 
VMDT.: folds 
SerginhuBR: folds 
*** FLOP *** [8d 9c Js]
12Lincoln: bets $0.65 and is all-in
SrO157: calls $0.65
*** TURN *** [8d 9c Js] [2s]
*** RIVER *** [8d 9c Js 2s] [3d]
*** SHOW DOWN ***
12Lincoln: shows [Ah Kd] (high card Ace)
SrO157: shows [Tc 2c] (a pair of Deuces)
SrO157 collected $1.42 from pot
*** SUMMARY ***
Total pot $1.47 | Rake $0.05 
Board [8d 9c Js 2s 3d]
Seat 1: volodya7676 folded before Flop (didn't bet)
Seat 2: SrO157 showed [Tc 2c] and won ($1.42) with a pair of Deuces
Seat 3: MarkAvrelij (button) folded before Flop (didn't bet)
Seat 4: VMDT. (small blind) folded before Flop
Seat 5: SerginhuBR (big blind) folded before Flop
Seat 7: Ad1ez folded before Flop (didn't bet)
Seat 8: 12Lincoln showed [Ah Kd] and lost with high card Ace
Seat 9: Dorex2007 folded before Flop (didn't bet)



PokerStars Hand #224714921684:  Hold'em No Limit ($0.01/$0.02 USD) - 2021/03/11 21:41:44 PT [2021/03/12 0:41:44 ET]
Table 'Sadalmelik IV' 9-max Seat #4 is the button
Seat 1: volodya7676 ($1.35 in chips) 
Seat 2: SrO157 ($2.03 in chips) 
Seat 3: MarkAvrelij ($2.02 in chips) 
Seat 4: VMDT. ($2.33 in chips) 
Seat 5: SerginhuBR ($1.34 in chips) 
Seat 6: pavluha13 ($1 in chips) 
Seat 7: Ad1ez ($0.24 in chips) 
Seat 9: Dorex2007 ($2.94 in chips) 
SerginhuBR: posts small blind $0.01
pavluha13: posts big blind $0.02
*** HOLE CARDS ***
Dealt to Dorex2007 [8d 4c]
Ad1ez: calls $0.02
Dorex2007: folds 
volodya7676: calls $0.02
SrO157: folds 
12Lincoln leaves the table
MarkAvrelij: folds 
VMDT. has timed out
VMDT.: folds 
pszubzda joins the table at seat #8 
SerginhuBR: folds 
pavluha13: checks 
*** FLOP *** [Kh 7c 4h]
pavluha13: checks 
Ad1ez: checks 
volodya7676: checks 
*** TURN *** [Kh 7c 4h] [Ac]
pavluha13: checks 
Ad1ez: checks 
volodya7676: checks 
*** RIVER *** [Kh 7c 4h Ac] [9h]
pavluha13: checks 
Ad1ez: checks 
volodya7676: bets $0.03
pavluha13: folds 
Ad1ez: calls $0.03
*** SHOW DOWN ***
volodya7676: shows [As Qc] (a pair of Aces)
Ad1ez: mucks hand 
volodya7676 collected $0.13 from pot
*** SUMMARY ***
Total pot $0.13 | Rake $0 
Board [Kh 7c 4h Ac 9h]
Seat 1: volodya7676 showed [As Qc] and won ($0.13) with a pair of Aces
Seat 2: SrO157 folded before Flop (didn't bet)
Seat 3: MarkAvrelij folded before Flop (didn't bet)
Seat 4: VMDT. (button) folded before Flop (didn't bet)
Seat 5: SerginhuBR (small blind) folded before Flop
Seat 6: pavluha13 (big blind) folded on the River
Seat 7: Ad1ez mucked [Th 9c]
Seat 9: Dorex2007 folded before Flop (didn't bet)



PokerStars Hand #224714937811:  Hold'em No Limit ($0.01/$0.02 USD) - 2021/03/11 21:43:03 PT [2021/03/12 0:43:03 ET]
Table 'Sadalmelik IV' 9-max Seat #5 is the button
Seat 1: volodya7676 ($1.43 in chips) 
Seat 2: SrO157 ($2.03 in chips) 
Seat 3: MarkAvrelij ($2.02 in chips) 
Seat 4: VMDT. ($2.33 in chips) 
Seat 5: SerginhuBR ($1.33 in chips) 
Seat 6: pavluha13 ($0.98 in chips) 
Seat 7: Ad1ez ($0.19 in chips) 
Seat 9: Dorex2007 ($2.94 in chips) 
pavluha13: posts small blind $0.01
Ad1ez: posts big blind $0.02
pszubzda: sits out 
*** HOLE CARDS ***
Dealt to Dorex2007 [5s 2c]
Dorex2007: folds 
volodya7676: folds 
SrO157: folds 
MarkAvrelij: folds 
VMDT.: folds 
SerginhuBR: folds 
pavluha13 has timed out
pavluha13: folds 
Uncalled bet ($0.01) returned to Ad1ez
Ad1ez collected $0.02 from pot
Ad1ez: doesn't show hand 
*** SUMMARY ***
Total pot $0.02 | Rake $0 
Seat 1: volodya7676 folded before Flop (didn't bet)
Seat 2: SrO157 folded before Flop (didn't bet)
Seat 3: MarkAvrelij folded before Flop (didn't bet)
Seat 4: VMDT. folded before Flop (didn't bet)
Seat 5: SerginhuBR (button) folded before Flop (didn't bet)
Seat 6: pavluha13 (small blind) folded before Flop
Seat 7: Ad1ez (big blind) collected ($0.02)
Seat 9: Dorex2007 folded before Flop (didn't bet)



PokerStars Hand #224714946801:  Hold'em No Limit ($0.01/$0.02 USD) - 2021/03/11 21:43:47 PT [2021/03/12 0:43:47 ET]
Table 'Sadalmelik IV' 9-max Seat #7 is the button
Seat 1: volodya7676 ($1.43 in chips) 
Seat 2: SrO157 ($2.03 in chips) 
Seat 3: MarkAvrelij ($2.02 in chips) 
Seat 4: VMDT. ($2.33 in chips) 
Seat 5: SerginhuBR ($1.33 in chips) 
Seat 7: Ad1ez ($0.20 in chips) 
Seat 9: Dorex2007 ($2.94 in chips) 
Dorex2007: posts small blind $0.01
volodya7676: posts big blind $0.02
*** HOLE CARDS ***
Dealt to Dorex2007 [7s 3c]
SrO157: folds 
MarkAvrelij: raises $0.03 to $0.05
VMDT.: folds 
SerginhuBR: calls $0.05
Ad1ez: folds 
Dorex2007: folds 
volodya7676: folds 
*** FLOP *** [Kc Ac 3d]
MarkAvrelij: bets $0.05
SerginhuBR: folds 
Uncalled bet ($0.05) returned to MarkAvrelij
MarkAvrelij collected $0.13 from pot
MarkAvrelij: doesn't show hand 
*** SUMMARY ***
Total pot $0.13 | Rake $0 
Board [Kc Ac 3d]
Seat 1: volodya7676 (big blind) folded before Flop
Seat 2: SrO157 folded before Flop (didn't bet)
Seat 3: MarkAvrelij collected ($0.13)
Seat 4: VMDT. folded before Flop (didn't bet)
Seat 5: SerginhuBR folded on the Flop
Seat 7: Ad1ez (button) folded before Flop (didn't bet)
Seat 9: Dorex2007 (small blind) folded before Flop



PokerStars Hand #224714950820:  Hold'em No Limit ($0.01/$0.02 USD) - 2021/03/11 21:44:07 PT [2021/03/12 0:44:07 ET]
Table 'Sadalmelik IV' 9-max Seat #9 is the button
Seat 1: volodya7676 ($1.41 in chips) 
Seat 3: MarkAvrelij ($2.10 in chips) 
Seat 4: VMDT. ($2.33 in chips) 
Seat 5: SerginhuBR ($1.28 in chips) 
Seat 6: pavluha13 ($0.97 in chips) 
Seat 7: Ad1ez ($0.20 in chips) 
Seat 8: pszubzda ($2 in chips) 
Seat 9: Dorex2007 ($2.93 in chips) 
volodya7676: posts small blind $0.01
SrO157: is sitting out 
MarkAvrelij: posts big blind $0.02
pszubzda: posts big blind $0.02
*** HOLE CARDS ***
Dealt to Dorex2007 [9s 7s]
VMDT.: folds 
SerginhuBR: folds 
pavluha13: folds 
Ad1ez: folds 
pszubzda: checks 
Dorex2007: raises $0.06 to $0.08
volodya7676: folds 
MarkAvrelij: calls $0.06
pszubzda: folds 
*** FLOP *** [Js Th 7d]
MarkAvrelij: checks 
Dorex2007: bets $0.12
MarkAvrelij: calls $0.12
*** TURN *** [Js Th 7d] [Qc]
MarkAvrelij: checks 
Dorex2007: checks 
*** RIVER *** [Js Th 7d Qc] [9h]
MarkAvrelij: bets $0.21
Dorex2007: raises $0.83 to $1.04
MarkAvrelij: calls $0.83
*** SHOW DOWN ***
Dorex2007: shows [9s 7s] (two pair, Nines and Sevens)
MarkAvrelij: shows [Kc Jd] (a straight, Nine to King)
MarkAvrelij collected $2.42 from pot
*** SUMMARY ***
Total pot $2.51 | Rake $0.09 
Board [Js Th 7d Qc 9h]
Seat 1: volodya7676 (small blind) folded before Flop
Seat 3: MarkAvrelij (big blind) showed [Kc Jd] and won ($2.42) with a straight, Nine to King
Seat 4: VMDT. folded before Flop (didn't bet)
Seat 5: SerginhuBR folded before Flop (didn't bet)
Seat 6: pavluha13 folded before Flop (didn't bet)
Seat 7: Ad1ez folded before Flop (didn't bet)
Seat 8: pszubzda folded before Flop (didn't bet)
Seat 9: Dorex2007 (button) showed [9s 7s] and lost with two pair, Nines and Sevens



PokerStars Hand #224714960195:  Hold'em No Limit ($0.01/$0.02 USD) - 2021/03/11 21:44:52 PT [2021/03/12 0:44:52 ET]
Table 'Sadalmelik IV' 9-max Seat #1 is the button
Seat 1: volodya7676 ($1.40 in chips) 
Seat 3: MarkAvrelij ($3.28 in chips) 
Seat 4: VMDT. ($2.33 in chips) 
Seat 5: SerginhuBR ($1.28 in chips) 
Seat 6: pavluha13 ($0.97 in chips) 
Seat 7: Ad1ez ($0.20 in chips) 
Seat 8: pszubzda ($1.98 in chips) 
Seat 9: Dorex2007 ($1.69 in chips) 
MarkAvrelij: posts small blind $0.01
VMDT.: posts big blind $0.02
*** HOLE CARDS ***
Dealt to Dorex2007 [Ks 5h]
SerginhuBR: folds 
pavluha13: folds 
Ad1ez: folds 
pszubzda: folds 
Dorex2007: folds 
volodya7676: folds 
MarkAvrelij: raises $0.03 to $0.05
VMDT.: folds 
Uncalled bet ($0.03) returned to MarkAvrelij
MarkAvrelij collected $0.04 from pot
MarkAvrelij: doesn't show hand 
*** SUMMARY ***
Total pot $0.04 | Rake $0 
Seat 1: volodya7676 (button) folded before Flop (didn't bet)
Seat 3: MarkAvrelij (small blind) collected ($0.04)
Seat 4: VMDT. (big blind) folded before Flop
Seat 5: SerginhuBR folded before Flop (didn't bet)
Seat 6: pavluha13 folded before Flop (didn't bet)
Seat 7: Ad1ez folded before Flop (didn't bet)
Seat 8: pszubzda folded before Flop (didn't bet)
Seat 9: Dorex2007 folded before Flop (didn't bet)



PokerStars Hand #224714965842:  Hold'em No Limit ($0.01/$0.02 USD) - 2021/03/11 21:45:19 PT [2021/03/12 0:45:19 ET]
Table 'Sadalmelik IV' 9-max Seat #3 is the button
Seat 1: volodya7676 ($1.40 in chips) 
Seat 3: MarkAvrelij ($3.30 in chips) 
Seat 4: VMDT. ($2.31 in chips) 
Seat 5: SerginhuBR ($1.28 in chips) 
Seat 6: pavluha13 ($0.97 in chips) 
Seat 7: Ad1ez ($0.20 in chips) 
Seat 8: pszubzda ($1.98 in chips) 
Seat 9: Dorex2007 ($1.69 in chips) 
VMDT.: posts small blind $0.01
SerginhuBR: posts big blind $0.02
SrO157: sits out 
*** HOLE CARDS ***
Dealt to Dorex2007 [Qc 8c]
pavluha13: folds 
Ad1ez: folds 
pszubzda: calls $0.02
Dorex2007: folds 
volodya7676: folds 
MarkAvrelij: calls $0.02
VMDT.: folds 
SerginhuBR: checks 
*** FLOP *** [5d Kc Jd]
SerginhuBR: bets $0.07
pszubzda: folds 
MarkAvrelij: folds 
Uncalled bet ($0.07) returned to SerginhuBR
SerginhuBR collected $0.07 from pot
SerginhuBR: doesn't show hand 
*** SUMMARY ***
Total pot $0.07 | Rake $0 
Board [5d Kc Jd]
Seat 1: volodya7676 folded before Flop (didn't bet)
Seat 3: MarkAvrelij (button) folded on the Flop
Seat 4: VMDT. (small blind) folded before Flop
Seat 5: SerginhuBR (big blind) collected ($0.07)
Seat 6: pavluha13 folded before Flop (didn't bet)
Seat 7: Ad1ez folded before Flop (didn't bet)
Seat 8: pszubzda folded on the Flop
Seat 9: Dorex2007 folded before Flop (didn't bet)



PokerStars Hand #224714971245:  Hold'em No Limit ($0.01/$0.02 USD) - 2021/03/11 21:45:45 PT [2021/03/12 0:45:45 ET]
Table 'Sadalmelik IV' 9-max Seat #4 is the button
Seat 1: volodya7676 ($1.40 in chips) 
Seat 3: MarkAvrelij ($3.28 in chips) 
Seat 4: VMDT. ($2.30 in chips) 
Seat 5: SerginhuBR ($1.33 in chips) 
Seat 6: pavluha13 ($0.97 in chips) 
Seat 7: Ad1ez ($0.20 in chips) 
Seat 8: pszubzda ($1.96 in chips) 
Seat 9: Dorex2007 ($1.69 in chips) 
SerginhuBR: posts small blind $0.01
pavluha13: posts big blind $0.02
SrO157: sits out 
*** HOLE CARDS ***
Dealt to Dorex2007 [7s 2d]
Ad1ez: folds 
pszubzda: folds 
Dorex2007: folds 
volodya7676: raises $0.04 to $0.06
MarkAvrelij: folds 
VMDT.: folds 
SerginhuBR: folds 
pavluha13: folds 
Uncalled bet ($0.04) returned to volodya7676
volodya7676 collected $0.05 from pot
volodya7676: doesn't show hand 
*** SUMMARY ***
Total pot $0.05 | Rake $0 
Seat 1: volodya7676 collected ($0.05)
Seat 3: MarkAvrelij folded before Flop (didn't bet)
Seat 4: VMDT. (button) folded before Flop (didn't bet)
Seat 5: SerginhuBR (small blind) folded before Flop
Seat 6: pavluha13 (big blind) folded before Flop
Seat 7: Ad1ez folded before Flop (didn't bet)
Seat 8: pszubzda folded before Flop (didn't bet)
Seat 9: Dorex2007 folded before Flop (didn't bet)



PokerStars Hand #224714975623:  Hold'em No Limit ($0.01/$0.02 USD) - 2021/03/11 21:46:06 PT [2021/03/12 0:46:06 ET]
Table 'Sadalmelik IV' 9-max Seat #5 is the button
Seat 1: volodya7676 ($1.43 in chips) 
Seat 3: MarkAvrelij ($3.28 in chips) 
Seat 4: VMDT. ($2.30 in chips) 
Seat 5: SerginhuBR ($1.32 in chips) 
Seat 6: pavluha13 ($0.95 in chips) 
Seat 7: Ad1ez ($0.20 in chips) 
Seat 8: pszubzda ($1.96 in chips) 
Seat 9: Dorex2007 ($2 in chips) 
pavluha13: posts small blind $0.01
Ad1ez: posts big blind $0.02
SrO157: sits out 
*** HOLE CARDS ***
Dealt to Dorex2007 [5s Qd]
pszubzda: calls $0.02
Dorex2007: folds 
volodya7676: folds 
MarkAvrelij: raises $0.05 to $0.07
VMDT.: folds 
SerginhuBR: folds 
pavluha13: calls $0.06
Ad1ez: folds 
pszubzda: calls $0.05
*** FLOP *** [Jc Qc 6h]
pavluha13: checks 
pszubzda: checks 
MarkAvrelij: bets $0.06
pavluha13: folds 
pszubzda: raises $0.12 to $0.18
MarkAvrelij: folds 
Uncalled bet ($0.12) returned to pszubzda
pszubzda collected $0.34 from pot
pszubzda: doesn't show hand 
*** SUMMARY ***
Total pot $0.35 | Rake $0.01 
Board [Jc Qc 6h]
Seat 1: volodya7676 folded before Flop (didn't bet)
Seat 3: MarkAvrelij folded on the Flop
Seat 4: VMDT. folded before Flop (didn't bet)
Seat 5: SerginhuBR (button) folded before Flop (didn't bet)
Seat 6: pavluha13 (small blind) folded on the Flop
Seat 7: Ad1ez (big blind) folded before Flop
Seat 8: pszubzda collected ($0.34)
Seat 9: Dorex2007 folded before Flop (didn't bet)



PokerStars Hand #224714986384:  Hold'em No Limit ($0.01/$0.02 USD) - 2021/03/11 21:46:58 PT [2021/03/12 0:46:58 ET]
Table 'Sadalmelik IV' 9-max Seat #6 is the button
Seat 1: volodya7676 ($1.43 in chips) 
Seat 3: MarkAvrelij ($3.15 in chips) 
Seat 4: VMDT. ($2.30 in chips) 
Seat 5: SerginhuBR ($1.32 in chips) 
Seat 6: pavluha13 ($0.88 in chips) 
Seat 7: Ad1ez ($0.18 in chips) 
Seat 8: pszubzda ($2.17 in chips) 
Seat 9: Dorex2007 ($2 in chips) 
Ad1ez: posts small blind $0.01
pszubzda: posts big blind $0.02
SrO157: sits out 
*** HOLE CARDS ***
Dealt to Dorex2007 [7s Ac]
Dorex2007: folds 
SrO157 leaves the table
volodya7676: folds 
MarkAvrelij: folds 
VMDT.: folds 
SerginhuBR: folds 
airdestiny joins the table at seat #2 
pavluha13: raises $0.02 to $0.04
Ad1ez: folds 
pszubzda: folds 
Uncalled bet ($0.02) returned to pavluha13
pavluha13 collected $0.05 from pot
*** SUMMARY ***
Total pot $0.05 | Rake $0 
Seat 1: volodya7676 folded before Flop (didn't bet)
Seat 3: MarkAvrelij folded before Flop (didn't bet)
Seat 4: VMDT. folded before Flop (didn't bet)
Seat 5: SerginhuBR folded before Flop (didn't bet)
Seat 6: pavluha13 (button) collected ($0.05)
Seat 7: Ad1ez (small blind) folded before Flop
Seat 8: pszubzda (big blind) folded before Flop
Seat 9: Dorex2007 folded before Flop (didn't bet)



PokerStars Hand #224714993045:  Hold'em No Limit ($0.01/$0.02 USD) - 2021/03/11 21:47:31 PT [2021/03/12 0:47:31 ET]
Table 'Sadalmelik IV' 9-max Seat #7 is the button
Seat 1: volodya7676 ($1.43 in chips) 
Seat 3: MarkAvrelij ($3.15 in chips) 
Seat 4: VMDT. ($2.30 in chips) 
Seat 5: SerginhuBR ($1.32 in chips) 
Seat 6: pavluha13 ($0.91 in chips) 
Seat 7: Ad1ez ($0.17 in chips) 
Seat 8: pszubzda ($2.15 in chips) 
Seat 9: Dorex2007 ($2 in chips) 
pszubzda: posts small blind $0.01
Dorex2007: posts big blind $0.02
airdestiny: sits out 
*** HOLE CARDS ***
Dealt to Dorex2007 [Qs Kh]
volodya7676: folds 
MarkAvrelij: folds 
VMDT.: folds 
SerginhuBR: folds 
pavluha13: raises $0.02 to $0.04
Ad1ez: folds 
pszubzda: folds 
Dorex2007: raises $0.08 to $0.12
pavluha13: folds 
Uncalled bet ($0.08) returned to Dorex2007
Dorex2007 collected $0.09 from pot
Dorex2007: doesn't show hand 
*** SUMMARY ***
Total pot $0.09 | Rake $0 
Seat 1: volodya7676 folded before Flop (didn't bet)
Seat 3: MarkAvrelij folded before Flop (didn't bet)
Seat 4: VMDT. folded before Flop (didn't bet)
Seat 5: SerginhuBR folded before Flop (didn't bet)
Seat 6: pavluha13 folded before Flop
Seat 7: Ad1ez (button) folded before Flop (didn't bet)
Seat 8: pszubzda (small blind) folded before Flop
Seat 9: Dorex2007 (big blind) collected ($0.09)



PokerStars Hand #224714998457:  Hold'em No Limit ($0.01/$0.02 USD) - 2021/03/11 21:47:58 PT [2021/03/12 0:47:58 ET]
Table 'Sadalmelik IV' 9-max Seat #8 is the button
Seat 1: volodya7676 ($1.43 in chips) 
Seat 3: MarkAvrelij ($3.15 in chips) 
Seat 4: VMDT. ($2.30 in chips) 
Seat 5: SerginhuBR ($1.32 in chips) 
Seat 6: pavluha13 ($0.87 in chips) 
Seat 7: Ad1ez ($0.17 in chips) 
Seat 8: pszubzda ($2.14 in chips) 
Seat 9: Dorex2007 ($2.05 in chips) 
Dorex2007: posts small blind $0.01
volodya7676: posts big blind $0.02
airdestiny: sits out 
*** HOLE CARDS ***
Dealt to Dorex2007 [8h Ts]
MarkAvrelij: folds 
VMDT.: folds 
SerginhuBR: folds 
pavluha13: folds 
Ad1ez: calls $0.02
pszubzda: folds 
Dorex2007: calls $0.01
volodya7676: checks 
*** FLOP *** [7c 2h 4h]
Dorex2007: checks 
volodya7676: bets $0.05
Ad1ez: raises $0.05 to $0.10
Dorex2007: folds 
volodya7676: raises $0.11 to $0.21
Ad1ez: calls $0.05 and is all-in
Uncalled bet ($0.06) returned to volodya7676
*** TURN *** [7c 2h 4h] [Kh]
*** RIVER *** [7c 2h 4h Kh] [3c]
*** SHOW DOWN ***
volodya7676: shows [2d 7h] (two pair, Sevens and Deuces)
Ad1ez: shows [7s Js] (a pair of Sevens)
volodya7676 collected $0.35 from pot
*** SUMMARY ***
Total pot $0.36 | Rake $0.01 
Board [7c 2h 4h Kh 3c]
Seat 1: volodya7676 (big blind) showed [2d 7h] and won ($0.35) with two pair, Sevens and Deuces
Seat 3: MarkAvrelij folded before Flop (didn't bet)
Seat 4: VMDT. folded before Flop (didn't bet)
Seat 5: SerginhuBR folded before Flop (didn't bet)
Seat 6: pavluha13 folded before Flop (didn't bet)
Seat 7: Ad1ez showed [7s Js] and lost with a pair of Sevens
Seat 8: pszubzda (button) folded before Flop (didn't bet)
Seat 9: Dorex2007 (small blind) folded on the Flop



PokerStars Hand #224715010719:  Hold'em No Limit ($0.01/$0.02 USD) - 2021/03/11 21:48:58 PT [2021/03/12 0:48:58 ET]
Table 'Sadalmelik IV' 9-max Seat #9 is the button
Seat 1: volodya7676 ($1.61 in chips) 
Seat 2: airdestiny ($2 in chips) 
Seat 3: MarkAvrelij ($3.15 in chips) 
Seat 4: VMDT. ($2.30 in chips) 
Seat 5: SerginhuBR ($1.32 in chips) 
Seat 6: pavluha13 ($0.87 in chips) 
Seat 8: pszubzda ($2.14 in chips) 
Seat 9: Dorex2007 ($2.03 in chips) 
volodya7676: posts small blind $0.01
airdestiny: posts big blind $0.02
*** HOLE CARDS ***
Dealt to Dorex2007 [5d 7c]
MarkAvrelij: folds 
VMDT.: calls $0.02
SerginhuBR: folds 
pavluha13: folds 
pszubzda: folds 
Dorex2007: folds 
volodya7676: folds 
Ad1ez leaves the table
airdestiny: checks 
*** FLOP *** [7s 3c 4h]
airdestiny: checks 
DarkAmber joins the table at seat #7 
VMDT.: bets $0.02
airdestiny: folds 
Uncalled bet ($0.02) returned to VMDT.
VMDT. collected $0.05 from pot
VMDT.: doesn't show hand 
*** SUMMARY ***
Total pot $0.05 | Rake $0 
Board [7s 3c 4h]
Seat 1: volodya7676 (small blind) folded before Flop
Seat 2: airdestiny (big blind) folded on the Flop
Seat 3: MarkAvrelij folded before Flop (didn't bet)
Seat 4: VMDT. collected ($0.05)
Seat 5: SerginhuBR folded before Flop (didn't bet)
Seat 6: pavluha13 folded before Flop (didn't bet)
Seat 8: pszubzda folded before Flop (didn't bet)
Seat 9: Dorex2007 (button) folded before Flop (didn't bet)



PokerStars Hand #224715018867:  Hold'em No Limit ($0.01/$0.02 USD) - 2021/03/11 21:49:38 PT [2021/03/12 0:49:38 ET]
Table 'Sadalmelik IV' 9-max Seat #1 is the button
Seat 1: volodya7676 ($1.60 in chips) 
Seat 2: airdestiny ($2 in chips) 
Seat 3: MarkAvrelij ($3.15 in chips) 
Seat 4: VMDT. ($2.33 in chips) 
Seat 5: SerginhuBR ($1.32 in chips) 
Seat 6: pavluha13 ($0.87 in chips) 
Seat 8: pszubzda ($2.14 in chips) 
Seat 9: Dorex2007 ($2.03 in chips) 
airdestiny: posts small blind $0.01
MarkAvrelij: posts big blind $0.02
DarkAmber: sits out 
*** HOLE CARDS ***
Dealt to Dorex2007 [6c 3s]
VMDT.: calls $0.02
SerginhuBR has timed out
SerginhuBR: folds 
pavluha13: folds 
pszubzda: calls $0.02
Dorex2007: folds 
volodya7676: folds 
airdestiny: folds 
MarkAvrelij: raises $0.07 to $0.09
VMDT.: folds 
pszubzda: calls $0.07
*** FLOP *** [Td Ad 9c]
MarkAvrelij: bets $0.08
pszubzda: calls $0.08
*** TURN *** [Td Ad 9c] [9d]
MarkAvrelij: checks 
pszubzda: checks 
*** RIVER *** [Td Ad 9c 9d] [Ts]
MarkAvrelij: bets $0.40
pszubzda: calls $0.40
*** SHOW DOWN ***
MarkAvrelij: shows [Th Jh] (a full house, Tens full of Nines)
pszubzda: mucks hand 
MarkAvrelij collected $1.13 from pot
*** SUMMARY ***
Total pot $1.17 | Rake $0.04 
Board [Td Ad 9c 9d Ts]
Seat 1: volodya7676 (button) folded before Flop (didn't bet)
Seat 2: airdestiny (small blind) folded before Flop
Seat 3: MarkAvrelij (big blind) showed [Th Jh] and won ($1.13) with a full house, Tens full of Nines
Seat 4: VMDT. folded before Flop
Seat 5: SerginhuBR folded before Flop (didn't bet)
Seat 6: pavluha13 folded before Flop (didn't bet)
Seat 8: pszubzda mucked [2d Kd]
Seat 9: Dorex2007 folded before Flop (didn't bet)



PokerStars Hand #224715104911:  Hold'em No Limit ($0.01/$0.02 USD) - 2021/03/11 21:56:18 PT [2021/03/12 0:56:18 ET]
Table 'Sadalmelik IV' 9-max Seat #4 is the button
Seat 1: volodya7676 ($1.57 in chips) 
Seat 2: airdestiny ($2 in chips) 
Seat 3: MarkAvrelij ($3.74 in chips) 
Seat 4: VMDT. ($2.24 in chips) 
Seat 5: SerginhuBR ($1.34 in chips) 
Seat 6: pavluha13 ($0.87 in chips) 
Seat 7: DarkAmber ($1.93 in chips) 
Seat 8: pszubzda ($1.75 in chips) 
Seat 9: Dorex2007 ($2.03 in chips) 
SerginhuBR: posts small blind $0.01
pavluha13: posts big blind $0.02
Dorex2007: posts small & big blinds $0.03
*** HOLE CARDS ***
Dealt to Dorex2007 [9s As]
DarkAmber: raises $0.08 to $0.10
pszubzda: folds 
Dorex2007: folds 
volodya7676: folds 
airdestiny: folds 
MarkAvrelij: folds 
VMDT.: folds 
SerginhuBR: folds 
pavluha13: folds 
Uncalled bet ($0.08) returned to DarkAmber
DarkAmber collected $0.08 from pot
DarkAmber: doesn't show hand 
*** SUMMARY ***
Total pot $0.08 | Rake $0 
Seat 1: volodya7676 folded before Flop (didn't bet)
Seat 2: airdestiny folded before Flop (didn't bet)
Seat 3: MarkAvrelij folded before Flop (didn't bet)
Seat 4: VMDT. (button) folded before Flop (didn't bet)
Seat 5: SerginhuBR (small blind) folded before Flop
Seat 6: pavluha13 (big blind) folded before Flop
Seat 7: DarkAmber collected ($0.08)
Seat 8: pszubzda folded before Flop (didn't bet)
Seat 9: Dorex2007 folded before Flop (didn't bet)



PokerStars Hand #224715110743:  Hold'em No Limit ($0.01/$0.02 USD) - 2021/03/11 21:56:51 PT [2021/03/12 0:56:51 ET]
Table 'Sadalmelik IV' 9-max Seat #5 is the button
Seat 1: volodya7676 ($1.57 in chips) 
Seat 2: airdestiny ($2 in chips) 
Seat 3: MarkAvrelij ($3.74 in chips) 
Seat 4: VMDT. ($2.24 in chips) 
Seat 5: SerginhuBR ($1.33 in chips) 
Seat 6: pavluha13 ($0.85 in chips) 
Seat 7: DarkAmber ($1.99 in chips) 
Seat 8: pszubzda ($1.75 in chips) 
Seat 9: Dorex2007 ($2 in chips) 
pavluha13: posts small blind $0.01
DarkAmber: posts big blind $0.02
*** HOLE CARDS ***
Dealt to Dorex2007 [As 4s]
pszubzda: calls $0.02
Dorex2007: folds 
volodya7676: folds 
airdestiny: folds 
airdestiny leaves the table
MarkAvrelij: folds 
VMDT.: folds 
SerginhuBR: folds 
pavluha13: folds 
DarkAmber: checks 
*** FLOP *** [8h 5c 8d]
DarkAmber: checks 
pszubzda: bets $0.05
DarkAmber: folds 
Uncalled bet ($0.05) returned to pszubzda
pszubzda collected $0.05 from pot
pszubzda: doesn't show hand 
*** SUMMARY ***
Total pot $0.05 | Rake $0 
Board [8h 5c 8d]
Seat 1: volodya7676 folded before Flop (didn't bet)
Seat 2: airdestiny folded before Flop (didn't bet)
Seat 3: MarkAvrelij folded before Flop (didn't bet)
Seat 4: VMDT. folded before Flop (didn't bet)
Seat 5: SerginhuBR (button) folded before Flop (didn't bet)
Seat 6: pavluha13 (small blind) folded before Flop
Seat 7: DarkAmber (big blind) folded on the Flop
Seat 8: pszubzda collected ($0.05)
Seat 9: Dorex2007 folded before Flop (didn't bet)



PokerStars Hand #224715118714:  Hold'em No Limit ($0.01/$0.02 USD) - 2021/03/11 21:57:38 PT [2021/03/12 0:57:38 ET]
Table 'Sadalmelik IV' 9-max Seat #6 is the button
Seat 1: volodya7676 ($1.57 in chips) 
Seat 3: MarkAvrelij ($3.74 in chips) 
Seat 4: VMDT. ($2.24 in chips) 
Seat 5: SerginhuBR ($1.33 in chips) 
Seat 6: pavluha13 ($0.84 in chips) 
Seat 7: DarkAmber ($1.97 in chips) 
Seat 8: pszubzda ($1.78 in chips) 
Seat 9: Dorex2007 ($2 in chips) 
DarkAmber: posts small blind $0.01
pszubzda: posts big blind $0.02
*** HOLE CARDS ***
Dealt to Dorex2007 [6d Qs]
Dorex2007: folds 
volodya7676: calls $0.02
MarkAvrelij: folds 
VMDT.: folds 
SerginhuBR: folds 
pavluha13: raises $0.02 to $0.04
DarkAmber: folds 
pszubzda: folds 
volodya7676: calls $0.02
*** FLOP *** [Qh Th 3s]
volodya7676: checks 
pavluha13: checks 
*** TURN *** [Qh Th 3s] [Qc]
volodya7676: checks 
margolin777 joins the table at seat #2 
pavluha13: checks 
*** RIVER *** [Qh Th 3s Qc] [8d]
volodya7676: checks 
pavluha13: checks 
*** SHOW DOWN ***
volodya7676: shows [2c 2d] (two pair, Queens and Deuces)
pavluha13: mucks hand 
volodya7676 collected $0.11 from pot
*** SUMMARY ***
Total pot $0.11 | Rake $0 
Board [Qh Th 3s Qc 8d]
Seat 1: volodya7676 showed [2c 2d] and won ($0.11) with two pair, Queens and Deuces
Seat 3: MarkAvrelij folded before Flop (didn't bet)
Seat 4: VMDT. folded before Flop (didn't bet)
Seat 5: SerginhuBR folded before Flop (didn't bet)
Seat 6: pavluha13 (button) mucked [9c Ah]
Seat 7: DarkAmber (small blind) folded before Flop
Seat 8: pszubzda (big blind) folded before Flop
Seat 9: Dorex2007 folded before Flop (didn't bet)



PokerStars Hand #224715127957:  Hold'em No Limit ($0.01/$0.02 USD) - 2021/03/11 21:58:33 PT [2021/03/12 0:58:33 ET]
Table 'Sadalmelik IV' 9-max Seat #7 is the button
Seat 1: volodya7676 ($1.64 in chips) 
Seat 2: margolin777 ($1.17 in chips) 
Seat 3: MarkAvrelij ($3.74 in chips) 
Seat 4: VMDT. ($2.24 in chips) 
Seat 5: SerginhuBR ($1.33 in chips) 
Seat 6: pavluha13 ($0.80 in chips) 
Seat 7: DarkAmber ($1.96 in chips) 
Seat 8: pszubzda ($1.76 in chips) 
Seat 9: Dorex2007 ($2 in chips) 
pszubzda: posts small blind $0.01
Dorex2007: posts big blind $0.02
margolin777: posts big blind $0.02
*** HOLE CARDS ***
Dealt to Dorex2007 [2h 3h]
volodya7676: folds 
margolin777: checks 
MarkAvrelij: folds 
VMDT.: folds 
SerginhuBR has timed out
SerginhuBR: folds 
pavluha13: folds 
DarkAmber: folds 
pszubzda: calls $0.01
Dorex2007: checks 
*** FLOP *** [Jh 6s As]
pszubzda: checks 
Dorex2007: checks 
margolin777: checks 
*** TURN *** [Jh 6s As] [5s]
pszubzda: checks 
Dorex2007: checks 
margolin777: checks 
*** RIVER *** [Jh 6s As 5s] [7s]
pszubzda: bets $0.06
Dorex2007: folds 
margolin777: folds 
Uncalled bet ($0.06) returned to pszubzda
pszubzda collected $0.06 from pot
pszubzda: doesn't show hand 
*** SUMMARY ***
Total pot $0.06 | Rake $0 
Board [Jh 6s As 5s 7s]
Seat 1: volodya7676 folded before Flop (didn't bet)
Seat 2: margolin777 folded on the River (didn't bet)
Seat 3: MarkAvrelij folded before Flop (didn't bet)
Seat 4: VMDT. folded before Flop (didn't bet)
Seat 5: SerginhuBR folded before Flop (didn't bet)
Seat 6: pavluha13 folded before Flop (didn't bet)
Seat 7: DarkAmber (button) folded before Flop (didn't bet)
Seat 8: pszubzda (small blind) collected ($0.06)
Seat 9: Dorex2007 (big blind) folded on the River



PokerStars Hand #224715137672:  Hold'em No Limit ($0.01/$0.02 USD) - 2021/03/11 21:59:30 PT [2021/03/12 0:59:30 ET]
Table 'Sadalmelik IV' 9-max Seat #8 is the button
Seat 1: volodya7676 ($1.64 in chips) 
Seat 2: margolin777 ($1.15 in chips) 
Seat 3: MarkAvrelij ($3.74 in chips) 
Seat 4: VMDT. ($2.24 in chips) 
Seat 6: pavluha13 ($0.80 in chips) 
Seat 7: DarkAmber ($1.96 in chips) 
Seat 8: pszubzda ($1.80 in chips) 
Seat 9: Dorex2007 ($1.98 in chips) 
Dorex2007: posts small blind $0.01
volodya7676: posts big blind $0.02
*** HOLE CARDS ***
Dealt to Dorex2007 [5d 9s]
margolin777: calls $0.02
MarkAvrelij: raises $0.05 to $0.07
VMDT.: folds 
pavluha13: folds 
DarkAmber: folds 
pszubzda: folds 
Dorex2007: folds 
volodya7676: folds 
margolin777: calls $0.05
*** FLOP *** [6d 9h 2d]
margolin777: checks 
MarkAvrelij: bets $0.06
margolin777: folds 
Uncalled bet ($0.06) returned to MarkAvrelij
MarkAvrelij collected $0.16 from pot
MarkAvrelij: doesn't show hand 
*** SUMMARY ***
Total pot $0.17 | Rake $0.01 
Board [6d 9h 2d]
Seat 1: volodya7676 (big blind) folded before Flop
Seat 2: margolin777 folded on the Flop
Seat 3: MarkAvrelij collected ($0.16)
Seat 4: VMDT. folded before Flop (didn't bet)
Seat 6: pavluha13 folded before Flop (didn't bet)
Seat 7: DarkAmber folded before Flop (didn't bet)
Seat 8: pszubzda (button) folded before Flop (didn't bet)
Seat 9: Dorex2007 (small blind) folded before Flop



PokerStars Hand #224715141970:  Hold'em No Limit ($0.01/$0.02 USD) - 2021/03/11 21:59:55 PT [2021/03/12 0:59:55 ET]
Table 'Sadalmelik IV' 9-max Seat #9 is the button
Seat 1: volodya7676 ($1.62 in chips) 
Seat 2: margolin777 ($1.08 in chips) 
Seat 3: MarkAvrelij ($3.83 in chips) 
Seat 4: VMDT. ($2.24 in chips) 
Seat 6: pavluha13 ($0.80 in chips) 
Seat 7: DarkAmber ($1.96 in chips) 
Seat 8: pszubzda ($1.80 in chips) 
Seat 9: Dorex2007 ($1.97 in chips) 
volodya7676: posts small blind $0.01
margolin777: posts big blind $0.02
*** HOLE CARDS ***
Dealt to Dorex2007 [7c 6s]
MarkAvrelij: folds 
VMDT.: folds 
pavluha13: folds 
DarkAmber: folds 
pszubzda: calls $0.02
Dorex2007: folds 
volodya7676: folds 
margolin777: checks 
*** FLOP *** [As 3h 3c]
margolin777: checks 
pszubzda: bets $0.05
margolin777: folds 
Uncalled bet ($0.05) returned to pszubzda
pszubzda collected $0.05 from pot
pszubzda: doesn't show hand 
*** SUMMARY ***
Total pot $0.05 | Rake $0 
Board [As 3h 3c]
Seat 1: volodya7676 (small blind) folded before Flop
Seat 2: margolin777 (big blind) folded on the Flop
Seat 3: MarkAvrelij folded before Flop (didn't bet)
Seat 4: VMDT. folded before Flop (didn't bet)
Seat 6: pavluha13 folded before Flop (didn't bet)
Seat 7: DarkAmber folded before Flop (didn't bet)
Seat 8: pszubzda collected ($0.05)
Seat 9: Dorex2007 (button) folded before Flop (didn't bet)



PokerStars Hand #224715145523:  Hold'em No Limit ($0.01/$0.02 USD) - 2021/03/11 22:00:16 PT [2021/03/12 1:00:16 ET]
Table 'Sadalmelik IV' 9-max Seat #1 is the button
Seat 1: volodya7676 ($1.61 in chips) 
Seat 2: margolin777 ($1.06 in chips) 
Seat 3: MarkAvrelij ($3.83 in chips) 
Seat 4: VMDT. ($2.24 in chips) 
Seat 6: pavluha13 ($0.80 in chips) 
Seat 7: DarkAmber ($1.96 in chips) 
Seat 8: pszubzda ($1.83 in chips) 
Seat 9: Dorex2007 ($1.97 in chips) 
margolin777: posts small blind $0.01
MarkAvrelij: posts big blind $0.02
*** HOLE CARDS ***
Dealt to Dorex2007 [As 3d]
VMDT.: folds 
pavluha13: folds 
DarkAmber: folds 
pszubzda: calls $0.02
Dorex2007: folds 
volodya7676: folds 
margolin777: calls $0.01
MarkAvrelij: checks 
*** FLOP *** [Th Qc 5h]
margolin777: checks 
MarkAvrelij: checks 
pszubzda: checks 
*** TURN *** [Th Qc 5h] [Td]
margolin777: checks 
MarkAvrelij: bets $0.05
pszubzda: calls $0.05
margolin777: folds 
*** RIVER *** [Th Qc 5h Td] [8d]
MarkAvrelij: bets $0.18
pszubzda: folds 
Uncalled bet ($0.18) returned to MarkAvrelij
MarkAvrelij collected $0.15 from pot
MarkAvrelij: doesn't show hand 
*** SUMMARY ***
Total pot $0.16 | Rake $0.01 
Board [Th Qc 5h Td 8d]
Seat 1: volodya7676 (button) folded before Flop (didn't bet)
Seat 2: margolin777 (small blind) folded on the Turn
Seat 3: MarkAvrelij (big blind) collected ($0.15)
Seat 4: VMDT. folded before Flop (didn't bet)
Seat 6: pavluha13 folded before Flop (didn't bet)
Seat 7: DarkAmber folded before Flop (didn't bet)
Seat 8: pszubzda folded on the River
Seat 9: Dorex2007 folded before Flop (didn't bet)



PokerStars Hand #224715154890:  Hold'em No Limit ($0.01/$0.02 USD) - 2021/03/11 22:01:05 PT [2021/03/12 1:01:05 ET]
Table 'Sadalmelik IV' 9-max Seat #2 is the button
Seat 1: volodya7676 ($1.61 in chips) 
Seat 2: margolin777 ($1.04 in chips) 
Seat 3: MarkAvrelij ($3.91 in chips) 
Seat 4: VMDT. ($2.24 in chips) 
Seat 5: SerginhuBR ($1.33 in chips) 
Seat 6: pavluha13 ($0.80 in chips) 
Seat 7: DarkAmber ($1.96 in chips) 
Seat 8: pszubzda ($1.76 in chips) 
Seat 9: Dorex2007 ($1.97 in chips) 
MarkAvrelij: posts small blind $0.01
VMDT.: posts big blind $0.02
*** HOLE CARDS ***
Dealt to Dorex2007 [Qc Ad]
SerginhuBR has timed out
SerginhuBR: folds 
pavluha13: folds 
DarkAmber: folds 
pszubzda: calls $0.02
Dorex2007: raises $0.04 to $0.06
volodya7676: folds 
margolin777: calls $0.06
MarkAvrelij: folds 
VMDT.: folds 
pszubzda: calls $0.04
*** FLOP *** [4s 4d Qd]
pszubzda: checks 
Dorex2007: bets $0.10
margolin777: calls $0.10
pszubzda: folds 
*** TURN *** [4s 4d Qd] [6c]
Dorex2007: checks 
margolin777: bets $0.20
Dorex2007: calls $0.20
*** RIVER *** [4s 4d Qd 6c] [Qs]
Dorex2007: checks 
margolin777: checks 
*** SHOW DOWN ***
Dorex2007: shows [Qc Ad] (a full house, Queens full of Fours)
margolin777: mucks hand 
Dorex2007 collected $0.78 from pot
*** SUMMARY ***
Total pot $0.81 | Rake $0.03 
Board [4s 4d Qd 6c Qs]
Seat 1: volodya7676 folded before Flop (didn't bet)
Seat 2: margolin777 (button) mucked [9d 6d]
Seat 3: MarkAvrelij (small blind) folded before Flop
Seat 4: VMDT. (big blind) folded before Flop
Seat 5: SerginhuBR folded before Flop (didn't bet)
Seat 6: pavluha13 folded before Flop (didn't bet)
Seat 7: DarkAmber folded before Flop (didn't bet)
Seat 8: pszubzda folded on the Flop
Seat 9: Dorex2007 showed [Qc Ad] and won ($0.78) with a full house, Queens full of Fours



PokerStars Hand #224715168031:  Hold'em No Limit ($0.01/$0.02 USD) - 2021/03/11 22:02:13 PT [2021/03/12 1:02:13 ET]
Table 'Sadalmelik IV' 9-max Seat #3 is the button
Seat 1: volodya7676 ($1.61 in chips) 
Seat 2: margolin777 ($0.68 in chips) 
Seat 3: MarkAvrelij ($3.90 in chips) 
Seat 4: VMDT. ($2.22 in chips) 
Seat 5: SerginhuBR ($1.33 in chips) 
Seat 6: pavluha13 ($0.80 in chips) 
Seat 7: DarkAmber ($1.96 in chips) 
Seat 8: pszubzda ($1.70 in chips) 
Seat 9: Dorex2007 ($2.39 in chips) 
VMDT.: posts small blind $0.01
SerginhuBR: posts big blind $0.02
*** HOLE CARDS ***
Dealt to Dorex2007 [Td 9d]
pavluha13: folds 
DarkAmber: folds 
pszubzda: calls $0.02
Dorex2007 has timed out
Dorex2007: folds 
volodya7676: folds 
margolin777: calls $0.02
MarkAvrelij: folds 
VMDT.: folds 
SerginhuBR: checks 
*** FLOP *** [3s Ac Qd]
SerginhuBR: checks 
pszubzda: checks 
margolin777: checks 
*** TURN *** [3s Ac Qd] [Qc]
SerginhuBR: checks 
pszubzda: bets $0.07
margolin777: folds 
SerginhuBR: folds 
Uncalled bet ($0.07) returned to pszubzda
pszubzda collected $0.07 from pot
pszubzda: doesn't show hand 
*** SUMMARY ***
Total pot $0.07 | Rake $0 
Board [3s Ac Qd Qc]
Seat 1: volodya7676 folded before Flop (didn't bet)
Seat 2: margolin777 folded on the Turn
Seat 3: MarkAvrelij (button) folded before Flop (didn't bet)
Seat 4: VMDT. (small blind) folded before Flop
Seat 5: SerginhuBR (big blind) folded on the Turn
Seat 6: pavluha13 folded before Flop (didn't bet)
Seat 7: DarkAmber folded before Flop (didn't bet)
Seat 8: pszubzda collected ($0.07)
Seat 9: Dorex2007 folded before Flop (didn't bet)



PokerStars Hand #224715179933:  Hold'em No Limit ($0.01/$0.02 USD) - 2021/03/11 22:03:14 PT [2021/03/12 1:03:14 ET]
Table 'Sadalmelik IV' 9-max Seat #4 is the button
Seat 1: volodya7676 ($1.61 in chips) 
Seat 2: margolin777 ($0.66 in chips) 
Seat 3: MarkAvrelij ($3.90 in chips) 
Seat 4: VMDT. ($2.21 in chips) 
Seat 5: SerginhuBR ($1.31 in chips) 
Seat 6: pavluha13 ($0.80 in chips) 
Seat 7: DarkAmber ($1.96 in chips) 
Seat 8: pszubzda ($1.75 in chips) 
Seat 9: Dorex2007 ($2.39 in chips) 
SerginhuBR: posts small blind $0.01
pavluha13: posts big blind $0.02
*** HOLE CARDS ***
Dealt to Dorex2007 [Ac 4h]
DarkAmber: folds 
pszubzda: calls $0.02
Dorex2007: folds 
volodya7676: folds 
margolin777: calls $0.02
MarkAvrelij: folds 
VMDT.: folds 
SerginhuBR: folds 
pavluha13: checks 
*** FLOP *** [3c 2c 7h]
pavluha13: bets $0.04
pszubzda: folds 
margolin777: folds 
Uncalled bet ($0.04) returned to pavluha13
pavluha13 collected $0.07 from pot
*** SUMMARY ***
Total pot $0.07 | Rake $0 
Board [3c 2c 7h]
Seat 1: volodya7676 folded before Flop (didn't bet)
Seat 2: margolin777 folded on the Flop
Seat 3: MarkAvrelij folded before Flop (didn't bet)
Seat 4: VMDT. (button) folded before Flop (didn't bet)
Seat 5: SerginhuBR (small blind) folded before Flop
Seat 6: pavluha13 (big blind) collected ($0.07)
Seat 7: DarkAmber folded before Flop (didn't bet)
Seat 8: pszubzda folded on the Flop
Seat 9: Dorex2007 folded before Flop (didn't bet)



PokerStars Hand #224715185832:  Hold'em No Limit ($0.01/$0.02 USD) - 2021/03/11 22:03:44 PT [2021/03/12 1:03:44 ET]
Table 'Sadalmelik IV' 9-max Seat #5 is the button
Seat 1: volodya7676 ($1.61 in chips) 
Seat 2: margolin777 ($0.64 in chips) 
Seat 3: MarkAvrelij ($3.90 in chips) 
Seat 4: VMDT. ($2.21 in chips) 
Seat 5: SerginhuBR ($1.30 in chips) 
Seat 6: pavluha13 ($0.85 in chips) 
Seat 7: DarkAmber ($1.96 in chips) 
Seat 8: pszubzda ($1.73 in chips) 
Seat 9: Dorex2007 ($2.39 in chips) 
pavluha13: posts small blind $0.01
DarkAmber: posts big blind $0.02
*** HOLE CARDS ***
Dealt to Dorex2007 [2d Jc]
pszubzda: folds 
Dorex2007: folds 
volodya7676: folds 
margolin777: calls $0.02
MarkAvrelij: folds 
VMDT.: folds 
SerginhuBR: folds 
pavluha13: folds 
DarkAmber: checks 
*** FLOP *** [Qs Kh Qc]
DarkAmber: checks 
margolin777: bets $0.02
DarkAmber: folds 
Uncalled bet ($0.02) returned to margolin777
margolin777 collected $0.05 from pot
margolin777: doesn't show hand 
*** SUMMARY ***
Total pot $0.05 | Rake $0 
Board [Qs Kh Qc]
Seat 1: volodya7676 folded before Flop (didn't bet)
Seat 2: margolin777 collected ($0.05)
Seat 3: MarkAvrelij folded before Flop (didn't bet)
Seat 4: VMDT. folded before Flop (didn't bet)
Seat 5: SerginhuBR (button) folded before Flop (didn't bet)
Seat 6: pavluha13 (small blind) folded before Flop
Seat 7: DarkAmber (big blind) folded on the Flop
Seat 8: pszubzda folded before Flop (didn't bet)
Seat 9: Dorex2007 folded before Flop (didn't bet)



PokerStars Hand #224715191077:  Hold'em No Limit ($0.01/$0.02 USD) - 2021/03/11 22:04:10 PT [2021/03/12 1:04:10 ET]
Table 'Sadalmelik IV' 9-max Seat #6 is the button
Seat 1: volodya7676 ($1.61 in chips) 
Seat 2: margolin777 ($0.67 in chips) 
Seat 3: MarkAvrelij ($3.90 in chips) 
Seat 4: VMDT. ($2.21 in chips) 
Seat 5: SerginhuBR ($1.30 in chips) 
Seat 6: pavluha13 ($0.84 in chips) 
Seat 7: DarkAmber ($1.94 in chips) 
Seat 8: pszubzda ($1.73 in chips) 
Seat 9: Dorex2007 ($2.39 in chips) 
DarkAmber: posts small blind $0.01
pszubzda: posts big blind $0.02
*** HOLE CARDS ***
Dealt to Dorex2007 [Qs Qh]
Dorex2007: raises $0.06 to $0.08
volodya7676: raises $0.19 to $0.27
margolin777: calls $0.27
MarkAvrelij: folds 
VMDT.: folds 
SerginhuBR: folds 
pavluha13: folds 
DarkAmber: folds 
pszubzda: folds 
Dorex2007: raises $2.12 to $2.39 and is all-in
volodya7676: calls $1.34 and is all-in
margolin777: calls $0.40 and is all-in
Uncalled bet ($0.78) returned to Dorex2007
*** FLOP *** [9h 5c 3s]
*** TURN *** [9h 5c 3s] [Jh]
*** RIVER *** [9h 5c 3s Jh] [Th]
*** SHOW DOWN ***
Dorex2007: shows [Qs Qh] (a pair of Queens)
volodya7676: shows [Qc Qd] (a pair of Queens)
Dorex2007 collected $0.91 from side pot
volodya7676 collected $0.90 from side pot
margolin777: shows [Ac Jc] (a pair of Jacks)
Dorex2007 collected $0.99 from main pot
volodya7676 collected $0.98 from main pot
*** SUMMARY ***
Total pot $3.92 Main pot $1.97. Side pot $1.81. | Rake $0.14 
Board [9h 5c 3s Jh Th]
Seat 1: volodya7676 showed [Qc Qd] and won ($1.88) with a pair of Queens
Seat 2: margolin777 showed [Ac Jc] and lost with a pair of Jacks
Seat 3: MarkAvrelij folded before Flop (didn't bet)
Seat 4: VMDT. folded before Flop (didn't bet)
Seat 5: SerginhuBR folded before Flop (didn't bet)
Seat 6: pavluha13 (button) folded before Flop (didn't bet)
Seat 7: DarkAmber (small blind) folded before Flop
Seat 8: pszubzda (big blind) folded before Flop
Seat 9: Dorex2007 showed [Qs Qh] and won ($1.90) with a pair of Queens



PokerStars Hand #224715201872:  Hold'em No Limit ($0.01/$0.02 USD) - 2021/03/11 22:05:05 PT [2021/03/12 1:05:05 ET]
Table 'Sadalmelik IV' 9-max Seat #7 is the button
Seat 1: volodya7676 ($1.88 in chips) 
Seat 3: MarkAvrelij ($3.90 in chips) 
Seat 4: VMDT. ($2.21 in chips) 
Seat 5: SerginhuBR ($1.30 in chips) 
Seat 6: pavluha13 ($0.84 in chips) 
Seat 7: DarkAmber ($1.93 in chips) 
Seat 8: pszubzda ($1.71 in chips) 
Seat 9: Dorex2007 ($2.68 in chips) 
pszubzda: posts small blind $0.01
Dorex2007: posts big blind $0.02
*** HOLE CARDS ***
Dealt to Dorex2007 [8d Kd]
volodya7676: folds 
MarkAvrelij: raises $0.04 to $0.06
VMDT.: folds 
SerginhuBR: calls $0.06
margolin777 is disconnected 
pavluha13: folds 
DarkAmber: folds 
pszubzda: folds 
Dorex2007: calls $0.04
*** FLOP *** [2d 4h 6c]
Dorex2007: checks 
MarkAvrelij: bets $0.07
SerginhuBR: raises $0.17 to $0.24
Dorex2007: folds 
MarkAvrelij: calls $0.17
*** TURN *** [2d 4h 6c] [8c]
MarkAvrelij: checks 
SerginhuBR: bets $0.80
MarkAvrelij: raises $0.80 to $1.60
SerginhuBR: calls $0.20 and is all-in
Uncalled bet ($0.60) returned to MarkAvrelij
*** RIVER *** [2d 4h 6c 8c] [7s]
*** SHOW DOWN ***
MarkAvrelij: shows [Qh Qs] (a pair of Queens)
SerginhuBR: shows [4d 4s] (three of a kind, Fours)
SerginhuBR cashed out the hand for $2.44 | Cash Out Fee $0.02
*** SUMMARY ***
Total pot $2.67 | Rake $0.09 
Board [2d 4h 6c 8c 7s]
Seat 1: volodya7676 folded before Flop (didn't bet)
Seat 3: MarkAvrelij showed [Qh Qs] and lost with a pair of Queens
Seat 4: VMDT. folded before Flop (didn't bet)
Seat 5: SerginhuBR showed [4d 4s] and won ($2.58) with three of a kind, Fours (pot not awarded as player cashed out)
Seat 6: pavluha13 folded before Flop (didn't bet)
Seat 7: DarkAmber (button) folded before Flop (didn't bet)
Seat 8: pszubzda (small blind) folded before Flop
Seat 9: Dorex2007 (big blind) folded on the Flop



PokerStars Hand #224715214389:  Hold'em No Limit ($0.01/$0.02 USD) - 2021/03/11 22:06:08 PT [2021/03/12 1:06:08 ET]
Table 'Sadalmelik IV' 9-max Seat #8 is the button
Seat 3: MarkAvrelij ($2.60 in chips) 
Seat 4: VMDT. ($2.21 in chips) 
Seat 5: SerginhuBR ($2.44 in chips) 
Seat 6: pavluha13 ($0.84 in chips) 
Seat 7: DarkAmber ($1.93 in chips) 
Seat 8: pszubzda ($1.70 in chips) 
Seat 9: Dorex2007 ($2.62 in chips) 
Dorex2007: posts small blind $0.01
volodya7676: is sitting out 
MarkAvrelij: posts big blind $0.02
*** HOLE CARDS ***
Dealt to Dorex2007 [5d 8d]
VMDT.: folds 
SerginhuBR: folds 
pavluha13: raises $0.06 to $0.08
DarkAmber: raises $0.19 to $0.27
pszubzda: folds 
Dorex2007: folds 
MarkAvrelij: folds 
pavluha13: raises $0.23 to $0.50
DarkAmber: raises $0.23 to $0.73
pavluha13: raises $0.11 to $0.84 and is all-in
DarkAmber: calls $0.11
*** FLOP *** [Ad 9s 2c]
*** TURN *** [Ad 9s 2c] [Qh]
*** RIVER *** [Ad 9s 2c Qh] [3s]
*** SHOW DOWN ***
pavluha13: shows [As Ac] (three of a kind, Aces)
DarkAmber: shows [Kd Ks] (a pair of Kings)
pavluha13 collected $1.65 from pot
*** SUMMARY ***
Total pot $1.71 | Rake $0.06 
Board [Ad 9s 2c Qh 3s]
Seat 3: MarkAvrelij (big blind) folded before Flop
Seat 4: VMDT. folded before Flop (didn't bet)
Seat 5: SerginhuBR folded before Flop (didn't bet)
Seat 6: pavluha13 showed [As Ac] and won ($1.65) with three of a kind, Aces
Seat 7: DarkAmber showed [Kd Ks] and lost with a pair of Kings
Seat 8: pszubzda (button) folded before Flop (didn't bet)
Seat 9: Dorex2007 (small blind) folded before Flop



PokerStars Hand #224715221997:  Hold'em No Limit ($0.01/$0.02 USD) - 2021/03/11 22:06:47 PT [2021/03/12 1:06:47 ET]
Table 'Sadalmelik IV' 9-max Seat #9 is the button
Seat 3: MarkAvrelij ($2.58 in chips) 
Seat 4: VMDT. ($2.21 in chips) 
Seat 5: SerginhuBR ($2.44 in chips) 
Seat 6: pavluha13 ($1.65 in chips) 
Seat 7: DarkAmber ($1.09 in chips) 
Seat 8: pszubzda ($1.70 in chips) 
Seat 9: Dorex2007 ($2.61 in chips) 
MarkAvrelij: posts small blind $0.01
VMDT.: posts big blind $0.02
*** HOLE CARDS ***
Dealt to Dorex2007 [Kd 3h]
SerginhuBR: folds 
pavluha13: folds 
DarkAmber: folds 
pszubzda: folds 
Dorex2007: folds 
MarkAvrelij: raises $0.03 to $0.05
VMDT.: folds 
Uncalled bet ($0.03) returned to MarkAvrelij
MarkAvrelij collected $0.04 from pot
MarkAvrelij: doesn't show hand 
*** SUMMARY ***
Total pot $0.04 | Rake $0 
Seat 3: MarkAvrelij (small blind) collected ($0.04)
Seat 4: VMDT. (big blind) folded before Flop
Seat 5: SerginhuBR folded before Flop (didn't bet)
Seat 6: pavluha13 folded before Flop (didn't bet)
Seat 7: DarkAmber folded before Flop (didn't bet)
Seat 8: pszubzda folded before Flop (didn't bet)
Seat 9: Dorex2007 (button) folded before Flop (didn't bet)



PokerStars Hand #224715224204:  Hold'em No Limit ($0.01/$0.02 USD) - 2021/03/11 22:06:58 PT [2021/03/12 1:06:58 ET]
Table 'Sadalmelik IV' 9-max Seat #3 is the button
Seat 3: MarkAvrelij ($2.60 in chips) 
Seat 4: VMDT. ($2.19 in chips) 
Seat 5: SerginhuBR ($2.44 in chips) 
Seat 6: pavluha13 ($1.65 in chips) 
Seat 7: DarkAmber ($1.89 in chips) 
Seat 8: pszubzda ($1.70 in chips) 
Seat 9: Dorex2007 ($2.61 in chips) 
VMDT.: posts small blind $0.01
SerginhuBR: posts big blind $0.02
volodya7676: sits out 
*** HOLE CARDS ***
Dealt to Dorex2007 [3c 5s]
pavluha13: folds 
DarkAmber: folds 
pszubzda: folds 
Dorex2007: folds 
MarkAvrelij: folds 
VMDT.: calls $0.01
SerginhuBR: checks 
*** FLOP *** [Td 2h Tc]
volodya7676 leaves the table
VMDT.: bets $0.02
SerginhuBR: folds 
Uncalled bet ($0.02) returned to VMDT.
VMDT. collected $0.04 from pot
VMDT.: doesn't show hand 
*** SUMMARY ***
Total pot $0.04 | Rake $0 
Board [Td 2h Tc]
Seat 3: MarkAvrelij (button) folded before Flop (didn't bet)
Seat 4: VMDT. (small blind) collected ($0.04)
Seat 5: SerginhuBR (big blind) folded on the Flop
Seat 6: pavluha13 folded before Flop (didn't bet)
Seat 7: DarkAmber folded before Flop (didn't bet)
Seat 8: pszubzda folded before Flop (didn't bet)
Seat 9: Dorex2007 folded before Flop (didn't bet)



PokerStars Hand #224715231479:  Hold'em No Limit ($0.01/$0.02 USD) - 2021/03/11 22:07:16 PT [2021/03/12 1:07:16 ET]
Table 'Sadalmelik IV' 9-max Seat #4 is the button
Seat 3: MarkAvrelij ($2.60 in chips) 
Seat 4: VMDT. ($2.21 in chips) 
Seat 5: SerginhuBR ($2.42 in chips) 
Seat 6: pavluha13 ($1.65 in chips) 
Seat 7: DarkAmber ($1.89 in chips) 
Seat 8: pszubzda ($1.70 in chips) 
Seat 9: Dorex2007 ($2.61 in chips) 
SerginhuBR: posts small blind $0.01
pavluha13: posts big blind $0.02
*** HOLE CARDS ***
Dealt to Dorex2007 [Ac 9c]
DarkAmber: folds 
pszubzda: raises $0.04 to $0.06
Dorex2007: folds 
MarkAvrelij: folds 
VMDT.: folds 
SerginhuBR: folds 
pavluha13: folds 
Uncalled bet ($0.04) returned to pszubzda
pszubzda collected $0.05 from pot
pszubzda: doesn't show hand 
*** SUMMARY ***
Total pot $0.05 | Rake $0 
Seat 3: MarkAvrelij folded before Flop (didn't bet)
Seat 4: VMDT. (button) folded before Flop (didn't bet)
Seat 5: SerginhuBR (small blind) folded before Flop
Seat 6: pavluha13 (big blind) folded before Flop
Seat 7: DarkAmber folded before Flop (didn't bet)
Seat 8: pszubzda collected ($0.05)
Seat 9: Dorex2007 folded before Flop (didn't bet)



PokerStars Hand #224715236154:  Hold'em No Limit ($0.01/$0.02 USD) - 2021/03/11 22:07:41 PT [2021/03/12 1:07:41 ET]
Table 'Sadalmelik IV' 9-max Seat #5 is the button
Seat 3: MarkAvrelij ($2.60 in chips) 
Seat 4: VMDT. ($2.21 in chips) 
Seat 5: SerginhuBR ($2.41 in chips) 
Seat 6: pavluha13 ($1.63 in chips) 
Seat 7: DarkAmber ($1.89 in chips) 
Seat 8: pszubzda ($1.73 in chips) 
Seat 9: Dorex2007 ($2.61 in chips) 
pavluha13: posts small blind $0.01
DarkAmber: posts big blind $0.02
*** HOLE CARDS ***
Dealt to Dorex2007 [Kh Ad]
pszubzda: calls $0.02
Dorex2007: raises $0.02 to $0.04
MarkAvrelij: folds 
VMDT.: folds 
SerginhuBR: folds 
pavluha13: folds 
DarkAmber: calls $0.02
pszubzda: calls $0.02
*** FLOP *** [9h Qc Tc]
DarkAmber: checks 
pszubzda: checks 
Dorex2007: bets $0.09
DarkAmber: calls $0.09
pszubzda: folds 
*** TURN *** [9h Qc Tc] [3h]
DarkAmber: checks 
ezviktor joins the table at seat #1 
Dorex2007: checks 
*** RIVER *** [9h Qc Tc 3h] [4h]
DarkAmber: checks 
Dorex2007: checks 
*** SHOW DOWN ***
DarkAmber: shows [8c 8d] (a pair of Eights)
Dorex2007: mucks hand 
DarkAmber collected $0.30 from pot
*** SUMMARY ***
Total pot $0.31 | Rake $0.01 
Board [9h Qc Tc 3h 4h]
Seat 3: MarkAvrelij folded before Flop (didn't bet)
Seat 4: VMDT. folded before Flop (didn't bet)
Seat 5: SerginhuBR (button) folded before Flop (didn't bet)
Seat 6: pavluha13 (small blind) folded before Flop
Seat 7: DarkAmber (big blind) showed [8c 8d] and won ($0.30) with a pair of Eights
Seat 8: pszubzda folded on the Flop
Seat 9: Dorex2007 mucked [Kh Ad]



PokerStars Hand #224715243723:  Hold'em No Limit ($0.01/$0.02 USD) - 2021/03/11 22:08:20 PT [2021/03/12 1:08:20 ET]
Table 'Sadalmelik IV' 9-max Seat #6 is the button
Seat 3: MarkAvrelij ($2.60 in chips) 
Seat 4: VMDT. ($2.21 in chips) 
Seat 5: SerginhuBR ($2.41 in chips) 
Seat 6: pavluha13 ($1.62 in chips) 
Seat 7: DarkAmber ($2.06 in chips) 
Seat 8: pszubzda ($1.69 in chips) 
Seat 9: Dorex2007 ($2.48 in chips) 
DarkAmber: posts small blind $0.01
pszubzda: posts big blind $0.02
ezviktor: sits out 
*** HOLE CARDS ***
Dealt to Dorex2007 [Js Ks]
Dorex2007: raises $0.04 to $0.06
MarkAvrelij: folds 
VMDT.: folds 
SerginhuBR: folds 
pavluha13: folds 
DarkAmber: folds 
pszubzda: folds 
Uncalled bet ($0.04) returned to Dorex2007
Dorex2007 collected $0.05 from pot
Dorex2007: doesn't show hand 
*** SUMMARY ***
Total pot $0.05 | Rake $0 
Seat 3: MarkAvrelij folded before Flop (didn't bet)
Seat 4: VMDT. folded before Flop (didn't bet)
Seat 5: SerginhuBR folded before Flop (didn't bet)
Seat 6: pavluha13 (button) folded before Flop (didn't bet)
Seat 7: DarkAmber (small blind) folded before Flop
Seat 8: pszubzda (big blind) folded before Flop
Seat 9: Dorex2007 collected ($0.05)



PokerStars Hand #224715248940:  Hold'em No Limit ($0.01/$0.02 USD) - 2021/03/11 22:08:46 PT [2021/03/12 1:08:46 ET]
Table 'Sadalmelik IV' 9-max Seat #7 is the button
Seat 3: MarkAvrelij ($2.60 in chips) 
Seat 4: VMDT. ($2.21 in chips) 
Seat 5: SerginhuBR ($2.41 in chips) 
Seat 6: pavluha13 ($1.62 in chips) 
Seat 7: DarkAmber ($2.05 in chips) 
Seat 8: pszubzda ($1.67 in chips) 
Seat 9: Dorex2007 ($2.51 in chips) 
pszubzda: posts small blind $0.01
Dorex2007: posts big blind $0.02
ezviktor: sits out 
*** HOLE CARDS ***
Dealt to Dorex2007 [6c Ks]
MarkAvrelij: folds 
VMDT.: calls $0.02
SerginhuBR: folds 
pavluha13: folds 
DarkAmber: folds 
pszubzda: folds 
Dorex2007: checks 
*** FLOP *** [Qd 8d 3h]
Dorex2007: checks 
VMDT.: bets $0.04
Dorex2007: folds 
Uncalled bet ($0.04) returned to VMDT.
VMDT. collected $0.05 from pot
VMDT.: doesn't show hand 
*** SUMMARY ***
Total pot $0.05 | Rake $0 
Board [Qd 8d 3h]
Seat 3: MarkAvrelij folded before Flop (didn't bet)
Seat 4: VMDT. collected ($0.05)
Seat 5: SerginhuBR folded before Flop (didn't bet)
Seat 6: pavluha13 folded before Flop (didn't bet)
Seat 7: DarkAmber (button) folded before Flop (didn't bet)
Seat 8: pszubzda (small blind) folded before Flop
Seat 9: Dorex2007 (big blind) folded on the Flop



PokerStars Hand #224715256843:  Hold'em No Limit ($0.01/$0.02 USD) - 2021/03/11 22:09:26 PT [2021/03/12 1:09:26 ET]
Table 'Sadalmelik IV' 9-max Seat #8 is the button
Seat 1: ezviktor ($0.80 in chips) 
Seat 3: MarkAvrelij ($2.60 in chips) 
Seat 4: VMDT. ($2.24 in chips) 
Seat 5: SerginhuBR ($2.41 in chips) 
Seat 6: pavluha13 ($1.62 in chips) 
Seat 7: DarkAmber ($2.05 in chips) 
Seat 8: pszubzda ($1.66 in chips) 
Seat 9: Dorex2007 ($2.49 in chips) 
Dorex2007: posts small blind $0.01
ezviktor: posts big blind $0.02
*** HOLE CARDS ***
Dealt to Dorex2007 [Qc 5d]
MarkAvrelij: folds 
VMDT.: folds 
SerginhuBR: folds 
pavluha13: folds 
DarkAmber has timed out
DarkAmber: folds 
pszubzda: folds 
Dorex2007: folds 
Uncalled bet ($0.01) returned to ezviktor
ezviktor collected $0.02 from pot
ezviktor: doesn't show hand 
*** SUMMARY ***
Total pot $0.02 | Rake $0 
Seat 1: ezviktor (big blind) collected ($0.02)
Seat 3: MarkAvrelij folded before Flop (didn't bet)
Seat 4: VMDT. folded before Flop (didn't bet)
Seat 5: SerginhuBR folded before Flop (didn't bet)
Seat 6: pavluha13 folded before Flop (didn't bet)
Seat 7: DarkAmber folded before Flop (didn't bet)
Seat 8: pszubzda (button) folded before Flop (didn't bet)
Seat 9: Dorex2007 (small blind) folded before Flop



PokerStars Hand #224715260895:  Hold'em No Limit ($0.01/$0.02 USD) - 2021/03/11 22:09:47 PT [2021/03/12 1:09:47 ET]
Table 'Sadalmelik IV' 9-max Seat #9 is the button
Seat 1: ezviktor ($0.81 in chips) 
Seat 3: MarkAvrelij ($2.60 in chips) 
Seat 4: VMDT. ($2.24 in chips) 
Seat 5: SerginhuBR ($2.41 in chips) 
Seat 6: pavluha13 ($1.62 in chips) 
Seat 8: pszubzda ($1.66 in chips) 
Seat 9: Dorex2007 ($2.48 in chips) 
ezviktor: posts small blind $0.01
MarkAvrelij: posts big blind $0.02
*** HOLE CARDS ***
Dealt to Dorex2007 [7c 9h]
VMDT.: folds 
SerginhuBR: folds 
pavluha13: folds 
pszubzda: folds 
Dorex2007: folds 
ezviktor: raises $0.02 to $0.04
MarkAvrelij: calls $0.02
*** FLOP *** [Jh Js 6s]
ezviktor: bets $0.04
MarkAvrelij: calls $0.04
*** TURN *** [Jh Js 6s] [3c]
ezviktor: bets $0.08
MarkAvrelij: folds 
Uncalled bet ($0.08) returned to ezviktor
ezviktor collected $0.15 from pot
ezviktor: doesn't show hand 
*** SUMMARY ***
Total pot $0.16 | Rake $0.01 
Board [Jh Js 6s 3c]
Seat 1: ezviktor (small blind) collected ($0.15)
Seat 3: MarkAvrelij (big blind) folded on the Turn
Seat 4: VMDT. folded before Flop (didn't bet)
Seat 5: SerginhuBR folded before Flop (didn't bet)
Seat 6: pavluha13 folded before Flop (didn't bet)
Seat 8: pszubzda folded before Flop (didn't bet)
Seat 9: Dorex2007 (button) folded before Flop (didn't bet)



PokerStars Hand #224715269195:  Hold'em No Limit ($0.01/$0.02 USD) - 2021/03/11 22:10:29 PT [2021/03/12 1:10:29 ET]
Table 'Sadalmelik IV' 9-max Seat #1 is the button
Seat 1: ezviktor ($0.88 in chips) 
Seat 3: MarkAvrelij ($2.52 in chips) 
Seat 4: VMDT. ($2.24 in chips) 
Seat 5: SerginhuBR ($2.41 in chips) 
Seat 6: pavluha13 ($1.62 in chips) 
Seat 7: DarkAmber ($2.05 in chips) 
Seat 8: pszubzda ($1.66 in chips) 
Seat 9: Dorex2007 ($2.48 in chips) 
MarkAvrelij: posts small blind $0.01
VMDT.: posts big blind $0.02
*** HOLE CARDS ***
Dealt to Dorex2007 [6h Kh]
SerginhuBR: raises $0.04 to $0.06
pavluha13: folds 
DarkAmber: folds 
pszubzda: folds 
Dorex2007: folds 
ezviktor: folds 
MarkAvrelij: folds 
VMDT.: folds 
Uncalled bet ($0.04) returned to SerginhuBR
SerginhuBR collected $0.05 from pot
SerginhuBR: doesn't show hand 
*** SUMMARY ***
Total pot $0.05 | Rake $0 
Seat 1: ezviktor (button) folded before Flop (didn't bet)
Seat 3: MarkAvrelij (small blind) folded before Flop
Seat 4: VMDT. (big blind) folded before Flop
Seat 5: SerginhuBR collected ($0.05)
Seat 6: pavluha13 folded before Flop (didn't bet)
Seat 7: DarkAmber folded before Flop (didn't bet)
Seat 8: pszubzda folded before Flop (didn't bet)
Seat 9: Dorex2007 folded before Flop (didn't bet)



PokerStars Hand #224715273329:  Hold'em No Limit ($0.01/$0.02 USD) - 2021/03/11 22:10:50 PT [2021/03/12 1:10:50 ET]
Table 'Sadalmelik IV' 9-max Seat #3 is the button
Seat 1: ezviktor ($0.88 in chips) 
Seat 3: MarkAvrelij ($2.51 in chips) 
Seat 4: VMDT. ($2.22 in chips) 
Seat 5: SerginhuBR ($2.44 in chips) 
Seat 6: pavluha13 ($1.62 in chips) 
Seat 7: DarkAmber ($2.05 in chips) 
Seat 8: pszubzda ($1.66 in chips) 
Seat 9: Dorex2007 ($2.48 in chips) 
VMDT.: posts small blind $0.01
SerginhuBR: posts big blind $0.02
*** HOLE CARDS ***
Dealt to Dorex2007 [7d 7c]
pavluha13: calls $0.02
DarkAmber: folds 
pszubzda: folds 
Dorex2007: raises $0.06 to $0.08
ezviktor: folds 
MarkAvrelij: folds 
VMDT.: folds 
SerginhuBR: folds 
pavluha13: folds 
Uncalled bet ($0.06) returned to Dorex2007
Dorex2007 collected $0.07 from pot
Dorex2007: doesn't show hand 
*** SUMMARY ***
Total pot $0.07 | Rake $0 
Seat 1: ezviktor folded before Flop (didn't bet)
Seat 3: MarkAvrelij (button) folded before Flop (didn't bet)
Seat 4: VMDT. (small blind) folded before Flop
Seat 5: SerginhuBR (big blind) folded before Flop
Seat 6: pavluha13 folded before Flop
Seat 7: DarkAmber folded before Flop (didn't bet)
Seat 8: pszubzda folded before Flop (didn't bet)
Seat 9: Dorex2007 collected ($0.07)



PokerStars Hand #224715281221:  Hold'em No Limit ($0.01/$0.02 USD) - 2021/03/11 22:11:31 PT [2021/03/12 1:11:31 ET]
Table 'Sadalmelik IV' 9-max Seat #4 is the button
Seat 1: ezviktor ($0.88 in chips) 
Seat 3: MarkAvrelij ($2.51 in chips) 
Seat 4: VMDT. ($2.21 in chips) 
Seat 5: SerginhuBR ($2.42 in chips) 
Seat 6: pavluha13 ($1.60 in chips) 
Seat 7: DarkAmber ($2.05 in chips) 
Seat 8: pszubzda ($1.66 in chips) 
Seat 9: Dorex2007 ($2.53 in chips) 
SerginhuBR: posts small blind $0.01
pavluha13: posts big blind $0.02
*** HOLE CARDS ***
Dealt to Dorex2007 [6h Ad]
DarkAmber: folds 
pszubzda: folds 
Dorex2007: folds 
ezviktor: folds 
MarkAvrelij: folds 
VMDT.: calls $0.02
SerginhuBR: calls $0.01
pavluha13: raises $0.04 to $0.06
VMDT.: calls $0.04
SerginhuBR: calls $0.04
*** FLOP *** [2h Qc 3h]
SerginhuBR: checks 
pavluha13: bets $0.06
VMDT.: calls $0.06
SerginhuBR: folds 
*** TURN *** [2h Qc 3h] [4h]
pavluha13: checks 
VMDT.: bets $0.06
pavluha13: calls $0.06
*** RIVER *** [2h Qc 3h 4h] [8d]
pavluha13: bets $0.24
VMDT.: calls $0.24
*** SHOW DOWN ***
pavluha13: shows [Ah Qh] (a flush, Ace high)
VMDT.: mucks hand 
pavluha13 collected $0.87 from pot
*** SUMMARY ***
Total pot $0.90 | Rake $0.03 
Board [2h Qc 3h 4h 8d]
Seat 1: ezviktor folded before Flop (didn't bet)
Seat 3: MarkAvrelij folded before Flop (didn't bet)
Seat 4: VMDT. (button) mucked [Qs Jd]
Seat 5: SerginhuBR (small blind) folded on the Flop
Seat 6: pavluha13 (big blind) showed [Ah Qh] and won ($0.87) with a flush, Ace high
Seat 7: DarkAmber folded before Flop (didn't bet)
Seat 8: pszubzda folded before Flop (didn't bet)
Seat 9: Dorex2007 folded before Flop (didn't bet)



PokerStars Hand #224715291914:  Hold'em No Limit ($0.01/$0.02 USD) - 2021/03/11 22:12:25 PT [2021/03/12 1:12:25 ET]
Table 'Sadalmelik IV' 9-max Seat #5 is the button
Seat 1: ezviktor ($0.88 in chips) 
Seat 3: MarkAvrelij ($2.51 in chips) 
Seat 4: VMDT. ($1.79 in chips) 
Seat 5: SerginhuBR ($2.36 in chips) 
Seat 6: pavluha13 ($2.05 in chips) 
Seat 7: DarkAmber ($2.05 in chips) 
Seat 8: pszubzda ($1.66 in chips) 
Seat 9: Dorex2007 ($2.53 in chips) 
pavluha13: posts small blind $0.01
DarkAmber: posts big blind $0.02
*** HOLE CARDS ***
Dealt to Dorex2007 [5c Td]
pszubzda: calls $0.02
Dorex2007: folds 
ezviktor: folds 
MarkAvrelij: folds 
VMDT.: folds 
SerginhuBR: folds 
pavluha13: calls $0.01
DarkAmber: checks 
*** FLOP *** [3h 8h Jh]
pavluha13: checks 
DarkAmber: bets $0.03
pszubzda: calls $0.03
pavluha13: calls $0.03
*** TURN *** [3h 8h Jh] [2d]
pavluha13: checks 
DarkAmber: bets $0.07
pszubzda: calls $0.07
pavluha13: folds 
*** RIVER *** [3h 8h Jh 2d] [Qd]
DarkAmber: checks 
pszubzda: bets $0.12
DarkAmber: folds 
Uncalled bet ($0.12) returned to pszubzda
pszubzda collected $0.28 from pot
pszubzda: doesn't show hand 
*** SUMMARY ***
Total pot $0.29 | Rake $0.01 
Board [3h 8h Jh 2d Qd]
Seat 1: ezviktor folded before Flop (didn't bet)
Seat 3: MarkAvrelij folded before Flop (didn't bet)
Seat 4: VMDT. folded before Flop (didn't bet)
Seat 5: SerginhuBR (button) folded before Flop (didn't bet)
Seat 6: pavluha13 (small blind) folded on the Turn
Seat 7: DarkAmber (big blind) folded on the River
Seat 8: pszubzda collected ($0.28)
Seat 9: Dorex2007 folded before Flop (didn't bet)



PokerStars Hand #224715302751:  Hold'em No Limit ($0.01/$0.02 USD) - 2021/03/11 22:13:20 PT [2021/03/12 1:13:20 ET]
Table 'Sadalmelik IV' 9-max Seat #6 is the button
Seat 1: ezviktor ($0.88 in chips) 
Seat 3: MarkAvrelij ($2.51 in chips) 
Seat 4: VMDT. ($1.79 in chips) 
Seat 5: SerginhuBR ($2.36 in chips) 
Seat 6: pavluha13 ($2 in chips) 
Seat 7: DarkAmber ($1.93 in chips) 
Seat 8: pszubzda ($1.82 in chips) 
Seat 9: Dorex2007 ($2.53 in chips) 
DarkAmber: posts small blind $0.01
pszubzda: posts big blind $0.02
*** HOLE CARDS ***
Dealt to Dorex2007 [7h Qc]
Dorex2007: folds 
ezviktor: folds 
MarkAvrelij: folds 
VMDT.: calls $0.02
SerginhuBR: folds 
pavluha13: calls $0.02
DarkAmber: folds 
pszubzda: checks 
*** FLOP *** [4c 2h 9c]
pszubzda: checks 
VMDT.: checks 
pavluha13: checks 
*** TURN *** [4c 2h 9c] [Js]
pszubzda: checks 
VMDT.: bets $0.02
pavluha13: calls $0.02
pszubzda: folds 
*** RIVER *** [4c 2h 9c Js] [2c]
VMDT.: checks 
pavluha13: checks 
*** SHOW DOWN ***
VMDT.: shows [Kd Td] (a pair of Deuces)
pavluha13: shows [Jh Qh] (two pair, Jacks and Deuces)
pavluha13 collected $0.11 from pot
*** SUMMARY ***
Total pot $0.11 | Rake $0 
Board [4c 2h 9c Js 2c]
Seat 1: ezviktor folded before Flop (didn't bet)
Seat 3: MarkAvrelij folded before Flop (didn't bet)
Seat 4: VMDT. showed [Kd Td] and lost with a pair of Deuces
Seat 5: SerginhuBR folded before Flop (didn't bet)
Seat 6: pavluha13 (button) showed [Jh Qh] and won ($0.11) with two pair, Jacks and Deuces
Seat 7: DarkAmber (small blind) folded before Flop
Seat 8: pszubzda (big blind) folded on the Turn
Seat 9: Dorex2007 folded before Flop (didn't bet)



PokerStars Hand #224715310630:  Hold'em No Limit ($0.01/$0.02 USD) - 2021/03/11 22:14:00 PT [2021/03/12 1:14:00 ET]
Table 'Sadalmelik IV' 9-max Seat #7 is the button
Seat 1: ezviktor ($0.88 in chips) 
Seat 3: MarkAvrelij ($2.51 in chips) 
Seat 4: VMDT. ($1.75 in chips) 
Seat 5: SerginhuBR ($2.36 in chips) 
Seat 6: pavluha13 ($2.07 in chips) 
Seat 7: DarkAmber ($1.92 in chips) 
Seat 8: pszubzda ($1.80 in chips) 
Seat 9: Dorex2007 ($2.53 in chips) 
pszubzda: posts small blind $0.01
Dorex2007: posts big blind $0.02
*** HOLE CARDS ***
Dealt to Dorex2007 [9c Ah]
ezviktor: raises $0.03 to $0.05
MarkAvrelij: folds 
VMDT.: folds 
SerginhuBR: folds 
pavluha13: folds 
DarkAmber: folds 
pszubzda: calls $0.04
Dorex2007: folds 
*** FLOP *** [5d 4c 4h]
pszubzda: bets $0.12
ezviktor: folds 
Uncalled bet ($0.12) returned to pszubzda
pszubzda collected $0.12 from pot
pszubzda: doesn't show hand 
*** SUMMARY ***
Total pot $0.12 | Rake $0 
Board [5d 4c 4h]
Seat 1: ezviktor folded on the Flop
Seat 3: MarkAvrelij folded before Flop (didn't bet)
Seat 4: VMDT. folded before Flop (didn't bet)
Seat 5: SerginhuBR folded before Flop (didn't bet)
Seat 6: pavluha13 folded before Flop (didn't bet)
Seat 7: DarkAmber (button) folded before Flop (didn't bet)
Seat 8: pszubzda (small blind) collected ($0.12)
Seat 9: Dorex2007 (big blind) folded before Flop



PokerStars Hand #224715316092:  Hold'em No Limit ($0.01/$0.02 USD) - 2021/03/11 22:14:28 PT [2021/03/12 1:14:28 ET]
Table 'Sadalmelik IV' 9-max Seat #8 is the button
Seat 1: ezviktor ($0.83 in chips) 
Seat 3: MarkAvrelij ($2.51 in chips) 
Seat 4: VMDT. ($1.75 in chips) 
Seat 5: SerginhuBR ($2.36 in chips) 
Seat 6: pavluha13 ($2.07 in chips) 
Seat 7: DarkAmber ($1.92 in chips) 
Seat 8: pszubzda ($1.87 in chips) 
Seat 9: Dorex2007 ($2.51 in chips) 
Dorex2007: posts small blind $0.01
ezviktor: posts big blind $0.02
*** HOLE CARDS ***
Dealt to Dorex2007 [9s 7d]
MarkAvrelij: folds 
VMDT.: folds 
SerginhuBR: folds 
pavluha13: calls $0.02
DarkAmber: folds 
pszubzda: folds 
Dorex2007: calls $0.01
ezviktor: checks 
*** FLOP *** [Kd 2d 7s]
Dorex2007: checks 
ezviktor: checks 
pavluha13: checks 
*** TURN *** [Kd 2d 7s] [2h]
Dorex2007: checks 
ezviktor: checks 
pavluha13: checks 
*** RIVER *** [Kd 2d 7s 2h] [Jc]
Dorex2007: checks 
margolin777 leaves the table
ezviktor: checks 
pavluha13: checks 
*** SHOW DOWN ***
Dorex2007: shows [9s 7d] (two pair, Sevens and Deuces)
ezviktor: shows [6s 7h] (two pair, Sevens and Deuces)
pavluha13: mucks hand 
Dorex2007 collected $0.03 from pot
ezviktor collected $0.03 from pot
*** SUMMARY ***
Total pot $0.06 | Rake $0 
Board [Kd 2d 7s 2h Jc]
Seat 1: ezviktor (big blind) showed [6s 7h] and won ($0.03) with two pair, Sevens and Deuces
Seat 3: MarkAvrelij folded before Flop (didn't bet)
Seat 4: VMDT. folded before Flop (didn't bet)
Seat 5: SerginhuBR folded before Flop (didn't bet)
Seat 6: pavluha13 mucked [Qc 8c]
Seat 7: DarkAmber folded before Flop (didn't bet)
Seat 8: pszubzda (button) folded before Flop (didn't bet)
Seat 9: Dorex2007 (small blind) showed [9s 7d] and won ($0.03) with two pair, Sevens and Deuces



PokerStars Hand #224715326602:  Hold'em No Limit ($0.01/$0.02 USD) - 2021/03/11 22:15:22 PT [2021/03/12 1:15:22 ET]
Table 'Sadalmelik IV' 9-max Seat #9 is the button
Seat 1: ezviktor ($0.84 in chips) 
Seat 3: MarkAvrelij ($2.51 in chips) 
Seat 4: VMDT. ($1.75 in chips) 
Seat 5: SerginhuBR ($2.36 in chips) 
Seat 6: pavluha13 ($2.05 in chips) 
Seat 7: DarkAmber ($1.92 in chips) 
Seat 8: pszubzda ($1.87 in chips) 
Seat 9: Dorex2007 ($2.52 in chips) 
ezviktor: posts small blind $0.01
MarkAvrelij: posts big blind $0.02
*** HOLE CARDS ***
Dealt to Dorex2007 [Js Th]
gurrrrdurrrr joins the table at seat #2 
VMDT.: calls $0.02
SerginhuBR: folds 
pavluha13: calls $0.02
gurrrrdurrrr leaves the table
DarkAmber: raises $0.06 to $0.08
pszubzda: folds 
Dorex2007: folds 
ezviktor: folds 
MarkAvrelij: folds 
VMDT.: calls $0.06
pavluha13: calls $0.06
*** FLOP *** [5s Td Jh]
VMDT.: bets $0.02
pavluha13: calls $0.02
DarkAmber: calls $0.02
*** TURN *** [5s Td Jh] [7d]
VMDT.: bets $0.32
Kupec Danila joins the table at seat #2 
pavluha13: calls $0.32
DarkAmber: folds 
*** RIVER *** [5s Td Jh 7d] [Qs]
VMDT.: bets $0.94
pavluha13: folds 
Uncalled bet ($0.94) returned to VMDT.
VMDT. collected $0.94 from pot
VMDT.: doesn't show hand 
*** SUMMARY ***
Total pot $0.97 | Rake $0.03 
Board [5s Td Jh 7d Qs]
Seat 1: ezviktor (small blind) folded before Flop
Seat 3: MarkAvrelij (big blind) folded before Flop
Seat 4: VMDT. collected ($0.94)
Seat 5: SerginhuBR folded before Flop (didn't bet)
Seat 6: pavluha13 folded on the River
Seat 7: DarkAmber folded on the Turn
Seat 8: pszubzda folded before Flop (didn't bet)
Seat 9: Dorex2007 (button) folded before Flop (didn't bet)



PokerStars Hand #224715335742:  Hold'em No Limit ($0.01/$0.02 USD) - 2021/03/11 22:16:09 PT [2021/03/12 1:16:09 ET]
Table 'Sadalmelik IV' 9-max Seat #1 is the button
Seat 1: ezviktor ($0.83 in chips) 
Seat 3: MarkAvrelij ($2.49 in chips) 
Seat 4: VMDT. ($2.27 in chips) 
Seat 5: SerginhuBR ($2.36 in chips) 
Seat 6: pavluha13 ($1.63 in chips) 
Seat 7: DarkAmber ($1.82 in chips) 
Seat 8: pszubzda ($1.87 in chips) 
Seat 9: Dorex2007 ($2.52 in chips) 
MarkAvrelij: posts small blind $0.01
VMDT.: posts big blind $0.02
*** HOLE CARDS ***
Dealt to Dorex2007 [4s 3h]
SerginhuBR: folds 
pavluha13: folds 
DarkAmber: folds 
pszubzda: folds 
Dorex2007: folds 
ezviktor: raises $0.03 to $0.05
MarkAvrelij: folds 
VMDT.: folds 
Uncalled bet ($0.03) returned to ezviktor
ezviktor collected $0.05 from pot
ezviktor: doesn't show hand 
*** SUMMARY ***
Total pot $0.05 | Rake $0 
Seat 1: ezviktor (button) collected ($0.05)
Seat 3: MarkAvrelij (small blind) folded before Flop
Seat 4: VMDT. (big blind) folded before Flop
Seat 5: SerginhuBR folded before Flop (didn't bet)
Seat 6: pavluha13 folded before Flop (didn't bet)
Seat 7: DarkAmber folded before Flop (didn't bet)
Seat 8: pszubzda folded before Flop (didn't bet)
Seat 9: Dorex2007 folded before Flop (didn't bet)



PokerStars Hand #224715338895:  Hold'em No Limit ($0.01/$0.02 USD) - 2021/03/11 22:16:25 PT [2021/03/12 1:16:25 ET]
Table 'Sadalmelik IV' 9-max Seat #3 is the button
Seat 1: ezviktor ($0.86 in chips) 
Seat 3: MarkAvrelij ($2.48 in chips) 
Seat 4: VMDT. ($2.25 in chips) 
Seat 5: SerginhuBR ($2.36 in chips) 
Seat 6: pavluha13 ($1.63 in chips) 
Seat 7: DarkAmber ($1.82 in chips) 
Seat 8: pszubzda ($1.87 in chips) 
Seat 9: Dorex2007 ($2.52 in chips) 
VMDT.: posts small blind $0.01
SerginhuBR: posts big blind $0.02
Kupec Danila: sits out 
*** HOLE CARDS ***
Dealt to Dorex2007 [4s 3s]
pavluha13: folds 
DarkAmber: folds 
pszubzda: folds 
Dorex2007: folds 
ezviktor: raises $0.03 to $0.05
MarkAvrelij: folds 
VMDT.: folds 
SerginhuBR: folds 
Uncalled bet ($0.03) returned to ezviktor
ezviktor collected $0.05 from pot
ezviktor: doesn't show hand 
*** SUMMARY ***
Total pot $0.05 | Rake $0 
Seat 1: ezviktor collected ($0.05)
Seat 3: MarkAvrelij (button) folded before Flop (didn't bet)
Seat 4: VMDT. (small blind) folded before Flop
Seat 5: SerginhuBR (big blind) folded before Flop
Seat 6: pavluha13 folded before Flop (didn't bet)
Seat 7: DarkAmber folded before Flop (didn't bet)
Seat 8: pszubzda folded before Flop (didn't bet)
Seat 9: Dorex2007 folded before Flop (didn't bet)



PokerStars Hand #224715345768:  Hold'em No Limit ($0.01/$0.02 USD) - 2021/03/11 22:17:00 PT [2021/03/12 1:17:00 ET]
Table 'Sadalmelik IV' 9-max Seat #4 is the button
Seat 1: ezviktor ($0.89 in chips) 
Seat 3: MarkAvrelij ($2.48 in chips) 
Seat 4: VMDT. ($2.24 in chips) 
Seat 5: SerginhuBR ($2.34 in chips) 
Seat 6: pavluha13 ($1.63 in chips) 
Seat 7: DarkAmber ($2 in chips) 
Seat 8: pszubzda ($1.87 in chips) 
Seat 9: Dorex2007 ($2.52 in chips) 
SerginhuBR: posts small blind $0.01
pavluha13: posts big blind $0.02
Kupec Danila: sits out 
*** HOLE CARDS ***
Dealt to Dorex2007 [2s Td]
DarkAmber: folds 
pszubzda: calls $0.02
Dorex2007: folds 
ezviktor: folds 
MarkAvrelij: folds 
VMDT.: folds 
SerginhuBR: folds 
pavluha13: raises $0.02 to $0.04
pszubzda: calls $0.02
*** FLOP *** [Qh 7c Jh]
pavluha13: checks 
pszubzda: bets $0.05
pavluha13: folds 
Uncalled bet ($0.05) returned to pszubzda
pszubzda collected $0.09 from pot
pszubzda: doesn't show hand 
*** SUMMARY ***
Total pot $0.09 | Rake $0 
Board [Qh 7c Jh]
Seat 1: ezviktor folded before Flop (didn't bet)
Seat 3: MarkAvrelij folded before Flop (didn't bet)
Seat 4: VMDT. (button) folded before Flop (didn't bet)
Seat 5: SerginhuBR (small blind) folded before Flop
Seat 6: pavluha13 (big blind) folded on the Flop
Seat 7: DarkAmber folded before Flop (didn't bet)
Seat 8: pszubzda collected ($0.09)
Seat 9: Dorex2007 folded before Flop (didn't bet)



PokerStars Hand #224715352656:  Hold'em No Limit ($0.01/$0.02 USD) - 2021/03/11 22:17:35 PT [2021/03/12 1:17:35 ET]
Table 'Sadalmelik IV' 9-max Seat #5 is the button
Seat 1: ezviktor ($0.89 in chips) 
Seat 3: MarkAvrelij ($2.48 in chips) 
Seat 4: VMDT. ($2.24 in chips) 
Seat 5: SerginhuBR ($2.33 in chips) 
Seat 6: pavluha13 ($1.59 in chips) 
Seat 7: DarkAmber ($2 in chips) 
Seat 8: pszubzda ($1.92 in chips) 
Seat 9: Dorex2007 ($2.52 in chips) 
pavluha13: posts small blind $0.01
DarkAmber: posts big blind $0.02
Kupec Danila: sits out 
*** HOLE CARDS ***
Dealt to Dorex2007 [Ac 6s]
pszubzda: calls $0.02
Dorex2007: folds 
ezviktor: raises $0.04 to $0.06
MarkAvrelij: folds 
VMDT.: calls $0.06
SerginhuBR: calls $0.06
pavluha13: folds 
DarkAmber: folds 
pszubzda: calls $0.04
*** FLOP *** [Qs 4c As]
pszubzda: checks 
ezviktor: bets $0.17
VMDT.: folds 
SerginhuBR: calls $0.17
pszubzda: calls $0.17
*** TURN *** [Qs 4c As] [6c]
pszubzda: checks 
ezviktor: bets $0.66 and is all-in
SerginhuBR: folds 
pszubzda: calls $0.66
*** RIVER *** [Qs 4c As 6c] [5c]
*** SHOW DOWN ***
pszubzda: shows [Ks 9s] (high card Ace)
ezviktor: shows [Ah Kd] (a pair of Aces)
ezviktor cashed out the hand for $1.59 | Cash Out Fee $0.02
*** SUMMARY ***
Total pot $2.10 | Rake $0.07 
Board [Qs 4c As 6c 5c]
Seat 1: ezviktor showed [Ah Kd] and won ($2.03) with a pair of Aces (pot not awarded as player cashed out)
Seat 3: MarkAvrelij folded before Flop (didn't bet)
Seat 4: VMDT. folded on the Flop
Seat 5: SerginhuBR (button) folded on the Turn
Seat 6: pavluha13 (small blind) folded before Flop
Seat 7: DarkAmber (big blind) folded before Flop
Seat 8: pszubzda showed [Ks 9s] and lost with high card Ace
Seat 9: Dorex2007 folded before Flop (didn't bet)



PokerStars Hand #224715364698:  Hold'em No Limit ($0.01/$0.02 USD) - 2021/03/11 22:18:37 PT [2021/03/12 1:18:37 ET]
Table 'Sadalmelik IV' 9-max Seat #6 is the button
Seat 1: ezviktor ($1.59 in chips) 
Seat 3: MarkAvrelij ($2.48 in chips) 
Seat 4: VMDT. ($2.18 in chips) 
Seat 5: SerginhuBR ($2.10 in chips) 
Seat 6: pavluha13 ($1.58 in chips) 
Seat 7: DarkAmber ($1.98 in chips) 
Seat 8: pszubzda ($1.03 in chips) 
Seat 9: Dorex2007 ($2.52 in chips) 
DarkAmber: posts small blind $0.01
pszubzda: posts big blind $0.02
Kupec Danila: sits out 
*** HOLE CARDS ***
Dealt to Dorex2007 [Ts 2h]
Dorex2007: folds 
ezviktor: folds 
MarkAvrelij: folds 
VMDT.: folds 
SerginhuBR: folds 
SerginhuBR leaves the table
pavluha13: folds 
DarkAmber: raises $0.04 to $0.06
pszubzda: calls $0.04
*** FLOP *** [3c 6d 5h]
DarkAmber: bets $0.06
pszubzda: raises $0.06 to $0.12
DarkAmber: calls $0.06
*** TURN *** [3c 6d 5h] [8d]
DarkAmber: checks 
CarlosMag660 joins the table at seat #5 
pszubzda: bets $0.20
DarkAmber: calls $0.20
*** RIVER *** [3c 6d 5h 8d] [9c]
DarkAmber: bets $0.37
pszubzda: calls $0.37
*** SHOW DOWN ***
DarkAmber: shows [6h 7h] (a straight, Five to Nine)
pszubzda: shows [4c 7c] (a straight, Five to Nine)
DarkAmber collected $0.73 from pot
pszubzda collected $0.72 from pot
*** SUMMARY ***
Total pot $1.50 | Rake $0.05 
Board [3c 6d 5h 8d 9c]
Seat 1: ezviktor folded before Flop (didn't bet)
Seat 3: MarkAvrelij folded before Flop (didn't bet)
Seat 4: VMDT. folded before Flop (didn't bet)
Seat 5: SerginhuBR folded before Flop (didn't bet)
Seat 6: pavluha13 (button) folded before Flop (didn't bet)
Seat 7: DarkAmber (small blind) showed [6h 7h] and won ($0.73) with a straight, Five to Nine
Seat 8: pszubzda (big blind) showed [4c 7c] and won ($0.72) with a straight, Five to Nine
Seat 9: Dorex2007 folded before Flop (didn't bet)



PokerStars Hand #224715375399:  Hold'em No Limit ($0.01/$0.02 USD) - 2021/03/11 22:19:33 PT [2021/03/12 1:19:33 ET]
Table 'Sadalmelik IV' 9-max Seat #7 is the button
Seat 1: ezviktor ($1.59 in chips) 
Seat 3: MarkAvrelij ($2.48 in chips) 
Seat 4: VMDT. ($2.18 in chips) 
Seat 6: pavluha13 ($1.58 in chips) 
Seat 7: DarkAmber ($1.96 in chips) 
Seat 8: pszubzda ($1 in chips) 
Seat 9: Dorex2007 ($2.52 in chips) 
pszubzda: posts small blind $0.01
Dorex2007: posts big blind $0.02
Kupec Danila: sits out 
CarlosMag660: sits out 
*** HOLE CARDS ***
Dealt to Dorex2007 [Ts 9s]
ezviktor: raises $0.04 to $0.06
MarkAvrelij: folds 
VMDT.: folds 
pavluha13: folds 
DarkAmber: calls $0.06
pszubzda: raises $0.22 to $0.28
Dorex2007: folds 
ezviktor: raises $1.31 to $1.59 and is all-in
DarkAmber: folds 
pszubzda: calls $0.72 and is all-in
Uncalled bet ($0.59) returned to ezviktor
ezviktor has timed out
*** FLOP *** [5h 3c 5d]
*** TURN *** [5h 3c 5d] [8h]
*** RIVER *** [5h 3c 5d 8h] [Jd]
*** SHOW DOWN ***
pszubzda: shows [Qh Qc] (two pair, Queens and Fives)
ezviktor: shows [Ks Kh] (two pair, Kings and Fives)
ezviktor collected $2.01 from pot
*** SUMMARY ***
Total pot $2.08 | Rake $0.07 
Board [5h 3c 5d 8h Jd]
Seat 1: ezviktor showed [Ks Kh] and won ($2.01) with two pair, Kings and Fives
Seat 3: MarkAvrelij folded before Flop (didn't bet)
Seat 4: VMDT. folded before Flop (didn't bet)
Seat 6: pavluha13 folded before Flop (didn't bet)
Seat 7: DarkAmber (button) folded before Flop
Seat 8: pszubzda (small blind) showed [Qh Qc] and lost with two pair, Queens and Fives
Seat 9: Dorex2007 (big blind) folded before Flop



PokerStars Hand #224715386921:  Hold'em No Limit ($0.01/$0.02 USD) - 2021/03/11 22:20:33 PT [2021/03/12 1:20:33 ET]
Table 'Sadalmelik IV' 9-max Seat #9 is the button
Seat 1: ezviktor ($2.60 in chips) 
Seat 2: Kupec Danila ($2 in chips) 
Seat 3: MarkAvrelij ($2.48 in chips) 
Seat 4: VMDT. ($2.18 in chips) 
Seat 6: pavluha13 ($1.58 in chips) 
Seat 7: DarkAmber ($1.90 in chips) 
Seat 9: Dorex2007 ($2.50 in chips) 
ezviktor: posts small blind $0.01
Kupec Danila: posts big blind $0.02
CarlosMag660: sits out 
*** HOLE CARDS ***
Dealt to Dorex2007 [9c Qs]
MarkAvrelij: folds 
pszubzda leaves the table
VMDT.: folds 
pavluha13: raises $0.02 to $0.04
DarkAmber: calls $0.04
Dorex2007: folds 
ezviktor: folds 
Kupec Danila: calls $0.02
*** FLOP *** [Kd 4c Kc]
Kupec Danila: checks 
causavera joins the table at seat #8 
pavluha13: checks 
DarkAmber: bets $0.08
Kupec Danila: folds 
pavluha13: calls $0.08
*** TURN *** [Kd 4c Kc] [Kh]
pavluha13: checks 
DarkAmber: bets $0.14
pavluha13: calls $0.14
*** RIVER *** [Kd 4c Kc Kh] [7d]
pavluha13: bets $0.38
DarkAmber: calls $0.38
*** SHOW DOWN ***
pavluha13: shows [Ks Qd] (four of a kind, Kings)
DarkAmber: mucks hand 
pavluha13 collected $1.28 from pot
*** SUMMARY ***
Total pot $1.33 | Rake $0.05 
Board [Kd 4c Kc Kh 7d]
Seat 1: ezviktor (small blind) folded before Flop
Seat 2: Kupec Danila (big blind) folded on the Flop
Seat 3: MarkAvrelij folded before Flop (didn't bet)
Seat 4: VMDT. folded before Flop (didn't bet)
Seat 6: pavluha13 showed [Ks Qd] and won ($1.28) with four of a kind, Kings
Seat 7: DarkAmber mucked [2d 2h]
Seat 9: Dorex2007 (button) folded before Flop (didn't bet)



PokerStars Hand #224715400322:  Hold'em No Limit ($0.01/$0.02 USD) - 2021/03/11 22:21:33 PT [2021/03/12 1:21:33 ET]
Table 'Sadalmelik IV' 9-max Seat #1 is the button
Seat 1: ezviktor ($2.59 in chips) 
Seat 2: Kupec Danila ($2 in chips) 
Seat 3: MarkAvrelij ($2.48 in chips) 
Seat 4: VMDT. ($2.18 in chips) 
Seat 6: pavluha13 ($2.22 in chips) 
Seat 7: DarkAmber ($1.26 in chips) 
Seat 8: causavera ($2 in chips) 
Seat 9: Dorex2007 ($2.50 in chips) 
Kupec Danila: posts small blind $0.01
MarkAvrelij: posts big blind $0.02
CarlosMag660: sits out 
causavera: posts big blind $0.02
*** HOLE CARDS ***
Dealt to Dorex2007 [Kc 9d]
VMDT.: folds 
pavluha13: folds 
DarkAmber: folds 
causavera: checks 
Dorex2007: folds 
ezviktor: folds 
Kupec Danila: folds 
MarkAvrelij: checks 
*** FLOP *** [Qs Ac 4h]
MarkAvrelij: bets $0.04
causavera: folds 
Uncalled bet ($0.04) returned to MarkAvrelij
MarkAvrelij collected $0.05 from pot
MarkAvrelij: doesn't show hand 
ezviktor leaves the table
*** SUMMARY ***
Total pot $0.05 | Rake $0 
Board [Qs Ac 4h]
Seat 1: ezviktor (button) folded before Flop (didn't bet)
Seat 2: Kupec Danila (small blind) folded before Flop
Seat 3: MarkAvrelij (big blind) collected ($0.05)
Seat 4: VMDT. folded before Flop (didn't bet)
Seat 6: pavluha13 folded before Flop (didn't bet)
Seat 7: DarkAmber folded before Flop (didn't bet)
Seat 8: causavera folded on the Flop (didn't bet)
Seat 9: Dorex2007 folded before Flop (didn't bet)



PokerStars Hand #224715407968:  Hold'em No Limit ($0.01/$0.02 USD) - 2021/03/11 22:22:13 PT [2021/03/12 1:22:13 ET]
Table 'Sadalmelik IV' 9-max Seat #2 is the button
Seat 2: Kupec Danila ($2 in chips) 
Seat 3: MarkAvrelij ($2.51 in chips) 
Seat 4: VMDT. ($2.18 in chips) 
Seat 6: pavluha13 ($2.22 in chips) 
Seat 7: DarkAmber ($2 in chips) 
Seat 8: causavera ($1.98 in chips) 
Seat 9: Dorex2007 ($2.50 in chips) 
MarkAvrelij: posts small blind $0.01
VMDT.: posts big blind $0.02
CarlosMag660: sits out 
*** HOLE CARDS ***
Dealt to Dorex2007 [4d 6c]
pavluha13: folds 
DarkAmber: folds 
causavera: folds 
Dorex2007: folds 
Kupec Danila: raises $0.04 to $0.06
MarkAvrelij: calls $0.05
VMDT.: calls $0.04
*** FLOP *** [7c 4s Kd]
CarlosMag660 leaves the table
MarkAvrelij: checks 
VMDT.: bets $0.04
Kupec Danila: folds 
MarkAvrelij: calls $0.04
*** TURN *** [7c 4s Kd] [2c]
MarkAvrelij: checks 
VMDT.: bets $0.04
MarkAvrelij: calls $0.04
*** RIVER *** [7c 4s Kd 2c] [Ac]
MarkAvrelij: checks 
VMDT.: checks 
*** SHOW DOWN ***
MarkAvrelij: shows [7s 9s] (a pair of Sevens)
VMDT.: shows [Ks Qd] (a pair of Kings)
VMDT. collected $0.33 from pot
*** SUMMARY ***
Total pot $0.34 | Rake $0.01 
Board [7c 4s Kd 2c Ac]
Seat 2: Kupec Danila (button) folded on the Flop
Seat 3: MarkAvrelij (small blind) showed [7s 9s] and lost with a pair of Sevens
Seat 4: VMDT. (big blind) showed [Ks Qd] and won ($0.33) with a pair of Kings
Seat 6: pavluha13 folded before Flop (didn't bet)
Seat 7: DarkAmber folded before Flop (didn't bet)
Seat 8: causavera folded before Flop (didn't bet)
Seat 9: Dorex2007 folded before Flop (didn't bet)



PokerStars Hand #224715417586:  Hold'em No Limit ($0.01/$0.02 USD) - 2021/03/11 22:23:03 PT [2021/03/12 1:23:03 ET]
Table 'Sadalmelik IV' 9-max Seat #3 is the button
Seat 2: Kupec Danila ($2 in chips) 
Seat 3: MarkAvrelij ($2.37 in chips) 
Seat 4: VMDT. ($2.37 in chips) 
Seat 6: pavluha13 ($2.22 in chips) 
Seat 7: DarkAmber ($2 in chips) 
Seat 8: causavera ($1.98 in chips) 
Seat 9: Dorex2007 ($2.50 in chips) 
VMDT.: posts small blind $0.01
pavluha13: posts big blind $0.02
*** HOLE CARDS ***
Dealt to Dorex2007 [9c Jh]
DarkAmber: folds 
causavera: folds 
Dorex2007: folds 
Kupec Danila: folds 
MarkAvrelij: folds 
VMDT.: calls $0.01
pavluha13: checks 
*** FLOP *** [5c 4h Kc]
VMDT.: bets $0.04
pavluha13: folds 
Uncalled bet ($0.04) returned to VMDT.
VMDT. collected $0.04 from pot
VMDT.: doesn't show hand 
*** SUMMARY ***
Total pot $0.04 | Rake $0 
Board [5c 4h Kc]
Seat 2: Kupec Danila folded before Flop (didn't bet)
Seat 3: MarkAvrelij (button) folded before Flop (didn't bet)
Seat 4: VMDT. (small blind) collected ($0.04)
Seat 6: pavluha13 (big blind) folded on the Flop
Seat 7: DarkAmber folded before Flop (didn't bet)
Seat 8: causavera folded before Flop (didn't bet)
Seat 9: Dorex2007 folded before Flop (didn't bet)



PokerStars Hand #224715424319:  Hold'em No Limit ($0.01/$0.02 USD) - 2021/03/11 22:23:38 PT [2021/03/12 1:23:38 ET]
Table 'Sadalmelik IV' 9-max Seat #4 is the button
Seat 2: Kupec Danila ($2 in chips) 
Seat 3: MarkAvrelij ($2.37 in chips) 
Seat 4: VMDT. ($2.39 in chips) 
Seat 6: pavluha13 ($2.20 in chips) 
Seat 7: DarkAmber ($2 in chips) 
Seat 8: causavera ($1.98 in chips) 
Seat 9: Dorex2007 ($2.50 in chips) 
pavluha13: posts small blind $0.01
DarkAmber: posts big blind $0.02
*** HOLE CARDS ***
Dealt to Dorex2007 [7d Td]
causavera: folds 
Dorex2007: folds 
Kupec Danila: folds 
MarkAvrelij: folds 
VMDT.: folds 
pavluha13: folds 
Uncalled bet ($0.01) returned to DarkAmber
DarkAmber collected $0.02 from pot
DarkAmber: doesn't show hand 
*** SUMMARY ***
Total pot $0.02 | Rake $0 
Seat 2: Kupec Danila folded before Flop (didn't bet)
Seat 3: MarkAvrelij folded before Flop (didn't bet)
Seat 4: VMDT. (button) folded before Flop (didn't bet)
Seat 6: pavluha13 (small blind) folded before Flop
Seat 7: DarkAmber (big blind) collected ($0.02)
Seat 8: causavera folded before Flop (didn't bet)
Seat 9: Dorex2007 folded before Flop (didn't bet)



PokerStars Hand #224715427505:  Hold'em No Limit ($0.01/$0.02 USD) - 2021/03/11 22:23:54 PT [2021/03/12 1:23:54 ET]
Table 'Sadalmelik IV' 9-max Seat #6 is the button
Seat 2: Kupec Danila ($2 in chips) 
Seat 3: MarkAvrelij ($2.37 in chips) 
Seat 4: VMDT. ($2.39 in chips) 
Seat 6: pavluha13 ($2.19 in chips) 
Seat 7: DarkAmber ($2.01 in chips) 
Seat 8: causavera ($1.98 in chips) 
Seat 9: Dorex2007 ($2.50 in chips) 
DarkAmber: posts small blind $0.01
causavera: posts big blind $0.02
*** HOLE CARDS ***
Dealt to Dorex2007 [Kc 4s]
Dorex2007: folds 
Kupec Danila: folds 
MarkAvrelij: folds 
VMDT.: folds 
pavluha13: folds 
DarkAmber: folds 
Uncalled bet ($0.01) returned to causavera
causavera collected $0.02 from pot
causavera: doesn't show hand 
*** SUMMARY ***
Total pot $0.02 | Rake $0 
Seat 2: Kupec Danila folded before Flop (didn't bet)
Seat 3: MarkAvrelij folded before Flop (didn't bet)
Seat 4: VMDT. folded before Flop (didn't bet)
Seat 6: pavluha13 (button) folded before Flop (didn't bet)
Seat 7: DarkAmber (small blind) folded before Flop
Seat 8: causavera (big blind) collected ($0.02)
Seat 9: Dorex2007 folded before Flop (didn't bet)



PokerStars Hand #224715430668:  Hold'em No Limit ($0.01/$0.02 USD) - 2021/03/11 22:24:11 PT [2021/03/12 1:24:11 ET]
Table 'Sadalmelik IV' 9-max Seat #7 is the button
Seat 2: Kupec Danila ($2 in chips) 
Seat 3: MarkAvrelij ($2.37 in chips) 
Seat 4: VMDT. ($2.39 in chips) 
Seat 6: pavluha13 ($2.19 in chips) 
Seat 7: DarkAmber ($2 in chips) 
Seat 8: causavera ($1.99 in chips) 
Seat 9: Dorex2007 ($2.50 in chips) 
causavera: posts small blind $0.01
Dorex2007: posts big blind $0.02
*** HOLE CARDS ***
Dealt to Dorex2007 [Ac 9h]
Kupec Danila: raises $0.04 to $0.06
MarkAvrelij: calls $0.06
VMDT.: folds 
pavluha13: folds 
pavluha13 leaves the table
DarkAmber: folds 
causavera: folds 
Dorex2007: folds 
*** FLOP *** [6s 2h Jd]
Kupec Danila: checks 
MarkAvrelij: bets $0.06
Kupec Danila: folds 
Uncalled bet ($0.06) returned to MarkAvrelij
MarkAvrelij collected $0.14 from pot
MarkAvrelij: doesn't show hand 
*** SUMMARY ***
Total pot $0.15 | Rake $0.01 
Board [6s 2h Jd]
Seat 2: Kupec Danila folded on the Flop
Seat 3: MarkAvrelij collected ($0.14)
Seat 4: VMDT. folded before Flop (didn't bet)
Seat 6: pavluha13 folded before Flop (didn't bet)
Seat 7: DarkAmber (button) folded before Flop (didn't bet)
Seat 8: causavera (small blind) folded before Flop
Seat 9: Dorex2007 (big blind) folded before Flop



PokerStars Hand #224715436106:  Hold'em No Limit ($0.01/$0.02 USD) - 2021/03/11 22:24:39 PT [2021/03/12 1:24:39 ET]
Table 'Sadalmelik IV' 9-max Seat #8 is the button
Seat 2: Kupec Danila ($2 in chips) 
Seat 3: MarkAvrelij ($2.45 in chips) 
Seat 4: VMDT. ($2.39 in chips) 
Seat 7: DarkAmber ($2 in chips) 
Seat 8: causavera ($1.98 in chips) 
Seat 9: Dorex2007 ($2.48 in chips) 
Dorex2007: posts small blind $0.01
Kupec Danila: posts big blind $0.02
*** HOLE CARDS ***
Dealt to Dorex2007 [8s 3h]
MarkAvrelij: folds 
VMDT.: folds 
DarkAmber: folds 
causavera: folds 
Dorex2007: folds 
Uncalled bet ($0.01) returned to Kupec Danila
Kupec Danila collected $0.02 from pot
*** SUMMARY ***
Total pot $0.02 | Rake $0 
Seat 2: Kupec Danila (big blind) collected ($0.02)
Seat 3: MarkAvrelij folded before Flop (didn't bet)
Seat 4: VMDT. folded before Flop (didn't bet)
Seat 7: DarkAmber folded before Flop (didn't bet)
Seat 8: causavera (button) folded before Flop (didn't bet)
Seat 9: Dorex2007 (small blind) folded before Flop



PokerStars Hand #224715438199:  Hold'em No Limit ($0.01/$0.02 USD) - 2021/03/11 22:24:50 PT [2021/03/12 1:24:50 ET]
Table 'Sadalmelik IV' 9-max Seat #9 is the button
Seat 2: Kupec Danila ($2.01 in chips) 
Seat 4: VMDT. ($2.39 in chips) 
Seat 7: DarkAmber ($2 in chips) 
Seat 8: causavera ($1.98 in chips) 
Seat 9: Dorex2007 ($2.47 in chips) 
Kupec Danila: posts small blind $0.01
MarkAvrelij: is sitting out 
VMDT.: posts big blind $0.02
*** HOLE CARDS ***
Dealt to Dorex2007 [9d Td]
MarkAvrelij leaves the table
DarkAmber: folds 
causavera: calls $0.02
Dorex2007: folds 
DarkAmber leaves the table
Kupec Danila: raises $0.06 to $0.08
VMDT.: folds 
causavera: calls $0.06
*** FLOP *** [Js Tc Ts]
VMDT. leaves the table
Kupec Danila: bets $0.13
causavera: calls $0.13
*** TURN *** [Js Tc Ts] [Qs]
Kupec Danila: bets $0.34
causavera: calls $0.34
*** RIVER *** [Js Tc Ts Qs] [4h]
Kupec Danila: bets $1.46 and is all-in
causavera: folds 
Uncalled bet ($1.46) returned to Kupec Danila
Kupec Danila collected $1.08 from pot
*** SUMMARY ***
Total pot $1.12 | Rake $0.04 
Board [Js Tc Ts Qs 4h]
Seat 2: Kupec Danila (small blind) collected ($1.08)
Seat 4: VMDT. (big blind) folded before Flop
Seat 7: DarkAmber folded before Flop (didn't bet)
Seat 8: causavera folded on the River
Seat 9: Dorex2007 (button) folded before Flop (didn't bet)



PokerStars Hand #224715452903:  Hold'em No Limit ($0.01/$0.02 USD) - 2021/03/11 22:26:06 PT [2021/03/12 1:26:06 ET]
Table 'Sadalmelik IV' 9-max Seat #2 is the button
Seat 2: Kupec Danila ($2.54 in chips) 
Seat 8: causavera ($1.43 in chips) 
Seat 9: Dorex2007 ($2.47 in chips) 
causavera: posts small blind $0.01
Dorex2007: posts big blind $0.02
*** HOLE CARDS ***
Dealt to Dorex2007 [2c 9d]
Kupec Danila: raises $0.04 to $0.06
causavera: folds 
Dorex2007: folds 
Uncalled bet ($0.04) returned to Kupec Danila
Kupec Danila collected $0.05 from pot
*** SUMMARY ***
Total pot $0.05 | Rake $0 
Seat 2: Kupec Danila (button) collected ($0.05)
Seat 8: causavera (small blind) folded before Flop
Seat 9: Dorex2007 (big blind) folded before Flop



