PokerStars Hand #224431162126:  Hold'em No Limit ($0.01/$0.02 USD) - 2021/03/03 15:56:27 PT [2021/03/03 18:56:27 ET]
Table 'Ioannisiani' 9-max Seat #2 is the button
Seat 1: Zakeeeu ($2.14 in chips) 
Seat 2: Mapp881 ($2.60 in chips) 
Seat 3: nopo33 ($1.06 in chips) 
Seat 4: Dorex2007 ($1.50 in chips) 
Seat 7: volodya7624 ($3.87 in chips) 
Seat 8: TheEdPlanet ($1.47 in chips) 
Seat 9: RosyyCt91 ($0.80 in chips) 
nopo33: posts small blind $0.01
Dorex2007: posts big blind $0.02
pok.mj: sits out 
JorgeMan: sits out 
*** HOLE CARDS ***
Dealt to Dorex2007 [6h 2c]
volodya7624: folds 
TheEdPlanet: raises $0.02 to $0.04
RosyyCt91: folds 
Zakeeeu: folds 
Mapp881: folds 
nopo33: folds 
Dorex2007: calls $0.02
*** FLOP *** [4s 3s 5c]
Dorex2007: checks 
TheEdPlanet: bets $0.04
Dorex2007: calls $0.04
*** TURN *** [4s 3s 5c] [7d]
Dorex2007: checks 
TheEdPlanet: bets $0.06
Dorex2007: raises $0.12 to $0.18
TheEdPlanet: calls $0.12
*** RIVER *** [4s 3s 5c 7d] [5d]
Dorex2007: bets $0.38
TheEdPlanet: folds 
Uncalled bet ($0.38) returned to Dorex2007
Dorex2007 collected $0.51 from pot
Dorex2007: doesn't show hand 
*** SUMMARY ***
Total pot $0.53 | Rake $0.02 
Board [4s 3s 5c 7d 5d]
Seat 1: Zakeeeu folded before Flop (didn't bet)
Seat 2: Mapp881 (button) folded before Flop (didn't bet)
Seat 3: nopo33 (small blind) folded before Flop
Seat 4: Dorex2007 (big blind) collected ($0.51)
Seat 7: volodya7624 folded before Flop (didn't bet)
Seat 8: TheEdPlanet folded on the River
Seat 9: RosyyCt91 folded before Flop (didn't bet)



PokerStars Hand #224431183842:  Hold'em No Limit ($0.01/$0.02 USD) - 2021/03/03 15:57:26 PT [2021/03/03 18:57:26 ET]
Table 'Ioannisiani' 9-max Seat #3 is the button
Seat 1: Zakeeeu ($2.14 in chips) 
Seat 2: Mapp881 ($2.60 in chips) 
Seat 3: nopo33 ($1.05 in chips) 
Seat 4: Dorex2007 ($1.75 in chips) 
Seat 5: pok.mj ($2 in chips) 
Seat 7: volodya7624 ($3.87 in chips) 
Seat 8: TheEdPlanet ($1.21 in chips) 
Seat 9: RosyyCt91 ($0.80 in chips) 
Dorex2007: posts small blind $0.01
pok.mj: posts big blind $0.02
JorgeMan: sits out 
*** HOLE CARDS ***
Dealt to Dorex2007 [2c 3c]
volodya7624: calls $0.02
TheEdPlanet: raises $0.02 to $0.04
RosyyCt91: folds 
Zakeeeu: folds 
Mapp881: folds 
nopo33: folds 
Dorex2007: calls $0.03
pok.mj: folds 
volodya7624: calls $0.02
*** FLOP *** [Jh 2d As]
Dorex2007: checks 
volodya7624: checks 
TheEdPlanet: bets $0.04
Dorex2007: folds 
volodya7624: folds 
Uncalled bet ($0.04) returned to TheEdPlanet
TheEdPlanet collected $0.14 from pot
TheEdPlanet: doesn't show hand 
*** SUMMARY ***
Total pot $0.14 | Rake $0 
Board [Jh 2d As]
Seat 1: Zakeeeu folded before Flop (didn't bet)
Seat 2: Mapp881 folded before Flop (didn't bet)
Seat 3: nopo33 (button) folded before Flop (didn't bet)
Seat 4: Dorex2007 (small blind) folded on the Flop
Seat 5: pok.mj (big blind) folded before Flop
Seat 7: volodya7624 folded on the Flop
Seat 8: TheEdPlanet collected ($0.14)
Seat 9: RosyyCt91 folded before Flop (didn't bet)



PokerStars Hand #224431205053:  Hold'em No Limit ($0.01/$0.02 USD) - 2021/03/03 15:58:29 PT [2021/03/03 18:58:29 ET]
Table 'Ioannisiani' 9-max Seat #4 is the button
Seat 1: Zakeeeu ($2.14 in chips) 
Seat 2: Mapp881 ($2.60 in chips) 
Seat 3: nopo33 ($1.05 in chips) 
Seat 4: Dorex2007 ($1.71 in chips) 
Seat 5: pok.mj ($2 in chips) 
Seat 6: JorgeMan ($2 in chips) 
Seat 7: volodya7624 ($3.83 in chips) 
Seat 8: TheEdPlanet ($1.31 in chips) 
Seat 9: RosyyCt91 ($0.80 in chips) 
pok.mj: posts small blind $0.01
JorgeMan: posts big blind $0.02
*** HOLE CARDS ***
Dealt to Dorex2007 [3c Tc]
volodya7624: folds 
TheEdPlanet: folds 
RosyyCt91: folds 
Zakeeeu: folds 
Mapp881: calls $0.02
nopo33: folds 
Dorex2007: folds 
pok.mj: raises $0.06 to $0.08
JorgeMan: folds 
Mapp881: calls $0.06
*** FLOP *** [4h 7s 2c]
pok.mj: checks 
Mapp881: checks 
*** TURN *** [4h 7s 2c] [Kh]
pok.mj: checks 
Mapp881: checks 
*** RIVER *** [4h 7s 2c Kh] [2d]
pok.mj: checks 
Mapp881: checks 
*** SHOW DOWN ***
pok.mj: shows [Kd Ah] (two pair, Kings and Deuces)
Mapp881: mucks hand 
pok.mj collected $0.17 from pot
*** SUMMARY ***
Total pot $0.18 | Rake $0.01 
Board [4h 7s 2c Kh 2d]
Seat 1: Zakeeeu folded before Flop (didn't bet)
Seat 2: Mapp881 mucked [Td Jd]
Seat 3: nopo33 folded before Flop (didn't bet)
Seat 4: Dorex2007 (button) folded before Flop (didn't bet)
Seat 5: pok.mj (small blind) showed [Kd Ah] and won ($0.17) with two pair, Kings and Deuces
Seat 6: JorgeMan (big blind) folded before Flop
Seat 7: volodya7624 folded before Flop (didn't bet)
Seat 8: TheEdPlanet folded before Flop (didn't bet)
Seat 9: RosyyCt91 folded before Flop (didn't bet)



PokerStars Hand #224431229200:  Hold'em No Limit ($0.01/$0.02 USD) - 2021/03/03 15:59:41 PT [2021/03/03 18:59:41 ET]
Table 'Ioannisiani' 9-max Seat #5 is the button
Seat 1: Zakeeeu ($2.14 in chips) 
Seat 2: Mapp881 ($2.52 in chips) 
Seat 3: nopo33 ($1.05 in chips) 
Seat 4: Dorex2007 ($1.71 in chips) 
Seat 5: pok.mj ($2.09 in chips) 
Seat 6: JorgeMan ($1.98 in chips) 
Seat 8: TheEdPlanet ($1.31 in chips) 
Seat 9: RosyyCt91 ($0.80 in chips) 
JorgeMan: posts small blind $0.01
TheEdPlanet: posts big blind $0.02
*** HOLE CARDS ***
Dealt to Dorex2007 [6c Td]
RosyyCt91: folds 
Zakeeeu: calls $0.02
Mapp881: calls $0.02
nopo33: folds 
Dorex2007: folds 
pok.mj has timed out
pok.mj: folds 
JorgeMan: folds 
TheEdPlanet: checks 
*** FLOP *** [7s 9c 9s]
TheEdPlanet: checks 
Zakeeeu: checks 
Mapp881: checks 
*** TURN *** [7s 9c 9s] [Ac]
TheEdPlanet: checks 
Zakeeeu: bets $0.07
Mapp881: calls $0.07
TheEdPlanet: folds 
*** RIVER *** [7s 9c 9s Ac] [8s]
Zakeeeu: bets $0.40
Mapp881: calls $0.40
*** SHOW DOWN ***
Zakeeeu: shows [As 6s] (a flush, Ace high)
Mapp881: mucks hand 
Zakeeeu collected $0.97 from pot
*** SUMMARY ***
Total pot $1.01 | Rake $0.04 
Board [7s 9c 9s Ac 8s]
Seat 1: Zakeeeu showed [As 6s] and won ($0.97) with a flush, Ace high
Seat 2: Mapp881 mucked [Ah 6d]
Seat 3: nopo33 folded before Flop (didn't bet)
Seat 4: Dorex2007 folded before Flop (didn't bet)
Seat 5: pok.mj (button) folded before Flop (didn't bet)
Seat 6: JorgeMan (small blind) folded before Flop
Seat 8: TheEdPlanet (big blind) folded on the Turn
Seat 9: RosyyCt91 folded before Flop (didn't bet)



PokerStars Hand #224431254361:  Hold'em No Limit ($0.01/$0.02 USD) - 2021/03/03 16:00:53 PT [2021/03/03 19:00:53 ET]
Table 'Ioannisiani' 9-max Seat #6 is the button
Seat 1: Zakeeeu ($2.62 in chips) 
Seat 2: Mapp881 ($2.03 in chips) 
Seat 3: nopo33 ($1.05 in chips) 
Seat 4: Dorex2007 ($1.71 in chips) 
Seat 5: pok.mj ($2.09 in chips) 
Seat 6: JorgeMan ($1.97 in chips) 
Seat 8: TheEdPlanet ($1.29 in chips) 
Seat 9: RosyyCt91 ($0.80 in chips) 
TheEdPlanet: posts small blind $0.01
RosyyCt91: posts big blind $0.02
*** HOLE CARDS ***
Dealt to Dorex2007 [Tc 6d]
Zakeeeu: folds 
Mapp881: folds 
nopo33: folds 
Dorex2007: folds 
pok.mj: folds 
JorgeMan: raises $0.04 to $0.06
Mapp881 leaves the table
TheEdPlanet: calls $0.05
RosyyCt91: calls $0.04
*** FLOP *** [7s As 7h]
TheEdPlanet: checks 
RosyyCt91: checks 
JorgeMan: checks 
*** TURN *** [7s As 7h] [Ad]
TheEdPlanet: bets $0.04
RosyyCt91: calls $0.04
JorgeMan: folds 
*** RIVER *** [7s As 7h Ad] [4s]
TheEdPlanet: bets $0.12
Gd-cribeiro joins the table at seat #2 
RosyyCt91: folds 
Uncalled bet ($0.12) returned to TheEdPlanet
TheEdPlanet collected $0.25 from pot
TheEdPlanet: doesn't show hand 
*** SUMMARY ***
Total pot $0.26 | Rake $0.01 
Board [7s As 7h Ad 4s]
Seat 1: Zakeeeu folded before Flop (didn't bet)
Seat 2: Mapp881 folded before Flop (didn't bet)
Seat 3: nopo33 folded before Flop (didn't bet)
Seat 4: Dorex2007 folded before Flop (didn't bet)
Seat 5: pok.mj folded before Flop (didn't bet)
Seat 6: JorgeMan (button) folded on the Turn
Seat 8: TheEdPlanet (small blind) collected ($0.25)
Seat 9: RosyyCt91 (big blind) folded on the River



PokerStars Hand #224431279780:  Hold'em No Limit ($0.01/$0.02 USD) - 2021/03/03 16:01:57 PT [2021/03/03 19:01:57 ET]
Table 'Ioannisiani' 9-max Seat #8 is the button
Seat 1: Zakeeeu ($2.62 in chips) 
Seat 3: nopo33 ($1.05 in chips) 
Seat 4: Dorex2007 ($1.71 in chips) 
Seat 5: pok.mj ($2.09 in chips) 
Seat 6: JorgeMan ($1.91 in chips) 
Seat 8: TheEdPlanet ($1.44 in chips) 
Seat 9: RosyyCt91 ($0.70 in chips) 
RosyyCt91: posts small blind $0.01
Zakeeeu: posts big blind $0.02
Gd-cribeiro: sits out 
*** HOLE CARDS ***
Dealt to Dorex2007 [2h As]
nopo33: folds 
Dorex2007: folds 
pok.mj: folds 
JorgeMan: folds 
TheEdPlanet: raises $0.02 to $0.04
RosyyCt91: folds 
Zakeeeu: calls $0.02
*** FLOP *** [3c Jd Ad]
Zakeeeu: checks 
TheEdPlanet: bets $0.02
Zakeeeu: raises $0.02 to $0.04
TheEdPlanet: calls $0.02
*** TURN *** [3c Jd Ad] [Qd]
Zakeeeu: checks 
TheEdPlanet: bets $0.04
Zakeeeu: calls $0.04
*** RIVER *** [3c Jd Ad Qd] [Td]
Zakeeeu: checks 
TheEdPlanet: checks 
*** SHOW DOWN ***
Zakeeeu: shows [2s Ah] (a pair of Aces)
TheEdPlanet: shows [Qc 6d] (a flush, Ace high)
TheEdPlanet collected $0.24 from pot
*** SUMMARY ***
Total pot $0.25 | Rake $0.01 
Board [3c Jd Ad Qd Td]
Seat 1: Zakeeeu (big blind) showed [2s Ah] and lost with a pair of Aces
Seat 3: nopo33 folded before Flop (didn't bet)
Seat 4: Dorex2007 folded before Flop (didn't bet)
Seat 5: pok.mj folded before Flop (didn't bet)
Seat 6: JorgeMan folded before Flop (didn't bet)
Seat 8: TheEdPlanet (button) showed [Qc 6d] and won ($0.24) with a flush, Ace high
Seat 9: RosyyCt91 (small blind) folded before Flop



PokerStars Hand #224431301436:  Hold'em No Limit ($0.01/$0.02 USD) - 2021/03/03 16:02:49 PT [2021/03/03 19:02:49 ET]
Table 'Ioannisiani' 9-max Seat #9 is the button
Seat 1: Zakeeeu ($2.50 in chips) 
Seat 2: Gd-cribeiro ($2 in chips) 
Seat 3: nopo33 ($1.05 in chips) 
Seat 4: Dorex2007 ($1.71 in chips) 
Seat 5: pok.mj ($2.09 in chips) 
Seat 6: JorgeMan ($1.91 in chips) 
Seat 8: TheEdPlanet ($1.56 in chips) 
Seat 9: RosyyCt91 ($0.69 in chips) 
Zakeeeu: posts small blind $0.01
Gd-cribeiro: posts big blind $0.02
volodya7624: sits out 
*** HOLE CARDS ***
Dealt to Dorex2007 [2d 9s]
nopo33: calls $0.02
Dorex2007: folds 
pok.mj: folds 
JorgeMan: folds 
TheEdPlanet: raises $0.02 to $0.04
RosyyCt91: raises $0.08 to $0.12
Zakeeeu: folds 
Gd-cribeiro: folds 
nopo33: folds 
TheEdPlanet: calls $0.08
*** FLOP *** [5d 3s 7s]
Gd-cribeiro leaves the table
TheEdPlanet: checks 
RosyyCt91: bets $0.14
TheEdPlanet: calls $0.14
*** TURN *** [5d 3s 7s] [Qd]
TheEdPlanet: checks 
wander360 joins the table at seat #2 
RosyyCt91: bets $0.27
TheEdPlanet: calls $0.27
*** RIVER *** [5d 3s 7s Qd] [8h]
TheEdPlanet: bets $1.03 and is all-in
RosyyCt91: calls $0.16 and is all-in
Uncalled bet ($0.87) returned to TheEdPlanet
*** SHOW DOWN ***
TheEdPlanet: shows [Ks Th] (high card King)
RosyyCt91: shows [Kc Kd] (a pair of Kings)
RosyyCt91 collected $1.38 from pot
*** SUMMARY ***
Total pot $1.43 | Rake $0.05 
Board [5d 3s 7s Qd 8h]
Seat 1: Zakeeeu (small blind) folded before Flop
Seat 2: Gd-cribeiro (big blind) folded before Flop
Seat 3: nopo33 folded before Flop
Seat 4: Dorex2007 folded before Flop (didn't bet)
Seat 5: pok.mj folded before Flop (didn't bet)
Seat 6: JorgeMan folded before Flop (didn't bet)
Seat 8: TheEdPlanet showed [Ks Th] and lost with high card King
Seat 9: RosyyCt91 (button) showed [Kc Kd] and won ($1.38) with a pair of Kings



PokerStars Hand #224431325971:  Hold'em No Limit ($0.01/$0.02 USD) - 2021/03/03 16:03:47 PT [2021/03/03 19:03:47 ET]
Table 'Ioannisiani' 9-max Seat #1 is the button
Seat 1: Zakeeeu ($2.49 in chips) 
Seat 3: nopo33 ($1.03 in chips) 
Seat 4: Dorex2007 ($1.71 in chips) 
Seat 5: pok.mj ($2.09 in chips) 
Seat 6: JorgeMan ($1.91 in chips) 
Seat 8: TheEdPlanet ($0.87 in chips) 
Seat 9: RosyyCt91 ($1.38 in chips) 
nopo33: posts small blind $0.01
Dorex2007: posts big blind $0.02
volodya7624: sits out 
*** HOLE CARDS ***
Dealt to Dorex2007 [5c 4d]
pok.mj: folds 
JorgeMan: folds 
TheEdPlanet: raises $0.02 to $0.04
RosyyCt91: calls $0.04
Zakeeeu: folds 
nopo33: calls $0.03
Dorex2007: folds 
*** FLOP *** [Jd 3h Tc]
nopo33: bets $0.07
TheEdPlanet: calls $0.07
RosyyCt91: folds 
*** TURN *** [Jd 3h Tc] [3c]
nopo33: bets $0.27
TheEdPlanet: folds 
Uncalled bet ($0.27) returned to nopo33
nopo33 collected $0.27 from pot
nopo33: doesn't show hand 
*** SUMMARY ***
Total pot $0.28 | Rake $0.01 
Board [Jd 3h Tc 3c]
Seat 1: Zakeeeu (button) folded before Flop (didn't bet)
Seat 3: nopo33 (small blind) collected ($0.27)
Seat 4: Dorex2007 (big blind) folded before Flop
Seat 5: pok.mj folded before Flop (didn't bet)
Seat 6: JorgeMan folded before Flop (didn't bet)
Seat 8: TheEdPlanet folded on the Turn
Seat 9: RosyyCt91 folded on the Flop



PokerStars Hand #224431349848:  Hold'em No Limit ($0.01/$0.02 USD) - 2021/03/03 16:04:43 PT [2021/03/03 19:04:43 ET]
Table 'Ioannisiani' 9-max Seat #3 is the button
Seat 1: Zakeeeu ($2.49 in chips) 
Seat 2: wander360 ($0.80 in chips) 
Seat 3: nopo33 ($1.19 in chips) 
Seat 4: Dorex2007 ($1.69 in chips) 
Seat 5: pok.mj ($2.09 in chips) 
Seat 6: JorgeMan ($1.91 in chips) 
Seat 8: TheEdPlanet ($0.76 in chips) 
Seat 9: RosyyCt91 ($1.34 in chips) 
Dorex2007: posts small blind $0.01
pok.mj: posts big blind $0.02
volodya7624: sits out 
wander360: posts big blind $0.02
*** HOLE CARDS ***
Dealt to Dorex2007 [Ac 7d]
JorgeMan: folds 
TheEdPlanet: folds 
RosyyCt91: folds 
Zakeeeu: raises $0.05 to $0.07
wander360: folds 
nopo33: folds 
Dorex2007: folds 
pok.mj: folds 
Uncalled bet ($0.05) returned to Zakeeeu
Zakeeeu collected $0.07 from pot
Zakeeeu: doesn't show hand 
*** SUMMARY ***
Total pot $0.07 | Rake $0 
Seat 1: Zakeeeu collected ($0.07)
Seat 2: wander360 folded before Flop (didn't bet)
Seat 3: nopo33 (button) folded before Flop (didn't bet)
Seat 4: Dorex2007 (small blind) folded before Flop
Seat 5: pok.mj (big blind) folded before Flop
Seat 6: JorgeMan folded before Flop (didn't bet)
Seat 8: TheEdPlanet folded before Flop (didn't bet)
Seat 9: RosyyCt91 folded before Flop (didn't bet)



PokerStars Hand #224431375244:  Hold'em No Limit ($0.01/$0.02 USD) - 2021/03/03 16:05:23 PT [2021/03/03 19:05:23 ET]
Table 'Ioannisiani' 9-max Seat #4 is the button
Seat 1: Zakeeeu ($2.54 in chips) 
Seat 2: wander360 ($0.78 in chips) 
Seat 3: nopo33 ($1.19 in chips) 
Seat 4: Dorex2007 ($1.68 in chips) 
Seat 5: pok.mj ($2.07 in chips) 
Seat 6: JorgeMan ($1.91 in chips) 
Seat 8: TheEdPlanet ($0.76 in chips) 
Seat 9: RosyyCt91 ($1.34 in chips) 
pok.mj: posts small blind $0.01
JorgeMan: posts big blind $0.02
volodya7624: sits out 
*** HOLE CARDS ***
Dealt to Dorex2007 [8c 5d]
TheEdPlanet: calls $0.02
RosyyCt91: calls $0.02
Zakeeeu: raises $0.04 to $0.06
wander360: folds 
nopo33: folds 
Dorex2007: folds 
pok.mj: calls $0.05
JorgeMan: folds 
TheEdPlanet: folds 
RosyyCt91: calls $0.04
*** FLOP *** [Jc 5h 8h]
pok.mj: checks 
RosyyCt91: checks 
Zakeeeu: bets $0.08
pok.mj: folds 
RosyyCt91: calls $0.08
*** TURN *** [Jc 5h 8h] [Ad]
RosyyCt91: bets $0.02
Zakeeeu: calls $0.02
*** RIVER *** [Jc 5h 8h Ad] [Qc]
RosyyCt91: bets $0.02
Zakeeeu: calls $0.02
*** SHOW DOWN ***
RosyyCt91: shows [4h Ah] (a pair of Aces)
Zakeeeu: mucks hand 
RosyyCt91 collected $0.44 from pot
*** SUMMARY ***
Total pot $0.46 | Rake $0.02 
Board [Jc 5h 8h Ad Qc]
Seat 1: Zakeeeu mucked [Kd Jh]
Seat 2: wander360 folded before Flop (didn't bet)
Seat 3: nopo33 folded before Flop (didn't bet)
Seat 4: Dorex2007 (button) folded before Flop (didn't bet)
Seat 5: pok.mj (small blind) folded on the Flop
Seat 6: JorgeMan (big blind) folded before Flop
Seat 8: TheEdPlanet folded before Flop
Seat 9: RosyyCt91 showed [4h Ah] and won ($0.44) with a pair of Aces



PokerStars Hand #224431415679:  Hold'em No Limit ($0.01/$0.02 USD) - 2021/03/03 16:06:36 PT [2021/03/03 19:06:36 ET]
Table 'Ioannisiani' 9-max Seat #5 is the button
Seat 1: Zakeeeu ($2.36 in chips) 
Seat 2: wander360 ($0.78 in chips) 
Seat 3: nopo33 ($1.19 in chips) 
Seat 4: Dorex2007 ($1.68 in chips) 
Seat 5: pok.mj ($2.01 in chips) 
Seat 6: JorgeMan ($2 in chips) 
Seat 7: volodya7624 ($3.83 in chips) 
Seat 8: TheEdPlanet ($0.74 in chips) 
Seat 9: RosyyCt91 ($1.60 in chips) 
JorgeMan: posts small blind $0.01
volodya7624: posts big blind $0.02
*** HOLE CARDS ***
Dealt to Dorex2007 [4d 8s]
TheEdPlanet: folds 
RosyyCt91: folds 
Zakeeeu: folds 
wander360: folds 
nopo33: folds 
Dorex2007: folds 
pok.mj has timed out
pok.mj: folds 
JorgeMan: raises $0.04 to $0.06
volodya7624: folds 
Uncalled bet ($0.04) returned to JorgeMan
JorgeMan collected $0.04 from pot
JorgeMan: doesn't show hand 
*** SUMMARY ***
Total pot $0.04 | Rake $0 
Seat 1: Zakeeeu folded before Flop (didn't bet)
Seat 2: wander360 folded before Flop (didn't bet)
Seat 3: nopo33 folded before Flop (didn't bet)
Seat 4: Dorex2007 folded before Flop (didn't bet)
Seat 5: pok.mj (button) folded before Flop (didn't bet)
Seat 6: JorgeMan (small blind) collected ($0.04)
Seat 7: volodya7624 (big blind) folded before Flop
Seat 8: TheEdPlanet folded before Flop (didn't bet)
Seat 9: RosyyCt91 folded before Flop (didn't bet)



PokerStars Hand #224431427453:  Hold'em No Limit ($0.01/$0.02 USD) - 2021/03/03 16:07:04 PT [2021/03/03 19:07:04 ET]
Table 'Ioannisiani' 9-max Seat #6 is the button
Seat 1: Zakeeeu ($2.36 in chips) 
Seat 2: wander360 ($0.78 in chips) 
Seat 3: nopo33 ($1.19 in chips) 
Seat 4: Dorex2007 ($1.68 in chips) 
Seat 5: pok.mj ($2.01 in chips) 
Seat 6: JorgeMan ($2.02 in chips) 
Seat 7: volodya7624 ($3.81 in chips) 
Seat 8: TheEdPlanet ($0.74 in chips) 
Seat 9: RosyyCt91 ($1.60 in chips) 
volodya7624: posts small blind $0.01
TheEdPlanet: posts big blind $0.02
*** HOLE CARDS ***
Dealt to Dorex2007 [As 5s]
RosyyCt91: folds 
Zakeeeu: calls $0.02
wander360: raises $0.04 to $0.06
nopo33: folds 
Dorex2007: calls $0.06
pok.mj: folds 
JorgeMan: folds 
volodya7624: folds 
TheEdPlanet: folds 
Zakeeeu: calls $0.04
*** FLOP *** [5c 8h 2c]
Zakeeeu: checks 
wander360: bets $0.08
Dorex2007: raises $0.08 to $0.16
Zakeeeu: folds 
wander360: calls $0.08
*** TURN *** [5c 8h 2c] [8d]
wander360: checks 
Dorex2007: bets $0.38
wander360: raises $0.18 to $0.56 and is all-in
Dorex2007: calls $0.18
*** RIVER *** [5c 8h 2c 8d] [Qs]
*** SHOW DOWN ***
wander360: shows [Ad Ac] (two pair, Aces and Eights)
Dorex2007: shows [As 5s] (two pair, Eights and Fives)
wander360 collected $1.59 from pot
*** SUMMARY ***
Total pot $1.65 | Rake $0.06 
Board [5c 8h 2c 8d Qs]
Seat 1: Zakeeeu folded on the Flop
Seat 2: wander360 showed [Ad Ac] and won ($1.59) with two pair, Aces and Eights
Seat 3: nopo33 folded before Flop (didn't bet)
Seat 4: Dorex2007 showed [As 5s] and lost with two pair, Eights and Fives
Seat 5: pok.mj folded before Flop (didn't bet)
Seat 6: JorgeMan (button) folded before Flop (didn't bet)
Seat 7: volodya7624 (small blind) folded before Flop
Seat 8: TheEdPlanet (big blind) folded before Flop
Seat 9: RosyyCt91 folded before Flop (didn't bet)



PokerStars Hand #224431452485:  Hold'em No Limit ($0.01/$0.02 USD) - 2021/03/03 16:08:04 PT [2021/03/03 19:08:04 ET]
Table 'Ioannisiani' 9-max Seat #7 is the button
Seat 1: Zakeeeu ($2.30 in chips) 
Seat 2: wander360 ($1.59 in chips) 
Seat 3: nopo33 ($1.19 in chips) 
Seat 4: Dorex2007 ($0.90 in chips) 
Seat 5: pok.mj ($2.01 in chips) 
Seat 6: JorgeMan ($2.02 in chips) 
Seat 7: volodya7624 ($3.80 in chips) 
Seat 8: TheEdPlanet ($0.72 in chips) 
Seat 9: RosyyCt91 ($1.60 in chips) 
TheEdPlanet: posts small blind $0.01
RosyyCt91: posts big blind $0.02
*** HOLE CARDS ***
Dealt to Dorex2007 [3c 4s]
Zakeeeu: folds 
wander360: raises $0.02 to $0.04
nopo33: folds 
Dorex2007: calls $0.04
pok.mj: folds 
JorgeMan: folds 
volodya7624: folds 
TheEdPlanet: raises $0.68 to $0.72 and is all-in
RosyyCt91: folds 
wander360: calls $0.68
Dorex2007: folds 
*** FLOP *** [8d 6d 9d]
*** TURN *** [8d 6d 9d] [Ks]
*** RIVER *** [8d 6d 9d Ks] [6h]
*** SHOW DOWN ***
TheEdPlanet: shows [5h 5d] (two pair, Sixes and Fives)
wander360: shows [Ac Kd] (two pair, Kings and Sixes)
wander360 collected $1.45 from pot
*** SUMMARY ***
Total pot $1.50 | Rake $0.05 
Board [8d 6d 9d Ks 6h]
Seat 1: Zakeeeu folded before Flop (didn't bet)
Seat 2: wander360 showed [Ac Kd] and won ($1.45) with two pair, Kings and Sixes
Seat 3: nopo33 folded before Flop (didn't bet)
Seat 4: Dorex2007 folded before Flop
Seat 5: pok.mj folded before Flop (didn't bet)
Seat 6: JorgeMan folded before Flop (didn't bet)
Seat 7: volodya7624 (button) folded before Flop (didn't bet)
Seat 8: TheEdPlanet (small blind) showed [5h 5d] and lost with two pair, Sixes and Fives
Seat 9: RosyyCt91 (big blind) folded before Flop



PokerStars Hand #224431484754:  Hold'em No Limit ($0.01/$0.02 USD) - 2021/03/03 16:09:10 PT [2021/03/03 19:09:10 ET]
Table 'Ioannisiani' 9-max Seat #9 is the button
Seat 1: Zakeeeu ($2.30 in chips) 
Seat 2: wander360 ($2.32 in chips) 
Seat 3: nopo33 ($1.19 in chips) 
Seat 4: Dorex2007 ($0.86 in chips) 
Seat 6: JorgeMan ($2.02 in chips) 
Seat 7: volodya7624 ($3.80 in chips) 
Seat 9: RosyyCt91 ($1.58 in chips) 
Zakeeeu: posts small blind $0.01
wander360: posts big blind $0.02
*** HOLE CARDS ***
Dealt to Dorex2007 [2d Jc]
nopo33: folds 
Dorex2007: folds 
JorgeMan: folds 
volodya7624: folds 
RosyyCt91: calls $0.02
Zakeeeu: calls $0.01
wander360: raises $0.06 to $0.08
RosyyCt91: calls $0.06
Zakeeeu: folds 
*** FLOP *** [Kd 2s 3c]
wander360: checks 
RosyyCt91: checks 
*** TURN *** [Kd 2s 3c] [4s]
wander360: bets $0.06
RosyyCt91: calls $0.06
*** RIVER *** [Kd 2s 3c 4s] [9s]
wander360: bets $0.16
RosyyCt91: folds 
Uncalled bet ($0.16) returned to wander360
wander360 collected $0.29 from pot
wander360: doesn't show hand 
*** SUMMARY ***
Total pot $0.30 | Rake $0.01 
Board [Kd 2s 3c 4s 9s]
Seat 1: Zakeeeu (small blind) folded before Flop
Seat 2: wander360 (big blind) collected ($0.29)
Seat 3: nopo33 folded before Flop (didn't bet)
Seat 4: Dorex2007 folded before Flop (didn't bet)
Seat 6: JorgeMan folded before Flop (didn't bet)
Seat 7: volodya7624 folded before Flop (didn't bet)
Seat 9: RosyyCt91 (button) folded on the River



PokerStars Hand #224431500970:  Hold'em No Limit ($0.01/$0.02 USD) - 2021/03/03 16:09:49 PT [2021/03/03 19:09:49 ET]
Table 'Ioannisiani' 9-max Seat #1 is the button
Seat 1: Zakeeeu ($2.28 in chips) 
Seat 2: wander360 ($2.47 in chips) 
Seat 3: nopo33 ($1.19 in chips) 
Seat 4: Dorex2007 ($0.86 in chips) 
Seat 6: JorgeMan ($2.02 in chips) 
Seat 7: volodya7624 ($3.80 in chips) 
Seat 8: TheEdPlanet ($2 in chips) 
Seat 9: RosyyCt91 ($1.44 in chips) 
wander360: posts small blind $0.01
nopo33: posts big blind $0.02
*** HOLE CARDS ***
Dealt to Dorex2007 [3s Qh]
Dorex2007: folds 
JorgeMan: folds 
volodya7624: folds 
TheEdPlanet: raises $0.02 to $0.04
RosyyCt91: folds 
Zakeeeu: folds 
wander360: folds 
nopo33: calls $0.02
*** FLOP *** [9d 6s 5h]
nopo33: checks 
TheEdPlanet: checks 
*** TURN *** [9d 6s 5h] [Tc]
nopo33: checks 
TheEdPlanet: bets $0.02
Zakeeeu leaves the table
nopo33: folds 
Uncalled bet ($0.02) returned to TheEdPlanet
TheEdPlanet collected $0.09 from pot
TheEdPlanet: doesn't show hand 
*** SUMMARY ***
Total pot $0.09 | Rake $0 
Board [9d 6s 5h Tc]
Seat 1: Zakeeeu (button) folded before Flop (didn't bet)
Seat 2: wander360 (small blind) folded before Flop
Seat 3: nopo33 (big blind) folded on the Turn
Seat 4: Dorex2007 folded before Flop (didn't bet)
Seat 6: JorgeMan folded before Flop (didn't bet)
Seat 7: volodya7624 folded before Flop (didn't bet)
Seat 8: TheEdPlanet collected ($0.09)
Seat 9: RosyyCt91 folded before Flop (didn't bet)



PokerStars Hand #224431527337:  Hold'em No Limit ($0.01/$0.02 USD) - 2021/03/03 16:10:54 PT [2021/03/03 19:10:54 ET]
Table 'Ioannisiani' 9-max Seat #2 is the button
Seat 2: wander360 ($2.46 in chips) 
Seat 3: nopo33 ($1.15 in chips) 
Seat 4: Dorex2007 ($0.86 in chips) 
Seat 6: JorgeMan ($2.02 in chips) 
Seat 7: volodya7624 ($3.80 in chips) 
Seat 8: TheEdPlanet ($2.05 in chips) 
Seat 9: RosyyCt91 ($1.44 in chips) 
nopo33: posts small blind $0.01
Dorex2007: posts big blind $0.02
*** HOLE CARDS ***
Dealt to Dorex2007 [8c 6s]
JorgeMan: folds 
volodya7624: folds 
TheEdPlanet: raises $0.02 to $0.04
RosyyCt91: calls $0.04
wander360: calls $0.04
nopo33: folds 
Dorex2007: folds 
*** FLOP *** [8s 6d Qs]
TheEdPlanet: bets $0.06
RosyyCt91: folds 
wander360: calls $0.06
*** TURN *** [8s 6d Qs] [Ts]
LimpaTudo22 joins the table at seat #1 
TheEdPlanet: bets $0.08
wander360: calls $0.08
*** RIVER *** [8s 6d Qs Ts] [8h]
TheEdPlanet: bets $0.08
wander360: calls $0.08
*** SHOW DOWN ***
TheEdPlanet: shows [Qd 9s] (two pair, Queens and Eights)
wander360: shows [Qh Ah] (two pair, Queens and Eights - Ace kicker)
wander360 collected $0.57 from pot
*** SUMMARY ***
Total pot $0.59 | Rake $0.02 
Board [8s 6d Qs Ts 8h]
Seat 2: wander360 (button) showed [Qh Ah] and won ($0.57) with two pair, Queens and Eights
Seat 3: nopo33 (small blind) folded before Flop
Seat 4: Dorex2007 (big blind) folded before Flop
Seat 6: JorgeMan folded before Flop (didn't bet)
Seat 7: volodya7624 folded before Flop (didn't bet)
Seat 8: TheEdPlanet showed [Qd 9s] and lost with two pair, Queens and Eights
Seat 9: RosyyCt91 folded on the Flop



PokerStars Hand #224431544454:  Hold'em No Limit ($0.01/$0.02 USD) - 2021/03/03 16:11:36 PT [2021/03/03 19:11:36 ET]
Table 'Ioannisiani' 9-max Seat #3 is the button
Seat 2: wander360 ($2.77 in chips) 
Seat 3: nopo33 ($1.14 in chips) 
Seat 4: Dorex2007 ($0.84 in chips) 
Seat 6: JorgeMan ($2.02 in chips) 
Seat 7: volodya7624 ($3.80 in chips) 
Seat 8: TheEdPlanet ($1.79 in chips) 
Seat 9: RosyyCt91 ($1.40 in chips) 
Dorex2007: posts small blind $0.01
JorgeMan: posts big blind $0.02
LimpaTudo22: sits out 
*** HOLE CARDS ***
Dealt to Dorex2007 [Ks 2h]
volodya7624: folds 
TheEdPlanet: raises $0.02 to $0.04
RosyyCt91: calls $0.04
wander360: folds 
nopo33: folds 
Dorex2007: calls $0.03
JorgeMan: calls $0.02
*** FLOP *** [Kd 4c 3h]
Dorex2007: bets $0.11
JorgeMan: folds 
TheEdPlanet: folds 
RosyyCt91: folds 
Uncalled bet ($0.11) returned to Dorex2007
Dorex2007 collected $0.15 from pot
Dorex2007: doesn't show hand 
*** SUMMARY ***
Total pot $0.16 | Rake $0.01 
Board [Kd 4c 3h]
Seat 2: wander360 folded before Flop (didn't bet)
Seat 3: nopo33 (button) folded before Flop (didn't bet)
Seat 4: Dorex2007 (small blind) collected ($0.15)
Seat 6: JorgeMan (big blind) folded on the Flop
Seat 7: volodya7624 folded before Flop (didn't bet)
Seat 8: TheEdPlanet folded on the Flop
Seat 9: RosyyCt91 folded on the Flop



PokerStars Hand #224431564240:  Hold'em No Limit ($0.01/$0.02 USD) - 2021/03/03 16:12:24 PT [2021/03/03 19:12:24 ET]
Table 'Ioannisiani' 9-max Seat #4 is the button
Seat 2: wander360 ($2.77 in chips) 
Seat 3: nopo33 ($1.14 in chips) 
Seat 4: Dorex2007 ($0.95 in chips) 
Seat 6: JorgeMan ($1.98 in chips) 
Seat 7: volodya7624 ($3.80 in chips) 
Seat 8: TheEdPlanet ($1.75 in chips) 
Seat 9: RosyyCt91 ($1.36 in chips) 
JorgeMan: posts small blind $0.01
volodya7624: posts big blind $0.02
LimpaTudo22: sits out 
*** HOLE CARDS ***
Dealt to Dorex2007 [5s 9h]
TheEdPlanet: folds 
RosyyCt91: calls $0.02
wander360: folds 
nopo33: folds 
Dorex2007: folds 
JorgeMan: calls $0.01
volodya7624: checks 
*** FLOP *** [Jd 6c Qc]
JorgeMan: checks 
volodya7624: checks 
RosyyCt91: checks 
*** TURN *** [Jd 6c Qc] [6d]
JorgeMan: bets $0.06
volodya7624: folds 
RosyyCt91: folds 
Uncalled bet ($0.06) returned to JorgeMan
JorgeMan collected $0.06 from pot
JorgeMan: doesn't show hand 
*** SUMMARY ***
Total pot $0.06 | Rake $0 
Board [Jd 6c Qc 6d]
Seat 2: wander360 folded before Flop (didn't bet)
Seat 3: nopo33 folded before Flop (didn't bet)
Seat 4: Dorex2007 (button) folded before Flop (didn't bet)
Seat 6: JorgeMan (small blind) collected ($0.06)
Seat 7: volodya7624 (big blind) folded on the Turn
Seat 8: TheEdPlanet folded before Flop (didn't bet)
Seat 9: RosyyCt91 folded on the Turn



PokerStars Hand #224431578610:  Hold'em No Limit ($0.01/$0.02 USD) - 2021/03/03 16:13:00 PT [2021/03/03 19:13:00 ET]
Table 'Ioannisiani' 9-max Seat #6 is the button
Seat 2: wander360 ($2.77 in chips) 
Seat 3: nopo33 ($1.14 in chips) 
Seat 4: Dorex2007 ($0.95 in chips) 
Seat 6: JorgeMan ($2.02 in chips) 
Seat 7: volodya7624 ($3.78 in chips) 
Seat 8: TheEdPlanet ($1.75 in chips) 
Seat 9: RosyyCt91 ($1.34 in chips) 
volodya7624: posts small blind $0.01
TheEdPlanet: posts big blind $0.02
LimpaTudo22: sits out 
*** HOLE CARDS ***
Dealt to Dorex2007 [3h 4h]
RosyyCt91: folds 
wander360: folds 
nopo33: folds 
Dorex2007: calls $0.02
JorgeMan: folds 
volodya7624: calls $0.01
TheEdPlanet: checks 
*** FLOP *** [Kd 2c Jd]
volodya7624: checks 
TheEdPlanet: bets $0.02
Dorex2007: folds 
volodya7624: folds 
Uncalled bet ($0.02) returned to TheEdPlanet
TheEdPlanet collected $0.06 from pot
TheEdPlanet: doesn't show hand 
*** SUMMARY ***
Total pot $0.06 | Rake $0 
Board [Kd 2c Jd]
Seat 2: wander360 folded before Flop (didn't bet)
Seat 3: nopo33 folded before Flop (didn't bet)
Seat 4: Dorex2007 folded on the Flop
Seat 6: JorgeMan (button) folded before Flop (didn't bet)
Seat 7: volodya7624 (small blind) folded on the Flop
Seat 8: TheEdPlanet (big blind) collected ($0.06)
Seat 9: RosyyCt91 folded before Flop (didn't bet)



PokerStars Hand #224431593168:  Hold'em No Limit ($0.01/$0.02 USD) - 2021/03/03 16:13:36 PT [2021/03/03 19:13:36 ET]
Table 'Ioannisiani' 9-max Seat #7 is the button
Seat 2: wander360 ($2.77 in chips) 
Seat 3: nopo33 ($1.14 in chips) 
Seat 4: Dorex2007 ($0.93 in chips) 
Seat 6: JorgeMan ($2.02 in chips) 
Seat 7: volodya7624 ($3.76 in chips) 
Seat 8: TheEdPlanet ($1.79 in chips) 
Seat 9: RosyyCt91 ($1.34 in chips) 
TheEdPlanet: posts small blind $0.01
RosyyCt91: posts big blind $0.02
LimpaTudo22: sits out 
*** HOLE CARDS ***
Dealt to Dorex2007 [5s 9s]
wander360: folds 
nopo33: folds 
Dorex2007: folds 
JorgeMan: folds 
volodya7624: calls $0.02
TheEdPlanet: folds 
RosyyCt91: checks 
*** FLOP *** [9d Ac 2d]
RosyyCt91: checks 
volodya7624: checks 
*** TURN *** [9d Ac 2d] [5c]
RosyyCt91: checks 
volodya7624: checks 
*** RIVER *** [9d Ac 2d 5c] [7c]
RosyyCt91: checks 
volodya7624: checks 
*** SHOW DOWN ***
RosyyCt91: shows [4h 6h] (high card Ace)
volodya7624: shows [Kd Jc] (high card Ace - King kicker)
volodya7624 collected $0.05 from pot
*** SUMMARY ***
Total pot $0.05 | Rake $0 
Board [9d Ac 2d 5c 7c]
Seat 2: wander360 folded before Flop (didn't bet)
Seat 3: nopo33 folded before Flop (didn't bet)
Seat 4: Dorex2007 folded before Flop (didn't bet)
Seat 6: JorgeMan folded before Flop (didn't bet)
Seat 7: volodya7624 (button) showed [Kd Jc] and won ($0.05) with high card Ace
Seat 8: TheEdPlanet (small blind) folded before Flop
Seat 9: RosyyCt91 (big blind) showed [4h 6h] and lost with high card Ace



PokerStars Hand #224431605832:  Hold'em No Limit ($0.01/$0.02 USD) - 2021/03/03 16:14:07 PT [2021/03/03 19:14:07 ET]
Table 'Ioannisiani' 9-max Seat #8 is the button
Seat 1: LimpaTudo22 ($0.80 in chips) 
Seat 2: wander360 ($2.77 in chips) 
Seat 3: nopo33 ($1.14 in chips) 
Seat 4: Dorex2007 ($0.93 in chips) 
Seat 6: JorgeMan ($2.02 in chips) 
Seat 7: volodya7624 ($3.79 in chips) 
Seat 8: TheEdPlanet ($1.78 in chips) 
Seat 9: RosyyCt91 ($1.32 in chips) 
RosyyCt91: posts small blind $0.01
LimpaTudo22: posts big blind $0.02
*** HOLE CARDS ***
Dealt to Dorex2007 [Qh Td]
wander360: folds 
nopo33: folds 
Dorex2007: calls $0.02
JorgeMan: calls $0.02
volodya7624: folds 
TheEdPlanet: calls $0.02
RosyyCt91: calls $0.01
LimpaTudo22: checks 
*** FLOP *** [2d 6c 6h]
RosyyCt91: checks 
LimpaTudo22: checks 
Dorex2007: checks 
JorgeMan: checks 
TheEdPlanet: bets $0.02
RosyyCt91: folds 
LimpaTudo22: calls $0.02
Dorex2007: calls $0.02
JorgeMan: folds 
*** TURN *** [2d 6c 6h] [4h]
LimpaTudo22: checks 
Dorex2007: checks 
TheEdPlanet: bets $0.04
LimpaTudo22: calls $0.04
Dorex2007: folds 
*** RIVER *** [2d 6c 6h 4h] [7s]
volodya7624 is disconnected 
LimpaTudo22: checks 
TheEdPlanet: bets $0.06
LimpaTudo22: raises $0.06 to $0.12
TheEdPlanet: calls $0.06
*** SHOW DOWN ***
LimpaTudo22: shows [Jc 6d] (three of a kind, Sixes)
TheEdPlanet: mucks hand 
LimpaTudo22 collected $0.46 from pot
*** SUMMARY ***
Total pot $0.48 | Rake $0.02 
Board [2d 6c 6h 4h 7s]
Seat 1: LimpaTudo22 (big blind) showed [Jc 6d] and won ($0.46) with three of a kind, Sixes
Seat 2: wander360 folded before Flop (didn't bet)
Seat 3: nopo33 folded before Flop (didn't bet)
Seat 4: Dorex2007 folded on the Turn
Seat 6: JorgeMan folded on the Flop
Seat 7: volodya7624 folded before Flop (didn't bet)
Seat 8: TheEdPlanet (button) mucked [4c 5s]
Seat 9: RosyyCt91 (small blind) folded on the Flop



PokerStars Hand #224431642881:  Hold'em No Limit ($0.01/$0.02 USD) - 2021/03/03 16:15:39 PT [2021/03/03 19:15:39 ET]
Table 'Ioannisiani' 9-max Seat #9 is the button
Seat 1: LimpaTudo22 ($1.06 in chips) 
Seat 2: wander360 ($2.77 in chips) 
Seat 3: nopo33 ($1.14 in chips) 
Seat 4: Dorex2007 ($0.89 in chips) 
Seat 6: JorgeMan ($2 in chips) 
Seat 7: volodya7624 ($3.79 in chips) 
Seat 8: TheEdPlanet ($1.58 in chips) 
Seat 9: RosyyCt91 ($1.30 in chips) 
LimpaTudo22: posts small blind $0.01
wander360: posts big blind $0.02
*** HOLE CARDS ***
Dealt to Dorex2007 [Td 3s]
nopo33: folds 
Dorex2007: folds 
JorgeMan: folds 
volodya7624 has timed out while disconnected
volodya7624: folds 
TheEdPlanet: raises $0.02 to $0.04
RosyyCt91: folds 
LimpaTudo22: folds 
wander360: calls $0.02
*** FLOP *** [5c Tc 9s]
wander360: checks 
TheEdPlanet: checks 
*** TURN *** [5c Tc 9s] [As]
wander360: checks 
TheEdPlanet: bets $0.02
wander360: calls $0.02
*** RIVER *** [5c Tc 9s As] [2d]
wander360: bets $0.06
TheEdPlanet: calls $0.06
*** SHOW DOWN ***
wander360: shows [Ah 2h] (two pair, Aces and Deuces)
TheEdPlanet: mucks hand 
wander360 collected $0.24 from pot
*** SUMMARY ***
Total pot $0.25 | Rake $0.01 
Board [5c Tc 9s As 2d]
Seat 1: LimpaTudo22 (small blind) folded before Flop
Seat 2: wander360 (big blind) showed [Ah 2h] and won ($0.24) with two pair, Aces and Deuces
Seat 3: nopo33 folded before Flop (didn't bet)
Seat 4: Dorex2007 folded before Flop (didn't bet)
Seat 6: JorgeMan folded before Flop (didn't bet)
Seat 7: volodya7624 folded before Flop (didn't bet)
Seat 8: TheEdPlanet mucked [Jd Kc]
Seat 9: RosyyCt91 (button) folded before Flop (didn't bet)



PokerStars Hand #224431666011:  Hold'em No Limit ($0.01/$0.02 USD) - 2021/03/03 16:16:37 PT [2021/03/03 19:16:37 ET]
Table 'Ioannisiani' 9-max Seat #1 is the button
Seat 1: LimpaTudo22 ($1.05 in chips) 
Seat 2: wander360 ($2.89 in chips) 
Seat 3: nopo33 ($1.14 in chips) 
Seat 4: Dorex2007 ($0.89 in chips) 
Seat 6: JorgeMan ($2 in chips) 
Seat 8: TheEdPlanet ($1.46 in chips) 
Seat 9: RosyyCt91 ($1.30 in chips) 
wander360: posts small blind $0.01
nopo33: posts big blind $0.02
*** HOLE CARDS ***
Dealt to Dorex2007 [As 9d]
Dorex2007: folds 
JorgeMan: folds 
TheEdPlanet: folds 
RosyyCt91: folds 
LimpaTudo22: folds 
wander360: calls $0.01
nopo33: checks 
*** FLOP *** [8s Kd Kh]
wander360: checks 
nopo33: checks 
*** TURN *** [8s Kd Kh] [8d]
wander360: checks 
nopo33: checks 
*** RIVER *** [8s Kd Kh 8d] [2h]
wander360: checks 
nopo33: checks 
*** SHOW DOWN ***
wander360: shows [7s 6s] (two pair, Kings and Eights)
nopo33: mucks hand 
wander360 collected $0.04 from pot
*** SUMMARY ***
Total pot $0.04 | Rake $0 
Board [8s Kd Kh 8d 2h]
Seat 1: LimpaTudo22 (button) folded before Flop (didn't bet)
Seat 2: wander360 (small blind) showed [7s 6s] and won ($0.04) with two pair, Kings and Eights
Seat 3: nopo33 (big blind) mucked [5s 5d]
Seat 4: Dorex2007 folded before Flop (didn't bet)
Seat 6: JorgeMan folded before Flop (didn't bet)
Seat 8: TheEdPlanet folded before Flop (didn't bet)
Seat 9: RosyyCt91 folded before Flop (didn't bet)



PokerStars Hand #224431678694:  Hold'em No Limit ($0.01/$0.02 USD) - 2021/03/03 16:17:09 PT [2021/03/03 19:17:09 ET]
Table 'Ioannisiani' 9-max Seat #2 is the button
Seat 1: LimpaTudo22 ($1.05 in chips) 
Seat 2: wander360 ($2.91 in chips) 
Seat 3: nopo33 ($1.12 in chips) 
Seat 4: Dorex2007 ($0.89 in chips) 
Seat 6: JorgeMan ($2 in chips) 
Seat 8: TheEdPlanet ($1.46 in chips) 
Seat 9: RosyyCt91 ($1.30 in chips) 
nopo33: posts small blind $0.01
Dorex2007: posts big blind $0.02
*** HOLE CARDS ***
Dealt to Dorex2007 [4s Kh]
JorgeMan: folds 
TheEdPlanet: raises $0.02 to $0.04
RosyyCt91: folds 
LimpaTudo22: folds 
wander360: folds 
nopo33: folds 
Dorex2007: calls $0.02
*** FLOP *** [3d Kc 7s]
Dorex2007: checks 
TheEdPlanet: checks 
*** TURN *** [3d Kc 7s] [Jc]
wander360 leaves the table
Dorex2007: bets $0.07
TheEdPlanet: folds 
Uncalled bet ($0.07) returned to Dorex2007
Dorex2007 collected $0.09 from pot
Dorex2007: doesn't show hand 
*** SUMMARY ***
Total pot $0.09 | Rake $0 
Board [3d Kc 7s Jc]
Seat 1: LimpaTudo22 folded before Flop (didn't bet)
Seat 2: wander360 (button) folded before Flop (didn't bet)
Seat 3: nopo33 (small blind) folded before Flop
Seat 4: Dorex2007 (big blind) collected ($0.09)
Seat 6: JorgeMan folded before Flop (didn't bet)
Seat 8: TheEdPlanet folded on the Turn
Seat 9: RosyyCt91 folded before Flop (didn't bet)



PokerStars Hand #224431696414:  Hold'em No Limit ($0.01/$0.02 USD) - 2021/03/03 16:17:53 PT [2021/03/03 19:17:53 ET]
Table 'Ioannisiani' 9-max Seat #3 is the button
Seat 1: LimpaTudo22 ($1.05 in chips) 
Seat 3: nopo33 ($1.11 in chips) 
Seat 4: Dorex2007 ($0.94 in chips) 
Seat 6: JorgeMan ($2 in chips) 
Seat 8: TheEdPlanet ($1.42 in chips) 
Seat 9: RosyyCt91 ($1.30 in chips) 
Dorex2007: posts small blind $0.01
JorgeMan: posts big blind $0.02
*** HOLE CARDS ***
Dealt to Dorex2007 [5h 4s]
TheEdPlanet: folds 
RosyyCt91: calls $0.02
LimpaTudo22: folds 
nopo33: folds 
Dorex2007: folds 
JorgeMan: checks 
*** FLOP *** [5d 8h 9c]
JorgeMan: bets $0.05
RosyyCt91: folds 
Uncalled bet ($0.05) returned to JorgeMan
JorgeMan collected $0.05 from pot
JorgeMan: doesn't show hand 
*** SUMMARY ***
Total pot $0.05 | Rake $0 
Board [5d 8h 9c]
Seat 1: LimpaTudo22 folded before Flop (didn't bet)
Seat 3: nopo33 (button) folded before Flop (didn't bet)
Seat 4: Dorex2007 (small blind) folded before Flop
Seat 6: JorgeMan (big blind) collected ($0.05)
Seat 8: TheEdPlanet folded before Flop (didn't bet)
Seat 9: RosyyCt91 folded on the Flop



PokerStars Hand #224431707162:  Hold'em No Limit ($0.01/$0.02 USD) - 2021/03/03 16:18:20 PT [2021/03/03 19:18:20 ET]
Table 'Ioannisiani' 9-max Seat #4 is the button
Seat 1: LimpaTudo22 ($1.05 in chips) 
Seat 3: nopo33 ($1.11 in chips) 
Seat 4: Dorex2007 ($0.93 in chips) 
Seat 6: JorgeMan ($2.03 in chips) 
Seat 8: TheEdPlanet ($1.42 in chips) 
Seat 9: RosyyCt91 ($1.28 in chips) 
JorgeMan: posts small blind $0.01
TheEdPlanet: posts big blind $0.02
*** HOLE CARDS ***
Dealt to Dorex2007 [5c Td]
RosyyCt91: calls $0.02
LimpaTudo22: folds 
nopo33: folds 
Leninata joins the table at seat #2 
Dorex2007: folds 
JorgeMan: calls $0.01
TheEdPlanet: checks 
*** FLOP *** [3h Kc 4s]
JorgeMan: checks 
TheEdPlanet: checks 
RosyyCt91: bets $0.02
JorgeMan: calls $0.02
TheEdPlanet: calls $0.02
*** TURN *** [3h Kc 4s] [6d]
JorgeMan: checks 
TheEdPlanet: checks 
RosyyCt91: bets $0.02
JorgeMan: calls $0.02
TheEdPlanet: calls $0.02
*** RIVER *** [3h Kc 4s 6d] [Kh]
JorgeMan: checks 
TheEdPlanet: bets $0.08
RosyyCt91: folds 
JorgeMan: calls $0.08
*** SHOW DOWN ***
TheEdPlanet: shows [5s Js] (a pair of Kings)
JorgeMan: shows [7s 6s] (two pair, Kings and Sixes)
JorgeMan collected $0.33 from pot
*** SUMMARY ***
Total pot $0.34 | Rake $0.01 
Board [3h Kc 4s 6d Kh]
Seat 1: LimpaTudo22 folded before Flop (didn't bet)
Seat 3: nopo33 folded before Flop (didn't bet)
Seat 4: Dorex2007 (button) folded before Flop (didn't bet)
Seat 6: JorgeMan (small blind) showed [7s 6s] and won ($0.33) with two pair, Kings and Sixes
Seat 8: TheEdPlanet (big blind) showed [5s Js] and lost with a pair of Kings
Seat 9: RosyyCt91 folded on the River



PokerStars Hand #224431735168:  Hold'em No Limit ($0.01/$0.02 USD) - 2021/03/03 16:19:30 PT [2021/03/03 19:19:30 ET]
Table 'Ioannisiani' 9-max Seat #6 is the button
Seat 1: LimpaTudo22 ($1.05 in chips) 
Seat 2: Leninata ($0.80 in chips) 
Seat 3: nopo33 ($1.11 in chips) 
Seat 4: Dorex2007 ($0.93 in chips) 
Seat 6: JorgeMan ($2.22 in chips) 
Seat 8: TheEdPlanet ($1.28 in chips) 
Seat 9: RosyyCt91 ($1.22 in chips) 
TheEdPlanet: posts small blind $0.01
RosyyCt91: posts big blind $0.02
Leninata: posts big blind $0.02
*** HOLE CARDS ***
Dealt to Dorex2007 [7d Ks]
LimpaTudo22: folds 
Leninata: checks 
nopo33: folds 
Dorex2007: folds 
JorgeMan: calls $0.02
TheEdPlanet: calls $0.01
RosyyCt91: checks 
*** FLOP *** [9h 4h 9d]
TheEdPlanet: checks 
RosyyCt91: bets $0.02
Leninata: folds 
JorgeMan: raises $0.06 to $0.08
TheEdPlanet: folds 
RosyyCt91: calls $0.06
*** TURN *** [9h 4h 9d] [Qs]
RosyyCt91: checks 
JorgeMan: bets $0.15
RosyyCt91: calls $0.15
*** RIVER *** [9h 4h 9d Qs] [Ts]
RosyyCt91: checks 
JorgeMan: bets $0.52
RosyyCt91: calls $0.52
*** SHOW DOWN ***
JorgeMan: shows [9s 7s] (three of a kind, Nines)
RosyyCt91: mucks hand 
JorgeMan collected $1.52 from pot
*** SUMMARY ***
Total pot $1.58 | Rake $0.06 
Board [9h 4h 9d Qs Ts]
Seat 1: LimpaTudo22 folded before Flop (didn't bet)
Seat 2: Leninata folded on the Flop (didn't bet)
Seat 3: nopo33 folded before Flop (didn't bet)
Seat 4: Dorex2007 folded before Flop (didn't bet)
Seat 6: JorgeMan (button) showed [9s 7s] and won ($1.52) with three of a kind, Nines
Seat 8: TheEdPlanet (small blind) folded on the Flop
Seat 9: RosyyCt91 (big blind) mucked [Th Jh]



PokerStars Hand #224431775861:  Hold'em No Limit ($0.01/$0.02 USD) - 2021/03/03 16:21:14 PT [2021/03/03 19:21:14 ET]
Table 'Ioannisiani' 9-max Seat #8 is the button
Seat 1: LimpaTudo22 ($1.05 in chips) 
Seat 2: Leninata ($0.78 in chips) 
Seat 3: nopo33 ($1.11 in chips) 
Seat 4: Dorex2007 ($0.93 in chips) 
Seat 6: JorgeMan ($2.97 in chips) 
Seat 8: TheEdPlanet ($1.26 in chips) 
Seat 9: RosyyCt91 ($0.45 in chips) 
RosyyCt91: posts small blind $0.01
LimpaTudo22: posts big blind $0.02
pok.mj: sits out 
*** HOLE CARDS ***
Dealt to Dorex2007 [6d Ts]
Leninata: folds 
nopo33: folds 
Dorex2007: folds 
JorgeMan: folds 
TheEdPlanet: folds 
RosyyCt91: raises $0.43 to $0.45 and is all-in
LimpaTudo22: folds 
Uncalled bet ($0.43) returned to RosyyCt91
RosyyCt91 collected $0.04 from pot
RosyyCt91: doesn't show hand 
*** SUMMARY ***
Total pot $0.04 | Rake $0 
Seat 1: LimpaTudo22 (big blind) folded before Flop
Seat 2: Leninata folded before Flop (didn't bet)
Seat 3: nopo33 folded before Flop (didn't bet)
Seat 4: Dorex2007 folded before Flop (didn't bet)
Seat 6: JorgeMan folded before Flop (didn't bet)
Seat 8: TheEdPlanet (button) folded before Flop (didn't bet)
Seat 9: RosyyCt91 (small blind) collected ($0.04)



PokerStars Hand #224431785133:  Hold'em No Limit ($0.01/$0.02 USD) - 2021/03/03 16:21:38 PT [2021/03/03 19:21:38 ET]
Table 'Ioannisiani' 9-max Seat #9 is the button
Seat 1: LimpaTudo22 ($1.03 in chips) 
Seat 2: Leninata ($0.78 in chips) 
Seat 3: nopo33 ($1.11 in chips) 
Seat 4: Dorex2007 ($0.93 in chips) 
Seat 6: JorgeMan ($2.97 in chips) 
Seat 8: TheEdPlanet ($1.26 in chips) 
Seat 9: RosyyCt91 ($0.47 in chips) 
LimpaTudo22: posts small blind $0.01
Leninata: posts big blind $0.02
pok.mj: sits out 
*** HOLE CARDS ***
Dealt to Dorex2007 [8d Jh]
nopo33: raises $0.02 to $0.04
Dorex2007: folds 
JorgeMan: folds 
TheEdPlanet: folds 
RosyyCt91: folds 
LimpaTudo22: folds 
Leninata: calls $0.02
*** FLOP *** [4d Kh 6h]
Leninata: checks 
nopo33: bets $0.04
Leninata: folds 
Uncalled bet ($0.04) returned to nopo33
nopo33 collected $0.09 from pot
nopo33: doesn't show hand 
*** SUMMARY ***
Total pot $0.09 | Rake $0 
Board [4d Kh 6h]
Seat 1: LimpaTudo22 (small blind) folded before Flop
Seat 2: Leninata (big blind) folded on the Flop
Seat 3: nopo33 collected ($0.09)
Seat 4: Dorex2007 folded before Flop (didn't bet)
Seat 6: JorgeMan folded before Flop (didn't bet)
Seat 8: TheEdPlanet folded before Flop (didn't bet)
Seat 9: RosyyCt91 (button) folded before Flop (didn't bet)



PokerStars Hand #224431798267:  Hold'em No Limit ($0.01/$0.02 USD) - 2021/03/03 16:22:11 PT [2021/03/03 19:22:11 ET]
Table 'Ioannisiani' 9-max Seat #1 is the button
Seat 1: LimpaTudo22 ($1.02 in chips) 
Seat 2: Leninata ($0.74 in chips) 
Seat 3: nopo33 ($1.16 in chips) 
Seat 4: Dorex2007 ($0.93 in chips) 
Seat 6: JorgeMan ($2.97 in chips) 
Seat 8: TheEdPlanet ($1.26 in chips) 
Seat 9: RosyyCt91 ($0.47 in chips) 
Leninata: posts small blind $0.01
nopo33: posts big blind $0.02
pok.mj: sits out 
*** HOLE CARDS ***
Dealt to Dorex2007 [7s Tc]
Dorex2007: folds 
JorgeMan: folds 
TheEdPlanet: folds 
RosyyCt91: calls $0.02
LimpaTudo22: folds 
Leninata: calls $0.01
nopo33: checks 
*** FLOP *** [3h Ac 4h]
Leninata: checks 
nopo33: checks 
RosyyCt91: bets $0.04
Leninata: folds 
nopo33: calls $0.04
*** TURN *** [3h Ac 4h] [2h]
nopo33: checks 
RosyyCt91: bets $0.02
nopo33: raises $0.18 to $0.20
RosyyCt91: folds 
Uncalled bet ($0.18) returned to nopo33
nopo33 collected $0.17 from pot
nopo33: doesn't show hand 
*** SUMMARY ***
Total pot $0.18 | Rake $0.01 
Board [3h Ac 4h 2h]
Seat 1: LimpaTudo22 (button) folded before Flop (didn't bet)
Seat 2: Leninata (small blind) folded on the Flop
Seat 3: nopo33 (big blind) collected ($0.17)
Seat 4: Dorex2007 folded before Flop (didn't bet)
Seat 6: JorgeMan folded before Flop (didn't bet)
Seat 8: TheEdPlanet folded before Flop (didn't bet)
Seat 9: RosyyCt91 folded on the Turn



PokerStars Hand #224431825407:  Hold'em No Limit ($0.01/$0.02 USD) - 2021/03/03 16:23:20 PT [2021/03/03 19:23:20 ET]
Table 'Ioannisiani' 9-max Seat #2 is the button
Seat 1: LimpaTudo22 ($1.02 in chips) 
Seat 2: Leninata ($0.72 in chips) 
Seat 3: nopo33 ($1.25 in chips) 
Seat 4: Dorex2007 ($0.93 in chips) 
Seat 6: JorgeMan ($2.97 in chips) 
Seat 8: TheEdPlanet ($1.26 in chips) 
Seat 9: RosyyCt91 ($0.39 in chips) 
nopo33: posts small blind $0.01
Dorex2007: posts big blind $0.02
pok.mj: sits out 
*** HOLE CARDS ***
Dealt to Dorex2007 [Ah 3c]
JorgeMan: raises $0.04 to $0.06
TheEdPlanet: folds 
RosyyCt91: folds 
LimpaTudo22: folds 
Leninata: folds 
nopo33: folds 
Dorex2007: folds 
Uncalled bet ($0.04) returned to JorgeMan
JorgeMan collected $0.05 from pot
JorgeMan: doesn't show hand 
*** SUMMARY ***
Total pot $0.05 | Rake $0 
Seat 1: LimpaTudo22 folded before Flop (didn't bet)
Seat 2: Leninata (button) folded before Flop (didn't bet)
Seat 3: nopo33 (small blind) folded before Flop
Seat 4: Dorex2007 (big blind) folded before Flop
Seat 6: JorgeMan collected ($0.05)
Seat 8: TheEdPlanet folded before Flop (didn't bet)
Seat 9: RosyyCt91 folded before Flop (didn't bet)



PokerStars Hand #224431843531:  Hold'em No Limit ($0.01/$0.02 USD) - 2021/03/03 16:24:07 PT [2021/03/03 19:24:07 ET]
Table 'Ioannisiani' 9-max Seat #3 is the button
Seat 1: LimpaTudo22 ($1.02 in chips) 
Seat 2: Leninata ($0.72 in chips) 
Seat 3: nopo33 ($1.24 in chips) 
Seat 4: Dorex2007 ($0.91 in chips) 
Seat 5: pok.mj ($2.01 in chips) 
Seat 6: JorgeMan ($3 in chips) 
Seat 8: TheEdPlanet ($1.26 in chips) 
Seat 9: RosyyCt91 ($0.39 in chips) 
Dorex2007: posts small blind $0.01
pok.mj: posts big blind $0.02
*** HOLE CARDS ***
Dealt to Dorex2007 [Tc Ah]
JorgeMan: folds 
TheEdPlanet: raises $0.04 to $0.06
RosyyCt91: raises $0.33 to $0.39 and is all-in
LimpaTudo22: folds 
Leninata: folds 
nopo33: folds 
Dorex2007: folds 
pok.mj: folds 
TheEdPlanet: folds 
Uncalled bet ($0.33) returned to RosyyCt91
RosyyCt91 collected $0.15 from pot
RosyyCt91: doesn't show hand 
*** SUMMARY ***
Total pot $0.15 | Rake $0 
Seat 1: LimpaTudo22 folded before Flop (didn't bet)
Seat 2: Leninata folded before Flop (didn't bet)
Seat 3: nopo33 (button) folded before Flop (didn't bet)
Seat 4: Dorex2007 (small blind) folded before Flop
Seat 5: pok.mj (big blind) folded before Flop
Seat 6: JorgeMan folded before Flop (didn't bet)
Seat 8: TheEdPlanet folded before Flop
Seat 9: RosyyCt91 collected ($0.15)



PokerStars Hand #224431869269:  Hold'em No Limit ($0.01/$0.02 USD) - 2021/03/03 16:24:51 PT [2021/03/03 19:24:51 ET]
Table 'Ioannisiani' 9-max Seat #4 is the button
Seat 1: LimpaTudo22 ($1.02 in chips) 
Seat 2: Leninata ($0.72 in chips) 
Seat 3: nopo33 ($1.24 in chips) 
Seat 4: Dorex2007 ($0.90 in chips) 
Seat 5: pok.mj ($2 in chips) 
Seat 6: JorgeMan ($3 in chips) 
Seat 8: TheEdPlanet ($1.20 in chips) 
Seat 9: RosyyCt91 ($0.48 in chips) 
pok.mj: posts small blind $0.01
JorgeMan: posts big blind $0.02
*** HOLE CARDS ***
Dealt to Dorex2007 [Jh Ac]
TheEdPlanet: folds 
RosyyCt91: folds 
LimpaTudo22: folds 
Leninata: folds 
nopo33: folds 
Dorex2007: raises $0.04 to $0.06
pok.mj: folds 
volodya7624 leaves the table
JorgeMan: raises $0.12 to $0.18
Dorex2007: calls $0.12
*** FLOP *** [Qh Ad 3d]
GarryKas joins the table at seat #7 
JorgeMan: checks 
Dorex2007: bets $0.72 and is all-in
JorgeMan: calls $0.72
*** TURN *** [Qh Ad 3d] [9s]
*** RIVER *** [Qh Ad 3d 9s] [Kd]
*** SHOW DOWN ***
JorgeMan: shows [As 9c] (two pair, Aces and Nines)
Dorex2007: shows [Jh Ac] (a pair of Aces)
JorgeMan collected $1.75 from pot
*** SUMMARY ***
Total pot $1.81 | Rake $0.06 
Board [Qh Ad 3d 9s Kd]
Seat 1: LimpaTudo22 folded before Flop (didn't bet)
Seat 2: Leninata folded before Flop (didn't bet)
Seat 3: nopo33 folded before Flop (didn't bet)
Seat 4: Dorex2007 (button) showed [Jh Ac] and lost with a pair of Aces
Seat 5: pok.mj (small blind) folded before Flop
Seat 6: JorgeMan (big blind) showed [As 9c] and won ($1.75) with two pair, Aces and Nines
Seat 8: TheEdPlanet folded before Flop (didn't bet)
Seat 9: RosyyCt91 folded before Flop (didn't bet)



PokerStars Hand #224431918457:  Hold'em No Limit ($0.01/$0.02 USD) - 2021/03/03 16:26:53 PT [2021/03/03 19:26:53 ET]
Table 'Ioannisiani' 9-max Seat #6 is the button
Seat 1: LimpaTudo22 ($1.02 in chips) 
Seat 2: Leninata ($0.72 in chips) 
Seat 3: nopo33 ($1.24 in chips) 
Seat 4: Dorex2007 ($2 in chips) 
Seat 5: pok.mj ($2 in chips) 
Seat 6: JorgeMan ($4.99 in chips) 
Seat 7: GarryKas ($0.78 in chips) 
Seat 9: RosyyCt91 ($0.48 in chips) 
GarryKas: posts small blind $0.01
RosyyCt91: posts big blind $0.02
*** HOLE CARDS ***
Dealt to Dorex2007 [3d 2d]
LimpaTudo22: folds 
Leninata: folds 
nopo33: calls $0.02
Dorex2007: folds 
TheEdPlanet leaves the table
LimpaTudo22 leaves the table
pok.mj: raises $0.02 to $0.04
JorgeMan: folds 
GarryKas: folds 
RosyyCt91: calls $0.02
nopo33: calls $0.02
*** FLOP *** [3s 2c 9h]
RosyyCt91: checks 
nopo33: checks 
pok.mj: checks 
*** TURN *** [3s 2c 9h] [7s]
RosyyCt91: checks 
nopo33: checks 
pok.mj: checks 
*** RIVER *** [3s 2c 9h 7s] [Qs]
RosyyCt91: checks 
nopo33: checks 
pok.mj: bets $0.06
RosyyCt91: folds 
nopo33: calls $0.06
*** SHOW DOWN ***
pok.mj: shows [Qd Jd] (a pair of Queens)
nopo33: mucks hand 
pok.mj collected $0.24 from pot
*** SUMMARY ***
Total pot $0.25 | Rake $0.01 
Board [3s 2c 9h 7s Qs]
Seat 1: LimpaTudo22 folded before Flop (didn't bet)
Seat 2: Leninata folded before Flop (didn't bet)
Seat 3: nopo33 mucked [As Tc]
Seat 4: Dorex2007 folded before Flop (didn't bet)
Seat 5: pok.mj showed [Qd Jd] and won ($0.24) with a pair of Queens
Seat 6: JorgeMan (button) folded before Flop (didn't bet)
Seat 7: GarryKas (small blind) folded before Flop
Seat 9: RosyyCt91 (big blind) folded on the River



PokerStars Hand #224431948059:  Hold'em No Limit ($0.01/$0.02 USD) - 2021/03/03 16:28:10 PT [2021/03/03 19:28:10 ET]
Table 'Ioannisiani' 9-max Seat #7 is the button
Seat 2: Leninata ($0.72 in chips) 
Seat 3: nopo33 ($1.14 in chips) 
Seat 4: Dorex2007 ($2 in chips) 
Seat 5: pok.mj ($2.14 in chips) 
Seat 6: JorgeMan ($4.99 in chips) 
Seat 7: GarryKas ($0.77 in chips) 
Seat 9: RosyyCt91 ($0.44 in chips) 
RosyyCt91: posts small blind $0.01
Leninata: posts big blind $0.02
*** HOLE CARDS ***
Dealt to Dorex2007 [9s Th]
nopo33: folds 
Dorex2007: folds 
pok.mj: folds 
JorgeMan: folds 
GarryKas: folds 
RosyyCt91: calls $0.01
DanielHumby joins the table at seat #8 
Leninata: checks 
*** FLOP *** [2c 9c Kc]
RosyyCt91: checks 
Leninata: bets $0.02
RosyyCt91: calls $0.02
*** TURN *** [2c 9c Kc] [3c]
RosyyCt91: checks 
Leninata: bets $0.02
RosyyCt91: calls $0.02
*** RIVER *** [2c 9c Kc 3c] [7c]
RosyyCt91: checks 
JorgeMan leaves the table
Leninata: checks 
*** SHOW DOWN ***
RosyyCt91: shows [9h 6s] (a flush, King high)
Leninata: shows [3d Kd] (a flush, King high)
RosyyCt91 collected $0.06 from pot
Leninata collected $0.06 from pot
*** SUMMARY ***
Total pot $0.12 | Rake $0 
Board [2c 9c Kc 3c 7c]
Seat 2: Leninata (big blind) showed [3d Kd] and won ($0.06) with a flush, King high
Seat 3: nopo33 folded before Flop (didn't bet)
Seat 4: Dorex2007 folded before Flop (didn't bet)
Seat 5: pok.mj folded before Flop (didn't bet)
Seat 6: JorgeMan folded before Flop (didn't bet)
Seat 7: GarryKas (button) folded before Flop (didn't bet)
Seat 9: RosyyCt91 (small blind) showed [9h 6s] and won ($0.06) with a flush, King high



PokerStars Hand #224431965973:  Hold'em No Limit ($0.01/$0.02 USD) - 2021/03/03 16:28:57 PT [2021/03/03 19:28:57 ET]
Table 'Ioannisiani' 9-max Seat #9 is the button
Seat 2: Leninata ($0.72 in chips) 
Seat 4: Dorex2007 ($2 in chips) 
Seat 5: pok.mj ($2.14 in chips) 
Seat 7: GarryKas ($0.77 in chips) 
Seat 9: RosyyCt91 ($0.44 in chips) 
Leninata: posts small blind $0.01
nopo33: is sitting out 
Dorex2007: posts big blind $0.02
DanielHumby: sits out 
*** HOLE CARDS ***
Dealt to Dorex2007 [Js Th]
monkey0906 joins the table at seat #1 
pok.mj: folds 
GarryKas: folds 
RosyyCt91: folds 
nopo33 leaves the table
Leninata: raises $0.02 to $0.04
Dorex2007: calls $0.02
*** FLOP *** [Ah 3h 4h]
Leninata: bets $0.02
Dorex2007: calls $0.02
*** TURN *** [Ah 3h 4h] [2s]
Leninata: checks 
Dorex2007: checks 
*** RIVER *** [Ah 3h 4h 2s] [5s]
Leninata: bets $0.12
Dorex2007: raises $1.82 to $1.94 and is all-in
Leninata: calls $0.54 and is all-in
Uncalled bet ($1.28) returned to Dorex2007
*** SHOW DOWN ***
Dorex2007: shows [Js Th] (a straight, Ace to Five)
Leninata: shows [6s Kh] (a straight, Deuce to Six)
Leninata collected $1.39 from pot
*** SUMMARY ***
Total pot $1.44 | Rake $0.05 
Board [Ah 3h 4h 2s 5s]
Seat 2: Leninata (small blind) showed [6s Kh] and won ($1.39) with a straight, Deuce to Six
Seat 4: Dorex2007 (big blind) showed [Js Th] and lost with a straight, Ace to Five
Seat 5: pok.mj folded before Flop (didn't bet)
Seat 7: GarryKas folded before Flop (didn't bet)
Seat 9: RosyyCt91 (button) folded before Flop (didn't bet)



PokerStars Hand #224431985220:  Hold'em No Limit ($0.01/$0.02 USD) - 2021/03/03 16:29:48 PT [2021/03/03 19:29:48 ET]
Table 'Ioannisiani' 9-max Seat #2 is the button
Seat 2: Leninata ($1.39 in chips) 
Seat 4: Dorex2007 ($1.28 in chips) 
Seat 5: pok.mj ($2.14 in chips) 
Seat 7: GarryKas ($0.77 in chips) 
Seat 9: RosyyCt91 ($0.44 in chips) 
Dorex2007: posts small blind $0.01
pok.mj: posts big blind $0.02
DanielHumby: sits out 
monkey0906: sits out 
*** HOLE CARDS ***
Dealt to Dorex2007 [6h Ad]
GarryKas: folds 
RosyyCt91: folds 
Leninata: folds 
Dorex2007: calls $0.01
pok.mj: checks 
*** FLOP *** [7h Qh 3h]
Dorex2007: checks 
pok.mj: checks 
*** TURN *** [7h Qh 3h] [9h]
Dorex2007: bets $0.03
AlekxSly joins the table at seat #6 
pok.mj: raises $0.03 to $0.06
Dorex2007: calls $0.03
*** RIVER *** [7h Qh 3h 9h] [Qc]
Dorex2007: checks 
pok.mj: checks 
*** SHOW DOWN ***
Dorex2007: shows [6h Ad] (a flush, Queen high)
pok.mj: shows [Th 9c] (a flush, Queen high - Ten higher)
pok.mj collected $0.15 from pot
*** SUMMARY ***
Total pot $0.16 | Rake $0.01 
Board [7h Qh 3h 9h Qc]
Seat 2: Leninata (button) folded before Flop (didn't bet)
Seat 4: Dorex2007 (small blind) showed [6h Ad] and lost with a flush, Queen high
Seat 5: pok.mj (big blind) showed [Th 9c] and won ($0.15) with a flush, Queen high
Seat 7: GarryKas folded before Flop (didn't bet)
Seat 9: RosyyCt91 folded before Flop (didn't bet)



PokerStars Hand #224432002518:  Hold'em No Limit ($0.01/$0.02 USD) - 2021/03/03 16:30:30 PT [2021/03/03 19:30:30 ET]
Table 'Ioannisiani' 9-max Seat #4 is the button
Seat 2: Leninata ($1.39 in chips) 
Seat 4: Dorex2007 ($1.20 in chips) 
Seat 5: pok.mj ($2.21 in chips) 
Seat 6: AlekxSly ($1 in chips) 
Seat 7: GarryKas ($0.77 in chips) 
Seat 9: RosyyCt91 ($0.44 in chips) 
pok.mj: posts small blind $0.01
AlekxSly: posts big blind $0.02
DanielHumby: sits out 
monkey0906: sits out 
*** HOLE CARDS ***
Dealt to Dorex2007 [4d Qc]
GarryKas: folds 
RosyyCt91: folds 
Leninata: folds 
Dorex2007: folds 
perosky joins the table at seat #3 
pok.mj: calls $0.01
AlekxSly: checks 
*** FLOP *** [8s Qh 9c]
pok.mj: checks 
AlekxSly: bets $0.02
pok.mj: calls $0.02
*** TURN *** [8s Qh 9c] [3s]
pok.mj: checks 
AlekxSly: bets $0.04
pok.mj: folds 
Uncalled bet ($0.04) returned to AlekxSly
AlekxSly collected $0.08 from pot
AlekxSly: doesn't show hand 
*** SUMMARY ***
Total pot $0.08 | Rake $0 
Board [8s Qh 9c 3s]
Seat 2: Leninata folded before Flop (didn't bet)
Seat 4: Dorex2007 (button) folded before Flop (didn't bet)
Seat 5: pok.mj (small blind) folded on the Turn
Seat 6: AlekxSly (big blind) collected ($0.08)
Seat 7: GarryKas folded before Flop (didn't bet)
Seat 9: RosyyCt91 folded before Flop (didn't bet)



PokerStars Hand #224432036020:  Hold'em No Limit ($0.01/$0.02 USD) - 2021/03/03 16:31:58 PT [2021/03/03 19:31:58 ET]
Table 'Ioannisiani' 9-max Seat #5 is the button
Seat 2: Leninata ($1.39 in chips) 
Seat 3: perosky ($1.40 in chips) 
Seat 4: Dorex2007 ($2 in chips) 
Seat 5: pok.mj ($2.17 in chips) 
Seat 6: AlekxSly ($1.04 in chips) 
Seat 7: GarryKas ($0.77 in chips) 
Seat 9: RosyyCt91 ($0.44 in chips) 
AlekxSly: posts small blind $0.01
GarryKas: posts big blind $0.02
DanielHumby: sits out 
monkey0906: sits out 
perosky: posts big blind $0.02
*** HOLE CARDS ***
Dealt to Dorex2007 [Kc 4s]
RosyyCt91: calls $0.02
Leninata: folds 
perosky: checks 
Dorex2007: folds 
pok.mj: calls $0.02
AlekxSly: folds 
GarryKas: checks 
*** FLOP *** [Tc Js 7s]
GarryKas: checks 
RosyyCt91: checks 
perosky: checks 
pok.mj: checks 
*** TURN *** [Tc Js 7s] [7h]
GarryKas: bets $0.02
RosyyCt91: folds 
perosky: folds 
pok.mj: folds 
Uncalled bet ($0.02) returned to GarryKas
GarryKas collected $0.09 from pot
GarryKas: doesn't show hand 
*** SUMMARY ***
Total pot $0.09 | Rake $0 
Board [Tc Js 7s 7h]
Seat 2: Leninata folded before Flop (didn't bet)
Seat 3: perosky folded on the Turn (didn't bet)
Seat 4: Dorex2007 folded before Flop (didn't bet)
Seat 5: pok.mj (button) folded on the Turn
Seat 6: AlekxSly (small blind) folded before Flop
Seat 7: GarryKas (big blind) collected ($0.09)
Seat 9: RosyyCt91 folded on the Turn



PokerStars Hand #224432075285:  Hold'em No Limit ($0.01/$0.02 USD) - 2021/03/03 16:33:28 PT [2021/03/03 19:33:28 ET]
Table 'Ioannisiani' 9-max Seat #6 is the button
Seat 2: Leninata ($1.39 in chips) 
Seat 3: perosky ($1.38 in chips) 
Seat 4: Dorex2007 ($2 in chips) 
Seat 5: pok.mj ($2.15 in chips) 
Seat 6: AlekxSly ($1.03 in chips) 
Seat 7: GarryKas ($0.84 in chips) 
Seat 8: DanielHumby ($1 in chips) 
Seat 9: RosyyCt91 ($0.42 in chips) 
GarryKas: posts small blind $0.01
DanielHumby: posts big blind $0.02
monkey0906: sits out 
*** HOLE CARDS ***
Dealt to Dorex2007 [Tc 3s]
RosyyCt91: calls $0.02
Leninata has timed out
Leninata: folds 
perosky: folds 
Dorex2007: folds 
pok.mj: calls $0.02
AlekxSly: folds 
GarryKas: calls $0.01
DanielHumby: checks 
*** FLOP *** [Ac 9h 6c]
GarryKas: checks 
DanielHumby: checks 
RosyyCt91: bets $0.02
pok.mj: raises $0.02 to $0.04
GarryKas: folds 
DanielHumby: folds 
RosyyCt91: calls $0.02
*** TURN *** [Ac 9h 6c] [7s]
RosyyCt91: bets $0.02
pok.mj: calls $0.02
*** RIVER *** [Ac 9h 6c 7s] [3h]
RosyyCt91: bets $0.02
pok.mj: raises $0.02 to $0.04
RosyyCt91: calls $0.02
*** SHOW DOWN ***
pok.mj: shows [Ad 2d] (a pair of Aces)
RosyyCt91: shows [2c As] (a pair of Aces)
RosyyCt91 collected $0.14 from pot
pok.mj collected $0.13 from pot
*** SUMMARY ***
Total pot $0.28 | Rake $0.01 
Board [Ac 9h 6c 7s 3h]
Seat 2: Leninata folded before Flop (didn't bet)
Seat 3: perosky folded before Flop (didn't bet)
Seat 4: Dorex2007 folded before Flop (didn't bet)
Seat 5: pok.mj showed [Ad 2d] and won ($0.13) with a pair of Aces
Seat 6: AlekxSly (button) folded before Flop (didn't bet)
Seat 7: GarryKas (small blind) folded on the Flop
Seat 8: DanielHumby (big blind) folded on the Flop
Seat 9: RosyyCt91 showed [2c As] and won ($0.14) with a pair of Aces



PokerStars Hand #224432145103:  Hold'em No Limit ($0.01/$0.02 USD) - 2021/03/03 16:36:34 PT [2021/03/03 19:36:34 ET]
Table 'Ioannisiani' 9-max Seat #9 is the button
Seat 2: Leninata ($1.39 in chips) 
Seat 3: perosky ($1.38 in chips) 
Seat 4: Dorex2007 ($2 in chips) 
Seat 5: pok.mj ($3.09 in chips) 
Seat 6: AlekxSly ($1.03 in chips) 
Seat 7: GarryKas ($0.82 in chips) 
Seat 9: RosyyCt91 ($0.42 in chips) 
Leninata: posts small blind $0.01
perosky: posts big blind $0.02
*** HOLE CARDS ***
Dealt to Dorex2007 [8c Ts]
Dorex2007: folds 
pok.mj: raises $0.02 to $0.04
AlekxSly: folds 
GarryKas: folds 
RosyyCt91: folds 
Leninata: calls $0.03
perosky: calls $0.02
*** FLOP *** [9c Jh 6c]
Leninata: checks 
perosky: checks 
pok.mj: checks 
*** TURN *** [9c Jh 6c] [9h]
Leninata: checks 
perosky: checks 
pok.mj: bets $0.10
Leninata: calls $0.10
perosky: folds 
*** RIVER *** [9c Jh 6c 9h] [Qh]
Leninata: checks 
pok.mj: checks 
*** SHOW DOWN ***
Leninata: shows [Ah 6h] (a flush, Ace high)
pok.mj: mucks hand 
Leninata collected $0.31 from pot
*** SUMMARY ***
Total pot $0.32 | Rake $0.01 
Board [9c Jh 6c 9h Qh]
Seat 2: Leninata (small blind) showed [Ah 6h] and won ($0.31) with a flush, Ace high
Seat 3: perosky (big blind) folded on the Turn
Seat 4: Dorex2007 folded before Flop (didn't bet)
Seat 5: pok.mj mucked [3h 3s]
Seat 6: AlekxSly folded before Flop (didn't bet)
Seat 7: GarryKas folded before Flop (didn't bet)
Seat 9: RosyyCt91 (button) folded before Flop (didn't bet)



PokerStars Hand #224432179081:  Hold'em No Limit ($0.01/$0.02 USD) - 2021/03/03 16:38:05 PT [2021/03/03 19:38:05 ET]
Table 'Ioannisiani' 9-max Seat #2 is the button
Seat 1: monkey0906 ($2 in chips) 
Seat 2: Leninata ($1.56 in chips) 
Seat 3: perosky ($1.34 in chips) 
Seat 4: Dorex2007 ($2 in chips) 
Seat 5: pok.mj ($2.95 in chips) 
Seat 6: AlekxSly ($1.03 in chips) 
Seat 7: GarryKas ($0.82 in chips) 
Seat 9: RosyyCt91 ($0.42 in chips) 
perosky: posts small blind $0.01
Dorex2007: posts big blind $0.02
monkey0906: posts big blind $0.02
*** HOLE CARDS ***
Dealt to Dorex2007 [Qs 4d]
pok.mj: folds 
AlekxSly: folds 
GarryKas: folds 
RosyyCt91: calls $0.02
monkey0906: checks 
Leninata: folds 
perosky: calls $0.01
Dorex2007: checks 
*** FLOP *** [6d Ah 2d]
perosky: bets $0.04
Dorex2007: folds 
RosyyCt91: folds 
monkey0906: folds 
Uncalled bet ($0.04) returned to perosky
perosky collected $0.08 from pot
perosky: doesn't show hand 
*** SUMMARY ***
Total pot $0.08 | Rake $0 
Board [6d Ah 2d]
Seat 1: monkey0906 folded on the Flop (didn't bet)
Seat 2: Leninata (button) folded before Flop (didn't bet)
Seat 3: perosky (small blind) collected ($0.08)
Seat 4: Dorex2007 (big blind) folded on the Flop
Seat 5: pok.mj folded before Flop (didn't bet)
Seat 6: AlekxSly folded before Flop (didn't bet)
Seat 7: GarryKas folded before Flop (didn't bet)
Seat 9: RosyyCt91 folded on the Flop



PokerStars Hand #224432200644:  Hold'em No Limit ($0.01/$0.02 USD) - 2021/03/03 16:38:52 PT [2021/03/03 19:38:52 ET]
Table 'Ioannisiani' 9-max Seat #3 is the button
Seat 1: monkey0906 ($2 in chips) 
Seat 2: Leninata ($1.56 in chips) 
Seat 3: perosky ($1.40 in chips) 
Seat 4: Dorex2007 ($1.98 in chips) 
Seat 5: pok.mj ($2.95 in chips) 
Seat 6: AlekxSly ($1.03 in chips) 
Seat 7: GarryKas ($0.82 in chips) 
Seat 8: DanielHumby ($1 in chips) 
Seat 9: RosyyCt91 ($0.40 in chips) 
Dorex2007: posts small blind $0.01
pok.mj: posts big blind $0.02
*** HOLE CARDS ***
Dealt to Dorex2007 [Qh Jh]
AlekxSly: folds 
GarryKas: folds 
DanielHumby: folds 
RosyyCt91: calls $0.02
monkey0906: calls $0.02
Leninata: folds 
perosky: calls $0.02
Dorex2007: calls $0.01
pok.mj: checks 
*** FLOP *** [Th 6h 2d]
Dorex2007: checks 
pok.mj: bets $0.04
RosyyCt91: folds 
monkey0906: calls $0.04
perosky: folds 
Dorex2007: calls $0.04
*** TURN *** [Th 6h 2d] [5h]
Dorex2007: checks 
pok.mj: checks 
monkey0906: checks 
*** RIVER *** [Th 6h 2d 5h] [3s]
Dorex2007: bets $0.16
pok.mj: folds 
monkey0906: folds 
Uncalled bet ($0.16) returned to Dorex2007
Dorex2007 collected $0.21 from pot
Dorex2007: doesn't show hand 
*** SUMMARY ***
Total pot $0.22 | Rake $0.01 
Board [Th 6h 2d 5h 3s]
Seat 1: monkey0906 folded on the River
Seat 2: Leninata folded before Flop (didn't bet)
Seat 3: perosky (button) folded on the Flop
Seat 4: Dorex2007 (small blind) collected ($0.21)
Seat 5: pok.mj (big blind) folded on the River
Seat 6: AlekxSly folded before Flop (didn't bet)
Seat 7: GarryKas folded before Flop (didn't bet)
Seat 8: DanielHumby folded before Flop (didn't bet)
Seat 9: RosyyCt91 folded on the Flop



PokerStars Hand #224432240777:  Hold'em No Limit ($0.01/$0.02 USD) - 2021/03/03 16:40:35 PT [2021/03/03 19:40:35 ET]
Table 'Ioannisiani' 9-max Seat #4 is the button
Seat 1: monkey0906 ($2 in chips) 
Seat 2: Leninata ($1.56 in chips) 
Seat 3: perosky ($1.38 in chips) 
Seat 4: Dorex2007 ($2.13 in chips) 
Seat 5: pok.mj ($2.89 in chips) 
Seat 6: AlekxSly ($1.03 in chips) 
Seat 7: GarryKas ($0.82 in chips) 
Seat 8: DanielHumby ($1 in chips) 
Seat 9: RosyyCt91 ($0.38 in chips) 
pok.mj: posts small blind $0.01
AlekxSly: posts big blind $0.02
*** HOLE CARDS ***
Dealt to Dorex2007 [3s 2s]
GarryKas: folds 
DanielHumby: folds 
RosyyCt91: calls $0.02
monkey0906: calls $0.02
Leninata: folds 
perosky: raises $0.04 to $0.06
Dorex2007: folds 
pok.mj: calls $0.05
AlekxSly: folds 
RosyyCt91: calls $0.04
monkey0906: calls $0.04
*** FLOP *** [4d Kd 3h]
pok.mj: checks 
RosyyCt91: checks 
monkey0906: checks 
perosky: checks 
*** TURN *** [4d Kd 3h] [7c]
pok.mj: checks 
RosyyCt91: checks 
monkey0906: bets $0.16
perosky: folds 
pok.mj: calls $0.16
RosyyCt91: folds 
*** RIVER *** [4d Kd 3h 7c] [Tc]
pok.mj: checks 
monkey0906: bets $0.56
pok.mj: folds 
Uncalled bet ($0.56) returned to monkey0906
monkey0906 collected $0.56 from pot
*** SUMMARY ***
Total pot $0.58 | Rake $0.02 
Board [4d Kd 3h 7c Tc]
Seat 1: monkey0906 collected ($0.56)
Seat 2: Leninata folded before Flop (didn't bet)
Seat 3: perosky folded on the Turn
Seat 4: Dorex2007 (button) folded before Flop (didn't bet)
Seat 5: pok.mj (small blind) folded on the River
Seat 6: AlekxSly (big blind) folded before Flop
Seat 7: GarryKas folded before Flop (didn't bet)
Seat 8: DanielHumby folded before Flop (didn't bet)
Seat 9: RosyyCt91 folded on the Turn



PokerStars Hand #224432281346:  Hold'em No Limit ($0.01/$0.02 USD) - 2021/03/03 16:42:27 PT [2021/03/03 19:42:27 ET]
Table 'Ioannisiani' 9-max Seat #5 is the button
Seat 1: monkey0906 ($2.34 in chips) 
Seat 2: Leninata ($1.56 in chips) 
Seat 3: perosky ($1.32 in chips) 
Seat 4: Dorex2007 ($2.13 in chips) 
Seat 5: pok.mj ($2.67 in chips) 
Seat 6: AlekxSly ($1.01 in chips) 
Seat 7: GarryKas ($0.82 in chips) 
Seat 8: DanielHumby ($1 in chips) 
Seat 9: RosyyCt91 ($0.32 in chips) 
AlekxSly: posts small blind $0.01
GarryKas: posts big blind $0.02
*** HOLE CARDS ***
Dealt to Dorex2007 [6c 3s]
DanielHumby: folds 
RosyyCt91: calls $0.02
monkey0906: folds 
Leninata: folds 
perosky: folds 
Dorex2007: folds 
pok.mj: folds 
AlekxSly: folds 
GarryKas: checks 
*** FLOP *** [Qs 3d Qd]
GarryKas: bets $0.02
RosyyCt91: raises $0.02 to $0.04
GarryKas: calls $0.02
*** TURN *** [Qs 3d Qd] [7c]
GarryKas: checks 
RosyyCt91: bets $0.02
GarryKas: calls $0.02
*** RIVER *** [Qs 3d Qd 7c] [As]
GarryKas: checks 
RosyyCt91: bets $0.02
GarryKas: calls $0.02
*** SHOW DOWN ***
RosyyCt91: shows [Qc 4h] (three of a kind, Queens)
GarryKas: mucks hand 
RosyyCt91 collected $0.20 from pot
*** SUMMARY ***
Total pot $0.21 | Rake $0.01 
Board [Qs 3d Qd 7c As]
Seat 1: monkey0906 folded before Flop (didn't bet)
Seat 2: Leninata folded before Flop (didn't bet)
Seat 3: perosky folded before Flop (didn't bet)
Seat 4: Dorex2007 folded before Flop (didn't bet)
Seat 5: pok.mj (button) folded before Flop (didn't bet)
Seat 6: AlekxSly (small blind) folded before Flop
Seat 7: GarryKas (big blind) mucked [2h 2c]
Seat 8: DanielHumby folded before Flop (didn't bet)
Seat 9: RosyyCt91 showed [Qc 4h] and won ($0.20) with three of a kind, Queens



PokerStars Hand #224432313806:  Hold'em No Limit ($0.01/$0.02 USD) - 2021/03/03 16:43:47 PT [2021/03/03 19:43:47 ET]
Table 'Ioannisiani' 9-max Seat #6 is the button
Seat 1: monkey0906 ($2.34 in chips) 
Seat 2: Leninata ($1.56 in chips) 
Seat 3: perosky ($1.32 in chips) 
Seat 4: Dorex2007 ($2.13 in chips) 
Seat 5: pok.mj ($2.67 in chips) 
Seat 6: AlekxSly ($1 in chips) 
Seat 7: GarryKas ($0.72 in chips) 
Seat 8: DanielHumby ($1 in chips) 
Seat 9: RosyyCt91 ($0.42 in chips) 
GarryKas: posts small blind $0.01
DanielHumby: posts big blind $0.02
*** HOLE CARDS ***
Dealt to Dorex2007 [5d 3d]
RosyyCt91: calls $0.02
monkey0906: folds 
Leninata: folds 
perosky: folds 
Dorex2007: calls $0.02
pok.mj: raises $0.04 to $0.06
AlekxSly: folds 
GarryKas: folds 
DanielHumby: folds 
RosyyCt91: calls $0.04
Dorex2007: folds 
*** FLOP *** [8d Ac Ah]
monkey0906 leaves the table
RosyyCt91: bets $0.02
pok.mj: raises $0.06 to $0.08
RosyyCt91: calls $0.06
*** TURN *** [8d Ac Ah] [7s]
RosyyCt91: checks 
pok.mj: bets $0.08
RosyyCt91: calls $0.08
*** RIVER *** [8d Ac Ah 7s] [2d]
RosyyCt91: checks 
pok.mj: checks 
*** SHOW DOWN ***
RosyyCt91: shows [Jc Kd] (a pair of Aces)
pok.mj: shows [As Qd] (three of a kind, Aces)
pok.mj collected $0.47 from pot
*** SUMMARY ***
Total pot $0.49 | Rake $0.02 
Board [8d Ac Ah 7s 2d]
Seat 1: monkey0906 folded before Flop (didn't bet)
Seat 2: Leninata folded before Flop (didn't bet)
Seat 3: perosky folded before Flop (didn't bet)
Seat 4: Dorex2007 folded before Flop
Seat 5: pok.mj showed [As Qd] and won ($0.47) with three of a kind, Aces
Seat 6: AlekxSly (button) folded before Flop (didn't bet)
Seat 7: GarryKas (small blind) folded before Flop
Seat 8: DanielHumby (big blind) folded before Flop
Seat 9: RosyyCt91 showed [Jc Kd] and lost with a pair of Aces



PokerStars Hand #224432353657:  Hold'em No Limit ($0.01/$0.02 USD) - 2021/03/03 16:45:12 PT [2021/03/03 19:45:12 ET]
Table 'Ioannisiani' 9-max Seat #7 is the button
Seat 2: Leninata ($1.56 in chips) 
Seat 3: perosky ($1.32 in chips) 
Seat 4: Dorex2007 ($2.11 in chips) 
Seat 5: pok.mj ($2.92 in chips) 
Seat 6: AlekxSly ($1 in chips) 
Seat 7: GarryKas ($0.71 in chips) 
Seat 8: DanielHumby ($0.98 in chips) 
Seat 9: RosyyCt91 ($0.20 in chips) 
DanielHumby: posts small blind $0.01
RosyyCt91: posts big blind $0.02
*** HOLE CARDS ***
Dealt to Dorex2007 [7c Jh]
Leninata: folds 
perosky: folds 
Dorex2007: folds 
pok.mj: folds 
AlekxSly: folds 
GarryKas: folds 
DanielHumby: calls $0.01
RosyyCt91: raises $0.18 to $0.20 and is all-in
DanielHumby: calls $0.18
*** FLOP *** [5h Kh 3h]
*** TURN *** [5h Kh 3h] [7h]
*** RIVER *** [5h Kh 3h 7h] [4h]
*** SHOW DOWN ***
DanielHumby: shows [9d Ah] (a flush, Ace high)
RosyyCt91: shows [Ts Qs] (a flush, King high)
DanielHumby collected $0.39 from pot
*** SUMMARY ***
Total pot $0.40 | Rake $0.01 
Board [5h Kh 3h 7h 4h]
Seat 2: Leninata folded before Flop (didn't bet)
Seat 3: perosky folded before Flop (didn't bet)
Seat 4: Dorex2007 folded before Flop (didn't bet)
Seat 5: pok.mj folded before Flop (didn't bet)
Seat 6: AlekxSly folded before Flop (didn't bet)
Seat 7: GarryKas (button) folded before Flop (didn't bet)
Seat 8: DanielHumby (small blind) showed [9d Ah] and won ($0.39) with a flush, Ace high
Seat 9: RosyyCt91 (big blind) showed [Ts Qs] and lost with a flush, King high



PokerStars Hand #224432369831:  Hold'em No Limit ($0.01/$0.02 USD) - 2021/03/03 16:45:57 PT [2021/03/03 19:45:57 ET]
Table 'Ioannisiani' 9-max Seat #8 is the button
Seat 2: Leninata ($1.56 in chips) 
Seat 3: perosky ($1.32 in chips) 
Seat 4: Dorex2007 ($2.11 in chips) 
Seat 5: pok.mj ($2.92 in chips) 
Seat 6: AlekxSly ($1 in chips) 
Seat 7: GarryKas ($0.71 in chips) 
Seat 8: DanielHumby ($1.17 in chips) 
Leninata: posts small blind $0.01
perosky: posts big blind $0.02
*** HOLE CARDS ***
Dealt to Dorex2007 [8s 7s]
Dorex2007: calls $0.02
RosyyCt91 leaves the table
pok.mj: raises $0.06 to $0.08
AlekxSly: folds 
GarryKas: folds 
DanielHumby: folds 
tiolucius joins the table at seat #1 
Leninata: folds 
perosky: folds 
Dorex2007: folds 
Uncalled bet ($0.06) returned to pok.mj
pok.mj collected $0.07 from pot
pok.mj: doesn't show hand 
*** SUMMARY ***
Total pot $0.07 | Rake $0 
Seat 2: Leninata (small blind) folded before Flop
Seat 3: perosky (big blind) folded before Flop
Seat 4: Dorex2007 folded before Flop
Seat 5: pok.mj collected ($0.07)
Seat 6: AlekxSly folded before Flop (didn't bet)
Seat 7: GarryKas folded before Flop (didn't bet)
Seat 8: DanielHumby (button) folded before Flop (didn't bet)



PokerStars Hand #224432379993:  Hold'em No Limit ($0.01/$0.02 USD) - 2021/03/03 16:46:26 PT [2021/03/03 19:46:26 ET]
Table 'Ioannisiani' 9-max Seat #2 is the button
Seat 1: tiolucius ($1.60 in chips) 
Seat 2: Leninata ($1.55 in chips) 
Seat 3: perosky ($1.30 in chips) 
Seat 4: Dorex2007 ($2.09 in chips) 
Seat 5: pok.mj ($2.97 in chips) 
Seat 6: AlekxSly ($1 in chips) 
Seat 7: GarryKas ($0.71 in chips) 
Seat 8: DanielHumby ($1.17 in chips) 
perosky: posts small blind $0.01
Dorex2007: posts big blind $0.02
tiolucius: posts big blind $0.02
*** HOLE CARDS ***
Dealt to Dorex2007 [6d 3h]
pok.mj: folds 
AlekxSly: raises $0.07 to $0.09
GarryKas: folds 
DanielHumby: folds 
yankatun joins the table at seat #9 
tiolucius: calls $0.07
Leninata: folds 
perosky: folds 
Dorex2007: folds 
*** FLOP *** [8c 2h 2s]
AlekxSly: checks 
tiolucius: bets $0.16
AlekxSly: folds 
Uncalled bet ($0.16) returned to tiolucius
tiolucius collected $0.20 from pot
tiolucius: doesn't show hand 
*** SUMMARY ***
Total pot $0.21 | Rake $0.01 
Board [8c 2h 2s]
Seat 1: tiolucius collected ($0.20)
Seat 2: Leninata (button) folded before Flop (didn't bet)
Seat 3: perosky (small blind) folded before Flop
Seat 4: Dorex2007 (big blind) folded before Flop
Seat 5: pok.mj folded before Flop (didn't bet)
Seat 6: AlekxSly folded on the Flop
Seat 7: GarryKas folded before Flop (didn't bet)
Seat 8: DanielHumby folded before Flop (didn't bet)



PokerStars Hand #224432408376:  Hold'em No Limit ($0.01/$0.02 USD) - 2021/03/03 16:47:46 PT [2021/03/03 19:47:46 ET]
Table 'Ioannisiani' 9-max Seat #3 is the button
Seat 1: tiolucius ($1.71 in chips) 
Seat 2: Leninata ($1.55 in chips) 
Seat 3: perosky ($1.29 in chips) 
Seat 4: Dorex2007 ($2.07 in chips) 
Seat 5: pok.mj ($2.97 in chips) 
Seat 6: AlekxSly ($0.91 in chips) 
Seat 7: GarryKas ($0.71 in chips) 
Seat 8: DanielHumby ($1.17 in chips) 
Dorex2007: posts small blind $0.01
pok.mj: posts big blind $0.02
yankatun: sits out 
*** HOLE CARDS ***
Dealt to Dorex2007 [3c 2d]
AlekxSly: folds 
GarryKas: folds 
DanielHumby: calls $0.02
tiolucius: folds 
Leninata: folds 
perosky: folds 
Dorex2007: calls $0.01
pok.mj: checks 
*** FLOP *** [Kc Ac Qd]
Dorex2007: checks 
pok.mj: checks 
DanielHumby: checks 
*** TURN *** [Kc Ac Qd] [7s]
Dorex2007: bets $0.03
pok.mj: calls $0.03
DanielHumby: raises $0.03 to $0.06
Dorex2007: folds 
pok.mj: calls $0.03
*** RIVER *** [Kc Ac Qd 7s] [Th]
pok.mj: checks 
DanielHumby: bets $0.10
pok.mj: calls $0.10
*** SHOW DOWN ***
DanielHumby: shows [As 9h] (a pair of Aces)
pok.mj: mucks hand 
DanielHumby collected $0.40 from pot
*** SUMMARY ***
Total pot $0.41 | Rake $0.01 
Board [Kc Ac Qd 7s Th]
Seat 1: tiolucius folded before Flop (didn't bet)
Seat 2: Leninata folded before Flop (didn't bet)
Seat 3: perosky (button) folded before Flop (didn't bet)
Seat 4: Dorex2007 (small blind) folded on the Turn
Seat 5: pok.mj (big blind) mucked [7c 6h]
Seat 6: AlekxSly folded before Flop (didn't bet)
Seat 7: GarryKas folded before Flop (didn't bet)
Seat 8: DanielHumby showed [As 9h] and won ($0.40) with a pair of Aces



PokerStars Hand #224432431765:  Hold'em No Limit ($0.01/$0.02 USD) - 2021/03/03 16:48:52 PT [2021/03/03 19:48:52 ET]
Table 'Ioannisiani' 9-max Seat #4 is the button
Seat 1: tiolucius ($1.71 in chips) 
Seat 2: Leninata ($1.55 in chips) 
Seat 3: perosky ($1.29 in chips) 
Seat 4: Dorex2007 ($2.02 in chips) 
Seat 5: pok.mj ($2.79 in chips) 
Seat 6: AlekxSly ($0.91 in chips) 
Seat 7: GarryKas ($0.71 in chips) 
Seat 8: DanielHumby ($1.39 in chips) 
pok.mj: posts small blind $0.01
AlekxSly: posts big blind $0.02
yankatun: sits out 
*** HOLE CARDS ***
Dealt to Dorex2007 [4s 4d]
GarryKas: calls $0.02
DanielHumby: calls $0.02
tiolucius: calls $0.02
Leninata: folds 
perosky: folds 
Dorex2007: calls $0.02
pok.mj: folds 
AlekxSly: checks 
*** FLOP *** [8c Js Jc]
AlekxSly: checks 
GarryKas: bets $0.04
DanielHumby: folds 
tiolucius: folds 
Dorex2007: calls $0.04
AlekxSly: folds 
*** TURN *** [8c Js Jc] [9c]
GarryKas: checks 
yankatun leaves the table
Dorex2007: checks 
*** RIVER *** [8c Js Jc 9c] [4c]
GarryKas: checks 
Dorex2007: checks 
*** SHOW DOWN ***
GarryKas: shows [Ah Ad] (two pair, Aces and Jacks)
Dorex2007: shows [4s 4d] (a full house, Fours full of Jacks)
Dorex2007 collected $0.18 from pot
*** SUMMARY ***
Total pot $0.19 | Rake $0.01 
Board [8c Js Jc 9c 4c]
Seat 1: tiolucius folded on the Flop
Seat 2: Leninata folded before Flop (didn't bet)
Seat 3: perosky folded before Flop (didn't bet)
Seat 4: Dorex2007 (button) showed [4s 4d] and won ($0.18) with a full house, Fours full of Jacks
Seat 5: pok.mj (small blind) folded before Flop
Seat 6: AlekxSly (big blind) folded on the Flop
Seat 7: GarryKas showed [Ah Ad] and lost with two pair, Aces and Jacks
Seat 8: DanielHumby folded on the Flop



PokerStars Hand #224432459903:  Hold'em No Limit ($0.01/$0.02 USD) - 2021/03/03 16:50:02 PT [2021/03/03 19:50:02 ET]
Table 'Ioannisiani' 9-max Seat #5 is the button
Seat 1: tiolucius ($1.69 in chips) 
Seat 2: Leninata ($1.55 in chips) 
Seat 3: perosky ($1.29 in chips) 
Seat 4: Dorex2007 ($2.14 in chips) 
Seat 5: pok.mj ($2.78 in chips) 
Seat 6: AlekxSly ($0.89 in chips) 
Seat 7: GarryKas ($0.65 in chips) 
Seat 8: DanielHumby ($1.37 in chips) 
AlekxSly: posts small blind $0.01
GarryKas: posts big blind $0.02
*** HOLE CARDS ***
Dealt to Dorex2007 [3s Kd]
Reflastori joins the table at seat #9 
DanielHumby has timed out
DanielHumby: folds 
tiolucius: folds 
Leninata: folds 
perosky: calls $0.02
Dorex2007: folds 
pok.mj: folds 
AlekxSly: folds 
GarryKas: checks 
*** FLOP *** [Qh Kc 6h]
GarryKas: checks 
perosky: checks 
*** TURN *** [Qh Kc 6h] [Qd]
GarryKas: checks 
perosky: checks 
*** RIVER *** [Qh Kc 6h Qd] [Ks]
GarryKas: checks 
perosky: bets $0.02
GarryKas: folds 
Uncalled bet ($0.02) returned to perosky
perosky collected $0.05 from pot
perosky: doesn't show hand 
*** SUMMARY ***
Total pot $0.05 | Rake $0 
Board [Qh Kc 6h Qd Ks]
Seat 1: tiolucius folded before Flop (didn't bet)
Seat 2: Leninata folded before Flop (didn't bet)
Seat 3: perosky collected ($0.05)
Seat 4: Dorex2007 folded before Flop (didn't bet)
Seat 5: pok.mj (button) folded before Flop (didn't bet)
Seat 6: AlekxSly (small blind) folded before Flop
Seat 7: GarryKas (big blind) folded on the River
Seat 8: DanielHumby folded before Flop (didn't bet)



PokerStars Hand #224432487279:  Hold'em No Limit ($0.01/$0.02 USD) - 2021/03/03 16:51:20 PT [2021/03/03 19:51:20 ET]
Table 'Ioannisiani' 9-max Seat #6 is the button
Seat 1: tiolucius ($1.69 in chips) 
Seat 2: Leninata ($1.55 in chips) 
Seat 3: perosky ($1.32 in chips) 
Seat 4: Dorex2007 ($2.14 in chips) 
Seat 5: pok.mj ($2.78 in chips) 
Seat 6: AlekxSly ($0.88 in chips) 
Seat 7: GarryKas ($0.63 in chips) 
Seat 8: DanielHumby ($1.37 in chips) 
GarryKas: posts small blind $0.01
DanielHumby: posts big blind $0.02
Reflastori: sits out 
*** HOLE CARDS ***
Dealt to Dorex2007 [3h Qc]
tiolucius: folds 
Leninata: calls $0.02
perosky: folds 
Dorex2007: folds 
pok.mj: calls $0.02
AlekxSly: folds 
GarryKas: folds 
DanielHumby: checks 
*** FLOP *** [4h 9d 4c]
DanielHumby: checks 
Leninata: checks 
pok.mj: checks 
*** TURN *** [4h 9d 4c] [As]
DanielHumby: checks 
Leninata: checks 
pok.mj: checks 
*** RIVER *** [4h 9d 4c As] [7c]
DanielHumby: bets $0.08
Leninata: folds 
pok.mj: calls $0.08
*** SHOW DOWN ***
DanielHumby: shows [6s Ac] (two pair, Aces and Fours)
pok.mj: mucks hand 
DanielHumby collected $0.22 from pot
*** SUMMARY ***
Total pot $0.23 | Rake $0.01 
Board [4h 9d 4c As 7c]
Seat 1: tiolucius folded before Flop (didn't bet)
Seat 2: Leninata folded on the River
Seat 3: perosky folded before Flop (didn't bet)
Seat 4: Dorex2007 folded before Flop (didn't bet)
Seat 5: pok.mj mucked [Jc 8h]
Seat 6: AlekxSly (button) folded before Flop (didn't bet)
Seat 7: GarryKas (small blind) folded before Flop
Seat 8: DanielHumby (big blind) showed [6s Ac] and won ($0.22) with two pair, Aces and Fours



PokerStars Hand #224432527155:  Hold'em No Limit ($0.01/$0.02 USD) - 2021/03/03 16:53:14 PT [2021/03/03 19:53:14 ET]
Table 'Ioannisiani' 9-max Seat #7 is the button
Seat 1: tiolucius ($1.69 in chips) 
Seat 2: Leninata ($1.53 in chips) 
Seat 3: perosky ($1.32 in chips) 
Seat 4: Dorex2007 ($2.14 in chips) 
Seat 5: pok.mj ($2.68 in chips) 
Seat 6: AlekxSly ($0.88 in chips) 
Seat 7: GarryKas ($0.62 in chips) 
Seat 8: DanielHumby ($1.49 in chips) 
Seat 9: Reflastori ($2 in chips) 
DanielHumby: posts small blind $0.01
Reflastori: posts big blind $0.02
*** HOLE CARDS ***
Dealt to Dorex2007 [Ac 9c]
tiolucius: folds 
Leninata: folds 
perosky: folds 
Dorex2007: calls $0.02
pok.mj: folds 
AlekxSly: raises $0.02 to $0.04
GarryKas: raises $0.58 to $0.62 and is all-in
DanielHumby: folds 
Reflastori: folds 
Dorex2007: folds 
AlekxSly: folds 
Uncalled bet ($0.58) returned to GarryKas
GarryKas collected $0.13 from pot
GarryKas: doesn't show hand 
*** SUMMARY ***
Total pot $0.13 | Rake $0 
Seat 1: tiolucius folded before Flop (didn't bet)
Seat 2: Leninata folded before Flop (didn't bet)
Seat 3: perosky folded before Flop (didn't bet)
Seat 4: Dorex2007 folded before Flop
Seat 5: pok.mj folded before Flop (didn't bet)
Seat 6: AlekxSly folded before Flop
Seat 7: GarryKas (button) collected ($0.13)
Seat 8: DanielHumby (small blind) folded before Flop
Seat 9: Reflastori (big blind) folded before Flop



PokerStars Hand #224432548493:  Hold'em No Limit ($0.01/$0.02 USD) - 2021/03/03 16:54:16 PT [2021/03/03 19:54:16 ET]
Table 'Ioannisiani' 9-max Seat #8 is the button
Seat 1: tiolucius ($1.69 in chips) 
Seat 2: Leninata ($1.53 in chips) 
Seat 3: perosky ($1.32 in chips) 
Seat 4: Dorex2007 ($2.12 in chips) 
Seat 5: pok.mj ($2.68 in chips) 
Seat 6: AlekxSly ($0.84 in chips) 
Seat 7: GarryKas ($0.71 in chips) 
Seat 8: DanielHumby ($1.48 in chips) 
Seat 9: Reflastori ($1.98 in chips) 
Reflastori: posts small blind $0.01
tiolucius: posts big blind $0.02
*** HOLE CARDS ***
Dealt to Dorex2007 [Kh 8s]
Leninata: folds 
perosky: folds 
Dorex2007: folds 
pok.mj: raises $0.02 to $0.04
AlekxSly: folds 
GarryKas: folds 
DanielHumby: folds 
Reflastori: folds 
tiolucius: folds 
Uncalled bet ($0.02) returned to pok.mj
pok.mj collected $0.05 from pot
pok.mj: doesn't show hand 
*** SUMMARY ***
Total pot $0.05 | Rake $0 
Seat 1: tiolucius (big blind) folded before Flop
Seat 2: Leninata folded before Flop (didn't bet)
Seat 3: perosky folded before Flop (didn't bet)
Seat 4: Dorex2007 folded before Flop (didn't bet)
Seat 5: pok.mj collected ($0.05)
Seat 6: AlekxSly folded before Flop (didn't bet)
Seat 7: GarryKas folded before Flop (didn't bet)
Seat 8: DanielHumby (button) folded before Flop (didn't bet)
Seat 9: Reflastori (small blind) folded before Flop



PokerStars Hand #224432570493:  Hold'em No Limit ($0.01/$0.02 USD) - 2021/03/03 16:55:09 PT [2021/03/03 19:55:09 ET]
Table 'Ioannisiani' 9-max Seat #9 is the button
Seat 1: tiolucius ($1.67 in chips) 
Seat 2: Leninata ($1.53 in chips) 
Seat 3: perosky ($1.32 in chips) 
Seat 4: Dorex2007 ($2.12 in chips) 
Seat 5: pok.mj ($2.71 in chips) 
Seat 6: AlekxSly ($0.84 in chips) 
Seat 7: GarryKas ($0.71 in chips) 
Seat 8: DanielHumby ($1.48 in chips) 
Seat 9: Reflastori ($1.97 in chips) 
tiolucius: posts small blind $0.01
Leninata: posts big blind $0.02
*** HOLE CARDS ***
Dealt to Dorex2007 [8c Td]
perosky: calls $0.02
Dorex2007: folds 
pok.mj: folds 
AlekxSly: folds 
GarryKas: folds 
DanielHumby: folds 
Reflastori: folds 
tiolucius: folds 
Leninata: checks 
*** FLOP *** [Tc 4s 9h]
Leninata: checks 
perosky: checks 
*** TURN *** [Tc 4s 9h] [4h]
Leninata: checks 
perosky: checks 
*** RIVER *** [Tc 4s 9h 4h] [8s]
Leninata: checks 
perosky: checks 
*** SHOW DOWN ***
Leninata: shows [Jh Ks] (a pair of Fours)
perosky: shows [Kd Js] (a pair of Fours)
Leninata collected $0.03 from pot
perosky collected $0.02 from pot
*** SUMMARY ***
Total pot $0.05 | Rake $0 
Board [Tc 4s 9h 4h 8s]
Seat 1: tiolucius (small blind) folded before Flop
Seat 2: Leninata (big blind) showed [Jh Ks] and won ($0.03) with a pair of Fours
Seat 3: perosky showed [Kd Js] and won ($0.02) with a pair of Fours
Seat 4: Dorex2007 folded before Flop (didn't bet)
Seat 5: pok.mj folded before Flop (didn't bet)
Seat 6: AlekxSly folded before Flop (didn't bet)
Seat 7: GarryKas folded before Flop (didn't bet)
Seat 8: DanielHumby folded before Flop (didn't bet)
Seat 9: Reflastori (button) folded before Flop (didn't bet)



PokerStars Hand #224432593298:  Hold'em No Limit ($0.01/$0.02 USD) - 2021/03/03 16:56:31 PT [2021/03/03 19:56:31 ET]
Table 'Ioannisiani' 9-max Seat #1 is the button
Seat 1: tiolucius ($1.66 in chips) 
Seat 2: Leninata ($1.54 in chips) 
Seat 3: perosky ($1.32 in chips) 
Seat 4: Dorex2007 ($2.12 in chips) 
Seat 6: AlekxSly ($0.84 in chips) 
Seat 7: GarryKas ($0.71 in chips) 
Seat 8: DanielHumby ($1.48 in chips) 
Seat 9: Reflastori ($2 in chips) 
Leninata: posts small blind $0.01
perosky: posts big blind $0.02
*** HOLE CARDS ***
Dealt to Dorex2007 [6h 4c]
Dorex2007: folds 
AlekxSly: folds 
GarryKas: folds 
DanielHumby: calls $0.02
Reflastori: folds 
tiolucius: folds 
Leninata: calls $0.01
perosky: checks 
*** FLOP *** [5d 3h 4h]
Leninata: checks 
perosky: checks 
DanielHumby: checks 
*** TURN *** [5d 3h 4h] [5h]
Leninata: bets $0.03
perosky: calls $0.03
DanielHumby: folds 
*** RIVER *** [5d 3h 4h 5h] [7c]
Leninata: bets $0.06
perosky: calls $0.06
*** SHOW DOWN ***
Leninata: shows [Jh 9h] (a flush, Jack high)
perosky: mucks hand 
Leninata collected $0.23 from pot
*** SUMMARY ***
Total pot $0.24 | Rake $0.01 
Board [5d 3h 4h 5h 7c]
Seat 1: tiolucius (button) folded before Flop (didn't bet)
Seat 2: Leninata (small blind) showed [Jh 9h] and won ($0.23) with a flush, Jack high
Seat 3: perosky (big blind) mucked [Td 5c]
Seat 4: Dorex2007 folded before Flop (didn't bet)
Seat 6: AlekxSly folded before Flop (didn't bet)
Seat 7: GarryKas folded before Flop (didn't bet)
Seat 8: DanielHumby folded on the Turn
Seat 9: Reflastori folded before Flop (didn't bet)



PokerStars Hand #224432618410:  Hold'em No Limit ($0.01/$0.02 USD) - 2021/03/03 16:58:00 PT [2021/03/03 19:58:00 ET]
Table 'Ioannisiani' 9-max Seat #2 is the button
Seat 1: tiolucius ($1.66 in chips) 
Seat 2: Leninata ($1.66 in chips) 
Seat 3: perosky ($1.21 in chips) 
Seat 4: Dorex2007 ($2.12 in chips) 
Seat 6: AlekxSly ($0.84 in chips) 
Seat 7: GarryKas ($0.71 in chips) 
Seat 8: DanielHumby ($1.46 in chips) 
Seat 9: Reflastori ($2 in chips) 
perosky: posts small blind $0.01
Dorex2007: posts big blind $0.02
*** HOLE CARDS ***
Dealt to Dorex2007 [4s Qh]
AlekxSly: folds 
GarryKas: folds 
DanielHumby: calls $0.02
Reflastori: folds 
tiolucius: folds 
Leninata: calls $0.02
perosky: calls $0.01
Dorex2007: checks 
*** FLOP *** [Jd 6c Ad]
perosky: bets $0.02
Dorex2007: folds 
DanielHumby: calls $0.02
Leninata: folds 
*** TURN *** [Jd 6c Ad] [Qs]
perosky: checks 
DanielHumby: bets $0.04
perosky: folds 
Uncalled bet ($0.04) returned to DanielHumby
DanielHumby collected $0.12 from pot
DanielHumby: doesn't show hand 
*** SUMMARY ***
Total pot $0.12 | Rake $0 
Board [Jd 6c Ad Qs]
Seat 1: tiolucius folded before Flop (didn't bet)
Seat 2: Leninata (button) folded on the Flop
Seat 3: perosky (small blind) folded on the Turn
Seat 4: Dorex2007 (big blind) folded on the Flop
Seat 6: AlekxSly folded before Flop (didn't bet)
Seat 7: GarryKas folded before Flop (didn't bet)
Seat 8: DanielHumby collected ($0.12)
Seat 9: Reflastori folded before Flop (didn't bet)



PokerStars Hand #224432637566:  Hold'em No Limit ($0.01/$0.02 USD) - 2021/03/03 16:59:08 PT [2021/03/03 19:59:08 ET]
Table 'Ioannisiani' 9-max Seat #3 is the button
Seat 1: tiolucius ($1.66 in chips) 
Seat 2: Leninata ($1.64 in chips) 
Seat 3: perosky ($1.17 in chips) 
Seat 4: Dorex2007 ($2.10 in chips) 
Seat 6: AlekxSly ($0.84 in chips) 
Seat 7: GarryKas ($0.71 in chips) 
Seat 8: DanielHumby ($1.54 in chips) 
Seat 9: Reflastori ($2 in chips) 
Dorex2007: posts small blind $0.01
AlekxSly: posts big blind $0.02
*** HOLE CARDS ***
Dealt to Dorex2007 [6d Tc]
GarryKas: folds 
DanielHumby: calls $0.02
Reflastori: folds 
tiolucius: folds 
pok.mj leaves the table
Leninata: folds 
perosky: folds 
Dorex2007: folds 
AlekxSly: checks 
*** FLOP *** [3s 9d 7h]
AlekxSly: checks 
DanielHumby: checks 
*** TURN *** [3s 9d 7h] [Qd]
AlekxSly: checks 
DanielHumby: bets $0.02
AlekxSly: folds 
Uncalled bet ($0.02) returned to DanielHumby
DanielHumby collected $0.05 from pot
DanielHumby: doesn't show hand 
*** SUMMARY ***
Total pot $0.05 | Rake $0 
Board [3s 9d 7h Qd]
Seat 1: tiolucius folded before Flop (didn't bet)
Seat 2: Leninata folded before Flop (didn't bet)
Seat 3: perosky (button) folded before Flop (didn't bet)
Seat 4: Dorex2007 (small blind) folded before Flop
Seat 6: AlekxSly (big blind) folded on the Turn
Seat 7: GarryKas folded before Flop (didn't bet)
Seat 8: DanielHumby collected ($0.05)
Seat 9: Reflastori folded before Flop (didn't bet)



PokerStars Hand #224432652433:  Hold'em No Limit ($0.01/$0.02 USD) - 2021/03/03 17:00:00 PT [2021/03/03 20:00:00 ET]
Table 'Ioannisiani' 9-max Seat #4 is the button
Seat 1: tiolucius ($1.66 in chips) 
Seat 2: Leninata ($1.64 in chips) 
Seat 3: perosky ($1.17 in chips) 
Seat 4: Dorex2007 ($2.09 in chips) 
Seat 6: AlekxSly ($0.82 in chips) 
Seat 7: GarryKas ($0.71 in chips) 
Seat 8: DanielHumby ($1.57 in chips) 
Seat 9: Reflastori ($2 in chips) 
AlekxSly: posts small blind $0.01
GarryKas: posts big blind $0.02
*** HOLE CARDS ***
Dealt to Dorex2007 [2d 5d]
DanielHumby: calls $0.02
Reflastori: raises $0.06 to $0.08
tiolucius: folds 
Leninata: calls $0.08
dcjt83 joins the table at seat #5 
perosky: calls $0.08
Dorex2007: folds 
AlekxSly: folds 
GarryKas: folds 
DanielHumby: folds 
*** FLOP *** [9c 8c 7c]
Reflastori: checks 
Leninata: checks 
perosky: checks 
*** TURN *** [9c 8c 7c] [3s]
Reflastori: checks 
Leninata: checks 
perosky: checks 
*** RIVER *** [9c 8c 7c 3s] [Kc]
Reflastori: checks 
Leninata: checks 
perosky: checks 
*** SHOW DOWN ***
Reflastori: shows [Ad Ks] (a pair of Kings)
Leninata: shows [Kh As] (a pair of Kings)
perosky: mucks hand 
Reflastori collected $0.14 from pot
Leninata collected $0.14 from pot
*** SUMMARY ***
Total pot $0.29 | Rake $0.01 
Board [9c 8c 7c 3s Kc]
Seat 1: tiolucius folded before Flop (didn't bet)
Seat 2: Leninata showed [Kh As] and won ($0.14) with a pair of Kings
Seat 3: perosky mucked [Jd Qh]
Seat 4: Dorex2007 (button) folded before Flop (didn't bet)
Seat 6: AlekxSly (small blind) folded before Flop
Seat 7: GarryKas (big blind) folded before Flop
Seat 8: DanielHumby folded before Flop
Seat 9: Reflastori showed [Ad Ks] and won ($0.14) with a pair of Kings



PokerStars Hand #224432679013:  Hold'em No Limit ($0.01/$0.02 USD) - 2021/03/03 17:01:23 PT [2021/03/03 20:01:23 ET]
Table 'Ioannisiani' 9-max Seat #6 is the button
Seat 1: tiolucius ($1.66 in chips) 
Seat 2: Leninata ($1.70 in chips) 
Seat 3: perosky ($1.09 in chips) 
Seat 4: Dorex2007 ($2.09 in chips) 
Seat 5: dcjt83 ($1.60 in chips) 
Seat 6: AlekxSly ($0.81 in chips) 
Seat 7: GarryKas ($0.69 in chips) 
Seat 8: DanielHumby ($1.55 in chips) 
Seat 9: Reflastori ($2.06 in chips) 
GarryKas: posts small blind $0.01
DanielHumby: posts big blind $0.02
dcjt83: posts big blind $0.02
*** HOLE CARDS ***
Dealt to Dorex2007 [6c Js]
Reflastori: folds 
tiolucius: folds 
Leninata: folds 
perosky: calls $0.02
Dorex2007: folds 
dcjt83: checks 
AlekxSly: folds 
GarryKas: raises $0.67 to $0.69 and is all-in
DanielHumby: folds 
perosky: folds 
dcjt83: folds 
Uncalled bet ($0.67) returned to GarryKas
GarryKas collected $0.08 from pot
GarryKas: doesn't show hand 
*** SUMMARY ***
Total pot $0.08 | Rake $0 
Seat 1: tiolucius folded before Flop (didn't bet)
Seat 2: Leninata folded before Flop (didn't bet)
Seat 3: perosky folded before Flop
Seat 4: Dorex2007 folded before Flop (didn't bet)
Seat 5: dcjt83 folded before Flop (didn't bet)
Seat 6: AlekxSly (button) folded before Flop (didn't bet)
Seat 7: GarryKas (small blind) collected ($0.08)
Seat 8: DanielHumby (big blind) folded before Flop
Seat 9: Reflastori folded before Flop (didn't bet)



PokerStars Hand #224432702654:  Hold'em No Limit ($0.01/$0.02 USD) - 2021/03/03 17:02:04 PT [2021/03/03 20:02:04 ET]
Table 'Ioannisiani' 9-max Seat #7 is the button
Seat 1: tiolucius ($1.66 in chips) 
Seat 2: Leninata ($1.70 in chips) 
Seat 4: Dorex2007 ($2.09 in chips) 
Seat 5: dcjt83 ($1.58 in chips) 
Seat 6: AlekxSly ($0.81 in chips) 
Seat 7: GarryKas ($0.75 in chips) 
Seat 8: DanielHumby ($1.53 in chips) 
DanielHumby: posts small blind $0.01
Reflastori: is sitting out 
tiolucius: posts big blind $0.02
*** HOLE CARDS ***
Dealt to Dorex2007 [6c Qd]
Leninata: calls $0.02
Dorex2007: folds 
dcjt83: calls $0.02
AlekxSly: folds 
GarryKas: folds 
DanielHumby: folds 
tiolucius: checks 
*** FLOP *** [4s 7d Ah]
tiolucius: checks 
Leninata: checks 
dcjt83: bets $0.04
tiolucius: calls $0.04
Leninata: folds 
*** TURN *** [4s 7d Ah] [Th]
tiolucius: checks 
dcjt83: bets $0.06
tiolucius: raises $0.06 to $0.12
dcjt83: calls $0.06
*** RIVER *** [4s 7d Ah Th] [8h]
tiolucius: bets $0.15
dcjt83: folds 
Uncalled bet ($0.15) returned to tiolucius
tiolucius collected $0.38 from pot
tiolucius: doesn't show hand 
*** SUMMARY ***
Total pot $0.39 | Rake $0.01 
Board [4s 7d Ah Th 8h]
Seat 1: tiolucius (big blind) collected ($0.38)
Seat 2: Leninata folded on the Flop
Seat 4: Dorex2007 folded before Flop (didn't bet)
Seat 5: dcjt83 folded on the River
Seat 6: AlekxSly folded before Flop (didn't bet)
Seat 7: GarryKas (button) folded before Flop (didn't bet)
Seat 8: DanielHumby (small blind) folded before Flop



PokerStars Hand #224432731263:  Hold'em No Limit ($0.01/$0.02 USD) - 2021/03/03 17:03:27 PT [2021/03/03 20:03:27 ET]
Table 'Ioannisiani' 9-max Seat #8 is the button
Seat 1: tiolucius ($1.86 in chips) 
Seat 2: Leninata ($1.68 in chips) 
Seat 3: perosky ($1.07 in chips) 
Seat 4: Dorex2007 ($2.09 in chips) 
Seat 5: dcjt83 ($1.40 in chips) 
Seat 6: AlekxSly ($0.81 in chips) 
Seat 7: GarryKas ($0.75 in chips) 
Seat 8: DanielHumby ($1.52 in chips) 
tiolucius: posts small blind $0.01
Leninata: posts big blind $0.02
*** HOLE CARDS ***
Dealt to Dorex2007 [Qh 6d]
perosky: folds 
Dorex2007: folds 
perosky leaves the table
dcjt83: folds 
AlekxSly: folds 
GarryKas: folds 
DanielHumby: folds 
tiolucius: folds 
Uncalled bet ($0.01) returned to Leninata
Leninata collected $0.02 from pot
Leninata: doesn't show hand 
*** SUMMARY ***
Total pot $0.02 | Rake $0 
Seat 1: tiolucius (small blind) folded before Flop
Seat 2: Leninata (big blind) collected ($0.02)
Seat 3: perosky folded before Flop (didn't bet)
Seat 4: Dorex2007 folded before Flop (didn't bet)
Seat 5: dcjt83 folded before Flop (didn't bet)
Seat 6: AlekxSly folded before Flop (didn't bet)
Seat 7: GarryKas folded before Flop (didn't bet)
Seat 8: DanielHumby (button) folded before Flop (didn't bet)



PokerStars Hand #224432739508:  Hold'em No Limit ($0.01/$0.02 USD) - 2021/03/03 17:03:51 PT [2021/03/03 20:03:51 ET]
Table 'Ioannisiani' 9-max Seat #1 is the button
Seat 1: tiolucius ($1.85 in chips) 
Seat 2: Leninata ($1.69 in chips) 
Seat 4: Dorex2007 ($2.09 in chips) 
Seat 5: dcjt83 ($1.40 in chips) 
Seat 6: AlekxSly ($0.81 in chips) 
Seat 7: GarryKas ($0.75 in chips) 
Seat 8: DanielHumby ($1.52 in chips) 
Leninata: posts small blind $0.01
Dorex2007: posts big blind $0.02
*** HOLE CARDS ***
Dealt to Dorex2007 [9c Qs]
dcjt83: folds 
AlekxSly: folds 
GarryKas: folds 
DanielHumby: folds 
tiolucius: raises $0.03 to $0.05
Leninata: folds 
Dorex2007: calls $0.03
*** FLOP *** [7s As 4s]
Dorex2007: checks 
tiolucius: bets $0.07
Dorex2007: calls $0.07
*** TURN *** [7s As 4s] [8d]
Dorex2007: checks 
tiolucius: checks 
*** RIVER *** [7s As 4s 8d] [6d]
Dorex2007: bets $0.12
tiolucius: folds 
Uncalled bet ($0.12) returned to Dorex2007
odisej111 joins the table at seat #3 
Dorex2007 collected $0.24 from pot
Dorex2007: doesn't show hand 
*** SUMMARY ***
Total pot $0.25 | Rake $0.01 
Board [7s As 4s 8d 6d]
Seat 1: tiolucius (button) folded on the River
Seat 2: Leninata (small blind) folded before Flop
Seat 4: Dorex2007 (big blind) collected ($0.24)
Seat 5: dcjt83 folded before Flop (didn't bet)
Seat 6: AlekxSly folded before Flop (didn't bet)
Seat 7: GarryKas folded before Flop (didn't bet)
Seat 8: DanielHumby folded before Flop (didn't bet)



PokerStars Hand #224432767261:  Hold'em No Limit ($0.01/$0.02 USD) - 2021/03/03 17:04:49 PT [2021/03/03 20:04:49 ET]
Table 'Ioannisiani' 9-max Seat #2 is the button
Seat 1: tiolucius ($1.73 in chips) 
Seat 2: Leninata ($1.68 in chips) 
Seat 4: Dorex2007 ($2.21 in chips) 
Seat 5: dcjt83 ($1.40 in chips) 
Seat 6: AlekxSly ($0.81 in chips) 
Seat 7: GarryKas ($0.75 in chips) 
Seat 8: DanielHumby ($1.52 in chips) 
Dorex2007: posts small blind $0.01
dcjt83: posts big blind $0.02
*** HOLE CARDS ***
Dealt to Dorex2007 [Qc Kh]
AlekxSly: folds 
GarryKas: folds 
DanielHumby: calls $0.02
tiolucius: folds 
Leninata: folds 
Dorex2007: raises $0.04 to $0.06
dcjt83: folds 
DanielHumby: calls $0.04
*** FLOP *** [9h 5d Qh]
Dorex2007: bets $0.14
DanielHumby: folds 
Uncalled bet ($0.14) returned to Dorex2007
Dorex2007 collected $0.14 from pot
Dorex2007: doesn't show hand 
*** SUMMARY ***
Total pot $0.14 | Rake $0 
Board [9h 5d Qh]
Seat 1: tiolucius folded before Flop (didn't bet)
Seat 2: Leninata (button) folded before Flop (didn't bet)
Seat 4: Dorex2007 (small blind) collected ($0.14)
Seat 5: dcjt83 (big blind) folded before Flop
Seat 6: AlekxSly folded before Flop (didn't bet)
Seat 7: GarryKas folded before Flop (didn't bet)
Seat 8: DanielHumby folded on the Flop



PokerStars Hand #224432778342:  Hold'em No Limit ($0.01/$0.02 USD) - 2021/03/03 17:05:22 PT [2021/03/03 20:05:22 ET]
Table 'Ioannisiani' 9-max Seat #4 is the button
Seat 1: tiolucius ($1.73 in chips) 
Seat 2: Leninata ($1.68 in chips) 
Seat 4: Dorex2007 ($2.29 in chips) 
Seat 5: dcjt83 ($1.38 in chips) 
Seat 6: AlekxSly ($0.81 in chips) 
Seat 7: GarryKas ($0.75 in chips) 
Seat 8: DanielHumby ($1.46 in chips) 
dcjt83: posts small blind $0.01
AlekxSly: posts big blind $0.02
odisej111: sits out 
*** HOLE CARDS ***
Dealt to Dorex2007 [5c Th]
GarryKas: folds 
DanielHumby: calls $0.02
tiolucius: folds 
Leninata: folds 
Dorex2007: folds 
dcjt83: calls $0.01
AlekxSly: checks 
*** FLOP *** [4h Qc 2c]
dcjt83: checks 
AlekxSly: checks 
DanielHumby: checks 
*** TURN *** [4h Qc 2c] [Ac]
dcjt83: checks 
AlekxSly: checks 
DanielHumby: checks 
*** RIVER *** [4h Qc 2c Ac] [7d]
dcjt83: bets $0.08
AlekxSly: folds 
DanielHumby: folds 
Uncalled bet ($0.08) returned to dcjt83
dcjt83 collected $0.06 from pot
dcjt83: doesn't show hand 
*** SUMMARY ***
Total pot $0.06 | Rake $0 
Board [4h Qc 2c Ac 7d]
Seat 1: tiolucius folded before Flop (didn't bet)
Seat 2: Leninata folded before Flop (didn't bet)
Seat 4: Dorex2007 (button) folded before Flop (didn't bet)
Seat 5: dcjt83 (small blind) collected ($0.06)
Seat 6: AlekxSly (big blind) folded on the River
Seat 7: GarryKas folded before Flop (didn't bet)
Seat 8: DanielHumby folded on the River



PokerStars Hand #224432808136:  Hold'em No Limit ($0.01/$0.02 USD) - 2021/03/03 17:06:48 PT [2021/03/03 20:06:48 ET]
Table 'Ioannisiani' 9-max Seat #5 is the button
Seat 1: tiolucius ($1.73 in chips) 
Seat 2: Leninata ($1.68 in chips) 
Seat 4: Dorex2007 ($2.29 in chips) 
Seat 5: dcjt83 ($1.42 in chips) 
Seat 6: AlekxSly ($0.79 in chips) 
Seat 7: GarryKas ($0.75 in chips) 
Seat 8: DanielHumby ($1.44 in chips) 
AlekxSly: posts small blind $0.01
GarryKas: posts big blind $0.02
odisej111: sits out 
*** HOLE CARDS ***
Dealt to Dorex2007 [Qc 6s]
DanielHumby: folds 
tiolucius: raises $0.03 to $0.05
Leninata: folds 
Dorex2007: folds 
dcjt83: folds 
AlekxSly: folds 
GarryKas: folds 
Uncalled bet ($0.03) returned to tiolucius
tiolucius collected $0.05 from pot
tiolucius: doesn't show hand 
*** SUMMARY ***
Total pot $0.05 | Rake $0 
Seat 1: tiolucius collected ($0.05)
Seat 2: Leninata folded before Flop (didn't bet)
Seat 4: Dorex2007 folded before Flop (didn't bet)
Seat 5: dcjt83 (button) folded before Flop (didn't bet)
Seat 6: AlekxSly (small blind) folded before Flop
Seat 7: GarryKas (big blind) folded before Flop
Seat 8: DanielHumby folded before Flop (didn't bet)



PokerStars Hand #224432816446:  Hold'em No Limit ($0.01/$0.02 USD) - 2021/03/03 17:07:12 PT [2021/03/03 20:07:12 ET]
Table 'Ioannisiani' 9-max Seat #6 is the button
Seat 1: tiolucius ($1.76 in chips) 
Seat 2: Leninata ($1.68 in chips) 
Seat 4: Dorex2007 ($2.29 in chips) 
Seat 5: dcjt83 ($1.42 in chips) 
Seat 6: AlekxSly ($0.78 in chips) 
Seat 7: GarryKas ($0.73 in chips) 
Seat 8: DanielHumby ($1.44 in chips) 
GarryKas: posts small blind $0.01
DanielHumby: posts big blind $0.02
odisej111: sits out 
*** HOLE CARDS ***
Dealt to Dorex2007 [7s 4d]
tiolucius: folds 
Leninata: folds 
Dorex2007: folds 
dcjt83: calls $0.02
AlekxSly: folds 
GarryKas: folds 
DanielHumby: checks 
*** FLOP *** [6h 2d 8d]
DanielHumby: checks 
dcjt83: bets $0.06
DanielHumby: folds 
Uncalled bet ($0.06) returned to dcjt83
dcjt83 collected $0.05 from pot
dcjt83: doesn't show hand 
*** SUMMARY ***
Total pot $0.05 | Rake $0 
Board [6h 2d 8d]
Seat 1: tiolucius folded before Flop (didn't bet)
Seat 2: Leninata folded before Flop (didn't bet)
Seat 4: Dorex2007 folded before Flop (didn't bet)
Seat 5: dcjt83 collected ($0.05)
Seat 6: AlekxSly (button) folded before Flop (didn't bet)
Seat 7: GarryKas (small blind) folded before Flop
Seat 8: DanielHumby (big blind) folded on the Flop



PokerStars Hand #224432826827:  Hold'em No Limit ($0.01/$0.02 USD) - 2021/03/03 17:07:42 PT [2021/03/03 20:07:42 ET]
Table 'Ioannisiani' 9-max Seat #7 is the button
Seat 1: tiolucius ($1.76 in chips) 
Seat 2: Leninata ($1.68 in chips) 
Seat 4: Dorex2007 ($2.29 in chips) 
Seat 5: dcjt83 ($1.45 in chips) 
Seat 6: AlekxSly ($0.78 in chips) 
Seat 7: GarryKas ($0.72 in chips) 
Seat 8: DanielHumby ($1.42 in chips) 
DanielHumby: posts small blind $0.01
tiolucius: posts big blind $0.02
odisej111: sits out 
*** HOLE CARDS ***
Dealt to Dorex2007 [Qh 4s]
Leninata: folds 
Dorex2007: folds 
dcjt83: folds 
AlekxSly: folds 
GarryKas: folds 
DanielHumby: calls $0.01
tiolucius: checks 
*** FLOP *** [Jc 3s 7d]
DanielHumby: checks 
tiolucius: checks 
*** TURN *** [Jc 3s 7d] [5c]
DanielHumby: checks 
tiolucius: checks 
*** RIVER *** [Jc 3s 7d 5c] [7h]
DanielHumby: bets $0.06
tiolucius: folds 
Uncalled bet ($0.06) returned to DanielHumby
DanielHumby collected $0.04 from pot
DanielHumby: doesn't show hand 
*** SUMMARY ***
Total pot $0.04 | Rake $0 
Board [Jc 3s 7d 5c 7h]
Seat 1: tiolucius (big blind) folded on the River
Seat 2: Leninata folded before Flop (didn't bet)
Seat 4: Dorex2007 folded before Flop (didn't bet)
Seat 5: dcjt83 folded before Flop (didn't bet)
Seat 6: AlekxSly folded before Flop (didn't bet)
Seat 7: GarryKas (button) folded before Flop (didn't bet)
Seat 8: DanielHumby (small blind) collected ($0.04)



PokerStars Hand #224432850864:  Hold'em No Limit ($0.01/$0.02 USD) - 2021/03/03 17:08:25 PT [2021/03/03 20:08:25 ET]
Table 'Ioannisiani' 9-max Seat #8 is the button
Seat 1: tiolucius ($1.74 in chips) 
Seat 2: Leninata ($1.68 in chips) 
Seat 4: Dorex2007 ($2.29 in chips) 
Seat 5: dcjt83 ($1.45 in chips) 
Seat 6: AlekxSly ($0.78 in chips) 
Seat 7: GarryKas ($0.72 in chips) 
Seat 8: DanielHumby ($1.44 in chips) 
tiolucius: posts small blind $0.01
Leninata: posts big blind $0.02
odisej111: sits out 
*** HOLE CARDS ***
Dealt to Dorex2007 [3s 9c]
Dorex2007: folds 
dcjt83: folds 
AlekxSly: folds 
GarryKas: folds 
DanielHumby: calls $0.02
tiolucius: calls $0.01
Leninata: checks 
*** FLOP *** [9h Jh 6c]
tiolucius: checks 
Leninata: checks 
DanielHumby: checks 
*** TURN *** [9h Jh 6c] [Qs]
tiolucius: checks 
Leninata: checks 
DanielHumby: bets $0.02
tiolucius: folds 
Leninata: folds 
Uncalled bet ($0.02) returned to DanielHumby
DanielHumby collected $0.06 from pot
DanielHumby: doesn't show hand 
*** SUMMARY ***
Total pot $0.06 | Rake $0 
Board [9h Jh 6c Qs]
Seat 1: tiolucius (small blind) folded on the Turn
Seat 2: Leninata (big blind) folded on the Turn
Seat 4: Dorex2007 folded before Flop (didn't bet)
Seat 5: dcjt83 folded before Flop (didn't bet)
Seat 6: AlekxSly folded before Flop (didn't bet)
Seat 7: GarryKas folded before Flop (didn't bet)
Seat 8: DanielHumby (button) collected ($0.06)



PokerStars Hand #224432874658:  Hold'em No Limit ($0.01/$0.02 USD) - 2021/03/03 17:09:36 PT [2021/03/03 20:09:36 ET]
Table 'Ioannisiani' 9-max Seat #1 is the button
Seat 1: tiolucius ($1.72 in chips) 
Seat 2: Leninata ($1.66 in chips) 
Seat 3: odisej111 ($1.60 in chips) 
Seat 4: Dorex2007 ($2.29 in chips) 
Seat 5: dcjt83 ($1.45 in chips) 
Seat 6: AlekxSly ($0.78 in chips) 
Seat 7: GarryKas ($0.72 in chips) 
Seat 8: DanielHumby ($1.48 in chips) 
Leninata: posts small blind $0.01
odisej111: posts big blind $0.02
*** HOLE CARDS ***
Dealt to Dorex2007 [6d 6h]
Dorex2007: calls $0.02
dcjt83: folds 
AlekxSly: folds 
GarryKas: folds 
DanielHumby: folds 
tiolucius: folds 
Leninata: calls $0.01
odisej111: checks 
*** FLOP *** [3d Ac 7s]
Leninata: checks 
odisej111: checks 
Dorex2007: bets $0.05
Leninata: folds 
odisej111: folds 
Uncalled bet ($0.05) returned to Dorex2007
Dorex2007 collected $0.06 from pot
Dorex2007: doesn't show hand 
*** SUMMARY ***
Total pot $0.06 | Rake $0 
Board [3d Ac 7s]
Seat 1: tiolucius (button) folded before Flop (didn't bet)
Seat 2: Leninata (small blind) folded on the Flop
Seat 3: odisej111 (big blind) folded on the Flop
Seat 4: Dorex2007 collected ($0.06)
Seat 5: dcjt83 folded before Flop (didn't bet)
Seat 6: AlekxSly folded before Flop (didn't bet)
Seat 7: GarryKas folded before Flop (didn't bet)
Seat 8: DanielHumby folded before Flop (didn't bet)



PokerStars Hand #224432888508:  Hold'em No Limit ($0.01/$0.02 USD) - 2021/03/03 17:10:16 PT [2021/03/03 20:10:16 ET]
Table 'Ioannisiani' 9-max Seat #2 is the button
Seat 1: tiolucius ($1.72 in chips) 
Seat 2: Leninata ($1.64 in chips) 
Seat 3: odisej111 ($1.58 in chips) 
Seat 4: Dorex2007 ($2.33 in chips) 
Seat 5: dcjt83 ($1.45 in chips) 
Seat 6: AlekxSly ($0.78 in chips) 
Seat 7: GarryKas ($0.72 in chips) 
Seat 8: DanielHumby ($1.48 in chips) 
odisej111: posts small blind $0.01
Dorex2007: posts big blind $0.02
*** HOLE CARDS ***
Dealt to Dorex2007 [4h Qc]
dcjt83: folds 
AlekxSly: folds 
GarryKas: folds 
DanielHumby: calls $0.02
tiolucius: raises $0.04 to $0.06
Leninata: folds 
odisej111: calls $0.05
Dorex2007: folds 
DanielHumby: calls $0.04
*** FLOP *** [2d Ac Jd]
Reflastori is disconnected 
odisej111: checks 
DanielHumby: checks 
tiolucius: bets $0.08
odisej111: calls $0.08
DanielHumby: calls $0.08
*** TURN *** [2d Ac Jd] [6h]
odisej111: checks 
DanielHumby: checks 
tiolucius: checks 
*** RIVER *** [2d Ac Jd 6h] [2s]
odisej111: checks 
DanielHumby: bets $0.14
tiolucius: folds 
odisej111: folds 
Uncalled bet ($0.14) returned to DanielHumby
DanielHumby collected $0.42 from pot
DanielHumby: doesn't show hand 
*** SUMMARY ***
Total pot $0.44 | Rake $0.02 
Board [2d Ac Jd 6h 2s]
Seat 1: tiolucius folded on the River
Seat 2: Leninata (button) folded before Flop (didn't bet)
Seat 3: odisej111 (small blind) folded on the River
Seat 4: Dorex2007 (big blind) folded before Flop
Seat 5: dcjt83 folded before Flop (didn't bet)
Seat 6: AlekxSly folded before Flop (didn't bet)
Seat 7: GarryKas folded before Flop (didn't bet)
Seat 8: DanielHumby collected ($0.42)



PokerStars Hand #224432910105:  Hold'em No Limit ($0.01/$0.02 USD) - 2021/03/03 17:11:21 PT [2021/03/03 20:11:21 ET]
Table 'Ioannisiani' 9-max Seat #3 is the button
Seat 1: tiolucius ($1.58 in chips) 
Seat 2: Leninata ($1.64 in chips) 
Seat 3: odisej111 ($1.44 in chips) 
Seat 4: Dorex2007 ($2.31 in chips) 
Seat 5: dcjt83 ($1.45 in chips) 
Seat 6: AlekxSly ($0.78 in chips) 
Seat 7: GarryKas ($0.72 in chips) 
Seat 8: DanielHumby ($1.76 in chips) 
Dorex2007: posts small blind $0.01
dcjt83: posts big blind $0.02
*** HOLE CARDS ***
Dealt to Dorex2007 [6d As]
AlekxSly: folds 
GarryKas: folds 
DanielHumby: calls $0.02
tiolucius: raises $0.02 to $0.04
Leninata: calls $0.04
odisej111: folds 
Dorex2007: folds 
dcjt83: raises $0.02 to $0.06
DanielHumby: calls $0.04
tiolucius: calls $0.02
Leninata: calls $0.02
*** FLOP *** [Js 3d 8s]
dcjt83: checks 
DanielHumby: checks 
tiolucius: bets $0.17
Leninata: folds 
dcjt83: folds 
DanielHumby: folds 
Uncalled bet ($0.17) returned to tiolucius
tiolucius collected $0.24 from pot
tiolucius: doesn't show hand 
*** SUMMARY ***
Total pot $0.25 | Rake $0.01 
Board [Js 3d 8s]
Seat 1: tiolucius collected ($0.24)
Seat 2: Leninata folded on the Flop
Seat 3: odisej111 (button) folded before Flop (didn't bet)
Seat 4: Dorex2007 (small blind) folded before Flop
Seat 5: dcjt83 (big blind) folded on the Flop
Seat 6: AlekxSly folded before Flop (didn't bet)
Seat 7: GarryKas folded before Flop (didn't bet)
Seat 8: DanielHumby folded on the Flop



PokerStars Hand #224432925705:  Hold'em No Limit ($0.01/$0.02 USD) - 2021/03/03 17:12:07 PT [2021/03/03 20:12:07 ET]
Table 'Ioannisiani' 9-max Seat #4 is the button
Seat 1: tiolucius ($1.76 in chips) 
Seat 2: Leninata ($1.58 in chips) 
Seat 3: odisej111 ($1.44 in chips) 
Seat 4: Dorex2007 ($2.30 in chips) 
Seat 5: dcjt83 ($1.39 in chips) 
Seat 6: AlekxSly ($0.78 in chips) 
Seat 7: GarryKas ($0.72 in chips) 
Seat 8: DanielHumby ($1.70 in chips) 
dcjt83: posts small blind $0.01
AlekxSly: posts big blind $0.02
*** HOLE CARDS ***
Dealt to Dorex2007 [8c 9h]
GarryKas: folds 
DanielHumby: calls $0.02
tiolucius: folds 
Leninata: folds 
odisej111: folds 
Dorex2007: calls $0.02
dcjt83: folds 
AlekxSly: checks 
*** FLOP *** [As 2d 2h]
AlekxSly: bets $0.04
DanielHumby: folds 
Dorex2007: folds 
Uncalled bet ($0.04) returned to AlekxSly
AlekxSly collected $0.07 from pot
AlekxSly: doesn't show hand 
*** SUMMARY ***
Total pot $0.07 | Rake $0 
Board [As 2d 2h]
Seat 1: tiolucius folded before Flop (didn't bet)
Seat 2: Leninata folded before Flop (didn't bet)
Seat 3: odisej111 folded before Flop (didn't bet)
Seat 4: Dorex2007 (button) folded on the Flop
Seat 5: dcjt83 (small blind) folded before Flop
Seat 6: AlekxSly (big blind) collected ($0.07)
Seat 7: GarryKas folded before Flop (didn't bet)
Seat 8: DanielHumby folded on the Flop



PokerStars Hand #224432937024:  Hold'em No Limit ($0.01/$0.02 USD) - 2021/03/03 17:12:40 PT [2021/03/03 20:12:40 ET]
Table 'Ioannisiani' 9-max Seat #5 is the button
Seat 1: tiolucius ($1.76 in chips) 
Seat 2: Leninata ($1.58 in chips) 
Seat 3: odisej111 ($1.44 in chips) 
Seat 4: Dorex2007 ($2.28 in chips) 
Seat 5: dcjt83 ($1.38 in chips) 
Seat 6: AlekxSly ($0.83 in chips) 
Seat 7: GarryKas ($0.72 in chips) 
Seat 8: DanielHumby ($1.68 in chips) 
AlekxSly: posts small blind $0.01
GarryKas: posts big blind $0.02
*** HOLE CARDS ***
Dealt to Dorex2007 [5c 3h]
DanielHumby: calls $0.02
tiolucius: folds 
Leninata: calls $0.02
odisej111: folds 
Dorex2007: folds 
dcjt83: folds 
AlekxSly: raises $0.02 to $0.04
GarryKas: folds 
DanielHumby: calls $0.02
Leninata: calls $0.02
*** FLOP *** [As Kh 3s]
AlekxSly: bets $0.07
DanielHumby: calls $0.07
Leninata: calls $0.07
*** TURN *** [As Kh 3s] [8c]
AlekxSly: checks 
DanielHumby: checks 
Leninata: checks 
*** RIVER *** [As Kh 3s 8c] [5h]
AlekxSly: checks 
DanielHumby: bets $0.08
Leninata: calls $0.08
AlekxSly: folds 
*** SHOW DOWN ***
DanielHumby: shows [6s Ah] (a pair of Aces)
Leninata: shows [Ad Jc] (a pair of Aces - King+Jack kicker)
Leninata collected $0.49 from pot
*** SUMMARY ***
Total pot $0.51 | Rake $0.02 
Board [As Kh 3s 8c 5h]
Seat 1: tiolucius folded before Flop (didn't bet)
Seat 2: Leninata showed [Ad Jc] and won ($0.49) with a pair of Aces
Seat 3: odisej111 folded before Flop (didn't bet)
Seat 4: Dorex2007 folded before Flop (didn't bet)
Seat 5: dcjt83 (button) folded before Flop (didn't bet)
Seat 6: AlekxSly (small blind) folded on the River
Seat 7: GarryKas (big blind) folded before Flop
Seat 8: DanielHumby showed [6s Ah] and lost with a pair of Aces



PokerStars Hand #224432957906:  Hold'em No Limit ($0.01/$0.02 USD) - 2021/03/03 17:13:42 PT [2021/03/03 20:13:42 ET]
Table 'Ioannisiani' 9-max Seat #6 is the button
Seat 1: tiolucius ($1.76 in chips) 
Seat 2: Leninata ($1.88 in chips) 
Seat 3: odisej111 ($1.44 in chips) 
Seat 4: Dorex2007 ($2.28 in chips) 
Seat 5: dcjt83 ($1.38 in chips) 
Seat 6: AlekxSly ($1 in chips) 
Seat 7: GarryKas ($0.70 in chips) 
Seat 8: DanielHumby ($1.49 in chips) 
GarryKas: posts small blind $0.01
DanielHumby: posts big blind $0.02
*** HOLE CARDS ***
Dealt to Dorex2007 [4s Jd]
tiolucius: folds 
Leninata: folds 
odisej111: folds 
Dorex2007: folds 
dcjt83: folds 
AlekxSly: folds 
GarryKas: raises $0.04 to $0.06
DanielHumby: folds 
Uncalled bet ($0.04) returned to GarryKas
GarryKas collected $0.04 from pot
GarryKas: doesn't show hand 
*** SUMMARY ***
Total pot $0.04 | Rake $0 
Seat 1: tiolucius folded before Flop (didn't bet)
Seat 2: Leninata folded before Flop (didn't bet)
Seat 3: odisej111 folded before Flop (didn't bet)
Seat 4: Dorex2007 folded before Flop (didn't bet)
Seat 5: dcjt83 folded before Flop (didn't bet)
Seat 6: AlekxSly (button) folded before Flop (didn't bet)
Seat 7: GarryKas (small blind) collected ($0.04)
Seat 8: DanielHumby (big blind) folded before Flop



PokerStars Hand #224432964411:  Hold'em No Limit ($0.01/$0.02 USD) - 2021/03/03 17:14:02 PT [2021/03/03 20:14:02 ET]
Table 'Ioannisiani' 9-max Seat #7 is the button
Seat 1: tiolucius ($1.76 in chips) 
Seat 2: Leninata ($1.88 in chips) 
Seat 3: odisej111 ($1.44 in chips) 
Seat 4: Dorex2007 ($2.28 in chips) 
Seat 5: dcjt83 ($1.38 in chips) 
Seat 6: AlekxSly ($1 in chips) 
Seat 7: GarryKas ($0.72 in chips) 
Seat 8: DanielHumby ($1.47 in chips) 
DanielHumby: posts small blind $0.01
tiolucius: posts big blind $0.02
*** HOLE CARDS ***
Dealt to Dorex2007 [Jh 5h]
Leninata: folds 
odisej111: folds 
Dorex2007: calls $0.02
dcjt83: folds 
AlekxSly: raises $0.02 to $0.04
GarryKas: folds 
DanielHumby: calls $0.03
tiolucius: folds 
Dorex2007: calls $0.02
*** FLOP *** [4d 2s 7s]
DanielHumby: checks 
Dorex2007: bets $0.11
AlekxSly: folds 
DanielHumby: calls $0.11
*** TURN *** [4d 2s 7s] [9s]
DanielHumby: bets $0.14
Dorex2007: folds 
Uncalled bet ($0.14) returned to DanielHumby
DanielHumby collected $0.35 from pot
DanielHumby: doesn't show hand 
*** SUMMARY ***
Total pot $0.36 | Rake $0.01 
Board [4d 2s 7s 9s]
Seat 1: tiolucius (big blind) folded before Flop
Seat 2: Leninata folded before Flop (didn't bet)
Seat 3: odisej111 folded before Flop (didn't bet)
Seat 4: Dorex2007 folded on the Turn
Seat 5: dcjt83 folded before Flop (didn't bet)
Seat 6: AlekxSly folded on the Flop
Seat 7: GarryKas (button) folded before Flop (didn't bet)
Seat 8: DanielHumby (small blind) collected ($0.35)



PokerStars Hand #224432984259:  Hold'em No Limit ($0.01/$0.02 USD) - 2021/03/03 17:15:01 PT [2021/03/03 20:15:01 ET]
Table 'Ioannisiani' 9-max Seat #8 is the button
Seat 1: tiolucius ($1.74 in chips) 
Seat 2: Leninata ($1.88 in chips) 
Seat 3: odisej111 ($1.44 in chips) 
Seat 4: Dorex2007 ($2.13 in chips) 
Seat 5: dcjt83 ($1.38 in chips) 
Seat 6: AlekxSly ($0.96 in chips) 
Seat 7: GarryKas ($0.72 in chips) 
Seat 8: DanielHumby ($1.67 in chips) 
tiolucius: posts small blind $0.01
Leninata: posts big blind $0.02
*** HOLE CARDS ***
Dealt to Dorex2007 [4s 2c]
odisej111: folds 
Dorex2007: folds 
dcjt83: folds 
AlekxSly: folds 
GarryKas: raises $0.04 to $0.06
DanielHumby: folds 
tiolucius: folds 
Leninata: calls $0.04
*** FLOP *** [9c 3c Kh]
Leninata: checks 
GarryKas: bets $0.07
Leninata: folds 
Uncalled bet ($0.07) returned to GarryKas
GarryKas collected $0.13 from pot
GarryKas: doesn't show hand 
*** SUMMARY ***
Total pot $0.13 | Rake $0 
Board [9c 3c Kh]
Seat 1: tiolucius (small blind) folded before Flop
Seat 2: Leninata (big blind) folded on the Flop
Seat 3: odisej111 folded before Flop (didn't bet)
Seat 4: Dorex2007 folded before Flop (didn't bet)
Seat 5: dcjt83 folded before Flop (didn't bet)
Seat 6: AlekxSly folded before Flop (didn't bet)
Seat 7: GarryKas collected ($0.13)
Seat 8: DanielHumby (button) folded before Flop (didn't bet)



PokerStars Hand #224432995493:  Hold'em No Limit ($0.01/$0.02 USD) - 2021/03/03 17:15:34 PT [2021/03/03 20:15:34 ET]
Table 'Ioannisiani' 9-max Seat #1 is the button
Seat 1: tiolucius ($1.73 in chips) 
Seat 2: Leninata ($1.82 in chips) 
Seat 3: odisej111 ($1.44 in chips) 
Seat 4: Dorex2007 ($2.13 in chips) 
Seat 5: dcjt83 ($1.38 in chips) 
Seat 6: AlekxSly ($0.96 in chips) 
Seat 7: GarryKas ($0.79 in chips) 
Seat 8: DanielHumby ($1.67 in chips) 
Leninata: posts small blind $0.01
odisej111: posts big blind $0.02
*** HOLE CARDS ***
Dealt to Dorex2007 [As Jd]
Dorex2007: raises $0.04 to $0.06
dcjt83: folds 
AlekxSly: folds 
GarryKas: folds 
DanielHumby: folds 
tiolucius: calls $0.06
Leninata: folds 
odisej111: calls $0.04
*** FLOP *** [4d 9s Th]
odisej111: checks 
Dorex2007: bets $0.14
tiolucius: calls $0.14
odisej111: folds 
*** TURN *** [4d 9s Th] [Qc]
Dorex2007: bets $0.34
tiolucius: folds 
Uncalled bet ($0.34) returned to Dorex2007
Dorex2007 collected $0.45 from pot
Dorex2007: doesn't show hand 
*** SUMMARY ***
Total pot $0.47 | Rake $0.02 
Board [4d 9s Th Qc]
Seat 1: tiolucius (button) folded on the Turn
Seat 2: Leninata (small blind) folded before Flop
Seat 3: odisej111 (big blind) folded on the Flop
Seat 4: Dorex2007 collected ($0.45)
Seat 5: dcjt83 folded before Flop (didn't bet)
Seat 6: AlekxSly folded before Flop (didn't bet)
Seat 7: GarryKas folded before Flop (didn't bet)
Seat 8: DanielHumby folded before Flop (didn't bet)



PokerStars Hand #224433015030:  Hold'em No Limit ($0.01/$0.02 USD) - 2021/03/03 17:16:31 PT [2021/03/03 20:16:31 ET]
Table 'Ioannisiani' 9-max Seat #2 is the button
Seat 1: tiolucius ($1.53 in chips) 
Seat 2: Leninata ($1.81 in chips) 
Seat 3: odisej111 ($1.38 in chips) 
Seat 4: Dorex2007 ($2.38 in chips) 
Seat 5: dcjt83 ($1.38 in chips) 
Seat 6: AlekxSly ($0.96 in chips) 
Seat 7: GarryKas ($0.79 in chips) 
Seat 8: DanielHumby ($1.67 in chips) 
odisej111: posts small blind $0.01
Dorex2007: posts big blind $0.02
*** HOLE CARDS ***
Dealt to Dorex2007 [Qh Kc]
dcjt83: folds 
AlekxSly: folds 
GarryKas: folds 
DanielHumby: calls $0.02
tiolucius: calls $0.02
Leninata: calls $0.02
odisej111: folds 
Dorex2007: checks 
*** FLOP *** [8h 2d 9s]
Dorex2007: checks 
DanielHumby: checks 
tiolucius: checks 
Leninata: checks 
*** TURN *** [8h 2d 9s] [Qs]
Dorex2007: bets $0.07
DanielHumby: folds 
tiolucius: folds 
Leninata: folds 
Uncalled bet ($0.07) returned to Dorex2007
Dorex2007 collected $0.09 from pot
Dorex2007: doesn't show hand 
*** SUMMARY ***
Total pot $0.09 | Rake $0 
Board [8h 2d 9s Qs]
Seat 1: tiolucius folded on the Turn
Seat 2: Leninata (button) folded on the Turn
Seat 3: odisej111 (small blind) folded before Flop
Seat 4: Dorex2007 (big blind) collected ($0.09)
Seat 5: dcjt83 folded before Flop (didn't bet)
Seat 6: AlekxSly folded before Flop (didn't bet)
Seat 7: GarryKas folded before Flop (didn't bet)
Seat 8: DanielHumby folded on the Turn



PokerStars Hand #224433032747:  Hold'em No Limit ($0.01/$0.02 USD) - 2021/03/03 17:17:23 PT [2021/03/03 20:17:23 ET]
Table 'Ioannisiani' 9-max Seat #3 is the button
Seat 1: tiolucius ($1.51 in chips) 
Seat 2: Leninata ($1.79 in chips) 
Seat 3: odisej111 ($1.37 in chips) 
Seat 4: Dorex2007 ($2.45 in chips) 
Seat 5: dcjt83 ($1.38 in chips) 
Seat 6: AlekxSly ($0.96 in chips) 
Seat 7: GarryKas ($0.79 in chips) 
Seat 8: DanielHumby ($1.65 in chips) 
Dorex2007: posts small blind $0.01
dcjt83: posts big blind $0.02
*** HOLE CARDS ***
Dealt to Dorex2007 [Qd 4d]
AlekxSly: folds 
GarryKas: folds 
DanielHumby: calls $0.02
tiolucius: folds 
Leninata: raises $0.07 to $0.09
odisej111: calls $0.09
Dorex2007: folds 
dcjt83: folds 
DanielHumby: calls $0.07
*** FLOP *** [7c 7s 2c]
DanielHumby: checks 
Leninata: checks 
odisej111: bets $0.34
DanielHumby: folds 
Leninata: folds 
Uncalled bet ($0.34) returned to odisej111
odisej111 collected $0.29 from pot
*** SUMMARY ***
Total pot $0.30 | Rake $0.01 
Board [7c 7s 2c]
Seat 1: tiolucius folded before Flop (didn't bet)
Seat 2: Leninata folded on the Flop
Seat 3: odisej111 (button) collected ($0.29)
Seat 4: Dorex2007 (small blind) folded before Flop
Seat 5: dcjt83 (big blind) folded before Flop
Seat 6: AlekxSly folded before Flop (didn't bet)
Seat 7: GarryKas folded before Flop (didn't bet)
Seat 8: DanielHumby folded on the Flop



PokerStars Hand #224433044629:  Hold'em No Limit ($0.01/$0.02 USD) - 2021/03/03 17:17:58 PT [2021/03/03 20:17:58 ET]
Table 'Ioannisiani' 9-max Seat #4 is the button
Seat 1: tiolucius ($1.51 in chips) 
Seat 2: Leninata ($1.70 in chips) 
Seat 3: odisej111 ($1.57 in chips) 
Seat 4: Dorex2007 ($2.44 in chips) 
Seat 5: dcjt83 ($1.36 in chips) 
Seat 7: GarryKas ($0.79 in chips) 
Seat 8: DanielHumby ($1.56 in chips) 
dcjt83: posts small blind $0.01
AlekxSly: is sitting out 
AlekxSly leaves the table
GarryKas: posts big blind $0.02
*** HOLE CARDS ***
Dealt to Dorex2007 [8d 2d]
DanielHumby: folds 
tiolucius: folds 
Leninata: folds 
odisej111: raises $0.06 to $0.08
Dorex2007: folds 
dcjt83: folds 
GarryKas: raises $0.71 to $0.79 and is all-in
odisej111: calls $0.71
*** FLOP *** [8h Ts 8s]
*** TURN *** [8h Ts 8s] [5d]
*** RIVER *** [8h Ts 8s 5d] [Jh]
*** SHOW DOWN ***
GarryKas: shows [Ac Qs] (a pair of Eights)
odisej111: shows [Ah Ad] (two pair, Aces and Eights)
odisej111 collected $1.53 from pot
*** SUMMARY ***
Total pot $1.59 | Rake $0.06 
Board [8h Ts 8s 5d Jh]
Seat 1: tiolucius folded before Flop (didn't bet)
Seat 2: Leninata folded before Flop (didn't bet)
Seat 3: odisej111 showed [Ah Ad] and won ($1.53) with two pair, Aces and Eights
Seat 4: Dorex2007 (button) folded before Flop (didn't bet)
Seat 5: dcjt83 (small blind) folded before Flop
Seat 7: GarryKas (big blind) showed [Ac Qs] and lost with a pair of Eights
Seat 8: DanielHumby folded before Flop (didn't bet)



PokerStars Hand #224433055025:  Hold'em No Limit ($0.01/$0.02 USD) - 2021/03/03 17:18:30 PT [2021/03/03 20:18:30 ET]
Table 'Ioannisiani' 9-max Seat #5 is the button
Seat 1: tiolucius ($1.51 in chips) 
Seat 2: Leninata ($1.70 in chips) 
Seat 3: odisej111 ($2.31 in chips) 
Seat 4: Dorex2007 ($2.44 in chips) 
Seat 5: dcjt83 ($1.35 in chips) 
Seat 7: GarryKas ($0.80 in chips) 
Seat 8: DanielHumby ($1.56 in chips) 
GarryKas: posts small blind $0.01
DanielHumby: posts big blind $0.02
*** HOLE CARDS ***
Dealt to Dorex2007 [Kc 9s]
tiolucius: folds 
Leninata: folds 
odisej111: calls $0.02
Dorex2007: folds 
dcjt83: folds 
GarryKas: folds 
DanielHumby: checks 
*** FLOP *** [Ad Ts 5d]
DanielHumby: checks 
odisej111: checks 
*** TURN *** [Ad Ts 5d] [4c]
DanielHumby: checks 
odisej111: bets $0.05
DanielHumby: folds 
Uncalled bet ($0.05) returned to odisej111
odisej111 collected $0.05 from pot
*** SUMMARY ***
Total pot $0.05 | Rake $0 
Board [Ad Ts 5d 4c]
Seat 1: tiolucius folded before Flop (didn't bet)
Seat 2: Leninata folded before Flop (didn't bet)
Seat 3: odisej111 collected ($0.05)
Seat 4: Dorex2007 folded before Flop (didn't bet)
Seat 5: dcjt83 (button) folded before Flop (didn't bet)
Seat 7: GarryKas (small blind) folded before Flop
Seat 8: DanielHumby (big blind) folded on the Turn



PokerStars Hand #224433063737:  Hold'em No Limit ($0.01/$0.02 USD) - 2021/03/03 17:18:55 PT [2021/03/03 20:18:55 ET]
Table 'Ioannisiani' 9-max Seat #7 is the button
Seat 1: tiolucius ($1.51 in chips) 
Seat 2: Leninata ($1.70 in chips) 
Seat 3: odisej111 ($2.34 in chips) 
Seat 4: Dorex2007 ($2.44 in chips) 
Seat 5: dcjt83 ($1.35 in chips) 
Seat 7: GarryKas ($0.79 in chips) 
Seat 8: DanielHumby ($1.54 in chips) 
DanielHumby: posts small blind $0.01
tiolucius: posts big blind $0.02
*** HOLE CARDS ***
Dealt to Dorex2007 [5s 3c]
Leninata: folds 
odisej111: calls $0.02
Dorex2007: folds 
Leninata leaves the table
dcjt83: calls $0.02
GarryKas: folds 
DanielHumby: calls $0.01
tiolucius: checks 
*** FLOP *** [Tc Kh 7d]
DanielHumby: checks 
tiolucius: checks 
odisej111: checks 
dcjt83: bets $0.02
fcgustavito joins the table at seat #2 
DanielHumby: raises $0.02 to $0.04
tiolucius: folds 
odisej111: folds 
dcjt83: calls $0.02
*** TURN *** [Tc Kh 7d] [2c]
DanielHumby: checks 
dcjt83: checks 
*** RIVER *** [Tc Kh 7d 2c] [3d]
DanielHumby: bets $0.10
dcjt83: calls $0.10
*** SHOW DOWN ***
DanielHumby: shows [Jc Js] (a pair of Jacks)
dcjt83: shows [Qh Qs] (a pair of Queens)
dcjt83 collected $0.35 from pot
Reflastori leaves the table
*** SUMMARY ***
Total pot $0.36 | Rake $0.01 
Board [Tc Kh 7d 2c 3d]
Seat 1: tiolucius (big blind) folded on the Flop
Seat 2: Leninata folded before Flop (didn't bet)
Seat 3: odisej111 folded on the Flop
Seat 4: Dorex2007 folded before Flop (didn't bet)
Seat 5: dcjt83 showed [Qh Qs] and won ($0.35) with a pair of Queens
Seat 7: GarryKas (button) folded before Flop (didn't bet)
Seat 8: DanielHumby (small blind) showed [Jc Js] and lost with a pair of Jacks



PokerStars Hand #224433087146:  Hold'em No Limit ($0.01/$0.02 USD) - 2021/03/03 17:19:47 PT [2021/03/03 20:19:47 ET]
Table 'Ioannisiani' 9-max Seat #8 is the button
Seat 1: tiolucius ($1.49 in chips) 
Seat 2: fcgustavito ($2 in chips) 
Seat 3: odisej111 ($2.32 in chips) 
Seat 4: Dorex2007 ($2.44 in chips) 
Seat 5: dcjt83 ($1.54 in chips) 
Seat 7: GarryKas ($0.79 in chips) 
Seat 8: DanielHumby ($1.38 in chips) 
tiolucius: posts small blind $0.01
fcgustavito: posts big blind $0.02
*** HOLE CARDS ***
Dealt to Dorex2007 [6d Ac]
odisej111: calls $0.02
Dorex2007: folds 
dcjt83: calls $0.02
GarryKas: folds 
DanielHumby: folds 
tiolucius: folds 
fcgustavito: checks 
*** FLOP *** [9h 7d 2d]
fcgustavito: checks 
odisej111: bets $0.04
dcjt83: calls $0.04
fcgustavito: folds 
*** TURN *** [9h 7d 2d] [Td]
odisej111: bets $0.04
dcjt83: calls $0.04
*** RIVER *** [9h 7d 2d Td] [Qh]
odisej111: bets $0.06
dcjt83: folds 
Uncalled bet ($0.06) returned to odisej111
odisej111 collected $0.22 from pot
*** SUMMARY ***
Total pot $0.23 | Rake $0.01 
Board [9h 7d 2d Td Qh]
Seat 1: tiolucius (small blind) folded before Flop
Seat 2: fcgustavito (big blind) folded on the Flop
Seat 3: odisej111 collected ($0.22)
Seat 4: Dorex2007 folded before Flop (didn't bet)
Seat 5: dcjt83 folded on the River
Seat 7: GarryKas folded before Flop (didn't bet)
Seat 8: DanielHumby (button) folded before Flop (didn't bet)



PokerStars Hand #224433106744:  Hold'em No Limit ($0.01/$0.02 USD) - 2021/03/03 17:20:45 PT [2021/03/03 20:20:45 ET]
Table 'Ioannisiani' 9-max Seat #1 is the button
Seat 1: tiolucius ($1.48 in chips) 
Seat 2: fcgustavito ($2 in chips) 
Seat 3: odisej111 ($2.44 in chips) 
Seat 4: Dorex2007 ($2.44 in chips) 
Seat 5: dcjt83 ($1.44 in chips) 
Seat 7: GarryKas ($0.79 in chips) 
Seat 8: DanielHumby ($1.38 in chips) 
fcgustavito: posts small blind $0.01
odisej111: posts big blind $0.02
*** HOLE CARDS ***
Dealt to Dorex2007 [5d 9c]
Dorex2007: folds 
dcjt83: folds 
GarryKas: folds 
DanielHumby: folds 
tiolucius: raises $0.04 to $0.06
fcgustavito: raises $0.14 to $0.20
odisej111: folds 
tiolucius: folds 
Uncalled bet ($0.14) returned to fcgustavito
fcgustavito collected $0.14 from pot
fcgustavito: doesn't show hand 
*** SUMMARY ***
Total pot $0.14 | Rake $0 
Seat 1: tiolucius (button) folded before Flop
Seat 2: fcgustavito (small blind) collected ($0.14)
Seat 3: odisej111 (big blind) folded before Flop
Seat 4: Dorex2007 folded before Flop (didn't bet)
Seat 5: dcjt83 folded before Flop (didn't bet)
Seat 7: GarryKas folded before Flop (didn't bet)
Seat 8: DanielHumby folded before Flop (didn't bet)



PokerStars Hand #224433114633:  Hold'em No Limit ($0.01/$0.02 USD) - 2021/03/03 17:21:08 PT [2021/03/03 20:21:08 ET]
Table 'Ioannisiani' 9-max Seat #2 is the button
Seat 1: tiolucius ($1.42 in chips) 
Seat 2: fcgustavito ($2.08 in chips) 
Seat 3: odisej111 ($2.42 in chips) 
Seat 4: Dorex2007 ($2.44 in chips) 
Seat 5: dcjt83 ($1.44 in chips) 
Seat 7: GarryKas ($0.79 in chips) 
Seat 8: DanielHumby ($1.38 in chips) 
odisej111: posts small blind $0.01
Dorex2007: posts big blind $0.02
*** HOLE CARDS ***
Dealt to Dorex2007 [4c 2c]
dcjt83 has timed out
dcjt83: folds 
GarryKas: folds 
DanielHumby: folds 
tiolucius: folds 
fcgustavito: folds 
odisej111: calls $0.01
Dorex2007: checks 
*** FLOP *** [Ks 9d 9h]
odisej111: bets $0.04
Dorex2007: folds 
Uncalled bet ($0.04) returned to odisej111
odisej111 collected $0.04 from pot
*** SUMMARY ***
Total pot $0.04 | Rake $0 
Board [Ks 9d 9h]
Seat 1: tiolucius folded before Flop (didn't bet)
Seat 2: fcgustavito (button) folded before Flop (didn't bet)
Seat 3: odisej111 (small blind) collected ($0.04)
Seat 4: Dorex2007 (big blind) folded on the Flop
Seat 5: dcjt83 folded before Flop (didn't bet)
Seat 7: GarryKas folded before Flop (didn't bet)
Seat 8: DanielHumby folded before Flop (didn't bet)



PokerStars Hand #224433125221:  Hold'em No Limit ($0.01/$0.02 USD) - 2021/03/03 17:21:40 PT [2021/03/03 20:21:40 ET]
Table 'Ioannisiani' 9-max Seat #3 is the button
Seat 1: tiolucius ($1.42 in chips) 
Seat 2: fcgustavito ($2.08 in chips) 
Seat 3: odisej111 ($2.44 in chips) 
Seat 4: Dorex2007 ($2.42 in chips) 
Seat 5: dcjt83 ($1.44 in chips) 
Seat 7: GarryKas ($0.79 in chips) 
Seat 8: DanielHumby ($1.38 in chips) 
Dorex2007: posts small blind $0.01
dcjt83: posts big blind $0.02
*** HOLE CARDS ***
Dealt to Dorex2007 [2d 7s]
GarryKas: folds 
DanielHumby: folds 
tiolucius: folds 
fcgustavito: folds 
odisej111: raises $0.02 to $0.04
Dorex2007: folds 
dcjt83: calls $0.02
*** FLOP *** [Qs 6h 8s]
dcjt83: bets $0.10
bopsving joins the table at seat #6 
odisej111: folds 
Uncalled bet ($0.10) returned to dcjt83
dcjt83 collected $0.09 from pot
dcjt83: doesn't show hand 
*** SUMMARY ***
Total pot $0.09 | Rake $0 
Board [Qs 6h 8s]
Seat 1: tiolucius folded before Flop (didn't bet)
Seat 2: fcgustavito folded before Flop (didn't bet)
Seat 3: odisej111 (button) folded on the Flop
Seat 4: Dorex2007 (small blind) folded before Flop
Seat 5: dcjt83 (big blind) collected ($0.09)
Seat 7: GarryKas folded before Flop (didn't bet)
Seat 8: DanielHumby folded before Flop (didn't bet)



PokerStars Hand #224433139687:  Hold'em No Limit ($0.01/$0.02 USD) - 2021/03/03 17:22:23 PT [2021/03/03 20:22:23 ET]
Table 'Ioannisiani' 9-max Seat #4 is the button
Seat 1: tiolucius ($1.42 in chips) 
Seat 2: fcgustavito ($2.08 in chips) 
Seat 3: odisej111 ($2.40 in chips) 
Seat 4: Dorex2007 ($2.41 in chips) 
Seat 5: dcjt83 ($1.49 in chips) 
Seat 7: GarryKas ($0.79 in chips) 
Seat 8: DanielHumby ($1.38 in chips) 
dcjt83: posts small blind $0.01
GarryKas: posts big blind $0.02
*** HOLE CARDS ***
Dealt to Dorex2007 [Tc 2h]
DanielHumby: calls $0.02
tiolucius: folds 
fcgustavito: folds 
odisej111: folds 
Dorex2007: folds 
dcjt83: calls $0.01
GarryKas: raises $0.77 to $0.79 and is all-in
DanielHumby: folds 
dcjt83: folds 
Uncalled bet ($0.77) returned to GarryKas
GarryKas collected $0.06 from pot
GarryKas: doesn't show hand 
*** SUMMARY ***
Total pot $0.06 | Rake $0 
Seat 1: tiolucius folded before Flop (didn't bet)
Seat 2: fcgustavito folded before Flop (didn't bet)
Seat 3: odisej111 folded before Flop (didn't bet)
Seat 4: Dorex2007 (button) folded before Flop (didn't bet)
Seat 5: dcjt83 (small blind) folded before Flop
Seat 7: GarryKas (big blind) collected ($0.06)
Seat 8: DanielHumby folded before Flop



PokerStars Hand #224433148613:  Hold'em No Limit ($0.01/$0.02 USD) - 2021/03/03 17:22:49 PT [2021/03/03 20:22:49 ET]
Table 'Ioannisiani' 9-max Seat #5 is the button
Seat 1: tiolucius ($1.42 in chips) 
Seat 2: fcgustavito ($2.08 in chips) 
Seat 3: odisej111 ($2.40 in chips) 
Seat 4: Dorex2007 ($2.41 in chips) 
Seat 5: dcjt83 ($1.47 in chips) 
Seat 7: GarryKas ($0.83 in chips) 
Seat 8: DanielHumby ($1.36 in chips) 
GarryKas: posts small blind $0.01
DanielHumby: posts big blind $0.02
*** HOLE CARDS ***
Dealt to Dorex2007 [7s 6c]
tiolucius: folds 
fcgustavito: raises $0.04 to $0.06
odisej111: folds 
Dorex2007: folds 
bopsving is disconnected 
dcjt83: raises $0.04 to $0.10
GarryKas: folds 
DanielHumby: folds 
fcgustavito: calls $0.04
*** FLOP *** [3s Jd 4c]
fcgustavito: checks 
dcjt83: bets $0.36
fcgustavito: folds 
Uncalled bet ($0.36) returned to dcjt83
dcjt83 collected $0.22 from pot
dcjt83: doesn't show hand 
*** SUMMARY ***
Total pot $0.23 | Rake $0.01 
Board [3s Jd 4c]
Seat 1: tiolucius folded before Flop (didn't bet)
Seat 2: fcgustavito folded on the Flop
Seat 3: odisej111 folded before Flop (didn't bet)
Seat 4: Dorex2007 folded before Flop (didn't bet)
Seat 5: dcjt83 (button) collected ($0.22)
Seat 7: GarryKas (small blind) folded before Flop
Seat 8: DanielHumby (big blind) folded before Flop



PokerStars Hand #224433165028:  Hold'em No Limit ($0.01/$0.02 USD) - 2021/03/03 17:23:28 PT [2021/03/03 20:23:28 ET]
Table 'Ioannisiani' 9-max Seat #7 is the button
Seat 1: tiolucius ($1.42 in chips) 
Seat 2: fcgustavito ($2 in chips) 
Seat 3: odisej111 ($2.40 in chips) 
Seat 4: Dorex2007 ($2.41 in chips) 
Seat 5: dcjt83 ($1.59 in chips) 
Seat 7: GarryKas ($0.82 in chips) 
Seat 8: DanielHumby ($1.34 in chips) 
DanielHumby: posts small blind $0.01
tiolucius: posts big blind $0.02
*** HOLE CARDS ***
Dealt to Dorex2007 [Ad Th]
fcgustavito: folds 
odisej111: folds 
Dorex2007: raises $0.04 to $0.06
dcjt83: folds 
GarryKas: folds 
DanielHumby: calls $0.05
tiolucius: folds 
*** FLOP *** [2h 7d 5d]
DanielHumby: checks 
Dorex2007: bets $0.14
DanielHumby: folds 
Uncalled bet ($0.14) returned to Dorex2007
Dorex2007 collected $0.14 from pot
Dorex2007: doesn't show hand 
*** SUMMARY ***
Total pot $0.14 | Rake $0 
Board [2h 7d 5d]
Seat 1: tiolucius (big blind) folded before Flop
Seat 2: fcgustavito folded before Flop (didn't bet)
Seat 3: odisej111 folded before Flop (didn't bet)
Seat 4: Dorex2007 collected ($0.14)
Seat 5: dcjt83 folded before Flop (didn't bet)
Seat 7: GarryKas (button) folded before Flop (didn't bet)
Seat 8: DanielHumby (small blind) folded on the Flop



PokerStars Hand #224433175079:  Hold'em No Limit ($0.01/$0.02 USD) - 2021/03/03 17:23:59 PT [2021/03/03 20:23:59 ET]
Table 'Ioannisiani' 9-max Seat #8 is the button
Seat 1: tiolucius ($1.40 in chips) 
Seat 2: fcgustavito ($2 in chips) 
Seat 3: odisej111 ($2.40 in chips) 
Seat 4: Dorex2007 ($2.49 in chips) 
Seat 5: dcjt83 ($1.59 in chips) 
Seat 7: GarryKas ($0.82 in chips) 
Seat 8: DanielHumby ($1.28 in chips) 
tiolucius: posts small blind $0.01
fcgustavito: posts big blind $0.02
*** HOLE CARDS ***
Dealt to Dorex2007 [Jc Kc]
odisej111: calls $0.02
Dorex2007: raises $0.04 to $0.06
dcjt83: calls $0.06
GarryKas: folds 
DanielHumby: folds 
tiolucius: folds 
fcgustavito: folds 
odisej111: calls $0.04
*** FLOP *** [6d Js Qd]
odisej111: bets $0.08
Dorex2007: calls $0.08
dcjt83: folds 
*** TURN *** [6d Js Qd] [4h]
wcopali195 joins the table at seat #9 
odisej111: bets $0.06
Dorex2007: calls $0.06
*** RIVER *** [6d Js Qd 4h] [As]
odisej111: bets $0.06
Dorex2007: raises $0.30 to $0.36
odisej111: calls $0.30
*** SHOW DOWN ***
Dorex2007: shows [Jc Kc] (a pair of Jacks)
odisej111: shows [5d Ah] (a pair of Aces)
odisej111 collected $1.17 from pot
*** SUMMARY ***
Total pot $1.21 | Rake $0.04 
Board [6d Js Qd 4h As]
Seat 1: tiolucius (small blind) folded before Flop
Seat 2: fcgustavito (big blind) folded before Flop
Seat 3: odisej111 showed [5d Ah] and won ($1.17) with a pair of Aces
Seat 4: Dorex2007 showed [Jc Kc] and lost with a pair of Jacks
Seat 5: dcjt83 folded on the Flop
Seat 7: GarryKas folded before Flop (didn't bet)
Seat 8: DanielHumby (button) folded before Flop (didn't bet)



PokerStars Hand #224433190865:  Hold'em No Limit ($0.01/$0.02 USD) - 2021/03/03 17:24:46 PT [2021/03/03 20:24:46 ET]
Table 'Ioannisiani' 9-max Seat #1 is the button
Seat 1: tiolucius ($1.39 in chips) 
Seat 2: fcgustavito ($2 in chips) 
Seat 3: odisej111 ($3.01 in chips) 
Seat 4: Dorex2007 ($1.93 in chips) 
Seat 5: dcjt83 ($1.53 in chips) 
Seat 7: GarryKas ($0.82 in chips) 
Seat 8: DanielHumby ($1.28 in chips) 
Seat 9: wcopali195 ($1.48 in chips) 
fcgustavito: posts small blind $0.01
odisej111: posts big blind $0.02
wcopali195: posts big blind $0.02
*** HOLE CARDS ***
Dealt to Dorex2007 [Ah Jh]
Dorex2007: raises $0.04 to $0.06
dcjt83: folds 
GarryKas: folds 
DanielHumby: folds 
wcopali195: folds 
tiolucius: folds 
fcgustavito: folds 
odisej111: folds 
Uncalled bet ($0.04) returned to Dorex2007
Dorex2007 collected $0.07 from pot
Dorex2007: doesn't show hand 
*** SUMMARY ***
Total pot $0.07 | Rake $0 
Seat 1: tiolucius (button) folded before Flop (didn't bet)
Seat 2: fcgustavito (small blind) folded before Flop
Seat 3: odisej111 (big blind) folded before Flop
Seat 4: Dorex2007 collected ($0.07)
Seat 5: dcjt83 folded before Flop (didn't bet)
Seat 7: GarryKas folded before Flop (didn't bet)
Seat 8: DanielHumby folded before Flop (didn't bet)
Seat 9: wcopali195 folded before Flop (didn't bet)



PokerStars Hand #224433200304:  Hold'em No Limit ($0.01/$0.02 USD) - 2021/03/03 17:25:15 PT [2021/03/03 20:25:15 ET]
Table 'Ioannisiani' 9-max Seat #2 is the button
Seat 1: tiolucius ($1.39 in chips) 
Seat 2: fcgustavito ($2 in chips) 
Seat 3: odisej111 ($2.99 in chips) 
Seat 4: Dorex2007 ($1.98 in chips) 
Seat 5: dcjt83 ($1.53 in chips) 
Seat 7: GarryKas ($0.82 in chips) 
Seat 8: DanielHumby ($1.28 in chips) 
Seat 9: wcopali195 ($1.46 in chips) 
odisej111: posts small blind $0.01
Dorex2007: posts big blind $0.02
*** HOLE CARDS ***
Dealt to Dorex2007 [Ah 6d]
dcjt83 has timed out
dcjt83: folds 
GarryKas: folds 
DanielHumby: calls $0.02
wcopali195: calls $0.02
tiolucius: folds 
fcgustavito: folds 
odisej111: calls $0.01
Dorex2007: checks 
*** FLOP *** [Qs Ac 7c]
odisej111: bets $0.08
Dorex2007: calls $0.08
DanielHumby: folds 
wcopali195: folds 
*** TURN *** [Qs Ac 7c] [Jh]
odisej111: bets $0.10
Dorex2007: folds 
Uncalled bet ($0.10) returned to odisej111
odisej111 collected $0.23 from pot
*** SUMMARY ***
Total pot $0.24 | Rake $0.01 
Board [Qs Ac 7c Jh]
Seat 1: tiolucius folded before Flop (didn't bet)
Seat 2: fcgustavito (button) folded before Flop (didn't bet)
Seat 3: odisej111 (small blind) collected ($0.23)
Seat 4: Dorex2007 (big blind) folded on the Turn
Seat 5: dcjt83 folded before Flop (didn't bet)
Seat 7: GarryKas folded before Flop (didn't bet)
Seat 8: DanielHumby folded on the Flop
Seat 9: wcopali195 folded on the Flop



PokerStars Hand #224433223407:  Hold'em No Limit ($0.01/$0.02 USD) - 2021/03/03 17:26:24 PT [2021/03/03 20:26:24 ET]
Table 'Ioannisiani' 9-max Seat #4 is the button
Seat 1: tiolucius ($1.39 in chips) 
Seat 2: fcgustavito ($2 in chips) 
Seat 4: Dorex2007 ($1.88 in chips) 
Seat 7: GarryKas ($0.82 in chips) 
Seat 8: DanielHumby ($1.26 in chips) 
Seat 9: wcopali195 ($1.44 in chips) 
GarryKas: posts small blind $0.01
DanielHumby: posts big blind $0.02
*** HOLE CARDS ***
Dealt to Dorex2007 [4d Jc]
odisej111 leaves the table
wcopali195: folds 
tiolucius: folds 
fcgustavito: folds 
Dorex2007: folds 
GarryKas: raises $0.80 to $0.82 and is all-in
DanielHumby: folds 
Uncalled bet ($0.80) returned to GarryKas
GarryKas collected $0.04 from pot
GarryKas: doesn't show hand 
*** SUMMARY ***
Total pot $0.04 | Rake $0 
Seat 1: tiolucius folded before Flop (didn't bet)
Seat 2: fcgustavito folded before Flop (didn't bet)
Seat 4: Dorex2007 (button) folded before Flop (didn't bet)
Seat 7: GarryKas (small blind) collected ($0.04)
Seat 8: DanielHumby (big blind) folded before Flop
Seat 9: wcopali195 folded before Flop (didn't bet)



PokerStars Hand #224433230212:  Hold'em No Limit ($0.01/$0.02 USD) - 2021/03/03 17:26:45 PT [2021/03/03 20:26:45 ET]
Table 'Ioannisiani' 9-max Seat #7 is the button
Seat 1: tiolucius ($1.39 in chips) 
Seat 2: fcgustavito ($2 in chips) 
Seat 4: Dorex2007 ($1.88 in chips) 
Seat 7: GarryKas ($0.84 in chips) 
Seat 8: DanielHumby ($1.24 in chips) 
Seat 9: wcopali195 ($1.44 in chips) 
DanielHumby: posts small blind $0.01
wcopali195: posts big blind $0.02
*** HOLE CARDS ***
Dealt to Dorex2007 [3c 4c]
tiolucius: folds 
fcgustavito: folds 
Dorex2007: folds 
GarryKas: raises $0.04 to $0.06
DanielHumby: folds 
wcopali195: folds 
Uncalled bet ($0.04) returned to GarryKas
GarryKas collected $0.05 from pot
GarryKas: doesn't show hand 
*** SUMMARY ***
Total pot $0.05 | Rake $0 
Seat 1: tiolucius folded before Flop (didn't bet)
Seat 2: fcgustavito folded before Flop (didn't bet)
Seat 4: Dorex2007 folded before Flop (didn't bet)
Seat 7: GarryKas (button) collected ($0.05)
Seat 8: DanielHumby (small blind) folded before Flop
Seat 9: wcopali195 (big blind) folded before Flop



PokerStars Hand #224433240443:  Hold'em No Limit ($0.01/$0.02 USD) - 2021/03/03 17:27:15 PT [2021/03/03 20:27:15 ET]
Table 'Ioannisiani' 9-max Seat #8 is the button
Seat 1: tiolucius ($1.39 in chips) 
Seat 2: fcgustavito ($2 in chips) 
Seat 4: Dorex2007 ($1.88 in chips) 
Seat 7: GarryKas ($0.87 in chips) 
Seat 8: DanielHumby ($1.23 in chips) 
Seat 9: wcopali195 ($1.42 in chips) 
wcopali195: posts small blind $0.01
tiolucius: posts big blind $0.02
*** HOLE CARDS ***
Dealt to Dorex2007 [5h Th]
fcgustavito: folds 
Dorex2007: folds 
GarryKas: folds 
DanielHumby: calls $0.02
wcopali195: calls $0.01
tiolucius: checks 
*** FLOP *** [Ac 8c Jd]
wcopali195: checks 
tiolucius: checks 
DanielHumby: checks 
*** TURN *** [Ac 8c Jd] [2c]
wcopali195: checks 
tiolucius: checks 
DanielHumby: bets $0.02
wcopali195: folds 
tiolucius: calls $0.02
*** RIVER *** [Ac 8c Jd 2c] [9s]
tiolucius: bets $0.04
DanielHumby: raises $0.12 to $0.16
tiolucius: folds 
Uncalled bet ($0.12) returned to DanielHumby
DanielHumby collected $0.17 from pot
DanielHumby: doesn't show hand 
*** SUMMARY ***
Total pot $0.18 | Rake $0.01 
Board [Ac 8c Jd 2c 9s]
Seat 1: tiolucius (big blind) folded on the River
Seat 2: fcgustavito folded before Flop (didn't bet)
Seat 4: Dorex2007 folded before Flop (didn't bet)
Seat 7: GarryKas folded before Flop (didn't bet)
Seat 8: DanielHumby (button) collected ($0.17)
Seat 9: wcopali195 (small blind) folded on the Turn



PokerStars Hand #224433268092:  Hold'em No Limit ($0.01/$0.02 USD) - 2021/03/03 17:28:30 PT [2021/03/03 20:28:30 ET]
Table 'Ioannisiani' 9-max Seat #9 is the button
Seat 1: tiolucius ($1.31 in chips) 
Seat 2: fcgustavito ($2 in chips) 
Seat 4: Dorex2007 ($1.88 in chips) 
Seat 7: GarryKas ($0.87 in chips) 
Seat 8: DanielHumby ($1.32 in chips) 
Seat 9: wcopali195 ($1.40 in chips) 
tiolucius: posts small blind $0.01
fcgustavito: posts big blind $0.02
*** HOLE CARDS ***
Dealt to Dorex2007 [Js Td]
Dorex2007: calls $0.02
GarryKas: folds 
DanielHumby: calls $0.02
wcopali195: folds 
tiolucius: folds 
fcgustavito: raises $0.10 to $0.12
Dorex2007: folds 
Adrel joins the table at seat #3 
DanielHumby: folds 
Uncalled bet ($0.10) returned to fcgustavito
fcgustavito collected $0.07 from pot
fcgustavito: doesn't show hand 
*** SUMMARY ***
Total pot $0.07 | Rake $0 
Seat 1: tiolucius (small blind) folded before Flop
Seat 2: fcgustavito (big blind) collected ($0.07)
Seat 4: Dorex2007 folded before Flop
Seat 7: GarryKas folded before Flop (didn't bet)
Seat 8: DanielHumby folded before Flop
Seat 9: wcopali195 (button) folded before Flop (didn't bet)



PokerStars Hand #224433289938:  Hold'em No Limit ($0.01/$0.02 USD) - 2021/03/03 17:29:09 PT [2021/03/03 20:29:09 ET]
Table 'Ioannisiani' 9-max Seat #1 is the button
Seat 1: tiolucius ($1.30 in chips) 
Seat 2: fcgustavito ($2.05 in chips) 
Seat 3: Adrel ($1.60 in chips) 
Seat 4: Dorex2007 ($1.86 in chips) 
Seat 7: GarryKas ($0.87 in chips) 
Seat 8: DanielHumby ($1.30 in chips) 
Seat 9: wcopali195 ($1.40 in chips) 
fcgustavito: posts small blind $0.01
Adrel: posts big blind $0.02
*** HOLE CARDS ***
Dealt to Dorex2007 [Td Kd]
Dorex2007: calls $0.02
GarryKas: folds 
DanielHumby: folds 
wcopali195: folds 
tiolucius: folds 
fcgustavito: folds 
Adrel: checks 
*** FLOP *** [Kh Ts 4h]
Adrel: checks 
Dorex2007: checks 
*** TURN *** [Kh Ts 4h] [6c]
Adrel: checks 
Dorex2007: checks 
*** RIVER *** [Kh Ts 4h 6c] [8d]
Adrel: checks 
Dorex2007: bets $0.06
Adrel: folds 
Uncalled bet ($0.06) returned to Dorex2007
Dorex2007 collected $0.05 from pot
Dorex2007: doesn't show hand 
*** SUMMARY ***
Total pot $0.05 | Rake $0 
Board [Kh Ts 4h 6c 8d]
Seat 1: tiolucius (button) folded before Flop (didn't bet)
Seat 2: fcgustavito (small blind) folded before Flop
Seat 3: Adrel (big blind) folded on the River
Seat 4: Dorex2007 collected ($0.05)
Seat 7: GarryKas folded before Flop (didn't bet)
Seat 8: DanielHumby folded before Flop (didn't bet)
Seat 9: wcopali195 folded before Flop (didn't bet)



PokerStars Hand #224433304820:  Hold'em No Limit ($0.01/$0.02 USD) - 2021/03/03 17:29:54 PT [2021/03/03 20:29:54 ET]
Table 'Ioannisiani' 9-max Seat #2 is the button
Seat 1: tiolucius ($1.30 in chips) 
Seat 2: fcgustavito ($2.04 in chips) 
Seat 3: Adrel ($1.58 in chips) 
Seat 4: Dorex2007 ($1.89 in chips) 
Seat 7: GarryKas ($0.87 in chips) 
Seat 8: DanielHumby ($1.30 in chips) 
Seat 9: wcopali195 ($1.40 in chips) 
Adrel: posts small blind $0.01
Dorex2007: posts big blind $0.02
bopsving: sits out 
*** HOLE CARDS ***
Dealt to Dorex2007 [7s Tc]
GarryKas: folds 
DanielHumby: folds 
wcopali195: raises $0.04 to $0.06
tiolucius: calls $0.06
fcgustavito: folds 
Adrel: folds 
Dorex2007: calls $0.04
*** FLOP *** [9d 3c 9c]
Dorex2007: bets $0.14
dcjt83 is disconnected 
wcopali195: folds 
tiolucius: calls $0.14
*** TURN *** [9d 3c 9c] [5s]
Dorex2007: bets $0.34
tiolucius: raises $0.76 to $1.10 and is all-in
Dorex2007: folds 
Uncalled bet ($0.76) returned to tiolucius
tiolucius collected $1.11 from pot
tiolucius: doesn't show hand 
*** SUMMARY ***
Total pot $1.15 | Rake $0.04 
Board [9d 3c 9c 5s]
Seat 1: tiolucius collected ($1.11)
Seat 2: fcgustavito (button) folded before Flop (didn't bet)
Seat 3: Adrel (small blind) folded before Flop
Seat 4: Dorex2007 (big blind) folded on the Turn
Seat 7: GarryKas folded before Flop (didn't bet)
Seat 8: DanielHumby folded before Flop (didn't bet)
Seat 9: wcopali195 folded on the Flop



PokerStars Hand #224433328222:  Hold'em No Limit ($0.01/$0.02 USD) - 2021/03/03 17:30:57 PT [2021/03/03 20:30:57 ET]
Table 'Ioannisiani' 9-max Seat #3 is the button
Seat 1: tiolucius ($1.87 in chips) 
Seat 2: fcgustavito ($2.04 in chips) 
Seat 3: Adrel ($1.57 in chips) 
Seat 4: Dorex2007 ($1.35 in chips) 
Seat 7: GarryKas ($0.87 in chips) 
Seat 8: DanielHumby ($1.30 in chips) 
Seat 9: wcopali195 ($1.34 in chips) 
Dorex2007: posts small blind $0.01
GarryKas: posts big blind $0.02
*** HOLE CARDS ***
Dealt to Dorex2007 [6s Qs]
DanielHumby: calls $0.02
wcopali195: folds 
tiolucius has timed out
tiolucius: folds 
fcgustavito: folds 
Adrel: calls $0.02
Dorex2007: calls $0.01
GarryKas: checks 
*** FLOP *** [5d 3s Jh]
Dorex2007: checks 
GarryKas: checks 
DanielHumby: bets $0.06
Adrel: calls $0.06
Dorex2007: folds 
GarryKas: folds 
*** TURN *** [5d 3s Jh] [3d]
DanielHumby: bets $0.08
Adrel: calls $0.08
*** RIVER *** [5d 3s Jh 3d] [9s]
DanielHumby: checks 
Adrel: checks 
*** SHOW DOWN ***
DanielHumby: shows [7d 7s] (two pair, Sevens and Threes)
Adrel: mucks hand 
DanielHumby collected $0.35 from pot
*** SUMMARY ***
Total pot $0.36 | Rake $0.01 
Board [5d 3s Jh 3d 9s]
Seat 1: tiolucius folded before Flop (didn't bet)
Seat 2: fcgustavito folded before Flop (didn't bet)
Seat 3: Adrel (button) mucked [8d 4d]
Seat 4: Dorex2007 (small blind) folded on the Flop
Seat 7: GarryKas (big blind) folded on the Flop
Seat 8: DanielHumby showed [7d 7s] and won ($0.35) with two pair, Sevens and Threes
Seat 9: wcopali195 folded before Flop (didn't bet)



PokerStars Hand #224433351956:  Hold'em No Limit ($0.01/$0.02 USD) - 2021/03/03 17:32:10 PT [2021/03/03 20:32:10 ET]
Table 'Ioannisiani' 9-max Seat #4 is the button
Seat 1: tiolucius ($1.87 in chips) 
Seat 2: fcgustavito ($2.04 in chips) 
Seat 3: Adrel ($1.41 in chips) 
Seat 4: Dorex2007 ($1.33 in chips) 
Seat 7: GarryKas ($0.85 in chips) 
Seat 8: DanielHumby ($1.49 in chips) 
Seat 9: wcopali195 ($1.34 in chips) 
GarryKas: posts small blind $0.01
DanielHumby: posts big blind $0.02
*** HOLE CARDS ***
Dealt to Dorex2007 [4d 3h]
wcopali195: folds 
tiolucius: folds 
fcgustavito: folds 
Adrel: calls $0.02
Dorex2007: folds 
GarryKas: folds 
DanielHumby: checks 
*** FLOP *** [5d 2s 3s]
DanielHumby: checks 
Adrel: checks 
*** TURN *** [5d 2s 3s] [3d]
DanielHumby: checks 
Adrel: bets $0.03
DanielHumby: folds 
Uncalled bet ($0.03) returned to Adrel
Adrel collected $0.05 from pot
Adrel: doesn't show hand 
*** SUMMARY ***
Total pot $0.05 | Rake $0 
Board [5d 2s 3s 3d]
Seat 1: tiolucius folded before Flop (didn't bet)
Seat 2: fcgustavito folded before Flop (didn't bet)
Seat 3: Adrel collected ($0.05)
Seat 4: Dorex2007 (button) folded before Flop (didn't bet)
Seat 7: GarryKas (small blind) folded before Flop
Seat 8: DanielHumby (big blind) folded on the Turn
Seat 9: wcopali195 folded before Flop (didn't bet)



PokerStars Hand #224433361888:  Hold'em No Limit ($0.01/$0.02 USD) - 2021/03/03 17:32:40 PT [2021/03/03 20:32:40 ET]
Table 'Ioannisiani' 9-max Seat #7 is the button
Seat 1: tiolucius ($1.87 in chips) 
Seat 2: fcgustavito ($2.04 in chips) 
Seat 3: Adrel ($1.44 in chips) 
Seat 4: Dorex2007 ($1.33 in chips) 
Seat 7: GarryKas ($0.84 in chips) 
Seat 8: DanielHumby ($1.47 in chips) 
Seat 9: wcopali195 ($1.34 in chips) 
DanielHumby: posts small blind $0.01
wcopali195: posts big blind $0.02
bopsving: sits out 
*** HOLE CARDS ***
Dealt to Dorex2007 [6d Qd]
tiolucius: folds 
fcgustavito: folds 
Adrel: calls $0.02
Dorex2007: folds 
GarryKas: folds 
DanielHumby: calls $0.01
wcopali195: checks 
*** FLOP *** [7d 2c 7h]
DanielHumby: checks 
wcopali195: checks 
Adrel: checks 
*** TURN *** [7d 2c 7h] [Qc]
DanielHumby: checks 
wcopali195: checks 
Adrel: checks 
*** RIVER *** [7d 2c 7h Qc] [Kh]
DanielHumby: bets $0.04
wcopali195: folds 
Adrel: calls $0.04
*** SHOW DOWN ***
DanielHumby: shows [4h Qh] (two pair, Queens and Sevens)
Adrel: mucks hand 
DanielHumby collected $0.14 from pot
*** SUMMARY ***
Total pot $0.14 | Rake $0 
Board [7d 2c 7h Qc Kh]
Seat 1: tiolucius folded before Flop (didn't bet)
Seat 2: fcgustavito folded before Flop (didn't bet)
Seat 3: Adrel mucked [3h 3d]
Seat 4: Dorex2007 folded before Flop (didn't bet)
Seat 7: GarryKas (button) folded before Flop (didn't bet)
Seat 8: DanielHumby (small blind) showed [4h Qh] and won ($0.14) with two pair, Queens and Sevens
Seat 9: wcopali195 (big blind) folded on the River



PokerStars Hand #224433384183:  Hold'em No Limit ($0.01/$0.02 USD) - 2021/03/03 17:33:31 PT [2021/03/03 20:33:31 ET]
Table 'Ioannisiani' 9-max Seat #8 is the button
Seat 1: tiolucius ($1.87 in chips) 
Seat 2: fcgustavito ($2.04 in chips) 
Seat 3: Adrel ($1.38 in chips) 
Seat 4: Dorex2007 ($1.33 in chips) 
Seat 7: GarryKas ($0.84 in chips) 
Seat 8: DanielHumby ($1.55 in chips) 
Seat 9: wcopali195 ($1.32 in chips) 
wcopali195: posts small blind $0.01
tiolucius: posts big blind $0.02
bopsving: sits out 
*** HOLE CARDS ***
Dealt to Dorex2007 [Ks Qs]
fcgustavito: raises $0.04 to $0.06
Adrel: folds 
Dorex2007: raises $0.06 to $0.12
GarryKas: folds 
DanielHumby: calls $0.12
wcopali195: calls $0.11
tiolucius: folds 
fcgustavito: raises $1.92 to $2.04 and is all-in
Dorex2007: folds 
DanielHumby: folds 
wcopali195: folds 
Uncalled bet ($1.92) returned to fcgustavito
fcgustavito collected $0.50 from pot
fcgustavito: doesn't show hand 
*** SUMMARY ***
Total pot $0.50 | Rake $0 
Seat 1: tiolucius (big blind) folded before Flop
Seat 2: fcgustavito collected ($0.50)
Seat 3: Adrel folded before Flop (didn't bet)
Seat 4: Dorex2007 folded before Flop
Seat 7: GarryKas folded before Flop (didn't bet)
Seat 8: DanielHumby (button) folded before Flop
Seat 9: wcopali195 (small blind) folded before Flop



PokerStars Hand #224433395381:  Hold'em No Limit ($0.01/$0.02 USD) - 2021/03/03 17:34:05 PT [2021/03/03 20:34:05 ET]
Table 'Ioannisiani' 9-max Seat #9 is the button
Seat 1: tiolucius ($1.85 in chips) 
Seat 2: fcgustavito ($2.42 in chips) 
Seat 3: Adrel ($1.38 in chips) 
Seat 4: Dorex2007 ($1.21 in chips) 
Seat 7: GarryKas ($0.84 in chips) 
Seat 8: DanielHumby ($1.43 in chips) 
Seat 9: wcopali195 ($1.20 in chips) 
tiolucius: posts small blind $0.01
fcgustavito: posts big blind $0.02
bopsving: sits out 
*** HOLE CARDS ***
Dealt to Dorex2007 [7d As]
Adrel: calls $0.02
Dorex2007: folds 
GarryKas: folds 
DanielHumby: folds 
wcopali195: raises $0.08 to $0.10
tiolucius: raises $0.08 to $0.18
fcgustavito: folds 
Adrel: folds 
wcopali195: calls $0.08
*** FLOP *** [Jh Jc 5h]
tiolucius: bets $0.20
wcopali195: folds 
Uncalled bet ($0.20) returned to tiolucius
tiolucius collected $0.39 from pot
tiolucius: doesn't show hand 
*** SUMMARY ***
Total pot $0.40 | Rake $0.01 
Board [Jh Jc 5h]
Seat 1: tiolucius (small blind) collected ($0.39)
Seat 2: fcgustavito (big blind) folded before Flop
Seat 3: Adrel folded before Flop
Seat 4: Dorex2007 folded before Flop (didn't bet)
Seat 7: GarryKas folded before Flop (didn't bet)
Seat 8: DanielHumby folded before Flop (didn't bet)
Seat 9: wcopali195 (button) folded on the Flop



PokerStars Hand #224433407795:  Hold'em No Limit ($0.01/$0.02 USD) - 2021/03/03 17:34:44 PT [2021/03/03 20:34:44 ET]
Table 'Ioannisiani' 9-max Seat #1 is the button
Seat 1: tiolucius ($2.06 in chips) 
Seat 2: fcgustavito ($2.40 in chips) 
Seat 3: Adrel ($1.36 in chips) 
Seat 4: Dorex2007 ($2 in chips) 
Seat 7: GarryKas ($0.84 in chips) 
Seat 8: DanielHumby ($1.43 in chips) 
Seat 9: wcopali195 ($1.02 in chips) 
fcgustavito: posts small blind $0.01
Adrel: posts big blind $0.02
bopsving: sits out 
*** HOLE CARDS ***
Dealt to Dorex2007 [Th 8h]
Dorex2007: folds 
GarryKas: folds 
DanielHumby: calls $0.02
wcopali195: folds 
tiolucius: raises $0.02 to $0.04
fcgustavito: folds 
Adrel: calls $0.02
DanielHumby: calls $0.02
*** FLOP *** [6d 5h Td]
Adrel: checks 
DanielHumby: checks 
tiolucius: bets $0.13
Adrel: calls $0.13
DanielHumby: folds 
*** TURN *** [6d 5h Td] [Jc]
Adrel: checks 
tiolucius: checks 
*** RIVER *** [6d 5h Td Jc] [6h]
Adrel: checks 
tiolucius: bets $0.15
Adrel: folds 
Uncalled bet ($0.15) returned to tiolucius
tiolucius collected $0.38 from pot
tiolucius: doesn't show hand 
*** SUMMARY ***
Total pot $0.39 | Rake $0.01 
Board [6d 5h Td Jc 6h]
Seat 1: tiolucius (button) collected ($0.38)
Seat 2: fcgustavito (small blind) folded before Flop
Seat 3: Adrel (big blind) folded on the River
Seat 4: Dorex2007 folded before Flop (didn't bet)
Seat 7: GarryKas folded before Flop (didn't bet)
Seat 8: DanielHumby folded on the Flop
Seat 9: wcopali195 folded before Flop (didn't bet)



PokerStars Hand #224433435522:  Hold'em No Limit ($0.01/$0.02 USD) - 2021/03/03 17:35:42 PT [2021/03/03 20:35:42 ET]
Table 'Ioannisiani' 9-max Seat #2 is the button
Seat 1: tiolucius ($2.27 in chips) 
Seat 2: fcgustavito ($2.39 in chips) 
Seat 3: Adrel ($1.19 in chips) 
Seat 4: Dorex2007 ($2 in chips) 
Seat 7: GarryKas ($0.84 in chips) 
Seat 8: DanielHumby ($1.39 in chips) 
Seat 9: wcopali195 ($1.02 in chips) 
Adrel: posts small blind $0.01
Dorex2007: posts big blind $0.02
bopsving: sits out 
*** HOLE CARDS ***
Dealt to Dorex2007 [3d 6s]
GarryKas: folds 
DanielHumby has timed out
DanielHumby: folds 
wcopali195: folds 
tiolucius: raises $0.02 to $0.04
fcgustavito: folds 
Adrel: calls $0.03
Dorex2007: calls $0.02
*** FLOP *** [Kh 7c 7h]
Adrel: checks 
Dorex2007: checks 
tiolucius: bets $0.09
Adrel: folds 
Dorex2007: folds 
Uncalled bet ($0.09) returned to tiolucius
tiolucius collected $0.12 from pot
tiolucius: doesn't show hand 
*** SUMMARY ***
Total pot $0.12 | Rake $0 
Board [Kh 7c 7h]
Seat 1: tiolucius collected ($0.12)
Seat 2: fcgustavito (button) folded before Flop (didn't bet)
Seat 3: Adrel (small blind) folded on the Flop
Seat 4: Dorex2007 (big blind) folded on the Flop
Seat 7: GarryKas folded before Flop (didn't bet)
Seat 8: DanielHumby folded before Flop (didn't bet)
Seat 9: wcopali195 folded before Flop (didn't bet)



PokerStars Hand #224433451654:  Hold'em No Limit ($0.01/$0.02 USD) - 2021/03/03 17:36:32 PT [2021/03/03 20:36:32 ET]
Table 'Ioannisiani' 9-max Seat #3 is the button
Seat 1: tiolucius ($2.35 in chips) 
Seat 2: fcgustavito ($2.39 in chips) 
Seat 3: Adrel ($1.15 in chips) 
Seat 4: Dorex2007 ($1.96 in chips) 
Seat 6: bopsving ($0.80 in chips) 
Seat 7: GarryKas ($0.84 in chips) 
Seat 8: DanielHumby ($1.39 in chips) 
Seat 9: wcopali195 ($1.02 in chips) 
Dorex2007: posts small blind $0.01
bopsving: posts big blind $0.02
*** HOLE CARDS ***
Dealt to Dorex2007 [Kh Ad]
GarryKas: raises $0.04 to $0.06
DanielHumby: folds 
wcopali195: folds 
tiolucius: folds 
fcgustavito: folds 
Adrel: calls $0.06
Dorex2007: raises $0.24 to $0.30
bopsving: folds 
GarryKas: folds 
Adrel: folds 
Uncalled bet ($0.24) returned to Dorex2007
Dorex2007 collected $0.20 from pot
Dorex2007: doesn't show hand 
*** SUMMARY ***
Total pot $0.20 | Rake $0 
Seat 1: tiolucius folded before Flop (didn't bet)
Seat 2: fcgustavito folded before Flop (didn't bet)
Seat 3: Adrel (button) folded before Flop
Seat 4: Dorex2007 (small blind) collected ($0.20)
Seat 6: bopsving (big blind) folded before Flop
Seat 7: GarryKas folded before Flop
Seat 8: DanielHumby folded before Flop (didn't bet)
Seat 9: wcopali195 folded before Flop (didn't bet)



PokerStars Hand #224433465847:  Hold'em No Limit ($0.01/$0.02 USD) - 2021/03/03 17:37:16 PT [2021/03/03 20:37:16 ET]
Table 'Ioannisiani' 9-max Seat #4 is the button
Seat 1: tiolucius ($2.35 in chips) 
Seat 2: fcgustavito ($2.39 in chips) 
Seat 3: Adrel ($1.09 in chips) 
Seat 4: Dorex2007 ($2.10 in chips) 
Seat 6: bopsving ($0.78 in chips) 
Seat 8: DanielHumby ($1.39 in chips) 
Seat 9: wcopali195 ($1.02 in chips) 
bopsving: posts small blind $0.01
GarryKas: is sitting out 
DanielHumby: posts big blind $0.02
*** HOLE CARDS ***
Dealt to Dorex2007 [Ts 2s]
GarryKas leaves the table
wcopali195: folds 
tiolucius: raises $0.03 to $0.05
fcgustavito: folds 
Adrel: folds 
Dorex2007: folds 
bopsving: calls $0.04
DanielHumby: calls $0.03
*** FLOP *** [Qc Kh 5c]
bopsving: checks 
DanielHumby: bets $0.06
tiolucius: raises $0.10 to $0.16
bopsving: folds 
DanielHumby: folds 
Uncalled bet ($0.10) returned to tiolucius
tiolucius collected $0.26 from pot
tiolucius: doesn't show hand 
*** SUMMARY ***
Total pot $0.27 | Rake $0.01 
Board [Qc Kh 5c]
Seat 1: tiolucius collected ($0.26)
Seat 2: fcgustavito folded before Flop (didn't bet)
Seat 3: Adrel folded before Flop (didn't bet)
Seat 4: Dorex2007 (button) folded before Flop (didn't bet)
Seat 6: bopsving (small blind) folded on the Flop
Seat 8: DanielHumby (big blind) folded on the Flop
Seat 9: wcopali195 folded before Flop (didn't bet)



PokerStars Hand #224433481747:  Hold'em No Limit ($0.01/$0.02 USD) - 2021/03/03 17:38:05 PT [2021/03/03 20:38:05 ET]
Table 'Ioannisiani' 9-max Seat #6 is the button
Seat 2: fcgustavito ($2.39 in chips) 
Seat 3: Adrel ($1.09 in chips) 
Seat 4: Dorex2007 ($2.10 in chips) 
Seat 6: bopsving ($0.73 in chips) 
Seat 8: DanielHumby ($1.28 in chips) 
Seat 9: wcopali195 ($1.02 in chips) 
DanielHumby: posts small blind $0.01
wcopali195: posts big blind $0.02
*** HOLE CARDS ***
Dealt to Dorex2007 [Qc 6c]
tiolucius leaves the table
fcgustavito: raises $0.04 to $0.06
Adrel: folds 
Dorex2007: folds 
bopsving: folds 
DanielHumby: calls $0.05
wcopali195: raises $0.96 to $1.02 and is all-in
fcgustavito: folds 
DanielHumby: calls $0.96
*** FLOP *** [Td 9h 8c]
*** TURN *** [Td 9h 8c] [Kh]
*** RIVER *** [Td 9h 8c Kh] [5s]
*** SHOW DOWN ***
DanielHumby: shows [As Qd] (high card Ace)
wcopali195: shows [Ts Ad] (a pair of Tens)
wcopali195 cashed out the hand for $0.52 | Cash Out Fee $0.01
*** SUMMARY ***
Total pot $2.10 | Rake $0.07 
Board [Td 9h 8c Kh 5s]
Seat 2: fcgustavito folded before Flop
Seat 3: Adrel folded before Flop (didn't bet)
Seat 4: Dorex2007 folded before Flop (didn't bet)
Seat 6: bopsving (button) folded before Flop (didn't bet)
Seat 8: DanielHumby (small blind) showed [As Qd] and lost with high card Ace
Seat 9: wcopali195 (big blind) showed [Ts Ad] and won ($2.03) with a pair of Tens (pot not awarded as player cashed out)



PokerStars Hand #224433504033:  Hold'em No Limit ($0.01/$0.02 USD) - 2021/03/03 17:39:14 PT [2021/03/03 20:39:14 ET]
Table 'Ioannisiani' 9-max Seat #8 is the button
Seat 2: fcgustavito ($2.33 in chips) 
Seat 3: Adrel ($1.09 in chips) 
Seat 4: Dorex2007 ($2.10 in chips) 
Seat 6: bopsving ($0.73 in chips) 
Seat 8: DanielHumby ($0.26 in chips) 
Seat 9: wcopali195 ($0.52 in chips) 
wcopali195: posts small blind $0.01
fcgustavito: posts big blind $0.02
*** HOLE CARDS ***
Dealt to Dorex2007 [Qd 3c]
Adrel: calls $0.02
Dorex2007: folds 
bopsving: folds 
DanielHumby: calls $0.02
wcopali195 said, "reintegro y sale el 10"
wcopali195: folds 
fcgustavito: checks 
*** FLOP *** [6s Ks Ts]
fcgustavito: checks 
Adrel: checks 
DanielHumby: checks 
*** TURN *** [6s Ks Ts] [Qh]
wcopali195 said, "y cuando no reintegro.no sale "
fcgustavito: checks 
Adrel: bets $0.02
DanielHumby: folds 
fcgustavito: folds 
Uncalled bet ($0.02) returned to Adrel
Adrel collected $0.07 from pot
Adrel: doesn't show hand 
*** SUMMARY ***
Total pot $0.07 | Rake $0 
Board [6s Ks Ts Qh]
Seat 2: fcgustavito (big blind) folded on the Turn
Seat 3: Adrel collected ($0.07)
Seat 4: Dorex2007 folded before Flop (didn't bet)
Seat 6: bopsving folded before Flop (didn't bet)
Seat 8: DanielHumby (button) folded on the Turn
Seat 9: wcopali195 (small blind) folded before Flop



PokerStars Hand #224433523786:  Hold'em No Limit ($0.01/$0.02 USD) - 2021/03/03 17:40:16 PT [2021/03/03 20:40:16 ET]
Table 'Ioannisiani' 9-max Seat #9 is the button
Seat 2: fcgustavito ($2.31 in chips) 
Seat 3: Adrel ($1.14 in chips) 
Seat 4: Dorex2007 ($2.10 in chips) 
Seat 6: bopsving ($0.73 in chips) 
Seat 8: DanielHumby ($0.24 in chips) 
Seat 9: wcopali195 ($0.51 in chips) 
fcgustavito: posts small blind $0.01
bitinsane joins the table at seat #7 
Adrel: posts big blind $0.02
*** HOLE CARDS ***
Dealt to Dorex2007 [7h Th]
Dorex2007: folds 
wcopali195 said, "poker estafa"
bopsving: folds 
Denis2332 joins the table at seat #1 
DanielHumby: folds 
dcjt83 leaves the table
wcopali195: calls $0.02
fcgustavito: folds 
Adrel: checks 
*** FLOP *** [Qs 8d Js]
Adrel: checks 
wcopali195: bets $0.05
Adrel: folds 
Uncalled bet ($0.05) returned to wcopali195
wcopali195 collected $0.05 from pot
*** SUMMARY ***
Total pot $0.05 | Rake $0 
Board [Qs 8d Js]
Seat 2: fcgustavito (small blind) folded before Flop
Seat 3: Adrel (big blind) folded on the Flop
Seat 4: Dorex2007 folded before Flop (didn't bet)
Seat 6: bopsving folded before Flop (didn't bet)
Seat 8: DanielHumby folded before Flop (didn't bet)
Seat 9: wcopali195 (button) collected ($0.05)



PokerStars Hand #224433533951:  Hold'em No Limit ($0.01/$0.02 USD) - 2021/03/03 17:40:48 PT [2021/03/03 20:40:48 ET]
Table 'Ioannisiani' 9-max Seat #2 is the button
Seat 2: fcgustavito ($2.30 in chips) 
Seat 3: Adrel ($1.12 in chips) 
Seat 4: Dorex2007 ($2.10 in chips) 
Seat 6: bopsving ($0.73 in chips) 
Seat 7: bitinsane ($2 in chips) 
Seat 8: DanielHumby ($0.24 in chips) 
Seat 9: wcopali195 ($0.54 in chips) 
Adrel: posts small blind $0.01
Dorex2007: posts big blind $0.02
bitinsane: posts big blind $0.02
Denis2332: sits out 
*** HOLE CARDS ***
Dealt to Dorex2007 [8h 6d]
Ronjon33109 joins the table at seat #5 
bopsving: folds 
bitinsane: checks 
DanielHumby: calls $0.02
wcopali195: folds 
fcgustavito: raises $0.10 to $0.12
Adrel: folds 
Dorex2007: folds 
bitinsane: folds 
DanielHumby: raises $0.12 to $0.24 and is all-in
fcgustavito: calls $0.12
*** FLOP *** [Qc 7s 9c]
*** TURN *** [Qc 7s 9c] [9s]
*** RIVER *** [Qc 7s 9c 9s] [9d]
*** SHOW DOWN ***
DanielHumby: shows [7h 7c] (a full house, Nines full of Sevens)
fcgustavito: shows [2d Ad] (three of a kind, Nines)
DanielHumby collected $0.51 from pot
*** SUMMARY ***
Total pot $0.53 | Rake $0.02 
Board [Qc 7s 9c 9s 9d]
Seat 2: fcgustavito (button) showed [2d Ad] and lost with three of a kind, Nines
Seat 3: Adrel (small blind) folded before Flop
Seat 4: Dorex2007 (big blind) folded before Flop
Seat 6: bopsving folded before Flop (didn't bet)
Seat 7: bitinsane folded before Flop (didn't bet)
Seat 8: DanielHumby showed [7h 7c] and won ($0.51) with a full house, Nines full of Sevens
Seat 9: wcopali195 folded before Flop (didn't bet)



PokerStars Hand #224433553154:  Hold'em No Limit ($0.01/$0.02 USD) - 2021/03/03 17:41:35 PT [2021/03/03 20:41:35 ET]
Table 'Ioannisiani' 9-max Seat #3 is the button
Seat 2: fcgustavito ($2.06 in chips) 
Seat 3: Adrel ($1.11 in chips) 
Seat 4: Dorex2007 ($2.08 in chips) 
Seat 6: bopsving ($0.73 in chips) 
Seat 7: bitinsane ($1.98 in chips) 
Seat 8: DanielHumby ($0.51 in chips) 
Seat 9: wcopali195 ($0.54 in chips) 
Dorex2007: posts small blind $0.01
Ronjon33109 has timed out
Ronjon33109: is sitting out 
bopsving: posts big blind $0.02
Denis2332: sits out 
*** HOLE CARDS ***
Dealt to Dorex2007 [9c 9s]
bitinsane: folds 
DanielHumby: calls $0.02
wcopali195: folds 
fcgustavito: folds 
Adrel: calls $0.02
Dorex2007: calls $0.01
bopsving: checks 
*** FLOP *** [5c 3s Jh]
Dorex2007: bets $0.06
bopsving: folds 
DanielHumby: folds 
Adrel: calls $0.06
*** TURN *** [5c 3s Jh] [As]
Dorex2007: checks 
Adrel: bets $0.08
Dorex2007: folds 
Uncalled bet ($0.08) returned to Adrel
Adrel collected $0.19 from pot
Adrel: doesn't show hand 
*** SUMMARY ***
Total pot $0.20 | Rake $0.01 
Board [5c 3s Jh As]
Seat 2: fcgustavito folded before Flop (didn't bet)
Seat 3: Adrel (button) collected ($0.19)
Seat 4: Dorex2007 (small blind) folded on the Turn
Seat 6: bopsving (big blind) folded on the Flop
Seat 7: bitinsane folded before Flop (didn't bet)
Seat 8: DanielHumby folded on the Flop
Seat 9: wcopali195 folded before Flop (didn't bet)



PokerStars Hand #224433573186:  Hold'em No Limit ($0.01/$0.02 USD) - 2021/03/03 17:42:38 PT [2021/03/03 20:42:38 ET]
Table 'Ioannisiani' 9-max Seat #4 is the button
Seat 2: fcgustavito ($2.06 in chips) 
Seat 3: Adrel ($1.22 in chips) 
Seat 4: Dorex2007 ($2 in chips) 
Seat 6: bopsving ($0.71 in chips) 
Seat 7: bitinsane ($1.98 in chips) 
Seat 8: DanielHumby ($0.49 in chips) 
Seat 9: wcopali195 ($0.54 in chips) 
bopsving: posts small blind $0.01
bitinsane: posts big blind $0.02
Denis2332: sits out 
*** HOLE CARDS ***
Dealt to Dorex2007 [8c 7h]
DanielHumby: calls $0.02
wcopali195: folds 
fcgustavito: folds 
Adrel: calls $0.02
Dorex2007: folds 
bopsving: calls $0.01
bitinsane: checks 
*** FLOP *** [8d Kc 9s]
bopsving: checks 
bitinsane: checks 
DanielHumby: checks 
Adrel: checks 
*** TURN *** [8d Kc 9s] [2c]
bopsving: checks 
bitinsane: checks 
DanielHumby: bets $0.02
Adrel: calls $0.02
bopsving: calls $0.02
bitinsane: folds 
*** RIVER *** [8d Kc 9s 2c] [5s]
bopsving: checks 
DanielHumby: bets $0.06
Adrel: folds 
bopsving: folds 
Uncalled bet ($0.06) returned to DanielHumby
DanielHumby collected $0.14 from pot
DanielHumby: doesn't show hand 
*** SUMMARY ***
Total pot $0.14 | Rake $0 
Board [8d Kc 9s 2c 5s]
Seat 2: fcgustavito folded before Flop (didn't bet)
Seat 3: Adrel folded on the River
Seat 4: Dorex2007 (button) folded before Flop (didn't bet)
Seat 6: bopsving (small blind) folded on the River
Seat 7: bitinsane (big blind) folded on the Turn
Seat 8: DanielHumby collected ($0.14)
Seat 9: wcopali195 folded before Flop (didn't bet)



PokerStars Hand #224433598434:  Hold'em No Limit ($0.01/$0.02 USD) - 2021/03/03 17:43:57 PT [2021/03/03 20:43:57 ET]
Table 'Ioannisiani' 9-max Seat #6 is the button
Seat 2: fcgustavito ($2.06 in chips) 
Seat 3: Adrel ($1.18 in chips) 
Seat 4: Dorex2007 ($2 in chips) 
Seat 6: bopsving ($0.67 in chips) 
Seat 7: bitinsane ($1.96 in chips) 
Seat 8: DanielHumby ($0.59 in chips) 
Seat 9: wcopali195 ($0.54 in chips) 
bitinsane: posts small blind $0.01
DanielHumby: posts big blind $0.02
Denis2332: sits out 
Ronjon33109: sits out 
*** HOLE CARDS ***
Dealt to Dorex2007 [Ks 2s]
wcopali195: calls $0.02
fcgustavito: folds 
Adrel: calls $0.02
Dorex2007: folds 
bopsving: calls $0.02
bitinsane: calls $0.01
DanielHumby: checks 
*** FLOP *** [Jh 3c Js]
bitinsane: checks 
DanielHumby: checks 
wcopali195: checks 
Adrel: checks 
bopsving: checks 
*** TURN *** [Jh 3c Js] [2h]
bitinsane: checks 
DanielHumby: checks 
wcopali195: bets $0.02
Adrel: folds 
bopsving: raises $0.10 to $0.12
bitinsane: folds 
DanielHumby: folds 
wcopali195: raises $0.40 to $0.52 and is all-in
bopsving: calls $0.40
*** RIVER *** [Jh 3c Js 2h] [4d]
*** SHOW DOWN ***
wcopali195: shows [Jc 7c] (three of a kind, Jacks)
bopsving: shows [Kd Jd] (three of a kind, Jacks - King kicker)
bopsving collected $1.10 from pot
*** SUMMARY ***
Total pot $1.14 | Rake $0.04 
Board [Jh 3c Js 2h 4d]
Seat 2: fcgustavito folded before Flop (didn't bet)
Seat 3: Adrel folded on the Turn
Seat 4: Dorex2007 folded before Flop (didn't bet)
Seat 6: bopsving (button) showed [Kd Jd] and won ($1.10) with three of a kind, Jacks
Seat 7: bitinsane (small blind) folded on the Turn
Seat 8: DanielHumby (big blind) folded on the Turn
Seat 9: wcopali195 showed [Jc 7c] and lost with three of a kind, Jacks



PokerStars Hand #224433631062:  Hold'em No Limit ($0.01/$0.02 USD) - 2021/03/03 17:45:40 PT [2021/03/03 20:45:40 ET]
Table 'Ioannisiani' 9-max Seat #7 is the button
Seat 1: Denis2332 ($2 in chips) 
Seat 2: fcgustavito ($2.06 in chips) 
Seat 3: Adrel ($1.16 in chips) 
Seat 4: Dorex2007 ($2 in chips) 
Seat 5: Ronjon33109 ($0.80 in chips) 
Seat 6: bopsving ($1.23 in chips) 
Seat 7: bitinsane ($1.94 in chips) 
Seat 8: DanielHumby ($0.57 in chips) 
DanielHumby: posts small blind $0.01
Denis2332: posts big blind $0.02
Ronjon33109: posts big blind $0.02
*** HOLE CARDS ***
Dealt to Dorex2007 [Jh Kh]
fcgustavito: folds 
Adrel: folds 
Dorex2007: raises $0.04 to $0.06
Ronjon33109 has timed out
Ronjon33109: folds 
bopsving: folds 
bitinsane: folds 
DanielHumby: folds 
Denis2332: folds 
Uncalled bet ($0.04) returned to Dorex2007
Dorex2007 collected $0.07 from pot
Dorex2007: doesn't show hand 
*** SUMMARY ***
Total pot $0.07 | Rake $0 
Seat 1: Denis2332 (big blind) folded before Flop
Seat 2: fcgustavito folded before Flop (didn't bet)
Seat 3: Adrel folded before Flop (didn't bet)
Seat 4: Dorex2007 collected ($0.07)
Seat 5: Ronjon33109 folded before Flop (didn't bet)
Seat 6: bopsving folded before Flop (didn't bet)
Seat 7: bitinsane (button) folded before Flop (didn't bet)
Seat 8: DanielHumby (small blind) folded before Flop



PokerStars Hand #224433653509:  Hold'em No Limit ($0.01/$0.02 USD) - 2021/03/03 17:46:51 PT [2021/03/03 20:46:51 ET]
Table 'Ioannisiani' 9-max Seat #8 is the button
Seat 1: Denis2332 ($2 in chips) 
Seat 2: fcgustavito ($2.06 in chips) 
Seat 3: Adrel ($1.16 in chips) 
Seat 4: Dorex2007 ($2.05 in chips) 
Seat 5: Ronjon33109 ($0.78 in chips) 
Seat 6: bopsving ($1.23 in chips) 
Seat 7: bitinsane ($1.94 in chips) 
Seat 8: DanielHumby ($0.56 in chips) 
Denis2332: posts small blind $0.01
fcgustavito: posts big blind $0.02
*** HOLE CARDS ***
Dealt to Dorex2007 [Ad 2s]
Adrel: calls $0.02
Dorex2007: folds 
Ronjon33109: calls $0.02
bopsving: calls $0.02
bitinsane: folds 
DanielHumby: calls $0.02
Denis2332: calls $0.01
fcgustavito: raises $0.12 to $0.14
Adrel: calls $0.12
Ronjon33109: folds 
bopsving: folds 
DanielHumby: folds 
Denis2332: calls $0.12
*** FLOP *** [2d 9d Js]
Denis2332: checks 
fcgustavito: bets $0.20
Adrel: folds 
Denis2332: folds 
Uncalled bet ($0.20) returned to fcgustavito
fcgustavito collected $0.46 from pot
fcgustavito: doesn't show hand 
*** SUMMARY ***
Total pot $0.48 | Rake $0.02 
Board [2d 9d Js]
Seat 1: Denis2332 (small blind) folded on the Flop
Seat 2: fcgustavito (big blind) collected ($0.46)
Seat 3: Adrel folded on the Flop
Seat 4: Dorex2007 folded before Flop (didn't bet)
Seat 5: Ronjon33109 folded before Flop
Seat 6: bopsving folded before Flop
Seat 7: bitinsane folded before Flop (didn't bet)
Seat 8: DanielHumby (button) folded before Flop



PokerStars Hand #224433679988:  Hold'em No Limit ($0.01/$0.02 USD) - 2021/03/03 17:48:02 PT [2021/03/03 20:48:02 ET]
Table 'Ioannisiani' 9-max Seat #1 is the button
Seat 1: Denis2332 ($2 in chips) 
Seat 2: fcgustavito ($2.38 in chips) 
Seat 3: Adrel ($1.02 in chips) 
Seat 4: Dorex2007 ($2.05 in chips) 
Seat 5: Ronjon33109 ($0.76 in chips) 
Seat 6: bopsving ($1.21 in chips) 
Seat 7: bitinsane ($1.94 in chips) 
Seat 8: DanielHumby ($0.54 in chips) 
Seat 9: wcopali195 ($2 in chips) 
fcgustavito: posts small blind $0.01
Adrel: posts big blind $0.02
wcopali195: posts small & big blinds $0.03
*** HOLE CARDS ***
Dealt to Dorex2007 [6c Td]
Dorex2007: folds 
Ronjon33109: calls $0.02
bopsving: folds 
bitinsane: folds 
DanielHumby: folds 
wcopali195: raises $0.04 to $0.06
Denis2332: calls $0.06
fcgustavito: folds 
Adrel: calls $0.04
Ronjon33109: calls $0.04
*** FLOP *** [7d 9d 2c]
Adrel: checks 
Ronjon33109: checks 
wcopali195: checks 
Denis2332: checks 
*** TURN *** [7d 9d 2c] [4h]
Adrel: bets $0.02
Ronjon33109: calls $0.02
wcopali195: calls $0.02
Denis2332: folds 
*** RIVER *** [7d 9d 2c 4h] [Jd]
Adrel: checks 
Ronjon33109: checks 
wcopali195: checks 
*** SHOW DOWN ***
Adrel: shows [Kd 7h] (a pair of Sevens)
Ronjon33109: mucks hand 
wcopali195: mucks hand 
Adrel collected $0.31 from pot
*** SUMMARY ***
Total pot $0.32 | Rake $0.01 
Board [7d 9d 2c 4h Jd]
Seat 1: Denis2332 (button) folded on the Turn
Seat 2: fcgustavito (small blind) folded before Flop
Seat 3: Adrel (big blind) showed [Kd 7h] and won ($0.31) with a pair of Sevens
Seat 4: Dorex2007 folded before Flop (didn't bet)
Seat 5: Ronjon33109 mucked [6h Ts]
Seat 6: bopsving folded before Flop (didn't bet)
Seat 7: bitinsane folded before Flop (didn't bet)
Seat 8: DanielHumby folded before Flop (didn't bet)
Seat 9: wcopali195 mucked [Qd Ks]



PokerStars Hand #224433710728:  Hold'em No Limit ($0.01/$0.02 USD) - 2021/03/03 17:49:41 PT [2021/03/03 20:49:41 ET]
Table 'Ioannisiani' 9-max Seat #2 is the button
Seat 1: Denis2332 ($2 in chips) 
Seat 2: fcgustavito ($2.37 in chips) 
Seat 3: Adrel ($1.25 in chips) 
Seat 4: Dorex2007 ($2.05 in chips) 
Seat 5: Ronjon33109 ($0.68 in chips) 
Seat 6: bopsving ($1.21 in chips) 
Seat 7: bitinsane ($1.94 in chips) 
Seat 8: DanielHumby ($0.54 in chips) 
Seat 9: wcopali195 ($1.91 in chips) 
Adrel: posts small blind $0.01
Dorex2007: posts big blind $0.02
*** HOLE CARDS ***
Dealt to Dorex2007 [7c 2s]
Ronjon33109: folds 
bopsving: calls $0.02
bitinsane: folds 
DanielHumby: folds 
wcopali195: raises $0.04 to $0.06
Denis2332: folds 
fcgustavito: folds 
Adrel: calls $0.05
Dorex2007: folds 
bopsving: raises $1.15 to $1.21 and is all-in
wcopali195: folds 
Adrel: folds 
Uncalled bet ($1.15) returned to bopsving
bopsving collected $0.20 from pot
bopsving: doesn't show hand 
*** SUMMARY ***
Total pot $0.20 | Rake $0 
Seat 1: Denis2332 folded before Flop (didn't bet)
Seat 2: fcgustavito (button) folded before Flop (didn't bet)
Seat 3: Adrel (small blind) folded before Flop
Seat 4: Dorex2007 (big blind) folded before Flop
Seat 5: Ronjon33109 folded before Flop (didn't bet)
Seat 6: bopsving collected ($0.20)
Seat 7: bitinsane folded before Flop (didn't bet)
Seat 8: DanielHumby folded before Flop (didn't bet)
Seat 9: wcopali195 folded before Flop



PokerStars Hand #224433722915:  Hold'em No Limit ($0.01/$0.02 USD) - 2021/03/03 17:50:18 PT [2021/03/03 20:50:18 ET]
Table 'Ioannisiani' 9-max Seat #3 is the button
Seat 1: Denis2332 ($2 in chips) 
Seat 2: fcgustavito ($2.37 in chips) 
Seat 3: Adrel ($1.19 in chips) 
Seat 4: Dorex2007 ($2.03 in chips) 
Seat 5: Ronjon33109 ($0.68 in chips) 
Seat 6: bopsving ($1.35 in chips) 
Seat 7: bitinsane ($1.94 in chips) 
Seat 8: DanielHumby ($0.54 in chips) 
Seat 9: wcopali195 ($1.85 in chips) 
Dorex2007: posts small blind $0.01
Ronjon33109: posts big blind $0.02
*** HOLE CARDS ***
Dealt to Dorex2007 [Ks Jh]
bopsving: folds 
bitinsane: calls $0.02
DanielHumby: folds 
wcopali195: calls $0.02
Denis2332: folds 
fcgustavito: folds 
Adrel: calls $0.02
Dorex2007: calls $0.01
Ronjon33109: checks 
*** FLOP *** [7d 3h Ts]
Dorex2007: checks 
Ronjon33109: checks 
bitinsane: checks 
wcopali195: checks 
Adrel: checks 
*** TURN *** [7d 3h Ts] [Kd]
Dorex2007: bets $0.10
Ronjon33109: folds 
bitinsane: folds 
wcopali195: folds 
Adrel: folds 
Uncalled bet ($0.10) returned to Dorex2007
Dorex2007 collected $0.10 from pot
Dorex2007: doesn't show hand 
*** SUMMARY ***
Total pot $0.10 | Rake $0 
Board [7d 3h Ts Kd]
Seat 1: Denis2332 folded before Flop (didn't bet)
Seat 2: fcgustavito folded before Flop (didn't bet)
Seat 3: Adrel (button) folded on the Turn
Seat 4: Dorex2007 (small blind) collected ($0.10)
Seat 5: Ronjon33109 (big blind) folded on the Turn
Seat 6: bopsving folded before Flop (didn't bet)
Seat 7: bitinsane folded on the Turn
Seat 8: DanielHumby folded before Flop (didn't bet)
Seat 9: wcopali195 folded on the Turn



PokerStars Hand #224433758486:  Hold'em No Limit ($0.01/$0.02 USD) - 2021/03/03 17:51:41 PT [2021/03/03 20:51:41 ET]
Table 'Ioannisiani' 9-max Seat #4 is the button
Seat 1: Denis2332 ($2 in chips) 
Seat 2: fcgustavito ($2.37 in chips) 
Seat 3: Adrel ($1.17 in chips) 
Seat 4: Dorex2007 ($2.11 in chips) 
Seat 5: Ronjon33109 ($0.66 in chips) 
Seat 6: bopsving ($1.35 in chips) 
Seat 7: bitinsane ($1.92 in chips) 
Seat 8: DanielHumby ($0.54 in chips) 
Seat 9: wcopali195 ($1.83 in chips) 
Ronjon33109: posts small blind $0.01
bopsving: posts big blind $0.02
*** HOLE CARDS ***
Dealt to Dorex2007 [6s 2c]
bitinsane: folds 
DanielHumby: folds 
wcopali195: folds 
Denis2332: raises $0.04 to $0.06
fcgustavito: folds 
Adrel: folds 
Dorex2007: folds 
Ronjon33109: calls $0.05
bopsving: folds 
*** FLOP *** [8s Qh 7s]
Ronjon33109: checks 
Denis2332: checks 
*** TURN *** [8s Qh 7s] [Qc]
Ronjon33109: checks 
Denis2332: checks 
*** RIVER *** [8s Qh 7s Qc] [9c]
Ronjon33109: checks 
Denis2332: checks 
*** SHOW DOWN ***
Ronjon33109: shows [Kd 2h] (a pair of Queens)
Denis2332: shows [Kh Jd] (a pair of Queens - King+Jack kicker)
Denis2332 collected $0.14 from pot
*** SUMMARY ***
Total pot $0.14 | Rake $0 
Board [8s Qh 7s Qc 9c]
Seat 1: Denis2332 showed [Kh Jd] and won ($0.14) with a pair of Queens
Seat 2: fcgustavito folded before Flop (didn't bet)
Seat 3: Adrel folded before Flop (didn't bet)
Seat 4: Dorex2007 (button) folded before Flop (didn't bet)
Seat 5: Ronjon33109 (small blind) showed [Kd 2h] and lost with a pair of Queens
Seat 6: bopsving (big blind) folded before Flop
Seat 7: bitinsane folded before Flop (didn't bet)
Seat 8: DanielHumby folded before Flop (didn't bet)
Seat 9: wcopali195 folded before Flop (didn't bet)



PokerStars Hand #224433778265:  Hold'em No Limit ($0.01/$0.02 USD) - 2021/03/03 17:52:45 PT [2021/03/03 20:52:45 ET]
Table 'Ioannisiani' 9-max Seat #5 is the button
Seat 1: Denis2332 ($2.08 in chips) 
Seat 2: fcgustavito ($2.37 in chips) 
Seat 3: Adrel ($1.17 in chips) 
Seat 4: Dorex2007 ($2.11 in chips) 
Seat 5: Ronjon33109 ($0.60 in chips) 
Seat 6: bopsving ($1.33 in chips) 
Seat 7: bitinsane ($2 in chips) 
Seat 8: DanielHumby ($0.54 in chips) 
Seat 9: wcopali195 ($1.83 in chips) 
bopsving: posts small blind $0.01
bitinsane: posts big blind $0.02
*** HOLE CARDS ***
Dealt to Dorex2007 [Td Ks]
DanielHumby: calls $0.02
wcopali195: folds 
Denis2332: folds 
fcgustavito: folds 
Adrel: calls $0.02
Dorex2007: calls $0.02
Ronjon33109: calls $0.02
bopsving: calls $0.01
bitinsane: checks 
*** FLOP *** [Kd 6d Ad]
bopsving: checks 
bitinsane: checks 
DanielHumby: bets $0.06
Adrel: calls $0.06
Dorex2007: calls $0.06
Ronjon33109: calls $0.06
bopsving: calls $0.06
bitinsane: folds 
*** TURN *** [Kd 6d Ad] [2s]
bopsving: checks 
DanielHumby: bets $0.06
Adrel: calls $0.06
Dorex2007: folds 
Ronjon33109: calls $0.06
bopsving: calls $0.06
*** RIVER *** [Kd 6d Ad 2s] [Kh]
bopsving: checks 
DanielHumby: checks 
Adrel: bets $0.32
Ronjon33109 is disconnected 
Ronjon33109 is connected 
Ronjon33109: calls $0.32
bopsving: folds 
DanielHumby: folds 
*** SHOW DOWN ***
Adrel: shows [2d 5d] (a flush, Ace high)
Ronjon33109: mucks hand 
Adrel collected $1.25 from pot
*** SUMMARY ***
Total pot $1.30 | Rake $0.05 
Board [Kd 6d Ad 2s Kh]
Seat 1: Denis2332 folded before Flop (didn't bet)
Seat 2: fcgustavito folded before Flop (didn't bet)
Seat 3: Adrel showed [2d 5d] and won ($1.25) with a flush, Ace high
Seat 4: Dorex2007 folded on the Turn
Seat 5: Ronjon33109 (button) mucked [7d As]
Seat 6: bopsving (small blind) folded on the River
Seat 7: bitinsane (big blind) folded on the Flop
Seat 8: DanielHumby folded on the River
Seat 9: wcopali195 folded before Flop (didn't bet)



PokerStars Hand #224433824437:  Hold'em No Limit ($0.01/$0.02 USD) - 2021/03/03 17:54:59 PT [2021/03/03 20:54:59 ET]
Table 'Ioannisiani' 9-max Seat #6 is the button
Seat 1: Denis2332 ($2.08 in chips) 
Seat 2: fcgustavito ($2.37 in chips) 
Seat 3: Adrel ($1.96 in chips) 
Seat 4: Dorex2007 ($2.03 in chips) 
Seat 5: Ronjon33109 ($0.14 in chips) 
Seat 6: bopsving ($1.19 in chips) 
Seat 7: bitinsane ($1.98 in chips) 
Seat 8: DanielHumby ($0.40 in chips) 
Seat 9: wcopali195 ($1.83 in chips) 
bitinsane: posts small blind $0.01
DanielHumby: posts big blind $0.02
*** HOLE CARDS ***
Dealt to Dorex2007 [4d Kh]
wcopali195: calls $0.02
Denis2332: folds 
fcgustavito: folds 
Adrel: folds 
Dorex2007: folds 
Ronjon33109: calls $0.02
bopsving: calls $0.02
bitinsane: folds 
DanielHumby: checks 
*** FLOP *** [Td Ah 5h]
DanielHumby: checks 
wcopali195: bets $0.04
Ronjon33109: calls $0.04
bopsving: calls $0.04
DanielHumby: folds 
*** TURN *** [Td Ah 5h] [As]
wcopali195: bets $0.08
Ronjon33109: calls $0.08 and is all-in
bopsving: folds 
*** RIVER *** [Td Ah 5h As] [7s]
*** SHOW DOWN ***
wcopali195: shows [6h Th] (two pair, Aces and Tens)
Ronjon33109: shows [Ac 9c] (three of a kind, Aces)
Ronjon33109 cashed out the hand for $0.29
*** SUMMARY ***
Total pot $0.37 | Rake $0.01 
Board [Td Ah 5h As 7s]
Seat 1: Denis2332 folded before Flop (didn't bet)
Seat 2: fcgustavito folded before Flop (didn't bet)
Seat 3: Adrel folded before Flop (didn't bet)
Seat 4: Dorex2007 folded before Flop (didn't bet)
Seat 5: Ronjon33109 showed [Ac 9c] and won ($0.36) with three of a kind, Aces (pot not awarded as player cashed out)
Seat 6: bopsving (button) folded on the Turn
Seat 7: bitinsane (small blind) folded before Flop
Seat 8: DanielHumby (big blind) folded on the Flop
Seat 9: wcopali195 showed [6h Th] and lost with two pair, Aces and Tens



PokerStars Hand #224433842958:  Hold'em No Limit ($0.01/$0.02 USD) - 2021/03/03 17:56:11 PT [2021/03/03 20:56:11 ET]
Table 'Ioannisiani' 9-max Seat #7 is the button
Seat 1: Denis2332 ($2.08 in chips) 
Seat 2: fcgustavito ($2.37 in chips) 
Seat 3: Adrel ($1.96 in chips) 
Seat 4: Dorex2007 ($2.03 in chips) 
Seat 5: Ronjon33109 ($0.29 in chips) 
Seat 6: bopsving ($1.13 in chips) 
Seat 7: bitinsane ($1.97 in chips) 
Seat 8: DanielHumby ($0.38 in chips) 
Seat 9: wcopali195 ($1.69 in chips) 
DanielHumby: posts small blind $0.01
wcopali195: posts big blind $0.02
*** HOLE CARDS ***
Dealt to Dorex2007 [7h 3d]
Denis2332: folds 
fcgustavito: folds 
Adrel: calls $0.02
Dorex2007: folds 
Ronjon33109: calls $0.02
bopsving: calls $0.02
wcopali195 said, "a la.mierddd"
bitinsane: calls $0.02
DanielHumby: calls $0.01
wcopali195: checks 
*** FLOP *** [7d 6d 8d]
DanielHumby: checks 
wcopali195: checks 
Adrel: checks 
Ronjon33109: bets $0.02
bopsving: folds 
bitinsane: calls $0.02
DanielHumby: folds 
wcopali195: calls $0.02
Adrel: calls $0.02
*** TURN *** [7d 6d 8d] [3s]
wcopali195: checks 
Adrel: checks 
Ronjon33109: checks 
bitinsane: bets $0.10
wcopali195: calls $0.10
Adrel: calls $0.10
Ronjon33109: folds 
*** RIVER *** [7d 6d 8d 3s] [4c]
wcopali195: checks 
Adrel: checks 
bitinsane: checks 
*** SHOW DOWN ***
wcopali195: shows [Ah 5d] (a straight, Four to Eight)
Adrel: mucks hand 
bitinsane: mucks hand 
wcopali195 collected $0.48 from pot
*** SUMMARY ***
Total pot $0.50 | Rake $0.02 
Board [7d 6d 8d 3s 4c]
Seat 1: Denis2332 folded before Flop (didn't bet)
Seat 2: fcgustavito folded before Flop (didn't bet)
Seat 3: Adrel mucked [Ad Js]
Seat 4: Dorex2007 folded before Flop (didn't bet)
Seat 5: Ronjon33109 folded on the Turn
Seat 6: bopsving folded on the Flop
Seat 7: bitinsane (button) mucked [9s 8s]
Seat 8: DanielHumby (small blind) folded on the Flop
Seat 9: wcopali195 (big blind) showed [Ah 5d] and won ($0.48) with a straight, Four to Eight



PokerStars Hand #224433864135:  Hold'em No Limit ($0.01/$0.02 USD) - 2021/03/03 17:57:36 PT [2021/03/03 20:57:36 ET]
Table 'Ioannisiani' 9-max Seat #8 is the button
Seat 1: Denis2332 ($2.08 in chips) 
Seat 2: fcgustavito ($2.37 in chips) 
Seat 3: Adrel ($1.82 in chips) 
Seat 4: Dorex2007 ($2.03 in chips) 
Seat 5: Ronjon33109 ($0.25 in chips) 
Seat 6: bopsving ($1.11 in chips) 
Seat 7: bitinsane ($1.83 in chips) 
Seat 8: DanielHumby ($0.36 in chips) 
Seat 9: wcopali195 ($2.03 in chips) 
wcopali195: posts small blind $0.01
Denis2332: posts big blind $0.02
*** HOLE CARDS ***
Dealt to Dorex2007 [6c 8h]
fcgustavito: folds 
Adrel: calls $0.02
Dorex2007: folds 
Ronjon33109: folds 
bopsving: folds 
bitinsane: folds 
DanielHumby: folds 
wcopali195: calls $0.01
Denis2332: checks 
*** FLOP *** [7h Ad Kc]
wcopali195: checks 
Denis2332: checks 
Adrel: checks 
*** TURN *** [7h Ad Kc] [9d]
wcopali195: bets $0.06
Denis2332: folds 
Adrel: calls $0.06
*** RIVER *** [7h Ad Kc 9d] [6h]
wcopali195: bets $0.08
Adrel: folds 
Uncalled bet ($0.08) returned to wcopali195
wcopali195 collected $0.17 from pot
*** SUMMARY ***
Total pot $0.18 | Rake $0.01 
Board [7h Ad Kc 9d 6h]
Seat 1: Denis2332 (big blind) folded on the Turn
Seat 2: fcgustavito folded before Flop (didn't bet)
Seat 3: Adrel folded on the River
Seat 4: Dorex2007 folded before Flop (didn't bet)
Seat 5: Ronjon33109 folded before Flop (didn't bet)
Seat 6: bopsving folded before Flop (didn't bet)
Seat 7: bitinsane folded before Flop (didn't bet)
Seat 8: DanielHumby (button) folded before Flop (didn't bet)
Seat 9: wcopali195 (small blind) collected ($0.17)



