PokerStars Hand #225613611551:  Hold'em No Limit ($0.01/$0.02 USD) - 2021/04/07 17:42:02 PT [2021/04/07 20:42:02 ET]
Table 'Palisana' 9-max Seat #6 is the button
Seat 1: unmöglich1 ($3.18 in chips) 
Seat 2: thomasch21 ($1.70 in chips) 
Seat 3: cafurtado ($2.56 in chips) 
Seat 4: Belas59 ($0.95 in chips) 
Seat 6: Kupec Danila ($1.61 in chips) 
Seat 7: Bawbag99 ($1.67 in chips) 
Seat 8: Ludesale ($1.47 in chips) 
Seat 9: Dorex2007 ($1.50 in chips) 
Bawbag99: posts small blind $0.01
Ludesale: posts big blind $0.02
Dorex2007: posts big blind $0.02
*** HOLE CARDS ***
Dealt to Dorex2007 [8s Kd]
Dorex2007: checks 
unmöglich1: calls $0.02
thomasch21: folds 
cafurtado: folds 
Belas59: folds 
Kupec Danila: folds 
Bawbag99: calls $0.01
Ludesale: checks 
*** FLOP *** [Tc Jc 5s]
Bawbag99: bets $0.02
Ludesale: calls $0.02
Dorex2007: folds 
unmöglich1: calls $0.02
*** TURN *** [Tc Jc 5s] [Kc]
Bawbag99: bets $0.14
Ludesale: folds 
unmöglich1: raises $0.14 to $0.28
brigmano joins the table at seat #5 
Bawbag99: calls $0.14
*** RIVER *** [Tc Jc 5s Kc] [Ah]
Bawbag99: bets $0.30
unmöglich1: raises $0.30 to $0.60
Bawbag99: calls $0.30
*** SHOW DOWN ***
unmöglich1: shows [9d Qc] (a straight, Ten to Ace)
Bawbag99: mucks hand 
unmöglich1 collected $1.83 from pot
*** SUMMARY ***
Total pot $1.90 | Rake $0.07 
Board [Tc Jc 5s Kc Ah]
Seat 1: unmöglich1 showed [9d Qc] and won ($1.83) with a straight, Ten to Ace
Seat 2: thomasch21 folded before Flop (didn't bet)
Seat 3: cafurtado folded before Flop (didn't bet)
Seat 4: Belas59 folded before Flop (didn't bet)
Seat 6: Kupec Danila (button) folded before Flop (didn't bet)
Seat 7: Bawbag99 (small blind) mucked [5h 5d]
Seat 8: Ludesale (big blind) folded on the Turn
Seat 9: Dorex2007 folded on the Flop (didn't bet)



PokerStars Hand #225613635610:  Hold'em No Limit ($0.01/$0.02 USD) - 2021/04/07 17:43:20 PT [2021/04/07 20:43:20 ET]
Table 'Palisana' 9-max Seat #7 is the button
Seat 1: unmöglich1 ($4.09 in chips) 
Seat 2: thomasch21 ($1.70 in chips) 
Seat 3: cafurtado ($2.56 in chips) 
Seat 4: Belas59 ($0.95 in chips) 
Seat 5: brigmano ($1.60 in chips) 
Seat 6: Kupec Danila ($1.61 in chips) 
Seat 7: Bawbag99 ($0.75 in chips) 
Seat 8: Ludesale ($1.43 in chips) 
Seat 9: Dorex2007 ($1.48 in chips) 
Ludesale: posts small blind $0.01
Dorex2007: posts big blind $0.02
brigmano: posts big blind $0.02
*** HOLE CARDS ***
Dealt to Dorex2007 [Th 4d]
unmöglich1 has timed out
unmöglich1: folds 
thomasch21: folds 
cafurtado: folds 
Belas59: calls $0.02
brigmano: checks 
Kupec Danila: folds 
Bawbag99: calls $0.02
Ludesale: calls $0.01
Dorex2007: checks 
*** FLOP *** [Tc Kh 8c]
Ludesale: checks 
Dorex2007: checks 
Belas59: bets $0.05
brigmano: folds 
Bawbag99: calls $0.05
Ludesale: folds 
Dorex2007: folds 
*** TURN *** [Tc Kh 8c] [2s]
Belas59: bets $0.10
Bawbag99: calls $0.10
*** RIVER *** [Tc Kh 8c 2s] [Ad]
Belas59: checks 
Bawbag99: checks 
*** SHOW DOWN ***
Belas59: shows [6d Kd] (a pair of Kings)
Bawbag99: mucks hand 
Belas59 collected $0.39 from pot
*** SUMMARY ***
Total pot $0.40 | Rake $0.01 
Board [Tc Kh 8c 2s Ad]
Seat 1: unmöglich1 folded before Flop (didn't bet)
Seat 2: thomasch21 folded before Flop (didn't bet)
Seat 3: cafurtado folded before Flop (didn't bet)
Seat 4: Belas59 showed [6d Kd] and won ($0.39) with a pair of Kings
Seat 5: brigmano folded on the Flop (didn't bet)
Seat 6: Kupec Danila folded before Flop (didn't bet)
Seat 7: Bawbag99 (button) mucked [Ts 5h]
Seat 8: Ludesale (small blind) folded on the Flop
Seat 9: Dorex2007 (big blind) folded on the Flop



PokerStars Hand #225613669959:  Hold'em No Limit ($0.01/$0.02 USD) - 2021/04/07 17:44:44 PT [2021/04/07 20:44:44 ET]
Table 'Palisana' 9-max Seat #8 is the button
Seat 1: unmöglich1 ($4.09 in chips) 
Seat 2: thomasch21 ($1.70 in chips) 
Seat 3: cafurtado ($2.56 in chips) 
Seat 4: Belas59 ($1.17 in chips) 
Seat 5: brigmano ($1.58 in chips) 
Seat 6: Kupec Danila ($1.61 in chips) 
Seat 7: Bawbag99 ($0.58 in chips) 
Seat 8: Ludesale ($1.41 in chips) 
Seat 9: Dorex2007 ($1.46 in chips) 
Dorex2007: posts small blind $0.01
unmöglich1: posts big blind $0.02
*** HOLE CARDS ***
Dealt to Dorex2007 [8d Qd]
thomasch21: folds 
cafurtado: folds 
Belas59: calls $0.02
brigmano: raises $0.07 to $0.09
Kupec Danila: folds 
Bawbag99: calls $0.09
Ludesale: folds 
Dorex2007: folds 
unmöglich1: calls $0.07
Belas59: calls $0.07
*** FLOP *** [Kc 8h 7c]
unmöglich1: checks 
Belas59: checks 
brigmano: bets $0.18
Bawbag99: folds 
unmöglich1: folds 
Belas59: folds 
Uncalled bet ($0.18) returned to brigmano
brigmano collected $0.36 from pot
brigmano: doesn't show hand 
*** SUMMARY ***
Total pot $0.37 | Rake $0.01 
Board [Kc 8h 7c]
Seat 1: unmöglich1 (big blind) folded on the Flop
Seat 2: thomasch21 folded before Flop (didn't bet)
Seat 3: cafurtado folded before Flop (didn't bet)
Seat 4: Belas59 folded on the Flop
Seat 5: brigmano collected ($0.36)
Seat 6: Kupec Danila folded before Flop (didn't bet)
Seat 7: Bawbag99 folded on the Flop
Seat 8: Ludesale (button) folded before Flop (didn't bet)
Seat 9: Dorex2007 (small blind) folded before Flop



PokerStars Hand #225613685174:  Hold'em No Limit ($0.01/$0.02 USD) - 2021/04/07 17:45:33 PT [2021/04/07 20:45:33 ET]
Table 'Palisana' 9-max Seat #9 is the button
Seat 1: unmöglich1 ($4 in chips) 
Seat 2: thomasch21 ($1.70 in chips) 
Seat 3: cafurtado ($2.56 in chips) 
Seat 4: Belas59 ($1.08 in chips) 
Seat 5: brigmano ($1.85 in chips) 
Seat 6: Kupec Danila ($1.61 in chips) 
Seat 7: Bawbag99 ($0.49 in chips) 
Seat 8: Ludesale ($1.41 in chips) 
Seat 9: Dorex2007 ($1.45 in chips) 
unmöglich1: posts small blind $0.01
thomasch21: posts big blind $0.02
*** HOLE CARDS ***
Dealt to Dorex2007 [Jc Qh]
cafurtado has timed out
cafurtado: folds 
Belas59: calls $0.02
brigmano: calls $0.02
Kupec Danila: folds 
Bawbag99: calls $0.02
Ludesale: calls $0.02
Dorex2007: calls $0.02
unmöglich1: calls $0.01
thomasch21: checks 
*** FLOP *** [Tc Td 8h]
unmöglich1: checks 
thomasch21: checks 
Belas59: checks 
brigmano: checks 
Bawbag99: checks 
Ludesale: checks 
Dorex2007: checks 
*** TURN *** [Tc Td 8h] [5d]
unmöglich1: checks 
thomasch21: checks 
Belas59: checks 
brigmano: bets $0.03
Bawbag99: raises $0.03 to $0.06
Ludesale: folds 
Dorex2007: folds 
unmöglich1: folds 
thomasch21: folds 
Belas59: calls $0.06
brigmano: calls $0.03
*** RIVER *** [Tc Td 8h 5d] [Jh]
Belas59: checks 
brigmano: bets $0.31
Bawbag99: folds 
Belas59: folds 
Uncalled bet ($0.31) returned to brigmano
brigmano collected $0.31 from pot
brigmano: doesn't show hand 
*** SUMMARY ***
Total pot $0.32 | Rake $0.01 
Board [Tc Td 8h 5d Jh]
Seat 1: unmöglich1 (small blind) folded on the Turn
Seat 2: thomasch21 (big blind) folded on the Turn
Seat 3: cafurtado folded before Flop (didn't bet)
Seat 4: Belas59 folded on the River
Seat 5: brigmano collected ($0.31)
Seat 6: Kupec Danila folded before Flop (didn't bet)
Seat 7: Bawbag99 folded on the River
Seat 8: Ludesale folded on the Turn
Seat 9: Dorex2007 (button) folded on the Turn



PokerStars Hand #225613725721:  Hold'em No Limit ($0.01/$0.02 USD) - 2021/04/07 17:47:46 PT [2021/04/07 20:47:46 ET]
Table 'Palisana' 9-max Seat #1 is the button
Seat 1: unmöglich1 ($3.98 in chips) 
Seat 2: thomasch21 ($1.68 in chips) 
Seat 3: cafurtado ($2.56 in chips) 
Seat 4: Belas59 ($1 in chips) 
Seat 5: brigmano ($2.08 in chips) 
Seat 6: Kupec Danila ($1.61 in chips) 
Seat 7: Bawbag99 ($0.41 in chips) 
Seat 8: Ludesale ($1.39 in chips) 
Seat 9: Dorex2007 ($1.43 in chips) 
thomasch21: posts small blind $0.01
cafurtado: posts big blind $0.02
*** HOLE CARDS ***
Dealt to Dorex2007 [8h Qd]
Belas59: folds 
brigmano: folds 
Kupec Danila: folds 
Bawbag99: folds 
Ludesale: folds 
Dorex2007: folds 
unmöglich1: raises $0.04 to $0.06
thomasch21: folds 
cafurtado: folds 
Uncalled bet ($0.04) returned to unmöglich1
unmöglich1 collected $0.05 from pot
unmöglich1: doesn't show hand 
*** SUMMARY ***
Total pot $0.05 | Rake $0 
Seat 1: unmöglich1 (button) collected ($0.05)
Seat 2: thomasch21 (small blind) folded before Flop
Seat 3: cafurtado (big blind) folded before Flop
Seat 4: Belas59 folded before Flop (didn't bet)
Seat 5: brigmano folded before Flop (didn't bet)
Seat 6: Kupec Danila folded before Flop (didn't bet)
Seat 7: Bawbag99 folded before Flop (didn't bet)
Seat 8: Ludesale folded before Flop (didn't bet)
Seat 9: Dorex2007 folded before Flop (didn't bet)



PokerStars Hand #225613740944:  Hold'em No Limit ($0.01/$0.02 USD) - 2021/04/07 17:48:29 PT [2021/04/07 20:48:29 ET]
Table 'Palisana' 9-max Seat #2 is the button
Seat 1: unmöglich1 ($4.01 in chips) 
Seat 2: thomasch21 ($1.67 in chips) 
Seat 3: cafurtado ($2.54 in chips) 
Seat 4: Belas59 ($1 in chips) 
Seat 5: brigmano ($2.08 in chips) 
Seat 6: Kupec Danila ($1.61 in chips) 
Seat 7: Bawbag99 ($0.41 in chips) 
Seat 8: Ludesale ($1.39 in chips) 
Seat 9: Dorex2007 ($1.43 in chips) 
cafurtado: posts small blind $0.01
Belas59: posts big blind $0.02
*** HOLE CARDS ***
Dealt to Dorex2007 [2c Tc]
brigmano: folds 
Kupec Danila: raises $0.04 to $0.06
Bawbag99: folds 
Ludesale: folds 
Dorex2007: folds 
unmöglich1: calls $0.06
thomasch21: folds 
cafurtado: calls $0.05
Belas59: calls $0.04
*** FLOP *** [Ks Jd 9h]
cafurtado: checks 
Belas59: checks 
Kupec Danila: checks 
unmöglich1: bets $0.12
cafurtado: folds 
Belas59: folds 
Kupec Danila: folds 
Uncalled bet ($0.12) returned to unmöglich1
unmöglich1 collected $0.23 from pot
unmöglich1: doesn't show hand 
*** SUMMARY ***
Total pot $0.24 | Rake $0.01 
Board [Ks Jd 9h]
Seat 1: unmöglich1 collected ($0.23)
Seat 2: thomasch21 (button) folded before Flop (didn't bet)
Seat 3: cafurtado (small blind) folded on the Flop
Seat 4: Belas59 (big blind) folded on the Flop
Seat 5: brigmano folded before Flop (didn't bet)
Seat 6: Kupec Danila folded on the Flop
Seat 7: Bawbag99 folded before Flop (didn't bet)
Seat 8: Ludesale folded before Flop (didn't bet)
Seat 9: Dorex2007 folded before Flop (didn't bet)



PokerStars Hand #225613776434:  Hold'em No Limit ($0.01/$0.02 USD) - 2021/04/07 17:50:08 PT [2021/04/07 20:50:08 ET]
Table 'Palisana' 9-max Seat #3 is the button
Seat 1: unmöglich1 ($4.18 in chips) 
Seat 2: thomasch21 ($1.67 in chips) 
Seat 3: cafurtado ($2.48 in chips) 
Seat 4: Belas59 ($0.94 in chips) 
Seat 5: brigmano ($2.08 in chips) 
Seat 6: Kupec Danila ($1.55 in chips) 
Seat 7: Bawbag99 ($0.41 in chips) 
Seat 8: Ludesale ($1.39 in chips) 
Seat 9: Dorex2007 ($1.43 in chips) 
Belas59: posts small blind $0.01
brigmano: posts big blind $0.02
*** HOLE CARDS ***
Dealt to Dorex2007 [7c 3h]
Kupec Danila: folds 
Bawbag99: folds 
Ludesale: raises $0.04 to $0.06
Dorex2007: folds 
unmöglich1: calls $0.06
thomasch21: folds 
cafurtado: calls $0.06
Belas59: folds 
brigmano: calls $0.04
*** FLOP *** [7h Th Js]
brigmano: checks 
Ludesale: bets $0.12
unmöglich1: raises $0.12 to $0.24
cafurtado: folds 
brigmano: calls $0.24
Ludesale: calls $0.12
*** TURN *** [7h Th Js] [6h]
brigmano: checks 
Ludesale: checks 
unmöglich1: bets $0.14
brigmano: calls $0.14
Ludesale: folds 
*** RIVER *** [7h Th Js 6h] [9d]
brigmano: bets $1.21
unmöglich1: raises $1.21 to $2.42
brigmano: calls $0.43 and is all-in
Uncalled bet ($0.78) returned to unmöglich1
*** SHOW DOWN ***
unmöglich1: shows [Jh 2h] (a flush, Jack high)
brigmano: shows [8d 5s] (a straight, Seven to Jack)
unmöglich1 collected $4.37 from pot
*** SUMMARY ***
Total pot $4.53 | Rake $0.16 
Board [7h Th Js 6h 9d]
Seat 1: unmöglich1 showed [Jh 2h] and won ($4.37) with a flush, Jack high
Seat 2: thomasch21 folded before Flop (didn't bet)
Seat 3: cafurtado (button) folded on the Flop
Seat 4: Belas59 (small blind) folded before Flop
Seat 5: brigmano (big blind) showed [8d 5s] and lost with a straight, Seven to Jack
Seat 6: Kupec Danila folded before Flop (didn't bet)
Seat 7: Bawbag99 folded before Flop (didn't bet)
Seat 8: Ludesale folded on the Turn
Seat 9: Dorex2007 folded before Flop (didn't bet)



PokerStars Hand #225613802055:  Hold'em No Limit ($0.01/$0.02 USD) - 2021/04/07 17:51:33 PT [2021/04/07 20:51:33 ET]
Table 'Palisana' 9-max Seat #4 is the button
Seat 1: unmöglich1 ($6.47 in chips) 
Seat 2: thomasch21 ($1.67 in chips) 
Seat 3: cafurtado ($2.42 in chips) 
Seat 4: Belas59 ($0.93 in chips) 
Seat 6: Kupec Danila ($1.55 in chips) 
Seat 7: Bawbag99 ($0.41 in chips) 
Seat 8: Ludesale ($1.09 in chips) 
Seat 9: Dorex2007 ($1.43 in chips) 
Kupec Danila: posts small blind $0.01
Bawbag99: posts big blind $0.02
*** HOLE CARDS ***
Dealt to Dorex2007 [5s 8s]
Ludesale: raises $0.04 to $0.06
Dorex2007: folds 
unmöglich1: calls $0.06
thomasch21: folds 
cafurtado: calls $0.06
Belas59: calls $0.06
Kupec Danila: folds 
Bawbag99: calls $0.04
*** FLOP *** [Jd Tc 2h]
Bawbag99: checks 
Ludesale: bets $0.10
unmöglich1: folds 
cafurtado: calls $0.10
Belas59: calls $0.10
Bawbag99: calls $0.10
*** TURN *** [Jd Tc 2h] [4c]
Bawbag99: checks 
Ludesale: bets $0.14
cafurtado: folds 
Belas59: folds 
Bawbag99: folds 
Uncalled bet ($0.14) returned to Ludesale
Ludesale collected $0.69 from pot
*** SUMMARY ***
Total pot $0.71 | Rake $0.02 
Board [Jd Tc 2h 4c]
Seat 1: unmöglich1 folded on the Flop
Seat 2: thomasch21 folded before Flop (didn't bet)
Seat 3: cafurtado folded on the Turn
Seat 4: Belas59 (button) folded on the Turn
Seat 6: Kupec Danila (small blind) folded before Flop
Seat 7: Bawbag99 (big blind) folded on the Turn
Seat 8: Ludesale collected ($0.69)
Seat 9: Dorex2007 folded before Flop (didn't bet)



PokerStars Hand #225613830787:  Hold'em No Limit ($0.01/$0.02 USD) - 2021/04/07 17:53:04 PT [2021/04/07 20:53:04 ET]
Table 'Palisana' 9-max Seat #6 is the button
Seat 1: unmöglich1 ($6.41 in chips) 
Seat 2: thomasch21 ($1.67 in chips) 
Seat 3: cafurtado ($2.26 in chips) 
Seat 4: Belas59 ($0.77 in chips) 
Seat 5: brigmano ($2 in chips) 
Seat 6: Kupec Danila ($1.54 in chips) 
Seat 7: Bawbag99 ($0.25 in chips) 
Seat 8: Ludesale ($1.62 in chips) 
Seat 9: Dorex2007 ($1.43 in chips) 
Bawbag99: posts small blind $0.01
Ludesale: posts big blind $0.02
brigmano: posts small blind $0.01
*** HOLE CARDS ***
Dealt to Dorex2007 [8s 6d]
Dorex2007: folds 
unmöglich1: raises $0.18 to $0.20
thomasch21: folds 
cafurtado: folds 
Belas59: folds 
brigmano: calls $0.20
Kupec Danila: folds 
cafurtado leaves the table
Bawbag99: raises $0.05 to $0.25 and is all-in
Ludesale: folds 
unmöglich1: calls $0.05
sued sampaio joins the table at seat #3 
brigmano: calls $0.05
*** FLOP *** [2c 6s As]
unmöglich1: checks 
brigmano: checks 
*** TURN *** [2c 6s As] [4s]
unmöglich1: checks 
brigmano: checks 
*** RIVER *** [2c 6s As 4s] [5s]
unmöglich1: bets $0.20
brigmano: folds 
Uncalled bet ($0.20) returned to unmöglich1
*** SHOW DOWN ***
unmöglich1: shows [5h 5d] (three of a kind, Fives)
Bawbag99: shows [3d Kd] (a straight, Deuce to Six)
Bawbag99 collected $0.75 from pot
*** SUMMARY ***
Total pot $0.78 | Rake $0.03 
Board [2c 6s As 4s 5s]
Seat 1: unmöglich1 showed [5h 5d] and lost with three of a kind, Fives
Seat 2: thomasch21 folded before Flop (didn't bet)
Seat 3: cafurtado folded before Flop (didn't bet)
Seat 4: Belas59 folded before Flop (didn't bet)
Seat 5: brigmano folded on the River
Seat 6: Kupec Danila (button) folded before Flop (didn't bet)
Seat 7: Bawbag99 (small blind) showed [3d Kd] and won ($0.75) with a straight, Deuce to Six
Seat 8: Ludesale (big blind) folded before Flop
Seat 9: Dorex2007 folded before Flop (didn't bet)



PokerStars Hand #225613856236:  Hold'em No Limit ($0.01/$0.02 USD) - 2021/04/07 17:54:29 PT [2021/04/07 20:54:29 ET]
Table 'Palisana' 9-max Seat #7 is the button
Seat 1: unmöglich1 ($6.16 in chips) 
Seat 2: thomasch21 ($1.67 in chips) 
Seat 3: sued sampaio ($1 in chips) 
Seat 4: Belas59 ($0.77 in chips) 
Seat 5: brigmano ($1.74 in chips) 
Seat 6: Kupec Danila ($1.54 in chips) 
Seat 7: Bawbag99 ($0.75 in chips) 
Seat 8: Ludesale ($1.60 in chips) 
Seat 9: Dorex2007 ($1.43 in chips) 
Ludesale: posts small blind $0.01
Dorex2007: posts big blind $0.02
sued sampaio: posts big blind $0.02
*** HOLE CARDS ***
Dealt to Dorex2007 [6c Ks]
unmöglich1: calls $0.02
thomasch21: folds 
sued sampaio: checks 
Belas59: folds 
brigmano: folds 
Kupec Danila: folds 
Bawbag99: calls $0.02
Ludesale: calls $0.01
Dorex2007: checks 
*** FLOP *** [8s 7c 4s]
Ludesale: checks 
Dorex2007: checks 
unmöglich1: bets $0.05
sued sampaio: calls $0.05
Bawbag99: raises $0.05 to $0.10
Ludesale: folds 
Dorex2007: folds 
unmöglich1: raises $0.05 to $0.15
sued sampaio: calls $0.10
Bawbag99: calls $0.05
*** TURN *** [8s 7c 4s] [Qc]
unmöglich1: checks 
sued sampaio: checks 
Bawbag99: bets $0.02
unmöglich1: calls $0.02
sued sampaio: calls $0.02
*** RIVER *** [8s 7c 4s Qc] [Qd]
unmöglich1: checks 
sued sampaio: bets $0.81 and is all-in
Bawbag99: calls $0.56 and is all-in
unmöglich1: calls $0.81
*** SHOW DOWN ***
sued sampaio: shows [Ah 8c] (two pair, Queens and Eights)
unmöglich1: shows [7s 6d] (two pair, Queens and Sevens)
sued sampaio collected $0.48 from side pot
Bawbag99: shows [8d 3d] (two pair, Queens and Eights - lower kicker)
sued sampaio collected $2.21 from main pot
*** SUMMARY ***
Total pot $2.79 Main pot $2.21. Side pot $0.48. | Rake $0.10 
Board [8s 7c 4s Qc Qd]
Seat 1: unmöglich1 showed [7s 6d] and lost with two pair, Queens and Sevens
Seat 2: thomasch21 folded before Flop (didn't bet)
Seat 3: sued sampaio showed [Ah 8c] and won ($2.69) with two pair, Queens and Eights
Seat 4: Belas59 folded before Flop (didn't bet)
Seat 5: brigmano folded before Flop (didn't bet)
Seat 6: Kupec Danila folded before Flop (didn't bet)
Seat 7: Bawbag99 (button) showed [8d 3d] and lost with two pair, Queens and Eights
Seat 8: Ludesale (small blind) folded on the Flop
Seat 9: Dorex2007 (big blind) folded on the Flop



PokerStars Hand #225613885766:  Hold'em No Limit ($0.01/$0.02 USD) - 2021/04/07 17:56:13 PT [2021/04/07 20:56:13 ET]
Table 'Palisana' 9-max Seat #8 is the button
Seat 1: unmöglich1 ($5.16 in chips) 
Seat 2: thomasch21 ($1.67 in chips) 
Seat 3: sued sampaio ($2.69 in chips) 
Seat 4: Belas59 ($0.77 in chips) 
Seat 5: brigmano ($1.74 in chips) 
Seat 6: Kupec Danila ($1.54 in chips) 
Seat 8: Ludesale ($1.58 in chips) 
Seat 9: Dorex2007 ($1.41 in chips) 
Dorex2007: posts small blind $0.01
unmöglich1: posts big blind $0.02
*** HOLE CARDS ***
Dealt to Dorex2007 [3c Kh]
thomasch21: folds 
sued sampaio: folds 
Bawbag99 leaves the table
Belas59: calls $0.02
brigmano: folds 
Kupec Danila: folds 
LeoVan384 joins the table at seat #7 
Ludesale: calls $0.02
Dorex2007: calls $0.01
unmöglich1: checks 
*** FLOP *** [8d 6d Js]
Dorex2007: checks 
unmöglich1: bets $0.02
Belas59: raises $0.04 to $0.06
Ludesale: folds 
Dorex2007: folds 
unmöglich1: calls $0.04
*** TURN *** [8d 6d Js] [Qd]
unmöglich1: bets $5.08 and is all-in
Belas59: folds 
Uncalled bet ($5.08) returned to unmöglich1
unmöglich1 collected $0.19 from pot
unmöglich1: doesn't show hand 
*** SUMMARY ***
Total pot $0.20 | Rake $0.01 
Board [8d 6d Js Qd]
Seat 1: unmöglich1 (big blind) collected ($0.19)
Seat 2: thomasch21 folded before Flop (didn't bet)
Seat 3: sued sampaio folded before Flop (didn't bet)
Seat 4: Belas59 folded on the Turn
Seat 5: brigmano folded before Flop (didn't bet)
Seat 6: Kupec Danila folded before Flop (didn't bet)
Seat 8: Ludesale (button) folded on the Flop
Seat 9: Dorex2007 (small blind) folded on the Flop



PokerStars Hand #225613897655:  Hold'em No Limit ($0.01/$0.02 USD) - 2021/04/07 17:57:02 PT [2021/04/07 20:57:02 ET]
Table 'Palisana' 9-max Seat #9 is the button
Seat 1: unmöglich1 ($5.27 in chips) 
Seat 2: thomasch21 ($1.67 in chips) 
Seat 3: sued sampaio ($2.69 in chips) 
Seat 4: Belas59 ($0.69 in chips) 
Seat 5: brigmano ($1.74 in chips) 
Seat 6: Kupec Danila ($1.54 in chips) 
Seat 8: Ludesale ($1.56 in chips) 
Seat 9: Dorex2007 ($1.39 in chips) 
unmöglich1: posts small blind $0.01
thomasch21: posts big blind $0.02
LeoVan384: sits out 
*** HOLE CARDS ***
Dealt to Dorex2007 [3c 8s]
sued sampaio: folds 
Belas59: calls $0.02
brigmano: calls $0.02
Kupec Danila: folds 
Ludesale: calls $0.02
Dorex2007: folds 
unmöglich1: calls $0.01
thomasch21: checks 
*** FLOP *** [Td 5c 7s]
unmöglich1: bets $0.06
thomasch21: folds 
Belas59: folds 
brigmano: calls $0.06
Ludesale: folds 
*** TURN *** [Td 5c 7s] [Kd]
unmöglich1: checks 
sued sampaio leaves the table
brigmano: bets $0.21
unmöglich1: folds 
Uncalled bet ($0.21) returned to brigmano
brigmano collected $0.21 from pot
*** SUMMARY ***
Total pot $0.22 | Rake $0.01 
Board [Td 5c 7s Kd]
Seat 1: unmöglich1 (small blind) folded on the Turn
Seat 2: thomasch21 (big blind) folded on the Flop
Seat 3: sued sampaio folded before Flop (didn't bet)
Seat 4: Belas59 folded on the Flop
Seat 5: brigmano collected ($0.21)
Seat 6: Kupec Danila folded before Flop (didn't bet)
Seat 8: Ludesale folded on the Flop
Seat 9: Dorex2007 (button) folded before Flop (didn't bet)



PokerStars Hand #225613920036:  Hold'em No Limit ($0.01/$0.02 USD) - 2021/04/07 17:58:34 PT [2021/04/07 20:58:34 ET]
Table 'Palisana' 9-max Seat #1 is the button
Seat 1: unmöglich1 ($5.19 in chips) 
Seat 2: thomasch21 ($1.65 in chips) 
Seat 4: Belas59 ($0.67 in chips) 
Seat 5: brigmano ($1.87 in chips) 
Seat 6: Kupec Danila ($1.54 in chips) 
Seat 8: Ludesale ($1.54 in chips) 
Seat 9: Dorex2007 ($1.39 in chips) 
thomasch21: posts small blind $0.01
Belas59: posts big blind $0.02
LeoVan384: sits out 
*** HOLE CARDS ***
Dealt to Dorex2007 [4h 8c]
brigmano: folds 
Kupec Danila: raises $0.04 to $0.06
Ludesale: folds 
Dorex2007: folds 
unmöglich1: calls $0.06
thomasch21: folds 
Belas59: folds 
*** FLOP *** [9h Kh Qc]
POLLO ISRA75 joins the table at seat #3 
Kupec Danila: checks 
unmöglich1: checks 
*** TURN *** [9h Kh Qc] [6c]
Kupec Danila: bets $0.05
unmöglich1: calls $0.05
*** RIVER *** [9h Kh Qc 6c] [Ad]
Kupec Danila: checks 
unmöglich1: checks 
*** SHOW DOWN ***
Kupec Danila: shows [3c 5c] (high card Ace)
unmöglich1: shows [9s 8s] (a pair of Nines)
unmöglich1 collected $0.24 from pot
*** SUMMARY ***
Total pot $0.25 | Rake $0.01 
Board [9h Kh Qc 6c Ad]
Seat 1: unmöglich1 (button) showed [9s 8s] and won ($0.24) with a pair of Nines
Seat 2: thomasch21 (small blind) folded before Flop
Seat 4: Belas59 (big blind) folded before Flop
Seat 5: brigmano folded before Flop (didn't bet)
Seat 6: Kupec Danila showed [3c 5c] and lost with high card Ace
Seat 8: Ludesale folded before Flop (didn't bet)
Seat 9: Dorex2007 folded before Flop (didn't bet)



PokerStars Hand #225613932966:  Hold'em No Limit ($0.01/$0.02 USD) - 2021/04/07 17:59:28 PT [2021/04/07 20:59:28 ET]
Table 'Palisana' 9-max Seat #2 is the button
Seat 1: unmöglich1 ($5.32 in chips) 
Seat 2: thomasch21 ($1.64 in chips) 
Seat 4: Belas59 ($0.80 in chips) 
Seat 5: brigmano ($1.87 in chips) 
Seat 6: Kupec Danila ($1.43 in chips) 
Seat 8: Ludesale ($1.54 in chips) 
Seat 9: Dorex2007 ($1.39 in chips) 
Belas59: posts small blind $0.01
brigmano: posts big blind $0.02
LeoVan384: sits out 
*** HOLE CARDS ***
Dealt to Dorex2007 [9c 7s]
Kupec Danila: folds 
Ludesale: folds 
Dorex2007: folds 
unmöglich1: calls $0.02
thomasch21: raises $0.06 to $0.08
Belas59: folds 
brigmano: calls $0.06
unmöglich1: calls $0.06
*** FLOP *** [Th 3d Ac]
brigmano: checks 
unmöglich1: checks 
thomasch21: bets $0.16
brigmano: folds 
unmöglich1: folds 
Uncalled bet ($0.16) returned to thomasch21
thomasch21 collected $0.24 from pot
thomasch21: doesn't show hand 
*** SUMMARY ***
Total pot $0.25 | Rake $0.01 
Board [Th 3d Ac]
Seat 1: unmöglich1 folded on the Flop
Seat 2: thomasch21 (button) collected ($0.24)
Seat 4: Belas59 (small blind) folded before Flop
Seat 5: brigmano (big blind) folded on the Flop
Seat 6: Kupec Danila folded before Flop (didn't bet)
Seat 8: Ludesale folded before Flop (didn't bet)
Seat 9: Dorex2007 folded before Flop (didn't bet)



PokerStars Hand #225613953442:  Hold'em No Limit ($0.01/$0.02 USD) - 2021/04/07 18:00:25 PT [2021/04/07 21:00:25 ET]
Table 'Palisana' 9-max Seat #4 is the button
Seat 1: unmöglich1 ($5.24 in chips) 
Seat 2: thomasch21 ($1.80 in chips) 
Seat 4: Belas59 ($0.79 in chips) 
Seat 5: brigmano ($1.79 in chips) 
Seat 7: LeoVan384 ($2 in chips) 
Seat 8: Ludesale ($1.54 in chips) 
Seat 9: Dorex2007 ($1.39 in chips) 
brigmano: posts small blind $0.01
Kupec Danila: is sitting out 
LeoVan384: posts big blind $0.02
POLLO ISRA75 has timed out
POLLO ISRA75: is sitting out 
*** HOLE CARDS ***
Dealt to Dorex2007 [2c 8h]
Ludesale: folds 
Dorex2007: folds 
unmöglich1: calls $0.02
thomasch21: raises $0.07 to $0.09
Belas59: folds 
brigmano: folds 
LeoVan384: folds 
POLLO ISRA75 is disconnected 
unmöglich1: calls $0.07
*** FLOP *** [Ah Ts 5c]
unmöglich1: checks 
thomasch21: bets $0.10
unmöglich1: folds 
Uncalled bet ($0.10) returned to thomasch21
thomasch21 collected $0.20 from pot
thomasch21: doesn't show hand 
*** SUMMARY ***
Total pot $0.21 | Rake $0.01 
Board [Ah Ts 5c]
Seat 1: unmöglich1 folded on the Flop
Seat 2: thomasch21 collected ($0.20)
Seat 4: Belas59 (button) folded before Flop (didn't bet)
Seat 5: brigmano (small blind) folded before Flop
Seat 7: LeoVan384 (big blind) folded before Flop
Seat 8: Ludesale folded before Flop (didn't bet)
Seat 9: Dorex2007 folded before Flop (didn't bet)



PokerStars Hand #225613976282:  Hold'em No Limit ($0.01/$0.02 USD) - 2021/04/07 18:01:47 PT [2021/04/07 21:01:47 ET]
Table 'Palisana' 9-max Seat #5 is the button
Seat 1: unmöglich1 ($5.15 in chips) 
Seat 2: thomasch21 ($1.91 in chips) 
Seat 4: Belas59 ($0.79 in chips) 
Seat 5: brigmano ($1.78 in chips) 
Seat 7: LeoVan384 ($1.98 in chips) 
Seat 8: Ludesale ($1.54 in chips) 
Seat 9: Dorex2007 ($1.39 in chips) 
LeoVan384: posts small blind $0.01
Ludesale: posts big blind $0.02
*** HOLE CARDS ***
Dealt to Dorex2007 [5d 4c]
Dorex2007: folds 
unmöglich1: calls $0.02
thomasch21: folds 
Belas59: calls $0.02
brigmano: calls $0.02
LeoVan384: folds 
Ludesale: checks 
*** FLOP *** [Kc Jd 3h]
Ludesale: checks 
unmöglich1: checks 
Belas59: bets $0.04
brigmano: folds 
Kupec Danila leaves the table
Ludesale: calls $0.04
unmöglich1: folds 
*** TURN *** [Kc Jd 3h] [9c]
Ludesale: checks 
Belas59: bets $0.08
Ludesale: calls $0.08
*** RIVER *** [Kc Jd 3h 9c] [Ad]
Ludesale: checks 
Belas59: checks 
*** SHOW DOWN ***
Ludesale: shows [Ac Kh] (two pair, Aces and Kings)
Belas59: mucks hand 
Ludesale collected $0.32 from pot
*** SUMMARY ***
Total pot $0.33 | Rake $0.01 
Board [Kc Jd 3h 9c Ad]
Seat 1: unmöglich1 folded on the Flop
Seat 2: thomasch21 folded before Flop (didn't bet)
Seat 4: Belas59 mucked [Kd 2d]
Seat 5: brigmano (button) folded on the Flop
Seat 7: LeoVan384 (small blind) folded before Flop
Seat 8: Ludesale (big blind) showed [Ac Kh] and won ($0.32) with two pair, Aces and Kings
Seat 9: Dorex2007 folded before Flop (didn't bet)



PokerStars Hand #225614009483:  Hold'em No Limit ($0.01/$0.02 USD) - 2021/04/07 18:03:11 PT [2021/04/07 21:03:11 ET]
Table 'Palisana' 9-max Seat #7 is the button
Seat 1: unmöglich1 ($5.13 in chips) 
Seat 2: thomasch21 ($1.91 in chips) 
Seat 3: POLLO ISRA75 ($2 in chips) 
Seat 4: Belas59 ($0.65 in chips) 
Seat 5: brigmano ($1.76 in chips) 
Seat 7: LeoVan384 ($1.97 in chips) 
Seat 8: Ludesale ($1.72 in chips) 
Seat 9: Dorex2007 ($1.39 in chips) 
Ludesale: posts small blind $0.01
Dorex2007: posts big blind $0.02
POLLO ISRA75: posts big blind $0.02
*** HOLE CARDS ***
Dealt to Dorex2007 [3c Ah]
unmöglich1: calls $0.02
thomasch21: folds 
POLLO ISRA75: checks 
Belas59: folds 
brigmano: folds 
LeoVan384: calls $0.02
Ludesale: calls $0.01
Dorex2007: checks 
*** FLOP *** [Tc 3s 2d]
Ludesale: checks 
Dorex2007: checks 
unmöglich1: checks 
rflxDpoker joins the table at seat #6 
POLLO ISRA75: checks 
LeoVan384: checks 
*** TURN *** [Tc 3s 2d] [6h]
Ludesale: bets $0.05
Dorex2007: folds 
unmöglich1: calls $0.05
POLLO ISRA75 is disconnected 
POLLO ISRA75 has timed out while disconnected
POLLO ISRA75: folds 
LeoVan384: folds 
*** RIVER *** [Tc 3s 2d 6h] [8s]
Ludesale: bets $0.10
unmöglich1: calls $0.10
*** SHOW DOWN ***
Ludesale: shows [6c 2s] (two pair, Sixes and Deuces)
unmöglich1: mucks hand 
Ludesale collected $0.39 from pot
*** SUMMARY ***
Total pot $0.40 | Rake $0.01 
Board [Tc 3s 2d 6h 8s]
Seat 1: unmöglich1 mucked [Td 9d]
Seat 2: thomasch21 folded before Flop (didn't bet)
Seat 3: POLLO ISRA75 folded on the Turn (didn't bet)
Seat 4: Belas59 folded before Flop (didn't bet)
Seat 5: brigmano folded before Flop (didn't bet)
Seat 7: LeoVan384 (button) folded on the Turn
Seat 8: Ludesale (small blind) showed [6c 2s] and won ($0.39) with two pair, Sixes and Deuces
Seat 9: Dorex2007 (big blind) folded on the Turn



PokerStars Hand #225614045428:  Hold'em No Limit ($0.01/$0.02 USD) - 2021/04/07 18:05:13 PT [2021/04/07 21:05:13 ET]
Table 'Palisana' 9-max Seat #8 is the button
Seat 1: unmöglich1 ($4.96 in chips) 
Seat 2: thomasch21 ($1.91 in chips) 
Seat 4: Belas59 ($0.65 in chips) 
Seat 5: brigmano ($1.76 in chips) 
Seat 6: rflxDpoker ($2 in chips) 
Seat 7: LeoVan384 ($1.95 in chips) 
Seat 8: Ludesale ($1.94 in chips) 
Seat 9: Dorex2007 ($1.37 in chips) 
Dorex2007: posts small blind $0.01
unmöglich1: posts big blind $0.02
rflxDpoker: posts big blind $0.02
*** HOLE CARDS ***
Dealt to Dorex2007 [9s Jc]
thomasch21: folds 
Belas59: folds 
brigmano: folds 
rflxDpoker: checks 
LeoVan384: folds 
Ludesale: calls $0.02
Dorex2007: calls $0.01
unmöglich1: checks 
*** FLOP *** [2c Ad 6s]
Dorex2007: checks 
unmöglich1: checks 
rflxDpoker: checks 
Ludesale: checks 
*** TURN *** [2c Ad 6s] [6c]
Dorex2007: checks 
unmöglich1: bets $0.02
rflxDpoker: folds 
Ludesale: calls $0.02
Dorex2007: folds 
*** RIVER *** [2c Ad 6s 6c] [Qh]
unmöglich1: bets $0.12
POLLO ISRA75 is disconnected 
Ludesale: raises $0.12 to $0.24
unmöglich1: folds 
Uncalled bet ($0.12) returned to Ludesale
Ludesale collected $0.35 from pot
*** SUMMARY ***
Total pot $0.36 | Rake $0.01 
Board [2c Ad 6s 6c Qh]
Seat 1: unmöglich1 (big blind) folded on the River
Seat 2: thomasch21 folded before Flop (didn't bet)
Seat 4: Belas59 folded before Flop (didn't bet)
Seat 5: brigmano folded before Flop (didn't bet)
Seat 6: rflxDpoker folded on the Turn (didn't bet)
Seat 7: LeoVan384 folded before Flop (didn't bet)
Seat 8: Ludesale (button) collected ($0.35)
Seat 9: Dorex2007 (small blind) folded on the Turn



PokerStars Hand #225614064523:  Hold'em No Limit ($0.01/$0.02 USD) - 2021/04/07 18:06:17 PT [2021/04/07 21:06:17 ET]
Table 'Palisana' 9-max Seat #9 is the button
Seat 1: unmöglich1 ($4.80 in chips) 
Seat 2: thomasch21 ($1.91 in chips) 
Seat 4: Belas59 ($0.80 in chips) 
Seat 5: brigmano ($1.76 in chips) 
Seat 6: rflxDpoker ($1.98 in chips) 
Seat 7: LeoVan384 ($1.95 in chips) 
Seat 8: Ludesale ($2.13 in chips) 
Seat 9: Dorex2007 ($1.35 in chips) 
unmöglich1: posts small blind $0.01
thomasch21: posts big blind $0.02
*** HOLE CARDS ***
Dealt to Dorex2007 [6c 7s]
Belas59: folds 
brigmano: folds 
rflxDpoker: folds 
LeoVan384: folds 
Ludesale: calls $0.02
Dorex2007: folds 
unmöglich1: raises $0.04 to $0.06
thomasch21: folds 
Ludesale: calls $0.04
*** FLOP *** [Kh As 7d]
unmöglich1: checks 
Ludesale: checks 
*** TURN *** [Kh As 7d] [8h]
unmöglich1: checks 
Ludesale: bets $0.07
unmöglich1: calls $0.07
*** RIVER *** [Kh As 7d 8h] [8c]
unmöglich1: checks 
Ludesale: bets $0.14
unmöglich1: calls $0.14
*** SHOW DOWN ***
Ludesale: shows [8d Ad] (a full house, Eights full of Aces)
unmöglich1: mucks hand 
Ludesale collected $0.54 from pot
*** SUMMARY ***
Total pot $0.56 | Rake $0.02 
Board [Kh As 7d 8h 8c]
Seat 1: unmöglich1 (small blind) mucked [9h 5h]
Seat 2: thomasch21 (big blind) folded before Flop
Seat 4: Belas59 folded before Flop (didn't bet)
Seat 5: brigmano folded before Flop (didn't bet)
Seat 6: rflxDpoker folded before Flop (didn't bet)
Seat 7: LeoVan384 folded before Flop (didn't bet)
Seat 8: Ludesale showed [8d Ad] and won ($0.54) with a full house, Eights full of Aces
Seat 9: Dorex2007 (button) folded before Flop (didn't bet)



PokerStars Hand #225614084736:  Hold'em No Limit ($0.01/$0.02 USD) - 2021/04/07 18:07:25 PT [2021/04/07 21:07:25 ET]
Table 'Palisana' 9-max Seat #1 is the button
Seat 1: unmöglich1 ($4.53 in chips) 
Seat 2: thomasch21 ($1.89 in chips) 
Seat 4: Belas59 ($0.80 in chips) 
Seat 5: brigmano ($1.76 in chips) 
Seat 6: rflxDpoker ($1.98 in chips) 
Seat 7: LeoVan384 ($1.95 in chips) 
Seat 8: Ludesale ($2.40 in chips) 
Seat 9: Dorex2007 ($1.35 in chips) 
thomasch21: posts small blind $0.01
Belas59: posts big blind $0.02
*** HOLE CARDS ***
Dealt to Dorex2007 [9h 6c]
brigmano: folds 
rflxDpoker: folds 
LeoVan384: folds 
Ludesale: folds 
Dorex2007: folds 
unmöglich1: calls $0.02
thomasch21: calls $0.01
Belas59: checks 
*** FLOP *** [8h 8d Ts]
thomasch21: checks 
Belas59: checks 
unmöglich1: checks 
*** TURN *** [8h 8d Ts] [3d]
thomasch21: bets $0.02
Belas59: calls $0.02
unmöglich1: calls $0.02
*** RIVER *** [8h 8d Ts 3d] [4d]
thomasch21: checks 
Belas59: checks 
unmöglich1: checks 
*** SHOW DOWN ***
thomasch21: shows [3s As] (two pair, Eights and Threes)
Belas59: mucks hand 
unmöglich1: mucks hand 
thomasch21 collected $0.12 from pot
*** SUMMARY ***
Total pot $0.12 | Rake $0 
Board [8h 8d Ts 3d 4d]
Seat 1: unmöglich1 (button) mucked [9d 6h]
Seat 2: thomasch21 (small blind) showed [3s As] and won ($0.12) with two pair, Eights and Threes
Seat 4: Belas59 (big blind) mucked [Kc Qc]
Seat 5: brigmano folded before Flop (didn't bet)
Seat 6: rflxDpoker folded before Flop (didn't bet)
Seat 7: LeoVan384 folded before Flop (didn't bet)
Seat 8: Ludesale folded before Flop (didn't bet)
Seat 9: Dorex2007 folded before Flop (didn't bet)



PokerStars Hand #225614105232:  Hold'em No Limit ($0.01/$0.02 USD) - 2021/04/07 18:08:34 PT [2021/04/07 21:08:34 ET]
Table 'Palisana' 9-max Seat #2 is the button
Seat 1: unmöglich1 ($4.49 in chips) 
Seat 2: thomasch21 ($1.97 in chips) 
Seat 4: Belas59 ($0.76 in chips) 
Seat 5: brigmano ($1.76 in chips) 
Seat 6: rflxDpoker ($1.98 in chips) 
Seat 7: LeoVan384 ($1.95 in chips) 
Seat 8: Ludesale ($2.40 in chips) 
Seat 9: Dorex2007 ($1.35 in chips) 
Belas59: posts small blind $0.01
brigmano: posts big blind $0.02
*** HOLE CARDS ***
Dealt to Dorex2007 [9s 2s]
rflxDpoker: folds 
LeoVan384: folds 
Ludesale: folds 
Dorex2007: folds 
unmöglich1: raises $0.08 to $0.10
thomasch21: folds 
Belas59: folds 
brigmano: calls $0.08
*** FLOP *** [As 2h Jh]
brigmano: bets $0.02
unmöglich1: raises $0.10 to $0.12
brigmano: calls $0.10
*** TURN *** [As 2h Jh] [Ts]
brigmano: checks 
unmöglich1: bets $0.20
brigmano: calls $0.20
*** RIVER *** [As 2h Jh Ts] [2d]
brigmano: checks 
unmöglich1: bets $0.41
brigmano: calls $0.41
*** SHOW DOWN ***
unmöglich1: shows [4s Js] (two pair, Jacks and Deuces)
brigmano: mucks hand 
unmöglich1 collected $1.61 from pot
*** SUMMARY ***
Total pot $1.67 | Rake $0.06 
Board [As 2h Jh Ts 2d]
Seat 1: unmöglich1 showed [4s Js] and won ($1.61) with two pair, Jacks and Deuces
Seat 2: thomasch21 (button) folded before Flop (didn't bet)
Seat 4: Belas59 (small blind) folded before Flop
Seat 5: brigmano (big blind) mucked [5d 5h]
Seat 6: rflxDpoker folded before Flop (didn't bet)
Seat 7: LeoVan384 folded before Flop (didn't bet)
Seat 8: Ludesale folded before Flop (didn't bet)
Seat 9: Dorex2007 folded before Flop (didn't bet)



PokerStars Hand #225614131117:  Hold'em No Limit ($0.01/$0.02 USD) - 2021/04/07 18:10:01 PT [2021/04/07 21:10:01 ET]
Table 'Palisana' 9-max Seat #4 is the button
Seat 1: unmöglich1 ($5.27 in chips) 
Seat 2: thomasch21 ($1.97 in chips) 
Seat 3: POLLO ISRA75 ($1.98 in chips) 
Seat 4: Belas59 ($0.75 in chips) 
Seat 5: brigmano ($0.93 in chips) 
Seat 6: rflxDpoker ($1.98 in chips) 
Seat 7: LeoVan384 ($1.95 in chips) 
Seat 8: Ludesale ($2.40 in chips) 
Seat 9: Dorex2007 ($1.35 in chips) 
brigmano: posts small blind $0.01
rflxDpoker: posts big blind $0.02
POLLO ISRA75: posts small & big blinds $0.03
*** HOLE CARDS ***
Dealt to Dorex2007 [3s 2h]
LeoVan384: folds 
Ludesale: calls $0.02
Dorex2007: folds 
unmöglich1: calls $0.02
thomasch21: folds 
POLLO ISRA75 is disconnected 
POLLO ISRA75 has timed out while being disconnected
POLLO ISRA75: checks 
Belas59: raises $0.12 to $0.14
brigmano: folds 
rflxDpoker: folds 
Ludesale: folds 
unmöglich1: folds 
POLLO ISRA75 has timed out while disconnected
POLLO ISRA75: folds 
Uncalled bet ($0.12) returned to Belas59
Belas59 collected $0.12 from pot
Belas59: doesn't show hand 
*** SUMMARY ***
Total pot $0.12 | Rake $0 
Seat 1: unmöglich1 folded before Flop
Seat 2: thomasch21 folded before Flop (didn't bet)
Seat 3: POLLO ISRA75 folded before Flop (didn't bet)
Seat 4: Belas59 (button) collected ($0.12)
Seat 5: brigmano (small blind) folded before Flop
Seat 6: rflxDpoker (big blind) folded before Flop
Seat 7: LeoVan384 folded before Flop (didn't bet)
Seat 8: Ludesale folded before Flop
Seat 9: Dorex2007 folded before Flop (didn't bet)



PokerStars Hand #225614173998:  Hold'em No Limit ($0.01/$0.02 USD) - 2021/04/07 18:12:00 PT [2021/04/07 21:12:00 ET]
Table 'Palisana' 9-max Seat #5 is the button
Seat 1: unmöglich1 ($5.25 in chips) 
Seat 2: thomasch21 ($1.97 in chips) 
Seat 4: Belas59 ($0.85 in chips) 
Seat 5: brigmano ($0.92 in chips) 
Seat 6: rflxDpoker ($1.96 in chips) 
Seat 7: LeoVan384 ($1.95 in chips) 
Seat 8: Ludesale ($2.38 in chips) 
Seat 9: Dorex2007 ($1.35 in chips) 
rflxDpoker: posts small blind $0.01
LeoVan384: posts big blind $0.02
*** HOLE CARDS ***
Dealt to Dorex2007 [Kh 3h]
Ludesale: folds 
Dorex2007: folds 
unmöglich1: raises $0.08 to $0.10
thomasch21: folds 
Belas59: calls $0.10
brigmano: folds 
rflxDpoker: folds 
LeoVan384: folds 
*** FLOP *** [Kc 5s Jc]
unmöglich1: checks 
Belas59: bets $0.11
unmöglich1: folds 
Uncalled bet ($0.11) returned to Belas59
Belas59 collected $0.22 from pot
Belas59: doesn't show hand 
*** SUMMARY ***
Total pot $0.23 | Rake $0.01 
Board [Kc 5s Jc]
Seat 1: unmöglich1 folded on the Flop
Seat 2: thomasch21 folded before Flop (didn't bet)
Seat 4: Belas59 collected ($0.22)
Seat 5: brigmano (button) folded before Flop (didn't bet)
Seat 6: rflxDpoker (small blind) folded before Flop
Seat 7: LeoVan384 (big blind) folded before Flop
Seat 8: Ludesale folded before Flop (didn't bet)
Seat 9: Dorex2007 folded before Flop (didn't bet)



PokerStars Hand #225614186852:  Hold'em No Limit ($0.01/$0.02 USD) - 2021/04/07 18:12:44 PT [2021/04/07 21:12:44 ET]
Table 'Palisana' 9-max Seat #6 is the button
Seat 1: unmöglich1 ($5.15 in chips) 
Seat 2: thomasch21 ($1.97 in chips) 
Seat 4: Belas59 ($0.97 in chips) 
Seat 5: brigmano ($0.92 in chips) 
Seat 6: rflxDpoker ($1.95 in chips) 
Seat 7: LeoVan384 ($1.93 in chips) 
Seat 8: Ludesale ($2.38 in chips) 
Seat 9: Dorex2007 ($1.35 in chips) 
LeoVan384: posts small blind $0.01
Ludesale: posts big blind $0.02
*** HOLE CARDS ***
Dealt to Dorex2007 [9h 4h]
Dorex2007: folds 
unmöglich1: calls $0.02
thomasch21: folds 
Belas59: calls $0.02
brigmano: folds 
rflxDpoker: raises $0.10 to $0.12
LeoVan384: folds 
Ludesale: folds 
POLLO ISRA75 is disconnected 
unmöglich1: folds 
Belas59: folds 
Uncalled bet ($0.10) returned to rflxDpoker
rflxDpoker collected $0.09 from pot
*** SUMMARY ***
Total pot $0.09 | Rake $0 
Seat 1: unmöglich1 folded before Flop
Seat 2: thomasch21 folded before Flop (didn't bet)
Seat 4: Belas59 folded before Flop
Seat 5: brigmano folded before Flop (didn't bet)
Seat 6: rflxDpoker (button) collected ($0.09)
Seat 7: LeoVan384 (small blind) folded before Flop
Seat 8: Ludesale (big blind) folded before Flop
Seat 9: Dorex2007 folded before Flop (didn't bet)



PokerStars Hand #225614200743:  Hold'em No Limit ($0.01/$0.02 USD) - 2021/04/07 18:13:31 PT [2021/04/07 21:13:31 ET]
Table 'Palisana' 9-max Seat #7 is the button
Seat 1: unmöglich1 ($5.13 in chips) 
Seat 2: thomasch21 ($1.97 in chips) 
Seat 4: Belas59 ($0.95 in chips) 
Seat 5: brigmano ($0.92 in chips) 
Seat 6: rflxDpoker ($2.02 in chips) 
Seat 7: LeoVan384 ($1.92 in chips) 
Seat 8: Ludesale ($2.36 in chips) 
Seat 9: Dorex2007 ($1.35 in chips) 
Ludesale: posts small blind $0.01
Dorex2007: posts big blind $0.02
*** HOLE CARDS ***
Dealt to Dorex2007 [Ah Th]
unmöglich1 has timed out
unmöglich1: folds 
thomasch21: folds 
Belas59: folds 
brigmano: calls $0.02
rflxDpoker: folds 
LeoVan384: folds 
Ludesale: calls $0.01
Dorex2007: raises $0.04 to $0.06
brigmano: calls $0.04
Ludesale: calls $0.04
*** FLOP *** [Qc 5d 3h]
Ludesale: checks 
Dorex2007: bets $0.11
brigmano: calls $0.11
Ludesale: folds 
*** TURN *** [Qc 5d 3h] [7h]
Dorex2007: bets $0.26
brigmano: calls $0.26
*** RIVER *** [Qc 5d 3h 7h] [Kd]
Dorex2007: bets $0.89
brigmano: folds 
Uncalled bet ($0.89) returned to Dorex2007
Dorex2007 collected $0.89 from pot
Dorex2007: doesn't show hand 
*** SUMMARY ***
Total pot $0.92 | Rake $0.03 
Board [Qc 5d 3h 7h Kd]
Seat 1: unmöglich1 folded before Flop (didn't bet)
Seat 2: thomasch21 folded before Flop (didn't bet)
Seat 4: Belas59 folded before Flop (didn't bet)
Seat 5: brigmano folded on the River
Seat 6: rflxDpoker folded before Flop (didn't bet)
Seat 7: LeoVan384 (button) folded before Flop (didn't bet)
Seat 8: Ludesale (small blind) folded on the Flop
Seat 9: Dorex2007 (big blind) collected ($0.89)



PokerStars Hand #225614226052:  Hold'em No Limit ($0.01/$0.02 USD) - 2021/04/07 18:14:57 PT [2021/04/07 21:14:57 ET]
Table 'Palisana' 9-max Seat #8 is the button
Seat 1: unmöglich1 ($5.13 in chips) 
Seat 2: thomasch21 ($1.97 in chips) 
Seat 4: Belas59 ($0.95 in chips) 
Seat 5: brigmano ($0.49 in chips) 
Seat 6: rflxDpoker ($2.02 in chips) 
Seat 7: LeoVan384 ($1.92 in chips) 
Seat 8: Ludesale ($2.30 in chips) 
Seat 9: Dorex2007 ($1.81 in chips) 
Dorex2007: posts small blind $0.01
unmöglich1: posts big blind $0.02
*** HOLE CARDS ***
Dealt to Dorex2007 [2s Ks]
thomasch21: folds 
Belas59: folds 
brigmano: calls $0.02
rflxDpoker: folds 
LeoVan384: calls $0.02
Ludesale: folds 
Dorex2007: calls $0.01
unmöglich1: checks 
*** FLOP *** [Ac 6h 3c]
Dorex2007: checks 
unmöglich1: bets $0.08
brigmano: calls $0.08
LeoVan384: folds 
Dorex2007: folds 
*** TURN *** [Ac 6h 3c] [4d]
unmöglich1: checks 
brigmano: bets $0.23
unmöglich1: folds 
Uncalled bet ($0.23) returned to brigmano
brigmano collected $0.23 from pot
*** SUMMARY ***
Total pot $0.24 | Rake $0.01 
Board [Ac 6h 3c 4d]
Seat 1: unmöglich1 (big blind) folded on the Turn
Seat 2: thomasch21 folded before Flop (didn't bet)
Seat 4: Belas59 folded before Flop (didn't bet)
Seat 5: brigmano collected ($0.23)
Seat 6: rflxDpoker folded before Flop (didn't bet)
Seat 7: LeoVan384 folded on the Flop
Seat 8: Ludesale (button) folded before Flop (didn't bet)
Seat 9: Dorex2007 (small blind) folded on the Flop



PokerStars Hand #225614242806:  Hold'em No Limit ($0.01/$0.02 USD) - 2021/04/07 18:15:55 PT [2021/04/07 21:15:55 ET]
Table 'Palisana' 9-max Seat #9 is the button
Seat 1: unmöglich1 ($5.03 in chips) 
Seat 2: thomasch21 ($1.97 in chips) 
Seat 4: Belas59 ($0.95 in chips) 
Seat 5: brigmano ($0.62 in chips) 
Seat 6: rflxDpoker ($2.02 in chips) 
Seat 7: LeoVan384 ($1.90 in chips) 
Seat 8: Ludesale ($2.30 in chips) 
Seat 9: Dorex2007 ($1.79 in chips) 
unmöglich1: posts small blind $0.01
thomasch21: posts big blind $0.02
*** HOLE CARDS ***
Dealt to Dorex2007 [7d 4d]
Belas59: folds 
brigmano: folds 
rflxDpoker: folds 
LeoVan384: folds 
Ludesale: folds 
Dorex2007: folds 
unmöglich1: calls $0.01
thomasch21: checks 
*** FLOP *** [Tc 5c 2d]
unmöglich1: checks 
POLLO ISRA75 is disconnected 
thomasch21: checks 
*** TURN *** [Tc 5c 2d] [Kc]
unmöglich1: checks 
thomasch21: checks 
*** RIVER *** [Tc 5c 2d Kc] [7c]
unmöglich1: checks 
thomasch21: checks 
*** SHOW DOWN ***
unmöglich1: shows [9d Ts] (a pair of Tens)
thomasch21: mucks hand 
unmöglich1 collected $0.04 from pot
*** SUMMARY ***
Total pot $0.04 | Rake $0 
Board [Tc 5c 2d Kc 7c]
Seat 1: unmöglich1 (small blind) showed [9d Ts] and won ($0.04) with a pair of Tens
Seat 2: thomasch21 (big blind) mucked [4s Qh]
Seat 4: Belas59 folded before Flop (didn't bet)
Seat 5: brigmano folded before Flop (didn't bet)
Seat 6: rflxDpoker folded before Flop (didn't bet)
Seat 7: LeoVan384 folded before Flop (didn't bet)
Seat 8: Ludesale folded before Flop (didn't bet)
Seat 9: Dorex2007 (button) folded before Flop (didn't bet)



PokerStars Hand #225614268077:  Hold'em No Limit ($0.01/$0.02 USD) - 2021/04/07 18:16:52 PT [2021/04/07 21:16:52 ET]
Table 'Palisana' 9-max Seat #1 is the button
Seat 1: unmöglich1 ($5.05 in chips) 
Seat 2: thomasch21 ($1.95 in chips) 
Seat 4: Belas59 ($0.95 in chips) 
Seat 5: brigmano ($0.62 in chips) 
Seat 6: rflxDpoker ($2.02 in chips) 
Seat 7: LeoVan384 ($1.90 in chips) 
Seat 8: Ludesale ($2.30 in chips) 
Seat 9: Dorex2007 ($1.79 in chips) 
thomasch21: posts small blind $0.01
Belas59: posts big blind $0.02
*** HOLE CARDS ***
Dealt to Dorex2007 [3s 4s]
brigmano: calls $0.02
rflxDpoker: raises $0.04 to $0.06
LeoVan384: folds 
Ludesale: folds 
Dorex2007: folds 
unmöglich1: calls $0.06
thomasch21: folds 
Belas59: calls $0.04
brigmano: calls $0.04
*** FLOP *** [6c Ks 7d]
Belas59: checks 
brigmano: checks 
rflxDpoker: bets $0.10
unmöglich1: folds 
Belas59: calls $0.10
brigmano: calls $0.10
*** TURN *** [6c Ks 7d] [3h]
Belas59: checks 
brigmano: checks 
rflxDpoker: checks 
*** RIVER *** [6c Ks 7d 3h] [5c]
Belas59: bets $0.27
brigmano: folds 
rflxDpoker: raises $0.27 to $0.54
Belas59: folds 
Uncalled bet ($0.27) returned to rflxDpoker
rflxDpoker collected $1.05 from pot
*** SUMMARY ***
Total pot $1.09 | Rake $0.04 
Board [6c Ks 7d 3h 5c]
Seat 1: unmöglich1 (button) folded on the Flop
Seat 2: thomasch21 (small blind) folded before Flop
Seat 4: Belas59 (big blind) folded on the River
Seat 5: brigmano folded on the River
Seat 6: rflxDpoker collected ($1.05)
Seat 7: LeoVan384 folded before Flop (didn't bet)
Seat 8: Ludesale folded before Flop (didn't bet)
Seat 9: Dorex2007 folded before Flop (didn't bet)



PokerStars Hand #225614319547:  Hold'em No Limit ($0.01/$0.02 USD) - 2021/04/07 18:19:22 PT [2021/04/07 21:19:22 ET]
Table 'Palisana' 9-max Seat #2 is the button
Seat 1: unmöglich1 ($4.99 in chips) 
Seat 2: thomasch21 ($1.94 in chips) 
Seat 4: Belas59 ($0.52 in chips) 
Seat 5: brigmano ($0.46 in chips) 
Seat 6: rflxDpoker ($2.64 in chips) 
Seat 7: LeoVan384 ($1.90 in chips) 
Seat 8: Ludesale ($2.30 in chips) 
Seat 9: Dorex2007 ($1.79 in chips) 
Belas59: posts small blind $0.01
brigmano: posts big blind $0.02
*** HOLE CARDS ***
Dealt to Dorex2007 [Ad 4c]
rflxDpoker: raises $0.04 to $0.06
LeoVan384: folds 
Ludesale: folds 
Dorex2007: folds 
unmöglich1: calls $0.06
thomasch21: calls $0.06
Belas59: calls $0.05
brigmano: calls $0.04
*** FLOP *** [3c 9s 2s]
Belas59: checks 
brigmano: checks 
rflxDpoker: bets $2.58 and is all-in
unmöglich1: folds 
thomasch21: folds 
Belas59: folds 
brigmano: folds 
Uncalled bet ($2.58) returned to rflxDpoker
rflxDpoker collected $0.29 from pot
*** SUMMARY ***
Total pot $0.30 | Rake $0.01 
Board [3c 9s 2s]
Seat 1: unmöglich1 folded on the Flop
Seat 2: thomasch21 (button) folded on the Flop
Seat 4: Belas59 (small blind) folded on the Flop
Seat 5: brigmano (big blind) folded on the Flop
Seat 6: rflxDpoker collected ($0.29)
Seat 7: LeoVan384 folded before Flop (didn't bet)
Seat 8: Ludesale folded before Flop (didn't bet)
Seat 9: Dorex2007 folded before Flop (didn't bet)



PokerStars Hand #225614334646:  Hold'em No Limit ($0.01/$0.02 USD) - 2021/04/07 18:20:14 PT [2021/04/07 21:20:14 ET]
Table 'Palisana' 9-max Seat #4 is the button
Seat 1: unmöglich1 ($4.93 in chips) 
Seat 2: thomasch21 ($1.88 in chips) 
Seat 4: Belas59 ($0.46 in chips) 
Seat 5: brigmano ($0.40 in chips) 
Seat 6: rflxDpoker ($2.87 in chips) 
Seat 7: LeoVan384 ($1.90 in chips) 
Seat 8: Ludesale ($2.30 in chips) 
Seat 9: Dorex2007 ($1.79 in chips) 
brigmano: posts small blind $0.01
rflxDpoker: posts big blind $0.02
POLLO ISRA75: sits out 
*** HOLE CARDS ***
Dealt to Dorex2007 [Qs Js]
LeoVan384: folds 
Ludesale: calls $0.02
Dorex2007: raises $0.04 to $0.06
unmöglich1: folds 
thomasch21: folds 
Belas59: calls $0.06
brigmano: folds 
rflxDpoker: calls $0.04
Ludesale: calls $0.04
*** FLOP *** [Qc Ts 9c]
rflxDpoker: checks 
Ludesale: checks 
Dorex2007: bets $0.16
Belas59: folds 
rflxDpoker: calls $0.16
Ludesale: folds 
*** TURN *** [Qc Ts 9c] [4h]
rflxDpoker: checks 
Dorex2007: bets $0.55
rflxDpoker: calls $0.55
*** RIVER *** [Qc Ts 9c 4h] [5d]
rflxDpoker: checks 
Dorex2007: bets $1.02 and is all-in
rflxDpoker: folds 
Uncalled bet ($1.02) returned to Dorex2007
Dorex2007 collected $1.61 from pot
Dorex2007: doesn't show hand 
*** SUMMARY ***
Total pot $1.67 | Rake $0.06 
Board [Qc Ts 9c 4h 5d]
Seat 1: unmöglich1 folded before Flop (didn't bet)
Seat 2: thomasch21 folded before Flop (didn't bet)
Seat 4: Belas59 (button) folded on the Flop
Seat 5: brigmano (small blind) folded before Flop
Seat 6: rflxDpoker (big blind) folded on the River
Seat 7: LeoVan384 folded before Flop (didn't bet)
Seat 8: Ludesale folded on the Flop
Seat 9: Dorex2007 collected ($1.61)



PokerStars Hand #225614357045:  Hold'em No Limit ($0.01/$0.02 USD) - 2021/04/07 18:21:30 PT [2021/04/07 21:21:30 ET]
Table 'Palisana' 9-max Seat #5 is the button
Seat 1: unmöglich1 ($4.93 in chips) 
Seat 2: thomasch21 ($1.88 in chips) 
Seat 4: Belas59 ($0.80 in chips) 
Seat 5: brigmano ($0.39 in chips) 
Seat 6: rflxDpoker ($2.10 in chips) 
Seat 7: LeoVan384 ($1.90 in chips) 
Seat 8: Ludesale ($2.24 in chips) 
Seat 9: Dorex2007 ($2.63 in chips) 
rflxDpoker: posts small blind $0.01
LeoVan384: posts big blind $0.02
POLLO ISRA75: sits out 
*** HOLE CARDS ***
Dealt to Dorex2007 [6c 3s]
Ludesale: calls $0.02
Dorex2007: folds 
unmöglich1: calls $0.02
thomasch21: raises $0.09 to $0.11
Belas59: calls $0.11
brigmano: folds 
rflxDpoker: folds 
LeoVan384: calls $0.09
Ludesale: calls $0.09
unmöglich1: folds 
*** FLOP *** [5h 4h 9d]
LeoVan384: checks 
Ludesale: checks 
thomasch21: bets $0.35
Belas59: calls $0.35
LeoVan384: calls $0.35
Ludesale: folds 
*** TURN *** [5h 4h 9d] [Kh]
LeoVan384: checks 
thomasch21: checks 
Belas59: checks 
*** RIVER *** [5h 4h 9d Kh] [2s]
LeoVan384: bets $1.44 and is all-in
thomasch21: folds 
Belas59: folds 
Uncalled bet ($1.44) returned to LeoVan384
LeoVan384 collected $1.47 from pot
LeoVan384: doesn't show hand 
*** SUMMARY ***
Total pot $1.52 | Rake $0.05 
Board [5h 4h 9d Kh 2s]
Seat 1: unmöglich1 folded before Flop
Seat 2: thomasch21 folded on the River
Seat 4: Belas59 folded on the River
Seat 5: brigmano (button) folded before Flop (didn't bet)
Seat 6: rflxDpoker (small blind) folded before Flop
Seat 7: LeoVan384 (big blind) collected ($1.47)
Seat 8: Ludesale folded on the Flop
Seat 9: Dorex2007 folded before Flop (didn't bet)



PokerStars Hand #225614391701:  Hold'em No Limit ($0.01/$0.02 USD) - 2021/04/07 18:23:30 PT [2021/04/07 21:23:30 ET]
Table 'Palisana' 9-max Seat #6 is the button
Seat 1: unmöglich1 ($4.91 in chips) 
Seat 2: thomasch21 ($1.42 in chips) 
Seat 3: POLLO ISRA75 ($1.95 in chips) 
Seat 4: Belas59 ($0.34 in chips) 
Seat 5: brigmano ($0.39 in chips) 
Seat 6: rflxDpoker ($2.09 in chips) 
Seat 7: LeoVan384 ($2.91 in chips) 
Seat 8: Ludesale ($2.13 in chips) 
Seat 9: Dorex2007 ($2.63 in chips) 
LeoVan384: posts small blind $0.01
Ludesale: posts big blind $0.02
POLLO ISRA75: posts small & big blinds $0.03
*** HOLE CARDS ***
Dealt to Dorex2007 [6s Ad]
Dorex2007: folds 
unmöglich1: calls $0.02
thomasch21: folds 
POLLO ISRA75: checks 
Belas59: folds 
Belas59 leaves the table
brigmano: folds 
rflxDpoker: folds 
LeoVan384: folds 
Ludesale: checks 
*** FLOP *** [Ks 4c 4h]
Ludesale: checks 
tulioaraujjo joins the table at seat #4 
POLLO ISRA75 is disconnected 
unmöglich1: bets $0.10
POLLO ISRA75 is connected 
POLLO ISRA75: folds 
Ludesale: folds 
Uncalled bet ($0.10) returned to unmöglich1
unmöglich1 collected $0.08 from pot
unmöglich1: doesn't show hand 
*** SUMMARY ***
Total pot $0.08 | Rake $0 
Board [Ks 4c 4h]
Seat 1: unmöglich1 collected ($0.08)
Seat 2: thomasch21 folded before Flop (didn't bet)
Seat 3: POLLO ISRA75 folded on the Flop (didn't bet)
Seat 4: Belas59 folded before Flop (didn't bet)
Seat 5: brigmano folded before Flop (didn't bet)
Seat 6: rflxDpoker (button) folded before Flop (didn't bet)
Seat 7: LeoVan384 (small blind) folded before Flop
Seat 8: Ludesale (big blind) folded on the Flop
Seat 9: Dorex2007 folded before Flop (didn't bet)



PokerStars Hand #225614420037:  Hold'em No Limit ($0.01/$0.02 USD) - 2021/04/07 18:25:00 PT [2021/04/07 21:25:00 ET]
Table 'Palisana' 9-max Seat #7 is the button
Seat 1: unmöglich1 ($4.97 in chips) 
Seat 2: thomasch21 ($1.42 in chips) 
Seat 3: POLLO ISRA75 ($1.92 in chips) 
Seat 5: brigmano ($0.39 in chips) 
Seat 6: rflxDpoker ($2.09 in chips) 
Seat 7: LeoVan384 ($2.90 in chips) 
Seat 8: Ludesale ($2.11 in chips) 
Seat 9: Dorex2007 ($2.63 in chips) 
Ludesale: posts small blind $0.01
Dorex2007: posts big blind $0.02
tulioaraujjo: sits out 
*** HOLE CARDS ***
Dealt to Dorex2007 [5s 5h]
unmöglich1: calls $0.02
thomasch21: folds 
POLLO ISRA75: folds 
brigmano: folds 
rflxDpoker: raises $0.04 to $0.06
LeoVan384: folds 
Ludesale: calls $0.05
Dorex2007: folds 
unmöglich1: calls $0.04
*** FLOP *** [Ks Td 6s]
Ludesale: checks 
unmöglich1: checks 
rflxDpoker: bets $0.10
Ludesale: calls $0.10
unmöglich1: calls $0.10
*** TURN *** [Ks Td 6s] [Js]
Ludesale: checks 
unmöglich1: bets $0.02
rflxDpoker: folds 
Ludesale: calls $0.02
*** RIVER *** [Ks Td 6s Js] [3h]
Ludesale: checks 
unmöglich1: bets $0.28
Ludesale: folds 
Uncalled bet ($0.28) returned to unmöglich1
unmöglich1 collected $0.52 from pot
unmöglich1: doesn't show hand 
*** SUMMARY ***
Total pot $0.54 | Rake $0.02 
Board [Ks Td 6s Js 3h]
Seat 1: unmöglich1 collected ($0.52)
Seat 2: thomasch21 folded before Flop (didn't bet)
Seat 3: POLLO ISRA75 folded before Flop (didn't bet)
Seat 5: brigmano folded before Flop (didn't bet)
Seat 6: rflxDpoker folded on the Turn
Seat 7: LeoVan384 (button) folded before Flop (didn't bet)
Seat 8: Ludesale (small blind) folded on the River
Seat 9: Dorex2007 (big blind) folded before Flop



PokerStars Hand #225614445520:  Hold'em No Limit ($0.01/$0.02 USD) - 2021/04/07 18:26:29 PT [2021/04/07 21:26:29 ET]
Table 'Palisana' 9-max Seat #8 is the button
Seat 1: unmöglich1 ($5.31 in chips) 
Seat 2: thomasch21 ($1.42 in chips) 
Seat 3: POLLO ISRA75 ($1.92 in chips) 
Seat 4: tulioaraujjo ($1.03 in chips) 
Seat 5: brigmano ($1.62 in chips) 
Seat 6: rflxDpoker ($1.93 in chips) 
Seat 7: LeoVan384 ($2.90 in chips) 
Seat 8: Ludesale ($1.93 in chips) 
Seat 9: Dorex2007 ($2.61 in chips) 
Dorex2007: posts small blind $0.01
unmöglich1: posts big blind $0.02
tulioaraujjo: posts big blind $0.02
*** HOLE CARDS ***
Dealt to Dorex2007 [5d 3s]
thomasch21: folds 
POLLO ISRA75 has timed out
POLLO ISRA75: folds 
tulioaraujjo: raises $0.05 to $0.07
brigmano: calls $0.07
rflxDpoker: folds 
rflxDpoker leaves the table
LeoVan384: folds 
Ludesale: folds 
Dorex2007: folds 
unmöglich1: calls $0.05
*** FLOP *** [2h 9s Jh]
bobbyjon171 joins the table at seat #6 
unmöglich1: checks 
tulioaraujjo: bets $0.21
brigmano: calls $0.21
unmöglich1: folds 
*** TURN *** [2h 9s Jh] [Kd]
tulioaraujjo: bets $0.75 and is all-in
brigmano: calls $0.75
tulioaraujjo has timed out
*** RIVER *** [2h 9s Jh Kd] [Kc]
*** SHOW DOWN ***
tulioaraujjo: shows [Ks Js] (a full house, Kings full of Jacks)
brigmano: shows [As 9h] (two pair, Kings and Nines)
tulioaraujjo collected $2.07 from pot
*** SUMMARY ***
Total pot $2.14 | Rake $0.07 
Board [2h 9s Jh Kd Kc]
Seat 1: unmöglich1 (big blind) folded on the Flop
Seat 2: thomasch21 folded before Flop (didn't bet)
Seat 3: POLLO ISRA75 folded before Flop (didn't bet)
Seat 4: tulioaraujjo showed [Ks Js] and won ($2.07) with a full house, Kings full of Jacks
Seat 5: brigmano showed [As 9h] and lost with two pair, Kings and Nines
Seat 6: rflxDpoker folded before Flop (didn't bet)
Seat 7: LeoVan384 folded before Flop (didn't bet)
Seat 8: Ludesale (button) folded before Flop (didn't bet)
Seat 9: Dorex2007 (small blind) folded before Flop



PokerStars Hand #225614479318:  Hold'em No Limit ($0.01/$0.02 USD) - 2021/04/07 18:28:08 PT [2021/04/07 21:28:08 ET]
Table 'Palisana' 9-max Seat #9 is the button
Seat 1: unmöglich1 ($5.24 in chips) 
Seat 2: thomasch21 ($1.42 in chips) 
Seat 3: POLLO ISRA75 ($1.92 in chips) 
Seat 4: tulioaraujjo ($2.07 in chips) 
Seat 5: brigmano ($0.59 in chips) 
Seat 6: bobbyjon171 ($0.80 in chips) 
Seat 7: LeoVan384 ($2.90 in chips) 
Seat 8: Ludesale ($1.93 in chips) 
Seat 9: Dorex2007 ($2.60 in chips) 
unmöglich1: posts small blind $0.01
thomasch21: posts big blind $0.02
bobbyjon171: posts big blind $0.02
*** HOLE CARDS ***
Dealt to Dorex2007 [9d 7s]
POLLO ISRA75: raises $0.04 to $0.06
tulioaraujjo: calls $0.06
brigmano: calls $0.06
bobbyjon171: folds 
LeoVan384: folds 
Ludesale: calls $0.06
Dorex2007: folds 
unmöglich1: calls $0.05
thomasch21: calls $0.04
*** FLOP *** [3d Ad 5s]
unmöglich1: checks 
thomasch21: checks 
POLLO ISRA75: bets $0.16
tulioaraujjo: calls $0.16
brigmano: calls $0.16
Ludesale: folds 
unmöglich1: folds 
thomasch21: folds 
*** TURN *** [3d Ad 5s] [9c]
POLLO ISRA75: checks 
tulioaraujjo: bets $0.83
brigmano: calls $0.37 and is all-in
POLLO ISRA75: folds 
Uncalled bet ($0.46) returned to tulioaraujjo
tulioaraujjo has timed out
*** RIVER *** [3d Ad 5s 9c] [5h]
*** SHOW DOWN ***
tulioaraujjo: shows [Ac Ks] (two pair, Aces and Fives)
brigmano: shows [7d 6h] (a pair of Fives)
tulioaraujjo collected $1.54 from pot
*** SUMMARY ***
Total pot $1.60 | Rake $0.06 
Board [3d Ad 5s 9c 5h]
Seat 1: unmöglich1 (small blind) folded on the Flop
Seat 2: thomasch21 (big blind) folded on the Flop
Seat 3: POLLO ISRA75 folded on the Turn
Seat 4: tulioaraujjo showed [Ac Ks] and won ($1.54) with two pair, Aces and Fives
Seat 5: brigmano showed [7d 6h] and lost with a pair of Fives
Seat 6: bobbyjon171 folded before Flop (didn't bet)
Seat 7: LeoVan384 folded before Flop (didn't bet)
Seat 8: Ludesale folded on the Flop
Seat 9: Dorex2007 (button) folded before Flop (didn't bet)



PokerStars Hand #225614512411:  Hold'em No Limit ($0.01/$0.02 USD) - 2021/04/07 18:30:05 PT [2021/04/07 21:30:05 ET]
Table 'Palisana' 9-max Seat #1 is the button
Seat 1: unmöglich1 ($5.18 in chips) 
Seat 2: thomasch21 ($1.36 in chips) 
Seat 3: POLLO ISRA75 ($1.70 in chips) 
Seat 4: tulioaraujjo ($3.02 in chips) 
Seat 6: bobbyjon171 ($0.78 in chips) 
Seat 7: LeoVan384 ($2.90 in chips) 
Seat 8: Ludesale ($1.87 in chips) 
Seat 9: Dorex2007 ($2.60 in chips) 
thomasch21: posts small blind $0.01
POLLO ISRA75: posts big blind $0.02
*** HOLE CARDS ***
Dealt to Dorex2007 [Kh Ah]
tulioaraujjo: folds 
brigmano leaves the table
bobbyjon171: raises $0.02 to $0.04
LeoVan384: folds 
Ludesale: folds 
Dorex2007: raises $0.06 to $0.10
unmöglich1: folds 
thomasch21: folds 
POLLO ISRA75: folds 
OakleyVisor joins the table at seat #5 
bobbyjon171: folds 
Uncalled bet ($0.06) returned to Dorex2007
Dorex2007 collected $0.11 from pot
Dorex2007: doesn't show hand 
*** SUMMARY ***
Total pot $0.11 | Rake $0 
Seat 1: unmöglich1 (button) folded before Flop (didn't bet)
Seat 2: thomasch21 (small blind) folded before Flop
Seat 3: POLLO ISRA75 (big blind) folded before Flop
Seat 4: tulioaraujjo folded before Flop (didn't bet)
Seat 6: bobbyjon171 folded before Flop
Seat 7: LeoVan384 folded before Flop (didn't bet)
Seat 8: Ludesale folded before Flop (didn't bet)
Seat 9: Dorex2007 collected ($0.11)



PokerStars Hand #225614527535:  Hold'em No Limit ($0.01/$0.02 USD) - 2021/04/07 18:30:59 PT [2021/04/07 21:30:59 ET]
Table 'Palisana' 9-max Seat #2 is the button
Seat 1: unmöglich1 ($5.18 in chips) 
Seat 2: thomasch21 ($1.35 in chips) 
Seat 3: POLLO ISRA75 ($1.68 in chips) 
Seat 4: tulioaraujjo ($3.02 in chips) 
Seat 6: bobbyjon171 ($0.74 in chips) 
Seat 7: LeoVan384 ($2.90 in chips) 
Seat 8: Ludesale ($1.87 in chips) 
Seat 9: Dorex2007 ($2.67 in chips) 
POLLO ISRA75: posts small blind $0.01
tulioaraujjo: posts big blind $0.02
OakleyVisor: sits out 
*** HOLE CARDS ***
Dealt to Dorex2007 [6d Qs]
bobbyjon171: calls $0.02
LeoVan384: folds 
Ludesale: raises $0.04 to $0.06
Dorex2007: folds 
unmöglich1: raises $0.08 to $0.14
thomasch21: folds 
POLLO ISRA75: calls $0.13
tulioaraujjo: folds 
bobbyjon171: folds 
Ludesale: calls $0.08
*** FLOP *** [3d 3h 6c]
POLLO ISRA75: checks 
Ludesale: checks 
unmöglich1: bets $0.08
POLLO ISRA75: folds 
Ludesale: calls $0.08
*** TURN *** [3d 3h 6c] [5c]
Ludesale: checks 
unmöglich1: bets $0.10
Ludesale: calls $0.10
*** RIVER *** [3d 3h 6c 5c] [Kd]
Ludesale: checks 
unmöglich1: checks 
*** SHOW DOWN ***
Ludesale: shows [Ad Jd] (a pair of Threes)
unmöglich1: mucks hand 
Ludesale collected $0.79 from pot
*** SUMMARY ***
Total pot $0.82 | Rake $0.03 
Board [3d 3h 6c 5c Kd]
Seat 1: unmöglich1 mucked [9d As]
Seat 2: thomasch21 (button) folded before Flop (didn't bet)
Seat 3: POLLO ISRA75 (small blind) folded on the Flop
Seat 4: tulioaraujjo (big blind) folded before Flop
Seat 6: bobbyjon171 folded before Flop
Seat 7: LeoVan384 folded before Flop (didn't bet)
Seat 8: Ludesale showed [Ad Jd] and won ($0.79) with a pair of Threes
Seat 9: Dorex2007 folded before Flop (didn't bet)



PokerStars Hand #225614547104:  Hold'em No Limit ($0.01/$0.02 USD) - 2021/04/07 18:32:07 PT [2021/04/07 21:32:07 ET]
Table 'Palisana' 9-max Seat #3 is the button
Seat 1: unmöglich1 ($4.86 in chips) 
Seat 2: thomasch21 ($1.35 in chips) 
Seat 3: POLLO ISRA75 ($1.54 in chips) 
Seat 4: tulioaraujjo ($3 in chips) 
Seat 5: OakleyVisor ($2 in chips) 
Seat 6: bobbyjon171 ($0.72 in chips) 
Seat 7: LeoVan384 ($2.90 in chips) 
Seat 8: Ludesale ($2.34 in chips) 
Seat 9: Dorex2007 ($2.67 in chips) 
tulioaraujjo: posts small blind $0.01
OakleyVisor: posts big blind $0.02
*** HOLE CARDS ***
Dealt to Dorex2007 [Js 5s]
bobbyjon171: folds 
LeoVan384: folds 
Ludesale: raises $0.04 to $0.06
Dorex2007: folds 
unmöglich1: calls $0.06
thomasch21: folds 
POLLO ISRA75: calls $0.06
tulioaraujjo: folds 
OakleyVisor: calls $0.04
*** FLOP *** [Ah 8h Kh]
OakleyVisor: checks 
Ludesale: bets $0.12
unmöglich1: raises $0.12 to $0.24
POLLO ISRA75: folds 
OakleyVisor: folds 
Ludesale: folds 
Uncalled bet ($0.12) returned to unmöglich1
unmöglich1 collected $0.47 from pot
unmöglich1: doesn't show hand 
*** SUMMARY ***
Total pot $0.49 | Rake $0.02 
Board [Ah 8h Kh]
Seat 1: unmöglich1 collected ($0.47)
Seat 2: thomasch21 folded before Flop (didn't bet)
Seat 3: POLLO ISRA75 (button) folded on the Flop
Seat 4: tulioaraujjo (small blind) folded before Flop
Seat 5: OakleyVisor (big blind) folded on the Flop
Seat 6: bobbyjon171 folded before Flop (didn't bet)
Seat 7: LeoVan384 folded before Flop (didn't bet)
Seat 8: Ludesale folded on the Flop
Seat 9: Dorex2007 folded before Flop (didn't bet)



PokerStars Hand #225614563133:  Hold'em No Limit ($0.01/$0.02 USD) - 2021/04/07 18:33:01 PT [2021/04/07 21:33:01 ET]
Table 'Palisana' 9-max Seat #4 is the button
Seat 1: unmöglich1 ($5.15 in chips) 
Seat 2: thomasch21 ($1.35 in chips) 
Seat 3: POLLO ISRA75 ($1.48 in chips) 
Seat 4: tulioaraujjo ($2.99 in chips) 
Seat 5: OakleyVisor ($1.94 in chips) 
Seat 6: bobbyjon171 ($0.72 in chips) 
Seat 7: LeoVan384 ($2.90 in chips) 
Seat 8: Ludesale ($2.16 in chips) 
Seat 9: Dorex2007 ($2.67 in chips) 
OakleyVisor: posts small blind $0.01
bobbyjon171: posts big blind $0.02
*** HOLE CARDS ***
Dealt to Dorex2007 [Jd Kd]
LeoVan384: folds 
Ludesale: folds 
Dorex2007 has timed out
Dorex2007: folds 
unmöglich1: calls $0.02
thomasch21: folds 
POLLO ISRA75 is disconnected 
POLLO ISRA75 has timed out while disconnected
POLLO ISRA75: folds 
tulioaraujjo: raises $0.04 to $0.06
OakleyVisor: calls $0.05
bobbyjon171: calls $0.04
unmöglich1: calls $0.04
*** FLOP *** [Jc 7h 3d]
OakleyVisor: checks 
bobbyjon171: bets $0.08
unmöglich1: folds 
tulioaraujjo: calls $0.08
OakleyVisor: folds 
*** TURN *** [Jc 7h 3d] [7s]
OakleyVisor leaves the table
bobbyjon171: checks 
tulioaraujjo: checks 
*** RIVER *** [Jc 7h 3d 7s] [As]
bobbyjon171: bets $0.18
POLLO ISRA75 is disconnected 
tulioaraujjo: folds 
Uncalled bet ($0.18) returned to bobbyjon171
bobbyjon171 collected $0.39 from pot
bobbyjon171: doesn't show hand 
*** SUMMARY ***
Total pot $0.40 | Rake $0.01 
Board [Jc 7h 3d 7s As]
Seat 1: unmöglich1 folded on the Flop
Seat 2: thomasch21 folded before Flop (didn't bet)
Seat 3: POLLO ISRA75 folded before Flop (didn't bet)
Seat 4: tulioaraujjo (button) folded on the River
Seat 5: OakleyVisor (small blind) folded on the Flop
Seat 6: bobbyjon171 (big blind) collected ($0.39)
Seat 7: LeoVan384 folded before Flop (didn't bet)
Seat 8: Ludesale folded before Flop (didn't bet)
Seat 9: Dorex2007 folded before Flop (didn't bet)



PokerStars Hand #225614595025:  Hold'em No Limit ($0.01/$0.02 USD) - 2021/04/07 18:34:42 PT [2021/04/07 21:34:42 ET]
Table 'Palisana' 9-max Seat #6 is the button
Seat 1: unmöglich1 ($5.09 in chips) 
Seat 2: thomasch21 ($1.35 in chips) 
Seat 4: tulioaraujjo ($2.85 in chips) 
Seat 6: bobbyjon171 ($0.97 in chips) 
Seat 7: LeoVan384 ($2.90 in chips) 
Seat 8: Ludesale ($2.16 in chips) 
Seat 9: Dorex2007 ($2.67 in chips) 
LeoVan384: posts small blind $0.01
Ludesale: posts big blind $0.02
*** HOLE CARDS ***
Dealt to Dorex2007 [3h 8c]
Dorex2007: folds 
unmöglich1: calls $0.02
thomasch21: folds 
tulioaraujjo: folds 
bobbyjon171: folds 
LeoVan384: calls $0.01
bobbyjon171 leaves the table
POLLO ISRA75 leaves the table
Ludesale: checks 
*** FLOP *** [Qc Th Ts]
LeoVan384: bets $0.08
Ludesale: folds 
unmöglich1: folds 
Uncalled bet ($0.08) returned to LeoVan384
LeoVan384 collected $0.06 from pot
LeoVan384: doesn't show hand 
*** SUMMARY ***
Total pot $0.06 | Rake $0 
Board [Qc Th Ts]
Seat 1: unmöglich1 folded on the Flop
Seat 2: thomasch21 folded before Flop (didn't bet)
Seat 4: tulioaraujjo folded before Flop (didn't bet)
Seat 6: bobbyjon171 (button) folded before Flop (didn't bet)
Seat 7: LeoVan384 (small blind) collected ($0.06)
Seat 8: Ludesale (big blind) folded on the Flop
Seat 9: Dorex2007 folded before Flop (didn't bet)



PokerStars Hand #225614602945:  Hold'em No Limit ($0.01/$0.02 USD) - 2021/04/07 18:35:10 PT [2021/04/07 21:35:10 ET]
Table 'Palisana' 9-max Seat #7 is the button
Seat 1: unmöglich1 ($5.07 in chips) 
Seat 2: thomasch21 ($1.35 in chips) 
Seat 4: tulioaraujjo ($2.85 in chips) 
Seat 7: LeoVan384 ($2.94 in chips) 
Seat 8: Ludesale ($2.14 in chips) 
Seat 9: Dorex2007 ($2.67 in chips) 
Ludesale: posts small blind $0.01
Dorex2007: posts big blind $0.02
*** HOLE CARDS ***
Dealt to Dorex2007 [Kc 5h]
unmöglich1: calls $0.02
thomasch21: folds 
tulioaraujjo: folds 
LeoVan384: calls $0.02
Ludesale: calls $0.01
Dorex2007: checks 
*** FLOP *** [2s 7c 2d]
Ludesale: checks 
Dorex2007: checks 
unmöglich1: checks 
LeoVan384: bets $0.08
Ludesale: calls $0.08
Facu2020-00334 joins the table at seat #3 
Dorex2007: folds 
unmöglich1: folds 
*** TURN *** [2s 7c 2d] [7d]
Ludesale: checks 
LeoVan384: bets $0.23
Ludesale: calls $0.23
*** RIVER *** [2s 7c 2d 7d] [3s]
Ludesale: bets $0.24
LeoVan384: calls $0.24
*** SHOW DOWN ***
Ludesale: shows [Ks 7h] (a full house, Sevens full of Deuces)
LeoVan384: mucks hand 
Ludesale collected $1.14 from pot
*** SUMMARY ***
Total pot $1.18 | Rake $0.04 
Board [2s 7c 2d 7d 3s]
Seat 1: unmöglich1 folded on the Flop
Seat 2: thomasch21 folded before Flop (didn't bet)
Seat 4: tulioaraujjo folded before Flop (didn't bet)
Seat 7: LeoVan384 (button) mucked [Ah 2h]
Seat 8: Ludesale (small blind) showed [Ks 7h] and won ($1.14) with a full house, Sevens full of Deuces
Seat 9: Dorex2007 (big blind) folded on the Flop



PokerStars Hand #225614621885:  Hold'em No Limit ($0.01/$0.02 USD) - 2021/04/07 18:36:15 PT [2021/04/07 21:36:15 ET]
Table 'Palisana' 9-max Seat #8 is the button
Seat 1: unmöglich1 ($5.05 in chips) 
Seat 2: thomasch21 ($1.35 in chips) 
Seat 3: Facu2020-00334 ($0.80 in chips) 
Seat 4: tulioaraujjo ($2.85 in chips) 
Seat 7: LeoVan384 ($2.37 in chips) 
Seat 8: Ludesale ($2.71 in chips) 
Seat 9: Dorex2007 ($2.65 in chips) 
Dorex2007: posts small blind $0.01
unmöglich1: posts big blind $0.02
Facu2020-00334: posts big blind $0.02
*** HOLE CARDS ***
Dealt to Dorex2007 [8d 8h]
thomasch21: folds 
Facu2020-00334: checks 
tulioaraujjo: raises $0.07 to $0.09
thomasch21 leaves the table
LeoVan384: calls $0.09
Ludesale: folds 
Dorex2007: folds 
unmöglich1: calls $0.07
Facu2020-00334: folds 
*** FLOP *** [7c 5h 2c]
unmöglich1: bets $0.06
tulioaraujjo: raises $0.21 to $0.27
LeoVan384: folds 
LeoVan384 leaves the table
unmöglich1: calls $0.21
*** TURN *** [7c 5h 2c] [Kh]
unmöglich1: checks 
tulioaraujjo: checks 
*** RIVER *** [7c 5h 2c Kh] [4h]
unmöglich1: bets $0.41
tulioaraujjo: calls $0.41
*** SHOW DOWN ***
unmöglich1: shows [7s 9s] (a pair of Sevens)
tulioaraujjo: mucks hand 
unmöglich1 collected $1.60 from pot
*** SUMMARY ***
Total pot $1.66 | Rake $0.06 
Board [7c 5h 2c Kh 4h]
Seat 1: unmöglich1 (big blind) showed [7s 9s] and won ($1.60) with a pair of Sevens
Seat 2: thomasch21 folded before Flop (didn't bet)
Seat 3: Facu2020-00334 folded before Flop (didn't bet)
Seat 4: tulioaraujjo mucked [5c Ac]
Seat 7: LeoVan384 folded on the Flop
Seat 8: Ludesale (button) folded before Flop (didn't bet)
Seat 9: Dorex2007 (small blind) folded before Flop



PokerStars Hand #225614641684:  Hold'em No Limit ($0.01/$0.02 USD) - 2021/04/07 18:37:23 PT [2021/04/07 21:37:23 ET]
Table 'Palisana' 9-max Seat #9 is the button
Seat 1: unmöglich1 ($5.88 in chips) 
Seat 3: Facu2020-00334 ($0.78 in chips) 
Seat 4: tulioaraujjo ($2.08 in chips) 
Seat 8: Ludesale ($2.71 in chips) 
Seat 9: Dorex2007 ($2.64 in chips) 
unmöglich1: posts small blind $0.01
Facu2020-00334: posts big blind $0.02
*** HOLE CARDS ***
Dealt to Dorex2007 [4s 9h]
tulioaraujjo: raises $0.04 to $0.06
Ludesale: folds 
Dorex2007: folds 
unmöglich1: calls $0.05
Facu2020-00334: calls $0.04
*** FLOP *** [Th 7h Jc]
unmöglich1: checks 
Facu2020-00334: bets $0.09
tulioaraujjo: calls $0.09
unmöglich1: folds 
*** TURN *** [Th 7h Jc] [2h]
Facu2020-00334: checks 
tulioaraujjo: bets $0.18
Facu2020-00334: calls $0.18
*** RIVER *** [Th 7h Jc 2h] [Kd]
Facu2020-00334: checks 
tulioaraujjo: checks 
*** SHOW DOWN ***
Facu2020-00334: shows [Qh 7d] (a pair of Sevens)
tulioaraujjo: shows [Qc Jh] (a pair of Jacks)
tulioaraujjo collected $0.69 from pot
*** SUMMARY ***
Total pot $0.72 | Rake $0.03 
Board [Th 7h Jc 2h Kd]
Seat 1: unmöglich1 (small blind) folded on the Flop
Seat 3: Facu2020-00334 (big blind) showed [Qh 7d] and lost with a pair of Sevens
Seat 4: tulioaraujjo showed [Qc Jh] and won ($0.69) with a pair of Jacks
Seat 8: Ludesale folded before Flop (didn't bet)
Seat 9: Dorex2007 (button) folded before Flop (didn't bet)



PokerStars Hand #225614676239:  Hold'em No Limit ($0.01/$0.02 USD) - 2021/04/07 18:38:40 PT [2021/04/07 21:38:40 ET]
Table 'Palisana' 9-max Seat #1 is the button
Seat 1: unmöglich1 ($5.82 in chips) 
Seat 3: Facu2020-00334 ($0.45 in chips) 
Seat 4: tulioaraujjo ($2.44 in chips) 
Seat 8: Ludesale ($2.71 in chips) 
Seat 9: Dorex2007 ($2.64 in chips) 
Facu2020-00334: posts small blind $0.01
tulioaraujjo: posts big blind $0.02
*** HOLE CARDS ***
Dealt to Dorex2007 [4s Kh]
Ludesale: raises $0.04 to $0.06
Dorex2007: folds 
unmöglich1: calls $0.06
Facu2020-00334: folds 
tulioaraujjo: raises $0.19 to $0.25
Ludesale: folds 
unmöglich1: folds 
Uncalled bet ($0.19) returned to tulioaraujjo
tulioaraujjo collected $0.19 from pot
*** SUMMARY ***
Total pot $0.19 | Rake $0 
Seat 1: unmöglich1 (button) folded before Flop
Seat 3: Facu2020-00334 (small blind) folded before Flop
Seat 4: tulioaraujjo (big blind) collected ($0.19)
Seat 8: Ludesale folded before Flop
Seat 9: Dorex2007 folded before Flop (didn't bet)



PokerStars Hand #225614684176:  Hold'em No Limit ($0.01/$0.02 USD) - 2021/04/07 18:39:07 PT [2021/04/07 21:39:07 ET]
Table 'Palisana' 9-max Seat #3 is the button
Seat 1: unmöglich1 ($5.76 in chips) 
Seat 3: Facu2020-00334 ($0.44 in chips) 
Seat 4: tulioaraujjo ($2.57 in chips) 
Seat 8: Ludesale ($2.65 in chips) 
Seat 9: Dorex2007 ($2.64 in chips) 
tulioaraujjo: posts small blind $0.01
Ludesale: posts big blind $0.02
*** HOLE CARDS ***
Dealt to Dorex2007 [4h 2d]
Dorex2007: folds 
unmöglich1: calls $0.02
Facu2020-00334: folds 
tulioaraujjo: calls $0.01
Ludesale: checks 
*** FLOP *** [Ks 6s 9s]
tulioaraujjo: checks 
Ludesale: checks 
Facu2020-00334 leaves the table
unmöglich1: bets $0.14
tulioaraujjo: folds 
Ludesale: folds 
Uncalled bet ($0.14) returned to unmöglich1
unmöglich1 collected $0.06 from pot
unmöglich1: doesn't show hand 
*** SUMMARY ***
Total pot $0.06 | Rake $0 
Board [Ks 6s 9s]
Seat 1: unmöglich1 collected ($0.06)
Seat 3: Facu2020-00334 (button) folded before Flop (didn't bet)
Seat 4: tulioaraujjo (small blind) folded on the Flop
Seat 8: Ludesale (big blind) folded on the Flop
Seat 9: Dorex2007 folded before Flop (didn't bet)



PokerStars Hand #225614692900:  Hold'em No Limit ($0.01/$0.02 USD) - 2021/04/07 18:39:38 PT [2021/04/07 21:39:38 ET]
Table 'Palisana' 9-max Seat #4 is the button
Seat 1: unmöglich1 ($5.80 in chips) 
Seat 4: tulioaraujjo ($2.55 in chips) 
Seat 8: Ludesale ($2.63 in chips) 
Seat 9: Dorex2007 ($2.64 in chips) 
Ludesale: posts small blind $0.01
Dorex2007: posts big blind $0.02
*** HOLE CARDS ***
Dealt to Dorex2007 [Ah Kd]
unmöglich1: raises $0.14 to $0.16
tulioaraujjo: calls $0.16
Ludesale: folds 
Dorex2007: calls $0.14
*** FLOP *** [2s 7s 3d]
Dorex2007: checks 
unmöglich1: bets $0.16
tulioaraujjo: raises $0.79 to $0.95
Dorex2007: folds 
unmöglich1: calls $0.79
*** TURN *** [2s 7s 3d] [Th]
unmöglich1: bets $4.69 and is all-in
tulioaraujjo: calls $1.44 and is all-in
Uncalled bet ($3.25) returned to unmöglich1
tulioaraujjo has timed out
*** RIVER *** [2s 7s 3d Th] [3h]
*** SHOW DOWN ***
unmöglich1: shows [4s 4c] (two pair, Fours and Threes)
tulioaraujjo: shows [Ac 7c] (two pair, Sevens and Threes)
tulioaraujjo collected $5.09 from pot
*** SUMMARY ***
Total pot $5.27 | Rake $0.18 
Board [2s 7s 3d Th 3h]
Seat 1: unmöglich1 showed [4s 4c] and lost with two pair, Fours and Threes
Seat 4: tulioaraujjo (button) showed [Ac 7c] and won ($5.09) with two pair, Sevens and Threes
Seat 8: Ludesale (small blind) folded before Flop
Seat 9: Dorex2007 (big blind) folded on the Flop



