PokerStars Hand #223661226881:  Hold'em No Limit ($0.01/$0.02 USD) - 2021/02/10 14:06:29 PT [2021/02/10 17:06:29 ET]
Table 'Vaticana VI' 9-max Seat #6 is the button
Seat 1: scer1974 ($0.88 in chips) 
Seat 2: the_brave83 ($1.61 in chips) 
Seat 3: Rick101999 ($2.91 in chips) 
Seat 4: shuhrat19744 ($2.07 in chips) 
Seat 5: miseallin ($0.23 in chips) 
Seat 6: maiky111 ($3.71 in chips) 
Seat 7: Eddie324co ($2 in chips) 
Seat 8: Dorex2007 ($1.50 in chips) 
Seat 9: Farlafmsu ($3.01 in chips) 
Eddie324co: posts small blind $0.01
Dorex2007: posts big blind $0.02
*** HOLE CARDS ***
Dealt to Dorex2007 [9s Th]
Farlafmsu: folds 
scer1974: folds 
the_brave83: folds 
Rick101999: folds 
shuhrat19744: folds 
miseallin: folds 
miseallin leaves the table
maiky111: raises $0.04 to $0.06
Eddie324co: folds 
Dorex2007: folds 
Uncalled bet ($0.04) returned to maiky111
maiky111 collected $0.05 from pot
maiky111: doesn't show hand 
*** SUMMARY ***
Total pot $0.05 | Rake $0 
Seat 1: scer1974 folded before Flop (didn't bet)
Seat 2: the_brave83 folded before Flop (didn't bet)
Seat 3: Rick101999 folded before Flop (didn't bet)
Seat 4: shuhrat19744 folded before Flop (didn't bet)
Seat 5: miseallin folded before Flop (didn't bet)
Seat 6: maiky111 (button) collected ($0.05)
Seat 7: Eddie324co (small blind) folded before Flop
Seat 8: Dorex2007 (big blind) folded before Flop
Seat 9: Farlafmsu folded before Flop (didn't bet)



PokerStars Hand #223661243192:  Hold'em No Limit ($0.01/$0.02 USD) - 2021/02/10 14:06:52 PT [2021/02/10 17:06:52 ET]
Table 'Vaticana VI' 9-max Seat #7 is the button
Seat 1: scer1974 ($0.88 in chips) 
Seat 2: the_brave83 ($1.61 in chips) 
Seat 3: Rick101999 ($2.91 in chips) 
Seat 4: shuhrat19744 ($2.07 in chips) 
Seat 6: maiky111 ($3.74 in chips) 
Seat 7: Eddie324co ($2 in chips) 
Seat 8: Dorex2007 ($1.48 in chips) 
Dorex2007: posts small blind $0.01
Farlafmsu: is sitting out 
scer1974: posts big blind $0.02
*** HOLE CARDS ***
Dealt to Dorex2007 [9d Jd]
the_brave83: folds 
Rick101999: folds 
shuhrat19744: folds 
maiky111: folds 
Eddie324co: folds 
Farlafmsu leaves the table
Dorex2007: raises $0.02 to $0.04
scer1974: calls $0.02
*** FLOP *** [Ah 7s Qs]
Dorex2007: bets $0.04
scer1974: calls $0.04
*** TURN *** [Ah 7s Qs] [5s]
Dorex2007: bets $0.15
scer1974: calls $0.15
*** RIVER *** [Ah 7s Qs 5s] [Ts]
Dorex2007: checks 
scer1974: bets $0.06
JF_Souza joins the table at seat #9 
Dorex2007: folds 
Uncalled bet ($0.06) returned to scer1974
scer1974 collected $0.44 from pot
scer1974: doesn't show hand 
*** SUMMARY ***
Total pot $0.46 | Rake $0.02 
Board [Ah 7s Qs 5s Ts]
Seat 1: scer1974 (big blind) collected ($0.44)
Seat 2: the_brave83 folded before Flop (didn't bet)
Seat 3: Rick101999 folded before Flop (didn't bet)
Seat 4: shuhrat19744 folded before Flop (didn't bet)
Seat 6: maiky111 folded before Flop (didn't bet)
Seat 7: Eddie324co (button) folded before Flop (didn't bet)
Seat 8: Dorex2007 (small blind) folded on the River



PokerStars Hand #223661278310:  Hold'em No Limit ($0.01/$0.02 USD) - 2021/02/10 14:07:41 PT [2021/02/10 17:07:41 ET]
Table 'Vaticana VI' 9-max Seat #8 is the button
Seat 1: scer1974 ($1.09 in chips) 
Seat 2: the_brave83 ($1.61 in chips) 
Seat 3: Rick101999 ($2.91 in chips) 
Seat 4: shuhrat19744 ($2.07 in chips) 
Seat 6: maiky111 ($3.74 in chips) 
Seat 7: Eddie324co ($2 in chips) 
Seat 8: Dorex2007 ($1.25 in chips) 
scer1974: posts small blind $0.01
the_brave83: posts big blind $0.02
*** HOLE CARDS ***
Dealt to Dorex2007 [3h Kc]
Rick101999: folds 
shuhrat19744: folds 
maiky111: folds 
Eddie324co: raises $0.04 to $0.06
Dorex2007: folds 
scer1974: calls $0.05
the_brave83: folds 
*** FLOP *** [Qc Js Ac]
pisike649 joins the table at seat #5 
scer1974: checks 
Eddie324co: bets $0.08
scer1974: calls $0.08
*** TURN *** [Qc Js Ac] [5h]
scer1974: checks 
Eddie324co: bets $0.15
scer1974: folds 
Uncalled bet ($0.15) returned to Eddie324co
Eddie324co collected $0.29 from pot
Eddie324co: doesn't show hand 
*** SUMMARY ***
Total pot $0.30 | Rake $0.01 
Board [Qc Js Ac 5h]
Seat 1: scer1974 (small blind) folded on the Turn
Seat 2: the_brave83 (big blind) folded before Flop
Seat 3: Rick101999 folded before Flop (didn't bet)
Seat 4: shuhrat19744 folded before Flop (didn't bet)
Seat 6: maiky111 folded before Flop (didn't bet)
Seat 7: Eddie324co collected ($0.29)
Seat 8: Dorex2007 (button) folded before Flop (didn't bet)



PokerStars Hand #223661320110:  Hold'em No Limit ($0.01/$0.02 USD) - 2021/02/10 14:08:29 PT [2021/02/10 17:08:29 ET]
Table 'Vaticana VI' 9-max Seat #1 is the button
Seat 1: scer1974 ($0.95 in chips) 
Seat 2: the_brave83 ($1.59 in chips) 
Seat 3: Rick101999 ($2.91 in chips) 
Seat 4: shuhrat19744 ($2.07 in chips) 
Seat 5: pisike649 ($2 in chips) 
Seat 6: maiky111 ($3.74 in chips) 
Seat 7: Eddie324co ($2.15 in chips) 
Seat 8: Dorex2007 ($1.50 in chips) 
Seat 9: JF_Souza ($1.33 in chips) 
the_brave83: posts small blind $0.01
Rick101999: posts big blind $0.02
pisike649: posts big blind $0.02
JF_Souza: posts big blind $0.02
*** HOLE CARDS ***
Dealt to Dorex2007 [7d 2c]
shuhrat19744: folds 
pisike649: checks 
maiky111: raises $0.08 to $0.10
Eddie324co: folds 
Dorex2007: folds 
JF_Souza: folds 
scer1974: folds 
the_brave83: folds 
Rick101999: folds 
pisike649: folds 
Uncalled bet ($0.08) returned to maiky111
maiky111 collected $0.09 from pot
maiky111: doesn't show hand 
*** SUMMARY ***
Total pot $0.09 | Rake $0 
Seat 1: scer1974 (button) folded before Flop (didn't bet)
Seat 2: the_brave83 (small blind) folded before Flop
Seat 3: Rick101999 (big blind) folded before Flop
Seat 4: shuhrat19744 folded before Flop (didn't bet)
Seat 5: pisike649 folded before Flop (didn't bet)
Seat 6: maiky111 collected ($0.09)
Seat 7: Eddie324co folded before Flop (didn't bet)
Seat 8: Dorex2007 folded before Flop (didn't bet)
Seat 9: JF_Souza folded before Flop (didn't bet)



PokerStars Hand #223661349109:  Hold'em No Limit ($0.01/$0.02 USD) - 2021/02/10 14:09:10 PT [2021/02/10 17:09:10 ET]
Table 'Vaticana VI' 9-max Seat #2 is the button
Seat 1: scer1974 ($0.95 in chips) 
Seat 2: the_brave83 ($1.58 in chips) 
Seat 3: Rick101999 ($2.89 in chips) 
Seat 4: shuhrat19744 ($2.07 in chips) 
Seat 5: pisike649 ($1.98 in chips) 
Seat 6: maiky111 ($3.81 in chips) 
Seat 7: Eddie324co ($2.15 in chips) 
Seat 8: Dorex2007 ($1.50 in chips) 
Seat 9: JF_Souza ($1.31 in chips) 
Rick101999: posts small blind $0.01
shuhrat19744: posts big blind $0.02
*** HOLE CARDS ***
Dealt to Dorex2007 [4s 7d]
pisike649: folds 
maiky111: folds 
Eddie324co: folds 
Dorex2007: folds 
JF_Souza: folds 
scer1974: raises $0.02 to $0.04
the_brave83: folds 
Rick101999: raises $0.14 to $0.18
shuhrat19744: folds 
scer1974: folds 
Uncalled bet ($0.14) returned to Rick101999
Rick101999 collected $0.10 from pot
Rick101999: doesn't show hand 
*** SUMMARY ***
Total pot $0.10 | Rake $0 
Seat 1: scer1974 folded before Flop
Seat 2: the_brave83 (button) folded before Flop (didn't bet)
Seat 3: Rick101999 (small blind) collected ($0.10)
Seat 4: shuhrat19744 (big blind) folded before Flop
Seat 5: pisike649 folded before Flop (didn't bet)
Seat 6: maiky111 folded before Flop (didn't bet)
Seat 7: Eddie324co folded before Flop (didn't bet)
Seat 8: Dorex2007 folded before Flop (didn't bet)
Seat 9: JF_Souza folded before Flop (didn't bet)



PokerStars Hand #223661369036:  Hold'em No Limit ($0.01/$0.02 USD) - 2021/02/10 14:09:38 PT [2021/02/10 17:09:38 ET]
Table 'Vaticana VI' 9-max Seat #3 is the button
Seat 1: scer1974 ($0.91 in chips) 
Seat 2: the_brave83 ($1.58 in chips) 
Seat 3: Rick101999 ($2.95 in chips) 
Seat 4: shuhrat19744 ($2.05 in chips) 
Seat 5: pisike649 ($1.98 in chips) 
Seat 6: maiky111 ($3.81 in chips) 
Seat 7: Eddie324co ($2.15 in chips) 
Seat 8: Dorex2007 ($1.50 in chips) 
Seat 9: JF_Souza ($1.31 in chips) 
shuhrat19744: posts small blind $0.01
pisike649: posts big blind $0.02
*** HOLE CARDS ***
Dealt to Dorex2007 [2h Td]
maiky111: folds 
Eddie324co: folds 
Dorex2007: folds 
JF_Souza: folds 
scer1974: folds 
the_brave83: folds 
Rick101999: folds 
shuhrat19744: folds 
Uncalled bet ($0.01) returned to pisike649
pisike649 collected $0.02 from pot
pisike649: doesn't show hand 
*** SUMMARY ***
Total pot $0.02 | Rake $0 
Seat 1: scer1974 folded before Flop (didn't bet)
Seat 2: the_brave83 folded before Flop (didn't bet)
Seat 3: Rick101999 (button) folded before Flop (didn't bet)
Seat 4: shuhrat19744 (small blind) folded before Flop
Seat 5: pisike649 (big blind) collected ($0.02)
Seat 6: maiky111 folded before Flop (didn't bet)
Seat 7: Eddie324co folded before Flop (didn't bet)
Seat 8: Dorex2007 folded before Flop (didn't bet)
Seat 9: JF_Souza folded before Flop (didn't bet)



PokerStars Hand #223661379779:  Hold'em No Limit ($0.01/$0.02 USD) - 2021/02/10 14:09:53 PT [2021/02/10 17:09:53 ET]
Table 'Vaticana VI' 9-max Seat #4 is the button
Seat 1: scer1974 ($0.91 in chips) 
Seat 2: the_brave83 ($1.58 in chips) 
Seat 3: Rick101999 ($2.95 in chips) 
Seat 4: shuhrat19744 ($2.04 in chips) 
Seat 5: pisike649 ($1.99 in chips) 
Seat 7: Eddie324co ($2.15 in chips) 
Seat 8: Dorex2007 ($1.50 in chips) 
Seat 9: JF_Souza ($1.31 in chips) 
pisike649: posts small blind $0.01
maiky111: is sitting out 
Eddie324co: posts big blind $0.02
*** HOLE CARDS ***
Dealt to Dorex2007 [Qd 4s]
Dorex2007: folds 
JF_Souza: folds 
scer1974: folds 
the_brave83: folds 
Rick101999: raises $0.04 to $0.06
shuhrat19744: folds 
maiky111 leaves the table
Waltz3884 joins the table at seat #6 
pisike649: raises $0.14 to $0.20
Eddie324co: folds 
Rick101999: folds 
Uncalled bet ($0.14) returned to pisike649
pisike649 collected $0.14 from pot
pisike649: doesn't show hand 
*** SUMMARY ***
Total pot $0.14 | Rake $0 
Seat 1: scer1974 folded before Flop (didn't bet)
Seat 2: the_brave83 folded before Flop (didn't bet)
Seat 3: Rick101999 folded before Flop
Seat 4: shuhrat19744 (button) folded before Flop (didn't bet)
Seat 5: pisike649 (small blind) collected ($0.14)
Seat 7: Eddie324co (big blind) folded before Flop
Seat 8: Dorex2007 folded before Flop (didn't bet)
Seat 9: JF_Souza folded before Flop (didn't bet)



PokerStars Hand #223661401844:  Hold'em No Limit ($0.01/$0.02 USD) - 2021/02/10 14:10:20 PT [2021/02/10 17:10:20 ET]
Table 'Vaticana VI' 9-max Seat #5 is the button
Seat 1: scer1974 ($0.91 in chips) 
Seat 2: the_brave83 ($1.58 in chips) 
Seat 3: Rick101999 ($2.89 in chips) 
Seat 4: shuhrat19744 ($2.04 in chips) 
Seat 5: pisike649 ($2.07 in chips) 
Seat 7: Eddie324co ($2.13 in chips) 
Seat 8: Dorex2007 ($1.50 in chips) 
Seat 9: JF_Souza ($1.31 in chips) 
Eddie324co: posts small blind $0.01
Dorex2007: posts big blind $0.02
*** HOLE CARDS ***
Dealt to Dorex2007 [Ac 5c]
JF_Souza: folds 
scer1974: folds 
the_brave83: calls $0.02
Rick101999: folds 
shuhrat19744: folds 
pisike649 has timed out
pisike649: folds 
Eddie324co: folds 
Dorex2007: checks 
*** FLOP *** [8h Ts 2c]
Dorex2007: checks 
the_brave83: checks 
*** TURN *** [8h Ts 2c] [Js]
Dorex2007: checks 
the_brave83: checks 
*** RIVER *** [8h Ts 2c Js] [2s]
Dorex2007: bets $0.10
the_brave83: folds 
Uncalled bet ($0.10) returned to Dorex2007
Dorex2007 collected $0.05 from pot
Dorex2007: doesn't show hand 
*** SUMMARY ***
Total pot $0.05 | Rake $0 
Board [8h Ts 2c Js 2s]
Seat 1: scer1974 folded before Flop (didn't bet)
Seat 2: the_brave83 folded on the River
Seat 3: Rick101999 folded before Flop (didn't bet)
Seat 4: shuhrat19744 folded before Flop (didn't bet)
Seat 5: pisike649 (button) folded before Flop (didn't bet)
Seat 7: Eddie324co (small blind) folded before Flop
Seat 8: Dorex2007 (big blind) collected ($0.05)
Seat 9: JF_Souza folded before Flop (didn't bet)



PokerStars Hand #223661437322:  Hold'em No Limit ($0.01/$0.02 USD) - 2021/02/10 14:11:10 PT [2021/02/10 17:11:10 ET]
Table 'Vaticana VI' 9-max Seat #7 is the button
Seat 1: scer1974 ($0.91 in chips) 
Seat 2: the_brave83 ($1.56 in chips) 
Seat 3: Rick101999 ($2.89 in chips) 
Seat 4: shuhrat19744 ($2.04 in chips) 
Seat 5: pisike649 ($2.07 in chips) 
Seat 6: Waltz3884 ($1.60 in chips) 
Seat 7: Eddie324co ($2.12 in chips) 
Seat 8: Dorex2007 ($1.53 in chips) 
Seat 9: JF_Souza ($1.31 in chips) 
Dorex2007: posts small blind $0.01
JF_Souza: posts big blind $0.02
Waltz3884: posts big blind $0.02
*** HOLE CARDS ***
Dealt to Dorex2007 [Ac 3d]
scer1974: folds 
the_brave83: raises $0.04 to $0.06
Rick101999: folds 
shuhrat19744: folds 
pisike649 has timed out
pisike649: folds 
Waltz3884: calls $0.04
Eddie324co: folds 
Dorex2007: folds 
JF_Souza: folds 
*** FLOP *** [8c Qd As]
the_brave83: checks 
Waltz3884: bets $0.08
the_brave83: folds 
Uncalled bet ($0.08) returned to Waltz3884
Waltz3884 collected $0.14 from pot
Waltz3884: doesn't show hand 
*** SUMMARY ***
Total pot $0.15 | Rake $0.01 
Board [8c Qd As]
Seat 1: scer1974 folded before Flop (didn't bet)
Seat 2: the_brave83 folded on the Flop
Seat 3: Rick101999 folded before Flop (didn't bet)
Seat 4: shuhrat19744 folded before Flop (didn't bet)
Seat 5: pisike649 folded before Flop (didn't bet)
Seat 6: Waltz3884 collected ($0.14)
Seat 7: Eddie324co (button) folded before Flop (didn't bet)
Seat 8: Dorex2007 (small blind) folded before Flop
Seat 9: JF_Souza (big blind) folded before Flop



PokerStars Hand #223661474983:  Hold'em No Limit ($0.01/$0.02 USD) - 2021/02/10 14:12:04 PT [2021/02/10 17:12:04 ET]
Table 'Vaticana VI' 9-max Seat #8 is the button
Seat 1: scer1974 ($0.91 in chips) 
Seat 2: the_brave83 ($1.50 in chips) 
Seat 3: Rick101999 ($2.89 in chips) 
Seat 4: shuhrat19744 ($2.04 in chips) 
Seat 5: pisike649 ($2.07 in chips) 
Seat 6: Waltz3884 ($1.68 in chips) 
Seat 7: Eddie324co ($2.12 in chips) 
Seat 8: Dorex2007 ($1.52 in chips) 
Seat 9: JF_Souza ($1.29 in chips) 
JF_Souza: posts small blind $0.01
scer1974: posts big blind $0.02
*** HOLE CARDS ***
Dealt to Dorex2007 [3s 3d]
the_brave83: folds 
Rick101999: folds 
shuhrat19744: folds 
pisike649: folds 
Waltz3884: folds 
Eddie324co: folds 
Dorex2007: raises $0.04 to $0.06
JF_Souza: folds 
scer1974: calls $0.04
*** FLOP *** [Kd 4s Td]
scer1974: bets $0.08
Dorex2007: calls $0.08
*** TURN *** [Kd 4s Td] [5d]
scer1974: bets $0.14
Dorex2007: raises $0.56 to $0.70
scer1974: folds 
Uncalled bet ($0.56) returned to Dorex2007
Dorex2007 collected $0.55 from pot
Dorex2007: doesn't show hand 
*** SUMMARY ***
Total pot $0.57 | Rake $0.02 
Board [Kd 4s Td 5d]
Seat 1: scer1974 (big blind) folded on the Turn
Seat 2: the_brave83 folded before Flop (didn't bet)
Seat 3: Rick101999 folded before Flop (didn't bet)
Seat 4: shuhrat19744 folded before Flop (didn't bet)
Seat 5: pisike649 folded before Flop (didn't bet)
Seat 6: Waltz3884 folded before Flop (didn't bet)
Seat 7: Eddie324co folded before Flop (didn't bet)
Seat 8: Dorex2007 (button) collected ($0.55)
Seat 9: JF_Souza (small blind) folded before Flop



PokerStars Hand #223661511637:  Hold'em No Limit ($0.01/$0.02 USD) - 2021/02/10 14:12:57 PT [2021/02/10 17:12:57 ET]
Table 'Vaticana VI' 9-max Seat #9 is the button
Seat 1: scer1974 ($0.63 in chips) 
Seat 2: the_brave83 ($1.50 in chips) 
Seat 3: Rick101999 ($2.89 in chips) 
Seat 4: shuhrat19744 ($2.04 in chips) 
Seat 5: pisike649 ($2.07 in chips) 
Seat 6: Waltz3884 ($1.68 in chips) 
Seat 7: Eddie324co ($2.12 in chips) 
Seat 8: Dorex2007 ($1.79 in chips) 
Seat 9: JF_Souza ($1.28 in chips) 
scer1974: posts small blind $0.01
the_brave83: posts big blind $0.02
*** HOLE CARDS ***
Dealt to Dorex2007 [8d 3d]
Rick101999: folds 
shuhrat19744: folds 
pisike649: folds 
Waltz3884: folds 
Eddie324co: folds 
Dorex2007: folds 
JF_Souza: folds 
scer1974: calls $0.01
the_brave83: checks 
*** FLOP *** [Kc Kh 3c]
scer1974: checks 
the_brave83: checks 
*** TURN *** [Kc Kh 3c] [Jc]
scer1974: checks 
the_brave83: checks 
*** RIVER *** [Kc Kh 3c Jc] [Ah]
scer1974: checks 
the_brave83: checks 
*** SHOW DOWN ***
scer1974: shows [5s 8h] (a pair of Kings)
the_brave83: mucks hand 
scer1974 collected $0.04 from pot
*** SUMMARY ***
Total pot $0.04 | Rake $0 
Board [Kc Kh 3c Jc Ah]
Seat 1: scer1974 (small blind) showed [5s 8h] and won ($0.04) with a pair of Kings
Seat 2: the_brave83 (big blind) mucked [4c 6s]
Seat 3: Rick101999 folded before Flop (didn't bet)
Seat 4: shuhrat19744 folded before Flop (didn't bet)
Seat 5: pisike649 folded before Flop (didn't bet)
Seat 6: Waltz3884 folded before Flop (didn't bet)
Seat 7: Eddie324co folded before Flop (didn't bet)
Seat 8: Dorex2007 folded before Flop (didn't bet)
Seat 9: JF_Souza (button) folded before Flop (didn't bet)



PokerStars Hand #223661543255:  Hold'em No Limit ($0.01/$0.02 USD) - 2021/02/10 14:13:43 PT [2021/02/10 17:13:43 ET]
Table 'Vaticana VI' 9-max Seat #1 is the button
Seat 1: scer1974 ($0.65 in chips) 
Seat 2: the_brave83 ($1.48 in chips) 
Seat 3: Rick101999 ($2.89 in chips) 
Seat 4: shuhrat19744 ($2.04 in chips) 
Seat 5: pisike649 ($2.07 in chips) 
Seat 6: Waltz3884 ($1.68 in chips) 
Seat 7: Eddie324co ($2.12 in chips) 
Seat 8: Dorex2007 ($1.79 in chips) 
Seat 9: JF_Souza ($1.28 in chips) 
the_brave83: posts small blind $0.01
Rick101999: posts big blind $0.02
*** HOLE CARDS ***
Dealt to Dorex2007 [Js 2h]
shuhrat19744: raises $0.04 to $0.06
pisike649: calls $0.06
Waltz3884: folds 
Eddie324co: folds 
Dorex2007: folds 
JF_Souza: raises $0.22 to $0.28
scer1974: folds 
the_brave83: folds 
Rick101999: folds 
shuhrat19744: folds 
pisike649: folds 
Uncalled bet ($0.22) returned to JF_Souza
JF_Souza collected $0.21 from pot
JF_Souza: doesn't show hand 
*** SUMMARY ***
Total pot $0.21 | Rake $0 
Seat 1: scer1974 (button) folded before Flop (didn't bet)
Seat 2: the_brave83 (small blind) folded before Flop
Seat 3: Rick101999 (big blind) folded before Flop
Seat 4: shuhrat19744 folded before Flop
Seat 5: pisike649 folded before Flop
Seat 6: Waltz3884 folded before Flop (didn't bet)
Seat 7: Eddie324co folded before Flop (didn't bet)
Seat 8: Dorex2007 folded before Flop (didn't bet)
Seat 9: JF_Souza collected ($0.21)



PokerStars Hand #223661572344:  Hold'em No Limit ($0.01/$0.02 USD) - 2021/02/10 14:14:24 PT [2021/02/10 17:14:24 ET]
Table 'Vaticana VI' 9-max Seat #2 is the button
Seat 1: scer1974 ($0.65 in chips) 
Seat 2: the_brave83 ($1.47 in chips) 
Seat 3: Rick101999 ($2.87 in chips) 
Seat 4: shuhrat19744 ($2 in chips) 
Seat 5: pisike649 ($2.01 in chips) 
Seat 6: Waltz3884 ($1.68 in chips) 
Seat 7: Eddie324co ($2.12 in chips) 
Seat 8: Dorex2007 ($1.79 in chips) 
Seat 9: JF_Souza ($1.43 in chips) 
Rick101999: posts small blind $0.01
shuhrat19744: posts big blind $0.02
*** HOLE CARDS ***
Dealt to Dorex2007 [Tc Qc]
pisike649: folds 
Waltz3884: folds 
Eddie324co: folds 
Dorex2007: raises $0.04 to $0.06
JF_Souza: folds 
scer1974: folds 
the_brave83: folds 
Rick101999: folds 
shuhrat19744: folds 
Uncalled bet ($0.04) returned to Dorex2007
Dorex2007 collected $0.05 from pot
Dorex2007: doesn't show hand 
*** SUMMARY ***
Total pot $0.05 | Rake $0 
Seat 1: scer1974 folded before Flop (didn't bet)
Seat 2: the_brave83 (button) folded before Flop (didn't bet)
Seat 3: Rick101999 (small blind) folded before Flop
Seat 4: shuhrat19744 (big blind) folded before Flop
Seat 5: pisike649 folded before Flop (didn't bet)
Seat 6: Waltz3884 folded before Flop (didn't bet)
Seat 7: Eddie324co folded before Flop (didn't bet)
Seat 8: Dorex2007 collected ($0.05)
Seat 9: JF_Souza folded before Flop (didn't bet)



PokerStars Hand #223661586556:  Hold'em No Limit ($0.01/$0.02 USD) - 2021/02/10 14:14:45 PT [2021/02/10 17:14:45 ET]
Table 'Vaticana VI' 9-max Seat #3 is the button
Seat 1: scer1974 ($0.65 in chips) 
Seat 2: the_brave83 ($1.47 in chips) 
Seat 3: Rick101999 ($2.86 in chips) 
Seat 4: shuhrat19744 ($2 in chips) 
Seat 5: pisike649 ($2.01 in chips) 
Seat 6: Waltz3884 ($1.68 in chips) 
Seat 7: Eddie324co ($2.12 in chips) 
Seat 8: Dorex2007 ($1.82 in chips) 
Seat 9: JF_Souza ($1.43 in chips) 
shuhrat19744: posts small blind $0.01
pisike649: posts big blind $0.02
*** HOLE CARDS ***
Dealt to Dorex2007 [Kd As]
Waltz3884: folds 
Eddie324co: folds 
Dorex2007: raises $0.06 to $0.08
JF_Souza: folds 
scer1974: folds 
the_brave83: folds 
Rick101999: folds 
shuhrat19744: folds 
pisike649: calls $0.06
*** FLOP *** [Ad Ac 5s]
pisike649: checks 
Dorex2007: checks 
*** TURN *** [Ad Ac 5s] [5c]
pisike649: bets $0.08
Dorex2007: calls $0.08
*** RIVER *** [Ad Ac 5s 5c] [8d]
pisike649: checks 
Dorex2007: bets $0.16
pisike649: folds 
Uncalled bet ($0.16) returned to Dorex2007
Dorex2007 collected $0.32 from pot
Dorex2007: doesn't show hand 
*** SUMMARY ***
Total pot $0.33 | Rake $0.01 
Board [Ad Ac 5s 5c 8d]
Seat 1: scer1974 folded before Flop (didn't bet)
Seat 2: the_brave83 folded before Flop (didn't bet)
Seat 3: Rick101999 (button) folded before Flop (didn't bet)
Seat 4: shuhrat19744 (small blind) folded before Flop
Seat 5: pisike649 (big blind) folded on the River
Seat 6: Waltz3884 folded before Flop (didn't bet)
Seat 7: Eddie324co folded before Flop (didn't bet)
Seat 8: Dorex2007 collected ($0.32)
Seat 9: JF_Souza folded before Flop (didn't bet)



PokerStars Hand #223661621457:  Hold'em No Limit ($0.01/$0.02 USD) - 2021/02/10 14:15:35 PT [2021/02/10 17:15:35 ET]
Table 'Vaticana VI' 9-max Seat #4 is the button
Seat 1: scer1974 ($0.65 in chips) 
Seat 2: the_brave83 ($1.47 in chips) 
Seat 3: Rick101999 ($2.86 in chips) 
Seat 4: shuhrat19744 ($2 in chips) 
Seat 5: pisike649 ($1.85 in chips) 
Seat 6: Waltz3884 ($1.68 in chips) 
Seat 7: Eddie324co ($2.12 in chips) 
Seat 8: Dorex2007 ($1.98 in chips) 
Seat 9: JF_Souza ($1.43 in chips) 
pisike649: posts small blind $0.01
Waltz3884: posts big blind $0.02
*** HOLE CARDS ***
Dealt to Dorex2007 [8d Kc]
Eddie324co: raises $0.04 to $0.06
Dorex2007: folds 
JF_Souza: folds 
scer1974: folds 
the_brave83: folds 
Rick101999: folds 
shuhrat19744: calls $0.06
pisike649: folds 
Waltz3884: calls $0.04
*** FLOP *** [7d 5c Qs]
Waltz3884: checks 
Eddie324co: checks 
shuhrat19744: bets $0.14
Waltz3884: folds 
Eddie324co: folds 
Uncalled bet ($0.14) returned to shuhrat19744
shuhrat19744 collected $0.18 from pot
shuhrat19744: doesn't show hand 
*** SUMMARY ***
Total pot $0.19 | Rake $0.01 
Board [7d 5c Qs]
Seat 1: scer1974 folded before Flop (didn't bet)
Seat 2: the_brave83 folded before Flop (didn't bet)
Seat 3: Rick101999 folded before Flop (didn't bet)
Seat 4: shuhrat19744 (button) collected ($0.18)
Seat 5: pisike649 (small blind) folded before Flop
Seat 6: Waltz3884 (big blind) folded on the Flop
Seat 7: Eddie324co folded on the Flop
Seat 8: Dorex2007 folded before Flop (didn't bet)
Seat 9: JF_Souza folded before Flop (didn't bet)



PokerStars Hand #223661641523:  Hold'em No Limit ($0.01/$0.02 USD) - 2021/02/10 14:16:04 PT [2021/02/10 17:16:04 ET]
Table 'Vaticana VI' 9-max Seat #5 is the button
Seat 1: scer1974 ($0.65 in chips) 
Seat 2: the_brave83 ($1.47 in chips) 
Seat 3: Rick101999 ($2.86 in chips) 
Seat 4: shuhrat19744 ($2.12 in chips) 
Seat 5: pisike649 ($1.84 in chips) 
Seat 6: Waltz3884 ($1.62 in chips) 
Seat 7: Eddie324co ($2.06 in chips) 
Seat 8: Dorex2007 ($1.98 in chips) 
Seat 9: JF_Souza ($1.43 in chips) 
Waltz3884: posts small blind $0.01
Eddie324co: posts big blind $0.02
*** HOLE CARDS ***
Dealt to Dorex2007 [Qh 7d]
Dorex2007: folds 
JF_Souza: raises $0.03 to $0.05
scer1974: folds 
the_brave83: folds 
Rick101999: folds 
shuhrat19744: folds 
pisike649: folds 
Waltz3884: folds 
Eddie324co: folds 
Uncalled bet ($0.03) returned to JF_Souza
JF_Souza collected $0.05 from pot
JF_Souza: doesn't show hand 
*** SUMMARY ***
Total pot $0.05 | Rake $0 
Seat 1: scer1974 folded before Flop (didn't bet)
Seat 2: the_brave83 folded before Flop (didn't bet)
Seat 3: Rick101999 folded before Flop (didn't bet)
Seat 4: shuhrat19744 folded before Flop (didn't bet)
Seat 5: pisike649 (button) folded before Flop (didn't bet)
Seat 6: Waltz3884 (small blind) folded before Flop
Seat 7: Eddie324co (big blind) folded before Flop
Seat 8: Dorex2007 folded before Flop (didn't bet)
Seat 9: JF_Souza collected ($0.05)



PokerStars Hand #223661650334:  Hold'em No Limit ($0.01/$0.02 USD) - 2021/02/10 14:16:16 PT [2021/02/10 17:16:16 ET]
Table 'Vaticana VI' 9-max Seat #6 is the button
Seat 1: scer1974 ($0.65 in chips) 
Seat 2: the_brave83 ($1.47 in chips) 
Seat 3: Rick101999 ($2.86 in chips) 
Seat 4: shuhrat19744 ($2.12 in chips) 
Seat 5: pisike649 ($1.84 in chips) 
Seat 6: Waltz3884 ($1.61 in chips) 
Seat 7: Eddie324co ($2.04 in chips) 
Seat 8: Dorex2007 ($1.98 in chips) 
Seat 9: JF_Souza ($1.46 in chips) 
Eddie324co: posts small blind $0.01
Dorex2007: posts big blind $0.02
*** HOLE CARDS ***
Dealt to Dorex2007 [3d 7s]
JF_Souza: folds 
scer1974: folds 
the_brave83: folds 
Rick101999: raises $0.04 to $0.06
shuhrat19744: folds 
pisike649: folds 
Waltz3884: folds 
Eddie324co: folds 
Dorex2007: folds 
Uncalled bet ($0.04) returned to Rick101999
Rick101999 collected $0.05 from pot
Rick101999: doesn't show hand 
*** SUMMARY ***
Total pot $0.05 | Rake $0 
Seat 1: scer1974 folded before Flop (didn't bet)
Seat 2: the_brave83 folded before Flop (didn't bet)
Seat 3: Rick101999 collected ($0.05)
Seat 4: shuhrat19744 folded before Flop (didn't bet)
Seat 5: pisike649 folded before Flop (didn't bet)
Seat 6: Waltz3884 (button) folded before Flop (didn't bet)
Seat 7: Eddie324co (small blind) folded before Flop
Seat 8: Dorex2007 (big blind) folded before Flop
Seat 9: JF_Souza folded before Flop (didn't bet)



PokerStars Hand #223661665146:  Hold'em No Limit ($0.01/$0.02 USD) - 2021/02/10 14:16:37 PT [2021/02/10 17:16:37 ET]
Table 'Vaticana VI' 9-max Seat #7 is the button
Seat 1: scer1974 ($0.65 in chips) 
Seat 2: the_brave83 ($1.47 in chips) 
Seat 3: Rick101999 ($2.89 in chips) 
Seat 4: shuhrat19744 ($2.12 in chips) 
Seat 5: pisike649 ($1.84 in chips) 
Seat 6: Waltz3884 ($1.61 in chips) 
Seat 7: Eddie324co ($2.03 in chips) 
Seat 8: Dorex2007 ($1.96 in chips) 
Seat 9: JF_Souza ($1.46 in chips) 
Dorex2007: posts small blind $0.01
JF_Souza: posts big blind $0.02
*** HOLE CARDS ***
Dealt to Dorex2007 [Jc 8h]
scer1974: folds 
the_brave83: folds 
Rick101999: folds 
shuhrat19744: raises $0.04 to $0.06
pisike649: folds 
Waltz3884: folds 
Eddie324co: folds 
Dorex2007: folds 
JF_Souza: calls $0.04
*** FLOP *** [Qh 5d 4s]
JF_Souza: checks 
shuhrat19744: bets $0.10
JF_Souza: folds 
Uncalled bet ($0.10) returned to shuhrat19744
shuhrat19744 collected $0.13 from pot
shuhrat19744: doesn't show hand 
*** SUMMARY ***
Total pot $0.13 | Rake $0 
Board [Qh 5d 4s]
Seat 1: scer1974 folded before Flop (didn't bet)
Seat 2: the_brave83 folded before Flop (didn't bet)
Seat 3: Rick101999 folded before Flop (didn't bet)
Seat 4: shuhrat19744 collected ($0.13)
Seat 5: pisike649 folded before Flop (didn't bet)
Seat 6: Waltz3884 folded before Flop (didn't bet)
Seat 7: Eddie324co (button) folded before Flop (didn't bet)
Seat 8: Dorex2007 (small blind) folded before Flop
Seat 9: JF_Souza (big blind) folded on the Flop



PokerStars Hand #223661695856:  Hold'em No Limit ($0.01/$0.02 USD) - 2021/02/10 14:17:22 PT [2021/02/10 17:17:22 ET]
Table 'Vaticana VI' 9-max Seat #8 is the button
Seat 1: scer1974 ($0.65 in chips) 
Seat 2: the_brave83 ($1.47 in chips) 
Seat 3: Rick101999 ($2.89 in chips) 
Seat 4: shuhrat19744 ($2.19 in chips) 
Seat 5: pisike649 ($1.84 in chips) 
Seat 6: Waltz3884 ($1.61 in chips) 
Seat 7: Eddie324co ($2.03 in chips) 
Seat 8: Dorex2007 ($1.95 in chips) 
Seat 9: JF_Souza ($1.40 in chips) 
JF_Souza: posts small blind $0.01
scer1974: posts big blind $0.02
*** HOLE CARDS ***
Dealt to Dorex2007 [Kd 2s]
the_brave83: folds 
Rick101999: folds 
shuhrat19744: folds 
pisike649: folds 
Waltz3884: raises $0.04 to $0.06
Eddie324co: calls $0.06
Dorex2007: folds 
JF_Souza: folds 
scer1974: calls $0.04
*** FLOP *** [6h 8s 4s]
scer1974: checks 
Waltz3884: checks 
Eddie324co: bets $0.09
scer1974: calls $0.09
Waltz3884: folds 
*** TURN *** [6h 8s 4s] [Ac]
scer1974: checks 
Eddie324co: checks 
*** RIVER *** [6h 8s 4s Ac] [4h]
scer1974: checks 
Eddie324co: checks 
*** SHOW DOWN ***
scer1974: shows [9s Js] (a pair of Fours)
Eddie324co: shows [3d 3s] (two pair, Fours and Threes)
Eddie324co collected $0.36 from pot
*** SUMMARY ***
Total pot $0.37 | Rake $0.01 
Board [6h 8s 4s Ac 4h]
Seat 1: scer1974 (big blind) showed [9s Js] and lost with a pair of Fours
Seat 2: the_brave83 folded before Flop (didn't bet)
Seat 3: Rick101999 folded before Flop (didn't bet)
Seat 4: shuhrat19744 folded before Flop (didn't bet)
Seat 5: pisike649 folded before Flop (didn't bet)
Seat 6: Waltz3884 folded on the Flop
Seat 7: Eddie324co showed [3d 3s] and won ($0.36) with two pair, Fours and Threes
Seat 8: Dorex2007 (button) folded before Flop (didn't bet)
Seat 9: JF_Souza (small blind) folded before Flop



PokerStars Hand #223661737928:  Hold'em No Limit ($0.01/$0.02 USD) - 2021/02/10 14:18:21 PT [2021/02/10 17:18:21 ET]
Table 'Vaticana VI' 9-max Seat #9 is the button
Seat 1: scer1974 ($0.50 in chips) 
Seat 2: the_brave83 ($1.47 in chips) 
Seat 3: Rick101999 ($2.89 in chips) 
Seat 4: shuhrat19744 ($2.19 in chips) 
Seat 5: pisike649 ($1.84 in chips) 
Seat 6: Waltz3884 ($1.55 in chips) 
Seat 7: Eddie324co ($2.24 in chips) 
Seat 8: Dorex2007 ($1.95 in chips) 
Seat 9: JF_Souza ($1.39 in chips) 
scer1974: posts small blind $0.01
the_brave83: posts big blind $0.02
*** HOLE CARDS ***
Dealt to Dorex2007 [Td 7h]
Rick101999: raises $0.04 to $0.06
shuhrat19744: folds 
pisike649: folds 
Waltz3884: folds 
Eddie324co: folds 
Dorex2007: folds 
JF_Souza: folds 
scer1974: folds 
the_brave83: folds 
Uncalled bet ($0.04) returned to Rick101999
Rick101999 collected $0.05 from pot
Rick101999: doesn't show hand 
*** SUMMARY ***
Total pot $0.05 | Rake $0 
Seat 1: scer1974 (small blind) folded before Flop
Seat 2: the_brave83 (big blind) folded before Flop
Seat 3: Rick101999 collected ($0.05)
Seat 4: shuhrat19744 folded before Flop (didn't bet)
Seat 5: pisike649 folded before Flop (didn't bet)
Seat 6: Waltz3884 folded before Flop (didn't bet)
Seat 7: Eddie324co folded before Flop (didn't bet)
Seat 8: Dorex2007 folded before Flop (didn't bet)
Seat 9: JF_Souza (button) folded before Flop (didn't bet)



PokerStars Hand #223661750955:  Hold'em No Limit ($0.01/$0.02 USD) - 2021/02/10 14:18:40 PT [2021/02/10 17:18:40 ET]
Table 'Vaticana VI' 9-max Seat #1 is the button
Seat 1: scer1974 ($0.49 in chips) 
Seat 2: the_brave83 ($1.45 in chips) 
Seat 3: Rick101999 ($2.92 in chips) 
Seat 4: shuhrat19744 ($2.19 in chips) 
Seat 5: pisike649 ($1.84 in chips) 
Seat 6: Waltz3884 ($1.55 in chips) 
Seat 7: Eddie324co ($2.24 in chips) 
Seat 8: Dorex2007 ($1.95 in chips) 
Seat 9: JF_Souza ($1.39 in chips) 
the_brave83: posts small blind $0.01
Rick101999: posts big blind $0.02
*** HOLE CARDS ***
Dealt to Dorex2007 [Tc Qh]
shuhrat19744: calls $0.02
pisike649: folds 
Waltz3884: calls $0.02
Eddie324co: folds 
Dorex2007: calls $0.02
JF_Souza: folds 
scer1974: folds 
the_brave83: raises $0.04 to $0.06
Rick101999: calls $0.04
shuhrat19744: calls $0.04
Waltz3884: calls $0.04
Dorex2007: calls $0.04
*** FLOP *** [5c Jh Js]
the_brave83: checks 
Rick101999: checks 
shuhrat19744: checks 
Waltz3884: checks 
Dorex2007: bets $0.15
the_brave83: folds 
Rick101999: folds 
shuhrat19744: folds 
Waltz3884: folds 
Uncalled bet ($0.15) returned to Dorex2007
Dorex2007 collected $0.29 from pot
Dorex2007: doesn't show hand 
*** SUMMARY ***
Total pot $0.30 | Rake $0.01 
Board [5c Jh Js]
Seat 1: scer1974 (button) folded before Flop (didn't bet)
Seat 2: the_brave83 (small blind) folded on the Flop
Seat 3: Rick101999 (big blind) folded on the Flop
Seat 4: shuhrat19744 folded on the Flop
Seat 5: pisike649 folded before Flop (didn't bet)
Seat 6: Waltz3884 folded on the Flop
Seat 7: Eddie324co folded before Flop (didn't bet)
Seat 8: Dorex2007 collected ($0.29)
Seat 9: JF_Souza folded before Flop (didn't bet)



PokerStars Hand #223661786112:  Hold'em No Limit ($0.01/$0.02 USD) - 2021/02/10 14:19:31 PT [2021/02/10 17:19:31 ET]
Table 'Vaticana VI' 9-max Seat #2 is the button
Seat 1: scer1974 ($0.49 in chips) 
Seat 2: the_brave83 ($1.39 in chips) 
Seat 3: Rick101999 ($2.86 in chips) 
Seat 4: shuhrat19744 ($2.13 in chips) 
Seat 5: pisike649 ($1.84 in chips) 
Seat 6: Waltz3884 ($1.49 in chips) 
Seat 7: Eddie324co ($2.24 in chips) 
Seat 8: Dorex2007 ($2.18 in chips) 
Seat 9: JF_Souza ($1.39 in chips) 
Rick101999: posts small blind $0.01
shuhrat19744: posts big blind $0.02
*** HOLE CARDS ***
Dealt to Dorex2007 [3s Kh]
pisike649: folds 
Waltz3884: folds 
Eddie324co: raises $0.04 to $0.06
Dorex2007: folds 
JF_Souza: folds 
scer1974: folds 
the_brave83: folds 
Rick101999: calls $0.05
shuhrat19744: folds 
*** FLOP *** [7h Qs Ac]
Rick101999: checks 
Eddie324co: bets $0.08
Rick101999: folds 
Uncalled bet ($0.08) returned to Eddie324co
Eddie324co collected $0.14 from pot
Eddie324co: doesn't show hand 
*** SUMMARY ***
Total pot $0.14 | Rake $0 
Board [7h Qs Ac]
Seat 1: scer1974 folded before Flop (didn't bet)
Seat 2: the_brave83 (button) folded before Flop (didn't bet)
Seat 3: Rick101999 (small blind) folded on the Flop
Seat 4: shuhrat19744 (big blind) folded before Flop
Seat 5: pisike649 folded before Flop (didn't bet)
Seat 6: Waltz3884 folded before Flop (didn't bet)
Seat 7: Eddie324co collected ($0.14)
Seat 8: Dorex2007 folded before Flop (didn't bet)
Seat 9: JF_Souza folded before Flop (didn't bet)



PokerStars Hand #223661808281:  Hold'em No Limit ($0.01/$0.02 USD) - 2021/02/10 14:20:03 PT [2021/02/10 17:20:03 ET]
Table 'Vaticana VI' 9-max Seat #3 is the button
Seat 1: scer1974 ($0.49 in chips) 
Seat 2: the_brave83 ($1.39 in chips) 
Seat 3: Rick101999 ($2.80 in chips) 
Seat 4: shuhrat19744 ($2.11 in chips) 
Seat 5: pisike649 ($1.84 in chips) 
Seat 6: Waltz3884 ($1.49 in chips) 
Seat 7: Eddie324co ($2.32 in chips) 
Seat 8: Dorex2007 ($2.18 in chips) 
Seat 9: JF_Souza ($1.39 in chips) 
shuhrat19744: posts small blind $0.01
pisike649: posts big blind $0.02
*** HOLE CARDS ***
Dealt to Dorex2007 [9s Kc]
Waltz3884: folds 
Eddie324co: folds 
Dorex2007: folds 
JF_Souza: folds 
scer1974: raises $0.04 to $0.06
the_brave83: folds 
Rick101999: folds 
shuhrat19744: folds 
pisike649: calls $0.04
*** FLOP *** [Jc 7c 4d]
pisike649: checks 
scer1974: checks 
*** TURN *** [Jc 7c 4d] [Ts]
pisike649: checks 
scer1974: bets $0.06
pisike649: folds 
Uncalled bet ($0.06) returned to scer1974
scer1974 collected $0.13 from pot
scer1974: doesn't show hand 
*** SUMMARY ***
Total pot $0.13 | Rake $0 
Board [Jc 7c 4d Ts]
Seat 1: scer1974 collected ($0.13)
Seat 2: the_brave83 folded before Flop (didn't bet)
Seat 3: Rick101999 (button) folded before Flop (didn't bet)
Seat 4: shuhrat19744 (small blind) folded before Flop
Seat 5: pisike649 (big blind) folded on the Turn
Seat 6: Waltz3884 folded before Flop (didn't bet)
Seat 7: Eddie324co folded before Flop (didn't bet)
Seat 8: Dorex2007 folded before Flop (didn't bet)
Seat 9: JF_Souza folded before Flop (didn't bet)



PokerStars Hand #223661856826:  Hold'em No Limit ($0.01/$0.02 USD) - 2021/02/10 14:21:06 PT [2021/02/10 17:21:06 ET]
Table 'Vaticana VI' 9-max Seat #4 is the button
Seat 1: scer1974 ($0.56 in chips) 
Seat 2: the_brave83 ($1.39 in chips) 
Seat 3: Rick101999 ($2.80 in chips) 
Seat 4: shuhrat19744 ($2.10 in chips) 
Seat 5: pisike649 ($1.78 in chips) 
Seat 6: Waltz3884 ($1.49 in chips) 
Seat 7: Eddie324co ($2.32 in chips) 
Seat 8: Dorex2007 ($2.18 in chips) 
Seat 9: JF_Souza ($1.39 in chips) 
pisike649: posts small blind $0.01
Waltz3884: posts big blind $0.02
*** HOLE CARDS ***
Dealt to Dorex2007 [Ks Qh]
Eddie324co: folds 
Dorex2007: calls $0.02
JF_Souza: folds 
scer1974: folds 
the_brave83: folds 
Rick101999: folds 
shuhrat19744: folds 
pisike649: calls $0.01
Waltz3884: checks 
*** FLOP *** [Tc Ad 3d]
pisike649: bets $0.02
Waltz3884: calls $0.02
Dorex2007: calls $0.02
*** TURN *** [Tc Ad 3d] [8d]
pisike649: checks 
Waltz3884: checks 
Dorex2007: bets $0.12
pisike649: folds 
Waltz3884: folds 
Uncalled bet ($0.12) returned to Dorex2007
Dorex2007 collected $0.12 from pot
Dorex2007: doesn't show hand 
*** SUMMARY ***
Total pot $0.12 | Rake $0 
Board [Tc Ad 3d 8d]
Seat 1: scer1974 folded before Flop (didn't bet)
Seat 2: the_brave83 folded before Flop (didn't bet)
Seat 3: Rick101999 folded before Flop (didn't bet)
Seat 4: shuhrat19744 (button) folded before Flop (didn't bet)
Seat 5: pisike649 (small blind) folded on the Turn
Seat 6: Waltz3884 (big blind) folded on the Turn
Seat 7: Eddie324co folded before Flop (didn't bet)
Seat 8: Dorex2007 collected ($0.12)
Seat 9: JF_Souza folded before Flop (didn't bet)



PokerStars Hand #223661890322:  Hold'em No Limit ($0.01/$0.02 USD) - 2021/02/10 14:21:55 PT [2021/02/10 17:21:55 ET]
Table 'Vaticana VI' 9-max Seat #5 is the button
Seat 1: scer1974 ($0.56 in chips) 
Seat 2: the_brave83 ($1.39 in chips) 
Seat 3: Rick101999 ($2.80 in chips) 
Seat 4: shuhrat19744 ($2.10 in chips) 
Seat 5: pisike649 ($1.74 in chips) 
Seat 6: Waltz3884 ($1.45 in chips) 
Seat 7: Eddie324co ($2.32 in chips) 
Seat 8: Dorex2007 ($2.26 in chips) 
Seat 9: JF_Souza ($1.39 in chips) 
Waltz3884: posts small blind $0.01
Eddie324co: posts big blind $0.02
*** HOLE CARDS ***
Dealt to Dorex2007 [3h Th]
Dorex2007: folds 
JF_Souza: folds 
scer1974: folds 
the_brave83: folds 
Rick101999: raises $0.04 to $0.06
shuhrat19744: folds 
pisike649: folds 
Waltz3884: calls $0.05
Eddie324co: folds 
*** FLOP *** [Ac Kc Qc]
Waltz3884: checks 
Rick101999: checks 
*** TURN *** [Ac Kc Qc] [Kh]
Waltz3884: checks 
Rick101999: checks 
*** RIVER *** [Ac Kc Qc Kh] [3d]
Waltz3884: checks 
Rick101999: checks 
*** SHOW DOWN ***
Waltz3884: shows [Qd Td] (two pair, Kings and Queens)
Rick101999: shows [As 5s] (two pair, Aces and Kings)
Rick101999 collected $0.14 from pot
*** SUMMARY ***
Total pot $0.14 | Rake $0 
Board [Ac Kc Qc Kh 3d]
Seat 1: scer1974 folded before Flop (didn't bet)
Seat 2: the_brave83 folded before Flop (didn't bet)
Seat 3: Rick101999 showed [As 5s] and won ($0.14) with two pair, Aces and Kings
Seat 4: shuhrat19744 folded before Flop (didn't bet)
Seat 5: pisike649 (button) folded before Flop (didn't bet)
Seat 6: Waltz3884 (small blind) showed [Qd Td] and lost with two pair, Kings and Queens
Seat 7: Eddie324co (big blind) folded before Flop
Seat 8: Dorex2007 folded before Flop (didn't bet)
Seat 9: JF_Souza folded before Flop (didn't bet)



PokerStars Hand #223661927205:  Hold'em No Limit ($0.01/$0.02 USD) - 2021/02/10 14:22:49 PT [2021/02/10 17:22:49 ET]
Table 'Vaticana VI' 9-max Seat #7 is the button
Seat 1: scer1974 ($0.56 in chips) 
Seat 2: the_brave83 ($1.39 in chips) 
Seat 3: Rick101999 ($2.88 in chips) 
Seat 4: shuhrat19744 ($2.10 in chips) 
Seat 5: pisike649 ($1.74 in chips) 
Seat 7: Eddie324co ($2.30 in chips) 
Seat 8: Dorex2007 ($2.26 in chips) 
Seat 9: JF_Souza ($1.39 in chips) 
Dorex2007: posts small blind $0.01
JF_Souza: posts big blind $0.02
*** HOLE CARDS ***
Dealt to Dorex2007 [Ts Kc]
Waltz3884 leaves the table
scer1974: folds 
the_brave83: folds 
Rick101999: folds 
shuhrat19744: folds 
pisike649: folds 
Eddie324co: raises $0.04 to $0.06
Dorex2007: folds 
JF_Souza: calls $0.04
*** FLOP *** [Th Ah 5s]
Pasha.ru1 joins the table at seat #6 
JF_Souza: checks 
Eddie324co: bets $0.08
JF_Souza: calls $0.08
*** TURN *** [Th Ah 5s] [9c]
JF_Souza: checks 
Eddie324co: bets $0.18
JF_Souza: folds 
Uncalled bet ($0.18) returned to Eddie324co
Eddie324co collected $0.28 from pot
Eddie324co: doesn't show hand 
*** SUMMARY ***
Total pot $0.29 | Rake $0.01 
Board [Th Ah 5s 9c]
Seat 1: scer1974 folded before Flop (didn't bet)
Seat 2: the_brave83 folded before Flop (didn't bet)
Seat 3: Rick101999 folded before Flop (didn't bet)
Seat 4: shuhrat19744 folded before Flop (didn't bet)
Seat 5: pisike649 folded before Flop (didn't bet)
Seat 7: Eddie324co (button) collected ($0.28)
Seat 8: Dorex2007 (small blind) folded before Flop
Seat 9: JF_Souza (big blind) folded on the Turn



