PokerStars Hand #224615842771:  Hold'em No Limit ($0.01/$0.02 USD) - 2021/03/08 22:05:45 PT [2021/03/09 1:05:45 ET]
Table 'Aida III' 9-max Seat #4 is the button
Seat 1: Azznak ($3.77 in chips) 
Seat 2: Aristarh0 ($0.63 in chips) 
Seat 3: alex090975 ($0.28 in chips) 
Seat 4: eljot1411 ($2.15 in chips) 
Seat 5: Kela1373 ($2 in chips) 
Seat 6: Dorex2007 ($1.50 in chips) 
Seat 7: MMMaaaXXX233 ($2 in chips) 
Seat 8: CHIVAOGT ($2.04 in chips) 
Seat 9: pumika90 ($1.44 in chips) 
Kela1373: posts small blind $0.01
Dorex2007: posts big blind $0.02
MMMaaaXXX233: posts big blind $0.02
*** HOLE CARDS ***
Dealt to Dorex2007 [4d 8c]
MMMaaaXXX233: checks 
CHIVAOGT: raises $0.02 to $0.04
pumika90: calls $0.04
Azznak: folds 
Aristarh0: folds 
alex090975: folds 
eljot1411: folds 
Kela1373: calls $0.03
Dorex2007: folds 
MMMaaaXXX233: calls $0.02
*** FLOP *** [7d 4c 6c]
Kela1373: checks 
MMMaaaXXX233: checks 
CHIVAOGT: bets $0.17
pumika90: calls $0.17
Kela1373: folds 
MMMaaaXXX233: folds 
*** TURN *** [7d 4c 6c] [2d]
CHIVAOGT: checks 
pumika90: checks 
*** RIVER *** [7d 4c 6c 2d] [4h]
CHIVAOGT: bets $0.50
pumika90: folds 
Uncalled bet ($0.50) returned to CHIVAOGT
CHIVAOGT collected $0.50 from pot
CHIVAOGT: doesn't show hand 
*** SUMMARY ***
Total pot $0.52 | Rake $0.02 
Board [7d 4c 6c 2d 4h]
Seat 1: Azznak folded before Flop (didn't bet)
Seat 2: Aristarh0 folded before Flop (didn't bet)
Seat 3: alex090975 folded before Flop (didn't bet)
Seat 4: eljot1411 (button) folded before Flop (didn't bet)
Seat 5: Kela1373 (small blind) folded on the Flop
Seat 6: Dorex2007 (big blind) folded before Flop
Seat 7: MMMaaaXXX233 folded on the Flop
Seat 8: CHIVAOGT collected ($0.50)
Seat 9: pumika90 folded on the River



PokerStars Hand #224615857054:  Hold'em No Limit ($0.01/$0.02 USD) - 2021/03/08 22:07:12 PT [2021/03/09 1:07:12 ET]
Table 'Aida III' 9-max Seat #5 is the button
Seat 1: Azznak ($3.77 in chips) 
Seat 2: Aristarh0 ($0.63 in chips) 
Seat 3: alex090975 ($0.28 in chips) 
Seat 4: eljot1411 ($2.15 in chips) 
Seat 5: Kela1373 ($2 in chips) 
Seat 6: Dorex2007 ($1.48 in chips) 
Seat 7: MMMaaaXXX233 ($1.96 in chips) 
Seat 8: CHIVAOGT ($2.33 in chips) 
Seat 9: pumika90 ($1.23 in chips) 
Dorex2007: posts small blind $0.01
MMMaaaXXX233: posts big blind $0.02
*** HOLE CARDS ***
Dealt to Dorex2007 [6c 8s]
CHIVAOGT: calls $0.02
pumika90: calls $0.02
Azznak: folds 
Aristarh0: folds 
alex090975: folds 
eljot1411: raises $0.02 to $0.04
Kela1373: calls $0.04
Dorex2007: folds 
MMMaaaXXX233: calls $0.02
CHIVAOGT: calls $0.02
pumika90: calls $0.02
*** FLOP *** [9s 8h 6d]
MMMaaaXXX233: checks 
CHIVAOGT: checks 
pumika90: checks 
eljot1411: checks 
Kela1373: checks 
*** TURN *** [9s 8h 6d] [Qd]
MMMaaaXXX233: checks 
CHIVAOGT: checks 
pumika90: bets $0.08
eljot1411: calls $0.08
Kela1373: folds 
MMMaaaXXX233: folds 
CHIVAOGT: folds 
*** RIVER *** [9s 8h 6d Qd] [9d]
pumika90: bets $0.36
eljot1411: raises $0.36 to $0.72
pumika90: calls $0.36
*** SHOW DOWN ***
eljot1411: shows [Td Kd] (a flush, King high)
pumika90: mucks hand 
eljot1411 collected $1.75 from pot
*** SUMMARY ***
Total pot $1.81 | Rake $0.06 
Board [9s 8h 6d Qd 9d]
Seat 1: Azznak folded before Flop (didn't bet)
Seat 2: Aristarh0 folded before Flop (didn't bet)
Seat 3: alex090975 folded before Flop (didn't bet)
Seat 4: eljot1411 showed [Td Kd] and won ($1.75) with a flush, King high
Seat 5: Kela1373 (button) folded on the Turn
Seat 6: Dorex2007 (small blind) folded before Flop
Seat 7: MMMaaaXXX233 (big blind) folded on the Turn
Seat 8: CHIVAOGT folded on the Turn
Seat 9: pumika90 mucked [Jd 5d]



PokerStars Hand #224615886290:  Hold'em No Limit ($0.01/$0.02 USD) - 2021/03/08 22:09:25 PT [2021/03/09 1:09:25 ET]
Table 'Aida III' 9-max Seat #6 is the button
Seat 1: Azznak ($3.77 in chips) 
Seat 2: Aristarh0 ($0.63 in chips) 
Seat 3: alex090975 ($0.28 in chips) 
Seat 4: eljot1411 ($3.06 in chips) 
Seat 5: Kela1373 ($2 in chips) 
Seat 6: Dorex2007 ($1.47 in chips) 
Seat 7: MMMaaaXXX233 ($1.92 in chips) 
Seat 8: CHIVAOGT ($2.29 in chips) 
Seat 9: pumika90 ($0.39 in chips) 
MMMaaaXXX233: posts small blind $0.01
CHIVAOGT: posts big blind $0.02
*** HOLE CARDS ***
Dealt to Dorex2007 [4c Kh]
pumika90: folds 
Azznak: folds 
Aristarh0: raises $0.04 to $0.06
alex090975: calls $0.06
eljot1411: folds 
Kela1373: folds 
Dorex2007: folds 
MMMaaaXXX233: calls $0.05
CHIVAOGT: folds 
*** FLOP *** [Qh Jc 6s]
MMMaaaXXX233: bets $0.09
Aristarh0: raises $0.11 to $0.20
alex090975: calls $0.20
MMMaaaXXX233: raises $0.64 to $0.84
Aristarh0: folds 
alex090975: calls $0.02 and is all-in
Uncalled bet ($0.62) returned to MMMaaaXXX233
*** TURN *** [Qh Jc 6s] [7d]
*** RIVER *** [Qh Jc 6s 7d] [9s]
*** SHOW DOWN ***
MMMaaaXXX233: shows [Qc Ah] (a pair of Queens)
alex090975: shows [Ts 8h] (a straight, Eight to Queen)
alex090975 collected $0.81 from pot
*** SUMMARY ***
Total pot $0.84 | Rake $0.03 
Board [Qh Jc 6s 7d 9s]
Seat 1: Azznak folded before Flop (didn't bet)
Seat 2: Aristarh0 folded on the Flop
Seat 3: alex090975 showed [Ts 8h] and won ($0.81) with a straight, Eight to Queen
Seat 4: eljot1411 folded before Flop (didn't bet)
Seat 5: Kela1373 folded before Flop (didn't bet)
Seat 6: Dorex2007 (button) folded before Flop (didn't bet)
Seat 7: MMMaaaXXX233 (small blind) showed [Qc Ah] and lost with a pair of Queens
Seat 8: CHIVAOGT (big blind) folded before Flop
Seat 9: pumika90 folded before Flop (didn't bet)



PokerStars Hand #224615900243:  Hold'em No Limit ($0.01/$0.02 USD) - 2021/03/08 22:10:50 PT [2021/03/09 1:10:50 ET]
Table 'Aida III' 9-max Seat #7 is the button
Seat 1: Azznak ($3.77 in chips) 
Seat 2: Aristarh0 ($0.37 in chips) 
Seat 3: alex090975 ($0.81 in chips) 
Seat 4: eljot1411 ($3.06 in chips) 
Seat 5: Kela1373 ($2 in chips) 
Seat 6: Dorex2007 ($1.47 in chips) 
Seat 7: MMMaaaXXX233 ($1.64 in chips) 
Seat 8: CHIVAOGT ($2.27 in chips) 
Seat 9: pumika90 ($0.39 in chips) 
CHIVAOGT: posts small blind $0.01
pumika90: posts big blind $0.02
*** HOLE CARDS ***
Dealt to Dorex2007 [Jh 8c]
Azznak: folds 
Aristarh0: raises $0.05 to $0.07
alex090975: calls $0.07
eljot1411: folds 
Kela1373: folds 
Dorex2007: folds 
MMMaaaXXX233: calls $0.07
CHIVAOGT: calls $0.06
pumika90: calls $0.05
*** FLOP *** [2h 4c Kh]
CHIVAOGT: checks 
pumika90: checks 
Aristarh0: bets $0.17
alex090975: folds 
MMMaaaXXX233: folds 
CHIVAOGT: calls $0.17
pumika90: folds 
*** TURN *** [2h 4c Kh] [6c]
CHIVAOGT: checks 
Aristarh0: bets $0.13 and is all-in
CHIVAOGT: calls $0.13
*** RIVER *** [2h 4c Kh 6c] [4h]
*** SHOW DOWN ***
CHIVAOGT: shows [5c 9c] (a pair of Fours)
Aristarh0: shows [8s Kd] (two pair, Kings and Fours)
Aristarh0 collected $0.92 from pot
*** SUMMARY ***
Total pot $0.95 | Rake $0.03 
Board [2h 4c Kh 6c 4h]
Seat 1: Azznak folded before Flop (didn't bet)
Seat 2: Aristarh0 showed [8s Kd] and won ($0.92) with two pair, Kings and Fours
Seat 3: alex090975 folded on the Flop
Seat 4: eljot1411 folded before Flop (didn't bet)
Seat 5: Kela1373 folded before Flop (didn't bet)
Seat 6: Dorex2007 folded before Flop (didn't bet)
Seat 7: MMMaaaXXX233 (button) folded on the Flop
Seat 8: CHIVAOGT (small blind) showed [5c 9c] and lost with a pair of Fours
Seat 9: pumika90 (big blind) folded on the Flop



PokerStars Hand #224615915129:  Hold'em No Limit ($0.01/$0.02 USD) - 2021/03/08 22:12:20 PT [2021/03/09 1:12:20 ET]
Table 'Aida III' 9-max Seat #8 is the button
Seat 1: Azznak ($3.77 in chips) 
Seat 2: Aristarh0 ($0.92 in chips) 
Seat 3: alex090975 ($0.74 in chips) 
Seat 4: eljot1411 ($3.06 in chips) 
Seat 5: Kela1373 ($2 in chips) 
Seat 6: Dorex2007 ($1.47 in chips) 
Seat 7: MMMaaaXXX233 ($1.57 in chips) 
Seat 8: CHIVAOGT ($1.90 in chips) 
Seat 9: pumika90 ($0.32 in chips) 
pumika90: posts small blind $0.01
Azznak: posts big blind $0.02
*** HOLE CARDS ***
Dealt to Dorex2007 [9h 4s]
Aristarh0: folds 
alex090975: calls $0.02
Aristarh0 leaves the table
eljot1411: calls $0.02
Kela1373: folds 
Dorex2007: folds 
MMMaaaXXX233: folds 
CHIVAOGT: raises $0.02 to $0.04
pumika90: calls $0.03
Azznak: folds 
alex090975: calls $0.02
eljot1411: calls $0.02
*** FLOP *** [Qh Kh 5s]
pumika90: checks 
dhabiles52 joins the table at seat #2 
alex090975: checks 
eljot1411: checks 
CHIVAOGT: bets $0.17
pumika90: folds 
alex090975: folds 
eljot1411: folds 
Uncalled bet ($0.17) returned to CHIVAOGT
CHIVAOGT collected $0.17 from pot
CHIVAOGT: doesn't show hand 
*** SUMMARY ***
Total pot $0.18 | Rake $0.01 
Board [Qh Kh 5s]
Seat 1: Azznak (big blind) folded before Flop
Seat 2: Aristarh0 folded before Flop (didn't bet)
Seat 3: alex090975 folded on the Flop
Seat 4: eljot1411 folded on the Flop
Seat 5: Kela1373 folded before Flop (didn't bet)
Seat 6: Dorex2007 folded before Flop (didn't bet)
Seat 7: MMMaaaXXX233 folded before Flop (didn't bet)
Seat 8: CHIVAOGT (button) collected ($0.17)
Seat 9: pumika90 (small blind) folded on the Flop



PokerStars Hand #224615928795:  Hold'em No Limit ($0.01/$0.02 USD) - 2021/03/08 22:13:43 PT [2021/03/09 1:13:43 ET]
Table 'Aida III' 9-max Seat #9 is the button
Seat 1: Azznak ($3.75 in chips) 
Seat 2: dhabiles52 ($2 in chips) 
Seat 3: alex090975 ($0.70 in chips) 
Seat 4: eljot1411 ($3.02 in chips) 
Seat 5: Kela1373 ($2 in chips) 
Seat 6: Dorex2007 ($1.47 in chips) 
Seat 7: MMMaaaXXX233 ($1.57 in chips) 
Seat 8: CHIVAOGT ($2.03 in chips) 
Seat 9: pumika90 ($0.28 in chips) 
Azznak: posts small blind $0.01
dhabiles52: posts big blind $0.02
*** HOLE CARDS ***
Dealt to Dorex2007 [2d 3s]
alex090975: calls $0.02
eljot1411: folds 
Kela1373: calls $0.02
Dorex2007: folds 
MMMaaaXXX233: folds 
CHIVAOGT: raises $0.09 to $0.11
pumika90: folds 
Azznak: folds 
dhabiles52: calls $0.09
alex090975: calls $0.09
Kela1373: folds 
*** FLOP *** [3h Kh 8s]
dhabiles52: checks 
alex090975: checks 
CHIVAOGT: bets $0.35
dhabiles52: folds 
alex090975: folds 
Uncalled bet ($0.35) returned to CHIVAOGT
CHIVAOGT collected $0.35 from pot
CHIVAOGT: doesn't show hand 
*** SUMMARY ***
Total pot $0.36 | Rake $0.01 
Board [3h Kh 8s]
Seat 1: Azznak (small blind) folded before Flop
Seat 2: dhabiles52 (big blind) folded on the Flop
Seat 3: alex090975 folded on the Flop
Seat 4: eljot1411 folded before Flop (didn't bet)
Seat 5: Kela1373 folded before Flop
Seat 6: Dorex2007 folded before Flop (didn't bet)
Seat 7: MMMaaaXXX233 folded before Flop (didn't bet)
Seat 8: CHIVAOGT collected ($0.35)
Seat 9: pumika90 (button) folded before Flop (didn't bet)



PokerStars Hand #224615937390:  Hold'em No Limit ($0.01/$0.02 USD) - 2021/03/08 22:14:34 PT [2021/03/09 1:14:34 ET]
Table 'Aida III' 9-max Seat #1 is the button
Seat 1: Azznak ($3.74 in chips) 
Seat 2: dhabiles52 ($1.89 in chips) 
Seat 3: alex090975 ($0.59 in chips) 
Seat 4: eljot1411 ($3.02 in chips) 
Seat 5: Kela1373 ($2 in chips) 
Seat 6: Dorex2007 ($1.47 in chips) 
Seat 7: MMMaaaXXX233 ($1.57 in chips) 
Seat 8: CHIVAOGT ($2.27 in chips) 
Seat 9: pumika90 ($0.28 in chips) 
dhabiles52: posts small blind $0.01
alex090975: posts big blind $0.02
*** HOLE CARDS ***
Dealt to Dorex2007 [Kd 3c]
eljot1411: calls $0.02
Kela1373: calls $0.02
Dorex2007: folds 
MMMaaaXXX233: raises $0.04 to $0.06
CHIVAOGT: calls $0.06
pumika90: raises $0.22 to $0.28 and is all-in
Azznak: folds 
dhabiles52: folds 
alex090975: folds 
eljot1411: folds 
Kela1373: folds 
MMMaaaXXX233: calls $0.22
CHIVAOGT: calls $0.22
*** FLOP *** [Ah 9h 5h]
MMMaaaXXX233: checks 
CHIVAOGT: bets $0.44
MMMaaaXXX233: raises $0.85 to $1.29 and is all-in
CHIVAOGT: calls $0.85
*** TURN *** [Ah 9h 5h] [5s]
*** RIVER *** [Ah 9h 5h 5s] [Jh]
*** SHOW DOWN ***
MMMaaaXXX233: shows [Qh Jd] (a flush, Ace high)
CHIVAOGT: shows [7h 6c] (a flush, Ace high - lower cards)
pumika90: shows [As 5d] (a full house, Fives full of Aces)
pumika90 collected $0.88 from main pot
MMMaaaXXX233 cashed out the hand for $2.15 | Cash Out Fee $0.02
*** SUMMARY ***
Total pot $3.49 Main pot $0.88. Side pot $2.49. | Rake $0.12 
Board [Ah 9h 5h 5s Jh]
Seat 1: Azznak (button) folded before Flop (didn't bet)
Seat 2: dhabiles52 (small blind) folded before Flop
Seat 3: alex090975 (big blind) folded before Flop
Seat 4: eljot1411 folded before Flop
Seat 5: Kela1373 folded before Flop
Seat 6: Dorex2007 folded before Flop (didn't bet)
Seat 7: MMMaaaXXX233 showed [Qh Jd] and won ($2.49) with a flush, Ace high (pot not awarded as player cashed out)
Seat 8: CHIVAOGT showed [7h 6c] and lost with a flush, Ace high
Seat 9: pumika90 showed [As 5d] and won ($0.88) with a full house, Fives full of Aces



PokerStars Hand #224615950021:  Hold'em No Limit ($0.01/$0.02 USD) - 2021/03/08 22:15:50 PT [2021/03/09 1:15:50 ET]
Table 'Aida III' 9-max Seat #2 is the button
Seat 1: Azznak ($3.74 in chips) 
Seat 2: dhabiles52 ($1.88 in chips) 
Seat 3: alex090975 ($0.57 in chips) 
Seat 4: eljot1411 ($3 in chips) 
Seat 5: Kela1373 ($2 in chips) 
Seat 6: Dorex2007 ($1.47 in chips) 
Seat 7: MMMaaaXXX233 ($2.15 in chips) 
Seat 8: CHIVAOGT ($0.70 in chips) 
Seat 9: pumika90 ($0.88 in chips) 
alex090975: posts small blind $0.01
eljot1411: posts big blind $0.02
*** HOLE CARDS ***
Dealt to Dorex2007 [3h 4s]
Kela1373: calls $0.02
Dorex2007: folds 
MMMaaaXXX233: folds 
CHIVAOGT: calls $0.02
pumika90: raises $0.02 to $0.04
Azznak: folds 
dhabiles52: folds 
alex090975: calls $0.03
eljot1411: calls $0.02
Kela1373: calls $0.02
CHIVAOGT: calls $0.02
*** FLOP *** [7c 4c 6s]
alex090975: checks 
eljot1411: checks 
Kela1373: checks 
CHIVAOGT: bets $0.66 and is all-in
pumika90: calls $0.66
alex090975: folds 
eljot1411: calls $0.66
Kela1373: folds 
*** TURN *** [7c 4c 6s] [9s]
eljot1411: bets $2.10
pumika90: calls $0.18 and is all-in
Uncalled bet ($1.92) returned to eljot1411
*** RIVER *** [7c 4c 6s 9s] [Kh]
*** SHOW DOWN ***
eljot1411: shows [8c 9c] (a pair of Nines)
pumika90: shows [Ah Ad] (a pair of Aces)
pumika90 collected $0.35 from side pot
CHIVAOGT: shows [Tc 7s] (a pair of Sevens)
pumika90 collected $2.10 from main pot
eljot1411 cashed out the hand for $0.95 | Cash Out Fee $0.01
*** SUMMARY ***
Total pot $2.54 Main pot $2.10. Side pot $0.35. | Rake $0.09 
Board [7c 4c 6s 9s Kh]
Seat 1: Azznak folded before Flop (didn't bet)
Seat 2: dhabiles52 (button) folded before Flop (didn't bet)
Seat 3: alex090975 (small blind) folded on the Flop
Seat 4: eljot1411 (big blind) showed [8c 9c] and lost with a pair of Nines (cashed out).
Seat 5: Kela1373 folded on the Flop
Seat 6: Dorex2007 folded before Flop (didn't bet)
Seat 7: MMMaaaXXX233 folded before Flop (didn't bet)
Seat 8: CHIVAOGT showed [Tc 7s] and lost with a pair of Sevens
Seat 9: pumika90 showed [Ah Ad] and won ($2.45) with a pair of Aces



PokerStars Hand #224615962666:  Hold'em No Limit ($0.01/$0.02 USD) - 2021/03/08 22:17:05 PT [2021/03/09 1:17:05 ET]
Table 'Aida III' 9-max Seat #3 is the button
Seat 1: Azznak ($3.74 in chips) 
Seat 2: dhabiles52 ($1.88 in chips) 
Seat 3: alex090975 ($0.53 in chips) 
Seat 4: eljot1411 ($3.07 in chips) 
Seat 5: Kela1373 ($2 in chips) 
Seat 6: Dorex2007 ($1.47 in chips) 
Seat 7: MMMaaaXXX233 ($2.15 in chips) 
Seat 9: pumika90 ($2.45 in chips) 
eljot1411: posts small blind $0.01
Kela1373: posts big blind $0.02
*** HOLE CARDS ***
Dealt to Dorex2007 [Kd 7c]
Dorex2007: folds 
CHIVAOGT leaves the table
MMMaaaXXX233: folds 
pumika90: calls $0.02
Azznak: raises $0.04 to $0.06
dhabiles52: folds 
alex090975: calls $0.06
eljot1411: folds 
Kela1373: folds 
pumika90: calls $0.04
*** FLOP *** [Ac 6d Jd]
pumika90: checks 
Azznak: bets $0.20
alex090975: folds 
pumika90: folds 
Uncalled bet ($0.20) returned to Azznak
Azznak collected $0.20 from pot
Azznak: doesn't show hand 
*** SUMMARY ***
Total pot $0.21 | Rake $0.01 
Board [Ac 6d Jd]
Seat 1: Azznak collected ($0.20)
Seat 2: dhabiles52 folded before Flop (didn't bet)
Seat 3: alex090975 (button) folded on the Flop
Seat 4: eljot1411 (small blind) folded before Flop
Seat 5: Kela1373 (big blind) folded before Flop
Seat 6: Dorex2007 folded before Flop (didn't bet)
Seat 7: MMMaaaXXX233 folded before Flop (didn't bet)
Seat 9: pumika90 folded on the Flop



PokerStars Hand #224615969128:  Hold'em No Limit ($0.01/$0.02 USD) - 2021/03/08 22:17:44 PT [2021/03/09 1:17:44 ET]
Table 'Aida III' 9-max Seat #4 is the button
Seat 1: Azznak ($3.88 in chips) 
Seat 2: dhabiles52 ($1.88 in chips) 
Seat 3: alex090975 ($0.47 in chips) 
Seat 4: eljot1411 ($3.06 in chips) 
Seat 5: Kela1373 ($2 in chips) 
Seat 6: Dorex2007 ($1.47 in chips) 
Seat 7: MMMaaaXXX233 ($2.15 in chips) 
Seat 9: pumika90 ($2.39 in chips) 
Kela1373: posts small blind $0.01
Dorex2007: posts big blind $0.02
*** HOLE CARDS ***
Dealt to Dorex2007 [3c 9h]
umka186 joins the table at seat #8 
MMMaaaXXX233: folds 
pumika90: calls $0.02
Azznak: folds 
dhabiles52: raises $0.08 to $0.10
alex090975: calls $0.10
eljot1411: raises $2.96 to $3.06 and is all-in
Kela1373: folds 
Dorex2007: folds 
pumika90: folds 
dhabiles52: folds 
alex090975: calls $0.37 and is all-in
Uncalled bet ($2.59) returned to eljot1411
*** FLOP *** [7h 7d 4c]
*** TURN *** [7h 7d 4c] [9d]
*** RIVER *** [7h 7d 4c 9d] [2c]
*** SHOW DOWN ***
alex090975: shows [As 3s] (a pair of Sevens)
eljot1411: shows [Ah Ac] (two pair, Aces and Sevens)
eljot1411 cashed out the hand for $0.90 | Cash Out Fee $0.01
*** SUMMARY ***
Total pot $1.09 | Rake $0.04 
Board [7h 7d 4c 9d 2c]
Seat 1: Azznak folded before Flop (didn't bet)
Seat 2: dhabiles52 folded before Flop
Seat 3: alex090975 showed [As 3s] and lost with a pair of Sevens
Seat 4: eljot1411 (button) showed [Ah Ac] and won ($1.05) with two pair, Aces and Sevens (pot not awarded as player cashed out)
Seat 5: Kela1373 (small blind) folded before Flop
Seat 6: Dorex2007 (big blind) folded before Flop
Seat 7: MMMaaaXXX233 folded before Flop (didn't bet)
Seat 9: pumika90 folded before Flop



PokerStars Hand #224615979836:  Hold'em No Limit ($0.01/$0.02 USD) - 2021/03/08 22:18:48 PT [2021/03/09 1:18:48 ET]
Table 'Aida III' 9-max Seat #5 is the button
Seat 1: Azznak ($3.88 in chips) 
Seat 2: dhabiles52 ($1.78 in chips) 
Seat 4: eljot1411 ($3.49 in chips) 
Seat 5: Kela1373 ($2 in chips) 
Seat 6: Dorex2007 ($1.45 in chips) 
Seat 7: MMMaaaXXX233 ($2.15 in chips) 
Seat 9: pumika90 ($2.37 in chips) 
Dorex2007: posts small blind $0.01
MMMaaaXXX233: posts big blind $0.02
umka186: sits out 
*** HOLE CARDS ***
Dealt to Dorex2007 [9h 8c]
pumika90: folds 
alex090975 leaves the table
Azznak: folds 
dhabiles52: raises $0.04 to $0.06
eljot1411: folds 
Kela1373: folds 
Dorex2007: folds 
MMMaaaXXX233: calls $0.04
*** FLOP *** [Th 7d 8h]
MMMaaaXXX233: checks 
dhabiles52: bets $0.08
MMMaaaXXX233: calls $0.08
*** TURN *** [Th 7d 8h] [4c]
MMMaaaXXX233: checks 
dhabiles52: checks 
*** RIVER *** [Th 7d 8h 4c] [9d]
MMMaaaXXX233: bets $0.12
dhabiles52: folds 
Uncalled bet ($0.12) returned to MMMaaaXXX233
MMMaaaXXX233 collected $0.28 from pot
*** SUMMARY ***
Total pot $0.29 | Rake $0.01 
Board [Th 7d 8h 4c 9d]
Seat 1: Azznak folded before Flop (didn't bet)
Seat 2: dhabiles52 folded on the River
Seat 4: eljot1411 folded before Flop (didn't bet)
Seat 5: Kela1373 (button) folded before Flop (didn't bet)
Seat 6: Dorex2007 (small blind) folded before Flop
Seat 7: MMMaaaXXX233 (big blind) collected ($0.28)
Seat 9: pumika90 folded before Flop (didn't bet)



PokerStars Hand #224615995837:  Hold'em No Limit ($0.01/$0.02 USD) - 2021/03/08 22:19:52 PT [2021/03/09 1:19:52 ET]
Table 'Aida III' 9-max Seat #6 is the button
Seat 1: Azznak ($3.88 in chips) 
Seat 2: dhabiles52 ($1.64 in chips) 
Seat 4: eljot1411 ($3.49 in chips) 
Seat 5: Kela1373 ($2 in chips) 
Seat 6: Dorex2007 ($1.44 in chips) 
Seat 7: MMMaaaXXX233 ($2.29 in chips) 
Seat 8: umka186 ($2 in chips) 
Seat 9: pumika90 ($2.37 in chips) 
MMMaaaXXX233: posts small blind $0.01
umka186: posts big blind $0.02
*** HOLE CARDS ***
Dealt to Dorex2007 [5d 2d]
pumika90: calls $0.02
Azznak: folds 
dhabiles52: folds 
eljot1411: folds 
Kela1373: calls $0.02
Dorex2007: folds 
MMMaaaXXX233: folds 
umka186: checks 
*** FLOP *** [4s 7c 7d]
umka186: checks 
pumika90: checks 
Kela1373: checks 
*** TURN *** [4s 7c 7d] [Qc]
umka186: checks 
pumika90: checks 
Kela1373: checks 
*** RIVER *** [4s 7c 7d Qc] [As]
umka186: checks 
pumika90: checks 
Kela1373: checks 
*** SHOW DOWN ***
umka186: shows [8h 6h] (a pair of Sevens)
pumika90: shows [Kd 5s] (a pair of Sevens - Ace+King kicker)
Kela1373: mucks hand 
pumika90 collected $0.07 from pot
*** SUMMARY ***
Total pot $0.07 | Rake $0 
Board [4s 7c 7d Qc As]
Seat 1: Azznak folded before Flop (didn't bet)
Seat 2: dhabiles52 folded before Flop (didn't bet)
Seat 4: eljot1411 folded before Flop (didn't bet)
Seat 5: Kela1373 mucked [Td Js]
Seat 6: Dorex2007 (button) folded before Flop (didn't bet)
Seat 7: MMMaaaXXX233 (small blind) folded before Flop
Seat 8: umka186 (big blind) showed [8h 6h] and lost with a pair of Sevens
Seat 9: pumika90 showed [Kd 5s] and won ($0.07) with a pair of Sevens



PokerStars Hand #224616002340:  Hold'em No Limit ($0.01/$0.02 USD) - 2021/03/08 22:20:31 PT [2021/03/09 1:20:31 ET]
Table 'Aida III' 9-max Seat #7 is the button
Seat 1: Azznak ($3.88 in chips) 
Seat 2: dhabiles52 ($1.64 in chips) 
Seat 4: eljot1411 ($3.49 in chips) 
Seat 5: Kela1373 ($2 in chips) 
Seat 6: Dorex2007 ($1.44 in chips) 
Seat 7: MMMaaaXXX233 ($2.28 in chips) 
Seat 8: umka186 ($2 in chips) 
Seat 9: pumika90 ($2.42 in chips) 
umka186: posts small blind $0.01
pumika90: posts big blind $0.02
*** HOLE CARDS ***
Dealt to Dorex2007 [9c Qs]
Azznak: folds 
dhabiles52: folds 
eljot1411: raises $0.02 to $0.04
Kela1373: calls $0.04
Dorex2007: folds 
MMMaaaXXX233: folds 
umka186: folds 
pumika90: calls $0.02
*** FLOP *** [Jh 3c Ad]
pumika90: checks 
eljot1411: checks 
Kela1373: bets $0.13
pumika90: folds 
eljot1411: folds 
Uncalled bet ($0.13) returned to Kela1373
dmcrbr joins the table at seat #3 
Kela1373 collected $0.13 from pot
Kela1373: doesn't show hand 
*** SUMMARY ***
Total pot $0.13 | Rake $0 
Board [Jh 3c Ad]
Seat 1: Azznak folded before Flop (didn't bet)
Seat 2: dhabiles52 folded before Flop (didn't bet)
Seat 4: eljot1411 folded on the Flop
Seat 5: Kela1373 collected ($0.13)
Seat 6: Dorex2007 folded before Flop (didn't bet)
Seat 7: MMMaaaXXX233 (button) folded before Flop (didn't bet)
Seat 8: umka186 (small blind) folded before Flop
Seat 9: pumika90 (big blind) folded on the Flop



PokerStars Hand #224616007163:  Hold'em No Limit ($0.01/$0.02 USD) - 2021/03/08 22:21:00 PT [2021/03/09 1:21:00 ET]
Table 'Aida III' 9-max Seat #8 is the button
Seat 1: Azznak ($3.88 in chips) 
Seat 2: dhabiles52 ($1.64 in chips) 
Seat 4: eljot1411 ($3.45 in chips) 
Seat 5: Kela1373 ($2.09 in chips) 
Seat 6: Dorex2007 ($1.44 in chips) 
Seat 7: MMMaaaXXX233 ($2.28 in chips) 
Seat 8: umka186 ($2 in chips) 
Seat 9: pumika90 ($2.38 in chips) 
pumika90: posts small blind $0.01
Azznak: posts big blind $0.02
dmcrbr: sits out 
*** HOLE CARDS ***
Dealt to Dorex2007 [3s Ac]
dhabiles52 has timed out
dhabiles52: folds 
eljot1411: folds 
Kela1373: folds 
Dorex2007: folds 
MMMaaaXXX233 has timed out
MMMaaaXXX233: folds 
umka186: raises $0.03 to $0.05
MMMaaaXXX233 is disconnected 
pumika90: folds 
Azznak: calls $0.03
*** FLOP *** [6s 4d Kc]
Azznak: checks 
umka186: bets $0.06
Azznak: folds 
Uncalled bet ($0.06) returned to umka186
umka186 collected $0.11 from pot
*** SUMMARY ***
Total pot $0.11 | Rake $0 
Board [6s 4d Kc]
Seat 1: Azznak (big blind) folded on the Flop
Seat 2: dhabiles52 folded before Flop (didn't bet)
Seat 4: eljot1411 folded before Flop (didn't bet)
Seat 5: Kela1373 folded before Flop (didn't bet)
Seat 6: Dorex2007 folded before Flop (didn't bet)
Seat 7: MMMaaaXXX233 folded before Flop (didn't bet)
Seat 8: umka186 (button) collected ($0.11)
Seat 9: pumika90 (small blind) folded before Flop



PokerStars Hand #224616015703:  Hold'em No Limit ($0.01/$0.02 USD) - 2021/03/08 22:21:52 PT [2021/03/09 1:21:52 ET]
Table 'Aida III' 9-max Seat #9 is the button
Seat 1: Azznak ($3.83 in chips) 
Seat 2: dhabiles52 ($1.64 in chips) 
Seat 4: eljot1411 ($3.45 in chips) 
Seat 5: Kela1373 ($2.09 in chips) 
Seat 6: Dorex2007 ($1.44 in chips) 
Seat 8: umka186 ($2.06 in chips) 
Seat 9: pumika90 ($2.37 in chips) 
Azznak: posts small blind $0.01
dhabiles52: posts big blind $0.02
dmcrbr: sits out 
*** HOLE CARDS ***
Dealt to Dorex2007 [As 5c]
eljot1411: folds 
Kela1373: folds 
Dorex2007: folds 
umka186: folds 
pumika90: folds 
Azznak: folds 
Uncalled bet ($0.01) returned to dhabiles52
dhabiles52 collected $0.02 from pot
dhabiles52: doesn't show hand 
*** SUMMARY ***
Total pot $0.02 | Rake $0 
Seat 1: Azznak (small blind) folded before Flop
Seat 2: dhabiles52 (big blind) collected ($0.02)
Seat 4: eljot1411 folded before Flop (didn't bet)
Seat 5: Kela1373 folded before Flop (didn't bet)
Seat 6: Dorex2007 folded before Flop (didn't bet)
Seat 8: umka186 folded before Flop (didn't bet)
Seat 9: pumika90 (button) folded before Flop (didn't bet)



PokerStars Hand #224616018120:  Hold'em No Limit ($0.01/$0.02 USD) - 2021/03/08 22:22:07 PT [2021/03/09 1:22:07 ET]
Table 'Aida III' 9-max Seat #1 is the button
Seat 1: Azznak ($3.82 in chips) 
Seat 2: dhabiles52 ($1.65 in chips) 
Seat 3: dmcrbr ($2 in chips) 
Seat 4: eljot1411 ($3.45 in chips) 
Seat 5: Kela1373 ($2.09 in chips) 
Seat 6: Dorex2007 ($1.44 in chips) 
Seat 8: umka186 ($2.06 in chips) 
Seat 9: pumika90 ($2.37 in chips) 
dhabiles52: posts small blind $0.01
dmcrbr: posts big blind $0.02
*** HOLE CARDS ***
Dealt to Dorex2007 [7s 6h]
eljot1411 has timed out
eljot1411: folds 
Kela1373: folds 
Dorex2007: folds 
umka186: folds 
pumika90: calls $0.02
Azznak: folds 
dhabiles52: calls $0.01
dmcrbr: checks 
*** FLOP *** [Qd As 9d]
dhabiles52: checks 
dmcrbr: checks 
pumika90: checks 
*** TURN *** [Qd As 9d] [2h]
dhabiles52: bets $0.02
dmcrbr: folds 
pumika90: folds 
Uncalled bet ($0.02) returned to dhabiles52
dhabiles52 collected $0.06 from pot
dhabiles52: doesn't show hand 
*** SUMMARY ***
Total pot $0.06 | Rake $0 
Board [Qd As 9d 2h]
Seat 1: Azznak (button) folded before Flop (didn't bet)
Seat 2: dhabiles52 (small blind) collected ($0.06)
Seat 3: dmcrbr (big blind) folded on the Turn
Seat 4: eljot1411 folded before Flop (didn't bet)
Seat 5: Kela1373 folded before Flop (didn't bet)
Seat 6: Dorex2007 folded before Flop (didn't bet)
Seat 8: umka186 folded before Flop (didn't bet)
Seat 9: pumika90 folded on the Turn



PokerStars Hand #224616024344:  Hold'em No Limit ($0.01/$0.02 USD) - 2021/03/08 22:22:45 PT [2021/03/09 1:22:45 ET]
Table 'Aida III' 9-max Seat #2 is the button
Seat 1: Azznak ($3.82 in chips) 
Seat 2: dhabiles52 ($1.69 in chips) 
Seat 3: dmcrbr ($2 in chips) 
Seat 4: eljot1411 ($3.45 in chips) 
Seat 5: Kela1373 ($2.09 in chips) 
Seat 6: Dorex2007 ($1.44 in chips) 
Seat 8: umka186 ($2.06 in chips) 
Seat 9: pumika90 ($2.35 in chips) 
dmcrbr: posts small blind $0.01
eljot1411: posts big blind $0.02
*** HOLE CARDS ***
Dealt to Dorex2007 [As 4d]
Kela1373: folds 
Dorex2007: folds 
Kela1373 leaves the table
umka186: folds 
pumika90: raises $0.02 to $0.04
Azznak: folds 
dhabiles52: folds 
dmcrbr: folds 
eljot1411: folds 
Uncalled bet ($0.02) returned to pumika90
pumika90 collected $0.05 from pot
pumika90: doesn't show hand 
gn4444 joins the table at seat #5 
*** SUMMARY ***
Total pot $0.05 | Rake $0 
Seat 1: Azznak folded before Flop (didn't bet)
Seat 2: dhabiles52 (button) folded before Flop (didn't bet)
Seat 3: dmcrbr (small blind) folded before Flop
Seat 4: eljot1411 (big blind) folded before Flop
Seat 5: Kela1373 folded before Flop (didn't bet)
Seat 6: Dorex2007 folded before Flop (didn't bet)
Seat 8: umka186 folded before Flop (didn't bet)
Seat 9: pumika90 collected ($0.05)



PokerStars Hand #224616027176:  Hold'em No Limit ($0.01/$0.02 USD) - 2021/03/08 22:23:02 PT [2021/03/09 1:23:02 ET]
Table 'Aida III' 9-max Seat #3 is the button
Seat 1: Azznak ($3.82 in chips) 
Seat 2: dhabiles52 ($1.69 in chips) 
Seat 3: dmcrbr ($2 in chips) 
Seat 4: eljot1411 ($3.43 in chips) 
Seat 5: gn4444 ($2 in chips) 
Seat 6: Dorex2007 ($1.44 in chips) 
Seat 8: umka186 ($2.06 in chips) 
Seat 9: pumika90 ($2.38 in chips) 
eljot1411: posts small blind $0.01
gn4444: posts big blind $0.02
*** HOLE CARDS ***
Dealt to Dorex2007 [Th 6s]
Dorex2007: folds 
umka186: folds 
pumika90: calls $0.02
Azznak: calls $0.02
dhabiles52: calls $0.02
dmcrbr: folds 
eljot1411: folds 
gn4444: checks 
*** FLOP *** [6c Td Kd]
gn4444: checks 
pumika90: bets $0.04
Azznak: calls $0.04
dhabiles52: calls $0.04
gn4444: folds 
*** TURN *** [6c Td Kd] [3c]
pumika90: bets $0.04
Azznak: calls $0.04
dhabiles52: calls $0.04
*** RIVER *** [6c Td Kd 3c] [Ac]
pumika90: bets $0.04
Azznak: calls $0.04
dhabiles52: raises $0.17 to $0.21
pumika90: calls $0.17
Azznak: folds 
*** SHOW DOWN ***
dhabiles52: shows [2c 5c] (a flush, Ace high)
pumika90: mucks hand 
dhabiles52 collected $0.76 from pot
*** SUMMARY ***
Total pot $0.79 | Rake $0.03 
Board [6c Td Kd 3c Ac]
Seat 1: Azznak folded on the River
Seat 2: dhabiles52 showed [2c 5c] and won ($0.76) with a flush, Ace high
Seat 3: dmcrbr (button) folded before Flop (didn't bet)
Seat 4: eljot1411 (small blind) folded before Flop
Seat 5: gn4444 (big blind) folded on the Flop
Seat 6: Dorex2007 folded before Flop (didn't bet)
Seat 8: umka186 folded before Flop (didn't bet)
Seat 9: pumika90 mucked [7s Kc]



PokerStars Hand #224616039944:  Hold'em No Limit ($0.01/$0.02 USD) - 2021/03/08 22:24:19 PT [2021/03/09 1:24:19 ET]
Table 'Aida III' 9-max Seat #4 is the button
Seat 1: Azznak ($3.68 in chips) 
Seat 2: dhabiles52 ($2.14 in chips) 
Seat 3: dmcrbr ($2 in chips) 
Seat 4: eljot1411 ($3.42 in chips) 
Seat 5: gn4444 ($1.98 in chips) 
Seat 6: Dorex2007 ($1.44 in chips) 
Seat 7: MMMaaaXXX233 ($2.28 in chips) 
Seat 8: umka186 ($2.06 in chips) 
Seat 9: pumika90 ($2.07 in chips) 
gn4444: posts small blind $0.01
Dorex2007: posts big blind $0.02
*** HOLE CARDS ***
Dealt to Dorex2007 [2s 3d]
MMMaaaXXX233: raises $0.04 to $0.06
umka186: folds 
pumika90: calls $0.06
Azznak: folds 
dhabiles52: folds 
dmcrbr: folds 
eljot1411: folds 
gn4444: folds 
Dorex2007: folds 
*** FLOP *** [6h 3c 4d]
MMMaaaXXX233: checks 
pumika90: checks 
*** TURN *** [6h 3c 4d] [6c]
MMMaaaXXX233: checks 
pumika90: checks 
*** RIVER *** [6h 3c 4d 6c] [8c]
MMMaaaXXX233: checks 
pumika90: checks 
*** SHOW DOWN ***
MMMaaaXXX233: shows [Kd Td] (a pair of Sixes)
pumika90: shows [Tc Ks] (a pair of Sixes)
MMMaaaXXX233 collected $0.07 from pot
pumika90 collected $0.07 from pot
*** SUMMARY ***
Total pot $0.15 | Rake $0.01 
Board [6h 3c 4d 6c 8c]
Seat 1: Azznak folded before Flop (didn't bet)
Seat 2: dhabiles52 folded before Flop (didn't bet)
Seat 3: dmcrbr folded before Flop (didn't bet)
Seat 4: eljot1411 (button) folded before Flop (didn't bet)
Seat 5: gn4444 (small blind) folded before Flop
Seat 6: Dorex2007 (big blind) folded before Flop
Seat 7: MMMaaaXXX233 showed [Kd Td] and won ($0.07) with a pair of Sixes
Seat 8: umka186 folded before Flop (didn't bet)
Seat 9: pumika90 showed [Tc Ks] and won ($0.07) with a pair of Sixes



PokerStars Hand #224616047803:  Hold'em No Limit ($0.01/$0.02 USD) - 2021/03/08 22:25:07 PT [2021/03/09 1:25:07 ET]
Table 'Aida III' 9-max Seat #5 is the button
Seat 2: dhabiles52 ($2.14 in chips) 
Seat 3: dmcrbr ($2 in chips) 
Seat 4: eljot1411 ($3.42 in chips) 
Seat 5: gn4444 ($1.97 in chips) 
Seat 6: Dorex2007 ($1.42 in chips) 
Seat 7: MMMaaaXXX233 ($2.29 in chips) 
Seat 8: umka186 ($2.06 in chips) 
Seat 9: pumika90 ($2.08 in chips) 
Dorex2007: posts small blind $0.01
MMMaaaXXX233: posts big blind $0.02
*** HOLE CARDS ***
Dealt to Dorex2007 [6c Jh]
umka186: folds 
pumika90: calls $0.02
dhabiles52: folds 
dmcrbr: folds 
eljot1411: folds 
gn4444: calls $0.02
Dorex2007: folds 
MMMaaaXXX233: checks 
*** FLOP *** [5h 9d 5s]
MMMaaaXXX233: checks 
pumika90: checks 
gn4444: checks 
*** TURN *** [5h 9d 5s] [4d]
MMMaaaXXX233: checks 
pumika90: checks 
gn4444: checks 
*** RIVER *** [5h 9d 5s 4d] [3h]
MMMaaaXXX233: bets $0.02
pumika90: calls $0.02
gn4444: calls $0.02
*** SHOW DOWN ***
MMMaaaXXX233: shows [2d 3s] (two pair, Fives and Threes)
pumika90: shows [Kh 3d] (two pair, Fives and Threes - King kicker)
gn4444: shows [7d 7s] (two pair, Sevens and Fives)
gn4444 collected $0.13 from pot
*** SUMMARY ***
Total pot $0.13 | Rake $0 
Board [5h 9d 5s 4d 3h]
Seat 2: dhabiles52 folded before Flop (didn't bet)
Seat 3: dmcrbr folded before Flop (didn't bet)
Seat 4: eljot1411 folded before Flop (didn't bet)
Seat 5: gn4444 (button) showed [7d 7s] and won ($0.13) with two pair, Sevens and Fives
Seat 6: Dorex2007 (small blind) folded before Flop
Seat 7: MMMaaaXXX233 (big blind) showed [2d 3s] and lost with two pair, Fives and Threes
Seat 8: umka186 folded before Flop (didn't bet)
Seat 9: pumika90 showed [Kh 3d] and lost with two pair, Fives and Threes



PokerStars Hand #224616055804:  Hold'em No Limit ($0.01/$0.02 USD) - 2021/03/08 22:25:57 PT [2021/03/09 1:25:57 ET]
Table 'Aida III' 9-max Seat #6 is the button
Seat 2: dhabiles52 ($2.14 in chips) 
Seat 3: dmcrbr ($2 in chips) 
Seat 4: eljot1411 ($3.42 in chips) 
Seat 5: gn4444 ($2.06 in chips) 
Seat 6: Dorex2007 ($1.41 in chips) 
Seat 7: MMMaaaXXX233 ($2.25 in chips) 
Seat 8: umka186 ($2.06 in chips) 
Seat 9: pumika90 ($2.04 in chips) 
MMMaaaXXX233: posts small blind $0.01
umka186: posts big blind $0.02
*** HOLE CARDS ***
Dealt to Dorex2007 [9d Kc]
pumika90: folds 
dhabiles52: raises $0.04 to $0.06
dmcrbr: folds 
eljot1411: folds 
gn4444: calls $0.06
Dorex2007: folds 
MMMaaaXXX233: folds 
umka186: folds 
*** FLOP *** [8s 5c 6c]
dhabiles52: checks 
gn4444: checks 
*** TURN *** [8s 5c 6c] [5d]
dhabiles52: bets $0.05
gn4444: calls $0.05
*** RIVER *** [8s 5c 6c 5d] [3h]
dhabiles52: checks 
gn4444: checks 
*** SHOW DOWN ***
dhabiles52: shows [Qh Ad] (a pair of Fives)
gn4444: shows [4h 4d] (two pair, Fives and Fours)
gn4444 collected $0.24 from pot
*** SUMMARY ***
Total pot $0.25 | Rake $0.01 
Board [8s 5c 6c 5d 3h]
Seat 2: dhabiles52 showed [Qh Ad] and lost with a pair of Fives
Seat 3: dmcrbr folded before Flop (didn't bet)
Seat 4: eljot1411 folded before Flop (didn't bet)
Seat 5: gn4444 showed [4h 4d] and won ($0.24) with two pair, Fives and Fours
Seat 6: Dorex2007 (button) folded before Flop (didn't bet)
Seat 7: MMMaaaXXX233 (small blind) folded before Flop
Seat 8: umka186 (big blind) folded before Flop
Seat 9: pumika90 folded before Flop (didn't bet)



PokerStars Hand #224616064764:  Hold'em No Limit ($0.01/$0.02 USD) - 2021/03/08 22:26:52 PT [2021/03/09 1:26:52 ET]
Table 'Aida III' 9-max Seat #8 is the button
Seat 1: Azznak ($3.68 in chips) 
Seat 2: dhabiles52 ($2.03 in chips) 
Seat 3: dmcrbr ($2 in chips) 
Seat 4: eljot1411 ($3.42 in chips) 
Seat 5: gn4444 ($2.19 in chips) 
Seat 6: Dorex2007 ($1.41 in chips) 
Seat 8: umka186 ($2.04 in chips) 
Seat 9: pumika90 ($2.04 in chips) 
pumika90: posts small blind $0.01
Azznak: posts big blind $0.02
*** HOLE CARDS ***
Dealt to Dorex2007 [5d 4c]
dhabiles52: raises $0.02 to $0.04
dmcrbr: folds 
eljot1411: folds 
gn4444: folds 
Dorex2007: folds 
umka186: folds 
pumika90: calls $0.03
Azznak: folds 
*** FLOP *** [As Ah 3d]
pumika90: checks 
dhabiles52: checks 
*** TURN *** [As Ah 3d] [Ac]
pumika90: checks 
dhabiles52: checks 
*** RIVER *** [As Ah 3d Ac] [9h]
pumika90: checks 
dhabiles52: bets $0.08
pumika90: folds 
Uncalled bet ($0.08) returned to dhabiles52
dhabiles52 collected $0.10 from pot
dhabiles52: doesn't show hand 
*** SUMMARY ***
Total pot $0.10 | Rake $0 
Board [As Ah 3d Ac 9h]
Seat 1: Azznak (big blind) folded before Flop
Seat 2: dhabiles52 collected ($0.10)
Seat 3: dmcrbr folded before Flop (didn't bet)
Seat 4: eljot1411 folded before Flop (didn't bet)
Seat 5: gn4444 folded before Flop (didn't bet)
Seat 6: Dorex2007 folded before Flop (didn't bet)
Seat 8: umka186 (button) folded before Flop (didn't bet)
Seat 9: pumika90 (small blind) folded on the River



PokerStars Hand #224616071372:  Hold'em No Limit ($0.01/$0.02 USD) - 2021/03/08 22:27:33 PT [2021/03/09 1:27:33 ET]
Table 'Aida III' 9-max Seat #9 is the button
Seat 1: Azznak ($3.66 in chips) 
Seat 2: dhabiles52 ($2.09 in chips) 
Seat 3: dmcrbr ($2 in chips) 
Seat 4: eljot1411 ($3.42 in chips) 
Seat 5: gn4444 ($2.19 in chips) 
Seat 6: Dorex2007 ($1.41 in chips) 
Seat 8: umka186 ($2.04 in chips) 
Seat 9: pumika90 ($2 in chips) 
Azznak: posts small blind $0.01
dhabiles52: posts big blind $0.02
*** HOLE CARDS ***
Dealt to Dorex2007 [Jh Kd]
dmcrbr: folds 
eljot1411: raises $0.02 to $0.04
gn4444: folds 
Dorex2007: calls $0.04
umka186: folds 
pumika90: folds 
Azznak: folds 
dhabiles52: calls $0.02
*** FLOP *** [Ad Qd 4s]
dhabiles52: checks 
eljot1411: checks 
Dorex2007: bets $0.09
dhabiles52: calls $0.09
eljot1411: folds 
*** TURN *** [Ad Qd 4s] [6d]
dhabiles52: checks 
Dorex2007: bets $0.30
dhabiles52: calls $0.30
*** RIVER *** [Ad Qd 4s 6d] [Jd]
dhabiles52: checks 
Dorex2007: bets $0.88
dhabiles52: folds 
Uncalled bet ($0.88) returned to Dorex2007
Dorex2007 collected $0.88 from pot
Dorex2007: doesn't show hand 
*** SUMMARY ***
Total pot $0.91 | Rake $0.03 
Board [Ad Qd 4s 6d Jd]
Seat 1: Azznak (small blind) folded before Flop
Seat 2: dhabiles52 (big blind) folded on the River
Seat 3: dmcrbr folded before Flop (didn't bet)
Seat 4: eljot1411 folded on the Flop
Seat 5: gn4444 folded before Flop (didn't bet)
Seat 6: Dorex2007 collected ($0.88)
Seat 8: umka186 folded before Flop (didn't bet)
Seat 9: pumika90 (button) folded before Flop (didn't bet)



PokerStars Hand #224616086486:  Hold'em No Limit ($0.01/$0.02 USD) - 2021/03/08 22:29:06 PT [2021/03/09 1:29:06 ET]
Table 'Aida III' 9-max Seat #1 is the button
Seat 1: Azznak ($3.65 in chips) 
Seat 2: dhabiles52 ($1.66 in chips) 
Seat 3: dmcrbr ($2 in chips) 
Seat 4: eljot1411 ($3.38 in chips) 
Seat 5: gn4444 ($2.19 in chips) 
Seat 6: Dorex2007 ($1.86 in chips) 
Seat 7: MMMaaaXXX233 ($2.24 in chips) 
Seat 8: umka186 ($2.04 in chips) 
Seat 9: pumika90 ($2 in chips) 
dhabiles52: posts small blind $0.01
dmcrbr: posts big blind $0.02
*** HOLE CARDS ***
Dealt to Dorex2007 [Th 6d]
eljot1411: folds 
gn4444: folds 
Dorex2007: folds 
eljot1411 leaves the table
MMMaaaXXX233: raises $0.04 to $0.06
umka186: folds 
pumika90: calls $0.06
Azznak: calls $0.06
chuvash99 joins the table at seat #4 
dhabiles52: folds 
dmcrbr: folds 
*** FLOP *** [9h Ad 7h]
MMMaaaXXX233: bets $0.10
pumika90: folds 
Azznak: folds 
Uncalled bet ($0.10) returned to MMMaaaXXX233
MMMaaaXXX233 collected $0.20 from pot
*** SUMMARY ***
Total pot $0.21 | Rake $0.01 
Board [9h Ad 7h]
Seat 1: Azznak (button) folded on the Flop
Seat 2: dhabiles52 (small blind) folded before Flop
Seat 3: dmcrbr (big blind) folded before Flop
Seat 4: eljot1411 folded before Flop (didn't bet)
Seat 5: gn4444 folded before Flop (didn't bet)
Seat 6: Dorex2007 folded before Flop (didn't bet)
Seat 7: MMMaaaXXX233 collected ($0.20)
Seat 8: umka186 folded before Flop (didn't bet)
Seat 9: pumika90 folded on the Flop



PokerStars Hand #224616092013:  Hold'em No Limit ($0.01/$0.02 USD) - 2021/03/08 22:29:41 PT [2021/03/09 1:29:41 ET]
Table 'Aida III' 9-max Seat #2 is the button
Seat 1: Azznak ($3.59 in chips) 
Seat 2: dhabiles52 ($1.65 in chips) 
Seat 3: dmcrbr ($2 in chips) 
Seat 4: chuvash99 ($2 in chips) 
Seat 5: gn4444 ($2.19 in chips) 
Seat 6: Dorex2007 ($1.86 in chips) 
Seat 7: MMMaaaXXX233 ($2.38 in chips) 
Seat 8: umka186 ($2.04 in chips) 
Seat 9: pumika90 ($1.94 in chips) 
dmcrbr: posts small blind $0.01
chuvash99: posts big blind $0.02
*** HOLE CARDS ***
Dealt to Dorex2007 [Ad Qs]
gn4444: folds 
Dorex2007: raises $0.06 to $0.08
MMMaaaXXX233: folds 
umka186: folds 
pumika90: folds 
Azznak: folds 
dhabiles52: folds 
dmcrbr: folds 
chuvash99: calls $0.06
*** FLOP *** [4s Th As]
chuvash99: bets $0.02
Dorex2007: raises $0.20 to $0.22
chuvash99: folds 
Uncalled bet ($0.20) returned to Dorex2007
Dorex2007 collected $0.20 from pot
Dorex2007: doesn't show hand 
*** SUMMARY ***
Total pot $0.21 | Rake $0.01 
Board [4s Th As]
Seat 1: Azznak folded before Flop (didn't bet)
Seat 2: dhabiles52 (button) folded before Flop (didn't bet)
Seat 3: dmcrbr (small blind) folded before Flop
Seat 4: chuvash99 (big blind) folded on the Flop
Seat 5: gn4444 folded before Flop (didn't bet)
Seat 6: Dorex2007 collected ($0.20)
Seat 7: MMMaaaXXX233 folded before Flop (didn't bet)
Seat 8: umka186 folded before Flop (didn't bet)
Seat 9: pumika90 folded before Flop (didn't bet)



PokerStars Hand #224616098356:  Hold'em No Limit ($0.01/$0.02 USD) - 2021/03/08 22:30:20 PT [2021/03/09 1:30:20 ET]
Table 'Aida III' 9-max Seat #3 is the button
Seat 1: Azznak ($3.59 in chips) 
Seat 2: dhabiles52 ($1.65 in chips) 
Seat 3: dmcrbr ($2 in chips) 
Seat 4: chuvash99 ($1.90 in chips) 
Seat 6: Dorex2007 ($1.96 in chips) 
Seat 7: MMMaaaXXX233 ($2.38 in chips) 
Seat 8: umka186 ($2.04 in chips) 
Seat 9: pumika90 ($1.94 in chips) 
chuvash99: posts small blind $0.01
gn4444: is sitting out 
Dorex2007: posts big blind $0.02
*** HOLE CARDS ***
Dealt to Dorex2007 [6c 7d]
MMMaaaXXX233: folds 
umka186: folds 
pumika90: calls $0.02
Azznak: folds 
dhabiles52: calls $0.02
dmcrbr: folds 
chuvash99: calls $0.01
Dorex2007: checks 
*** FLOP *** [5c 6s Ad]
chuvash99: checks 
Dorex2007: checks 
pumika90: bets $0.04
dhabiles52: calls $0.04
chuvash99: folds 
Dorex2007: calls $0.04
*** TURN *** [5c 6s Ad] [7h]
Dorex2007: bets $0.19
pumika90: folds 
dhabiles52: folds 
Uncalled bet ($0.19) returned to Dorex2007
Dorex2007 collected $0.19 from pot
Dorex2007: doesn't show hand 
*** SUMMARY ***
Total pot $0.20 | Rake $0.01 
Board [5c 6s Ad 7h]
Seat 1: Azznak folded before Flop (didn't bet)
Seat 2: dhabiles52 folded on the Turn
Seat 3: dmcrbr (button) folded before Flop (didn't bet)
Seat 4: chuvash99 (small blind) folded on the Flop
Seat 6: Dorex2007 (big blind) collected ($0.19)
Seat 7: MMMaaaXXX233 folded before Flop (didn't bet)
Seat 8: umka186 folded before Flop (didn't bet)
Seat 9: pumika90 folded on the Turn



PokerStars Hand #224616110963:  Hold'em No Limit ($0.01/$0.02 USD) - 2021/03/08 22:31:36 PT [2021/03/09 1:31:36 ET]
Table 'Aida III' 9-max Seat #4 is the button
Seat 1: Azznak ($3.59 in chips) 
Seat 2: dhabiles52 ($2 in chips) 
Seat 3: dmcrbr ($2 in chips) 
Seat 4: chuvash99 ($1.88 in chips) 
Seat 6: Dorex2007 ($2.09 in chips) 
Seat 7: MMMaaaXXX233 ($2.38 in chips) 
Seat 8: umka186 ($2.04 in chips) 
Seat 9: pumika90 ($1.88 in chips) 
Dorex2007: posts small blind $0.01
MMMaaaXXX233: posts big blind $0.02
*** HOLE CARDS ***
Dealt to Dorex2007 [Jc Qc]
umka186: folds 
pumika90: folds 
Azznak: folds 
dhabiles52: folds 
dmcrbr: folds 
gn4444 leaves the table
chuvash99: calls $0.02
Dorex2007: raises $0.04 to $0.06
MMMaaaXXX233: calls $0.04
chuvash99: calls $0.04
*** FLOP *** [2c Th 3s]
Dorex2007: bets $0.09
MMMaaaXXX233: calls $0.09
chuvash99: calls $0.09
*** TURN *** [2c Th 3s] [6h]
Dorex2007: checks 
MMMaaaXXX233: checks 
chuvash99: checks 
*** RIVER *** [2c Th 3s 6h] [4d]
Dorex2007: bets $0.29
MMMaaaXXX233: folds 
chuvash99: folds 
Uncalled bet ($0.29) returned to Dorex2007
Dorex2007 collected $0.43 from pot
Dorex2007: doesn't show hand 
*** SUMMARY ***
Total pot $0.45 | Rake $0.02 
Board [2c Th 3s 6h 4d]
Seat 1: Azznak folded before Flop (didn't bet)
Seat 2: dhabiles52 folded before Flop (didn't bet)
Seat 3: dmcrbr folded before Flop (didn't bet)
Seat 4: chuvash99 (button) folded on the River
Seat 6: Dorex2007 (small blind) collected ($0.43)
Seat 7: MMMaaaXXX233 (big blind) folded on the River
Seat 8: umka186 folded before Flop (didn't bet)
Seat 9: pumika90 folded before Flop (didn't bet)



PokerStars Hand #224616120952:  Hold'em No Limit ($0.01/$0.02 USD) - 2021/03/08 22:32:37 PT [2021/03/09 1:32:37 ET]
Table 'Aida III' 9-max Seat #6 is the button
Seat 1: Azznak ($3.59 in chips) 
Seat 2: dhabiles52 ($2 in chips) 
Seat 3: dmcrbr ($2 in chips) 
Seat 4: chuvash99 ($1.73 in chips) 
Seat 6: Dorex2007 ($2.37 in chips) 
Seat 7: MMMaaaXXX233 ($2.23 in chips) 
Seat 8: umka186 ($2.04 in chips) 
Seat 9: pumika90 ($1.88 in chips) 
MMMaaaXXX233: posts small blind $0.01
umka186: posts big blind $0.02
*** HOLE CARDS ***
Dealt to Dorex2007 [Qs 9s]
pumika90: calls $0.02
Azznak: folds 
dhabiles52: folds 
dmcrbr: folds 
chuvash99: calls $0.02
Dorex2007: raises $0.02 to $0.04
MMMaaaXXX233: raises $0.12 to $0.16
umka186: folds 
pumika90: folds 
chuvash99: calls $0.14
Dorex2007: folds 
*** FLOP *** [Ad 8d 5d]
MMMaaaXXX233: bets $0.39
chuvash99: folds 
Uncalled bet ($0.39) returned to MMMaaaXXX233
MMMaaaXXX233 collected $0.39 from pot
*** SUMMARY ***
Total pot $0.40 | Rake $0.01 
Board [Ad 8d 5d]
Seat 1: Azznak folded before Flop (didn't bet)
Seat 2: dhabiles52 folded before Flop (didn't bet)
Seat 3: dmcrbr folded before Flop (didn't bet)
Seat 4: chuvash99 folded on the Flop
Seat 6: Dorex2007 (button) folded before Flop
Seat 7: MMMaaaXXX233 (small blind) collected ($0.39)
Seat 8: umka186 (big blind) folded before Flop
Seat 9: pumika90 folded before Flop



PokerStars Hand #224616130991:  Hold'em No Limit ($0.01/$0.02 USD) - 2021/03/08 22:33:40 PT [2021/03/09 1:33:40 ET]
Table 'Aida III' 9-max Seat #7 is the button
Seat 1: Azznak ($3.59 in chips) 
Seat 2: dhabiles52 ($2 in chips) 
Seat 3: dmcrbr ($2 in chips) 
Seat 4: chuvash99 ($1.57 in chips) 
Seat 6: Dorex2007 ($2.33 in chips) 
Seat 7: MMMaaaXXX233 ($2.46 in chips) 
Seat 8: umka186 ($2.02 in chips) 
Seat 9: pumika90 ($1.86 in chips) 
umka186: posts small blind $0.01
pumika90: posts big blind $0.02
*** HOLE CARDS ***
Dealt to Dorex2007 [5d 9h]
Azznak: folds 
edoschenko joins the table at seat #5 
dhabiles52: folds 
dmcrbr: folds 
chuvash99: folds 
Dorex2007: folds 
MMMaaaXXX233: raises $0.04 to $0.06
umka186: folds 
pumika90: calls $0.04
*** FLOP *** [Jc Qc 8h]
pumika90: checks 
MMMaaaXXX233: checks 
*** TURN *** [Jc Qc 8h] [8c]
pumika90: checks 
MMMaaaXXX233: checks 
*** RIVER *** [Jc Qc 8h 8c] [Ks]
pumika90: bets $0.13
MMMaaaXXX233: folds 
Uncalled bet ($0.13) returned to pumika90
pumika90 collected $0.13 from pot
pumika90: doesn't show hand 
*** SUMMARY ***
Total pot $0.13 | Rake $0 
Board [Jc Qc 8h 8c Ks]
Seat 1: Azznak folded before Flop (didn't bet)
Seat 2: dhabiles52 folded before Flop (didn't bet)
Seat 3: dmcrbr folded before Flop (didn't bet)
Seat 4: chuvash99 folded before Flop (didn't bet)
Seat 6: Dorex2007 folded before Flop (didn't bet)
Seat 7: MMMaaaXXX233 (button) folded on the River
Seat 8: umka186 (small blind) folded before Flop
Seat 9: pumika90 (big blind) collected ($0.13)



PokerStars Hand #224616138125:  Hold'em No Limit ($0.01/$0.02 USD) - 2021/03/08 22:34:24 PT [2021/03/09 1:34:24 ET]
Table 'Aida III' 9-max Seat #8 is the button
Seat 1: Azznak ($3.59 in chips) 
Seat 2: dhabiles52 ($2 in chips) 
Seat 3: dmcrbr ($2 in chips) 
Seat 4: chuvash99 ($1.57 in chips) 
Seat 6: Dorex2007 ($2.33 in chips) 
Seat 7: MMMaaaXXX233 ($2.40 in chips) 
Seat 8: umka186 ($2.01 in chips) 
Seat 9: pumika90 ($1.93 in chips) 
pumika90: posts small blind $0.01
Azznak: posts big blind $0.02
edoschenko: sits out 
*** HOLE CARDS ***
Dealt to Dorex2007 [Qc 4d]
dhabiles52: folds 
dmcrbr: folds 
chuvash99: calls $0.02
Dorex2007: folds 
MMMaaaXXX233: folds 
umka186: folds 
pumika90: calls $0.01
Azznak: checks 
*** FLOP *** [5h Qs 3c]
pumika90: checks 
Azznak: checks 
chuvash99: bets $0.03
pumika90: calls $0.03
Azznak: folds 
*** TURN *** [5h Qs 3c] [Ac]
pumika90: checks 
chuvash99: bets $0.06
pumika90: calls $0.06
*** RIVER *** [5h Qs 3c Ac] [9c]
pumika90: checks 
chuvash99: checks 
*** SHOW DOWN ***
pumika90: shows [5d 6c] (a pair of Fives)
chuvash99: mucks hand 
pumika90 collected $0.23 from pot
*** SUMMARY ***
Total pot $0.24 | Rake $0.01 
Board [5h Qs 3c Ac 9c]
Seat 1: Azznak (big blind) folded on the Flop
Seat 2: dhabiles52 folded before Flop (didn't bet)
Seat 3: dmcrbr folded before Flop (didn't bet)
Seat 4: chuvash99 mucked [3d 4c]
Seat 6: Dorex2007 folded before Flop (didn't bet)
Seat 7: MMMaaaXXX233 folded before Flop (didn't bet)
Seat 8: umka186 (button) folded before Flop (didn't bet)
Seat 9: pumika90 (small blind) showed [5d 6c] and won ($0.23) with a pair of Fives



PokerStars Hand #224616149256:  Hold'em No Limit ($0.01/$0.02 USD) - 2021/03/08 22:35:33 PT [2021/03/09 1:35:33 ET]
Table 'Aida III' 9-max Seat #9 is the button
Seat 1: Azznak ($3.57 in chips) 
Seat 2: dhabiles52 ($2 in chips) 
Seat 3: dmcrbr ($2 in chips) 
Seat 4: chuvash99 ($1.46 in chips) 
Seat 6: Dorex2007 ($2.33 in chips) 
Seat 7: MMMaaaXXX233 ($2.40 in chips) 
Seat 8: umka186 ($2.01 in chips) 
Seat 9: pumika90 ($2.05 in chips) 
Azznak: posts small blind $0.01
dhabiles52: posts big blind $0.02
edoschenko: sits out 
*** HOLE CARDS ***
Dealt to Dorex2007 [Jh 4c]
dmcrbr: folds 
chuvash99: calls $0.02
Dorex2007: folds 
MMMaaaXXX233: folds 
umka186: folds 
pumika90: calls $0.02
Azznak: folds 
dhabiles52: checks 
*** FLOP *** [7h Jd Kc]
Azznak leaves the table
dhabiles52: checks 
chuvash99: bets $0.03
pumika90: folds 
dhabiles52: calls $0.03
*** TURN *** [7h Jd Kc] [Jc]
dhabiles52: checks 
chuvash99: bets $0.06
dhabiles52: calls $0.06
*** RIVER *** [7h Jd Kc Jc] [Ah]
Bahus7778/7 joins the table at seat #1 
dhabiles52: checks 
chuvash99: bets $0.24
dhabiles52: folds 
Uncalled bet ($0.24) returned to chuvash99
chuvash99 collected $0.24 from pot
chuvash99: doesn't show hand 
*** SUMMARY ***
Total pot $0.25 | Rake $0.01 
Board [7h Jd Kc Jc Ah]
Seat 1: Azznak (small blind) folded before Flop
Seat 2: dhabiles52 (big blind) folded on the River
Seat 3: dmcrbr folded before Flop (didn't bet)
Seat 4: chuvash99 collected ($0.24)
Seat 6: Dorex2007 folded before Flop (didn't bet)
Seat 7: MMMaaaXXX233 folded before Flop (didn't bet)
Seat 8: umka186 folded before Flop (didn't bet)
Seat 9: pumika90 (button) folded on the Flop



PokerStars Hand #224616158788:  Hold'em No Limit ($0.01/$0.02 USD) - 2021/03/08 22:36:31 PT [2021/03/09 1:36:31 ET]
Table 'Aida III' 9-max Seat #2 is the button
Seat 1: Bahus7778/7 ($0.80 in chips) 
Seat 2: dhabiles52 ($1.89 in chips) 
Seat 3: dmcrbr ($2 in chips) 
Seat 4: chuvash99 ($1.59 in chips) 
Seat 6: Dorex2007 ($2.33 in chips) 
Seat 7: MMMaaaXXX233 ($2.40 in chips) 
Seat 8: umka186 ($2.01 in chips) 
Seat 9: pumika90 ($2.03 in chips) 
dmcrbr: posts small blind $0.01
chuvash99: posts big blind $0.02
edoschenko: sits out 
Bahus7778/7: posts big blind $0.02
*** HOLE CARDS ***
Dealt to Dorex2007 [Ks 5s]
Dorex2007: folds 
MMMaaaXXX233: folds 
umka186: folds 
pumika90: raises $0.02 to $0.04
Bahus7778/7: calls $0.02
dhabiles52: folds 
dmcrbr: folds 
chuvash99: calls $0.02
*** FLOP *** [Qc 5h 9h]
chuvash99: checks 
pumika90: checks 
Bahus7778/7: checks 
*** TURN *** [Qc 5h 9h] [Ad]
chuvash99: bets $0.02
pumika90: raises $0.09 to $0.11
Bahus7778/7: folds 
chuvash99: folds 
Uncalled bet ($0.09) returned to pumika90
pumika90 collected $0.16 from pot
pumika90: doesn't show hand 
*** SUMMARY ***
Total pot $0.17 | Rake $0.01 
Board [Qc 5h 9h Ad]
Seat 1: Bahus7778/7 folded on the Turn
Seat 2: dhabiles52 (button) folded before Flop (didn't bet)
Seat 3: dmcrbr (small blind) folded before Flop
Seat 4: chuvash99 (big blind) folded on the Turn
Seat 6: Dorex2007 folded before Flop (didn't bet)
Seat 7: MMMaaaXXX233 folded before Flop (didn't bet)
Seat 8: umka186 folded before Flop (didn't bet)
Seat 9: pumika90 collected ($0.16)



PokerStars Hand #224616171025:  Hold'em No Limit ($0.01/$0.02 USD) - 2021/03/08 22:37:45 PT [2021/03/09 1:37:45 ET]
Table 'Aida III' 9-max Seat #3 is the button
Seat 1: Bahus7778/7 ($0.76 in chips) 
Seat 2: dhabiles52 ($1.89 in chips) 
Seat 3: dmcrbr ($2 in chips) 
Seat 4: chuvash99 ($1.53 in chips) 
Seat 5: edoschenko ($1.60 in chips) 
Seat 6: Dorex2007 ($2.33 in chips) 
Seat 7: MMMaaaXXX233 ($2.40 in chips) 
Seat 8: umka186 ($2.01 in chips) 
Seat 9: pumika90 ($2.13 in chips) 
chuvash99: posts small blind $0.01
edoschenko: posts big blind $0.02
*** HOLE CARDS ***
Dealt to Dorex2007 [8c 8h]
Dorex2007: calls $0.02
MMMaaaXXX233: folds 
umka186: folds 
pumika90: calls $0.02
Bahus7778/7: calls $0.02
dhabiles52: folds 
dmcrbr: folds 
chuvash99: calls $0.01
edoschenko: checks 
*** FLOP *** [6h 6d Th]
chuvash99: bets $0.05
edoschenko: raises $0.10 to $0.15
Dorex2007: folds 
pumika90: folds 
Bahus7778/7: folds 
chuvash99: calls $0.10
*** TURN *** [6h 6d Th] [7c]
chuvash99: checks 
edoschenko: bets $0.28
chuvash99: folds 
Uncalled bet ($0.28) returned to edoschenko
edoschenko collected $0.39 from pot
edoschenko: doesn't show hand 
*** SUMMARY ***
Total pot $0.40 | Rake $0.01 
Board [6h 6d Th 7c]
Seat 1: Bahus7778/7 folded on the Flop
Seat 2: dhabiles52 folded before Flop (didn't bet)
Seat 3: dmcrbr (button) folded before Flop (didn't bet)
Seat 4: chuvash99 (small blind) folded on the Turn
Seat 5: edoschenko (big blind) collected ($0.39)
Seat 6: Dorex2007 folded on the Flop
Seat 7: MMMaaaXXX233 folded before Flop (didn't bet)
Seat 8: umka186 folded before Flop (didn't bet)
Seat 9: pumika90 folded on the Flop



PokerStars Hand #224616183425:  Hold'em No Limit ($0.01/$0.02 USD) - 2021/03/08 22:39:01 PT [2021/03/09 1:39:01 ET]
Table 'Aida III' 9-max Seat #4 is the button
Seat 1: Bahus7778/7 ($0.74 in chips) 
Seat 2: dhabiles52 ($1.89 in chips) 
Seat 3: dmcrbr ($2 in chips) 
Seat 4: chuvash99 ($1.36 in chips) 
Seat 5: edoschenko ($1.82 in chips) 
Seat 6: Dorex2007 ($2.31 in chips) 
Seat 7: MMMaaaXXX233 ($2.40 in chips) 
Seat 8: umka186 ($2.01 in chips) 
Seat 9: pumika90 ($2.11 in chips) 
edoschenko: posts small blind $0.01
Dorex2007: posts big blind $0.02
*** HOLE CARDS ***
Dealt to Dorex2007 [7c 6d]
MMMaaaXXX233: raises $0.06 to $0.08
umka186: folds 
pumika90: calls $0.08
Bahus7778/7: folds 
dhabiles52: folds 
dmcrbr: folds 
chuvash99: calls $0.08
edoschenko: folds 
Dorex2007: folds 
*** FLOP *** [Jd 8c 3c]
MMMaaaXXX233: checks 
pumika90: checks 
chuvash99: bets $0.13
MMMaaaXXX233: calls $0.13
pumika90: calls $0.13
*** TURN *** [Jd 8c 3c] [6s]
MMMaaaXXX233: checks 
pumika90: checks 
chuvash99: bets $0.64
MMMaaaXXX233: folds 
pumika90: folds 
Uncalled bet ($0.64) returned to chuvash99
chuvash99 collected $0.64 from pot
chuvash99: doesn't show hand 
*** SUMMARY ***
Total pot $0.66 | Rake $0.02 
Board [Jd 8c 3c 6s]
Seat 1: Bahus7778/7 folded before Flop (didn't bet)
Seat 2: dhabiles52 folded before Flop (didn't bet)
Seat 3: dmcrbr folded before Flop (didn't bet)
Seat 4: chuvash99 (button) collected ($0.64)
Seat 5: edoschenko (small blind) folded before Flop
Seat 6: Dorex2007 (big blind) folded before Flop
Seat 7: MMMaaaXXX233 folded on the Turn
Seat 8: umka186 folded before Flop (didn't bet)
Seat 9: pumika90 folded on the Turn



PokerStars Hand #224616195765:  Hold'em No Limit ($0.01/$0.02 USD) - 2021/03/08 22:40:16 PT [2021/03/09 1:40:16 ET]
Table 'Aida III' 9-max Seat #5 is the button
Seat 2: dhabiles52 ($1.89 in chips) 
Seat 3: dmcrbr ($2 in chips) 
Seat 4: chuvash99 ($1.79 in chips) 
Seat 5: edoschenko ($1.81 in chips) 
Seat 6: Dorex2007 ($2.29 in chips) 
Seat 7: MMMaaaXXX233 ($2.19 in chips) 
Seat 8: umka186 ($2.01 in chips) 
Seat 9: pumika90 ($1.90 in chips) 
Dorex2007: posts small blind $0.01
MMMaaaXXX233: posts big blind $0.02
*** HOLE CARDS ***
Dealt to Dorex2007 [7h 6h]
umka186: folds 
pumika90: calls $0.02
dhabiles52: folds 
dmcrbr: folds 
chuvash99 has timed out
chuvash99: folds 
edoschenko: folds 
Dorex2007: calls $0.01
MMMaaaXXX233: raises $0.06 to $0.08
pumika90: calls $0.06
Dorex2007: folds 
*** FLOP *** [Kh 2c 6s]
MMMaaaXXX233: bets $0.10
pumika90: folds 
Uncalled bet ($0.10) returned to MMMaaaXXX233
MMMaaaXXX233 collected $0.17 from pot
*** SUMMARY ***
Total pot $0.18 | Rake $0.01 
Board [Kh 2c 6s]
Seat 2: dhabiles52 folded before Flop (didn't bet)
Seat 3: dmcrbr folded before Flop (didn't bet)
Seat 4: chuvash99 folded before Flop (didn't bet)
Seat 5: edoschenko (button) folded before Flop (didn't bet)
Seat 6: Dorex2007 (small blind) folded before Flop
Seat 7: MMMaaaXXX233 (big blind) collected ($0.17)
Seat 8: umka186 folded before Flop (didn't bet)
Seat 9: pumika90 folded on the Flop



PokerStars Hand #224616205148:  Hold'em No Limit ($0.01/$0.02 USD) - 2021/03/08 22:41:13 PT [2021/03/09 1:41:13 ET]
Table 'Aida III' 9-max Seat #6 is the button
Seat 1: Bahus7778/7 ($0.74 in chips) 
Seat 2: dhabiles52 ($1.89 in chips) 
Seat 3: dmcrbr ($2 in chips) 
Seat 4: chuvash99 ($1.79 in chips) 
Seat 5: edoschenko ($1.81 in chips) 
Seat 6: Dorex2007 ($2.27 in chips) 
Seat 7: MMMaaaXXX233 ($2.28 in chips) 
Seat 8: umka186 ($2.01 in chips) 
Seat 9: pumika90 ($1.82 in chips) 
MMMaaaXXX233: posts small blind $0.01
umka186: posts big blind $0.02
*** HOLE CARDS ***
Dealt to Dorex2007 [Js 7d]
pumika90: folds 
Bahus7778/7: calls $0.02
dhabiles52: folds 
dmcrbr: folds 
chuvash99: folds 
edoschenko: folds 
Dorex2007: folds 
MMMaaaXXX233: raises $0.08 to $0.10
umka186: calls $0.08
Bahus7778/7: calls $0.08
*** FLOP *** [5h As 3d]
MMMaaaXXX233: bets $0.29
umka186: raises $0.65 to $0.94
Bahus7778/7: folds 
MMMaaaXXX233: folds 
Uncalled bet ($0.65) returned to umka186
umka186 collected $0.85 from pot
*** SUMMARY ***
Total pot $0.88 | Rake $0.03 
Board [5h As 3d]
Seat 1: Bahus7778/7 folded on the Flop
Seat 2: dhabiles52 folded before Flop (didn't bet)
Seat 3: dmcrbr folded before Flop (didn't bet)
Seat 4: chuvash99 folded before Flop (didn't bet)
Seat 5: edoschenko folded before Flop (didn't bet)
Seat 6: Dorex2007 (button) folded before Flop (didn't bet)
Seat 7: MMMaaaXXX233 (small blind) folded on the Flop
Seat 8: umka186 (big blind) collected ($0.85)
Seat 9: pumika90 folded before Flop (didn't bet)



PokerStars Hand #224616214241:  Hold'em No Limit ($0.01/$0.02 USD) - 2021/03/08 22:42:08 PT [2021/03/09 1:42:08 ET]
Table 'Aida III' 9-max Seat #7 is the button
Seat 1: Bahus7778/7 ($0.64 in chips) 
Seat 2: dhabiles52 ($1.89 in chips) 
Seat 3: dmcrbr ($2 in chips) 
Seat 4: chuvash99 ($1.79 in chips) 
Seat 6: Dorex2007 ($2.27 in chips) 
Seat 7: MMMaaaXXX233 ($1.89 in chips) 
Seat 8: umka186 ($2.47 in chips) 
Seat 9: pumika90 ($1.82 in chips) 
umka186: posts small blind $0.01
pumika90: posts big blind $0.02
*** HOLE CARDS ***
Dealt to Dorex2007 [8s 2s]
Bahus7778/7: calls $0.02
dhabiles52: folds 
dmcrbr: folds 
chuvash99: calls $0.02
Dorex2007: folds 
MMMaaaXXX233: folds 
umka186: folds 
pumika90: checks 
*** FLOP *** [6c 9s 9c]
pumika90: checks 
Bahus7778/7: checks 
chuvash99: bets $0.02
pumika90: folds 
Bahus7778/7: folds 
Uncalled bet ($0.02) returned to chuvash99
chuvash99 collected $0.07 from pot
chuvash99: doesn't show hand 
*** SUMMARY ***
Total pot $0.07 | Rake $0 
Board [6c 9s 9c]
Seat 1: Bahus7778/7 folded on the Flop
Seat 2: dhabiles52 folded before Flop (didn't bet)
Seat 3: dmcrbr folded before Flop (didn't bet)
Seat 4: chuvash99 collected ($0.07)
Seat 6: Dorex2007 folded before Flop (didn't bet)
Seat 7: MMMaaaXXX233 (button) folded before Flop (didn't bet)
Seat 8: umka186 (small blind) folded before Flop
Seat 9: pumika90 (big blind) folded on the Flop



PokerStars Hand #224616222125:  Hold'em No Limit ($0.01/$0.02 USD) - 2021/03/08 22:42:56 PT [2021/03/09 1:42:56 ET]
Table 'Aida III' 9-max Seat #8 is the button
Seat 1: Bahus7778/7 ($0.62 in chips) 
Seat 2: dhabiles52 ($1.89 in chips) 
Seat 3: dmcrbr ($2 in chips) 
Seat 4: chuvash99 ($1.84 in chips) 
Seat 6: Dorex2007 ($2.27 in chips) 
Seat 7: MMMaaaXXX233 ($1.89 in chips) 
Seat 8: umka186 ($2.46 in chips) 
Seat 9: pumika90 ($1.80 in chips) 
pumika90: posts small blind $0.01
Bahus7778/7: posts big blind $0.02
*** HOLE CARDS ***
Dealt to Dorex2007 [5s Ts]
dhabiles52: folds 
dmcrbr: folds 
chuvash99: calls $0.02
Dorex2007: folds 
MMMaaaXXX233: folds 
umka186: folds 
pumika90: calls $0.01
Bahus7778/7: checks 
*** FLOP *** [Th 6d 4s]
pumika90: checks 
Bahus7778/7: checks 
chuvash99: bets $0.03
pumika90: calls $0.03
Bahus7778/7: calls $0.03
*** TURN *** [Th 6d 4s] [6c]
pumika90: checks 
Bahus7778/7: checks 
chuvash99: bets $0.14
pumika90: folds 
Bahus7778/7: raises $0.14 to $0.28
chuvash99: calls $0.14
*** RIVER *** [Th 6d 4s 6c] [6s]
Bahus7778/7: bets $0.29 and is all-in
chuvash99: calls $0.29
*** SHOW DOWN ***
Bahus7778/7: shows [6h 8s] (four of a kind, Sixes)
chuvash99: shows [Ac Qs] (three of a kind, Sixes)
Bahus7778/7 collected $1.24 from pot
*** SUMMARY ***
Total pot $1.29 | Rake $0.05 
Board [Th 6d 4s 6c 6s]
Seat 1: Bahus7778/7 (big blind) showed [6h 8s] and won ($1.24) with four of a kind, Sixes
Seat 2: dhabiles52 folded before Flop (didn't bet)
Seat 3: dmcrbr folded before Flop (didn't bet)
Seat 4: chuvash99 showed [Ac Qs] and lost with three of a kind, Sixes
Seat 6: Dorex2007 folded before Flop (didn't bet)
Seat 7: MMMaaaXXX233 folded before Flop (didn't bet)
Seat 8: umka186 (button) folded before Flop (didn't bet)
Seat 9: pumika90 (small blind) folded on the Turn



PokerStars Hand #224616248021:  Hold'em No Limit ($0.01/$0.02 USD) - 2021/03/08 22:44:40 PT [2021/03/09 1:44:40 ET]
Table 'Aida III' 9-max Seat #9 is the button
Seat 1: Bahus7778/7 ($1.24 in chips) 
Seat 2: dhabiles52 ($1.89 in chips) 
Seat 3: dmcrbr ($2 in chips) 
Seat 4: chuvash99 ($1.22 in chips) 
Seat 6: Dorex2007 ($2.27 in chips) 
Seat 7: MMMaaaXXX233 ($1.89 in chips) 
Seat 8: umka186 ($2.46 in chips) 
Seat 9: pumika90 ($1.75 in chips) 
Bahus7778/7: posts small blind $0.01
dhabiles52: posts big blind $0.02
*** HOLE CARDS ***
Dealt to Dorex2007 [Kh 2s]
dmcrbr: folds 
chuvash99: calls $0.02
Dorex2007: folds 
MMMaaaXXX233: folds 
umka186: folds 
pumika90: folds 
Bahus7778/7: calls $0.01
dhabiles52: checks 
*** FLOP *** [4h Jc 4c]
Bahus7778/7: checks 
dhabiles52: checks 
chuvash99: bets $0.06
Bahus7778/7: folds 
dhabiles52: folds 
Uncalled bet ($0.06) returned to chuvash99
chuvash99 collected $0.06 from pot
chuvash99: doesn't show hand 
*** SUMMARY ***
Total pot $0.06 | Rake $0 
Board [4h Jc 4c]
Seat 1: Bahus7778/7 (small blind) folded on the Flop
Seat 2: dhabiles52 (big blind) folded on the Flop
Seat 3: dmcrbr folded before Flop (didn't bet)
Seat 4: chuvash99 collected ($0.06)
Seat 6: Dorex2007 folded before Flop (didn't bet)
Seat 7: MMMaaaXXX233 folded before Flop (didn't bet)
Seat 8: umka186 folded before Flop (didn't bet)
Seat 9: pumika90 (button) folded before Flop (didn't bet)



PokerStars Hand #224616255673:  Hold'em No Limit ($0.01/$0.02 USD) - 2021/03/08 22:45:26 PT [2021/03/09 1:45:26 ET]
Table 'Aida III' 9-max Seat #1 is the button
Seat 1: Bahus7778/7 ($1.22 in chips) 
Seat 2: dhabiles52 ($1.87 in chips) 
Seat 3: dmcrbr ($2 in chips) 
Seat 4: chuvash99 ($1.26 in chips) 
Seat 6: Dorex2007 ($2.27 in chips) 
Seat 7: MMMaaaXXX233 ($1.89 in chips) 
Seat 8: umka186 ($2.46 in chips) 
Seat 9: pumika90 ($1.75 in chips) 
dhabiles52: posts small blind $0.01
dmcrbr: posts big blind $0.02
*** HOLE CARDS ***
Dealt to Dorex2007 [Js Qc]
chuvash99: raises $0.02 to $0.04
Dorex2007: folds 
MMMaaaXXX233: folds 
umka186: folds 
pumika90: folds 
Bahus7778/7: folds 
dhabiles52: folds 
dmcrbr: folds 
Uncalled bet ($0.02) returned to chuvash99
chuvash99 collected $0.05 from pot
chuvash99: doesn't show hand 
*** SUMMARY ***
Total pot $0.05 | Rake $0 
Seat 1: Bahus7778/7 (button) folded before Flop (didn't bet)
Seat 2: dhabiles52 (small blind) folded before Flop
Seat 3: dmcrbr (big blind) folded before Flop
Seat 4: chuvash99 collected ($0.05)
Seat 6: Dorex2007 folded before Flop (didn't bet)
Seat 7: MMMaaaXXX233 folded before Flop (didn't bet)
Seat 8: umka186 folded before Flop (didn't bet)
Seat 9: pumika90 folded before Flop (didn't bet)



PokerStars Hand #224616264684:  Hold'em No Limit ($0.01/$0.02 USD) - 2021/03/08 22:46:07 PT [2021/03/09 1:46:07 ET]
Table 'Aida III' 9-max Seat #2 is the button
Seat 1: Bahus7778/7 ($1.22 in chips) 
Seat 2: dhabiles52 ($1.86 in chips) 
Seat 3: dmcrbr ($2 in chips) 
Seat 4: chuvash99 ($1.29 in chips) 
Seat 6: Dorex2007 ($2.27 in chips) 
Seat 7: MMMaaaXXX233 ($1.89 in chips) 
Seat 8: umka186 ($2.46 in chips) 
Seat 9: pumika90 ($1.75 in chips) 
dmcrbr: posts small blind $0.01
chuvash99: posts big blind $0.02
*** HOLE CARDS ***
Dealt to Dorex2007 [Ks 3s]
Dorex2007: folds 
MMMaaaXXX233: folds 
umka186: folds 
pumika90: calls $0.02
Bahus7778/7: folds 
dhabiles52: calls $0.02
dmcrbr: folds 
chuvash99: checks 
*** FLOP *** [6h 6c Td]
chuvash99: bets $0.03
pumika90: folds 
dhabiles52: calls $0.03
*** TURN *** [6h 6c Td] [3d]
chuvash99: checks 
dhabiles52: checks 
*** RIVER *** [6h 6c Td 3d] [8c]
chuvash99: bets $0.13
dhabiles52: folds 
Uncalled bet ($0.13) returned to chuvash99
chuvash99 collected $0.13 from pot
chuvash99: doesn't show hand 
*** SUMMARY ***
Total pot $0.13 | Rake $0 
Board [6h 6c Td 3d 8c]
Seat 1: Bahus7778/7 folded before Flop (didn't bet)
Seat 2: dhabiles52 (button) folded on the River
Seat 3: dmcrbr (small blind) folded before Flop
Seat 4: chuvash99 (big blind) collected ($0.13)
Seat 6: Dorex2007 folded before Flop (didn't bet)
Seat 7: MMMaaaXXX233 folded before Flop (didn't bet)
Seat 8: umka186 folded before Flop (didn't bet)
Seat 9: pumika90 folded on the Flop



PokerStars Hand #224616275420:  Hold'em No Limit ($0.01/$0.02 USD) - 2021/03/08 22:47:13 PT [2021/03/09 1:47:13 ET]
Table 'Aida III' 9-max Seat #3 is the button
Seat 1: Bahus7778/7 ($1.22 in chips) 
Seat 2: dhabiles52 ($1.81 in chips) 
Seat 3: dmcrbr ($2 in chips) 
Seat 4: chuvash99 ($1.37 in chips) 
Seat 6: Dorex2007 ($2.27 in chips) 
Seat 7: MMMaaaXXX233 ($1.89 in chips) 
Seat 8: umka186 ($2.46 in chips) 
Seat 9: pumika90 ($1.73 in chips) 
chuvash99: posts small blind $0.01
Dorex2007: posts big blind $0.02
*** HOLE CARDS ***
Dealt to Dorex2007 [9h Jd]
MMMaaaXXX233: folds 
umka186: folds 
pumika90: folds 
Bahus7778/7: folds 
dhabiles52: folds 
dmcrbr: raises $0.04 to $0.06
chuvash99: calls $0.05
Dorex2007: folds 
*** FLOP *** [Kc 4s Qc]
chuvash99: bets $0.02
dmcrbr: raises $0.04 to $0.06
chuvash99: folds 
Uncalled bet ($0.04) returned to dmcrbr
dmcrbr collected $0.17 from pot
dmcrbr: doesn't show hand 
*** SUMMARY ***
Total pot $0.18 | Rake $0.01 
Board [Kc 4s Qc]
Seat 1: Bahus7778/7 folded before Flop (didn't bet)
Seat 2: dhabiles52 folded before Flop (didn't bet)
Seat 3: dmcrbr (button) collected ($0.17)
Seat 4: chuvash99 (small blind) folded on the Flop
Seat 6: Dorex2007 (big blind) folded before Flop
Seat 7: MMMaaaXXX233 folded before Flop (didn't bet)
Seat 8: umka186 folded before Flop (didn't bet)
Seat 9: pumika90 folded before Flop (didn't bet)



PokerStars Hand #224616282373:  Hold'em No Limit ($0.01/$0.02 USD) - 2021/03/08 22:47:55 PT [2021/03/09 1:47:55 ET]
Table 'Aida III' 9-max Seat #4 is the button
Seat 1: Bahus7778/7 ($1.22 in chips) 
Seat 2: dhabiles52 ($1.81 in chips) 
Seat 3: dmcrbr ($2.09 in chips) 
Seat 4: chuvash99 ($1.29 in chips) 
Seat 6: Dorex2007 ($2.25 in chips) 
Seat 7: MMMaaaXXX233 ($1.89 in chips) 
Seat 8: umka186 ($2.46 in chips) 
Seat 9: pumika90 ($1.73 in chips) 
Dorex2007: posts small blind $0.01
MMMaaaXXX233: posts big blind $0.02
*** HOLE CARDS ***
Dealt to Dorex2007 [7s Td]
umka186: folds 
pumika90: calls $0.02
Bahus7778/7: folds 
dhabiles52: folds 
dmcrbr: folds 
chuvash99: folds 
Dorex2007: folds 
MMMaaaXXX233: checks 
*** FLOP *** [2h 2c 5d]
MMMaaaXXX233: checks 
pumika90: checks 
*** TURN *** [2h 2c 5d] [Ts]
MMMaaaXXX233: checks 
pumika90: checks 
*** RIVER *** [2h 2c 5d Ts] [Jd]
MMMaaaXXX233: checks 
pumika90: bets $0.10
MMMaaaXXX233: folds 
Uncalled bet ($0.10) returned to pumika90
pumika90 collected $0.05 from pot
pumika90: doesn't show hand 
*** SUMMARY ***
Total pot $0.05 | Rake $0 
Board [2h 2c 5d Ts Jd]
Seat 1: Bahus7778/7 folded before Flop (didn't bet)
Seat 2: dhabiles52 folded before Flop (didn't bet)
Seat 3: dmcrbr folded before Flop (didn't bet)
Seat 4: chuvash99 (button) folded before Flop (didn't bet)
Seat 6: Dorex2007 (small blind) folded before Flop
Seat 7: MMMaaaXXX233 (big blind) folded on the River
Seat 8: umka186 folded before Flop (didn't bet)
Seat 9: pumika90 collected ($0.05)



PokerStars Hand #224616291728:  Hold'em No Limit ($0.01/$0.02 USD) - 2021/03/08 22:48:52 PT [2021/03/09 1:48:52 ET]
Table 'Aida III' 9-max Seat #6 is the button
Seat 1: Bahus7778/7 ($1.22 in chips) 
Seat 2: dhabiles52 ($1.81 in chips) 
Seat 3: dmcrbr ($2.09 in chips) 
Seat 4: chuvash99 ($1.29 in chips) 
Seat 6: Dorex2007 ($2.24 in chips) 
Seat 7: MMMaaaXXX233 ($1.87 in chips) 
Seat 8: umka186 ($2.46 in chips) 
Seat 9: pumika90 ($1.76 in chips) 
MMMaaaXXX233: posts small blind $0.01
umka186: posts big blind $0.02
edoschenko: sits out 
*** HOLE CARDS ***
Dealt to Dorex2007 [Jc 9h]
pumika90: calls $0.02
Bahus7778/7: folds 
dhabiles52: folds 
dmcrbr: folds 
chuvash99: calls $0.02
Dorex2007: folds 
MMMaaaXXX233: calls $0.01
umka186: checks 
*** FLOP *** [9d 5h 8d]
MMMaaaXXX233: checks 
umka186: checks 
pumika90: checks 
chuvash99: bets $0.08
MMMaaaXXX233: folds 
umka186: folds 
pumika90: folds 
Uncalled bet ($0.08) returned to chuvash99
chuvash99 collected $0.08 from pot
chuvash99: doesn't show hand 
*** SUMMARY ***
Total pot $0.08 | Rake $0 
Board [9d 5h 8d]
Seat 1: Bahus7778/7 folded before Flop (didn't bet)
Seat 2: dhabiles52 folded before Flop (didn't bet)
Seat 3: dmcrbr folded before Flop (didn't bet)
Seat 4: chuvash99 collected ($0.08)
Seat 6: Dorex2007 (button) folded before Flop (didn't bet)
Seat 7: MMMaaaXXX233 (small blind) folded on the Flop
Seat 8: umka186 (big blind) folded on the Flop
Seat 9: pumika90 folded on the Flop



PokerStars Hand #224616298836:  Hold'em No Limit ($0.01/$0.02 USD) - 2021/03/08 22:49:35 PT [2021/03/09 1:49:35 ET]
Table 'Aida III' 9-max Seat #7 is the button
Seat 1: Bahus7778/7 ($1.22 in chips) 
Seat 2: dhabiles52 ($1.81 in chips) 
Seat 3: dmcrbr ($2.09 in chips) 
Seat 4: chuvash99 ($1.35 in chips) 
Seat 6: Dorex2007 ($2.24 in chips) 
Seat 7: MMMaaaXXX233 ($1.85 in chips) 
Seat 8: umka186 ($2.44 in chips) 
Seat 9: pumika90 ($1.74 in chips) 
umka186: posts small blind $0.01
pumika90: posts big blind $0.02
edoschenko: sits out 
*** HOLE CARDS ***
Dealt to Dorex2007 [Qc 4s]
Bahus7778/7: calls $0.02
dhabiles52: folds 
dmcrbr: folds 
chuvash99: folds 
Dorex2007: folds 
MMMaaaXXX233: folds 
umka186: raises $0.06 to $0.08
pumika90: folds 
Bahus7778/7: calls $0.06
*** FLOP *** [Qd 5d 4c]
umka186: bets $0.09
Bahus7778/7: folds 
Uncalled bet ($0.09) returned to umka186
umka186 collected $0.17 from pot
*** SUMMARY ***
Total pot $0.18 | Rake $0.01 
Board [Qd 5d 4c]
Seat 1: Bahus7778/7 folded on the Flop
Seat 2: dhabiles52 folded before Flop (didn't bet)
Seat 3: dmcrbr folded before Flop (didn't bet)
Seat 4: chuvash99 folded before Flop (didn't bet)
Seat 6: Dorex2007 folded before Flop (didn't bet)
Seat 7: MMMaaaXXX233 (button) folded before Flop (didn't bet)
Seat 8: umka186 (small blind) collected ($0.17)
Seat 9: pumika90 (big blind) folded before Flop



PokerStars Hand #224616306831:  Hold'em No Limit ($0.01/$0.02 USD) - 2021/03/08 22:50:24 PT [2021/03/09 1:50:24 ET]
Table 'Aida III' 9-max Seat #8 is the button
Seat 1: Bahus7778/7 ($1.14 in chips) 
Seat 2: dhabiles52 ($1.81 in chips) 
Seat 3: dmcrbr ($2.09 in chips) 
Seat 4: chuvash99 ($1.35 in chips) 
Seat 6: Dorex2007 ($2.24 in chips) 
Seat 7: MMMaaaXXX233 ($1.85 in chips) 
Seat 8: umka186 ($2.53 in chips) 
Seat 9: pumika90 ($1.72 in chips) 
pumika90: posts small blind $0.01
Bahus7778/7: posts big blind $0.02
edoschenko: sits out 
*** HOLE CARDS ***
Dealt to Dorex2007 [Jd 8d]
dhabiles52: folds 
dmcrbr: folds 
chuvash99: calls $0.02
Dorex2007: folds 
MMMaaaXXX233: raises $0.04 to $0.06
umka186: calls $0.06
pumika90: calls $0.05
Bahus7778/7: folds 
chuvash99: calls $0.04
*** FLOP *** [Ks 6s 3c]
pumika90: bets $0.02
chuvash99: raises $0.02 to $0.04
MMMaaaXXX233: calls $0.04
umka186: folds 
pumika90: calls $0.02
*** TURN *** [Ks 6s 3c] [2h]
pumika90: checks 
chuvash99: bets $0.37
MMMaaaXXX233: calls $0.37
pumika90: folds 
*** RIVER *** [Ks 6s 3c 2h] [Ah]
chuvash99: checks 
MMMaaaXXX233: bets $1.38 and is all-in
chuvash99: calls $0.88 and is all-in
Uncalled bet ($0.50) returned to MMMaaaXXX233
*** SHOW DOWN ***
MMMaaaXXX233: shows [2c 2s] (three of a kind, Deuces)
chuvash99: shows [Kh Js] (a pair of Kings)
MMMaaaXXX233 collected $2.78 from pot
*** SUMMARY ***
Total pot $2.88 | Rake $0.10 
Board [Ks 6s 3c 2h Ah]
Seat 1: Bahus7778/7 (big blind) folded before Flop
Seat 2: dhabiles52 folded before Flop (didn't bet)
Seat 3: dmcrbr folded before Flop (didn't bet)
Seat 4: chuvash99 showed [Kh Js] and lost with a pair of Kings
Seat 6: Dorex2007 folded before Flop (didn't bet)
Seat 7: MMMaaaXXX233 showed [2c 2s] and won ($2.78) with three of a kind, Deuces
Seat 8: umka186 (button) folded on the Flop
Seat 9: pumika90 (small blind) folded on the Turn



PokerStars Hand #224616321817:  Hold'em No Limit ($0.01/$0.02 USD) - 2021/03/08 22:51:55 PT [2021/03/09 1:51:55 ET]
Table 'Aida III' 9-max Seat #9 is the button
Seat 1: Bahus7778/7 ($1.12 in chips) 
Seat 2: dhabiles52 ($1.81 in chips) 
Seat 3: dmcrbr ($2.09 in chips) 
Seat 6: Dorex2007 ($2.24 in chips) 
Seat 7: MMMaaaXXX233 ($3.28 in chips) 
Seat 8: umka186 ($2.47 in chips) 
Seat 9: pumika90 ($1.62 in chips) 
Bahus7778/7: posts small blind $0.01
dhabiles52: posts big blind $0.02
edoschenko: sits out 
*** HOLE CARDS ***
Dealt to Dorex2007 [Jc Th]
dmcrbr: folds 
Dorex2007 has timed out
Dorex2007: folds 
MMMaaaXXX233: folds 
umka186: folds 
pumika90: calls $0.02
Bahus7778/7: calls $0.01
dhabiles52: checks 
*** FLOP *** [Ac Ah 9d]
Bahus7778/7: checks 
dhabiles52: checks 
pumika90: checks 
*** TURN *** [Ac Ah 9d] [3h]
Bahus7778/7: checks 
dhabiles52: bets $0.02
pumika90: folds 
Bahus7778/7: folds 
Uncalled bet ($0.02) returned to dhabiles52
dhabiles52 collected $0.06 from pot
dhabiles52: doesn't show hand 
*** SUMMARY ***
Total pot $0.06 | Rake $0 
Board [Ac Ah 9d 3h]
Seat 1: Bahus7778/7 (small blind) folded on the Turn
Seat 2: dhabiles52 (big blind) collected ($0.06)
Seat 3: dmcrbr folded before Flop (didn't bet)
Seat 6: Dorex2007 folded before Flop (didn't bet)
Seat 7: MMMaaaXXX233 folded before Flop (didn't bet)
Seat 8: umka186 folded before Flop (didn't bet)
Seat 9: pumika90 (button) folded on the Turn



PokerStars Hand #224616330303:  Hold'em No Limit ($0.01/$0.02 USD) - 2021/03/08 22:52:46 PT [2021/03/09 1:52:46 ET]
Table 'Aida III' 9-max Seat #1 is the button
Seat 1: Bahus7778/7 ($1.10 in chips) 
Seat 2: dhabiles52 ($1.85 in chips) 
Seat 3: dmcrbr ($2.09 in chips) 
Seat 4: chuvash99 ($2 in chips) 
Seat 6: Dorex2007 ($2.24 in chips) 
Seat 7: MMMaaaXXX233 ($3.28 in chips) 
Seat 8: umka186 ($2.47 in chips) 
Seat 9: pumika90 ($1.60 in chips) 
dhabiles52: posts small blind $0.01
dmcrbr: posts big blind $0.02
edoschenko: sits out 
*** HOLE CARDS ***
Dealt to Dorex2007 [Ts Kc]
chuvash99: calls $0.02
Dorex2007: folds 
MMMaaaXXX233: folds 
umka186: folds 
pumika90: folds 
Bahus7778/7: folds 
dhabiles52: calls $0.01
dmcrbr: checks 
*** FLOP *** [2c 8d Qh]
dhabiles52: checks 
dmcrbr: checks 
chuvash99: bets $0.02
dhabiles52: folds 
dmcrbr: folds 
Uncalled bet ($0.02) returned to chuvash99
chuvash99 collected $0.06 from pot
chuvash99: doesn't show hand 
*** SUMMARY ***
Total pot $0.06 | Rake $0 
Board [2c 8d Qh]
Seat 1: Bahus7778/7 (button) folded before Flop (didn't bet)
Seat 2: dhabiles52 (small blind) folded on the Flop
Seat 3: dmcrbr (big blind) folded on the Flop
Seat 4: chuvash99 collected ($0.06)
Seat 6: Dorex2007 folded before Flop (didn't bet)
Seat 7: MMMaaaXXX233 folded before Flop (didn't bet)
Seat 8: umka186 folded before Flop (didn't bet)
Seat 9: pumika90 folded before Flop (didn't bet)



PokerStars Hand #224616336083:  Hold'em No Limit ($0.01/$0.02 USD) - 2021/03/08 22:53:22 PT [2021/03/09 1:53:22 ET]
Table 'Aida III' 9-max Seat #2 is the button
Seat 1: Bahus7778/7 ($1.10 in chips) 
Seat 2: dhabiles52 ($1.83 in chips) 
Seat 3: dmcrbr ($2.07 in chips) 
Seat 4: chuvash99 ($2.04 in chips) 
Seat 6: Dorex2007 ($2.24 in chips) 
Seat 7: MMMaaaXXX233 ($3.28 in chips) 
Seat 8: umka186 ($2.47 in chips) 
Seat 9: pumika90 ($1.60 in chips) 
dmcrbr: posts small blind $0.01
chuvash99: posts big blind $0.02
edoschenko: sits out 
*** HOLE CARDS ***
Dealt to Dorex2007 [Th 2s]
Dorex2007: folds 
MMMaaaXXX233: folds 
umka186: folds 
pumika90: calls $0.02
Bahus7778/7: folds 
dhabiles52: folds 
dmcrbr: folds 
chuvash99: checks 
*** FLOP *** [8d As Qc]
chuvash99: checks 
pumika90: bets $0.02
chuvash99: folds 
Uncalled bet ($0.02) returned to pumika90
pumika90 collected $0.05 from pot
pumika90: doesn't show hand 
*** SUMMARY ***
Total pot $0.05 | Rake $0 
Board [8d As Qc]
Seat 1: Bahus7778/7 folded before Flop (didn't bet)
Seat 2: dhabiles52 (button) folded before Flop (didn't bet)
Seat 3: dmcrbr (small blind) folded before Flop
Seat 4: chuvash99 (big blind) folded on the Flop
Seat 6: Dorex2007 folded before Flop (didn't bet)
Seat 7: MMMaaaXXX233 folded before Flop (didn't bet)
Seat 8: umka186 folded before Flop (didn't bet)
Seat 9: pumika90 collected ($0.05)



PokerStars Hand #224616340205:  Hold'em No Limit ($0.01/$0.02 USD) - 2021/03/08 22:53:46 PT [2021/03/09 1:53:46 ET]
Table 'Aida III' 9-max Seat #3 is the button
Seat 1: Bahus7778/7 ($1.10 in chips) 
Seat 2: dhabiles52 ($1.83 in chips) 
Seat 3: dmcrbr ($2.06 in chips) 
Seat 4: chuvash99 ($2.02 in chips) 
Seat 5: edoschenko ($1.81 in chips) 
Seat 6: Dorex2007 ($2.24 in chips) 
Seat 7: MMMaaaXXX233 ($3.28 in chips) 
Seat 8: umka186 ($2.47 in chips) 
Seat 9: pumika90 ($1.63 in chips) 
chuvash99: posts small blind $0.01
edoschenko: posts big blind $0.02
*** HOLE CARDS ***
Dealt to Dorex2007 [8h Ts]
Dorex2007: folds 
MMMaaaXXX233: folds 
umka186: folds 
pumika90: calls $0.02
Bahus7778/7: calls $0.02
dhabiles52: calls $0.02
dmcrbr: raises $2.04 to $2.06 and is all-in
chuvash99: folds 
edoschenko: folds 
pumika90: folds 
Bahus7778/7: folds 
dhabiles52: folds 
Uncalled bet ($2.04) returned to dmcrbr
dmcrbr collected $0.11 from pot
dmcrbr: doesn't show hand 
*** SUMMARY ***
Total pot $0.11 | Rake $0 
Seat 1: Bahus7778/7 folded before Flop
Seat 2: dhabiles52 folded before Flop
Seat 3: dmcrbr (button) collected ($0.11)
Seat 4: chuvash99 (small blind) folded before Flop
Seat 5: edoschenko (big blind) folded before Flop
Seat 6: Dorex2007 folded before Flop (didn't bet)
Seat 7: MMMaaaXXX233 folded before Flop (didn't bet)
Seat 8: umka186 folded before Flop (didn't bet)
Seat 9: pumika90 folded before Flop



PokerStars Hand #224616348142:  Hold'em No Limit ($0.01/$0.02 USD) - 2021/03/08 22:54:34 PT [2021/03/09 1:54:34 ET]
Table 'Aida III' 9-max Seat #4 is the button
Seat 1: Bahus7778/7 ($1.08 in chips) 
Seat 2: dhabiles52 ($1.81 in chips) 
Seat 3: dmcrbr ($2.15 in chips) 
Seat 4: chuvash99 ($2.01 in chips) 
Seat 5: edoschenko ($1.79 in chips) 
Seat 6: Dorex2007 ($2.24 in chips) 
Seat 7: MMMaaaXXX233 ($3.28 in chips) 
Seat 8: umka186 ($2.47 in chips) 
Seat 9: pumika90 ($1.61 in chips) 
edoschenko: posts small blind $0.01
Dorex2007: posts big blind $0.02
*** HOLE CARDS ***
Dealt to Dorex2007 [6d 6s]
MMMaaaXXX233: folds 
umka186: folds 
pumika90: calls $0.02
Bahus7778/7: folds 
dhabiles52: folds 
dmcrbr: folds 
chuvash99: folds 
edoschenko: calls $0.01
Dorex2007: checks 
*** FLOP *** [Ac 8s 5d]
edoschenko: checks 
Dorex2007: checks 
pumika90: bets $0.06
edoschenko: folds 
Dorex2007: folds 
Uncalled bet ($0.06) returned to pumika90
pumika90 collected $0.06 from pot
pumika90: doesn't show hand 
*** SUMMARY ***
Total pot $0.06 | Rake $0 
Board [Ac 8s 5d]
Seat 1: Bahus7778/7 folded before Flop (didn't bet)
Seat 2: dhabiles52 folded before Flop (didn't bet)
Seat 3: dmcrbr folded before Flop (didn't bet)
Seat 4: chuvash99 (button) folded before Flop (didn't bet)
Seat 5: edoschenko (small blind) folded on the Flop
Seat 6: Dorex2007 (big blind) folded on the Flop
Seat 7: MMMaaaXXX233 folded before Flop (didn't bet)
Seat 8: umka186 folded before Flop (didn't bet)
Seat 9: pumika90 collected ($0.06)



PokerStars Hand #224616357897:  Hold'em No Limit ($0.01/$0.02 USD) - 2021/03/08 22:55:37 PT [2021/03/09 1:55:37 ET]
Table 'Aida III' 9-max Seat #5 is the button
Seat 1: Bahus7778/7 ($1.08 in chips) 
Seat 2: dhabiles52 ($1.81 in chips) 
Seat 3: dmcrbr ($2.15 in chips) 
Seat 4: chuvash99 ($2.01 in chips) 
Seat 5: edoschenko ($1.77 in chips) 
Seat 6: Dorex2007 ($2.22 in chips) 
Seat 7: MMMaaaXXX233 ($3.28 in chips) 
Seat 8: umka186 ($2.47 in chips) 
Seat 9: pumika90 ($1.65 in chips) 
Dorex2007: posts small blind $0.01
MMMaaaXXX233: posts big blind $0.02
*** HOLE CARDS ***
Dealt to Dorex2007 [Qh Ad]
umka186: folds 
pumika90: calls $0.02
Bahus7778/7: folds 
dhabiles52: folds 
dmcrbr: folds 
chuvash99: folds 
edoschenko: folds 
Dorex2007: calls $0.01
MMMaaaXXX233: checks 
*** FLOP *** [9s 7d Jc]
Dorex2007: checks 
MMMaaaXXX233: checks 
pumika90: checks 
*** TURN *** [9s 7d Jc] [Ks]
Dorex2007: checks 
MMMaaaXXX233: checks 
pumika90: bets $0.06
Dorex2007: folds 
MMMaaaXXX233: folds 
Uncalled bet ($0.06) returned to pumika90
pumika90 collected $0.06 from pot
pumika90: doesn't show hand 
*** SUMMARY ***
Total pot $0.06 | Rake $0 
Board [9s 7d Jc Ks]
Seat 1: Bahus7778/7 folded before Flop (didn't bet)
Seat 2: dhabiles52 folded before Flop (didn't bet)
Seat 3: dmcrbr folded before Flop (didn't bet)
Seat 4: chuvash99 folded before Flop (didn't bet)
Seat 5: edoschenko (button) folded before Flop (didn't bet)
Seat 6: Dorex2007 (small blind) folded on the Turn
Seat 7: MMMaaaXXX233 (big blind) folded on the Turn
Seat 8: umka186 folded before Flop (didn't bet)
Seat 9: pumika90 collected ($0.06)



PokerStars Hand #224616368486:  Hold'em No Limit ($0.01/$0.02 USD) - 2021/03/08 22:56:51 PT [2021/03/09 1:56:51 ET]
Table 'Aida III' 9-max Seat #6 is the button
Seat 1: Bahus7778/7 ($1.08 in chips) 
Seat 2: dhabiles52 ($1.81 in chips) 
Seat 3: dmcrbr ($2.15 in chips) 
Seat 4: chuvash99 ($2.01 in chips) 
Seat 5: edoschenko ($1.77 in chips) 
Seat 6: Dorex2007 ($2.20 in chips) 
Seat 7: MMMaaaXXX233 ($3.26 in chips) 
Seat 8: umka186 ($2.47 in chips) 
Seat 9: pumika90 ($1.69 in chips) 
MMMaaaXXX233: posts small blind $0.01
umka186: posts big blind $0.02
*** HOLE CARDS ***
Dealt to Dorex2007 [Jh Ts]
pumika90: calls $0.02
Bahus7778/7: raises $0.04 to $0.06
dhabiles52: calls $0.06
dmcrbr: folds 
chuvash99: calls $0.06
edoschenko: calls $0.06
Dorex2007: folds 
MMMaaaXXX233: calls $0.05
umka186: folds 
pumika90: calls $0.04
*** FLOP *** [4s Tc Ad]
MMMaaaXXX233: checks 
pumika90: checks 
Bahus7778/7: bets $0.10
dhabiles52: calls $0.10
chuvash99: folds 
edoschenko: folds 
MMMaaaXXX233: calls $0.10
pumika90: folds 
*** TURN *** [4s Tc Ad] [Th]
MMMaaaXXX233: checks 
Bahus7778/7: checks 
dhabiles52: checks 
*** RIVER *** [4s Tc Ad Th] [7h]
MMMaaaXXX233: checks 
Bahus7778/7: bets $0.40
dhabiles52: folds 
MMMaaaXXX233: folds 
Uncalled bet ($0.40) returned to Bahus7778/7
Bahus7778/7 collected $0.66 from pot
Bahus7778/7: doesn't show hand 
*** SUMMARY ***
Total pot $0.68 | Rake $0.02 
Board [4s Tc Ad Th 7h]
Seat 1: Bahus7778/7 collected ($0.66)
Seat 2: dhabiles52 folded on the River
Seat 3: dmcrbr folded before Flop (didn't bet)
Seat 4: chuvash99 folded on the Flop
Seat 5: edoschenko folded on the Flop
Seat 6: Dorex2007 (button) folded before Flop (didn't bet)
Seat 7: MMMaaaXXX233 (small blind) folded on the River
Seat 8: umka186 (big blind) folded before Flop
Seat 9: pumika90 folded on the Flop



PokerStars Hand #224616387225:  Hold'em No Limit ($0.01/$0.02 USD) - 2021/03/08 22:59:02 PT [2021/03/09 1:59:02 ET]
Table 'Aida III' 9-max Seat #7 is the button
Seat 1: Bahus7778/7 ($1.58 in chips) 
Seat 2: dhabiles52 ($1.65 in chips) 
Seat 3: dmcrbr ($2.15 in chips) 
Seat 4: chuvash99 ($1.95 in chips) 
Seat 5: edoschenko ($1.71 in chips) 
Seat 6: Dorex2007 ($2.20 in chips) 
Seat 7: MMMaaaXXX233 ($3.10 in chips) 
Seat 8: umka186 ($2.45 in chips) 
Seat 9: pumika90 ($1.63 in chips) 
umka186: posts small blind $0.01
pumika90: posts big blind $0.02
*** HOLE CARDS ***
Dealt to Dorex2007 [Jh 7c]
Bahus7778/7: calls $0.02
dhabiles52: folds 
dmcrbr: folds 
chuvash99: calls $0.02
edoschenko: folds 
Dorex2007: folds 
MMMaaaXXX233: folds 
umka186: raises $0.08 to $0.10
pumika90: folds 
Bahus7778/7: calls $0.08
chuvash99: calls $0.08
*** FLOP *** [8c 3h 7s]
umka186: checks 
Bahus7778/7: checks 
chuvash99: bets $0.15
umka186: folds 
Bahus7778/7: calls $0.15
*** TURN *** [8c 3h 7s] [Js]
Bahus7778/7: checks 
chuvash99: bets $0.60
Bahus7778/7: folds 
Uncalled bet ($0.60) returned to chuvash99
chuvash99 collected $0.60 from pot
chuvash99: doesn't show hand 
*** SUMMARY ***
Total pot $0.62 | Rake $0.02 
Board [8c 3h 7s Js]
Seat 1: Bahus7778/7 folded on the Turn
Seat 2: dhabiles52 folded before Flop (didn't bet)
Seat 3: dmcrbr folded before Flop (didn't bet)
Seat 4: chuvash99 collected ($0.60)
Seat 5: edoschenko folded before Flop (didn't bet)
Seat 6: Dorex2007 folded before Flop (didn't bet)
Seat 7: MMMaaaXXX233 (button) folded before Flop (didn't bet)
Seat 8: umka186 (small blind) folded on the Flop
Seat 9: pumika90 (big blind) folded before Flop



PokerStars Hand #224616396700:  Hold'em No Limit ($0.01/$0.02 USD) - 2021/03/08 23:00:08 PT [2021/03/09 2:00:08 ET]
Table 'Aida III' 9-max Seat #8 is the button
Seat 1: Bahus7778/7 ($1.33 in chips) 
Seat 2: dhabiles52 ($1.65 in chips) 
Seat 3: dmcrbr ($2.15 in chips) 
Seat 4: chuvash99 ($2.30 in chips) 
Seat 5: edoschenko ($1.71 in chips) 
Seat 6: Dorex2007 ($2.20 in chips) 
Seat 7: MMMaaaXXX233 ($3.10 in chips) 
Seat 8: umka186 ($2.35 in chips) 
Seat 9: pumika90 ($1.61 in chips) 
pumika90: posts small blind $0.01
Bahus7778/7: posts big blind $0.02
*** HOLE CARDS ***
Dealt to Dorex2007 [Qs Th]
dhabiles52: folds 
dmcrbr: folds 
chuvash99: calls $0.02
edoschenko: calls $0.02
Dorex2007: folds 
MMMaaaXXX233: calls $0.02
umka186: folds 
pumika90: calls $0.01
Bahus7778/7: checks 
*** FLOP *** [7c 5h Td]
pumika90: checks 
Bahus7778/7: checks 
chuvash99: bets $0.02
edoschenko: folds 
MMMaaaXXX233: calls $0.02
pumika90: calls $0.02
Bahus7778/7: calls $0.02
*** TURN *** [7c 5h Td] [7h]
pumika90: checks 
Bahus7778/7: checks 
chuvash99: bets $0.08
MMMaaaXXX233: folds 
pumika90: calls $0.08
Bahus7778/7: folds 
*** RIVER *** [7c 5h Td 7h] [Qd]
pumika90: checks 
chuvash99: checks 
*** SHOW DOWN ***
pumika90: shows [7s 2d] (three of a kind, Sevens)
chuvash99: mucks hand 
pumika90 collected $0.33 from pot
*** SUMMARY ***
Total pot $0.34 | Rake $0.01 
Board [7c 5h Td 7h Qd]
Seat 1: Bahus7778/7 (big blind) folded on the Turn
Seat 2: dhabiles52 folded before Flop (didn't bet)
Seat 3: dmcrbr folded before Flop (didn't bet)
Seat 4: chuvash99 mucked [9d 5d]
Seat 5: edoschenko folded on the Flop
Seat 6: Dorex2007 folded before Flop (didn't bet)
Seat 7: MMMaaaXXX233 folded on the Turn
Seat 8: umka186 (button) folded before Flop (didn't bet)
Seat 9: pumika90 (small blind) showed [7s 2d] and won ($0.33) with three of a kind, Sevens



PokerStars Hand #224616410013:  Hold'em No Limit ($0.01/$0.02 USD) - 2021/03/08 23:01:33 PT [2021/03/09 2:01:33 ET]
Table 'Aida III' 9-max Seat #9 is the button
Seat 1: Bahus7778/7 ($1.29 in chips) 
Seat 2: dhabiles52 ($1.65 in chips) 
Seat 3: dmcrbr ($2.15 in chips) 
Seat 4: chuvash99 ($2.18 in chips) 
Seat 5: edoschenko ($1.69 in chips) 
Seat 6: Dorex2007 ($2.20 in chips) 
Seat 7: MMMaaaXXX233 ($3.06 in chips) 
Seat 8: umka186 ($2.35 in chips) 
Seat 9: pumika90 ($1.82 in chips) 
Bahus7778/7: posts small blind $0.01
dhabiles52: posts big blind $0.02
*** HOLE CARDS ***
Dealt to Dorex2007 [3h 7c]
dmcrbr: folds 
chuvash99: calls $0.02
edoschenko: raises $0.06 to $0.08
Dorex2007: folds 
MMMaaaXXX233: calls $0.08
umka186: folds 
pumika90: calls $0.08
Bahus7778/7: folds 
dhabiles52: folds 
chuvash99: calls $0.06
*** FLOP *** [6h Jh 4h]
chuvash99: bets $0.17
edoschenko: folds 
MMMaaaXXX233: folds 
pumika90: calls $0.17
*** TURN *** [6h Jh 4h] [7h]
chuvash99: bets $1.93 and is all-in
pumika90: calls $1.57 and is all-in
Uncalled bet ($0.36) returned to chuvash99
*** RIVER *** [6h Jh 4h 7h] [2s]
*** SHOW DOWN ***
chuvash99: shows [Ad Qc] (high card Ace)
pumika90: shows [9h Ah] (a flush, Ace high)
pumika90 collected $3.70 from pot
*** SUMMARY ***
Total pot $3.83 | Rake $0.13 
Board [6h Jh 4h 7h 2s]
Seat 1: Bahus7778/7 (small blind) folded before Flop
Seat 2: dhabiles52 (big blind) folded before Flop
Seat 3: dmcrbr folded before Flop (didn't bet)
Seat 4: chuvash99 showed [Ad Qc] and lost with high card Ace
Seat 5: edoschenko folded on the Flop
Seat 6: Dorex2007 folded before Flop (didn't bet)
Seat 7: MMMaaaXXX233 folded on the Flop
Seat 8: umka186 folded before Flop (didn't bet)
Seat 9: pumika90 (button) showed [9h Ah] and won ($3.70) with a flush, Ace high



PokerStars Hand #224616418709:  Hold'em No Limit ($0.01/$0.02 USD) - 2021/03/08 23:02:26 PT [2021/03/09 2:02:26 ET]
Table 'Aida III' 9-max Seat #1 is the button
Seat 1: Bahus7778/7 ($1.28 in chips) 
Seat 2: dhabiles52 ($1.63 in chips) 
Seat 3: dmcrbr ($2.15 in chips) 
Seat 4: chuvash99 ($0.36 in chips) 
Seat 5: edoschenko ($1.61 in chips) 
Seat 6: Dorex2007 ($2.20 in chips) 
Seat 7: MMMaaaXXX233 ($2.98 in chips) 
Seat 8: umka186 ($2.35 in chips) 
Seat 9: pumika90 ($3.70 in chips) 
dhabiles52: posts small blind $0.01
dmcrbr: posts big blind $0.02
*** HOLE CARDS ***
Dealt to Dorex2007 [5h Jc]
chuvash99: raises $0.34 to $0.36 and is all-in
edoschenko: folds 
Dorex2007: folds 
MMMaaaXXX233: folds 
umka186: folds 
pumika90: calls $0.36
Bahus7778/7: folds 
dhabiles52: folds 
dmcrbr: folds 
*** FLOP *** [Tc Jh 4d]
*** TURN *** [Tc Jh 4d] [5c]
*** RIVER *** [Tc Jh 4d 5c] [9s]
*** SHOW DOWN ***
chuvash99: shows [Ts Kd] (a pair of Tens)
pumika90: shows [As 9h] (a pair of Nines)
chuvash99 collected $0.72 from pot
*** SUMMARY ***
Total pot $0.75 | Rake $0.03 
Board [Tc Jh 4d 5c 9s]
Seat 1: Bahus7778/7 (button) folded before Flop (didn't bet)
Seat 2: dhabiles52 (small blind) folded before Flop
Seat 3: dmcrbr (big blind) folded before Flop
Seat 4: chuvash99 showed [Ts Kd] and won ($0.72) with a pair of Tens
Seat 5: edoschenko folded before Flop (didn't bet)
Seat 6: Dorex2007 folded before Flop (didn't bet)
Seat 7: MMMaaaXXX233 folded before Flop (didn't bet)
Seat 8: umka186 folded before Flop (didn't bet)
Seat 9: pumika90 showed [As 9h] and lost with a pair of Nines



PokerStars Hand #224616424593:  Hold'em No Limit ($0.01/$0.02 USD) - 2021/03/08 23:03:03 PT [2021/03/09 2:03:03 ET]
Table 'Aida III' 9-max Seat #2 is the button
Seat 1: Bahus7778/7 ($1.28 in chips) 
Seat 2: dhabiles52 ($1.62 in chips) 
Seat 3: dmcrbr ($2.13 in chips) 
Seat 4: chuvash99 ($0.72 in chips) 
Seat 5: edoschenko ($1.61 in chips) 
Seat 6: Dorex2007 ($2.20 in chips) 
Seat 7: MMMaaaXXX233 ($2.98 in chips) 
Seat 8: umka186 ($2.35 in chips) 
Seat 9: pumika90 ($3.34 in chips) 
dmcrbr: posts small blind $0.01
chuvash99: posts big blind $0.02
*** HOLE CARDS ***
Dealt to Dorex2007 [8c Tc]
edoschenko: folds 
Dorex2007: folds 
MMMaaaXXX233: raises $0.04 to $0.06
umka186: folds 
pumika90: folds 
Bahus7778/7: calls $0.06
dhabiles52: calls $0.06
dmcrbr: folds 
chuvash99: calls $0.04
*** FLOP *** [5c Js As]
chuvash99: bets $0.02
MMMaaaXXX233: calls $0.02
Bahus7778/7: calls $0.02
dhabiles52: raises $0.12 to $0.14
chuvash99: calls $0.12
MMMaaaXXX233: calls $0.12
Bahus7778/7: folds 
*** TURN *** [5c Js As] [8s]
chuvash99: checks 
MMMaaaXXX233: checks 
dhabiles52: checks 
*** RIVER *** [5c Js As 8s] [4h]
chuvash99: bets $0.52 and is all-in
MMMaaaXXX233: folds 
dhabiles52: folds 
Uncalled bet ($0.52) returned to chuvash99
chuvash99 collected $0.67 from pot
chuvash99: doesn't show hand 
*** SUMMARY ***
Total pot $0.69 | Rake $0.02 
Board [5c Js As 8s 4h]
Seat 1: Bahus7778/7 folded on the Flop
Seat 2: dhabiles52 (button) folded on the River
Seat 3: dmcrbr (small blind) folded before Flop
Seat 4: chuvash99 (big blind) collected ($0.67)
Seat 5: edoschenko folded before Flop (didn't bet)
Seat 6: Dorex2007 folded before Flop (didn't bet)
Seat 7: MMMaaaXXX233 folded on the River
Seat 8: umka186 folded before Flop (didn't bet)
Seat 9: pumika90 folded before Flop (didn't bet)



PokerStars Hand #224616446767:  Hold'em No Limit ($0.01/$0.02 USD) - 2021/03/08 23:04:33 PT [2021/03/09 2:04:33 ET]
Table 'Aida III' 9-max Seat #3 is the button
Seat 1: Bahus7778/7 ($1.20 in chips) 
Seat 2: dhabiles52 ($2 in chips) 
Seat 3: dmcrbr ($2.12 in chips) 
Seat 4: chuvash99 ($1.19 in chips) 
Seat 5: edoschenko ($1.61 in chips) 
Seat 6: Dorex2007 ($2.20 in chips) 
Seat 7: MMMaaaXXX233 ($2.78 in chips) 
Seat 8: umka186 ($2.35 in chips) 
Seat 9: pumika90 ($3.34 in chips) 
chuvash99: posts small blind $0.01
edoschenko: posts big blind $0.02
*** HOLE CARDS ***
Dealt to Dorex2007 [Qs Qd]
Dorex2007: raises $0.06 to $0.08
MMMaaaXXX233: folds 
umka186: folds 
pumika90: folds 
Bahus7778/7: folds 
dhabiles52: folds 
dmcrbr: folds 
chuvash99: calls $0.07
edoschenko: folds 
*** FLOP *** [7h 4c 6d]
chuvash99: bets $0.08
Dorex2007: raises $0.22 to $0.30
chuvash99: calls $0.22
*** TURN *** [7h 4c 6d] [8h]
chuvash99: bets $0.81 and is all-in
Dorex2007: calls $0.81
*** RIVER *** [7h 4c 6d 8h] [Tc]
*** SHOW DOWN ***
chuvash99: shows [6c 5h] (a straight, Four to Eight)
Dorex2007: shows [Qs Qd] (a pair of Queens)
chuvash99 collected $2.32 from pot
*** SUMMARY ***
Total pot $2.40 | Rake $0.08 
Board [7h 4c 6d 8h Tc]
Seat 1: Bahus7778/7 folded before Flop (didn't bet)
Seat 2: dhabiles52 folded before Flop (didn't bet)
Seat 3: dmcrbr (button) folded before Flop (didn't bet)
Seat 4: chuvash99 (small blind) showed [6c 5h] and won ($2.32) with a straight, Four to Eight
Seat 5: edoschenko (big blind) folded before Flop
Seat 6: Dorex2007 showed [Qs Qd] and lost with a pair of Queens
Seat 7: MMMaaaXXX233 folded before Flop (didn't bet)
Seat 8: umka186 folded before Flop (didn't bet)
Seat 9: pumika90 folded before Flop (didn't bet)



PokerStars Hand #224616457472:  Hold'em No Limit ($0.01/$0.02 USD) - 2021/03/08 23:05:40 PT [2021/03/09 2:05:40 ET]
Table 'Aida III' 9-max Seat #4 is the button
Seat 1: Bahus7778/7 ($1.20 in chips) 
Seat 2: dhabiles52 ($2 in chips) 
Seat 3: dmcrbr ($2.12 in chips) 
Seat 4: chuvash99 ($2.32 in chips) 
Seat 5: edoschenko ($1.59 in chips) 
Seat 6: Dorex2007 ($1.01 in chips) 
Seat 7: MMMaaaXXX233 ($2.78 in chips) 
Seat 8: umka186 ($2.35 in chips) 
Seat 9: pumika90 ($3.34 in chips) 
edoschenko: posts small blind $0.01
Dorex2007: posts big blind $0.02
*** HOLE CARDS ***
Dealt to Dorex2007 [Js 4h]
MMMaaaXXX233 has timed out
MMMaaaXXX233: folds 
umka186: folds 
pumika90: calls $0.02
Bahus7778/7: folds 
dhabiles52: folds 
dmcrbr: folds 
chuvash99: calls $0.02
edoschenko: raises $0.08 to $0.10
Dorex2007: folds 
pumika90: folds 
chuvash99: calls $0.08
*** FLOP *** [6s 8d Jd]
edoschenko: checks 
chuvash99: bets $0.23
edoschenko: folds 
Uncalled bet ($0.23) returned to chuvash99
chuvash99 collected $0.23 from pot
*** SUMMARY ***
Total pot $0.24 | Rake $0.01 
Board [6s 8d Jd]
Seat 1: Bahus7778/7 folded before Flop (didn't bet)
Seat 2: dhabiles52 folded before Flop (didn't bet)
Seat 3: dmcrbr folded before Flop (didn't bet)
Seat 4: chuvash99 (button) collected ($0.23)
Seat 5: edoschenko (small blind) folded on the Flop
Seat 6: Dorex2007 (big blind) folded before Flop
Seat 7: MMMaaaXXX233 folded before Flop (didn't bet)
Seat 8: umka186 folded before Flop (didn't bet)
Seat 9: pumika90 folded before Flop



PokerStars Hand #224616466894:  Hold'em No Limit ($0.01/$0.02 USD) - 2021/03/08 23:06:37 PT [2021/03/09 2:06:37 ET]
Table 'Aida III' 9-max Seat #5 is the button
Seat 1: Bahus7778/7 ($1.20 in chips) 
Seat 2: dhabiles52 ($2 in chips) 
Seat 3: dmcrbr ($2.12 in chips) 
Seat 4: chuvash99 ($2.45 in chips) 
Seat 5: edoschenko ($1.49 in chips) 
Seat 6: Dorex2007 ($1.79 in chips) 
Seat 7: MMMaaaXXX233 ($2.78 in chips) 
Seat 8: umka186 ($2.35 in chips) 
Seat 9: pumika90 ($3.32 in chips) 
Dorex2007: posts small blind $0.01
MMMaaaXXX233: posts big blind $0.02
*** HOLE CARDS ***
Dealt to Dorex2007 [2h 5c]
umka186: folds 
pumika90: calls $0.02
Bahus7778/7: folds 
dhabiles52: folds 
dmcrbr: folds 
chuvash99: raises $0.02 to $0.04
edoschenko: raises $0.16 to $0.20
Dorex2007: folds 
MMMaaaXXX233: calls $0.18
pumika90: folds 
chuvash99: calls $0.16
*** FLOP *** [9d 3c Jh]
MMMaaaXXX233: checks 
chuvash99: bets $0.30
edoschenko: raises $0.99 to $1.29 and is all-in
MMMaaaXXX233: folds 
chuvash99: calls $0.99
*** TURN *** [9d 3c Jh] [Qh]
*** RIVER *** [9d 3c Jh Qh] [2d]
*** SHOW DOWN ***
chuvash99: shows [5h 5s] (a pair of Fives)
edoschenko: shows [Ac As] (a pair of Aces)
edoschenko cashed out the hand for $2.81 | Cash Out Fee $0.03
*** SUMMARY ***
Total pot $3.21 | Rake $0.11 
Board [9d 3c Jh Qh 2d]
Seat 1: Bahus7778/7 folded before Flop (didn't bet)
Seat 2: dhabiles52 folded before Flop (didn't bet)
Seat 3: dmcrbr folded before Flop (didn't bet)
Seat 4: chuvash99 showed [5h 5s] and lost with a pair of Fives
Seat 5: edoschenko (button) showed [Ac As] and won ($3.10) with a pair of Aces (pot not awarded as player cashed out)
Seat 6: Dorex2007 (small blind) folded before Flop
Seat 7: MMMaaaXXX233 (big blind) folded on the Flop
Seat 8: umka186 folded before Flop (didn't bet)
Seat 9: pumika90 folded before Flop



PokerStars Hand #224616478869:  Hold'em No Limit ($0.01/$0.02 USD) - 2021/03/08 23:07:51 PT [2021/03/09 2:07:51 ET]
Table 'Aida III' 9-max Seat #6 is the button
Seat 1: Bahus7778/7 ($1.20 in chips) 
Seat 2: dhabiles52 ($2 in chips) 
Seat 3: dmcrbr ($2.12 in chips) 
Seat 4: chuvash99 ($0.96 in chips) 
Seat 5: edoschenko ($2.81 in chips) 
Seat 6: Dorex2007 ($2 in chips) 
Seat 7: MMMaaaXXX233 ($2.58 in chips) 
Seat 8: umka186 ($2.35 in chips) 
Seat 9: pumika90 ($3.30 in chips) 
MMMaaaXXX233: posts small blind $0.01
umka186: posts big blind $0.02
*** HOLE CARDS ***
Dealt to Dorex2007 [Qh 2c]
pumika90: calls $0.02
Bahus7778/7: folds 
dhabiles52: folds 
dmcrbr: folds 
chuvash99: raises $0.94 to $0.96 and is all-in
edoschenko: folds 
Dorex2007: folds 
MMMaaaXXX233: calls $0.95
umka186: folds 
pumika90: folds 
*** FLOP *** [Td 8h 4h]
*** TURN *** [Td 8h 4h] [6d]
*** RIVER *** [Td 8h 4h 6d] [Jc]
*** SHOW DOWN ***
MMMaaaXXX233: shows [Kc Ac] (high card Ace)
chuvash99: shows [6c Ah] (a pair of Sixes)
chuvash99 collected $1.89 from pot
MMMaaaXXX233 cashed out the hand for $1.41 | Cash Out Fee $0.01
*** SUMMARY ***
Total pot $1.96 | Rake $0.07 
Board [Td 8h 4h 6d Jc]
Seat 1: Bahus7778/7 folded before Flop (didn't bet)
Seat 2: dhabiles52 folded before Flop (didn't bet)
Seat 3: dmcrbr folded before Flop (didn't bet)
Seat 4: chuvash99 showed [6c Ah] and won ($1.89) with a pair of Sixes
Seat 5: edoschenko folded before Flop (didn't bet)
Seat 6: Dorex2007 (button) folded before Flop (didn't bet)
Seat 7: MMMaaaXXX233 (small blind) showed [Kc Ac] and lost with high card Ace (cashed out).
Seat 8: umka186 (big blind) folded before Flop
Seat 9: pumika90 folded before Flop



PokerStars Hand #224616486501:  Hold'em No Limit ($0.01/$0.02 USD) - 2021/03/08 23:08:38 PT [2021/03/09 2:08:38 ET]
Table 'Aida III' 9-max Seat #7 is the button
Seat 1: Bahus7778/7 ($1.20 in chips) 
Seat 2: dhabiles52 ($2 in chips) 
Seat 3: dmcrbr ($2.12 in chips) 
Seat 4: chuvash99 ($1.89 in chips) 
Seat 5: edoschenko ($2.81 in chips) 
Seat 6: Dorex2007 ($2 in chips) 
Seat 7: MMMaaaXXX233 ($3.03 in chips) 
Seat 8: umka186 ($2.33 in chips) 
Seat 9: pumika90 ($3.28 in chips) 
umka186: posts small blind $0.01
pumika90: posts big blind $0.02
*** HOLE CARDS ***
Dealt to Dorex2007 [4s 8c]
Bahus7778/7 has timed out
Bahus7778/7: folds 
dhabiles52: folds 
dmcrbr: raises $0.04 to $0.06
chuvash99: folds 
edoschenko: folds 
Dorex2007: folds 
MMMaaaXXX233: folds 
umka186: folds 
pumika90: calls $0.04
*** FLOP *** [2h 2s Kd]
pumika90: checks 
dmcrbr: bets $0.04
pumika90: folds 
Uncalled bet ($0.04) returned to dmcrbr
dmcrbr collected $0.13 from pot
dmcrbr: doesn't show hand 
*** SUMMARY ***
Total pot $0.13 | Rake $0 
Board [2h 2s Kd]
Seat 1: Bahus7778/7 folded before Flop (didn't bet)
Seat 2: dhabiles52 folded before Flop (didn't bet)
Seat 3: dmcrbr collected ($0.13)
Seat 4: chuvash99 folded before Flop (didn't bet)
Seat 5: edoschenko folded before Flop (didn't bet)
Seat 6: Dorex2007 folded before Flop (didn't bet)
Seat 7: MMMaaaXXX233 (button) folded before Flop (didn't bet)
Seat 8: umka186 (small blind) folded before Flop
Seat 9: pumika90 (big blind) folded on the Flop



PokerStars Hand #224616493193:  Hold'em No Limit ($0.01/$0.02 USD) - 2021/03/08 23:09:18 PT [2021/03/09 2:09:18 ET]
Table 'Aida III' 9-max Seat #8 is the button
Seat 1: Bahus7778/7 ($1.20 in chips) 
Seat 2: dhabiles52 ($2 in chips) 
Seat 3: dmcrbr ($2.19 in chips) 
Seat 4: chuvash99 ($1.89 in chips) 
Seat 5: edoschenko ($2.81 in chips) 
Seat 6: Dorex2007 ($2 in chips) 
Seat 7: MMMaaaXXX233 ($3.03 in chips) 
Seat 8: umka186 ($2.32 in chips) 
Seat 9: pumika90 ($3.22 in chips) 
pumika90: posts small blind $0.01
Bahus7778/7: posts big blind $0.02
*** HOLE CARDS ***
Dealt to Dorex2007 [3c 8d]
dhabiles52: folds 
dmcrbr: folds 
chuvash99: folds 
edoschenko: raises $0.05 to $0.07
Dorex2007: folds 
MMMaaaXXX233: calls $0.07
umka186: folds 
pumika90: folds 
Bahus7778/7: folds 
*** FLOP *** [4h 6s 9s]
edoschenko: checks 
MMMaaaXXX233: checks 
*** TURN *** [4h 6s 9s] [8c]
edoschenko: checks 
MMMaaaXXX233: checks 
*** RIVER *** [4h 6s 9s 8c] [6h]
edoschenko: checks 
MMMaaaXXX233: checks 
*** SHOW DOWN ***
edoschenko: shows [Td Ah] (a pair of Sixes)
MMMaaaXXX233: shows [4d As] (two pair, Sixes and Fours)
MMMaaaXXX233 collected $0.16 from pot
*** SUMMARY ***
Total pot $0.17 | Rake $0.01 
Board [4h 6s 9s 8c 6h]
Seat 1: Bahus7778/7 (big blind) folded before Flop
Seat 2: dhabiles52 folded before Flop (didn't bet)
Seat 3: dmcrbr folded before Flop (didn't bet)
Seat 4: chuvash99 folded before Flop (didn't bet)
Seat 5: edoschenko showed [Td Ah] and lost with a pair of Sixes
Seat 6: Dorex2007 folded before Flop (didn't bet)
Seat 7: MMMaaaXXX233 showed [4d As] and won ($0.16) with two pair, Sixes and Fours
Seat 8: umka186 (button) folded before Flop (didn't bet)
Seat 9: pumika90 (small blind) folded before Flop



PokerStars Hand #224616500731:  Hold'em No Limit ($0.01/$0.02 USD) - 2021/03/08 23:10:04 PT [2021/03/09 2:10:04 ET]
Table 'Aida III' 9-max Seat #9 is the button
Seat 1: Bahus7778/7 ($1.18 in chips) 
Seat 2: dhabiles52 ($2 in chips) 
Seat 3: dmcrbr ($2.19 in chips) 
Seat 4: chuvash99 ($1.89 in chips) 
Seat 5: edoschenko ($2.74 in chips) 
Seat 6: Dorex2007 ($2 in chips) 
Seat 7: MMMaaaXXX233 ($3.12 in chips) 
Seat 8: umka186 ($2.32 in chips) 
Seat 9: pumika90 ($3.21 in chips) 
Bahus7778/7: posts small blind $0.01
dhabiles52: posts big blind $0.02
*** HOLE CARDS ***
Dealt to Dorex2007 [Jd Qs]
dmcrbr: folds 
chuvash99: folds 
edoschenko: folds 
Dorex2007: folds 
MMMaaaXXX233: folds 
umka186: folds 
pumika90: folds 
Bahus7778/7: folds 
Uncalled bet ($0.01) returned to dhabiles52
dhabiles52 collected $0.02 from pot
dhabiles52: doesn't show hand 
*** SUMMARY ***
Total pot $0.02 | Rake $0 
Seat 1: Bahus7778/7 (small blind) folded before Flop
Seat 2: dhabiles52 (big blind) collected ($0.02)
Seat 3: dmcrbr folded before Flop (didn't bet)
Seat 4: chuvash99 folded before Flop (didn't bet)
Seat 5: edoschenko folded before Flop (didn't bet)
Seat 6: Dorex2007 folded before Flop (didn't bet)
Seat 7: MMMaaaXXX233 folded before Flop (didn't bet)
Seat 8: umka186 folded before Flop (didn't bet)
Seat 9: pumika90 (button) folded before Flop (didn't bet)



PokerStars Hand #224616505840:  Hold'em No Limit ($0.01/$0.02 USD) - 2021/03/08 23:10:36 PT [2021/03/09 2:10:36 ET]
Table 'Aida III' 9-max Seat #1 is the button
Seat 1: Bahus7778/7 ($1.17 in chips) 
Seat 2: dhabiles52 ($2.01 in chips) 
Seat 3: dmcrbr ($2.19 in chips) 
Seat 4: chuvash99 ($1.89 in chips) 
Seat 5: edoschenko ($2.74 in chips) 
Seat 6: Dorex2007 ($2 in chips) 
Seat 7: MMMaaaXXX233 ($3.12 in chips) 
Seat 8: umka186 ($2.32 in chips) 
Seat 9: pumika90 ($3.21 in chips) 
dhabiles52: posts small blind $0.01
dmcrbr: posts big blind $0.02
*** HOLE CARDS ***
Dealt to Dorex2007 [Qc 8c]
chuvash99: folds 
edoschenko: folds 
Dorex2007: folds 
MMMaaaXXX233: folds 
umka186: folds 
pumika90: calls $0.02
Bahus7778/7: folds 
dhabiles52: calls $0.01
dmcrbr: checks 
*** FLOP *** [Kh Ad 8h]
dhabiles52: checks 
dmcrbr: checks 
pumika90: bets $0.03
dhabiles52: calls $0.03
dmcrbr: folds 
*** TURN *** [Kh Ad 8h] [Qh]
dhabiles52: checks 
pumika90: bets $0.12
dhabiles52: calls $0.12
*** RIVER *** [Kh Ad 8h Qh] [4h]
dhabiles52: checks 
pumika90: checks 
*** SHOW DOWN ***
dhabiles52: shows [5h Ac] (a flush, King high)
pumika90: mucks hand 
dhabiles52 collected $0.35 from pot
*** SUMMARY ***
Total pot $0.36 | Rake $0.01 
Board [Kh Ad 8h Qh 4h]
Seat 1: Bahus7778/7 (button) folded before Flop (didn't bet)
Seat 2: dhabiles52 (small blind) showed [5h Ac] and won ($0.35) with a flush, King high
Seat 3: dmcrbr (big blind) folded on the Flop
Seat 4: chuvash99 folded before Flop (didn't bet)
Seat 5: edoschenko folded before Flop (didn't bet)
Seat 6: Dorex2007 folded before Flop (didn't bet)
Seat 7: MMMaaaXXX233 folded before Flop (didn't bet)
Seat 8: umka186 folded before Flop (didn't bet)
Seat 9: pumika90 mucked [Kd 9d]



PokerStars Hand #224616514528:  Hold'em No Limit ($0.01/$0.02 USD) - 2021/03/08 23:11:28 PT [2021/03/09 2:11:28 ET]
Table 'Aida III' 9-max Seat #2 is the button
Seat 1: Bahus7778/7 ($1.17 in chips) 
Seat 2: dhabiles52 ($2.19 in chips) 
Seat 3: dmcrbr ($2.17 in chips) 
Seat 4: chuvash99 ($1.89 in chips) 
Seat 5: edoschenko ($2.74 in chips) 
Seat 6: Dorex2007 ($2 in chips) 
Seat 7: MMMaaaXXX233 ($3.12 in chips) 
Seat 8: umka186 ($2.32 in chips) 
Seat 9: pumika90 ($3.04 in chips) 
dmcrbr: posts small blind $0.01
chuvash99: posts big blind $0.02
*** HOLE CARDS ***
Dealt to Dorex2007 [Qh Ah]
edoschenko: folds 
Dorex2007: raises $0.04 to $0.06
MMMaaaXXX233 has timed out
MMMaaaXXX233: folds 
umka186: folds 
pumika90: calls $0.06
Bahus7778/7: calls $0.06
dhabiles52: folds 
dmcrbr: folds 
chuvash99: calls $0.04
*** FLOP *** [6h 9s 9d]
chuvash99: checks 
Dorex2007: bets $0.12
pumika90: folds 
dhabiles52 leaves the table
Bahus7778/7: folds 
petro1113 joins the table at seat #2 
chuvash99: raises $0.12 to $0.24
Dorex2007: calls $0.12
*** TURN *** [6h 9s 9d] [7d]
chuvash99: bets $1.59 and is all-in
Dorex2007: folds 
Uncalled bet ($1.59) returned to chuvash99
chuvash99 collected $0.70 from pot
chuvash99: doesn't show hand 
*** SUMMARY ***
Total pot $0.73 | Rake $0.03 
Board [6h 9s 9d 7d]
Seat 1: Bahus7778/7 folded on the Flop
Seat 2: dhabiles52 (button) folded before Flop (didn't bet)
Seat 3: dmcrbr (small blind) folded before Flop
Seat 4: chuvash99 (big blind) collected ($0.70)
Seat 5: edoschenko folded before Flop (didn't bet)
Seat 6: Dorex2007 folded on the Turn
Seat 7: MMMaaaXXX233 folded before Flop (didn't bet)
Seat 8: umka186 folded before Flop (didn't bet)
Seat 9: pumika90 folded on the Flop



PokerStars Hand #224616529684:  Hold'em No Limit ($0.01/$0.02 USD) - 2021/03/08 23:12:59 PT [2021/03/09 2:12:59 ET]
Table 'Aida III' 9-max Seat #3 is the button
Seat 1: Bahus7778/7 ($1.11 in chips) 
Seat 3: dmcrbr ($2.16 in chips) 
Seat 4: chuvash99 ($2.29 in chips) 
Seat 5: edoschenko ($2.74 in chips) 
Seat 6: Dorex2007 ($1.70 in chips) 
Seat 7: MMMaaaXXX233 ($3.12 in chips) 
Seat 8: umka186 ($2.32 in chips) 
Seat 9: pumika90 ($2.98 in chips) 
chuvash99: posts small blind $0.01
edoschenko: posts big blind $0.02
petro1113: sits out 
*** HOLE CARDS ***
Dealt to Dorex2007 [9s 8h]
Dorex2007: folds 
MMMaaaXXX233: folds 
umka186: raises $0.04 to $0.06
pumika90: folds 
Bahus7778/7: folds 
dmcrbr: folds 
chuvash99: calls $0.05
edoschenko: folds 
*** FLOP *** [Qd 4s Kd]
chuvash99: bets $0.02
umka186: calls $0.02
*** TURN *** [Qd 4s Kd] [2d]
chuvash99: bets $0.08
umka186: folds 
Uncalled bet ($0.08) returned to chuvash99
chuvash99 collected $0.17 from pot
chuvash99: doesn't show hand 
*** SUMMARY ***
Total pot $0.18 | Rake $0.01 
Board [Qd 4s Kd 2d]
Seat 1: Bahus7778/7 folded before Flop (didn't bet)
Seat 3: dmcrbr (button) folded before Flop (didn't bet)
Seat 4: chuvash99 (small blind) collected ($0.17)
Seat 5: edoschenko (big blind) folded before Flop
Seat 6: Dorex2007 folded before Flop (didn't bet)
Seat 7: MMMaaaXXX233 folded before Flop (didn't bet)
Seat 8: umka186 folded on the Turn
Seat 9: pumika90 folded before Flop (didn't bet)



PokerStars Hand #224616535647:  Hold'em No Limit ($0.01/$0.02 USD) - 2021/03/08 23:13:35 PT [2021/03/09 2:13:35 ET]
Table 'Aida III' 9-max Seat #4 is the button
Seat 1: Bahus7778/7 ($1.11 in chips) 
Seat 3: dmcrbr ($2.16 in chips) 
Seat 4: chuvash99 ($2.38 in chips) 
Seat 5: edoschenko ($2.72 in chips) 
Seat 6: Dorex2007 ($2 in chips) 
Seat 7: MMMaaaXXX233 ($3.12 in chips) 
Seat 8: umka186 ($2.24 in chips) 
Seat 9: pumika90 ($2.98 in chips) 
edoschenko: posts small blind $0.01
Dorex2007: posts big blind $0.02
petro1113: sits out 
*** HOLE CARDS ***
Dealt to Dorex2007 [8c Kd]
MMMaaaXXX233: folds 
umka186: folds 
pumika90: folds 
Bahus7778/7: raises $0.04 to $0.06
dmcrbr: folds 
chuvash99: calls $0.06
edoschenko: folds 
Dorex2007: folds 
*** FLOP *** [4h 3s 4s]
Bahus7778/7: checks 
chuvash99: bets $0.02
Bahus7778/7: calls $0.02
*** TURN *** [4h 3s 4s] [Qd]
Bahus7778/7: checks 
chuvash99: checks 
*** RIVER *** [4h 3s 4s Qd] [4d]
Bahus7778/7: bets $0.09
chuvash99: raises $0.36 to $0.45
Bahus7778/7: folds 
Uncalled bet ($0.36) returned to chuvash99
chuvash99 collected $0.36 from pot
chuvash99: doesn't show hand 
*** SUMMARY ***
Total pot $0.37 | Rake $0.01 
Board [4h 3s 4s Qd 4d]
Seat 1: Bahus7778/7 folded on the River
Seat 3: dmcrbr folded before Flop (didn't bet)
Seat 4: chuvash99 (button) collected ($0.36)
Seat 5: edoschenko (small blind) folded before Flop
Seat 6: Dorex2007 (big blind) folded before Flop
Seat 7: MMMaaaXXX233 folded before Flop (didn't bet)
Seat 8: umka186 folded before Flop (didn't bet)
Seat 9: pumika90 folded before Flop (didn't bet)



PokerStars Hand #224616548878:  Hold'em No Limit ($0.01/$0.02 USD) - 2021/03/08 23:14:54 PT [2021/03/09 2:14:54 ET]
Table 'Aida III' 9-max Seat #5 is the button
Seat 1: Bahus7778/7 ($0.94 in chips) 
Seat 3: dmcrbr ($2.16 in chips) 
Seat 4: chuvash99 ($2.57 in chips) 
Seat 5: edoschenko ($2.71 in chips) 
Seat 6: Dorex2007 ($1.98 in chips) 
Seat 7: MMMaaaXXX233 ($3.12 in chips) 
Seat 8: umka186 ($2.24 in chips) 
Seat 9: pumika90 ($2.98 in chips) 
Dorex2007: posts small blind $0.01
MMMaaaXXX233: posts big blind $0.02
petro1113: sits out 
*** HOLE CARDS ***
Dealt to Dorex2007 [7h 8h]
umka186: folds 
pumika90: folds 
Bahus7778/7: folds 
dmcrbr: folds 
chuvash99: calls $0.02
edoschenko: folds 
Dorex2007: calls $0.01
MMMaaaXXX233: checks 
*** FLOP *** [8c 2c Kh]
Dorex2007: checks 
MMMaaaXXX233: bets $0.02
chuvash99: calls $0.02
Dorex2007: calls $0.02
*** TURN *** [8c 2c Kh] [Ts]
Dorex2007: checks 
MMMaaaXXX233: bets $0.06
chuvash99: calls $0.06
Dorex2007: folds 
*** RIVER *** [8c 2c Kh Ts] [6c]
MMMaaaXXX233: bets $0.10
chuvash99: raises $0.43 to $0.53
MMMaaaXXX233: calls $0.43
*** SHOW DOWN ***
chuvash99: shows [7s Kc] (a pair of Kings)
MMMaaaXXX233: shows [Jh Ks] (a pair of Kings - Jack kicker)
MMMaaaXXX233 collected $1.25 from pot
*** SUMMARY ***
Total pot $1.30 | Rake $0.05 
Board [8c 2c Kh Ts 6c]
Seat 1: Bahus7778/7 folded before Flop (didn't bet)
Seat 3: dmcrbr folded before Flop (didn't bet)
Seat 4: chuvash99 showed [7s Kc] and lost with a pair of Kings
Seat 5: edoschenko (button) folded before Flop (didn't bet)
Seat 6: Dorex2007 (small blind) folded on the Turn
Seat 7: MMMaaaXXX233 (big blind) showed [Jh Ks] and won ($1.25) with a pair of Kings
Seat 8: umka186 folded before Flop (didn't bet)
Seat 9: pumika90 folded before Flop (didn't bet)



PokerStars Hand #224616561161:  Hold'em No Limit ($0.01/$0.02 USD) - 2021/03/08 23:16:08 PT [2021/03/09 2:16:08 ET]
Table 'Aida III' 9-max Seat #6 is the button
Seat 1: Bahus7778/7 ($0.94 in chips) 
Seat 3: dmcrbr ($2.16 in chips) 
Seat 4: chuvash99 ($1.94 in chips) 
Seat 5: edoschenko ($2.71 in chips) 
Seat 6: Dorex2007 ($1.94 in chips) 
Seat 7: MMMaaaXXX233 ($3.74 in chips) 
Seat 8: umka186 ($2.24 in chips) 
Seat 9: pumika90 ($2.98 in chips) 
MMMaaaXXX233: posts small blind $0.01
umka186: posts big blind $0.02
petro1113: sits out 
*** HOLE CARDS ***
Dealt to Dorex2007 [Qd Th]
pumika90: calls $0.02
Bahus7778/7: folds 
dmcrbr: folds 
chuvash99: calls $0.02
edoschenko: folds 
Dorex2007: raises $0.04 to $0.06
MMMaaaXXX233: calls $0.05
umka186: folds 
pumika90: calls $0.04
chuvash99: calls $0.04
*** FLOP *** [7h Ad Jh]
MMMaaaXXX233: checks 
pumika90: checks 
chuvash99: checks 
Dorex2007: checks 
*** TURN *** [7h Ad Jh] [Jc]
MMMaaaXXX233: checks 
pumika90: bets $0.02
chuvash99: folds 
Dorex2007: calls $0.02
MMMaaaXXX233: folds 
*** RIVER *** [7h Ad Jh Jc] [5h]
pumika90: bets $0.06
Dorex2007: folds 
Uncalled bet ($0.06) returned to pumika90
pumika90 collected $0.29 from pot
pumika90: doesn't show hand 
*** SUMMARY ***
Total pot $0.30 | Rake $0.01 
Board [7h Ad Jh Jc 5h]
Seat 1: Bahus7778/7 folded before Flop (didn't bet)
Seat 3: dmcrbr folded before Flop (didn't bet)
Seat 4: chuvash99 folded on the Turn
Seat 5: edoschenko folded before Flop (didn't bet)
Seat 6: Dorex2007 (button) folded on the River
Seat 7: MMMaaaXXX233 (small blind) folded on the Turn
Seat 8: umka186 (big blind) folded before Flop
Seat 9: pumika90 collected ($0.29)



PokerStars Hand #224616571863:  Hold'em No Limit ($0.01/$0.02 USD) - 2021/03/08 23:17:12 PT [2021/03/09 2:17:12 ET]
Table 'Aida III' 9-max Seat #7 is the button
Seat 1: Bahus7778/7 ($0.94 in chips) 
Seat 3: dmcrbr ($2.16 in chips) 
Seat 4: chuvash99 ($1.88 in chips) 
Seat 5: edoschenko ($2.71 in chips) 
Seat 6: Dorex2007 ($1.86 in chips) 
Seat 7: MMMaaaXXX233 ($3.68 in chips) 
Seat 8: umka186 ($2.22 in chips) 
Seat 9: pumika90 ($3.19 in chips) 
umka186: posts small blind $0.01
pumika90: posts big blind $0.02
petro1113: sits out 
*** HOLE CARDS ***
Dealt to Dorex2007 [8c 3s]
Bahus7778/7: raises $0.04 to $0.06
dmcrbr: folds 
chuvash99: raises $0.04 to $0.10
edoschenko: folds 
Dorex2007: folds 
MMMaaaXXX233: folds 
umka186: folds 
pumika90: calls $0.08
Bahus7778/7: raises $0.84 to $0.94 and is all-in
chuvash99: calls $0.84
pumika90: folds 
*** FLOP *** [6s Jh 2c]
*** TURN *** [6s Jh 2c] [Ks]
*** RIVER *** [6s Jh 2c Ks] [8s]
*** SHOW DOWN ***
Bahus7778/7: shows [Ac Kd] (a pair of Kings)
chuvash99: shows [4d 4h] (a pair of Fours)
Bahus7778/7 collected $1.92 from pot
*** SUMMARY ***
Total pot $1.99 | Rake $0.07 
Board [6s Jh 2c Ks 8s]
Seat 1: Bahus7778/7 showed [Ac Kd] and won ($1.92) with a pair of Kings
Seat 3: dmcrbr folded before Flop (didn't bet)
Seat 4: chuvash99 showed [4d 4h] and lost with a pair of Fours
Seat 5: edoschenko folded before Flop (didn't bet)
Seat 6: Dorex2007 folded before Flop (didn't bet)
Seat 7: MMMaaaXXX233 (button) folded before Flop (didn't bet)
Seat 8: umka186 (small blind) folded before Flop
Seat 9: pumika90 (big blind) folded before Flop



PokerStars Hand #224616581243:  Hold'em No Limit ($0.01/$0.02 USD) - 2021/03/08 23:18:07 PT [2021/03/09 2:18:07 ET]
Table 'Aida III' 9-max Seat #8 is the button
Seat 1: Bahus7778/7 ($1.92 in chips) 
Seat 3: dmcrbr ($2.16 in chips) 
Seat 4: chuvash99 ($0.94 in chips) 
Seat 5: edoschenko ($2.71 in chips) 
Seat 6: Dorex2007 ($1.86 in chips) 
Seat 7: MMMaaaXXX233 ($3.68 in chips) 
Seat 8: umka186 ($2.21 in chips) 
Seat 9: pumika90 ($3.09 in chips) 
pumika90: posts small blind $0.01
Bahus7778/7: posts big blind $0.02
petro1113: sits out 
*** HOLE CARDS ***
Dealt to Dorex2007 [6c 8c]
dmcrbr: folds 
chuvash99: calls $0.02
edoschenko: folds 
Dorex2007: folds 
MMMaaaXXX233: calls $0.02
umka186: calls $0.02
pumika90: calls $0.01
Bahus7778/7: checks 
*** FLOP *** [2d Kc Qd]
pumika90: bets $0.02
Bahus7778/7: folds 
chuvash99: calls $0.02
MMMaaaXXX233: folds 
umka186: calls $0.02
*** TURN *** [2d Kc Qd] [As]
pumika90: bets $0.07
chuvash99: raises $0.83 to $0.90 and is all-in
umka186: folds 
pumika90: calls $0.83
*** RIVER *** [2d Kc Qd As] [4c]
*** SHOW DOWN ***
pumika90: shows [Ad 2s] (two pair, Aces and Deuces)
chuvash99: shows [Ac 5s] (a pair of Aces)
pumika90 collected $1.89 from pot
*** SUMMARY ***
Total pot $1.96 | Rake $0.07 
Board [2d Kc Qd As 4c]
Seat 1: Bahus7778/7 (big blind) folded on the Flop
Seat 3: dmcrbr folded before Flop (didn't bet)
Seat 4: chuvash99 showed [Ac 5s] and lost with a pair of Aces
Seat 5: edoschenko folded before Flop (didn't bet)
Seat 6: Dorex2007 folded before Flop (didn't bet)
Seat 7: MMMaaaXXX233 folded on the Flop
Seat 8: umka186 (button) folded on the Turn
Seat 9: pumika90 (small blind) showed [Ad 2s] and won ($1.89) with two pair, Aces and Deuces



PokerStars Hand #224616593520:  Hold'em No Limit ($0.01/$0.02 USD) - 2021/03/08 23:19:18 PT [2021/03/09 2:19:18 ET]
Table 'Aida III' 9-max Seat #9 is the button
Seat 3: dmcrbr ($2.16 in chips) 
Seat 5: edoschenko ($2.71 in chips) 
Seat 6: Dorex2007 ($1.86 in chips) 
Seat 7: MMMaaaXXX233 ($3.66 in chips) 
Seat 8: umka186 ($2.17 in chips) 
Seat 9: pumika90 ($4.04 in chips) 
dmcrbr: posts small blind $0.01
edoschenko: posts big blind $0.02
*** HOLE CARDS ***
Dealt to Dorex2007 [Ac 9s]
Dorex2007: folds 
MMMaaaXXX233: raises $0.04 to $0.06
umka186: folds 
pumika90: folds 
dmcrbr: folds 
edoschenko: folds 
Uncalled bet ($0.04) returned to MMMaaaXXX233
MMMaaaXXX233 collected $0.05 from pot
*** SUMMARY ***
Total pot $0.05 | Rake $0 
Seat 3: dmcrbr (small blind) folded before Flop
Seat 5: edoschenko (big blind) folded before Flop
Seat 6: Dorex2007 folded before Flop (didn't bet)
Seat 7: MMMaaaXXX233 collected ($0.05)
Seat 8: umka186 folded before Flop (didn't bet)
Seat 9: pumika90 (button) folded before Flop (didn't bet)



PokerStars Hand #224616596942:  Hold'em No Limit ($0.01/$0.02 USD) - 2021/03/08 23:19:39 PT [2021/03/09 2:19:39 ET]
Table 'Aida III' 9-max Seat #3 is the button
Seat 3: dmcrbr ($2.15 in chips) 
Seat 5: edoschenko ($2.69 in chips) 
Seat 6: Dorex2007 ($1.86 in chips) 
Seat 7: MMMaaaXXX233 ($3.69 in chips) 
Seat 8: umka186 ($2.17 in chips) 
Seat 9: pumika90 ($4.04 in chips) 
edoschenko: posts small blind $0.01
Dorex2007: posts big blind $0.02
petro1113: sits out 
*** HOLE CARDS ***
Dealt to Dorex2007 [4c 6d]
chuvash99 leaves the table
MMMaaaXXX233: raises $0.04 to $0.06
umka186: folds 
am3kotoba joins the table at seat #4 
pumika90 has timed out
pumika90: folds 
dmcrbr: folds 
edoschenko: folds 
Dorex2007: folds 
Uncalled bet ($0.04) returned to MMMaaaXXX233
MMMaaaXXX233 collected $0.05 from pot
*** SUMMARY ***
Total pot $0.05 | Rake $0 
Seat 3: dmcrbr (button) folded before Flop (didn't bet)
Seat 5: edoschenko (small blind) folded before Flop
Seat 6: Dorex2007 (big blind) folded before Flop
Seat 7: MMMaaaXXX233 collected ($0.05)
Seat 8: umka186 folded before Flop (didn't bet)
Seat 9: pumika90 folded before Flop (didn't bet)



PokerStars Hand #224616602776:  Hold'em No Limit ($0.01/$0.02 USD) - 2021/03/08 23:20:13 PT [2021/03/09 2:20:13 ET]
Table 'Aida III' 9-max Seat #5 is the button
Seat 3: dmcrbr ($2.15 in chips) 
Seat 5: edoschenko ($2.68 in chips) 
Seat 6: Dorex2007 ($1.84 in chips) 
Seat 7: MMMaaaXXX233 ($3.72 in chips) 
Seat 8: umka186 ($2.17 in chips) 
Seat 9: pumika90 ($4.04 in chips) 
Dorex2007: posts small blind $0.01
MMMaaaXXX233: posts big blind $0.02
petro1113: sits out 
am3kotoba: sits out 
*** HOLE CARDS ***
Dealt to Dorex2007 [Qd As]
umka186: folds 
pumika90: raises $0.02 to $0.04
dmcrbr: folds 
edoschenko: folds 
Dorex2007: calls $0.03
MMMaaaXXX233: calls $0.02
*** FLOP *** [8d 9d Ks]
Dorex2007: checks 
MMMaaaXXX233: checks 
pumika90: bets $0.06
Dorex2007: folds 
MMMaaaXXX233: folds 
Uncalled bet ($0.06) returned to pumika90
pumika90 collected $0.12 from pot
pumika90: doesn't show hand 
*** SUMMARY ***
Total pot $0.12 | Rake $0 
Board [8d 9d Ks]
Seat 3: dmcrbr folded before Flop (didn't bet)
Seat 5: edoschenko (button) folded before Flop (didn't bet)
Seat 6: Dorex2007 (small blind) folded on the Flop
Seat 7: MMMaaaXXX233 (big blind) folded on the Flop
Seat 8: umka186 folded before Flop (didn't bet)
Seat 9: pumika90 collected ($0.12)



PokerStars Hand #224616612424:  Hold'em No Limit ($0.01/$0.02 USD) - 2021/03/08 23:21:10 PT [2021/03/09 2:21:10 ET]
Table 'Aida III' 9-max Seat #6 is the button
Seat 3: dmcrbr ($2.15 in chips) 
Seat 5: edoschenko ($2.68 in chips) 
Seat 6: Dorex2007 ($1.80 in chips) 
Seat 7: MMMaaaXXX233 ($3.68 in chips) 
Seat 8: umka186 ($2.17 in chips) 
Seat 9: pumika90 ($4.12 in chips) 
MMMaaaXXX233: posts small blind $0.01
umka186: posts big blind $0.02
petro1113: sits out 
am3kotoba: sits out 
*** HOLE CARDS ***
Dealt to Dorex2007 [6d 8s]
pumika90: folds 
dmcrbr: folds 
edoschenko: calls $0.02
Dorex2007: folds 
MMMaaaXXX233: calls $0.01
umka186: checks 
*** FLOP *** [Kc Ah 8c]
MMMaaaXXX233: bets $0.02
umka186: folds 
edoschenko: folds 
Uncalled bet ($0.02) returned to MMMaaaXXX233
MMMaaaXXX233 collected $0.06 from pot
*** SUMMARY ***
Total pot $0.06 | Rake $0 
Board [Kc Ah 8c]
Seat 3: dmcrbr folded before Flop (didn't bet)
Seat 5: edoschenko folded on the Flop
Seat 6: Dorex2007 (button) folded before Flop (didn't bet)
Seat 7: MMMaaaXXX233 (small blind) collected ($0.06)
Seat 8: umka186 (big blind) folded on the Flop
Seat 9: pumika90 folded before Flop (didn't bet)



PokerStars Hand #224616617795:  Hold'em No Limit ($0.01/$0.02 USD) - 2021/03/08 23:21:42 PT [2021/03/09 2:21:42 ET]
Table 'Aida III' 9-max Seat #7 is the button
Seat 3: dmcrbr ($2.15 in chips) 
Seat 5: edoschenko ($2.66 in chips) 
Seat 6: Dorex2007 ($1.80 in chips) 
Seat 7: MMMaaaXXX233 ($3.72 in chips) 
Seat 8: umka186 ($2.15 in chips) 
Seat 9: pumika90 ($4.12 in chips) 
umka186: posts small blind $0.01
pumika90: posts big blind $0.02
petro1113: sits out 
am3kotoba: sits out 
*** HOLE CARDS ***
Dealt to Dorex2007 [4s Kd]
dmcrbr: folds 
edoschenko: folds 
Dorex2007: folds 
MMMaaaXXX233: raises $0.04 to $0.06
umka186: folds 
pumika90: calls $0.04
*** FLOP *** [2h 2c 4c]
pumika90: bets $0.02
MMMaaaXXX233: calls $0.02
*** TURN *** [2h 2c 4c] [Ac]
pumika90: bets $0.08
MMMaaaXXX233: calls $0.08
*** RIVER *** [2h 2c 4c Ac] [Qh]
pumika90: bets $0.32
MMMaaaXXX233: folds 
Uncalled bet ($0.32) returned to pumika90
pumika90 collected $0.32 from pot
pumika90: doesn't show hand 
*** SUMMARY ***
Total pot $0.33 | Rake $0.01 
Board [2h 2c 4c Ac Qh]
Seat 3: dmcrbr folded before Flop (didn't bet)
Seat 5: edoschenko folded before Flop (didn't bet)
Seat 6: Dorex2007 folded before Flop (didn't bet)
Seat 7: MMMaaaXXX233 (button) folded on the River
Seat 8: umka186 (small blind) folded before Flop
Seat 9: pumika90 (big blind) collected ($0.32)



PokerStars Hand #224616626024:  Hold'em No Limit ($0.01/$0.02 USD) - 2021/03/08 23:22:31 PT [2021/03/09 2:22:31 ET]
Table 'Aida III' 9-max Seat #8 is the button
Seat 2: petro1113 ($2 in chips) 
Seat 3: dmcrbr ($2.15 in chips) 
Seat 5: edoschenko ($2.66 in chips) 
Seat 6: Dorex2007 ($1.80 in chips) 
Seat 7: MMMaaaXXX233 ($3.56 in chips) 
Seat 8: umka186 ($2.14 in chips) 
Seat 9: pumika90 ($4.28 in chips) 
pumika90: posts small blind $0.01
petro1113: posts big blind $0.02
am3kotoba: sits out 
*** HOLE CARDS ***
Dealt to Dorex2007 [5d 8h]
dmcrbr: folds 
edoschenko: folds 
Dorex2007: folds 
MMMaaaXXX233: raises $0.04 to $0.06
umka186: folds 
pumika90: calls $0.05
petro1113: folds 
*** FLOP *** [9c 4s 5h]
pumika90: checks 
MMMaaaXXX233: bets $0.02
pumika90: calls $0.02
*** TURN *** [9c 4s 5h] [3s]
pumika90: checks 
MMMaaaXXX233: bets $0.10
pumika90: folds 
Uncalled bet ($0.10) returned to MMMaaaXXX233
MMMaaaXXX233 collected $0.17 from pot
*** SUMMARY ***
Total pot $0.18 | Rake $0.01 
Board [9c 4s 5h 3s]
Seat 2: petro1113 (big blind) folded before Flop
Seat 3: dmcrbr folded before Flop (didn't bet)
Seat 5: edoschenko folded before Flop (didn't bet)
Seat 6: Dorex2007 folded before Flop (didn't bet)
Seat 7: MMMaaaXXX233 collected ($0.17)
Seat 8: umka186 (button) folded before Flop (didn't bet)
Seat 9: pumika90 (small blind) folded on the Turn



PokerStars Hand #224616632817:  Hold'em No Limit ($0.01/$0.02 USD) - 2021/03/08 23:23:11 PT [2021/03/09 2:23:11 ET]
Table 'Aida III' 9-max Seat #9 is the button
Seat 2: petro1113 ($2 in chips) 
Seat 3: dmcrbr ($2.15 in chips) 
Seat 5: edoschenko ($2.66 in chips) 
Seat 6: Dorex2007 ($1.80 in chips) 
Seat 7: MMMaaaXXX233 ($3.65 in chips) 
Seat 8: umka186 ($2.14 in chips) 
Seat 9: pumika90 ($4.20 in chips) 
petro1113: posts small blind $0.01
dmcrbr: posts big blind $0.02
am3kotoba: sits out 
*** HOLE CARDS ***
Dealt to Dorex2007 [6s Th]
edoschenko: folds 
Dorex2007: folds 
MMMaaaXXX233: folds 
umka186: raises $0.04 to $0.06
pumika90: folds 
petro1113: folds 
dmcrbr: folds 
Uncalled bet ($0.04) returned to umka186
umka186 collected $0.05 from pot
*** SUMMARY ***
Total pot $0.05 | Rake $0 
Seat 2: petro1113 (small blind) folded before Flop
Seat 3: dmcrbr (big blind) folded before Flop
Seat 5: edoschenko folded before Flop (didn't bet)
Seat 6: Dorex2007 folded before Flop (didn't bet)
Seat 7: MMMaaaXXX233 folded before Flop (didn't bet)
Seat 8: umka186 collected ($0.05)
Seat 9: pumika90 (button) folded before Flop (didn't bet)



PokerStars Hand #224616635533:  Hold'em No Limit ($0.01/$0.02 USD) - 2021/03/08 23:23:28 PT [2021/03/09 2:23:28 ET]
Table 'Aida III' 9-max Seat #2 is the button
Seat 2: petro1113 ($2 in chips) 
Seat 3: dmcrbr ($2.13 in chips) 
Seat 4: am3kotoba ($2 in chips) 
Seat 5: edoschenko ($2.66 in chips) 
Seat 6: Dorex2007 ($1.80 in chips) 
Seat 7: MMMaaaXXX233 ($3.65 in chips) 
Seat 8: umka186 ($2.17 in chips) 
Seat 9: pumika90 ($4.20 in chips) 
dmcrbr: posts small blind $0.01
am3kotoba: posts big blind $0.02
*** HOLE CARDS ***
Dealt to Dorex2007 [9h 8s]
edoschenko: folds 
Dorex2007: folds 
MMMaaaXXX233: folds 
umka186: folds 
pumika90: folds 
petro1113: folds 
dmcrbr: folds 
Uncalled bet ($0.01) returned to am3kotoba
am3kotoba collected $0.02 from pot
am3kotoba: doesn't show hand 
*** SUMMARY ***
Total pot $0.02 | Rake $0 
Seat 2: petro1113 (button) folded before Flop (didn't bet)
Seat 3: dmcrbr (small blind) folded before Flop
Seat 4: am3kotoba (big blind) collected ($0.02)
Seat 5: edoschenko folded before Flop (didn't bet)
Seat 6: Dorex2007 folded before Flop (didn't bet)
Seat 7: MMMaaaXXX233 folded before Flop (didn't bet)
Seat 8: umka186 folded before Flop (didn't bet)
Seat 9: pumika90 folded before Flop (didn't bet)



PokerStars Hand #224616637848:  Hold'em No Limit ($0.01/$0.02 USD) - 2021/03/08 23:23:42 PT [2021/03/09 2:23:42 ET]
Table 'Aida III' 9-max Seat #3 is the button
Seat 2: petro1113 ($2 in chips) 
Seat 3: dmcrbr ($2.12 in chips) 
Seat 4: am3kotoba ($2.01 in chips) 
Seat 5: edoschenko ($2.66 in chips) 
Seat 6: Dorex2007 ($1.80 in chips) 
Seat 7: MMMaaaXXX233 ($3.65 in chips) 
Seat 8: umka186 ($2.17 in chips) 
Seat 9: pumika90 ($4.20 in chips) 
am3kotoba: posts small blind $0.01
edoschenko: posts big blind $0.02
*** HOLE CARDS ***
Dealt to Dorex2007 [7c Kd]
Dorex2007: folds 
MMMaaaXXX233: folds 
umka186: folds 
pumika90: folds 
petro1113: raises $0.03 to $0.05
dmcrbr: folds 
am3kotoba: folds 
edoschenko: calls $0.03
*** FLOP *** [7h 5c 5s]
edoschenko: checks 
petro1113: checks 
*** TURN *** [7h 5c 5s] [Jh]
edoschenko: checks 
petro1113: bets $0.06
edoschenko: folds 
Uncalled bet ($0.06) returned to petro1113
petro1113 collected $0.11 from pot
*** SUMMARY ***
Total pot $0.11 | Rake $0 
Board [7h 5c 5s Jh]
Seat 2: petro1113 collected ($0.11)
Seat 3: dmcrbr (button) folded before Flop (didn't bet)
Seat 4: am3kotoba (small blind) folded before Flop
Seat 5: edoschenko (big blind) folded on the Turn
Seat 6: Dorex2007 folded before Flop (didn't bet)
Seat 7: MMMaaaXXX233 folded before Flop (didn't bet)
Seat 8: umka186 folded before Flop (didn't bet)
Seat 9: pumika90 folded before Flop (didn't bet)



PokerStars Hand #224616645894:  Hold'em No Limit ($0.01/$0.02 USD) - 2021/03/08 23:24:30 PT [2021/03/09 2:24:30 ET]
Table 'Aida III' 9-max Seat #4 is the button
Seat 2: petro1113 ($2.06 in chips) 
Seat 3: dmcrbr ($2.12 in chips) 
Seat 4: am3kotoba ($2 in chips) 
Seat 5: edoschenko ($2.61 in chips) 
Seat 6: Dorex2007 ($1.80 in chips) 
Seat 7: MMMaaaXXX233 ($3.65 in chips) 
Seat 8: umka186 ($2.17 in chips) 
Seat 9: pumika90 ($4.20 in chips) 
edoschenko: posts small blind $0.01
Dorex2007: posts big blind $0.02
*** HOLE CARDS ***
Dealt to Dorex2007 [8s Ad]
MMMaaaXXX233: folds 
umka186: folds 
pumika90: calls $0.02
petro1113: raises $0.07 to $0.09
dmcrbr: folds 
am3kotoba: folds 
edoschenko: folds 
Dorex2007: folds 
pumika90: calls $0.07
*** FLOP *** [6h 2d 6d]
pumika90: checks 
petro1113: bets $0.12
pumika90: calls $0.12
*** TURN *** [6h 2d 6d] [7d]
pumika90: checks 
petro1113: bets $0.25
pumika90: folds 
Uncalled bet ($0.25) returned to petro1113
petro1113 collected $0.43 from pot
*** SUMMARY ***
Total pot $0.45 | Rake $0.02 
Board [6h 2d 6d 7d]
Seat 2: petro1113 collected ($0.43)
Seat 3: dmcrbr folded before Flop (didn't bet)
Seat 4: am3kotoba (button) folded before Flop (didn't bet)
Seat 5: edoschenko (small blind) folded before Flop
Seat 6: Dorex2007 (big blind) folded before Flop
Seat 7: MMMaaaXXX233 folded before Flop (didn't bet)
Seat 8: umka186 folded before Flop (didn't bet)
Seat 9: pumika90 folded on the Turn



PokerStars Hand #224616651729:  Hold'em No Limit ($0.01/$0.02 USD) - 2021/03/08 23:25:04 PT [2021/03/09 2:25:04 ET]
Table 'Aida III' 9-max Seat #5 is the button
Seat 2: petro1113 ($2.28 in chips) 
Seat 3: dmcrbr ($2.12 in chips) 
Seat 4: am3kotoba ($2 in chips) 
Seat 5: edoschenko ($2.60 in chips) 
Seat 6: Dorex2007 ($1.78 in chips) 
Seat 7: MMMaaaXXX233 ($3.65 in chips) 
Seat 8: umka186 ($2.17 in chips) 
Seat 9: pumika90 ($3.99 in chips) 
Dorex2007: posts small blind $0.01
MMMaaaXXX233: posts big blind $0.02
*** HOLE CARDS ***
Dealt to Dorex2007 [2c 6s]
umka186: folds 
pumika90: calls $0.02
petro1113: folds 
dmcrbr: calls $0.02
am3kotoba: folds 
edoschenko: folds 
Dorex2007: folds 
MMMaaaXXX233: checks 
*** FLOP *** [Qc 4s 2s]
MMMaaaXXX233: checks 
petro1113 leaves the table
pumika90: checks 
dmcrbr: checks 
*** TURN *** [Qc 4s 2s] [8d]
MMMaaaXXX233: checks 
pumika90: bets $0.02
dmcrbr: folds 
MMMaaaXXX233: calls $0.02
*** RIVER *** [Qc 4s 2s 8d] [9s]
MMMaaaXXX233: checks 
pumika90: bets $0.11
MMMaaaXXX233: folds 
Uncalled bet ($0.11) returned to pumika90
pumika90 collected $0.11 from pot
pumika90: doesn't show hand 
*** SUMMARY ***
Total pot $0.11 | Rake $0 
Board [Qc 4s 2s 8d 9s]
Seat 2: petro1113 folded before Flop (didn't bet)
Seat 3: dmcrbr folded on the Turn
Seat 4: am3kotoba folded before Flop (didn't bet)
Seat 5: edoschenko (button) folded before Flop (didn't bet)
Seat 6: Dorex2007 (small blind) folded before Flop
Seat 7: MMMaaaXXX233 (big blind) folded on the River
Seat 8: umka186 folded before Flop (didn't bet)
Seat 9: pumika90 collected ($0.11)



PokerStars Hand #224616660586:  Hold'em No Limit ($0.01/$0.02 USD) - 2021/03/08 23:25:56 PT [2021/03/09 2:25:56 ET]
Table 'Aida III' 9-max Seat #6 is the button
Seat 3: dmcrbr ($2.10 in chips) 
Seat 4: am3kotoba ($2 in chips) 
Seat 5: edoschenko ($2.60 in chips) 
Seat 6: Dorex2007 ($1.77 in chips) 
Seat 7: MMMaaaXXX233 ($3.61 in chips) 
Seat 8: umka186 ($2.17 in chips) 
Seat 9: pumika90 ($4.06 in chips) 
MMMaaaXXX233: posts small blind $0.01
umka186: posts big blind $0.02
*** HOLE CARDS ***
Dealt to Dorex2007 [Kd Qs]
pumika90: calls $0.02
dmcrbr: folds 
perec2 joins the table at seat #2 
am3kotoba: folds 
edoschenko: folds 
Dorex2007: raises $0.04 to $0.06
MMMaaaXXX233: calls $0.05
umka186: folds 
pumika90: calls $0.04
*** FLOP *** [Jh 6d Kc]
MMMaaaXXX233: bets $0.09
pumika90: folds 
Dorex2007: raises $0.13 to $0.22
MMMaaaXXX233: calls $0.13
*** TURN *** [Jh 6d Kc] [Jc]
MMMaaaXXX233: checks 
Dorex2007: bets $0.41
MMMaaaXXX233: folds 
Uncalled bet ($0.41) returned to Dorex2007
Dorex2007 collected $0.62 from pot
Dorex2007: doesn't show hand 
*** SUMMARY ***
Total pot $0.64 | Rake $0.02 
Board [Jh 6d Kc Jc]
Seat 3: dmcrbr folded before Flop (didn't bet)
Seat 4: am3kotoba folded before Flop (didn't bet)
Seat 5: edoschenko folded before Flop (didn't bet)
Seat 6: Dorex2007 (button) collected ($0.62)
Seat 7: MMMaaaXXX233 (small blind) folded on the Turn
Seat 8: umka186 (big blind) folded before Flop
Seat 9: pumika90 folded on the Flop



PokerStars Hand #224616673134:  Hold'em No Limit ($0.01/$0.02 USD) - 2021/03/08 23:27:11 PT [2021/03/09 2:27:11 ET]
Table 'Aida III' 9-max Seat #7 is the button
Seat 3: dmcrbr ($2.10 in chips) 
Seat 4: am3kotoba ($2 in chips) 
Seat 5: edoschenko ($2.60 in chips) 
Seat 6: Dorex2007 ($2.11 in chips) 
Seat 7: MMMaaaXXX233 ($3.33 in chips) 
Seat 8: umka186 ($2.15 in chips) 
Seat 9: pumika90 ($4 in chips) 
umka186: posts small blind $0.01
pumika90: posts big blind $0.02
perec2: sits out 
*** HOLE CARDS ***
Dealt to Dorex2007 [8d Jh]
dmcrbr: folds 
am3kotoba: raises $0.04 to $0.06
edoschenko: folds 
Dorex2007: folds 
MMMaaaXXX233: folds 
umka186: raises $0.14 to $0.20
pumika90: folds 
am3kotoba: folds 
Uncalled bet ($0.14) returned to umka186
umka186 collected $0.14 from pot
*** SUMMARY ***
Total pot $0.14 | Rake $0 
Seat 3: dmcrbr folded before Flop (didn't bet)
Seat 4: am3kotoba folded before Flop
Seat 5: edoschenko folded before Flop (didn't bet)
Seat 6: Dorex2007 folded before Flop (didn't bet)
Seat 7: MMMaaaXXX233 (button) folded before Flop (didn't bet)
Seat 8: umka186 (small blind) collected ($0.14)
Seat 9: pumika90 (big blind) folded before Flop



PokerStars Hand #224616679045:  Hold'em No Limit ($0.01/$0.02 USD) - 2021/03/08 23:27:46 PT [2021/03/09 2:27:46 ET]
Table 'Aida III' 9-max Seat #8 is the button
Seat 2: perec2 ($2 in chips) 
Seat 3: dmcrbr ($2.10 in chips) 
Seat 4: am3kotoba ($2 in chips) 
Seat 5: edoschenko ($2.60 in chips) 
Seat 6: Dorex2007 ($2.11 in chips) 
Seat 7: MMMaaaXXX233 ($3.33 in chips) 
Seat 8: umka186 ($2.23 in chips) 
Seat 9: pumika90 ($3.98 in chips) 
pumika90: posts small blind $0.01
perec2: posts big blind $0.02
*** HOLE CARDS ***
Dealt to Dorex2007 [3d 9d]
dmcrbr: folds 
am3kotoba: folds 
edoschenko: folds 
Dorex2007: folds 
MMMaaaXXX233: folds 
umka186: folds 
pumika90: calls $0.01
perec2: checks 
*** FLOP *** [Jh Ah 5h]
pumika90: checks 
perec2: checks 
*** TURN *** [Jh Ah 5h] [8h]
pumika90: checks 
perec2: checks 
*** RIVER *** [Jh Ah 5h 8h] [Qs]
pumika90: bets $0.02
perec2: folds 
Uncalled bet ($0.02) returned to pumika90
pumika90 collected $0.04 from pot
pumika90: doesn't show hand 
*** SUMMARY ***
Total pot $0.04 | Rake $0 
Board [Jh Ah 5h 8h Qs]
Seat 2: perec2 (big blind) folded on the River
Seat 3: dmcrbr folded before Flop (didn't bet)
Seat 4: am3kotoba folded before Flop (didn't bet)
Seat 5: edoschenko folded before Flop (didn't bet)
Seat 6: Dorex2007 folded before Flop (didn't bet)
Seat 7: MMMaaaXXX233 folded before Flop (didn't bet)
Seat 8: umka186 (button) folded before Flop (didn't bet)
Seat 9: pumika90 (small blind) collected ($0.04)



PokerStars Hand #224616684390:  Hold'em No Limit ($0.01/$0.02 USD) - 2021/03/08 23:28:17 PT [2021/03/09 2:28:17 ET]
Table 'Aida III' 9-max Seat #9 is the button
Seat 2: perec2 ($2 in chips) 
Seat 3: dmcrbr ($2.10 in chips) 
Seat 4: am3kotoba ($2 in chips) 
Seat 5: edoschenko ($2.60 in chips) 
Seat 6: Dorex2007 ($2.11 in chips) 
Seat 7: MMMaaaXXX233 ($3.33 in chips) 
Seat 8: umka186 ($2.23 in chips) 
Seat 9: pumika90 ($4 in chips) 
perec2: posts small blind $0.01
dmcrbr: posts big blind $0.02
*** HOLE CARDS ***
Dealt to Dorex2007 [9d 6h]
am3kotoba: folds 
edoschenko: folds 
Dorex2007: folds 
MMMaaaXXX233: folds 
umka186: raises $0.03 to $0.05
pumika90: folds 
perec2: folds 
dmcrbr: folds 
Uncalled bet ($0.03) returned to umka186
umka186 collected $0.05 from pot
*** SUMMARY ***
Total pot $0.05 | Rake $0 
Seat 2: perec2 (small blind) folded before Flop
Seat 3: dmcrbr (big blind) folded before Flop
Seat 4: am3kotoba folded before Flop (didn't bet)
Seat 5: edoschenko folded before Flop (didn't bet)
Seat 6: Dorex2007 folded before Flop (didn't bet)
Seat 7: MMMaaaXXX233 folded before Flop (didn't bet)
Seat 8: umka186 collected ($0.05)
Seat 9: pumika90 (button) folded before Flop (didn't bet)



PokerStars Hand #224616687721:  Hold'em No Limit ($0.01/$0.02 USD) - 2021/03/08 23:28:37 PT [2021/03/09 2:28:37 ET]
Table 'Aida III' 9-max Seat #2 is the button
Seat 2: perec2 ($2 in chips) 
Seat 3: dmcrbr ($2.08 in chips) 
Seat 4: am3kotoba ($2 in chips) 
Seat 5: edoschenko ($2.60 in chips) 
Seat 6: Dorex2007 ($2.11 in chips) 
Seat 7: MMMaaaXXX233 ($3.33 in chips) 
Seat 8: umka186 ($2.26 in chips) 
Seat 9: pumika90 ($4 in chips) 
dmcrbr: posts small blind $0.01
am3kotoba: posts big blind $0.02
*** HOLE CARDS ***
Dealt to Dorex2007 [Jh Kc]
edoschenko: folds 
Dorex2007: folds 
MMMaaaXXX233: folds 
umka186: calls $0.02
pumika90: calls $0.02
perec2: folds 
dmcrbr: folds 
am3kotoba: checks 
*** FLOP *** [5c Qd Js]
am3kotoba: checks 
umka186: checks 
pumika90: checks 
*** TURN *** [5c Qd Js] [Ad]
am3kotoba: checks 
umka186: checks 
edoschenko leaves the table
pumika90: bets $0.07
jakir89 joins the table at seat #5 
am3kotoba: folds 
umka186: folds 
Uncalled bet ($0.07) returned to pumika90
pumika90 collected $0.07 from pot
pumika90: doesn't show hand 
*** SUMMARY ***
Total pot $0.07 | Rake $0 
Board [5c Qd Js Ad]
Seat 2: perec2 (button) folded before Flop (didn't bet)
Seat 3: dmcrbr (small blind) folded before Flop
Seat 4: am3kotoba (big blind) folded on the Turn
Seat 5: edoschenko folded before Flop (didn't bet)
Seat 6: Dorex2007 folded before Flop (didn't bet)
Seat 7: MMMaaaXXX233 folded before Flop (didn't bet)
Seat 8: umka186 folded on the Turn
Seat 9: pumika90 collected ($0.07)



PokerStars Hand #224616696357:  Hold'em No Limit ($0.01/$0.02 USD) - 2021/03/08 23:29:29 PT [2021/03/09 2:29:29 ET]
Table 'Aida III' 9-max Seat #3 is the button
Seat 2: perec2 ($2 in chips) 
Seat 3: dmcrbr ($2.07 in chips) 
Seat 4: am3kotoba ($2 in chips) 
Seat 5: jakir89 ($1.93 in chips) 
Seat 6: Dorex2007 ($2.11 in chips) 
Seat 7: MMMaaaXXX233 ($3.33 in chips) 
Seat 8: umka186 ($2.24 in chips) 
Seat 9: pumika90 ($4.05 in chips) 
am3kotoba: posts small blind $0.01
jakir89: posts big blind $0.02
*** HOLE CARDS ***
Dealt to Dorex2007 [3c 6c]
Dorex2007: folds 
MMMaaaXXX233: raises $0.04 to $0.06
umka186: folds 
pumika90: calls $0.06
perec2: folds 
dmcrbr: folds 
am3kotoba: folds 
jakir89: folds 
*** FLOP *** [Td 4c 8h]
MMMaaaXXX233: checks 
pumika90: bets $0.07
MMMaaaXXX233: folds 
Uncalled bet ($0.07) returned to pumika90
pumika90 collected $0.14 from pot
pumika90: doesn't show hand 
*** SUMMARY ***
Total pot $0.15 | Rake $0.01 
Board [Td 4c 8h]
Seat 2: perec2 folded before Flop (didn't bet)
Seat 3: dmcrbr (button) folded before Flop (didn't bet)
Seat 4: am3kotoba (small blind) folded before Flop
Seat 5: jakir89 (big blind) folded before Flop
Seat 6: Dorex2007 folded before Flop (didn't bet)
Seat 7: MMMaaaXXX233 folded on the Flop
Seat 8: umka186 folded before Flop (didn't bet)
Seat 9: pumika90 collected ($0.14)



PokerStars Hand #224616702926:  Hold'em No Limit ($0.01/$0.02 USD) - 2021/03/08 23:30:07 PT [2021/03/09 2:30:07 ET]
Table 'Aida III' 9-max Seat #4 is the button
Seat 2: perec2 ($2 in chips) 
Seat 3: dmcrbr ($2.07 in chips) 
Seat 4: am3kotoba ($2 in chips) 
Seat 5: jakir89 ($1.91 in chips) 
Seat 6: Dorex2007 ($2.11 in chips) 
Seat 7: MMMaaaXXX233 ($3.27 in chips) 
Seat 8: umka186 ($2.24 in chips) 
Seat 9: pumika90 ($4.13 in chips) 
jakir89: posts small blind $0.01
Dorex2007: posts big blind $0.02
*** HOLE CARDS ***
Dealt to Dorex2007 [5s 2d]
MMMaaaXXX233: folds 
umka186: folds 
umka186 leaves the table
pumika90: folds 
perec2: folds 
dmcrbr: folds 
mrandrey2808 joins the table at seat #8 
am3kotoba: raises $0.04 to $0.06
jakir89: folds 
Dorex2007: folds 
Uncalled bet ($0.04) returned to am3kotoba
am3kotoba collected $0.05 from pot
am3kotoba: doesn't show hand 
*** SUMMARY ***
Total pot $0.05 | Rake $0 
Seat 2: perec2 folded before Flop (didn't bet)
Seat 3: dmcrbr folded before Flop (didn't bet)
Seat 4: am3kotoba (button) collected ($0.05)
Seat 5: jakir89 (small blind) folded before Flop
Seat 6: Dorex2007 (big blind) folded before Flop
Seat 7: MMMaaaXXX233 folded before Flop (didn't bet)
Seat 8: umka186 folded before Flop (didn't bet)
Seat 9: pumika90 folded before Flop (didn't bet)



PokerStars Hand #224616706745:  Hold'em No Limit ($0.01/$0.02 USD) - 2021/03/08 23:30:30 PT [2021/03/09 2:30:30 ET]
Table 'Aida III' 9-max Seat #5 is the button
Seat 2: perec2 ($2 in chips) 
Seat 3: dmcrbr ($2.07 in chips) 
Seat 4: am3kotoba ($2.03 in chips) 
Seat 5: jakir89 ($1.90 in chips) 
Seat 6: Dorex2007 ($2.09 in chips) 
Seat 7: MMMaaaXXX233 ($3.27 in chips) 
Seat 8: mrandrey2808 ($2 in chips) 
Seat 9: pumika90 ($4.13 in chips) 
Dorex2007: posts small blind $0.01
MMMaaaXXX233: posts big blind $0.02
mrandrey2808: posts big blind $0.02
*** HOLE CARDS ***
Dealt to Dorex2007 [Th 5d]
mrandrey2808: checks 
pumika90: folds 
perec2: folds 
dmcrbr: folds 
am3kotoba: folds 
jakir89: calls $0.02
Dorex2007: folds 
MMMaaaXXX233: checks 
*** FLOP *** [3c 9c Qc]
MMMaaaXXX233: checks 
mrandrey2808: checks 
jakir89: bets $0.07
MMMaaaXXX233: folds 
mrandrey2808: folds 
Uncalled bet ($0.07) returned to jakir89
jakir89 collected $0.07 from pot
jakir89: doesn't show hand 
*** SUMMARY ***
Total pot $0.07 | Rake $0 
Board [3c 9c Qc]
Seat 2: perec2 folded before Flop (didn't bet)
Seat 3: dmcrbr folded before Flop (didn't bet)
Seat 4: am3kotoba folded before Flop (didn't bet)
Seat 5: jakir89 (button) collected ($0.07)
Seat 6: Dorex2007 (small blind) folded before Flop
Seat 7: MMMaaaXXX233 (big blind) folded on the Flop
Seat 8: mrandrey2808 folded on the Flop (didn't bet)
Seat 9: pumika90 folded before Flop (didn't bet)



PokerStars Hand #224616712951:  Hold'em No Limit ($0.01/$0.02 USD) - 2021/03/08 23:31:07 PT [2021/03/09 2:31:07 ET]
Table 'Aida III' 9-max Seat #6 is the button
Seat 2: perec2 ($2 in chips) 
Seat 3: dmcrbr ($2.07 in chips) 
Seat 4: am3kotoba ($2.03 in chips) 
Seat 5: jakir89 ($1.95 in chips) 
Seat 6: Dorex2007 ($2.08 in chips) 
Seat 7: MMMaaaXXX233 ($3.25 in chips) 
Seat 8: mrandrey2808 ($2 in chips) 
Seat 9: pumika90 ($4.13 in chips) 
MMMaaaXXX233: posts small blind $0.01
mrandrey2808: posts big blind $0.02
*** HOLE CARDS ***
Dealt to Dorex2007 [5s As]
pumika90: calls $0.02
perec2: folds 
dmcrbr: folds 
am3kotoba: folds 
jakir89: folds 
Dorex2007: calls $0.02
MMMaaaXXX233: raises $0.04 to $0.06
mrandrey2808: folds 
pumika90: calls $0.04
Dorex2007: calls $0.04
*** FLOP *** [Td 5c 4c]
MMMaaaXXX233: bets $0.09
pumika90: calls $0.09
Dorex2007: folds 
*** TURN *** [Td 5c 4c] [3d]
MMMaaaXXX233: bets $0.18
pumika90: calls $0.18
*** RIVER *** [Td 5c 4c 3d] [6h]
MMMaaaXXX233: checks 
pumika90: bets $0.35
MMMaaaXXX233: calls $0.35
*** SHOW DOWN ***
pumika90: shows [6d 6c] (three of a kind, Sixes)
MMMaaaXXX233: mucks hand 
pumika90 collected $1.39 from pot
*** SUMMARY ***
Total pot $1.44 | Rake $0.05 
Board [Td 5c 4c 3d 6h]
Seat 2: perec2 folded before Flop (didn't bet)
Seat 3: dmcrbr folded before Flop (didn't bet)
Seat 4: am3kotoba folded before Flop (didn't bet)
Seat 5: jakir89 folded before Flop (didn't bet)
Seat 6: Dorex2007 (button) folded on the Flop
Seat 7: MMMaaaXXX233 (small blind) mucked [Ah 5d]
Seat 8: mrandrey2808 (big blind) folded before Flop
Seat 9: pumika90 showed [6d 6c] and won ($1.39) with three of a kind, Sixes



PokerStars Hand #224616728532:  Hold'em No Limit ($0.01/$0.02 USD) - 2021/03/08 23:32:37 PT [2021/03/09 2:32:37 ET]
Table 'Aida III' 9-max Seat #7 is the button
Seat 1: Bahus7778/7 ($1.90 in chips) 
Seat 2: perec2 ($2 in chips) 
Seat 3: dmcrbr ($2.07 in chips) 
Seat 4: am3kotoba ($2.03 in chips) 
Seat 5: jakir89 ($1.95 in chips) 
Seat 6: Dorex2007 ($2.02 in chips) 
Seat 7: MMMaaaXXX233 ($2.57 in chips) 
Seat 8: mrandrey2808 ($2 in chips) 
Seat 9: pumika90 ($4.84 in chips) 
mrandrey2808: posts small blind $0.01
pumika90: posts big blind $0.02
Bahus7778/7: posts small & big blinds $0.03
*** HOLE CARDS ***
Dealt to Dorex2007 [9h 6d]
Bahus7778/7: checks 
perec2: folds 
dmcrbr: folds 
am3kotoba: folds 
jakir89: calls $0.02
Dorex2007: folds 
MMMaaaXXX233: raises $0.04 to $0.06
mrandrey2808: folds 
pumika90: folds 
Bahus7778/7: calls $0.04
jakir89: calls $0.04
*** FLOP *** [5s 9s 7c]
Bahus7778/7: checks 
jakir89: checks 
MMMaaaXXX233: checks 
*** TURN *** [5s 9s 7c] [3h]
Bahus7778/7: checks 
jakir89: checks 
MMMaaaXXX233: checks 
*** RIVER *** [5s 9s 7c 3h] [Td]
Bahus7778/7: checks 
jakir89: checks 
MMMaaaXXX233: checks 
*** SHOW DOWN ***
Bahus7778/7: shows [8s Ac] (high card Ace)
jakir89: mucks hand 
MMMaaaXXX233: mucks hand 
Bahus7778/7 collected $0.21 from pot
*** SUMMARY ***
Total pot $0.22 | Rake $0.01 
Board [5s 9s 7c 3h Td]
Seat 1: Bahus7778/7 showed [8s Ac] and won ($0.21) with high card Ace
Seat 2: perec2 folded before Flop (didn't bet)
Seat 3: dmcrbr folded before Flop (didn't bet)
Seat 4: am3kotoba folded before Flop (didn't bet)
Seat 5: jakir89 mucked [Qs 8h]
Seat 6: Dorex2007 folded before Flop (didn't bet)
Seat 7: MMMaaaXXX233 (button) mucked [Qc 8c]
Seat 8: mrandrey2808 (small blind) folded before Flop
Seat 9: pumika90 (big blind) folded before Flop



PokerStars Hand #224616748061:  Hold'em No Limit ($0.01/$0.02 USD) - 2021/03/08 23:34:30 PT [2021/03/09 2:34:30 ET]
Table 'Aida III' 9-max Seat #8 is the button
Seat 1: Bahus7778/7 ($2.04 in chips) 
Seat 2: perec2 ($2 in chips) 
Seat 3: dmcrbr ($2.07 in chips) 
Seat 4: am3kotoba ($2.03 in chips) 
Seat 5: jakir89 ($1.89 in chips) 
Seat 6: Dorex2007 ($2.02 in chips) 
Seat 7: MMMaaaXXX233 ($2.51 in chips) 
Seat 8: mrandrey2808 ($2 in chips) 
Seat 9: pumika90 ($4.82 in chips) 
pumika90: posts small blind $0.01
Bahus7778/7: posts big blind $0.02
*** HOLE CARDS ***
Dealt to Dorex2007 [9h 7s]
perec2: folds 
dmcrbr: folds 
am3kotoba: folds 
jakir89: raises $0.05 to $0.07
Dorex2007: folds 
MMMaaaXXX233: folds 
mrandrey2808: folds 
pumika90: folds 
Bahus7778/7: folds 
Uncalled bet ($0.05) returned to jakir89
jakir89 collected $0.05 from pot
jakir89: doesn't show hand 
*** SUMMARY ***
Total pot $0.05 | Rake $0 
Seat 1: Bahus7778/7 (big blind) folded before Flop
Seat 2: perec2 folded before Flop (didn't bet)
Seat 3: dmcrbr folded before Flop (didn't bet)
Seat 4: am3kotoba folded before Flop (didn't bet)
Seat 5: jakir89 collected ($0.05)
Seat 6: Dorex2007 folded before Flop (didn't bet)
Seat 7: MMMaaaXXX233 folded before Flop (didn't bet)
Seat 8: mrandrey2808 (button) folded before Flop (didn't bet)
Seat 9: pumika90 (small blind) folded before Flop



PokerStars Hand #224616752432:  Hold'em No Limit ($0.01/$0.02 USD) - 2021/03/08 23:34:55 PT [2021/03/09 2:34:55 ET]
Table 'Aida III' 9-max Seat #9 is the button
Seat 1: Bahus7778/7 ($2.02 in chips) 
Seat 2: perec2 ($2 in chips) 
Seat 3: dmcrbr ($2.07 in chips) 
Seat 4: am3kotoba ($2.03 in chips) 
Seat 5: jakir89 ($1.92 in chips) 
Seat 6: Dorex2007 ($2.02 in chips) 
Seat 7: MMMaaaXXX233 ($2.51 in chips) 
Seat 8: mrandrey2808 ($2 in chips) 
Seat 9: pumika90 ($4.81 in chips) 
Bahus7778/7: posts small blind $0.01
perec2: posts big blind $0.02
*** HOLE CARDS ***
Dealt to Dorex2007 [5d 4h]
dmcrbr: folds 
am3kotoba: folds 
jakir89: folds 
Dorex2007: folds 
MMMaaaXXX233: raises $0.04 to $0.06
mrandrey2808: folds 
pumika90: folds 
Bahus7778/7: folds 
perec2: folds 
Uncalled bet ($0.04) returned to MMMaaaXXX233
MMMaaaXXX233 collected $0.05 from pot
*** SUMMARY ***
Total pot $0.05 | Rake $0 
Seat 1: Bahus7778/7 (small blind) folded before Flop
Seat 2: perec2 (big blind) folded before Flop
Seat 3: dmcrbr folded before Flop (didn't bet)
Seat 4: am3kotoba folded before Flop (didn't bet)
Seat 5: jakir89 folded before Flop (didn't bet)
Seat 6: Dorex2007 folded before Flop (didn't bet)
Seat 7: MMMaaaXXX233 collected ($0.05)
Seat 8: mrandrey2808 folded before Flop (didn't bet)
Seat 9: pumika90 (button) folded before Flop (didn't bet)



PokerStars Hand #224616756990:  Hold'em No Limit ($0.01/$0.02 USD) - 2021/03/08 23:35:20 PT [2021/03/09 2:35:20 ET]
Table 'Aida III' 9-max Seat #1 is the button
Seat 1: Bahus7778/7 ($2.01 in chips) 
Seat 2: perec2 ($2 in chips) 
Seat 3: dmcrbr ($2.07 in chips) 
Seat 4: am3kotoba ($2.03 in chips) 
Seat 5: jakir89 ($1.92 in chips) 
Seat 6: Dorex2007 ($2.02 in chips) 
Seat 7: MMMaaaXXX233 ($2.54 in chips) 
Seat 8: mrandrey2808 ($2 in chips) 
Seat 9: pumika90 ($4.81 in chips) 
perec2: posts small blind $0.01
dmcrbr: posts big blind $0.02
*** HOLE CARDS ***
Dealt to Dorex2007 [8d 2c]
am3kotoba: folds 
jakir89: raises $0.05 to $0.07
Dorex2007: folds 
MMMaaaXXX233: calls $0.07
mrandrey2808: folds 
pumika90: folds 
Bahus7778/7: folds 
perec2: folds 
dmcrbr: folds 
*** FLOP *** [3d Ac 6h]
jakir89: bets $0.16
MMMaaaXXX233: calls $0.16
*** TURN *** [3d Ac 6h] [Kc]
jakir89: bets $0.47
MMMaaaXXX233: calls $0.47
*** RIVER *** [3d Ac 6h Kc] [3h]
jakir89: checks 
MMMaaaXXX233: bets $1.84 and is all-in
jakir89: folds 
Uncalled bet ($1.84) returned to MMMaaaXXX233
MMMaaaXXX233 collected $1.38 from pot
*** SUMMARY ***
Total pot $1.43 | Rake $0.05 
Board [3d Ac 6h Kc 3h]
Seat 1: Bahus7778/7 (button) folded before Flop (didn't bet)
Seat 2: perec2 (small blind) folded before Flop
Seat 3: dmcrbr (big blind) folded before Flop
Seat 4: am3kotoba folded before Flop (didn't bet)
Seat 5: jakir89 folded on the River
Seat 6: Dorex2007 folded before Flop (didn't bet)
Seat 7: MMMaaaXXX233 collected ($1.38)
Seat 8: mrandrey2808 folded before Flop (didn't bet)
Seat 9: pumika90 folded before Flop (didn't bet)



PokerStars Hand #224616771155:  Hold'em No Limit ($0.01/$0.02 USD) - 2021/03/08 23:36:13 PT [2021/03/09 2:36:13 ET]
Table 'Aida III' 9-max Seat #2 is the button
Seat 1: Bahus7778/7 ($2.01 in chips) 
Seat 2: perec2 ($2 in chips) 
Seat 3: dmcrbr ($2.05 in chips) 
Seat 4: am3kotoba ($2.03 in chips) 
Seat 5: jakir89 ($1.22 in chips) 
Seat 6: Dorex2007 ($2.02 in chips) 
Seat 7: MMMaaaXXX233 ($3.22 in chips) 
Seat 8: mrandrey2808 ($2 in chips) 
Seat 9: pumika90 ($4.81 in chips) 
dmcrbr: posts small blind $0.01
am3kotoba: posts big blind $0.02
*** HOLE CARDS ***
Dealt to Dorex2007 [8d 8s]
jakir89: folds 
Dorex2007: calls $0.02
MMMaaaXXX233: raises $0.04 to $0.06
mrandrey2808 has timed out
mrandrey2808: folds 
pumika90: folds 
Bahus7778/7: calls $0.06
perec2: folds 
dmcrbr: folds 
am3kotoba: calls $0.04
Dorex2007: calls $0.04
*** FLOP *** [2s 2d 8h]
am3kotoba: checks 
Dorex2007: checks 
MMMaaaXXX233: checks 
Bahus7778/7: checks 
*** TURN *** [2s 2d 8h] [Ad]
am3kotoba: checks 
Dorex2007: bets $0.08
MMMaaaXXX233: calls $0.08
Bahus7778/7: folds 
am3kotoba: folds 
*** RIVER *** [2s 2d 8h Ad] [7s]
Dorex2007: bets $0.10
MMMaaaXXX233: calls $0.10
*** SHOW DOWN ***
Dorex2007: shows [8d 8s] (a full house, Eights full of Deuces)
MMMaaaXXX233: mucks hand 
Dorex2007 collected $0.59 from pot
*** SUMMARY ***
Total pot $0.61 | Rake $0.02 
Board [2s 2d 8h Ad 7s]
Seat 1: Bahus7778/7 folded on the Turn
Seat 2: perec2 (button) folded before Flop (didn't bet)
Seat 3: dmcrbr (small blind) folded before Flop
Seat 4: am3kotoba (big blind) folded on the Turn
Seat 5: jakir89 folded before Flop (didn't bet)
Seat 6: Dorex2007 showed [8d 8s] and won ($0.59) with a full house, Eights full of Deuces
Seat 7: MMMaaaXXX233 mucked [Ah 3s]
Seat 8: mrandrey2808 folded before Flop (didn't bet)
Seat 9: pumika90 folded before Flop (didn't bet)



PokerStars Hand #224616787162:  Hold'em No Limit ($0.01/$0.02 USD) - 2021/03/08 23:37:45 PT [2021/03/09 2:37:45 ET]
Table 'Aida III' 9-max Seat #3 is the button
Seat 1: Bahus7778/7 ($1.95 in chips) 
Seat 2: perec2 ($2 in chips) 
Seat 3: dmcrbr ($2.04 in chips) 
Seat 4: am3kotoba ($2 in chips) 
Seat 5: jakir89 ($1.22 in chips) 
Seat 6: Dorex2007 ($2.37 in chips) 
Seat 7: MMMaaaXXX233 ($2.98 in chips) 
Seat 8: mrandrey2808 ($2 in chips) 
Seat 9: pumika90 ($4.81 in chips) 
am3kotoba: posts small blind $0.01
jakir89: posts big blind $0.02
*** HOLE CARDS ***
Dealt to Dorex2007 [6h 4h]
Dorex2007: folds 
MMMaaaXXX233: folds 
mrandrey2808: calls $0.02
pumika90: calls $0.02
Bahus7778/7: calls $0.02
perec2: folds 
dmcrbr: folds 
am3kotoba: calls $0.01
jakir89: raises $0.02 to $0.04
mrandrey2808: calls $0.02
pumika90: calls $0.02
Bahus7778/7: calls $0.02
am3kotoba: calls $0.02
*** FLOP *** [9s 7d Qh]
am3kotoba: checks 
jakir89: checks 
mrandrey2808: checks 
pumika90: checks 
Bahus7778/7: checks 
*** TURN *** [9s 7d Qh] [Jh]
am3kotoba: checks 
jakir89: checks 
mrandrey2808: bets $0.02
pumika90: calls $0.02
Bahus7778/7: calls $0.02
am3kotoba: folds 
jakir89: folds 
*** RIVER *** [9s 7d Qh Jh] [7h]
mrandrey2808: bets $0.02
pumika90: calls $0.02
Bahus7778/7: calls $0.02
*** SHOW DOWN ***
mrandrey2808: shows [Qs Ks] (two pair, Queens and Sevens)
pumika90: mucks hand 
Bahus7778/7: mucks hand 
mrandrey2808 collected $0.31 from pot
*** SUMMARY ***
Total pot $0.32 | Rake $0.01 
Board [9s 7d Qh Jh 7h]
Seat 1: Bahus7778/7 mucked [Jd Ts]
Seat 2: perec2 folded before Flop (didn't bet)
Seat 3: dmcrbr (button) folded before Flop (didn't bet)
Seat 4: am3kotoba (small blind) folded on the Turn
Seat 5: jakir89 (big blind) folded on the Turn
Seat 6: Dorex2007 folded before Flop (didn't bet)
Seat 7: MMMaaaXXX233 folded before Flop (didn't bet)
Seat 8: mrandrey2808 showed [Qs Ks] and won ($0.31) with two pair, Queens and Sevens
Seat 9: pumika90 mucked [2d 2c]



PokerStars Hand #224616803124:  Hold'em No Limit ($0.01/$0.02 USD) - 2021/03/08 23:39:16 PT [2021/03/09 2:39:16 ET]
Table 'Aida III' 9-max Seat #4 is the button
Seat 1: Bahus7778/7 ($1.87 in chips) 
Seat 2: perec2 ($2 in chips) 
Seat 3: dmcrbr ($2.04 in chips) 
Seat 4: am3kotoba ($2 in chips) 
Seat 5: jakir89 ($1.18 in chips) 
Seat 6: Dorex2007 ($2.37 in chips) 
Seat 7: MMMaaaXXX233 ($2.98 in chips) 
Seat 8: mrandrey2808 ($2.23 in chips) 
Seat 9: pumika90 ($4.73 in chips) 
jakir89: posts small blind $0.01
Dorex2007: posts big blind $0.02
*** HOLE CARDS ***
Dealt to Dorex2007 [Td 2d]
MMMaaaXXX233: raises $0.04 to $0.06
mrandrey2808: folds 
pumika90: folds 
Bahus7778/7: folds 
perec2: folds 
dmcrbr: folds 
am3kotoba: folds 
jakir89: folds 
Dorex2007: folds 
Uncalled bet ($0.04) returned to MMMaaaXXX233
MMMaaaXXX233 collected $0.05 from pot
*** SUMMARY ***
Total pot $0.05 | Rake $0 
Seat 1: Bahus7778/7 folded before Flop (didn't bet)
Seat 2: perec2 folded before Flop (didn't bet)
Seat 3: dmcrbr folded before Flop (didn't bet)
Seat 4: am3kotoba (button) folded before Flop (didn't bet)
Seat 5: jakir89 (small blind) folded before Flop
Seat 6: Dorex2007 (big blind) folded before Flop
Seat 7: MMMaaaXXX233 collected ($0.05)
Seat 8: mrandrey2808 folded before Flop (didn't bet)
Seat 9: pumika90 folded before Flop (didn't bet)



PokerStars Hand #224616807170:  Hold'em No Limit ($0.01/$0.02 USD) - 2021/03/08 23:39:39 PT [2021/03/09 2:39:39 ET]
Table 'Aida III' 9-max Seat #5 is the button
Seat 1: Bahus7778/7 ($1.87 in chips) 
Seat 2: perec2 ($2 in chips) 
Seat 3: dmcrbr ($2.04 in chips) 
Seat 4: am3kotoba ($2 in chips) 
Seat 5: jakir89 ($1.17 in chips) 
Seat 6: Dorex2007 ($2.35 in chips) 
Seat 7: MMMaaaXXX233 ($3.01 in chips) 
Seat 8: mrandrey2808 ($2.23 in chips) 
Seat 9: pumika90 ($4.73 in chips) 
Dorex2007: posts small blind $0.01
MMMaaaXXX233: posts big blind $0.02
*** HOLE CARDS ***
Dealt to Dorex2007 [2s Jc]
mrandrey2808: folds 
pumika90: calls $0.02
Bahus7778/7: folds 
perec2: folds 
dmcrbr: folds 
am3kotoba: folds 
jakir89: folds 
Dorex2007: folds 
MMMaaaXXX233: raises $0.04 to $0.06
pumika90: calls $0.04
*** FLOP *** [4d 3c 4c]
MMMaaaXXX233: bets $0.02
pumika90: calls $0.02
*** TURN *** [4d 3c 4c] [8d]
MMMaaaXXX233: bets $0.02
pumika90: calls $0.02
*** RIVER *** [4d 3c 4c 8d] [3h]
MMMaaaXXX233: checks 
pumika90: bets $0.10
MMMaaaXXX233: folds 
Uncalled bet ($0.10) returned to pumika90
pumika90 collected $0.20 from pot
pumika90: doesn't show hand 
*** SUMMARY ***
Total pot $0.21 | Rake $0.01 
Board [4d 3c 4c 8d 3h]
Seat 1: Bahus7778/7 folded before Flop (didn't bet)
Seat 2: perec2 folded before Flop (didn't bet)
Seat 3: dmcrbr folded before Flop (didn't bet)
Seat 4: am3kotoba folded before Flop (didn't bet)
Seat 5: jakir89 (button) folded before Flop (didn't bet)
Seat 6: Dorex2007 (small blind) folded before Flop
Seat 7: MMMaaaXXX233 (big blind) folded on the River
Seat 8: mrandrey2808 folded before Flop (didn't bet)
Seat 9: pumika90 collected ($0.20)



PokerStars Hand #224616816860:  Hold'em No Limit ($0.01/$0.02 USD) - 2021/03/08 23:40:33 PT [2021/03/09 2:40:33 ET]
Table 'Aida III' 9-max Seat #6 is the button
Seat 1: Bahus7778/7 ($1.87 in chips) 
Seat 2: perec2 ($2 in chips) 
Seat 3: dmcrbr ($2.04 in chips) 
Seat 4: am3kotoba ($2 in chips) 
Seat 5: jakir89 ($1.17 in chips) 
Seat 6: Dorex2007 ($2.34 in chips) 
Seat 7: MMMaaaXXX233 ($2.91 in chips) 
Seat 8: mrandrey2808 ($2.23 in chips) 
Seat 9: pumika90 ($4.83 in chips) 
MMMaaaXXX233: posts small blind $0.01
mrandrey2808: posts big blind $0.02
*** HOLE CARDS ***
Dealt to Dorex2007 [3c As]
pumika90: folds 
Bahus7778/7: folds 
perec2: folds 
dmcrbr: folds 
am3kotoba: raises $0.04 to $0.06
jakir89: folds 
Dorex2007: folds 
MMMaaaXXX233: calls $0.05
mrandrey2808: folds 
*** FLOP *** [6c Th 4c]
MMMaaaXXX233: checks 
am3kotoba: bets $0.09
MMMaaaXXX233: folds 
Uncalled bet ($0.09) returned to am3kotoba
am3kotoba collected $0.14 from pot
am3kotoba: doesn't show hand 
*** SUMMARY ***
Total pot $0.14 | Rake $0 
Board [6c Th 4c]
Seat 1: Bahus7778/7 folded before Flop (didn't bet)
Seat 2: perec2 folded before Flop (didn't bet)
Seat 3: dmcrbr folded before Flop (didn't bet)
Seat 4: am3kotoba collected ($0.14)
Seat 5: jakir89 folded before Flop (didn't bet)
Seat 6: Dorex2007 (button) folded before Flop (didn't bet)
Seat 7: MMMaaaXXX233 (small blind) folded on the Flop
Seat 8: mrandrey2808 (big blind) folded before Flop
Seat 9: pumika90 folded before Flop (didn't bet)



PokerStars Hand #224616824104:  Hold'em No Limit ($0.01/$0.02 USD) - 2021/03/08 23:41:14 PT [2021/03/09 2:41:14 ET]
Table 'Aida III' 9-max Seat #7 is the button
Seat 1: Bahus7778/7 ($1.87 in chips) 
Seat 2: perec2 ($2 in chips) 
Seat 3: dmcrbr ($2.04 in chips) 
Seat 4: am3kotoba ($2.08 in chips) 
Seat 5: jakir89 ($1.17 in chips) 
Seat 6: Dorex2007 ($2.34 in chips) 
Seat 7: MMMaaaXXX233 ($2.85 in chips) 
Seat 8: mrandrey2808 ($2.21 in chips) 
Seat 9: pumika90 ($4.83 in chips) 
mrandrey2808: posts small blind $0.01
pumika90: posts big blind $0.02
*** HOLE CARDS ***
Dealt to Dorex2007 [3s 9s]
Bahus7778/7: folds 
perec2: raises $0.04 to $0.06
dmcrbr: folds 
am3kotoba: calls $0.06
jakir89: folds 
Dorex2007: folds 
MMMaaaXXX233: calls $0.06
mrandrey2808: folds 
pumika90: calls $0.04
*** FLOP *** [9d Tc 4h]
pumika90: bets $0.02
perec2: raises $0.06 to $0.08
am3kotoba: calls $0.08
MMMaaaXXX233: calls $0.08
pumika90: calls $0.06
*** TURN *** [9d Tc 4h] [4s]
pumika90: checks 
perec2: bets $0.21
am3kotoba: folds 
MMMaaaXXX233: calls $0.21
pumika90: folds 
*** RIVER *** [9d Tc 4h 4s] [5c]
perec2: bets $0.32
MMMaaaXXX233: calls $0.32
*** SHOW DOWN ***
perec2: shows [Qc Qh] (two pair, Queens and Fours)
MMMaaaXXX233: mucks hand 
perec2 collected $1.57 from pot
*** SUMMARY ***
Total pot $1.63 | Rake $0.06 
Board [9d Tc 4h 4s 5c]
Seat 1: Bahus7778/7 folded before Flop (didn't bet)
Seat 2: perec2 showed [Qc Qh] and won ($1.57) with two pair, Queens and Fours
Seat 3: dmcrbr folded before Flop (didn't bet)
Seat 4: am3kotoba folded on the Turn
Seat 5: jakir89 folded before Flop (didn't bet)
Seat 6: Dorex2007 folded before Flop (didn't bet)
Seat 7: MMMaaaXXX233 (button) mucked [8h Th]
Seat 8: mrandrey2808 (small blind) folded before Flop
Seat 9: pumika90 (big blind) folded on the Turn



PokerStars Hand #224616841762:  Hold'em No Limit ($0.01/$0.02 USD) - 2021/03/08 23:42:53 PT [2021/03/09 2:42:53 ET]
Table 'Aida III' 9-max Seat #8 is the button
Seat 1: Bahus7778/7 ($1.87 in chips) 
Seat 2: perec2 ($2.90 in chips) 
Seat 3: dmcrbr ($2.04 in chips) 
Seat 4: am3kotoba ($2 in chips) 
Seat 5: jakir89 ($1.17 in chips) 
Seat 6: Dorex2007 ($2.34 in chips) 
Seat 7: MMMaaaXXX233 ($2.18 in chips) 
Seat 8: mrandrey2808 ($2.20 in chips) 
Seat 9: pumika90 ($4.69 in chips) 
pumika90: posts small blind $0.01
Bahus7778/7: posts big blind $0.02
*** HOLE CARDS ***
Dealt to Dorex2007 [Ah 2h]
perec2: folds 
dmcrbr: folds 
am3kotoba: folds 
jakir89: folds 
Dorex2007: raises $0.04 to $0.06
MMMaaaXXX233: folds 
mrandrey2808: folds 
pumika90: folds 
Bahus7778/7: calls $0.04
*** FLOP *** [Ks Qc Th]
Bahus7778/7: checks 
Dorex2007: bets $0.07
Bahus7778/7: calls $0.07
*** TURN *** [Ks Qc Th] [7s]
Bahus7778/7: checks 
Dorex2007: checks 
*** RIVER *** [Ks Qc Th 7s] [8s]
Bahus7778/7: bets $0.16
Dorex2007: folds 
Uncalled bet ($0.16) returned to Bahus7778/7
Bahus7778/7 collected $0.26 from pot
Bahus7778/7: doesn't show hand 
*** SUMMARY ***
Total pot $0.27 | Rake $0.01 
Board [Ks Qc Th 7s 8s]
Seat 1: Bahus7778/7 (big blind) collected ($0.26)
Seat 2: perec2 folded before Flop (didn't bet)
Seat 3: dmcrbr folded before Flop (didn't bet)
Seat 4: am3kotoba folded before Flop (didn't bet)
Seat 5: jakir89 folded before Flop (didn't bet)
Seat 6: Dorex2007 folded on the River
Seat 7: MMMaaaXXX233 folded before Flop (didn't bet)
Seat 8: mrandrey2808 (button) folded before Flop (didn't bet)
Seat 9: pumika90 (small blind) folded before Flop



PokerStars Hand #224616853407:  Hold'em No Limit ($0.01/$0.02 USD) - 2021/03/08 23:43:59 PT [2021/03/09 2:43:59 ET]
Table 'Aida III' 9-max Seat #9 is the button
Seat 1: Bahus7778/7 ($2 in chips) 
Seat 2: perec2 ($2.90 in chips) 
Seat 3: dmcrbr ($2.04 in chips) 
Seat 4: am3kotoba ($2 in chips) 
Seat 5: jakir89 ($1.17 in chips) 
Seat 6: Dorex2007 ($2.21 in chips) 
Seat 7: MMMaaaXXX233 ($2.18 in chips) 
Seat 8: mrandrey2808 ($2.20 in chips) 
Seat 9: pumika90 ($4.68 in chips) 
Bahus7778/7: posts small blind $0.01
perec2: posts big blind $0.02
*** HOLE CARDS ***
Dealt to Dorex2007 [2h Td]
dmcrbr: folds 
am3kotoba: raises $0.04 to $0.06
jakir89: calls $0.06
Dorex2007: folds 
MMMaaaXXX233: calls $0.06
mrandrey2808: folds 
pumika90: folds 
Bahus7778/7: calls $0.05
perec2: folds 
*** FLOP *** [5s 2s 4s]
Bahus7778/7: checks 
am3kotoba: checks 
jakir89: checks 
MMMaaaXXX233: bets $0.25
Bahus7778/7: folds 
am3kotoba: folds 
jakir89: folds 
Uncalled bet ($0.25) returned to MMMaaaXXX233
MMMaaaXXX233 collected $0.25 from pot
*** SUMMARY ***
Total pot $0.26 | Rake $0.01 
Board [5s 2s 4s]
Seat 1: Bahus7778/7 (small blind) folded on the Flop
Seat 2: perec2 (big blind) folded before Flop
Seat 3: dmcrbr folded before Flop (didn't bet)
Seat 4: am3kotoba folded on the Flop
Seat 5: jakir89 folded on the Flop
Seat 6: Dorex2007 folded before Flop (didn't bet)
Seat 7: MMMaaaXXX233 collected ($0.25)
Seat 8: mrandrey2808 folded before Flop (didn't bet)
Seat 9: pumika90 (button) folded before Flop (didn't bet)



PokerStars Hand #224616861000:  Hold'em No Limit ($0.01/$0.02 USD) - 2021/03/08 23:44:42 PT [2021/03/09 2:44:42 ET]
Table 'Aida III' 9-max Seat #1 is the button
Seat 1: Bahus7778/7 ($1.94 in chips) 
Seat 2: perec2 ($2.88 in chips) 
Seat 3: dmcrbr ($2.04 in chips) 
Seat 4: am3kotoba ($2 in chips) 
Seat 5: jakir89 ($1.11 in chips) 
Seat 6: Dorex2007 ($2.21 in chips) 
Seat 7: MMMaaaXXX233 ($2.37 in chips) 
Seat 8: mrandrey2808 ($2.20 in chips) 
Seat 9: pumika90 ($4.68 in chips) 
perec2: posts small blind $0.01
dmcrbr: posts big blind $0.02
*** HOLE CARDS ***
Dealt to Dorex2007 [Jc Ad]
am3kotoba: folds 
jakir89: folds 
Dorex2007: folds 
MMMaaaXXX233: raises $0.04 to $0.06
mrandrey2808: folds 
pumika90: folds 
Bahus7778/7: folds 
perec2: folds 
dmcrbr: folds 
Uncalled bet ($0.04) returned to MMMaaaXXX233
MMMaaaXXX233 collected $0.05 from pot
*** SUMMARY ***
Total pot $0.05 | Rake $0 
Seat 1: Bahus7778/7 (button) folded before Flop (didn't bet)
Seat 2: perec2 (small blind) folded before Flop
Seat 3: dmcrbr (big blind) folded before Flop
Seat 4: am3kotoba folded before Flop (didn't bet)
Seat 5: jakir89 folded before Flop (didn't bet)
Seat 6: Dorex2007 folded before Flop (didn't bet)
Seat 7: MMMaaaXXX233 collected ($0.05)
Seat 8: mrandrey2808 folded before Flop (didn't bet)
Seat 9: pumika90 folded before Flop (didn't bet)



PokerStars Hand #224616864943:  Hold'em No Limit ($0.01/$0.02 USD) - 2021/03/08 23:45:04 PT [2021/03/09 2:45:04 ET]
Table 'Aida III' 9-max Seat #2 is the button
Seat 1: Bahus7778/7 ($1.94 in chips) 
Seat 2: perec2 ($2.87 in chips) 
Seat 3: dmcrbr ($2.02 in chips) 
Seat 4: am3kotoba ($2 in chips) 
Seat 5: jakir89 ($1.11 in chips) 
Seat 6: Dorex2007 ($2.21 in chips) 
Seat 7: MMMaaaXXX233 ($2.40 in chips) 
Seat 8: mrandrey2808 ($2.20 in chips) 
Seat 9: pumika90 ($4.68 in chips) 
dmcrbr: posts small blind $0.01
am3kotoba: posts big blind $0.02
*** HOLE CARDS ***
Dealt to Dorex2007 [5d 3h]
jakir89: calls $0.02
Dorex2007: folds 
MMMaaaXXX233: folds 
mrandrey2808: folds 
pumika90: folds 
Bahus7778/7: raises $0.07 to $0.09
perec2: folds 
dmcrbr: folds 
am3kotoba: folds 
jakir89: folds 
Uncalled bet ($0.07) returned to Bahus7778/7
Bahus7778/7 collected $0.07 from pot
Bahus7778/7: doesn't show hand 
*** SUMMARY ***
Total pot $0.07 | Rake $0 
Seat 1: Bahus7778/7 collected ($0.07)
Seat 2: perec2 (button) folded before Flop (didn't bet)
Seat 3: dmcrbr (small blind) folded before Flop
Seat 4: am3kotoba (big blind) folded before Flop
Seat 5: jakir89 folded before Flop
Seat 6: Dorex2007 folded before Flop (didn't bet)
Seat 7: MMMaaaXXX233 folded before Flop (didn't bet)
Seat 8: mrandrey2808 folded before Flop (didn't bet)
Seat 9: pumika90 folded before Flop (didn't bet)



PokerStars Hand #224616870084:  Hold'em No Limit ($0.01/$0.02 USD) - 2021/03/08 23:45:32 PT [2021/03/09 2:45:32 ET]
Table 'Aida III' 9-max Seat #3 is the button
Seat 1: Bahus7778/7 ($1.99 in chips) 
Seat 2: perec2 ($2.87 in chips) 
Seat 3: dmcrbr ($2.01 in chips) 
Seat 4: am3kotoba ($2 in chips) 
Seat 5: jakir89 ($1.09 in chips) 
Seat 6: Dorex2007 ($2.21 in chips) 
Seat 7: MMMaaaXXX233 ($2.40 in chips) 
Seat 8: mrandrey2808 ($2.20 in chips) 
Seat 9: pumika90 ($4.68 in chips) 
am3kotoba: posts small blind $0.01
jakir89: posts big blind $0.02
*** HOLE CARDS ***
Dealt to Dorex2007 [Js Jh]
Dorex2007: raises $0.06 to $0.08
MMMaaaXXX233: folds 
mrandrey2808: folds 
pumika90: folds 
Bahus7778/7: calls $0.08
perec2: raises $0.28 to $0.36
dmcrbr: folds 
am3kotoba: folds 
jakir89: folds 
Dorex2007: folds 
Bahus7778/7: folds 
Uncalled bet ($0.28) returned to perec2
perec2 collected $0.27 from pot
perec2: doesn't show hand 
*** SUMMARY ***
Total pot $0.27 | Rake $0 
Seat 1: Bahus7778/7 folded before Flop
Seat 2: perec2 collected ($0.27)
Seat 3: dmcrbr (button) folded before Flop (didn't bet)
Seat 4: am3kotoba (small blind) folded before Flop
Seat 5: jakir89 (big blind) folded before Flop
Seat 6: Dorex2007 folded before Flop
Seat 7: MMMaaaXXX233 folded before Flop (didn't bet)
Seat 8: mrandrey2808 folded before Flop (didn't bet)
Seat 9: pumika90 folded before Flop (didn't bet)



PokerStars Hand #224616880561:  Hold'em No Limit ($0.01/$0.02 USD) - 2021/03/08 23:46:31 PT [2021/03/09 2:46:31 ET]
Table 'Aida III' 9-max Seat #4 is the button
Seat 1: Bahus7778/7 ($1.91 in chips) 
Seat 2: perec2 ($3.06 in chips) 
Seat 3: dmcrbr ($2.01 in chips) 
Seat 4: am3kotoba ($2 in chips) 
Seat 5: jakir89 ($1.07 in chips) 
Seat 6: Dorex2007 ($2.13 in chips) 
Seat 7: MMMaaaXXX233 ($2.40 in chips) 
Seat 8: mrandrey2808 ($2.20 in chips) 
Seat 9: pumika90 ($4.68 in chips) 
jakir89: posts small blind $0.01
Dorex2007: posts big blind $0.02
*** HOLE CARDS ***
Dealt to Dorex2007 [4h Ks]
MMMaaaXXX233: folds 
mrandrey2808: calls $0.02
pumika90: folds 
Bahus7778/7: folds 
perec2: folds 
dmcrbr: folds 
am3kotoba: folds 
jakir89: calls $0.01
Dorex2007: checks 
*** FLOP *** [5s 9s Tc]
jakir89: bets $0.06
Dorex2007: folds 
mrandrey2808: calls $0.06
*** TURN *** [5s 9s Tc] [Jd]
jakir89: bets $0.17
mrandrey2808: calls $0.17
*** RIVER *** [5s 9s Tc Jd] [6h]
jakir89: checks 
mrandrey2808: bets $0.10
jakir89: folds 
Uncalled bet ($0.10) returned to mrandrey2808
mrandrey2808 collected $0.50 from pot
mrandrey2808: doesn't show hand 
*** SUMMARY ***
Total pot $0.52 | Rake $0.02 
Board [5s 9s Tc Jd 6h]
Seat 1: Bahus7778/7 folded before Flop (didn't bet)
Seat 2: perec2 folded before Flop (didn't bet)
Seat 3: dmcrbr folded before Flop (didn't bet)
Seat 4: am3kotoba (button) folded before Flop (didn't bet)
Seat 5: jakir89 (small blind) folded on the River
Seat 6: Dorex2007 (big blind) folded on the Flop
Seat 7: MMMaaaXXX233 folded before Flop (didn't bet)
Seat 8: mrandrey2808 collected ($0.50)
Seat 9: pumika90 folded before Flop (didn't bet)



PokerStars Hand #224616893242:  Hold'em No Limit ($0.01/$0.02 USD) - 2021/03/08 23:47:43 PT [2021/03/09 2:47:43 ET]
Table 'Aida III' 9-max Seat #5 is the button
Seat 1: Bahus7778/7 ($1.91 in chips) 
Seat 2: perec2 ($3.06 in chips) 
Seat 3: dmcrbr ($2.01 in chips) 
Seat 4: am3kotoba ($2 in chips) 
Seat 5: jakir89 ($0.82 in chips) 
Seat 6: Dorex2007 ($2.11 in chips) 
Seat 7: MMMaaaXXX233 ($2.40 in chips) 
Seat 8: mrandrey2808 ($2.45 in chips) 
Seat 9: pumika90 ($4.68 in chips) 
Dorex2007: posts small blind $0.01
MMMaaaXXX233: posts big blind $0.02
*** HOLE CARDS ***
Dealt to Dorex2007 [Kc 5c]
mrandrey2808: calls $0.02
pumika90: calls $0.02
Bahus7778/7: folds 
perec2: folds 
dmcrbr: folds 
am3kotoba: folds 
jakir89: calls $0.02
Dorex2007: calls $0.01
MMMaaaXXX233: checks 
*** FLOP *** [9d 4s Td]
Dorex2007: checks 
MMMaaaXXX233: checks 
mrandrey2808: checks 
pumika90: checks 
jakir89: bets $0.10
Dorex2007: folds 
MMMaaaXXX233: folds 
mrandrey2808: folds 
pumika90: folds 
Uncalled bet ($0.10) returned to jakir89
jakir89 collected $0.10 from pot
jakir89: doesn't show hand 
*** SUMMARY ***
Total pot $0.10 | Rake $0 
Board [9d 4s Td]
Seat 1: Bahus7778/7 folded before Flop (didn't bet)
Seat 2: perec2 folded before Flop (didn't bet)
Seat 3: dmcrbr folded before Flop (didn't bet)
Seat 4: am3kotoba folded before Flop (didn't bet)
Seat 5: jakir89 (button) collected ($0.10)
Seat 6: Dorex2007 (small blind) folded on the Flop
Seat 7: MMMaaaXXX233 (big blind) folded on the Flop
Seat 8: mrandrey2808 folded on the Flop
Seat 9: pumika90 folded on the Flop



PokerStars Hand #224616904799:  Hold'em No Limit ($0.01/$0.02 USD) - 2021/03/08 23:48:47 PT [2021/03/09 2:48:47 ET]
Table 'Aida III' 9-max Seat #6 is the button
Seat 1: Bahus7778/7 ($1.91 in chips) 
Seat 2: perec2 ($3.06 in chips) 
Seat 3: dmcrbr ($2.01 in chips) 
Seat 4: am3kotoba ($2 in chips) 
Seat 5: jakir89 ($0.90 in chips) 
Seat 6: Dorex2007 ($2.09 in chips) 
Seat 7: MMMaaaXXX233 ($2.38 in chips) 
Seat 8: mrandrey2808 ($2.43 in chips) 
Seat 9: pumika90 ($4.66 in chips) 
MMMaaaXXX233: posts small blind $0.01
mrandrey2808: posts big blind $0.02
*** HOLE CARDS ***
Dealt to Dorex2007 [Tc 9c]
pumika90: calls $0.02
Bahus7778/7: calls $0.02
perec2: folds 
dmcrbr: folds 
am3kotoba: folds 
jakir89: raises $0.11 to $0.13
Dorex2007: folds 
MMMaaaXXX233: folds 
mrandrey2808: folds 
pumika90: folds 
Bahus7778/7: calls $0.11
*** FLOP *** [4c 6c 2c]
Bahus7778/7: checks 
jakir89: bets $0.30
Bahus7778/7: folds 
Uncalled bet ($0.30) returned to jakir89
jakir89 collected $0.30 from pot
jakir89: doesn't show hand 
*** SUMMARY ***
Total pot $0.31 | Rake $0.01 
Board [4c 6c 2c]
Seat 1: Bahus7778/7 folded on the Flop
Seat 2: perec2 folded before Flop (didn't bet)
Seat 3: dmcrbr folded before Flop (didn't bet)
Seat 4: am3kotoba folded before Flop (didn't bet)
Seat 5: jakir89 collected ($0.30)
Seat 6: Dorex2007 (button) folded before Flop (didn't bet)
Seat 7: MMMaaaXXX233 (small blind) folded before Flop
Seat 8: mrandrey2808 (big blind) folded before Flop
Seat 9: pumika90 folded before Flop



PokerStars Hand #224616915042:  Hold'em No Limit ($0.01/$0.02 USD) - 2021/03/08 23:49:45 PT [2021/03/09 2:49:45 ET]
Table 'Aida III' 9-max Seat #7 is the button
Seat 1: Bahus7778/7 ($1.78 in chips) 
Seat 2: perec2 ($3.06 in chips) 
Seat 3: dmcrbr ($2.01 in chips) 
Seat 4: am3kotoba ($2 in chips) 
Seat 5: jakir89 ($1.07 in chips) 
Seat 6: Dorex2007 ($2.09 in chips) 
Seat 7: MMMaaaXXX233 ($2.37 in chips) 
Seat 8: mrandrey2808 ($2.41 in chips) 
Seat 9: pumika90 ($4.64 in chips) 
mrandrey2808: posts small blind $0.01
pumika90: posts big blind $0.02
*** HOLE CARDS ***
Dealt to Dorex2007 [2d 2c]
Bahus7778/7: calls $0.02
perec2: folds 
dmcrbr: folds 
am3kotoba: folds 
jakir89: calls $0.02
Dorex2007: folds 
MMMaaaXXX233: folds 
mrandrey2808: calls $0.01
pumika90: checks 
*** FLOP *** [7c Kh Th]
mrandrey2808: checks 
pumika90: checks 
Bahus7778/7: checks 
jakir89: checks 
*** TURN *** [7c Kh Th] [5h]
mrandrey2808: checks 
pumika90: checks 
Bahus7778/7: bets $0.08
jakir89: folds 
mrandrey2808: calls $0.08
pumika90: folds 
*** RIVER *** [7c Kh Th 5h] [4c]
mrandrey2808: checks 
Bahus7778/7: checks 
*** SHOW DOWN ***
mrandrey2808: shows [5s Kc] (two pair, Kings and Fives)
Bahus7778/7: mucks hand 
mrandrey2808 collected $0.23 from pot
*** SUMMARY ***
Total pot $0.24 | Rake $0.01 
Board [7c Kh Th 5h 4c]
Seat 1: Bahus7778/7 mucked [6d Ah]
Seat 2: perec2 folded before Flop (didn't bet)
Seat 3: dmcrbr folded before Flop (didn't bet)
Seat 4: am3kotoba folded before Flop (didn't bet)
Seat 5: jakir89 folded on the Turn
Seat 6: Dorex2007 folded before Flop (didn't bet)
Seat 7: MMMaaaXXX233 (button) folded before Flop (didn't bet)
Seat 8: mrandrey2808 (small blind) showed [5s Kc] and won ($0.23) with two pair, Kings and Fives
Seat 9: pumika90 (big blind) folded on the Turn



PokerStars Hand #224616927597:  Hold'em No Limit ($0.01/$0.02 USD) - 2021/03/08 23:50:55 PT [2021/03/09 2:50:55 ET]
Table 'Aida III' 9-max Seat #8 is the button
Seat 1: Bahus7778/7 ($1.68 in chips) 
Seat 2: perec2 ($3.06 in chips) 
Seat 3: dmcrbr ($2.01 in chips) 
Seat 4: am3kotoba ($2 in chips) 
Seat 5: jakir89 ($1.05 in chips) 
Seat 6: Dorex2007 ($2.09 in chips) 
Seat 7: MMMaaaXXX233 ($2.37 in chips) 
Seat 8: mrandrey2808 ($2.54 in chips) 
Seat 9: pumika90 ($4.62 in chips) 
pumika90: posts small blind $0.01
Bahus7778/7: posts big blind $0.02
*** HOLE CARDS ***
Dealt to Dorex2007 [2h Jd]
perec2: folds 
dmcrbr: folds 
am3kotoba: folds 
jakir89: folds 
Dorex2007: folds 
MMMaaaXXX233: folds 
mrandrey2808: folds 
pumika90: calls $0.01
Bahus7778/7: raises $0.04 to $0.06
pumika90: calls $0.04
*** FLOP *** [Js 7d 6d]
pumika90: checks 
Bahus7778/7: bets $0.06
pumika90: calls $0.06
*** TURN *** [Js 7d 6d] [Kd]
pumika90: checks 
Bahus7778/7: checks 
*** RIVER *** [Js 7d 6d Kd] [Jh]
pumika90: checks 
Bahus7778/7: checks 
*** SHOW DOWN ***
pumika90: shows [Th 9c] (a pair of Jacks)
Bahus7778/7: shows [Ah Ks] (two pair, Kings and Jacks)
Bahus7778/7 collected $0.23 from pot
*** SUMMARY ***
Total pot $0.24 | Rake $0.01 
Board [Js 7d 6d Kd Jh]
Seat 1: Bahus7778/7 (big blind) showed [Ah Ks] and won ($0.23) with two pair, Kings and Jacks
Seat 2: perec2 folded before Flop (didn't bet)
Seat 3: dmcrbr folded before Flop (didn't bet)
Seat 4: am3kotoba folded before Flop (didn't bet)
Seat 5: jakir89 folded before Flop (didn't bet)
Seat 6: Dorex2007 folded before Flop (didn't bet)
Seat 7: MMMaaaXXX233 folded before Flop (didn't bet)
Seat 8: mrandrey2808 (button) folded before Flop (didn't bet)
Seat 9: pumika90 (small blind) showed [Th 9c] and lost with a pair of Jacks



PokerStars Hand #224616936788:  Hold'em No Limit ($0.01/$0.02 USD) - 2021/03/08 23:51:47 PT [2021/03/09 2:51:47 ET]
Table 'Aida III' 9-max Seat #9 is the button
Seat 1: Bahus7778/7 ($1.79 in chips) 
Seat 2: perec2 ($3.06 in chips) 
Seat 3: dmcrbr ($2.01 in chips) 
Seat 4: am3kotoba ($2 in chips) 
Seat 5: jakir89 ($1.05 in chips) 
Seat 6: Dorex2007 ($2.09 in chips) 
Seat 7: MMMaaaXXX233 ($2.37 in chips) 
Seat 8: mrandrey2808 ($2.54 in chips) 
Seat 9: pumika90 ($4.50 in chips) 
Bahus7778/7: posts small blind $0.01
perec2: posts big blind $0.02
*** HOLE CARDS ***
Dealt to Dorex2007 [8s 9s]
dmcrbr: folds 
am3kotoba: folds 
jakir89: folds 
Dorex2007: folds 
MMMaaaXXX233: raises $0.04 to $0.06
mrandrey2808 has timed out
mrandrey2808: folds 
pumika90: calls $0.06
Bahus7778/7: folds 
perec2: folds 
*** FLOP *** [4s 5s Qs]
MMMaaaXXX233: bets $0.07
pumika90: calls $0.07
*** TURN *** [4s 5s Qs] [8d]
MMMaaaXXX233: bets $0.28
pumika90: folds 
Uncalled bet ($0.28) returned to MMMaaaXXX233
MMMaaaXXX233 collected $0.28 from pot
*** SUMMARY ***
Total pot $0.29 | Rake $0.01 
Board [4s 5s Qs 8d]
Seat 1: Bahus7778/7 (small blind) folded before Flop
Seat 2: perec2 (big blind) folded before Flop
Seat 3: dmcrbr folded before Flop (didn't bet)
Seat 4: am3kotoba folded before Flop (didn't bet)
Seat 5: jakir89 folded before Flop (didn't bet)
Seat 6: Dorex2007 folded before Flop (didn't bet)
Seat 7: MMMaaaXXX233 collected ($0.28)
Seat 8: mrandrey2808 folded before Flop (didn't bet)
Seat 9: pumika90 (button) folded on the Turn



PokerStars Hand #224616945671:  Hold'em No Limit ($0.01/$0.02 USD) - 2021/03/08 23:52:37 PT [2021/03/09 2:52:37 ET]
Table 'Aida III' 9-max Seat #1 is the button
Seat 1: Bahus7778/7 ($1.78 in chips) 
Seat 2: perec2 ($3.04 in chips) 
Seat 3: dmcrbr ($2.01 in chips) 
Seat 4: am3kotoba ($2 in chips) 
Seat 5: jakir89 ($1.05 in chips) 
Seat 6: Dorex2007 ($2.09 in chips) 
Seat 7: MMMaaaXXX233 ($2.52 in chips) 
Seat 9: pumika90 ($4.37 in chips) 
perec2: posts small blind $0.01
dmcrbr: posts big blind $0.02
*** HOLE CARDS ***
Dealt to Dorex2007 [As Qs]
am3kotoba: folds 
jakir89: folds 
Dorex2007: raises $0.04 to $0.06
MMMaaaXXX233: folds 
pumika90: folds 
Bahus7778/7: calls $0.06
perec2: folds 
dmcrbr: folds 
*** FLOP *** [Jd Kh 9d]
Dorex2007: bets $0.07
Bahus7778/7: calls $0.07
*** TURN *** [Jd Kh 9d] [5c]
Dorex2007: bets $0.14
Bahus7778/7: calls $0.14
*** RIVER *** [Jd Kh 9d 5c] [6d]
Dorex2007: bets $0.55
Bahus7778/7: calls $0.55
*** SHOW DOWN ***
Dorex2007: shows [As Qs] (high card Ace)
Bahus7778/7: shows [Js Jc] (three of a kind, Jacks)
Bahus7778/7 collected $1.61 from pot
*** SUMMARY ***
Total pot $1.67 | Rake $0.06 
Board [Jd Kh 9d 5c 6d]
Seat 1: Bahus7778/7 (button) showed [Js Jc] and won ($1.61) with three of a kind, Jacks
Seat 2: perec2 (small blind) folded before Flop
Seat 3: dmcrbr (big blind) folded before Flop
Seat 4: am3kotoba folded before Flop (didn't bet)
Seat 5: jakir89 folded before Flop (didn't bet)
Seat 6: Dorex2007 showed [As Qs] and lost with high card Ace
Seat 7: MMMaaaXXX233 folded before Flop (didn't bet)
Seat 9: pumika90 folded before Flop (didn't bet)



PokerStars Hand #224616953483:  Hold'em No Limit ($0.01/$0.02 USD) - 2021/03/08 23:53:21 PT [2021/03/09 2:53:21 ET]
Table 'Aida III' 9-max Seat #2 is the button
Seat 1: Bahus7778/7 ($2.57 in chips) 
Seat 2: perec2 ($3.03 in chips) 
Seat 3: dmcrbr ($2 in chips) 
Seat 4: am3kotoba ($2 in chips) 
Seat 5: jakir89 ($1.05 in chips) 
Seat 6: Dorex2007 ($1.27 in chips) 
Seat 7: MMMaaaXXX233 ($2.52 in chips) 
Seat 9: pumika90 ($4.37 in chips) 
dmcrbr: posts small blind $0.01
am3kotoba: posts big blind $0.02
*** HOLE CARDS ***
Dealt to Dorex2007 [2d 9s]
jakir89: calls $0.02
Dorex2007: folds 
MMMaaaXXX233: folds 
pumika90: calls $0.02
Bahus7778/7: folds 
perec2: folds 
dmcrbr: folds 
am3kotoba: checks 
*** FLOP *** [7d 8h Jh]
am3kotoba: checks 
jakir89: bets $0.07
pumika90: calls $0.07
am3kotoba: folds 
*** TURN *** [7d 8h Jh] [6c]
jakir89: bets $0.20
pumika90: folds 
Uncalled bet ($0.20) returned to jakir89
jakir89 collected $0.20 from pot
jakir89: doesn't show hand 
*** SUMMARY ***
Total pot $0.21 | Rake $0.01 
Board [7d 8h Jh 6c]
Seat 1: Bahus7778/7 folded before Flop (didn't bet)
Seat 2: perec2 (button) folded before Flop (didn't bet)
Seat 3: dmcrbr (small blind) folded before Flop
Seat 4: am3kotoba (big blind) folded on the Flop
Seat 5: jakir89 collected ($0.20)
Seat 6: Dorex2007 folded before Flop (didn't bet)
Seat 7: MMMaaaXXX233 folded before Flop (didn't bet)
Seat 9: pumika90 folded on the Turn



PokerStars Hand #224616961730:  Hold'em No Limit ($0.01/$0.02 USD) - 2021/03/08 23:54:07 PT [2021/03/09 2:54:07 ET]
Table 'Aida III' 9-max Seat #3 is the button
Seat 1: Bahus7778/7 ($2.57 in chips) 
Seat 2: perec2 ($3.03 in chips) 
Seat 3: dmcrbr ($2 in chips) 
Seat 4: am3kotoba ($2 in chips) 
Seat 5: jakir89 ($1.16 in chips) 
Seat 6: Dorex2007 ($2 in chips) 
Seat 7: MMMaaaXXX233 ($2.52 in chips) 
Seat 9: pumika90 ($4.28 in chips) 
am3kotoba: posts small blind $0.01
jakir89: posts big blind $0.02
*** HOLE CARDS ***
Dealt to Dorex2007 [6s 3h]
Dorex2007: folds 
MMMaaaXXX233: raises $0.04 to $0.06
pumika90: calls $0.06
Bahus7778/7: folds 
perec2: folds 
dmcrbr: folds 
am3kotoba: folds 
jakir89: folds 
*** FLOP *** [7h 3c 7d]
MMMaaaXXX233: bets $0.04
pumika90: calls $0.04
*** TURN *** [7h 3c 7d] [8h]
MMMaaaXXX233: bets $0.20
pumika90: folds 
Uncalled bet ($0.20) returned to MMMaaaXXX233
MMMaaaXXX233 collected $0.22 from pot
*** SUMMARY ***
Total pot $0.23 | Rake $0.01 
Board [7h 3c 7d 8h]
Seat 1: Bahus7778/7 folded before Flop (didn't bet)
Seat 2: perec2 folded before Flop (didn't bet)
Seat 3: dmcrbr (button) folded before Flop (didn't bet)
Seat 4: am3kotoba (small blind) folded before Flop
Seat 5: jakir89 (big blind) folded before Flop
Seat 6: Dorex2007 folded before Flop (didn't bet)
Seat 7: MMMaaaXXX233 collected ($0.22)
Seat 9: pumika90 folded on the Turn



PokerStars Hand #224616969266:  Hold'em No Limit ($0.01/$0.02 USD) - 2021/03/08 23:54:49 PT [2021/03/09 2:54:49 ET]
Table 'Aida III' 9-max Seat #4 is the button
Seat 1: Bahus7778/7 ($2.57 in chips) 
Seat 2: perec2 ($3.03 in chips) 
Seat 3: dmcrbr ($2 in chips) 
Seat 4: am3kotoba ($2 in chips) 
Seat 5: jakir89 ($1.14 in chips) 
Seat 6: Dorex2007 ($2 in chips) 
Seat 7: MMMaaaXXX233 ($2.64 in chips) 
Seat 9: pumika90 ($4.18 in chips) 
jakir89: posts small blind $0.01
Dorex2007: posts big blind $0.02
*** HOLE CARDS ***
Dealt to Dorex2007 [8s 7h]
MMMaaaXXX233: raises $0.04 to $0.06
pumika90: folds 
Bahus7778/7: calls $0.06
perec2: folds 
dmcrbr: folds 
am3kotoba: folds 
jakir89: folds 
Dorex2007: folds 
*** FLOP *** [7d Qh 6h]
MMMaaaXXX233: bets $0.07
Bahus7778/7: folds 
Uncalled bet ($0.07) returned to MMMaaaXXX233
MMMaaaXXX233 collected $0.14 from pot
*** SUMMARY ***
Total pot $0.15 | Rake $0.01 
Board [7d Qh 6h]
Seat 1: Bahus7778/7 folded on the Flop
Seat 2: perec2 folded before Flop (didn't bet)
Seat 3: dmcrbr folded before Flop (didn't bet)
Seat 4: am3kotoba (button) folded before Flop (didn't bet)
Seat 5: jakir89 (small blind) folded before Flop
Seat 6: Dorex2007 (big blind) folded before Flop
Seat 7: MMMaaaXXX233 collected ($0.14)
Seat 9: pumika90 folded before Flop (didn't bet)



PokerStars Hand #224616976680:  Hold'em No Limit ($0.01/$0.02 USD) - 2021/03/08 23:55:34 PT [2021/03/09 2:55:34 ET]
Table 'Aida III' 9-max Seat #5 is the button
Seat 1: Bahus7778/7 ($2.51 in chips) 
Seat 2: perec2 ($3.03 in chips) 
Seat 3: dmcrbr ($2 in chips) 
Seat 4: am3kotoba ($2 in chips) 
Seat 5: jakir89 ($1.13 in chips) 
Seat 6: Dorex2007 ($1.98 in chips) 
Seat 7: MMMaaaXXX233 ($2.72 in chips) 
Seat 8: mrandrey2808 ($2.54 in chips) 
Seat 9: pumika90 ($4.18 in chips) 
Dorex2007: posts small blind $0.01
MMMaaaXXX233: posts big blind $0.02
*** HOLE CARDS ***
Dealt to Dorex2007 [Ac Qd]
mrandrey2808: folds 
pumika90: calls $0.02
Bahus7778/7: folds 
perec2: folds 
dmcrbr: folds 
am3kotoba: folds 
jakir89: calls $0.02
Dorex2007: calls $0.01
MMMaaaXXX233: raises $0.04 to $0.06
pumika90: calls $0.04
jakir89: calls $0.04
Dorex2007: calls $0.04
*** FLOP *** [Ks 7h Qc]
Dorex2007: checks 
MMMaaaXXX233: checks 
pumika90: checks 
jakir89: checks 
*** TURN *** [Ks 7h Qc] [Kd]
Dorex2007: bets $0.15
MMMaaaXXX233: folds 
pumika90: folds 
jakir89: folds 
Uncalled bet ($0.15) returned to Dorex2007
Dorex2007 collected $0.23 from pot
Dorex2007: doesn't show hand 
*** SUMMARY ***
Total pot $0.24 | Rake $0.01 
Board [Ks 7h Qc Kd]
Seat 1: Bahus7778/7 folded before Flop (didn't bet)
Seat 2: perec2 folded before Flop (didn't bet)
Seat 3: dmcrbr folded before Flop (didn't bet)
Seat 4: am3kotoba folded before Flop (didn't bet)
Seat 5: jakir89 (button) folded on the Turn
Seat 6: Dorex2007 (small blind) collected ($0.23)
Seat 7: MMMaaaXXX233 (big blind) folded on the Turn
Seat 8: mrandrey2808 folded before Flop (didn't bet)
Seat 9: pumika90 folded on the Turn



PokerStars Hand #224616983887:  Hold'em No Limit ($0.01/$0.02 USD) - 2021/03/08 23:56:20 PT [2021/03/09 2:56:20 ET]
Table 'Aida III' 9-max Seat #6 is the button
Seat 1: Bahus7778/7 ($2.51 in chips) 
Seat 2: perec2 ($3.03 in chips) 
Seat 3: dmcrbr ($2 in chips) 
Seat 4: am3kotoba ($2 in chips) 
Seat 5: jakir89 ($1.07 in chips) 
Seat 6: Dorex2007 ($2.15 in chips) 
Seat 7: MMMaaaXXX233 ($2.66 in chips) 
Seat 8: mrandrey2808 ($2.54 in chips) 
Seat 9: pumika90 ($4.12 in chips) 
MMMaaaXXX233: posts small blind $0.01
mrandrey2808: posts big blind $0.02
*** HOLE CARDS ***
Dealt to Dorex2007 [8d 6c]
pumika90: folds 
Bahus7778/7: raises $0.04 to $0.06
perec2: folds 
dmcrbr: folds 
am3kotoba: folds 
jakir89: folds 
Dorex2007: folds 
MMMaaaXXX233: folds 
mrandrey2808: calls $0.04
*** FLOP *** [Qs 7d 8h]
mrandrey2808: checks 
Bahus7778/7: bets $0.10
mrandrey2808: calls $0.10
*** TURN *** [Qs 7d 8h] [7h]
mrandrey2808: checks 
Bahus7778/7: checks 
*** RIVER *** [Qs 7d 8h 7h] [8c]
mrandrey2808: bets $0.10
Bahus7778/7: folds 
Uncalled bet ($0.10) returned to mrandrey2808
mrandrey2808 collected $0.32 from pot
mrandrey2808: doesn't show hand 
*** SUMMARY ***
Total pot $0.33 | Rake $0.01 
Board [Qs 7d 8h 7h 8c]
Seat 1: Bahus7778/7 folded on the River
Seat 2: perec2 folded before Flop (didn't bet)
Seat 3: dmcrbr folded before Flop (didn't bet)
Seat 4: am3kotoba folded before Flop (didn't bet)
Seat 5: jakir89 folded before Flop (didn't bet)
Seat 6: Dorex2007 (button) folded before Flop (didn't bet)
Seat 7: MMMaaaXXX233 (small blind) folded before Flop
Seat 8: mrandrey2808 (big blind) collected ($0.32)
Seat 9: pumika90 folded before Flop (didn't bet)



PokerStars Hand #224616993741:  Hold'em No Limit ($0.01/$0.02 USD) - 2021/03/08 23:57:22 PT [2021/03/09 2:57:22 ET]
Table 'Aida III' 9-max Seat #7 is the button
Seat 1: Bahus7778/7 ($2.35 in chips) 
Seat 2: perec2 ($3.03 in chips) 
Seat 3: dmcrbr ($2 in chips) 
Seat 4: am3kotoba ($2 in chips) 
Seat 5: jakir89 ($1.07 in chips) 
Seat 6: Dorex2007 ($2.15 in chips) 
Seat 7: MMMaaaXXX233 ($2.65 in chips) 
Seat 8: mrandrey2808 ($2.70 in chips) 
Seat 9: pumika90 ($4.12 in chips) 
mrandrey2808: posts small blind $0.01
pumika90: posts big blind $0.02
*** HOLE CARDS ***
Dealt to Dorex2007 [Jd Tc]
Bahus7778/7: folds 
perec2: folds 
dmcrbr: folds 
am3kotoba: folds 
jakir89: raises $0.05 to $0.07
Dorex2007: folds 
MMMaaaXXX233: calls $0.07
mrandrey2808: folds 
pumika90: folds 
*** FLOP *** [Qc Th 2c]
jakir89: bets $0.16
MMMaaaXXX233: raises $2.42 to $2.58 and is all-in
jakir89: folds 
Uncalled bet ($2.42) returned to MMMaaaXXX233
MMMaaaXXX233 collected $0.47 from pot
*** SUMMARY ***
Total pot $0.49 | Rake $0.02 
Board [Qc Th 2c]
Seat 1: Bahus7778/7 folded before Flop (didn't bet)
Seat 2: perec2 folded before Flop (didn't bet)
Seat 3: dmcrbr folded before Flop (didn't bet)
Seat 4: am3kotoba folded before Flop (didn't bet)
Seat 5: jakir89 folded on the Flop
Seat 6: Dorex2007 folded before Flop (didn't bet)
Seat 7: MMMaaaXXX233 (button) collected ($0.47)
Seat 8: mrandrey2808 (small blind) folded before Flop
Seat 9: pumika90 (big blind) folded before Flop



PokerStars Hand #224617000568:  Hold'em No Limit ($0.01/$0.02 USD) - 2021/03/08 23:58:04 PT [2021/03/09 2:58:04 ET]
Table 'Aida III' 9-max Seat #8 is the button
Seat 2: perec2 ($3.03 in chips) 
Seat 3: dmcrbr ($2 in chips) 
Seat 4: am3kotoba ($2 in chips) 
Seat 5: jakir89 ($0.84 in chips) 
Seat 6: Dorex2007 ($2.15 in chips) 
Seat 7: MMMaaaXXX233 ($2.89 in chips) 
Seat 8: mrandrey2808 ($2.69 in chips) 
Seat 9: pumika90 ($4.10 in chips) 
pumika90: posts small blind $0.01
perec2: posts big blind $0.02
*** HOLE CARDS ***
Dealt to Dorex2007 [Ks 5c]
dmcrbr: folds 
am3kotoba: folds 
jakir89: folds 
Dorex2007: folds 
MMMaaaXXX233: folds 
mrandrey2808: folds 
pumika90: calls $0.01
perec2: checks 
*** FLOP *** [8c 7s Qs]
pumika90: bets $0.02
perec2: calls $0.02
*** TURN *** [8c 7s Qs] [Ah]
pumika90: bets $0.04
perec2: folds 
Uncalled bet ($0.04) returned to pumika90
pumika90 collected $0.08 from pot
pumika90: doesn't show hand 
*** SUMMARY ***
Total pot $0.08 | Rake $0 
Board [8c 7s Qs Ah]
Seat 2: perec2 (big blind) folded on the Turn
Seat 3: dmcrbr folded before Flop (didn't bet)
Seat 4: am3kotoba folded before Flop (didn't bet)
Seat 5: jakir89 folded before Flop (didn't bet)
Seat 6: Dorex2007 folded before Flop (didn't bet)
Seat 7: MMMaaaXXX233 folded before Flop (didn't bet)
Seat 8: mrandrey2808 (button) folded before Flop (didn't bet)
Seat 9: pumika90 (small blind) collected ($0.08)



PokerStars Hand #224617007296:  Hold'em No Limit ($0.01/$0.02 USD) - 2021/03/08 23:58:46 PT [2021/03/09 2:58:46 ET]
Table 'Aida III' 9-max Seat #9 is the button
Seat 2: perec2 ($2.99 in chips) 
Seat 3: dmcrbr ($2 in chips) 
Seat 4: am3kotoba ($2 in chips) 
Seat 5: jakir89 ($0.84 in chips) 
Seat 6: Dorex2007 ($2.15 in chips) 
Seat 7: MMMaaaXXX233 ($2.89 in chips) 
Seat 8: mrandrey2808 ($2.69 in chips) 
Seat 9: pumika90 ($4.14 in chips) 
perec2: posts small blind $0.01
dmcrbr: posts big blind $0.02
*** HOLE CARDS ***
Dealt to Dorex2007 [8s 4h]
am3kotoba: folds 
jakir89: folds 
Dorex2007: folds 
MMMaaaXXX233: folds 
mrandrey2808: folds 
pumika90: folds 
perec2: folds 
Uncalled bet ($0.01) returned to dmcrbr
dmcrbr collected $0.02 from pot
dmcrbr: doesn't show hand 
*** SUMMARY ***
Total pot $0.02 | Rake $0 
Seat 2: perec2 (small blind) folded before Flop
Seat 3: dmcrbr (big blind) collected ($0.02)
Seat 4: am3kotoba folded before Flop (didn't bet)
Seat 5: jakir89 folded before Flop (didn't bet)
Seat 6: Dorex2007 folded before Flop (didn't bet)
Seat 7: MMMaaaXXX233 folded before Flop (didn't bet)
Seat 8: mrandrey2808 folded before Flop (didn't bet)
Seat 9: pumika90 (button) folded before Flop (didn't bet)



PokerStars Hand #224617009664:  Hold'em No Limit ($0.01/$0.02 USD) - 2021/03/08 23:59:01 PT [2021/03/09 2:59:01 ET]
Table 'Aida III' 9-max Seat #2 is the button
Seat 2: perec2 ($2.98 in chips) 
Seat 3: dmcrbr ($2.01 in chips) 
Seat 4: am3kotoba ($2 in chips) 
Seat 5: jakir89 ($0.84 in chips) 
Seat 6: Dorex2007 ($2.15 in chips) 
Seat 7: MMMaaaXXX233 ($2.89 in chips) 
Seat 8: mrandrey2808 ($2.69 in chips) 
Seat 9: pumika90 ($4.14 in chips) 
dmcrbr: posts small blind $0.01
am3kotoba: posts big blind $0.02
*** HOLE CARDS ***
Dealt to Dorex2007 [2c Kc]
jakir89: folds 
Dorex2007: folds 
MMMaaaXXX233: folds 
mrandrey2808: folds 
pumika90: calls $0.02
perec2: folds 
dmcrbr: calls $0.01
am3kotoba: checks 
*** FLOP *** [Qs Jh 7d]
dmcrbr: checks 
am3kotoba: checks 
pumika90: bets $0.02
dmcrbr: folds 
am3kotoba: folds 
Uncalled bet ($0.02) returned to pumika90
pumika90 collected $0.06 from pot
pumika90: doesn't show hand 
*** SUMMARY ***
Total pot $0.06 | Rake $0 
Board [Qs Jh 7d]
Seat 2: perec2 (button) folded before Flop (didn't bet)
Seat 3: dmcrbr (small blind) folded on the Flop
Seat 4: am3kotoba (big blind) folded on the Flop
Seat 5: jakir89 folded before Flop (didn't bet)
Seat 6: Dorex2007 folded before Flop (didn't bet)
Seat 7: MMMaaaXXX233 folded before Flop (didn't bet)
Seat 8: mrandrey2808 folded before Flop (didn't bet)
Seat 9: pumika90 collected ($0.06)



PokerStars Hand #224617015145:  Hold'em No Limit ($0.01/$0.02 USD) - 2021/03/08 23:59:36 PT [2021/03/09 2:59:36 ET]
Table 'Aida III' 9-max Seat #3 is the button
Seat 2: perec2 ($2.98 in chips) 
Seat 3: dmcrbr ($2 in chips) 
Seat 4: am3kotoba ($2 in chips) 
Seat 5: jakir89 ($0.84 in chips) 
Seat 6: Dorex2007 ($2.15 in chips) 
Seat 7: MMMaaaXXX233 ($2.89 in chips) 
Seat 8: mrandrey2808 ($2.69 in chips) 
Seat 9: pumika90 ($4.18 in chips) 
am3kotoba: posts small blind $0.01
jakir89: posts big blind $0.02
*** HOLE CARDS ***
Dealt to Dorex2007 [6c Qh]
Dorex2007: folds 
MMMaaaXXX233: folds 
mrandrey2808: folds 
pumika90: calls $0.02
perec2: raises $0.06 to $0.08
dmcrbr: folds 
am3kotoba: folds 
jakir89: calls $0.06
pumika90: calls $0.06
*** FLOP *** [Th 4s 3d]
jakir89: checks 
pumika90: checks 
perec2: bets $0.14
jakir89: calls $0.14
pumika90: folds 
*** TURN *** [Th 4s 3d] [9d]
jakir89: checks 
perec2: bets $0.31
jakir89: raises $0.31 to $0.62 and is all-in
perec2: calls $0.31
*** RIVER *** [Th 4s 3d 9d] [3s]
*** SHOW DOWN ***
jakir89: shows [Tc Jc] (two pair, Tens and Threes)
perec2: shows [Ad Ts] (two pair, Tens and Threes - Ace kicker)
perec2 collected $1.71 from pot
*** SUMMARY ***
Total pot $1.77 | Rake $0.06 
Board [Th 4s 3d 9d 3s]
Seat 2: perec2 showed [Ad Ts] and won ($1.71) with two pair, Tens and Threes
Seat 3: dmcrbr (button) folded before Flop (didn't bet)
Seat 4: am3kotoba (small blind) folded before Flop
Seat 5: jakir89 (big blind) showed [Tc Jc] and lost with two pair, Tens and Threes
Seat 6: Dorex2007 folded before Flop (didn't bet)
Seat 7: MMMaaaXXX233 folded before Flop (didn't bet)
Seat 8: mrandrey2808 folded before Flop (didn't bet)
Seat 9: pumika90 folded on the Flop



PokerStars Hand #224617025576:  Hold'em No Limit ($0.01/$0.02 USD) - 2021/03/09 0:00:40 PT [2021/03/09 3:00:40 ET]
Table 'Aida III' 9-max Seat #4 is the button
Seat 2: perec2 ($3.85 in chips) 
Seat 3: dmcrbr ($2 in chips) 
Seat 4: am3kotoba ($2 in chips) 
Seat 6: Dorex2007 ($2.15 in chips) 
Seat 7: MMMaaaXXX233 ($2.89 in chips) 
Seat 8: mrandrey2808 ($2.69 in chips) 
Seat 9: pumika90 ($4.10 in chips) 
Dorex2007: posts small blind $0.01
MMMaaaXXX233: posts big blind $0.02
*** HOLE CARDS ***
Dealt to Dorex2007 [Ad Td]
jakir89 is disconnected 
mrandrey2808: folds 
pumika90: folds 
perec2: folds 
dmcrbr: folds 
am3kotoba: folds 
Dorex2007: raises $0.04 to $0.06
MMMaaaXXX233: raises $0.12 to $0.18
Dorex2007: calls $0.12
*** FLOP *** [6c Th Js]
Dorex2007: bets $0.23
MMMaaaXXX233: raises $0.23 to $0.46
Dorex2007: raises $1.51 to $1.97 and is all-in
MMMaaaXXX233: calls $1.51
*** TURN *** [6c Th Js] [7s]
*** RIVER *** [6c Th Js 7s] [Kh]
*** SHOW DOWN ***
Dorex2007: shows [Ad Td] (a pair of Tens)
MMMaaaXXX233: shows [Jc Jd] (three of a kind, Jacks)
MMMaaaXXX233 cashed out the hand for $4.02 | Cash Out Fee $0.04
*** SUMMARY ***
Total pot $4.30 | Rake $0.15 
Board [6c Th Js 7s Kh]
Seat 2: perec2 folded before Flop (didn't bet)
Seat 3: dmcrbr folded before Flop (didn't bet)
Seat 4: am3kotoba (button) folded before Flop (didn't bet)
Seat 6: Dorex2007 (small blind) showed [Ad Td] and lost with a pair of Tens
Seat 7: MMMaaaXXX233 (big blind) showed [Jc Jd] and won ($4.15) with three of a kind, Jacks (pot not awarded as player cashed out)
Seat 8: mrandrey2808 folded before Flop (didn't bet)
Seat 9: pumika90 folded before Flop (didn't bet)



