PokerStars Hand #232557513100:  Hold'em No Limit ($0.01/$0.02 USD) - 2021/12/26 18:10:26 PT [2021/12/26 21:10:26 ET]
Table 'Aquarius IV' 9-max Seat #4 is the button
Seat 1: Dorex2007 ($2 in chips) 
Seat 4: PedroAlsc ($1.27 in chips) 
Seat 5: dendi913 ($0.35 in chips) 
Seat 6: chaves9999 ($1.75 in chips) 
Seat 8: wartime13 ($0.82 in chips) 
Seat 9: DanAKAGrim ($1.57 in chips) 
dendi913: posts small blind $0.01
chaves9999: posts big blind $0.02
pIay2kiLL: sits out 
Dorex2007: posts big blind $0.02
*** HOLE CARDS ***
Dealt to Dorex2007 [Qc 6d]
wartime13: folds 
DanAKAGrim has timed out
DanAKAGrim: folds 
Dorex2007: checks 
PedroAlsc: folds 
dendi913: calls $0.01
chaves9999: checks 
*** FLOP *** [6h Qd Jd]
dendi913: bets $0.02
chaves9999: folds 
Dorex2007: raises $0.10 to $0.12
dendi913: folds 
Uncalled bet ($0.10) returned to Dorex2007
Dorex2007 collected $0.10 from pot
Dorex2007: doesn't show hand 
*** SUMMARY ***
Total pot $0.10 | Rake $0 
Board [6h Qd Jd]
Seat 1: Dorex2007 collected ($0.10)
Seat 4: PedroAlsc (button) folded before Flop (didn't bet)
Seat 5: dendi913 (small blind) folded on the Flop
Seat 6: chaves9999 (big blind) folded on the Flop
Seat 8: wartime13 folded before Flop (didn't bet)
Seat 9: DanAKAGrim folded before Flop (didn't bet)



PokerStars Hand #232557525505:  Hold'em No Limit ($0.01/$0.02 USD) - 2021/12/26 18:11:11 PT [2021/12/26 21:11:11 ET]
Table 'Aquarius IV' 9-max Seat #5 is the button
Seat 1: Dorex2007 ($2.06 in chips) 
Seat 4: PedroAlsc ($1.27 in chips) 
Seat 5: dendi913 ($0.31 in chips) 
Seat 6: chaves9999 ($1.73 in chips) 
Seat 7: pIay2kiLL ($2 in chips) 
Seat 8: wartime13 ($0.82 in chips) 
Seat 9: DanAKAGrim ($1.57 in chips) 
chaves9999: posts small blind $0.01
pIay2kiLL: posts big blind $0.02
*** HOLE CARDS ***
Dealt to Dorex2007 [Td Kd]
wartime13: calls $0.02
DanAKAGrim: calls $0.02
Dorex2007: calls $0.02
PedroAlsc: folds 
dendi913: raises $0.11 to $0.13
chaves9999: folds 
pIay2kiLL: folds 
wartime13: folds 
DanAKAGrim: folds 
Dorex2007: folds 
Uncalled bet ($0.11) returned to dendi913
dendi913 collected $0.11 from pot
dendi913: doesn't show hand 
*** SUMMARY ***
Total pot $0.11 | Rake $0 
Seat 1: Dorex2007 folded before Flop
Seat 4: PedroAlsc folded before Flop (didn't bet)
Seat 5: dendi913 (button) collected ($0.11)
Seat 6: chaves9999 (small blind) folded before Flop
Seat 7: pIay2kiLL (big blind) folded before Flop
Seat 8: wartime13 folded before Flop
Seat 9: DanAKAGrim folded before Flop



PokerStars Hand #232557538641:  Hold'em No Limit ($0.01/$0.02 USD) - 2021/12/26 18:11:59 PT [2021/12/26 21:11:59 ET]
Table 'Aquarius IV' 9-max Seat #6 is the button
Seat 1: Dorex2007 ($2.04 in chips) 
Seat 4: PedroAlsc ($1.27 in chips) 
Seat 5: dendi913 ($0.40 in chips) 
Seat 6: chaves9999 ($1.72 in chips) 
Seat 7: pIay2kiLL ($2 in chips) 
Seat 8: wartime13 ($0.80 in chips) 
Seat 9: DanAKAGrim ($1.55 in chips) 
pIay2kiLL: posts small blind $0.01
wartime13: posts big blind $0.02
*** HOLE CARDS ***
Dealt to Dorex2007 [3d Tc]
DanAKAGrim has timed out
DanAKAGrim: folds 
Dorex2007: folds 
PedroAlsc: calls $0.02
dendi913: raises $0.02 to $0.04
chaves9999: folds 
pIay2kiLL: folds 
wartime13: calls $0.02
PedroAlsc: raises $0.32 to $0.36
dendi913: calls $0.32
wartime13: folds 
*** FLOP *** [4c 8s Td]
PedroAlsc: checks 
dendi913: bets $0.04 and is all-in
PedroAlsc: calls $0.04
*** TURN *** [4c 8s Td] [Kd]
*** RIVER *** [4c 8s Td Kd] [Js]
*** SHOW DOWN ***
PedroAlsc: shows [Ks As] (a pair of Kings)
dendi913: shows [Qs Jd] (a pair of Jacks)
PedroAlsc collected $0.82 from pot
*** SUMMARY ***
Total pot $0.85 | Rake $0.03 
Board [4c 8s Td Kd Js]
Seat 1: Dorex2007 folded before Flop (didn't bet)
Seat 4: PedroAlsc showed [Ks As] and won ($0.82) with a pair of Kings
Seat 5: dendi913 showed [Qs Jd] and lost with a pair of Jacks
Seat 6: chaves9999 (button) folded before Flop (didn't bet)
Seat 7: pIay2kiLL (small blind) folded before Flop
Seat 8: wartime13 (big blind) folded before Flop
Seat 9: DanAKAGrim folded before Flop (didn't bet)



PokerStars Hand #232557562129:  Hold'em No Limit ($0.01/$0.02 USD) - 2021/12/26 18:12:57 PT [2021/12/26 21:12:57 ET]
Table 'Aquarius IV' 9-max Seat #7 is the button
Seat 1: Dorex2007 ($2.04 in chips) 
Seat 4: PedroAlsc ($1.69 in chips) 
Seat 6: chaves9999 ($1.72 in chips) 
Seat 7: pIay2kiLL ($2 in chips) 
Seat 8: wartime13 ($0.76 in chips) 
Seat 9: DanAKAGrim ($1.55 in chips) 
wartime13: posts small blind $0.01
DanAKAGrim: posts big blind $0.02
*** HOLE CARDS ***
Dealt to Dorex2007 [Qc Ac]
Dorex2007: raises $0.04 to $0.06
PedroAlsc: folds 
chaves9999: folds 
pIay2kiLL: folds 
wartime13: folds 
DanAKAGrim: calls $0.04
*** FLOP *** [5d 4d 4s]
DanAKAGrim: checks 
Dorex2007: bets $0.13
dendi913 leaves the table
DanAKAGrim: raises $0.13 to $0.26
Dorex2007: calls $0.13
*** TURN *** [5d 4d 4s] [Qd]
DanAKAGrim: checks 
Dorex2007: bets $0.63
DanAKAGrim: folds 
Uncalled bet ($0.63) returned to Dorex2007
Dorex2007 collected $0.63 from pot
Dorex2007: doesn't show hand 
*** SUMMARY ***
Total pot $0.65 | Rake $0.02 
Board [5d 4d 4s Qd]
Seat 1: Dorex2007 collected ($0.63)
Seat 4: PedroAlsc folded before Flop (didn't bet)
Seat 6: chaves9999 folded before Flop (didn't bet)
Seat 7: pIay2kiLL (button) folded before Flop (didn't bet)
Seat 8: wartime13 (small blind) folded before Flop
Seat 9: DanAKAGrim (big blind) folded on the Turn



PokerStars Hand #232557572465:  Hold'em No Limit ($0.01/$0.02 USD) - 2021/12/26 18:13:35 PT [2021/12/26 21:13:35 ET]
Table 'Aquarius IV' 9-max Seat #8 is the button
Seat 1: Dorex2007 ($2.35 in chips) 
Seat 4: PedroAlsc ($1.69 in chips) 
Seat 6: chaves9999 ($1.72 in chips) 
Seat 7: pIay2kiLL ($2 in chips) 
Seat 8: wartime13 ($0.75 in chips) 
Seat 9: DanAKAGrim ($1.23 in chips) 
DanAKAGrim: posts small blind $0.01
Dorex2007: posts big blind $0.02
*** HOLE CARDS ***
Dealt to Dorex2007 [6s 6d]
PedroAlsc: folds 
chaves9999: folds 
pIay2kiLL: raises $0.03 to $0.05
wartime13: raises $0.70 to $0.75 and is all-in
DanAKAGrim: folds 
Dorex2007: folds 
pIay2kiLL: folds 
Uncalled bet ($0.70) returned to wartime13
wartime13 collected $0.13 from pot
wartime13: doesn't show hand 
*** SUMMARY ***
Total pot $0.13 | Rake $0 
Seat 1: Dorex2007 (big blind) folded before Flop
Seat 4: PedroAlsc folded before Flop (didn't bet)
Seat 6: chaves9999 folded before Flop (didn't bet)
Seat 7: pIay2kiLL folded before Flop
Seat 8: wartime13 (button) collected ($0.13)
Seat 9: DanAKAGrim (small blind) folded before Flop



PokerStars Hand #232557581288:  Hold'em No Limit ($0.01/$0.02 USD) - 2021/12/26 18:14:08 PT [2021/12/26 21:14:08 ET]
Table 'Aquarius IV' 9-max Seat #9 is the button
Seat 1: Dorex2007 ($2.33 in chips) 
Seat 4: PedroAlsc ($1.69 in chips) 
Seat 6: chaves9999 ($1.72 in chips) 
Seat 7: pIay2kiLL ($2 in chips) 
Seat 8: wartime13 ($0.83 in chips) 
Seat 9: DanAKAGrim ($1.22 in chips) 
Dorex2007: posts small blind $0.01
PedroAlsc: posts big blind $0.02
*** HOLE CARDS ***
Dealt to Dorex2007 [6h 4h]
rennah vizine joins the table at seat #5 
chaves9999: folds 
pIay2kiLL: folds 
wartime13: folds 
DanAKAGrim: calls $0.02
Dorex2007: calls $0.01
PedroAlsc: checks 
*** FLOP *** [8c Kd 4c]
Dorex2007: checks 
PedroAlsc: checks 
DanAKAGrim: checks 
*** TURN *** [8c Kd 4c] [9h]
Dorex2007: checks 
PedroAlsc: checks 
DanAKAGrim: checks 
*** RIVER *** [8c Kd 4c 9h] [6c]
Dorex2007: bets $0.06
PedroAlsc: folds 
DanAKAGrim: folds 
Uncalled bet ($0.06) returned to Dorex2007
Dorex2007 collected $0.06 from pot
Dorex2007: doesn't show hand 
*** SUMMARY ***
Total pot $0.06 | Rake $0 
Board [8c Kd 4c 9h 6c]
Seat 1: Dorex2007 (small blind) collected ($0.06)
Seat 4: PedroAlsc (big blind) folded on the River
Seat 6: chaves9999 folded before Flop (didn't bet)
Seat 7: pIay2kiLL folded before Flop (didn't bet)
Seat 8: wartime13 folded before Flop (didn't bet)
Seat 9: DanAKAGrim (button) folded on the River



PokerStars Hand #232557599272:  Hold'em No Limit ($0.01/$0.02 USD) - 2021/12/26 18:15:14 PT [2021/12/26 21:15:14 ET]
Table 'Aquarius IV' 9-max Seat #1 is the button
Seat 1: Dorex2007 ($2.37 in chips) 
Seat 4: PedroAlsc ($1.67 in chips) 
Seat 5: rennah vizine ($1.02 in chips) 
Seat 6: chaves9999 ($1.72 in chips) 
Seat 7: pIay2kiLL ($2 in chips) 
Seat 8: wartime13 ($0.83 in chips) 
Seat 9: DanAKAGrim ($1.20 in chips) 
PedroAlsc: posts small blind $0.01
rennah vizine: posts big blind $0.02
*** HOLE CARDS ***
Dealt to Dorex2007 [7d Th]
chaves9999: folds 
pIay2kiLL: raises $0.04 to $0.06
wartime13: folds 
DanAKAGrim: folds 
Dorex2007: folds 
PedroAlsc: folds 
rennah vizine: calls $0.04
*** FLOP *** [Ts Td 2d]
rennah vizine: checks 
pIay2kiLL: bets $0.09
DimaShalo leaves the table
rennah vizine: folds 
Uncalled bet ($0.09) returned to pIay2kiLL
pIay2kiLL collected $0.13 from pot
pIay2kiLL: doesn't show hand 
*** SUMMARY ***
Total pot $0.13 | Rake $0 
Board [Ts Td 2d]
Seat 1: Dorex2007 (button) folded before Flop (didn't bet)
Seat 4: PedroAlsc (small blind) folded before Flop
Seat 5: rennah vizine (big blind) folded on the Flop
Seat 6: chaves9999 folded before Flop (didn't bet)
Seat 7: pIay2kiLL collected ($0.13)
Seat 8: wartime13 folded before Flop (didn't bet)
Seat 9: DanAKAGrim folded before Flop (didn't bet)



PokerStars Hand #232557609171:  Hold'em No Limit ($0.01/$0.02 USD) - 2021/12/26 18:15:51 PT [2021/12/26 21:15:51 ET]
Table 'Aquarius IV' 9-max Seat #4 is the button
Seat 1: Dorex2007 ($2.37 in chips) 
Seat 4: PedroAlsc ($1.66 in chips) 
Seat 5: rennah vizine ($0.96 in chips) 
Seat 7: pIay2kiLL ($2.07 in chips) 
Seat 8: wartime13 ($0.83 in chips) 
Seat 9: DanAKAGrim ($1.20 in chips) 
rennah vizine: posts small blind $0.01
pIay2kiLL: posts big blind $0.02
*** HOLE CARDS ***
Dealt to Dorex2007 [Js Jc]
wartime13: folds 
DanAKAGrim: calls $0.02
Dorex2007: raises $0.04 to $0.06
PedroAlsc: calls $0.06
rennah vizine: calls $0.05
pIay2kiLL: folds 
DanAKAGrim: calls $0.04
*** FLOP *** [2h 2c As]
rennah vizine: checks 
DanAKAGrim: bets $0.02
Dorex2007: calls $0.02
PedroAlsc: calls $0.02
rennah vizine: folds 
*** TURN *** [2h 2c As] [4h]
DanAKAGrim: bets $0.02
Dorex2007: calls $0.02
PedroAlsc: calls $0.02
*** RIVER *** [2h 2c As 4h] [5c]
Paty Doll726 joins the table at seat #3 
DanAKAGrim: bets $0.32
Dorex2007: folds 
PedroAlsc: folds 
Uncalled bet ($0.32) returned to DanAKAGrim
DanAKAGrim collected $0.37 from pot
DanAKAGrim: doesn't show hand 
*** SUMMARY ***
Total pot $0.38 | Rake $0.01 
Board [2h 2c As 4h 5c]
Seat 1: Dorex2007 folded on the River
Seat 4: PedroAlsc (button) folded on the River
Seat 5: rennah vizine (small blind) folded on the Flop
Seat 7: pIay2kiLL (big blind) folded before Flop
Seat 8: wartime13 folded before Flop (didn't bet)
Seat 9: DanAKAGrim collected ($0.37)



PokerStars Hand #232557628745:  Hold'em No Limit ($0.01/$0.02 USD) - 2021/12/26 18:16:54 PT [2021/12/26 21:16:54 ET]
Table 'Aquarius IV' 9-max Seat #5 is the button
Seat 1: Dorex2007 ($2.27 in chips) 
Seat 4: PedroAlsc ($1.56 in chips) 
Seat 5: rennah vizine ($0.90 in chips) 
Seat 7: pIay2kiLL ($2.05 in chips) 
Seat 8: wartime13 ($0.83 in chips) 
Seat 9: DanAKAGrim ($1.47 in chips) 
pIay2kiLL: posts small blind $0.01
wartime13: posts big blind $0.02
Paty Doll726: sits out 
*** HOLE CARDS ***
Dealt to Dorex2007 [6d 4c]
DanAKAGrim has timed out
DanAKAGrim: folds 
Dorex2007: folds 
PedroAlsc: folds 
rennah vizine: raises $0.02 to $0.04
pIay2kiLL: folds 
wartime13: calls $0.02
*** FLOP *** [5h 9h 3c]
wartime13: checks 
rennah vizine: checks 
*** TURN *** [5h 9h 3c] [5c]
wartime13: checks 
rennah vizine: bets $0.09
wartime13: raises $0.09 to $0.18
rennah vizine: raises $0.09 to $0.27
wartime13: raises $0.52 to $0.79 and is all-in
rennah vizine: calls $0.52
*** RIVER *** [5h 9h 3c 5c] [Ah]
*** SHOW DOWN ***
wartime13: shows [3s 3d] (a full house, Threes full of Fives)
rennah vizine: shows [Td Jd] (a pair of Fives)
wartime13 collected $1.61 from pot
*** SUMMARY ***
Total pot $1.67 | Rake $0.06 
Board [5h 9h 3c 5c Ah]
Seat 1: Dorex2007 folded before Flop (didn't bet)
Seat 4: PedroAlsc folded before Flop (didn't bet)
Seat 5: rennah vizine (button) showed [Td Jd] and lost with a pair of Fives
Seat 7: pIay2kiLL (small blind) folded before Flop
Seat 8: wartime13 (big blind) showed [3s 3d] and won ($1.61) with a full house, Threes full of Fives
Seat 9: DanAKAGrim folded before Flop (didn't bet)



PokerStars Hand #232557642577:  Hold'em No Limit ($0.01/$0.02 USD) - 2021/12/26 18:17:44 PT [2021/12/26 21:17:44 ET]
Table 'Aquarius IV' 9-max Seat #7 is the button
Seat 1: Dorex2007 ($2.27 in chips) 
Seat 4: PedroAlsc ($1.56 in chips) 
Seat 5: rennah vizine ($0.07 in chips) 
Seat 7: pIay2kiLL ($2.04 in chips) 
Seat 8: wartime13 ($1.61 in chips) 
wartime13: posts small blind $0.01
Dorex2007: posts big blind $0.02
Paty Doll726: sits out 
*** HOLE CARDS ***
Dealt to Dorex2007 [9d Js]
PedroAlsc: calls $0.02
rennah vizine: raises $0.05 to $0.07 and is all-in
Paty Doll726 leaves the table
pIay2kiLL: raises $0.16 to $0.23
wartime13: folds 
Dorex2007: folds 
PedroAlsc: folds 
Uncalled bet ($0.16) returned to pIay2kiLL
*** FLOP *** [Kh 3d 6h]
*** TURN *** [Kh 3d 6h] [Qc]
*** RIVER *** [Kh 3d 6h Qc] [7h]
*** SHOW DOWN ***
rennah vizine: shows [2h 4d] (high card King)
pIay2kiLL: shows [Qs Qh] (three of a kind, Queens)
pIay2kiLL cashed out the hand for $0.15
*** SUMMARY ***
Total pot $0.19 | Rake $0.01 
Board [Kh 3d 6h Qc 7h]
Seat 1: Dorex2007 (big blind) folded before Flop
Seat 4: PedroAlsc folded before Flop
Seat 5: rennah vizine showed [2h 4d] and lost with high card King
Seat 7: pIay2kiLL (button) showed [Qs Qh] and won ($0.18) with three of a kind, Queens (pot not awarded as player cashed out)
Seat 8: wartime13 (small blind) folded before Flop



PokerStars Hand #232557650728:  Hold'em No Limit ($0.01/$0.02 USD) - 2021/12/26 18:18:15 PT [2021/12/26 21:18:15 ET]
Table 'Aquarius IV' 9-max Seat #8 is the button
Seat 1: Dorex2007 ($2.25 in chips) 
Seat 4: PedroAlsc ($1.54 in chips) 
Seat 7: pIay2kiLL ($2.12 in chips) 
Seat 8: wartime13 ($1.60 in chips) 
Dorex2007: posts small blind $0.01
PedroAlsc: posts big blind $0.02
*** HOLE CARDS ***
Dealt to Dorex2007 [Kh Ah]
pIay2kiLL: folds 
wartime13: folds 
Dorex2007: raises $0.04 to $0.06
rennah vizine leaves the table
PedroAlsc: folds 
Uncalled bet ($0.04) returned to Dorex2007
Dorex2007 collected $0.04 from pot
Dorex2007: doesn't show hand 
*** SUMMARY ***
Total pot $0.04 | Rake $0 
Seat 1: Dorex2007 (small blind) collected ($0.04)
Seat 4: PedroAlsc (big blind) folded before Flop
Seat 7: pIay2kiLL folded before Flop (didn't bet)
Seat 8: wartime13 (button) folded before Flop (didn't bet)



PokerStars Hand #232557654659:  Hold'em No Limit ($0.01/$0.02 USD) - 2021/12/26 18:18:29 PT [2021/12/26 21:18:29 ET]
Table 'Aquarius IV' 9-max Seat #4 is the button
Seat 1: Dorex2007 ($2.27 in chips) 
Seat 4: PedroAlsc ($1.52 in chips) 
PedroAlsc: posts small blind $0.01
pIay2kiLL: is sitting out 
Dorex2007: posts big blind $0.02
*** HOLE CARDS ***
Dealt to Dorex2007 [Qc Kh]
PedroAlsc: folds 
Uncalled bet ($0.01) returned to Dorex2007
Dorex2007 collected $0.02 from pot
frosa9397 leaves the table
Dorex2007: doesn't show hand 
pIay2kiLL leaves the table
*** SUMMARY ***
Total pot $0.02 | Rake $0 
Seat 1: Dorex2007 (big blind) collected ($0.02)
Seat 4: PedroAlsc (button) (small blind) folded before Flop



