PokerStars Hand #227659239575:  Hold'em No Limit ($0.01/$0.02 USD) - 2021/06/17 17:49:23 PT [2021/06/17 20:49:23 ET]
Table 'Almaak II' 9-max Seat #2 is the button
Seat 1: TreasurerCHCH ($1.86 in chips) 
Seat 2: FRANCO 66643 ($1.59 in chips) 
Seat 3: TheWolf(Leo). ($1.64 in chips) 
Seat 4: Dorex2007 ($2 in chips) 
Seat 5: pikasiki ($1.38 in chips) 
Seat 6: ivanandres934 ($3.22 in chips) 
Seat 7: veall95 ($2 in chips) 
Seat 8: Denis1887922 ($2 in chips) 
Seat 9: ciaotiga ($2.71 in chips) 
TheWolf(Leo).: posts small blind $0.01
Dorex2007: posts big blind $0.02
*** HOLE CARDS ***
Dealt to Dorex2007 [7d 4s]
pikasiki: folds 
ivanandres934: calls $0.02
veall95: folds 
Denis1887922: calls $0.02
ciaotiga: raises $0.03 to $0.05
TreasurerCHCH: folds 
FRANCO 66643: folds 
TheWolf(Leo).: folds 
Dorex2007: folds 
ivanandres934: calls $0.03
Denis1887922: calls $0.03
*** FLOP *** [Td 8h 3d]
ivanandres934: checks 
Denis1887922: checks 
ciaotiga: checks 
*** TURN *** [Td 8h 3d] [Kd]
ivanandres934: checks 
Denis1887922: checks 
ciaotiga: checks 
*** RIVER *** [Td 8h 3d Kd] [Jd]
ivanandres934: checks 
Denis1887922: bets $0.02
ciaotiga: folds 
ivanandres934: calls $0.02
*** SHOW DOWN ***
Denis1887922: shows [5s 5c] (a pair of Fives)
ivanandres934: shows [8c Ac] (a pair of Eights)
ivanandres934 collected $0.21 from pot
*** SUMMARY ***
Total pot $0.22 | Rake $0.01 
Board [Td 8h 3d Kd Jd]
Seat 1: TreasurerCHCH folded before Flop (didn't bet)
Seat 2: FRANCO 66643 (button) folded before Flop (didn't bet)
Seat 3: TheWolf(Leo). (small blind) folded before Flop
Seat 4: Dorex2007 (big blind) folded before Flop
Seat 5: pikasiki folded before Flop (didn't bet)
Seat 6: ivanandres934 showed [8c Ac] and won ($0.21) with a pair of Eights
Seat 7: veall95 folded before Flop (didn't bet)
Seat 8: Denis1887922 showed [5s 5c] and lost with a pair of Fives
Seat 9: ciaotiga folded on the River



PokerStars Hand #227659253655:  Hold'em No Limit ($0.01/$0.02 USD) - 2021/06/17 17:50:20 PT [2021/06/17 20:50:20 ET]
Table 'Almaak II' 9-max Seat #3 is the button
Seat 1: TreasurerCHCH ($1.86 in chips) 
Seat 2: FRANCO 66643 ($1.59 in chips) 
Seat 3: TheWolf(Leo). ($1.63 in chips) 
Seat 4: Dorex2007 ($1.98 in chips) 
Seat 5: pikasiki ($1.38 in chips) 
Seat 6: ivanandres934 ($3.36 in chips) 
Seat 7: veall95 ($2 in chips) 
Seat 8: Denis1887922 ($1.93 in chips) 
Seat 9: ciaotiga ($2.66 in chips) 
Dorex2007: posts small blind $0.01
pikasiki: posts big blind $0.02
*** HOLE CARDS ***
Dealt to Dorex2007 [3h 5c]
ivanandres934: raises $0.06 to $0.08
veall95: folds 
Denis1887922: folds 
ciaotiga: folds 
TreasurerCHCH: folds 
FRANCO 66643: calls $0.08
TheWolf(Leo).: folds 
Dorex2007: folds 
pikasiki: folds 
*** FLOP *** [7s 5d Jc]
ivanandres934: bets $0.18
FRANCO 66643: folds 
Uncalled bet ($0.18) returned to ivanandres934
ivanandres934 collected $0.18 from pot
ivanandres934: doesn't show hand 
*** SUMMARY ***
Total pot $0.19 | Rake $0.01 
Board [7s 5d Jc]
Seat 1: TreasurerCHCH folded before Flop (didn't bet)
Seat 2: FRANCO 66643 folded on the Flop
Seat 3: TheWolf(Leo). (button) folded before Flop (didn't bet)
Seat 4: Dorex2007 (small blind) folded before Flop
Seat 5: pikasiki (big blind) folded before Flop
Seat 6: ivanandres934 collected ($0.18)
Seat 7: veall95 folded before Flop (didn't bet)
Seat 8: Denis1887922 folded before Flop (didn't bet)
Seat 9: ciaotiga folded before Flop (didn't bet)



PokerStars Hand #227659260237:  Hold'em No Limit ($0.01/$0.02 USD) - 2021/06/17 17:50:47 PT [2021/06/17 20:50:47 ET]
Table 'Almaak II' 9-max Seat #4 is the button
Seat 1: TreasurerCHCH ($1.86 in chips) 
Seat 2: FRANCO 66643 ($1.51 in chips) 
Seat 3: TheWolf(Leo). ($1.63 in chips) 
Seat 4: Dorex2007 ($1.97 in chips) 
Seat 5: pikasiki ($1.36 in chips) 
Seat 6: ivanandres934 ($3.46 in chips) 
Seat 7: veall95 ($2 in chips) 
Seat 8: Denis1887922 ($1.93 in chips) 
Seat 9: ciaotiga ($2.66 in chips) 
pikasiki: posts small blind $0.01
ivanandres934: posts big blind $0.02
*** HOLE CARDS ***
Dealt to Dorex2007 [9c Ah]
veall95: folds 
Denis1887922: folds 
ciaotiga: raises $0.03 to $0.05
TreasurerCHCH: folds 
FRANCO 66643: folds 
TheWolf(Leo).: folds 
Dorex2007: folds 
pikasiki: calls $0.04
ivanandres934: folds 
*** FLOP *** [Ts Jd Ac]
pikasiki: bets $0.02
ciaotiga: calls $0.02
*** TURN *** [Ts Jd Ac] [4c]
pikasiki: bets $0.02
ciaotiga: calls $0.02
*** RIVER *** [Ts Jd Ac 4c] [Th]
pikasiki: bets $0.02
ciaotiga: folds 
Uncalled bet ($0.02) returned to pikasiki
pikasiki collected $0.19 from pot
pikasiki: doesn't show hand 
*** SUMMARY ***
Total pot $0.20 | Rake $0.01 
Board [Ts Jd Ac 4c Th]
Seat 1: TreasurerCHCH folded before Flop (didn't bet)
Seat 2: FRANCO 66643 folded before Flop (didn't bet)
Seat 3: TheWolf(Leo). folded before Flop (didn't bet)
Seat 4: Dorex2007 (button) folded before Flop (didn't bet)
Seat 5: pikasiki (small blind) collected ($0.19)
Seat 6: ivanandres934 (big blind) folded before Flop
Seat 7: veall95 folded before Flop (didn't bet)
Seat 8: Denis1887922 folded before Flop (didn't bet)
Seat 9: ciaotiga folded on the River



PokerStars Hand #227659271241:  Hold'em No Limit ($0.01/$0.02 USD) - 2021/06/17 17:51:32 PT [2021/06/17 20:51:32 ET]
Table 'Almaak II' 9-max Seat #5 is the button
Seat 1: TreasurerCHCH ($1.86 in chips) 
Seat 2: FRANCO 66643 ($1.51 in chips) 
Seat 3: TheWolf(Leo). ($1.63 in chips) 
Seat 4: Dorex2007 ($1.97 in chips) 
Seat 5: pikasiki ($1.46 in chips) 
Seat 6: ivanandres934 ($3.44 in chips) 
Seat 7: veall95 ($2 in chips) 
Seat 8: Denis1887922 ($1.93 in chips) 
Seat 9: ciaotiga ($2.57 in chips) 
ivanandres934: posts small blind $0.01
veall95: posts big blind $0.02
*** HOLE CARDS ***
Dealt to Dorex2007 [Qs 3d]
Denis1887922: calls $0.02
ciaotiga: raises $0.03 to $0.05
TreasurerCHCH: folds 
FRANCO 66643: raises $0.09 to $0.14
TheWolf(Leo).: folds 
Dorex2007: folds 
pikasiki: folds 
ivanandres934: folds 
veall95: folds 
Denis1887922: folds 
ciaotiga: calls $0.09
*** FLOP *** [4s Js 4c]
ciaotiga: checks 
FRANCO 66643: bets $0.18
ciaotiga: folds 
Uncalled bet ($0.18) returned to FRANCO 66643
FRANCO 66643 collected $0.32 from pot
*** SUMMARY ***
Total pot $0.33 | Rake $0.01 
Board [4s Js 4c]
Seat 1: TreasurerCHCH folded before Flop (didn't bet)
Seat 2: FRANCO 66643 collected ($0.32)
Seat 3: TheWolf(Leo). folded before Flop (didn't bet)
Seat 4: Dorex2007 folded before Flop (didn't bet)
Seat 5: pikasiki (button) folded before Flop (didn't bet)
Seat 6: ivanandres934 (small blind) folded before Flop
Seat 7: veall95 (big blind) folded before Flop
Seat 8: Denis1887922 folded before Flop
Seat 9: ciaotiga folded on the Flop



PokerStars Hand #227659281666:  Hold'em No Limit ($0.01/$0.02 USD) - 2021/06/17 17:52:15 PT [2021/06/17 20:52:15 ET]
Table 'Almaak II' 9-max Seat #6 is the button
Seat 1: TreasurerCHCH ($1.86 in chips) 
Seat 2: FRANCO 66643 ($1.69 in chips) 
Seat 3: TheWolf(Leo). ($1.63 in chips) 
Seat 4: Dorex2007 ($1.97 in chips) 
Seat 5: pikasiki ($1.46 in chips) 
Seat 6: ivanandres934 ($3.43 in chips) 
Seat 7: veall95 ($1.98 in chips) 
Seat 8: Denis1887922 ($1.91 in chips) 
Seat 9: ciaotiga ($2.43 in chips) 
veall95: posts small blind $0.01
Denis1887922: posts big blind $0.02
*** HOLE CARDS ***
Dealt to Dorex2007 [4s 9h]
ciaotiga: folds 
TreasurerCHCH: folds 
FRANCO 66643: folds 
TheWolf(Leo).: folds 
Dorex2007: calls $0.02
pikasiki: calls $0.02
ivanandres934: folds 
veall95: folds 
Denis1887922: checks 
*** FLOP *** [Jc 4c 4h]
Denis1887922: checks 
Dorex2007: checks 
pikasiki: checks 
*** TURN *** [Jc 4c 4h] [6s]
Denis1887922: bets $0.06
Dorex2007: calls $0.06
pikasiki: folds 
*** RIVER *** [Jc 4c 4h 6s] [Kd]
Denis1887922: bets $0.06
Dorex2007: raises $0.24 to $0.30
Denis1887922: calls $0.24
*** SHOW DOWN ***
Dorex2007: shows [4s 9h] (three of a kind, Fours)
Denis1887922: mucks hand 
Dorex2007 collected $0.76 from pot
*** SUMMARY ***
Total pot $0.79 | Rake $0.03 
Board [Jc 4c 4h 6s Kd]
Seat 1: TreasurerCHCH folded before Flop (didn't bet)
Seat 2: FRANCO 66643 folded before Flop (didn't bet)
Seat 3: TheWolf(Leo). folded before Flop (didn't bet)
Seat 4: Dorex2007 showed [4s 9h] and won ($0.76) with three of a kind, Fours
Seat 5: pikasiki folded on the Turn
Seat 6: ivanandres934 (button) folded before Flop (didn't bet)
Seat 7: veall95 (small blind) folded before Flop
Seat 8: Denis1887922 (big blind) mucked [Jd Qd]
Seat 9: ciaotiga folded before Flop (didn't bet)



PokerStars Hand #227659301205:  Hold'em No Limit ($0.01/$0.02 USD) - 2021/06/17 17:53:15 PT [2021/06/17 20:53:15 ET]
Table 'Almaak II' 9-max Seat #7 is the button
Seat 1: TreasurerCHCH ($1.86 in chips) 
Seat 2: FRANCO 66643 ($1.69 in chips) 
Seat 3: TheWolf(Leo). ($1.63 in chips) 
Seat 4: Dorex2007 ($2.35 in chips) 
Seat 5: pikasiki ($1.44 in chips) 
Seat 6: ivanandres934 ($3.43 in chips) 
Seat 7: veall95 ($1.97 in chips) 
Seat 8: Denis1887922 ($1.53 in chips) 
Seat 9: ciaotiga ($2.43 in chips) 
Denis1887922: posts small blind $0.01
ciaotiga: posts big blind $0.02
*** HOLE CARDS ***
Dealt to Dorex2007 [Qh 9s]
TreasurerCHCH: folds 
FRANCO 66643: calls $0.02
TheWolf(Leo).: folds 
Dorex2007: folds 
pikasiki: folds 
ivanandres934: raises $0.08 to $0.10
veall95: folds 
Denis1887922: folds 
ciaotiga: calls $0.08
FRANCO 66643: calls $0.08
*** FLOP *** [6s 8s Qd]
ciaotiga: checks 
FRANCO 66643: checks 
ivanandres934: bets $0.30
ciaotiga: folds 
FRANCO 66643: folds 
Uncalled bet ($0.30) returned to ivanandres934
ivanandres934 collected $0.30 from pot
ivanandres934: doesn't show hand 
*** SUMMARY ***
Total pot $0.31 | Rake $0.01 
Board [6s 8s Qd]
Seat 1: TreasurerCHCH folded before Flop (didn't bet)
Seat 2: FRANCO 66643 folded on the Flop
Seat 3: TheWolf(Leo). folded before Flop (didn't bet)
Seat 4: Dorex2007 folded before Flop (didn't bet)
Seat 5: pikasiki folded before Flop (didn't bet)
Seat 6: ivanandres934 collected ($0.30)
Seat 7: veall95 (button) folded before Flop (didn't bet)
Seat 8: Denis1887922 (small blind) folded before Flop
Seat 9: ciaotiga (big blind) folded on the Flop



PokerStars Hand #227659309769:  Hold'em No Limit ($0.01/$0.02 USD) - 2021/06/17 17:53:49 PT [2021/06/17 20:53:49 ET]
Table 'Almaak II' 9-max Seat #8 is the button
Seat 1: TreasurerCHCH ($1.86 in chips) 
Seat 2: FRANCO 66643 ($1.59 in chips) 
Seat 3: TheWolf(Leo). ($1.63 in chips) 
Seat 4: Dorex2007 ($2.35 in chips) 
Seat 5: pikasiki ($1.44 in chips) 
Seat 6: ivanandres934 ($3.63 in chips) 
Seat 7: veall95 ($1.97 in chips) 
Seat 8: Denis1887922 ($1.52 in chips) 
Seat 9: ciaotiga ($2.33 in chips) 
ciaotiga: posts small blind $0.01
TreasurerCHCH: posts big blind $0.02
*** HOLE CARDS ***
Dealt to Dorex2007 [Ad 8h]
FRANCO 66643: folds 
TheWolf(Leo).: folds 
Dorex2007: folds 
pikasiki: calls $0.02
ivanandres934: folds 
veall95: raises $0.04 to $0.06
Denis1887922: folds 
ciaotiga: calls $0.05
TreasurerCHCH: folds 
pikasiki: calls $0.04
*** FLOP *** [Jc Qs Kd]
ciaotiga: checks 
pikasiki: checks 
veall95: bets $0.09
ciaotiga: folds 
pikasiki: folds 
Uncalled bet ($0.09) returned to veall95
veall95 collected $0.19 from pot
veall95: doesn't show hand 
*** SUMMARY ***
Total pot $0.20 | Rake $0.01 
Board [Jc Qs Kd]
Seat 1: TreasurerCHCH (big blind) folded before Flop
Seat 2: FRANCO 66643 folded before Flop (didn't bet)
Seat 3: TheWolf(Leo). folded before Flop (didn't bet)
Seat 4: Dorex2007 folded before Flop (didn't bet)
Seat 5: pikasiki folded on the Flop
Seat 6: ivanandres934 folded before Flop (didn't bet)
Seat 7: veall95 collected ($0.19)
Seat 8: Denis1887922 (button) folded before Flop (didn't bet)
Seat 9: ciaotiga (small blind) folded on the Flop



PokerStars Hand #227659323155:  Hold'em No Limit ($0.01/$0.02 USD) - 2021/06/17 17:54:29 PT [2021/06/17 20:54:29 ET]
Table 'Almaak II' 9-max Seat #9 is the button
Seat 1: TreasurerCHCH ($1.84 in chips) 
Seat 2: FRANCO 66643 ($1.59 in chips) 
Seat 3: TheWolf(Leo). ($1.63 in chips) 
Seat 4: Dorex2007 ($2.35 in chips) 
Seat 5: pikasiki ($1.38 in chips) 
Seat 6: ivanandres934 ($3.63 in chips) 
Seat 7: veall95 ($2.10 in chips) 
Seat 8: Denis1887922 ($1.52 in chips) 
Seat 9: ciaotiga ($2.27 in chips) 
TreasurerCHCH: posts small blind $0.01
FRANCO 66643: posts big blind $0.02
*** HOLE CARDS ***
Dealt to Dorex2007 [Tc Qc]
TheWolf(Leo).: folds 
Dorex2007: raises $0.02 to $0.04
pikasiki: calls $0.04
ivanandres934: folds 
veall95: folds 
Denis1887922: folds 
ciaotiga: calls $0.04
TreasurerCHCH: folds 
FRANCO 66643: folds 
*** FLOP *** [Kd As 3c]
Dorex2007: checks 
pikasiki: checks 
ciaotiga: checks 
*** TURN *** [Kd As 3c] [8s]
Dorex2007: checks 
pikasiki: checks 
ciaotiga: bets $0.04
Dorex2007: folds 
pikasiki: folds 
Uncalled bet ($0.04) returned to ciaotiga
ciaotiga collected $0.14 from pot
ciaotiga: doesn't show hand 
*** SUMMARY ***
Total pot $0.15 | Rake $0.01 
Board [Kd As 3c 8s]
Seat 1: TreasurerCHCH (small blind) folded before Flop
Seat 2: FRANCO 66643 (big blind) folded before Flop
Seat 3: TheWolf(Leo). folded before Flop (didn't bet)
Seat 4: Dorex2007 folded on the Turn
Seat 5: pikasiki folded on the Turn
Seat 6: ivanandres934 folded before Flop (didn't bet)
Seat 7: veall95 folded before Flop (didn't bet)
Seat 8: Denis1887922 folded before Flop (didn't bet)
Seat 9: ciaotiga (button) collected ($0.14)



PokerStars Hand #227659336427:  Hold'em No Limit ($0.01/$0.02 USD) - 2021/06/17 17:55:27 PT [2021/06/17 20:55:27 ET]
Table 'Almaak II' 9-max Seat #1 is the button
Seat 1: TreasurerCHCH ($1.83 in chips) 
Seat 2: FRANCO 66643 ($1.57 in chips) 
Seat 3: TheWolf(Leo). ($1.63 in chips) 
Seat 4: Dorex2007 ($2.31 in chips) 
Seat 5: pikasiki ($1.34 in chips) 
Seat 6: ivanandres934 ($3.63 in chips) 
Seat 7: veall95 ($2.10 in chips) 
Seat 8: Denis1887922 ($1.52 in chips) 
Seat 9: ciaotiga ($2.37 in chips) 
FRANCO 66643: posts small blind $0.01
TheWolf(Leo).: posts big blind $0.02
*** HOLE CARDS ***
Dealt to Dorex2007 [Qh 9c]
Dorex2007: folds 
pikasiki: folds 
ivanandres934: folds 
veall95: folds 
Denis1887922: folds 
ciaotiga: folds 
TreasurerCHCH: folds 
FRANCO 66643: folds 
Uncalled bet ($0.01) returned to TheWolf(Leo).
TheWolf(Leo). collected $0.02 from pot
TheWolf(Leo).: doesn't show hand 
*** SUMMARY ***
Total pot $0.02 | Rake $0 
Seat 1: TreasurerCHCH (button) folded before Flop (didn't bet)
Seat 2: FRANCO 66643 (small blind) folded before Flop
Seat 3: TheWolf(Leo). (big blind) collected ($0.02)
Seat 4: Dorex2007 folded before Flop (didn't bet)
Seat 5: pikasiki folded before Flop (didn't bet)
Seat 6: ivanandres934 folded before Flop (didn't bet)
Seat 7: veall95 folded before Flop (didn't bet)
Seat 8: Denis1887922 folded before Flop (didn't bet)
Seat 9: ciaotiga folded before Flop (didn't bet)



PokerStars Hand #227659338789:  Hold'em No Limit ($0.01/$0.02 USD) - 2021/06/17 17:55:39 PT [2021/06/17 20:55:39 ET]
Table 'Almaak II' 9-max Seat #2 is the button
Seat 1: TreasurerCHCH ($1.83 in chips) 
Seat 2: FRANCO 66643 ($1.56 in chips) 
Seat 3: TheWolf(Leo). ($1.64 in chips) 
Seat 4: Dorex2007 ($2.31 in chips) 
Seat 5: pikasiki ($1.34 in chips) 
Seat 6: ivanandres934 ($3.63 in chips) 
Seat 7: veall95 ($2.10 in chips) 
Seat 8: Denis1887922 ($1.52 in chips) 
Seat 9: ciaotiga ($2.37 in chips) 
TheWolf(Leo).: posts small blind $0.01
Dorex2007: posts big blind $0.02
*** HOLE CARDS ***
Dealt to Dorex2007 [9d 2s]
pikasiki: folds 
ivanandres934: folds 
veall95: folds 
Denis1887922: folds 
ciaotiga: raises $0.03 to $0.05
TreasurerCHCH: folds 
FRANCO 66643: folds 
TheWolf(Leo).: folds 
Dorex2007: folds 
Uncalled bet ($0.03) returned to ciaotiga
ciaotiga collected $0.05 from pot
ciaotiga: doesn't show hand 
*** SUMMARY ***
Total pot $0.05 | Rake $0 
Seat 1: TreasurerCHCH folded before Flop (didn't bet)
Seat 2: FRANCO 66643 (button) folded before Flop (didn't bet)
Seat 3: TheWolf(Leo). (small blind) folded before Flop
Seat 4: Dorex2007 (big blind) folded before Flop
Seat 5: pikasiki folded before Flop (didn't bet)
Seat 6: ivanandres934 folded before Flop (didn't bet)
Seat 7: veall95 folded before Flop (didn't bet)
Seat 8: Denis1887922 folded before Flop (didn't bet)
Seat 9: ciaotiga collected ($0.05)



PokerStars Hand #227659342708:  Hold'em No Limit ($0.01/$0.02 USD) - 2021/06/17 17:55:58 PT [2021/06/17 20:55:58 ET]
Table 'Almaak II' 9-max Seat #3 is the button
Seat 1: TreasurerCHCH ($1.83 in chips) 
Seat 2: FRANCO 66643 ($1.56 in chips) 
Seat 3: TheWolf(Leo). ($1.63 in chips) 
Seat 4: Dorex2007 ($2.29 in chips) 
Seat 5: pikasiki ($1.34 in chips) 
Seat 6: ivanandres934 ($3.63 in chips) 
Seat 7: veall95 ($2.10 in chips) 
Seat 8: Denis1887922 ($1.52 in chips) 
Seat 9: ciaotiga ($2.40 in chips) 
Dorex2007: posts small blind $0.01
pikasiki: posts big blind $0.02
*** HOLE CARDS ***
Dealt to Dorex2007 [Jh Js]
ivanandres934: folds 
veall95: folds 
Denis1887922: folds 
ciaotiga: folds 
TreasurerCHCH: folds 
FRANCO 66643: folds 
TheWolf(Leo).: raises $0.02 to $0.04
Dorex2007: raises $0.06 to $0.10
pikasiki: calls $0.08
TheWolf(Leo).: folds 
*** FLOP *** [7c 2h Qd]
Dorex2007: bets $0.12
pikasiki: folds 
Uncalled bet ($0.12) returned to Dorex2007
Dorex2007 collected $0.23 from pot
Dorex2007: doesn't show hand 
*** SUMMARY ***
Total pot $0.24 | Rake $0.01 
Board [7c 2h Qd]
Seat 1: TreasurerCHCH folded before Flop (didn't bet)
Seat 2: FRANCO 66643 folded before Flop (didn't bet)
Seat 3: TheWolf(Leo). (button) folded before Flop
Seat 4: Dorex2007 (small blind) collected ($0.23)
Seat 5: pikasiki (big blind) folded on the Flop
Seat 6: ivanandres934 folded before Flop (didn't bet)
Seat 7: veall95 folded before Flop (didn't bet)
Seat 8: Denis1887922 folded before Flop (didn't bet)
Seat 9: ciaotiga folded before Flop (didn't bet)



PokerStars Hand #227659347576:  Hold'em No Limit ($0.01/$0.02 USD) - 2021/06/17 17:56:23 PT [2021/06/17 20:56:23 ET]
Table 'Almaak II' 9-max Seat #4 is the button
Seat 1: TreasurerCHCH ($1.83 in chips) 
Seat 2: FRANCO 66643 ($1.56 in chips) 
Seat 3: TheWolf(Leo). ($1.59 in chips) 
Seat 4: Dorex2007 ($2.42 in chips) 
Seat 5: pikasiki ($1.24 in chips) 
Seat 6: ivanandres934 ($3.63 in chips) 
Seat 7: veall95 ($2.10 in chips) 
Seat 8: Denis1887922 ($1.52 in chips) 
Seat 9: ciaotiga ($2.40 in chips) 
pikasiki: posts small blind $0.01
ivanandres934: posts big blind $0.02
*** HOLE CARDS ***
Dealt to Dorex2007 [Js Ts]
veall95: folds 
Denis1887922: calls $0.02
ciaotiga: folds 
TreasurerCHCH: folds 
FRANCO 66643: calls $0.02
TheWolf(Leo).: folds 
Dorex2007: raises $0.04 to $0.06
pikasiki: folds 
ivanandres934: folds 
Denis1887922: calls $0.04
FRANCO 66643: calls $0.04
*** FLOP *** [7d Ah 3h]
Denis1887922: checks 
FRANCO 66643: checks 
Dorex2007: checks 
*** TURN *** [7d Ah 3h] [7h]
Denis1887922: checks 
FRANCO 66643: checks 
Dorex2007: bets $0.10
Denis1887922: folds 
FRANCO 66643: folds 
Uncalled bet ($0.10) returned to Dorex2007
Dorex2007 collected $0.20 from pot
Dorex2007: doesn't show hand 
*** SUMMARY ***
Total pot $0.21 | Rake $0.01 
Board [7d Ah 3h 7h]
Seat 1: TreasurerCHCH folded before Flop (didn't bet)
Seat 2: FRANCO 66643 folded on the Turn
Seat 3: TheWolf(Leo). folded before Flop (didn't bet)
Seat 4: Dorex2007 (button) collected ($0.20)
Seat 5: pikasiki (small blind) folded before Flop
Seat 6: ivanandres934 (big blind) folded before Flop
Seat 7: veall95 folded before Flop (didn't bet)
Seat 8: Denis1887922 folded on the Turn
Seat 9: ciaotiga folded before Flop (didn't bet)



PokerStars Hand #227659356560:  Hold'em No Limit ($0.01/$0.02 USD) - 2021/06/17 17:57:08 PT [2021/06/17 20:57:08 ET]
Table 'Almaak II' 9-max Seat #5 is the button
Seat 1: TreasurerCHCH ($1.83 in chips) 
Seat 2: FRANCO 66643 ($1.50 in chips) 
Seat 3: TheWolf(Leo). ($1.59 in chips) 
Seat 4: Dorex2007 ($2.56 in chips) 
Seat 5: pikasiki ($1.23 in chips) 
Seat 6: ivanandres934 ($3.61 in chips) 
Seat 7: veall95 ($2.10 in chips) 
Seat 8: Denis1887922 ($1.46 in chips) 
Seat 9: ciaotiga ($2.40 in chips) 
ivanandres934: posts small blind $0.01
veall95: posts big blind $0.02
*** HOLE CARDS ***
Dealt to Dorex2007 [Td 6c]
Denis1887922: folds 
ciaotiga: folds 
TreasurerCHCH: folds 
FRANCO 66643: folds 
TheWolf(Leo).: folds 
Dorex2007: folds 
pikasiki: folds 
ivanandres934: folds 
Uncalled bet ($0.01) returned to veall95
veall95 collected $0.02 from pot
veall95: doesn't show hand 
*** SUMMARY ***
Total pot $0.02 | Rake $0 
Seat 1: TreasurerCHCH folded before Flop (didn't bet)
Seat 2: FRANCO 66643 folded before Flop (didn't bet)
Seat 3: TheWolf(Leo). folded before Flop (didn't bet)
Seat 4: Dorex2007 folded before Flop (didn't bet)
Seat 5: pikasiki (button) folded before Flop (didn't bet)
Seat 6: ivanandres934 (small blind) folded before Flop
Seat 7: veall95 (big blind) collected ($0.02)
Seat 8: Denis1887922 folded before Flop (didn't bet)
Seat 9: ciaotiga folded before Flop (didn't bet)



PokerStars Hand #227659359184:  Hold'em No Limit ($0.01/$0.02 USD) - 2021/06/17 17:57:21 PT [2021/06/17 20:57:21 ET]
Table 'Almaak II' 9-max Seat #6 is the button
Seat 1: TreasurerCHCH ($1.83 in chips) 
Seat 2: FRANCO 66643 ($1.50 in chips) 
Seat 3: TheWolf(Leo). ($1.59 in chips) 
Seat 4: Dorex2007 ($2.56 in chips) 
Seat 5: pikasiki ($1.23 in chips) 
Seat 6: ivanandres934 ($3.60 in chips) 
Seat 7: veall95 ($2.11 in chips) 
Seat 8: Denis1887922 ($1.46 in chips) 
Seat 9: ciaotiga ($2.40 in chips) 
veall95: posts small blind $0.01
Denis1887922: posts big blind $0.02
*** HOLE CARDS ***
Dealt to Dorex2007 [5s 7h]
ciaotiga: raises $0.03 to $0.05
TreasurerCHCH: folds 
FRANCO 66643: folds 
TheWolf(Leo).: folds 
Dorex2007: folds 
pikasiki: calls $0.05
ivanandres934: folds 
veall95: calls $0.04
Denis1887922: calls $0.03
*** FLOP *** [4c 8s 5d]
veall95: checks 
Denis1887922: bets $0.05
ciaotiga: calls $0.05
pikasiki: calls $0.05
veall95: calls $0.05
*** TURN *** [4c 8s 5d] [4d]
veall95: checks 
Denis1887922: checks 
ciaotiga: bets $0.20
pikasiki: folds 
veall95: folds 
Denis1887922: folds 
Uncalled bet ($0.20) returned to ciaotiga
ciaotiga collected $0.39 from pot
ciaotiga: doesn't show hand 
*** SUMMARY ***
Total pot $0.40 | Rake $0.01 
Board [4c 8s 5d 4d]
Seat 1: TreasurerCHCH folded before Flop (didn't bet)
Seat 2: FRANCO 66643 folded before Flop (didn't bet)
Seat 3: TheWolf(Leo). folded before Flop (didn't bet)
Seat 4: Dorex2007 folded before Flop (didn't bet)
Seat 5: pikasiki folded on the Turn
Seat 6: ivanandres934 (button) folded before Flop (didn't bet)
Seat 7: veall95 (small blind) folded on the Turn
Seat 8: Denis1887922 (big blind) folded on the Turn
Seat 9: ciaotiga collected ($0.39)



PokerStars Hand #227659369435:  Hold'em No Limit ($0.01/$0.02 USD) - 2021/06/17 17:58:12 PT [2021/06/17 20:58:12 ET]
Table 'Almaak II' 9-max Seat #7 is the button
Seat 1: TreasurerCHCH ($1.83 in chips) 
Seat 2: FRANCO 66643 ($1.50 in chips) 
Seat 3: TheWolf(Leo). ($1.59 in chips) 
Seat 4: Dorex2007 ($2.56 in chips) 
Seat 5: pikasiki ($1.13 in chips) 
Seat 6: ivanandres934 ($3.60 in chips) 
Seat 7: veall95 ($2.01 in chips) 
Seat 8: Denis1887922 ($1.36 in chips) 
Seat 9: ciaotiga ($2.69 in chips) 
Denis1887922: posts small blind $0.01
ciaotiga: posts big blind $0.02
*** HOLE CARDS ***
Dealt to Dorex2007 [As Jh]
TreasurerCHCH: folds 
FRANCO 66643: folds 
TheWolf(Leo).: folds 
Dorex2007: raises $0.04 to $0.06
pikasiki: calls $0.06
ivanandres934: calls $0.06
veall95: folds 
Denis1887922: folds 
ciaotiga: folds 
*** FLOP *** [Ah Kc 6c]
Dorex2007: checks 
pikasiki: checks 
ivanandres934: bets $0.14
Dorex2007: calls $0.14
pikasiki: calls $0.14
*** TURN *** [Ah Kc 6c] [8h]
Dorex2007: checks 
pikasiki: checks 
ivanandres934: checks 
*** RIVER *** [Ah Kc 6c 8h] [5s]
Dorex2007: checks 
pikasiki: checks 
ivanandres934: checks 
*** SHOW DOWN ***
Dorex2007: shows [As Jh] (a pair of Aces)
pikasiki: mucks hand 
ivanandres934: mucks hand 
Dorex2007 collected $0.61 from pot
*** SUMMARY ***
Total pot $0.63 | Rake $0.02 
Board [Ah Kc 6c 8h 5s]
Seat 1: TreasurerCHCH folded before Flop (didn't bet)
Seat 2: FRANCO 66643 folded before Flop (didn't bet)
Seat 3: TheWolf(Leo). folded before Flop (didn't bet)
Seat 4: Dorex2007 showed [As Jh] and won ($0.61) with a pair of Aces
Seat 5: pikasiki mucked [4c 3c]
Seat 6: ivanandres934 mucked [7s Ks]
Seat 7: veall95 (button) folded before Flop (didn't bet)
Seat 8: Denis1887922 (small blind) folded before Flop
Seat 9: ciaotiga (big blind) folded before Flop



PokerStars Hand #227659379089:  Hold'em No Limit ($0.01/$0.02 USD) - 2021/06/17 17:59:00 PT [2021/06/17 20:59:00 ET]
Table 'Almaak II' 9-max Seat #8 is the button
Seat 1: TreasurerCHCH ($1.83 in chips) 
Seat 2: FRANCO 66643 ($1.50 in chips) 
Seat 3: TheWolf(Leo). ($1.59 in chips) 
Seat 4: Dorex2007 ($2.97 in chips) 
Seat 5: pikasiki ($0.93 in chips) 
Seat 6: ivanandres934 ($3.40 in chips) 
Seat 7: veall95 ($2.01 in chips) 
Seat 8: Denis1887922 ($1.35 in chips) 
Seat 9: ciaotiga ($2.67 in chips) 
ciaotiga: posts small blind $0.01
TreasurerCHCH: posts big blind $0.02
*** HOLE CARDS ***
Dealt to Dorex2007 [3h 2s]
FRANCO 66643: folds 
TheWolf(Leo).: raises $0.02 to $0.04
Dorex2007: folds 
pikasiki: calls $0.04
ivanandres934: folds 
veall95: folds 
Denis1887922: folds 
ciaotiga: folds 
TreasurerCHCH: folds 
*** FLOP *** [Ks 4d 3c]
TheWolf(Leo).: bets $0.06
pikasiki: folds 
Uncalled bet ($0.06) returned to TheWolf(Leo).
TheWolf(Leo). collected $0.11 from pot
TheWolf(Leo).: doesn't show hand 
*** SUMMARY ***
Total pot $0.11 | Rake $0 
Board [Ks 4d 3c]
Seat 1: TreasurerCHCH (big blind) folded before Flop
Seat 2: FRANCO 66643 folded before Flop (didn't bet)
Seat 3: TheWolf(Leo). collected ($0.11)
Seat 4: Dorex2007 folded before Flop (didn't bet)
Seat 5: pikasiki folded on the Flop
Seat 6: ivanandres934 folded before Flop (didn't bet)
Seat 7: veall95 folded before Flop (didn't bet)
Seat 8: Denis1887922 (button) folded before Flop (didn't bet)
Seat 9: ciaotiga (small blind) folded before Flop



PokerStars Hand #227659384233:  Hold'em No Limit ($0.01/$0.02 USD) - 2021/06/17 17:59:26 PT [2021/06/17 20:59:26 ET]
Table 'Almaak II' 9-max Seat #9 is the button
Seat 1: TreasurerCHCH ($1.81 in chips) 
Seat 2: FRANCO 66643 ($1.50 in chips) 
Seat 3: TheWolf(Leo). ($1.66 in chips) 
Seat 4: Dorex2007 ($2.97 in chips) 
Seat 5: pikasiki ($0.89 in chips) 
Seat 6: ivanandres934 ($3.40 in chips) 
Seat 7: veall95 ($2.01 in chips) 
Seat 8: Denis1887922 ($1.35 in chips) 
Seat 9: ciaotiga ($2.66 in chips) 
TreasurerCHCH: posts small blind $0.01
FRANCO 66643: posts big blind $0.02
*** HOLE CARDS ***
Dealt to Dorex2007 [Ts 4h]
TheWolf(Leo).: folds 
Dorex2007: folds 
pikasiki: folds 
ivanandres934: raises $0.06 to $0.08
veall95: folds 
Denis1887922: folds 
ciaotiga: folds 
TreasurerCHCH: folds 
FRANCO 66643: calls $0.06
*** FLOP *** [Jc Js 3c]
FRANCO 66643: checks 
ivanandres934: bets $0.05
FRANCO 66643: calls $0.05
*** TURN *** [Jc Js 3c] [Kh]
FRANCO 66643: checks 
ivanandres934: bets $0.13
FRANCO 66643: folds [Ac]
Uncalled bet ($0.13) returned to ivanandres934
ivanandres934 collected $0.26 from pot
ivanandres934: doesn't show hand 
*** SUMMARY ***
Total pot $0.27 | Rake $0.01 
Board [Jc Js 3c Kh]
Seat 1: TreasurerCHCH (small blind) folded before Flop
Seat 2: FRANCO 66643 (big blind) folded on the Turn
Seat 3: TheWolf(Leo). folded before Flop (didn't bet)
Seat 4: Dorex2007 folded before Flop (didn't bet)
Seat 5: pikasiki folded before Flop (didn't bet)
Seat 6: ivanandres934 collected ($0.26)
Seat 7: veall95 folded before Flop (didn't bet)
Seat 8: Denis1887922 folded before Flop (didn't bet)
Seat 9: ciaotiga (button) folded before Flop (didn't bet)



PokerStars Hand #227659395732:  Hold'em No Limit ($0.01/$0.02 USD) - 2021/06/17 18:00:21 PT [2021/06/17 21:00:21 ET]
Table 'Almaak II' 9-max Seat #1 is the button
Seat 1: TreasurerCHCH ($1.80 in chips) 
Seat 2: FRANCO 66643 ($1.37 in chips) 
Seat 4: Dorex2007 ($2.97 in chips) 
Seat 5: pikasiki ($0.89 in chips) 
Seat 6: ivanandres934 ($3.53 in chips) 
Seat 7: veall95 ($2.01 in chips) 
Seat 8: Denis1887922 ($1.35 in chips) 
Seat 9: ciaotiga ($2.66 in chips) 
FRANCO 66643: posts small blind $0.01
TheWolf(Leo).: is sitting out 
Dorex2007: posts big blind $0.02
*** HOLE CARDS ***
Dealt to Dorex2007 [Ad Qs]
TheWolf(Leo). leaves the table
pikasiki: calls $0.02
ivanandres934: folds 
veall95: raises $0.02 to $0.04
yjqian23 joins the table at seat #3 
Denis1887922: calls $0.04
ciaotiga: raises $0.10 to $0.14
TreasurerCHCH: folds 
FRANCO 66643: folds 
Dorex2007: folds 
pikasiki: folds 
veall95: folds 
Denis1887922: folds 
Uncalled bet ($0.10) returned to ciaotiga
ciaotiga collected $0.17 from pot
ciaotiga: doesn't show hand 
*** SUMMARY ***
Total pot $0.17 | Rake $0 
Seat 1: TreasurerCHCH (button) folded before Flop (didn't bet)
Seat 2: FRANCO 66643 (small blind) folded before Flop
Seat 4: Dorex2007 (big blind) folded before Flop
Seat 5: pikasiki folded before Flop
Seat 6: ivanandres934 folded before Flop (didn't bet)
Seat 7: veall95 folded before Flop
Seat 8: Denis1887922 folded before Flop
Seat 9: ciaotiga collected ($0.17)



PokerStars Hand #227659400991:  Hold'em No Limit ($0.01/$0.02 USD) - 2021/06/17 18:00:45 PT [2021/06/17 21:00:45 ET]
Table 'Almaak II' 9-max Seat #2 is the button
Seat 1: TreasurerCHCH ($1.80 in chips) 
Seat 2: FRANCO 66643 ($1.36 in chips) 
Seat 4: Dorex2007 ($2.95 in chips) 
Seat 5: pikasiki ($0.87 in chips) 
Seat 6: ivanandres934 ($3.53 in chips) 
Seat 7: veall95 ($1.97 in chips) 
Seat 8: Denis1887922 ($1.31 in chips) 
Seat 9: ciaotiga ($2.79 in chips) 
Dorex2007: posts small blind $0.01
pikasiki: posts big blind $0.02
*** HOLE CARDS ***
Dealt to Dorex2007 [8c 6c]
ivanandres934: calls $0.02
veall95: folds 
Denis1887922: calls $0.02
ciaotiga: folds 
TreasurerCHCH: folds 
FRANCO 66643: calls $0.02
Dorex2007: calls $0.01
pikasiki: checks 
*** FLOP *** [5s Ac 3h]
Dorex2007: checks 
pikasiki: checks 
ivanandres934: bets $0.10
Denis1887922: folds 
FRANCO 66643: folds 
Dorex2007: folds 
pikasiki: folds 
Uncalled bet ($0.10) returned to ivanandres934
ivanandres934 collected $0.10 from pot
ivanandres934: doesn't show hand 
*** SUMMARY ***
Total pot $0.10 | Rake $0 
Board [5s Ac 3h]
Seat 1: TreasurerCHCH folded before Flop (didn't bet)
Seat 2: FRANCO 66643 (button) folded on the Flop
Seat 4: Dorex2007 (small blind) folded on the Flop
Seat 5: pikasiki (big blind) folded on the Flop
Seat 6: ivanandres934 collected ($0.10)
Seat 7: veall95 folded before Flop (didn't bet)
Seat 8: Denis1887922 folded on the Flop
Seat 9: ciaotiga folded before Flop (didn't bet)



PokerStars Hand #227659409137:  Hold'em No Limit ($0.01/$0.02 USD) - 2021/06/17 18:01:20 PT [2021/06/17 21:01:20 ET]
Table 'Almaak II' 9-max Seat #4 is the button
Seat 1: TreasurerCHCH ($1.80 in chips) 
Seat 2: FRANCO 66643 ($1.34 in chips) 
Seat 3: yjqian23 ($2 in chips) 
Seat 4: Dorex2007 ($2.93 in chips) 
Seat 5: pikasiki ($0.85 in chips) 
Seat 6: ivanandres934 ($3.61 in chips) 
Seat 7: veall95 ($1.97 in chips) 
Seat 8: Denis1887922 ($1.29 in chips) 
Seat 9: ciaotiga ($2.79 in chips) 
pikasiki: posts small blind $0.01
ivanandres934: posts big blind $0.02
yjqian23: posts big blind $0.02
*** HOLE CARDS ***
Dealt to Dorex2007 [Qd Kc]
veall95: folds 
Denis1887922: calls $0.02
ciaotiga: raises $0.06 to $0.08
TreasurerCHCH: folds 
FRANCO 66643: folds 
yjqian23: folds 
Dorex2007: calls $0.08
pikasiki: folds 
ivanandres934: folds 
Denis1887922: calls $0.06
*** FLOP *** [9d 8h 8d]
Denis1887922: checks 
ciaotiga: checks 
Dorex2007: checks 
*** TURN *** [9d 8h 8d] [Ac]
Denis1887922: checks 
ciaotiga: checks 
Dorex2007: bets $0.14
Denis1887922: folds 
ciaotiga: calls $0.14
*** RIVER *** [9d 8h 8d Ac] [7d]
ciaotiga: checks 
Dorex2007: bets $0.28
ciaotiga: folds [Ks Kh]
Uncalled bet ($0.28) returned to Dorex2007
Dorex2007 collected $0.55 from pot
Dorex2007: doesn't show hand 
*** SUMMARY ***
Total pot $0.57 | Rake $0.02 
Board [9d 8h 8d Ac 7d]
Seat 1: TreasurerCHCH folded before Flop (didn't bet)
Seat 2: FRANCO 66643 folded before Flop (didn't bet)
Seat 3: yjqian23 folded before Flop (didn't bet)
Seat 4: Dorex2007 (button) collected ($0.55)
Seat 5: pikasiki (small blind) folded before Flop
Seat 6: ivanandres934 (big blind) folded before Flop
Seat 7: veall95 folded before Flop (didn't bet)
Seat 8: Denis1887922 folded on the Turn
Seat 9: ciaotiga folded on the River



PokerStars Hand #227659423866:  Hold'em No Limit ($0.01/$0.02 USD) - 2021/06/17 18:02:21 PT [2021/06/17 21:02:21 ET]
Table 'Almaak II' 9-max Seat #5 is the button
Seat 1: TreasurerCHCH ($1.80 in chips) 
Seat 2: FRANCO 66643 ($1.34 in chips) 
Seat 3: yjqian23 ($1.98 in chips) 
Seat 4: Dorex2007 ($3.26 in chips) 
Seat 5: pikasiki ($0.84 in chips) 
Seat 6: ivanandres934 ($3.59 in chips) 
Seat 7: veall95 ($1.97 in chips) 
Seat 8: Denis1887922 ($1.21 in chips) 
Seat 9: ciaotiga ($2.57 in chips) 
ivanandres934: posts small blind $0.01
veall95: posts big blind $0.02
*** HOLE CARDS ***
Dealt to Dorex2007 [Th Jh]
Denis1887922: folds 
ciaotiga: folds 
TreasurerCHCH: folds 
Dorex2007 said, "nice fold"
FRANCO 66643: folds 
yjqian23: folds 
Dorex2007: calls $0.02
pikasiki: calls $0.02
ivanandres934: raises $0.08 to $0.10
veall95: folds 
Dorex2007: folds 
pikasiki: folds 
Uncalled bet ($0.08) returned to ivanandres934
ivanandres934 collected $0.08 from pot
ivanandres934: doesn't show hand 
*** SUMMARY ***
Total pot $0.08 | Rake $0 
Seat 1: TreasurerCHCH folded before Flop (didn't bet)
Seat 2: FRANCO 66643 folded before Flop (didn't bet)
Seat 3: yjqian23 folded before Flop (didn't bet)
Seat 4: Dorex2007 folded before Flop
Seat 5: pikasiki (button) folded before Flop
Seat 6: ivanandres934 (small blind) collected ($0.08)
Seat 7: veall95 (big blind) folded before Flop
Seat 8: Denis1887922 folded before Flop (didn't bet)
Seat 9: ciaotiga folded before Flop (didn't bet)



PokerStars Hand #227659437378:  Hold'em No Limit ($0.01/$0.02 USD) - 2021/06/17 18:03:14 PT [2021/06/17 21:03:14 ET]
Table 'Almaak II' 9-max Seat #6 is the button
Seat 1: TreasurerCHCH ($1.80 in chips) 
Seat 2: FRANCO 66643 ($1.34 in chips) 
Seat 3: yjqian23 ($1.98 in chips) 
Seat 4: Dorex2007 ($3.24 in chips) 
Seat 5: pikasiki ($0.82 in chips) 
Seat 6: ivanandres934 ($3.65 in chips) 
Seat 7: veall95 ($1.95 in chips) 
Seat 8: Denis1887922 ($1.21 in chips) 
Seat 9: ciaotiga ($2.57 in chips) 
veall95: posts small blind $0.01
Denis1887922: posts big blind $0.02
*** HOLE CARDS ***
Dealt to Dorex2007 [5s 3d]
ciaotiga: folds 
TreasurerCHCH: folds 
FRANCO 66643: calls $0.02
yjqian23: calls $0.02
Dorex2007: folds 
pikasiki: calls $0.02
ivanandres934: calls $0.02
veall95: raises $0.04 to $0.06
Denis1887922: calls $0.04
FRANCO 66643: calls $0.04
yjqian23: calls $0.04
pikasiki: calls $0.04
ivanandres934: raises $0.14 to $0.20
veall95: raises $1.75 to $1.95 and is all-in
Denis1887922: folds 
FRANCO 66643: folds 
yjqian23: folds 
pikasiki: folds 
ivanandres934: folds 
Uncalled bet ($1.75) returned to veall95
veall95 collected $0.64 from pot
veall95: doesn't show hand 
*** SUMMARY ***
Total pot $0.64 | Rake $0 
Seat 1: TreasurerCHCH folded before Flop (didn't bet)
Seat 2: FRANCO 66643 folded before Flop
Seat 3: yjqian23 folded before Flop
Seat 4: Dorex2007 folded before Flop (didn't bet)
Seat 5: pikasiki folded before Flop
Seat 6: ivanandres934 (button) folded before Flop
Seat 7: veall95 (small blind) collected ($0.64)
Seat 8: Denis1887922 (big blind) folded before Flop
Seat 9: ciaotiga folded before Flop (didn't bet)



PokerStars Hand #227659463925:  Hold'em No Limit ($0.01/$0.02 USD) - 2021/06/17 18:04:23 PT [2021/06/17 21:04:23 ET]
Table 'Almaak II' 9-max Seat #7 is the button
Seat 1: TreasurerCHCH ($1.80 in chips) 
Seat 2: FRANCO 66643 ($1.28 in chips) 
Seat 3: yjqian23 ($1.92 in chips) 
Seat 4: Dorex2007 ($3.24 in chips) 
Seat 5: pikasiki ($0.76 in chips) 
Seat 6: ivanandres934 ($3.45 in chips) 
Seat 7: veall95 ($2.39 in chips) 
Seat 8: Denis1887922 ($1.15 in chips) 
Seat 9: ciaotiga ($2.57 in chips) 
Denis1887922: posts small blind $0.01
ciaotiga: posts big blind $0.02
*** HOLE CARDS ***
Dealt to Dorex2007 [2d 3d]
TreasurerCHCH: folds 
FRANCO 66643: folds 
yjqian23: calls $0.02
Dorex2007: folds 
pikasiki: calls $0.02
ivanandres934: raises $0.10 to $0.12
veall95: folds 
Denis1887922: folds 
ciaotiga: folds 
yjqian23: folds 
pikasiki: calls $0.10
*** FLOP *** [6h Th Kd]
pikasiki: bets $0.02
ivanandres934: raises $3.31 to $3.33 and is all-in
pikasiki: calls $0.62 and is all-in
Uncalled bet ($2.69) returned to ivanandres934
*** TURN *** [6h Th Kd] [4d]
*** RIVER *** [6h Th Kd 4d] [Js]
*** SHOW DOWN ***
pikasiki: shows [Kc Tc] (two pair, Kings and Tens)
ivanandres934: shows [Jc Jh] (three of a kind, Jacks)
ivanandres934 collected $1.52 from pot
*** SUMMARY ***
Total pot $1.57 | Rake $0.05 
Board [6h Th Kd 4d Js]
Seat 1: TreasurerCHCH folded before Flop (didn't bet)
Seat 2: FRANCO 66643 folded before Flop (didn't bet)
Seat 3: yjqian23 folded before Flop
Seat 4: Dorex2007 folded before Flop (didn't bet)
Seat 5: pikasiki showed [Kc Tc] and lost with two pair, Kings and Tens
Seat 6: ivanandres934 showed [Jc Jh] and won ($1.52) with three of a kind, Jacks
Seat 7: veall95 (button) folded before Flop (didn't bet)
Seat 8: Denis1887922 (small blind) folded before Flop
Seat 9: ciaotiga (big blind) folded before Flop



PokerStars Hand #227659476475:  Hold'em No Limit ($0.01/$0.02 USD) - 2021/06/17 18:05:13 PT [2021/06/17 21:05:13 ET]
Table 'Almaak II' 9-max Seat #8 is the button
Seat 1: TreasurerCHCH ($1.80 in chips) 
Seat 2: FRANCO 66643 ($1.28 in chips) 
Seat 3: yjqian23 ($1.90 in chips) 
Seat 4: Dorex2007 ($3.24 in chips) 
Seat 6: ivanandres934 ($4.21 in chips) 
Seat 7: veall95 ($2.39 in chips) 
Seat 8: Denis1887922 ($1.14 in chips) 
Seat 9: ciaotiga ($2.55 in chips) 
ciaotiga: posts small blind $0.01
TreasurerCHCH: posts big blind $0.02
*** HOLE CARDS ***
Dealt to Dorex2007 [8h 5d]
FRANCO 66643: calls $0.02
yjqian23: folds 
Dorex2007: folds 
ivanandres934: folds 
veall95: folds 
Denis1887922: folds 
pikasiki leaves the table
ciaotiga: raises $0.03 to $0.05
TreasurerCHCH: folds 
FRANCO 66643: calls $0.03
*** FLOP *** [Kd 6d 9d]
ciaotiga: checks 
FRANCO 66643: bets $0.10
ciaotiga: calls $0.10
*** TURN *** [Kd 6d 9d] [7c]
ferni23 joins the table at seat #5 
ciaotiga: checks 
FRANCO 66643: checks 
*** RIVER *** [Kd 6d 9d 7c] [7h]
ciaotiga: bets $0.09
FRANCO 66643: raises $0.11 to $0.20
ciaotiga: calls $0.11
*** SHOW DOWN ***
FRANCO 66643: shows [Ad 7s] (three of a kind, Sevens)
ciaotiga: mucks hand 
FRANCO 66643 collected $0.69 from pot
*** SUMMARY ***
Total pot $0.72 | Rake $0.03 
Board [Kd 6d 9d 7c 7h]
Seat 1: TreasurerCHCH (big blind) folded before Flop
Seat 2: FRANCO 66643 showed [Ad 7s] and won ($0.69) with three of a kind, Sevens
Seat 3: yjqian23 folded before Flop (didn't bet)
Seat 4: Dorex2007 folded before Flop (didn't bet)
Seat 6: ivanandres934 folded before Flop (didn't bet)
Seat 7: veall95 folded before Flop (didn't bet)
Seat 8: Denis1887922 (button) folded before Flop (didn't bet)
Seat 9: ciaotiga (small blind) mucked [Td Kc]



PokerStars Hand #227659490435:  Hold'em No Limit ($0.01/$0.02 USD) - 2021/06/17 18:05:51 PT [2021/06/17 21:05:51 ET]
Table 'Almaak II' 9-max Seat #9 is the button
Seat 1: TreasurerCHCH ($1.78 in chips) 
Seat 2: FRANCO 66643 ($1.62 in chips) 
Seat 3: yjqian23 ($1.90 in chips) 
Seat 4: Dorex2007 ($3.24 in chips) 
Seat 6: ivanandres934 ($4.21 in chips) 
Seat 7: veall95 ($2.39 in chips) 
Seat 8: Denis1887922 ($1.14 in chips) 
Seat 9: ciaotiga ($2.20 in chips) 
TreasurerCHCH: posts small blind $0.01
FRANCO 66643: posts big blind $0.02
ferni23: sits out 
*** HOLE CARDS ***
Dealt to Dorex2007 [Th Ah]
yjqian23: folds 
Dorex2007: raises $0.02 to $0.04
ivanandres934: folds 
veall95: folds 
Denis1887922: folds 
ciaotiga: raises $0.10 to $0.14
TreasurerCHCH: folds 
FRANCO 66643: folds 
Dorex2007: calls $0.10
*** FLOP *** [7d Tc 5c]
Dorex2007: checks 
ciaotiga: bets $0.15
Dorex2007: raises $0.15 to $0.30
ciaotiga: calls $0.15
*** TURN *** [7d Tc 5c] [7h]
Dorex2007: bets $0.44
ciaotiga: calls $0.44
*** RIVER *** [7d Tc 5c 7h] [4d]
Dorex2007: checks 
ciaotiga: bets $1.32 and is all-in
Dorex2007: folds 
Uncalled bet ($1.32) returned to ciaotiga
ciaotiga collected $1.73 from pot
ciaotiga: doesn't show hand 
*** SUMMARY ***
Total pot $1.79 | Rake $0.06 
Board [7d Tc 5c 7h 4d]
Seat 1: TreasurerCHCH (small blind) folded before Flop
Seat 2: FRANCO 66643 (big blind) folded before Flop
Seat 3: yjqian23 folded before Flop (didn't bet)
Seat 4: Dorex2007 folded on the River
Seat 6: ivanandres934 folded before Flop (didn't bet)
Seat 7: veall95 folded before Flop (didn't bet)
Seat 8: Denis1887922 folded before Flop (didn't bet)
Seat 9: ciaotiga (button) collected ($1.73)



PokerStars Hand #227659510556:  Hold'em No Limit ($0.01/$0.02 USD) - 2021/06/17 18:07:13 PT [2021/06/17 21:07:13 ET]
Table 'Almaak II' 9-max Seat #1 is the button
Seat 1: TreasurerCHCH ($1.77 in chips) 
Seat 2: FRANCO 66643 ($1.60 in chips) 
Seat 3: yjqian23 ($1.90 in chips) 
Seat 4: Dorex2007 ($2.36 in chips) 
Seat 6: ivanandres934 ($4.21 in chips) 
Seat 7: veall95 ($2.39 in chips) 
Seat 8: Denis1887922 ($2 in chips) 
Seat 9: ciaotiga ($3.05 in chips) 
FRANCO 66643: posts small blind $0.01
yjqian23: posts big blind $0.02
ferni23: sits out 
*** HOLE CARDS ***
Dealt to Dorex2007 [8c 5h]
Dorex2007: folds 
ivanandres934: folds 
veall95: raises $0.02 to $0.04
Denis1887922: folds 
ciaotiga: raises $0.06 to $0.10
TreasurerCHCH: folds 
FRANCO 66643: calls $0.09
yjqian23: folds 
veall95: calls $0.06
*** FLOP *** [3s Kh 4c]
FRANCO 66643: checks 
veall95: checks 
ciaotiga: bets $0.16
FRANCO 66643: raises $0.63 to $0.79
veall95: folds 
ciaotiga: folds 
Uncalled bet ($0.63) returned to FRANCO 66643
FRANCO 66643 collected $0.62 from pot
*** SUMMARY ***
Total pot $0.64 | Rake $0.02 
Board [3s Kh 4c]
Seat 1: TreasurerCHCH (button) folded before Flop (didn't bet)
Seat 2: FRANCO 66643 (small blind) collected ($0.62)
Seat 3: yjqian23 (big blind) folded before Flop
Seat 4: Dorex2007 folded before Flop (didn't bet)
Seat 6: ivanandres934 folded before Flop (didn't bet)
Seat 7: veall95 folded on the Flop
Seat 8: Denis1887922 folded before Flop (didn't bet)
Seat 9: ciaotiga folded on the Flop



PokerStars Hand #227659518571:  Hold'em No Limit ($0.01/$0.02 USD) - 2021/06/17 18:07:46 PT [2021/06/17 21:07:46 ET]
Table 'Almaak II' 9-max Seat #2 is the button
Seat 1: TreasurerCHCH ($1.77 in chips) 
Seat 2: FRANCO 66643 ($1.96 in chips) 
Seat 3: yjqian23 ($1.88 in chips) 
Seat 4: Dorex2007 ($2.36 in chips) 
Seat 6: ivanandres934 ($4.21 in chips) 
Seat 7: veall95 ($2.29 in chips) 
Seat 8: Denis1887922 ($2 in chips) 
Seat 9: ciaotiga ($2.79 in chips) 
yjqian23: posts small blind $0.01
Dorex2007: posts big blind $0.02
ferni23: sits out 
*** HOLE CARDS ***
Dealt to Dorex2007 [7c Qh]
ivanandres934: folds 
veall95: folds 
Denis1887922: calls $0.02
ciaotiga: folds 
TreasurerCHCH: folds 
FRANCO 66643: calls $0.02
yjqian23: folds 
Dorex2007: checks 
*** FLOP *** [2s 6d 6h]
Dorex2007: checks 
Denis1887922: bets $0.02
FRANCO 66643: calls $0.02
Dorex2007: folds 
*** TURN *** [2s 6d 6h] [4d]
Denis1887922: checks 
FRANCO 66643: checks 
*** RIVER *** [2s 6d 6h 4d] [Ts]
Denis1887922: bets $0.02
FRANCO 66643: folds [As]
Uncalled bet ($0.02) returned to Denis1887922
Denis1887922 collected $0.11 from pot
Denis1887922: doesn't show hand 
*** SUMMARY ***
Total pot $0.11 | Rake $0 
Board [2s 6d 6h 4d Ts]
Seat 1: TreasurerCHCH folded before Flop (didn't bet)
Seat 2: FRANCO 66643 (button) folded on the River
Seat 3: yjqian23 (small blind) folded before Flop
Seat 4: Dorex2007 (big blind) folded on the Flop
Seat 6: ivanandres934 folded before Flop (didn't bet)
Seat 7: veall95 folded before Flop (didn't bet)
Seat 8: Denis1887922 collected ($0.11)
Seat 9: ciaotiga folded before Flop (didn't bet)



PokerStars Hand #227659527489:  Hold'em No Limit ($0.01/$0.02 USD) - 2021/06/17 18:08:22 PT [2021/06/17 21:08:22 ET]
Table 'Almaak II' 9-max Seat #3 is the button
Seat 1: TreasurerCHCH ($1.77 in chips) 
Seat 2: FRANCO 66643 ($1.92 in chips) 
Seat 3: yjqian23 ($1.87 in chips) 
Seat 4: Dorex2007 ($2.34 in chips) 
Seat 5: ferni23 ($0.80 in chips) 
Seat 6: ivanandres934 ($4.21 in chips) 
Seat 7: veall95 ($2.29 in chips) 
Seat 8: Denis1887922 ($2.07 in chips) 
Seat 9: ciaotiga ($2.79 in chips) 
Dorex2007: posts small blind $0.01
ferni23: posts big blind $0.02
*** HOLE CARDS ***
Dealt to Dorex2007 [9s Jc]
ivanandres934: folds 
veall95: folds 
Denis1887922: folds 
ciaotiga: raises $0.03 to $0.05
TreasurerCHCH: calls $0.05
FRANCO 66643: folds 
yjqian23: raises $0.13 to $0.18
Dorex2007: folds 
ferni23: folds 
ciaotiga: folds 
TreasurerCHCH: folds 
Uncalled bet ($0.13) returned to yjqian23
yjqian23 collected $0.18 from pot
yjqian23: doesn't show hand 
*** SUMMARY ***
Total pot $0.18 | Rake $0 
Seat 1: TreasurerCHCH folded before Flop
Seat 2: FRANCO 66643 folded before Flop (didn't bet)
Seat 3: yjqian23 (button) collected ($0.18)
Seat 4: Dorex2007 (small blind) folded before Flop
Seat 5: ferni23 (big blind) folded before Flop
Seat 6: ivanandres934 folded before Flop (didn't bet)
Seat 7: veall95 folded before Flop (didn't bet)
Seat 8: Denis1887922 folded before Flop (didn't bet)
Seat 9: ciaotiga folded before Flop



PokerStars Hand #227659538921:  Hold'em No Limit ($0.01/$0.02 USD) - 2021/06/17 18:09:10 PT [2021/06/17 21:09:10 ET]
Table 'Almaak II' 9-max Seat #4 is the button
Seat 1: TreasurerCHCH ($1.72 in chips) 
Seat 2: FRANCO 66643 ($1.92 in chips) 
Seat 3: yjqian23 ($2 in chips) 
Seat 4: Dorex2007 ($2.33 in chips) 
Seat 5: ferni23 ($0.78 in chips) 
Seat 6: ivanandres934 ($4.21 in chips) 
Seat 7: veall95 ($2.29 in chips) 
Seat 8: Denis1887922 ($2.07 in chips) 
Seat 9: ciaotiga ($2.74 in chips) 
ferni23: posts small blind $0.01
ivanandres934: posts big blind $0.02
*** HOLE CARDS ***
Dealt to Dorex2007 [3s 7d]
veall95: folds 
Denis1887922: calls $0.02
ciaotiga: folds 
TreasurerCHCH: raises $0.02 to $0.04
FRANCO 66643: raises $0.08 to $0.12
yjqian23: folds 
Dorex2007: folds 
ferni23: folds 
ivanandres934: folds 
Denis1887922: folds 
TreasurerCHCH: folds 
Uncalled bet ($0.08) returned to FRANCO 66643
FRANCO 66643 collected $0.13 from pot
FRANCO 66643: shows [Qh Qc]
*** SUMMARY ***
Total pot $0.13 | Rake $0 
Seat 1: TreasurerCHCH folded before Flop
Seat 2: FRANCO 66643 collected ($0.13)
Seat 3: yjqian23 folded before Flop (didn't bet)
Seat 4: Dorex2007 (button) folded before Flop (didn't bet)
Seat 5: ferni23 (small blind) folded before Flop
Seat 6: ivanandres934 (big blind) folded before Flop
Seat 7: veall95 folded before Flop (didn't bet)
Seat 8: Denis1887922 folded before Flop
Seat 9: ciaotiga folded before Flop (didn't bet)



PokerStars Hand #227659552196:  Hold'em No Limit ($0.01/$0.02 USD) - 2021/06/17 18:10:04 PT [2021/06/17 21:10:04 ET]
Table 'Almaak II' 9-max Seat #5 is the button
Seat 1: TreasurerCHCH ($1.68 in chips) 
Seat 2: FRANCO 66643 ($2.01 in chips) 
Seat 3: yjqian23 ($2 in chips) 
Seat 4: Dorex2007 ($2.33 in chips) 
Seat 5: ferni23 ($0.77 in chips) 
Seat 6: ivanandres934 ($4.19 in chips) 
Seat 7: veall95 ($2.29 in chips) 
Seat 8: Denis1887922 ($2.05 in chips) 
Seat 9: ciaotiga ($2.74 in chips) 
ivanandres934: posts small blind $0.01
veall95: posts big blind $0.02
*** HOLE CARDS ***
Dealt to Dorex2007 [Th Tc]
Denis1887922: folds 
ciaotiga: folds 
TreasurerCHCH: folds 
FRANCO 66643: folds 
yjqian23 has timed out
yjqian23: folds 
Dorex2007: raises $0.04 to $0.06
ferni23: folds 
ivanandres934: folds 
veall95: folds 
Uncalled bet ($0.04) returned to Dorex2007
Dorex2007 collected $0.05 from pot
Dorex2007: doesn't show hand 
*** SUMMARY ***
Total pot $0.05 | Rake $0 
Seat 1: TreasurerCHCH folded before Flop (didn't bet)
Seat 2: FRANCO 66643 folded before Flop (didn't bet)
Seat 3: yjqian23 folded before Flop (didn't bet)
Seat 4: Dorex2007 collected ($0.05)
Seat 5: ferni23 (button) folded before Flop (didn't bet)
Seat 6: ivanandres934 (small blind) folded before Flop
Seat 7: veall95 (big blind) folded before Flop
Seat 8: Denis1887922 folded before Flop (didn't bet)
Seat 9: ciaotiga folded before Flop (didn't bet)



PokerStars Hand #227659561181:  Hold'em No Limit ($0.01/$0.02 USD) - 2021/06/17 18:10:42 PT [2021/06/17 21:10:42 ET]
Table 'Almaak II' 9-max Seat #6 is the button
Seat 1: TreasurerCHCH ($1.68 in chips) 
Seat 2: FRANCO 66643 ($2.01 in chips) 
Seat 3: yjqian23 ($2 in chips) 
Seat 4: Dorex2007 ($2.36 in chips) 
Seat 5: ferni23 ($0.77 in chips) 
Seat 6: ivanandres934 ($4.18 in chips) 
Seat 7: veall95 ($2.27 in chips) 
Seat 8: Denis1887922 ($2.05 in chips) 
Seat 9: ciaotiga ($2.74 in chips) 
veall95: posts small blind $0.01
Denis1887922: posts big blind $0.02
*** HOLE CARDS ***
Dealt to Dorex2007 [9d Ks]
ciaotiga: folds 
TreasurerCHCH: folds 
FRANCO 66643: folds 
yjqian23: folds 
Dorex2007: folds 
ferni23: folds 
ivanandres934: folds 
veall95: folds 
Uncalled bet ($0.01) returned to Denis1887922
Denis1887922 collected $0.02 from pot
Denis1887922: doesn't show hand 
*** SUMMARY ***
Total pot $0.02 | Rake $0 
Seat 1: TreasurerCHCH folded before Flop (didn't bet)
Seat 2: FRANCO 66643 folded before Flop (didn't bet)
Seat 3: yjqian23 folded before Flop (didn't bet)
Seat 4: Dorex2007 folded before Flop (didn't bet)
Seat 5: ferni23 folded before Flop (didn't bet)
Seat 6: ivanandres934 (button) folded before Flop (didn't bet)
Seat 7: veall95 (small blind) folded before Flop
Seat 8: Denis1887922 (big blind) collected ($0.02)
Seat 9: ciaotiga folded before Flop (didn't bet)



PokerStars Hand #227659564141:  Hold'em No Limit ($0.01/$0.02 USD) - 2021/06/17 18:10:54 PT [2021/06/17 21:10:54 ET]
Table 'Almaak II' 9-max Seat #7 is the button
Seat 1: TreasurerCHCH ($1.68 in chips) 
Seat 2: FRANCO 66643 ($2.01 in chips) 
Seat 3: yjqian23 ($2 in chips) 
Seat 4: Dorex2007 ($2.36 in chips) 
Seat 5: ferni23 ($0.77 in chips) 
Seat 6: ivanandres934 ($4.18 in chips) 
Seat 7: veall95 ($2.26 in chips) 
Seat 8: Denis1887922 ($2.06 in chips) 
Seat 9: ciaotiga ($2.74 in chips) 
Denis1887922: posts small blind $0.01
ciaotiga: posts big blind $0.02
*** HOLE CARDS ***
Dealt to Dorex2007 [Jh 6h]
TreasurerCHCH: folds 
FRANCO 66643: folds 
yjqian23: folds 
Dorex2007: folds 
ferni23: folds 
ivanandres934: folds 
veall95: folds 
Denis1887922: calls $0.01
ciaotiga: raises $0.04 to $0.06
Denis1887922: folds 
Uncalled bet ($0.04) returned to ciaotiga
ciaotiga collected $0.04 from pot
ciaotiga: doesn't show hand 
*** SUMMARY ***
Total pot $0.04 | Rake $0 
Seat 1: TreasurerCHCH folded before Flop (didn't bet)
Seat 2: FRANCO 66643 folded before Flop (didn't bet)
Seat 3: yjqian23 folded before Flop (didn't bet)
Seat 4: Dorex2007 folded before Flop (didn't bet)
Seat 5: ferni23 folded before Flop (didn't bet)
Seat 6: ivanandres934 folded before Flop (didn't bet)
Seat 7: veall95 (button) folded before Flop (didn't bet)
Seat 8: Denis1887922 (small blind) folded before Flop
Seat 9: ciaotiga (big blind) collected ($0.04)



PokerStars Hand #227659570413:  Hold'em No Limit ($0.01/$0.02 USD) - 2021/06/17 18:11:20 PT [2021/06/17 21:11:20 ET]
Table 'Almaak II' 9-max Seat #8 is the button
Seat 1: TreasurerCHCH ($1.68 in chips) 
Seat 2: FRANCO 66643 ($2.01 in chips) 
Seat 3: yjqian23 ($2 in chips) 
Seat 4: Dorex2007 ($2.36 in chips) 
Seat 5: ferni23 ($0.77 in chips) 
Seat 6: ivanandres934 ($4.18 in chips) 
Seat 7: veall95 ($2.26 in chips) 
Seat 8: Denis1887922 ($2.04 in chips) 
Seat 9: ciaotiga ($2.76 in chips) 
ciaotiga: posts small blind $0.01
TreasurerCHCH: posts big blind $0.02
*** HOLE CARDS ***
Dealt to Dorex2007 [3h 7h]
FRANCO 66643: folds 
yjqian23: calls $0.02
Dorex2007: folds 
ferni23: folds 
ivanandres934: raises $0.08 to $0.10
veall95: folds 
Denis1887922: folds 
ciaotiga: folds 
TreasurerCHCH: folds 
yjqian23: folds 
Uncalled bet ($0.08) returned to ivanandres934
ivanandres934 collected $0.07 from pot
ivanandres934: doesn't show hand 
*** SUMMARY ***
Total pot $0.07 | Rake $0 
Seat 1: TreasurerCHCH (big blind) folded before Flop
Seat 2: FRANCO 66643 folded before Flop (didn't bet)
Seat 3: yjqian23 folded before Flop
Seat 4: Dorex2007 folded before Flop (didn't bet)
Seat 5: ferni23 folded before Flop (didn't bet)
Seat 6: ivanandres934 collected ($0.07)
Seat 7: veall95 folded before Flop (didn't bet)
Seat 8: Denis1887922 (button) folded before Flop (didn't bet)
Seat 9: ciaotiga (small blind) folded before Flop



PokerStars Hand #227659576292:  Hold'em No Limit ($0.01/$0.02 USD) - 2021/06/17 18:11:45 PT [2021/06/17 21:11:45 ET]
Table 'Almaak II' 9-max Seat #9 is the button
Seat 1: TreasurerCHCH ($1.66 in chips) 
Seat 2: FRANCO 66643 ($2.01 in chips) 
Seat 3: yjqian23 ($1.98 in chips) 
Seat 4: Dorex2007 ($2.36 in chips) 
Seat 5: ferni23 ($0.77 in chips) 
Seat 6: ivanandres934 ($4.23 in chips) 
Seat 7: veall95 ($2.26 in chips) 
Seat 8: Denis1887922 ($2.04 in chips) 
Seat 9: ciaotiga ($2.75 in chips) 
TreasurerCHCH: posts small blind $0.01
FRANCO 66643: posts big blind $0.02
*** HOLE CARDS ***
Dealt to Dorex2007 [2h Js]
yjqian23: folds 
Dorex2007: folds 
ferni23: raises $0.02 to $0.04
ivanandres934: folds 
veall95: folds 
Denis1887922: calls $0.04
ciaotiga: calls $0.04
TreasurerCHCH: folds 
FRANCO 66643: folds 
*** FLOP *** [Jh 2c 5s]
ferni23: bets $0.07
Denis1887922: calls $0.07
ciaotiga: calls $0.07
*** TURN *** [Jh 2c 5s] [7c]
ferni23: bets $0.35
Denis1887922: folds 
ciaotiga: folds 
Uncalled bet ($0.35) returned to ferni23
ferni23 collected $0.35 from pot
ferni23: doesn't show hand 
*** SUMMARY ***
Total pot $0.36 | Rake $0.01 
Board [Jh 2c 5s 7c]
Seat 1: TreasurerCHCH (small blind) folded before Flop
Seat 2: FRANCO 66643 (big blind) folded before Flop
Seat 3: yjqian23 folded before Flop (didn't bet)
Seat 4: Dorex2007 folded before Flop (didn't bet)
Seat 5: ferni23 collected ($0.35)
Seat 6: ivanandres934 folded before Flop (didn't bet)
Seat 7: veall95 folded before Flop (didn't bet)
Seat 8: Denis1887922 folded on the Turn
Seat 9: ciaotiga (button) folded on the Turn



PokerStars Hand #227659585648:  Hold'em No Limit ($0.01/$0.02 USD) - 2021/06/17 18:12:24 PT [2021/06/17 21:12:24 ET]
Table 'Almaak II' 9-max Seat #1 is the button
Seat 1: TreasurerCHCH ($1.65 in chips) 
Seat 2: FRANCO 66643 ($1.99 in chips) 
Seat 4: Dorex2007 ($2.36 in chips) 
Seat 5: ferni23 ($1.01 in chips) 
Seat 6: ivanandres934 ($4.23 in chips) 
Seat 7: veall95 ($2.26 in chips) 
Seat 8: Denis1887922 ($1.93 in chips) 
Seat 9: ciaotiga ($2.64 in chips) 
FRANCO 66643: posts small blind $0.01
yjqian23: is sitting out 
Dorex2007: posts big blind $0.02
*** HOLE CARDS ***
Dealt to Dorex2007 [8h 6c]
ferni23: folds 
ivanandres934: raises $0.06 to $0.08
veall95: folds 
Denis1887922: folds 
ciaotiga: folds 
yjqian23 leaves the table
TreasurerCHCH: folds 
FRANCO 66643: calls $0.07
Dorex2007: folds 
*** FLOP *** [Kh 5c 2h]
ferni23 leaves the table
FRANCO 66643: checks 
cado bambam joins the table at seat #3 
ivanandres934: bets $0.17
FRANCO 66643: folds 
Uncalled bet ($0.17) returned to ivanandres934
ivanandres934 collected $0.17 from pot
ivanandres934: doesn't show hand 
*** SUMMARY ***
Total pot $0.18 | Rake $0.01 
Board [Kh 5c 2h]
Seat 1: TreasurerCHCH (button) folded before Flop (didn't bet)
Seat 2: FRANCO 66643 (small blind) folded on the Flop
Seat 4: Dorex2007 (big blind) folded before Flop
Seat 5: ferni23 folded before Flop (didn't bet)
Seat 6: ivanandres934 collected ($0.17)
Seat 7: veall95 folded before Flop (didn't bet)
Seat 8: Denis1887922 folded before Flop (didn't bet)
Seat 9: ciaotiga folded before Flop (didn't bet)



PokerStars Hand #227659592346:  Hold'em No Limit ($0.01/$0.02 USD) - 2021/06/17 18:12:52 PT [2021/06/17 21:12:52 ET]
Table 'Almaak II' 9-max Seat #2 is the button
Seat 1: TreasurerCHCH ($1.65 in chips) 
Seat 2: FRANCO 66643 ($1.91 in chips) 
Seat 4: Dorex2007 ($2.34 in chips) 
Seat 6: ivanandres934 ($4.32 in chips) 
Seat 7: veall95 ($2.26 in chips) 
Seat 8: Denis1887922 ($1.93 in chips) 
Seat 9: ciaotiga ($2.64 in chips) 
Dorex2007: posts small blind $0.01
ivanandres934: posts big blind $0.02
*** HOLE CARDS ***
Dealt to Dorex2007 [Th Kd]
veall95: folds 
Denis1887922: calls $0.02
ciaotiga: folds 
TreasurerCHCH: raises $0.04 to $0.06
FRANCO 66643: folds 
Dorex2007: folds 
ivanandres934: folds 
Denis1887922: calls $0.04
*** FLOP *** [Jd 7s Qc]
jorge171119 joins the table at seat #5 
Denis1887922: checks 
TreasurerCHCH: bets $0.09
Denis1887922: calls $0.09
*** TURN *** [Jd 7s Qc] [6d]
Denis1887922: checks 
TreasurerCHCH: bets $0.21
Denis1887922: raises $1.57 to $1.78 and is all-in
TreasurerCHCH: folds 
Uncalled bet ($1.57) returned to Denis1887922
Denis1887922 collected $0.72 from pot
Denis1887922: doesn't show hand 
*** SUMMARY ***
Total pot $0.75 | Rake $0.03 
Board [Jd 7s Qc 6d]
Seat 1: TreasurerCHCH folded on the Turn
Seat 2: FRANCO 66643 (button) folded before Flop (didn't bet)
Seat 4: Dorex2007 (small blind) folded before Flop
Seat 6: ivanandres934 (big blind) folded before Flop
Seat 7: veall95 folded before Flop (didn't bet)
Seat 8: Denis1887922 collected ($0.72)
Seat 9: ciaotiga folded before Flop (didn't bet)



PokerStars Hand #227659606901:  Hold'em No Limit ($0.01/$0.02 USD) - 2021/06/17 18:13:53 PT [2021/06/17 21:13:53 ET]
Table 'Almaak II' 9-max Seat #4 is the button
Seat 1: TreasurerCHCH ($1.29 in chips) 
Seat 2: FRANCO 66643 ($1.91 in chips) 
Seat 4: Dorex2007 ($2.33 in chips) 
Seat 6: ivanandres934 ($4.30 in chips) 
Seat 7: veall95 ($2.26 in chips) 
Seat 8: Denis1887922 ($2.29 in chips) 
Seat 9: ciaotiga ($2.64 in chips) 
ivanandres934: posts small blind $0.01
veall95: posts big blind $0.02
cado bambam: sits out 
*** HOLE CARDS ***
Dealt to Dorex2007 [Ah Kd]
Denis1887922: folds 
ciaotiga: raises $0.03 to $0.05
TreasurerCHCH: raises $0.09 to $0.14
FRANCO 66643: folds 
Dorex2007: calls $0.14
ivanandres934: folds 
veall95: folds 
ciaotiga: folds 
*** FLOP *** [As Qs Qc]
TreasurerCHCH: bets $0.22
Dorex2007: calls $0.22
*** TURN *** [As Qs Qc] [7c]
TreasurerCHCH: checks 
Dorex2007: bets $0.39
TreasurerCHCH: raises $0.54 to $0.93 and is all-in
Dorex2007: calls $0.54
*** RIVER *** [As Qs Qc 7c] [8h]
*** SHOW DOWN ***
TreasurerCHCH: shows [Qd Ad] (a full house, Queens full of Aces)
Dorex2007: shows [Ah Kd] (two pair, Aces and Queens)
TreasurerCHCH collected $2.57 from pot
*** SUMMARY ***
Total pot $2.66 | Rake $0.09 
Board [As Qs Qc 7c 8h]
Seat 1: TreasurerCHCH showed [Qd Ad] and won ($2.57) with a full house, Queens full of Aces
Seat 2: FRANCO 66643 folded before Flop (didn't bet)
Seat 4: Dorex2007 (button) showed [Ah Kd] and lost with two pair, Aces and Queens
Seat 6: ivanandres934 (small blind) folded before Flop
Seat 7: veall95 (big blind) folded before Flop
Seat 8: Denis1887922 folded before Flop (didn't bet)
Seat 9: ciaotiga folded before Flop



PokerStars Hand #227659624910:  Hold'em No Limit ($0.01/$0.02 USD) - 2021/06/17 18:15:09 PT [2021/06/17 21:15:09 ET]
Table 'Almaak II' 9-max Seat #6 is the button
Seat 1: TreasurerCHCH ($2.57 in chips) 
Seat 2: FRANCO 66643 ($1.91 in chips) 
Seat 4: Dorex2007 ($1.04 in chips) 
Seat 5: jorge171119 ($0.80 in chips) 
Seat 6: ivanandres934 ($4.29 in chips) 
Seat 7: veall95 ($2.24 in chips) 
Seat 8: Denis1887922 ($2.29 in chips) 
Seat 9: ciaotiga ($2.59 in chips) 
veall95: posts small blind $0.01
Denis1887922: posts big blind $0.02
cado bambam: sits out 
jorge171119: posts big blind $0.02
*** HOLE CARDS ***
Dealt to Dorex2007 [Jh Th]
ciaotiga: folds 
TreasurerCHCH: folds 
FRANCO 66643: folds 
Dorex2007 said, "excellent play"
Dorex2007: folds 
jorge171119: raises $0.02 to $0.04
ivanandres934: folds 
veall95: folds 
Denis1887922: calls $0.02
*** FLOP *** [9s 8c 8d]
Denis1887922: checks 
jorge171119: checks 
*** TURN *** [9s 8c 8d] [9c]
Denis1887922: bets $0.02
jorge171119: calls $0.02
*** RIVER *** [9s 8c 8d 9c] [7h]
Denis1887922: checks 
jorge171119: bets $0.06
Denis1887922: calls $0.06
*** SHOW DOWN ***
jorge171119: shows [6s Ks] (two pair, Nines and Eights)
Denis1887922: shows [Ah 3c] (two pair, Nines and Eights - Ace kicker)
Denis1887922 collected $0.24 from pot
*** SUMMARY ***
Total pot $0.25 | Rake $0.01 
Board [9s 8c 8d 9c 7h]
Seat 1: TreasurerCHCH folded before Flop (didn't bet)
Seat 2: FRANCO 66643 folded before Flop (didn't bet)
Seat 4: Dorex2007 folded before Flop (didn't bet)
Seat 5: jorge171119 showed [6s Ks] and lost with two pair, Nines and Eights
Seat 6: ivanandres934 (button) folded before Flop (didn't bet)
Seat 7: veall95 (small blind) folded before Flop
Seat 8: Denis1887922 (big blind) showed [Ah 3c] and won ($0.24) with two pair, Nines and Eights
Seat 9: ciaotiga folded before Flop (didn't bet)



PokerStars Hand #227659636812:  Hold'em No Limit ($0.01/$0.02 USD) - 2021/06/17 18:15:58 PT [2021/06/17 21:15:58 ET]
Table 'Almaak II' 9-max Seat #7 is the button
Seat 1: TreasurerCHCH ($2.57 in chips) 
Seat 2: FRANCO 66643 ($1.91 in chips) 
Seat 4: Dorex2007 ($1.84 in chips) 
Seat 5: jorge171119 ($0.68 in chips) 
Seat 6: ivanandres934 ($4.29 in chips) 
Seat 7: veall95 ($2.23 in chips) 
Seat 8: Denis1887922 ($2.41 in chips) 
Seat 9: ciaotiga ($2.59 in chips) 
Denis1887922: posts small blind $0.01
ciaotiga: posts big blind $0.02
cado bambam: sits out 
*** HOLE CARDS ***
Dealt to Dorex2007 [9c 7c]
TreasurerCHCH: calls $0.02
FRANCO 66643: folds 
Dorex2007: folds 
jorge171119: folds 
ivanandres934: folds 
veall95: folds 
Denis1887922: calls $0.01
ciaotiga: checks 
*** FLOP *** [8s 8d 6h]
Denis1887922: checks 
ciaotiga: checks 
TreasurerCHCH: checks 
*** TURN *** [8s 8d 6h] [Qc]
Denis1887922: checks 
ciaotiga: checks 
TreasurerCHCH: checks 
*** RIVER *** [8s 8d 6h Qc] [Tc]
Denis1887922: checks 
ciaotiga: checks 
TreasurerCHCH: checks 
*** SHOW DOWN ***
Denis1887922: shows [Ad 3d] (a pair of Eights)
ciaotiga: mucks hand 
TreasurerCHCH: shows [5d 5h] (two pair, Eights and Fives)
TreasurerCHCH collected $0.06 from pot
*** SUMMARY ***
Total pot $0.06 | Rake $0 
Board [8s 8d 6h Qc Tc]
Seat 1: TreasurerCHCH showed [5d 5h] and won ($0.06) with two pair, Eights and Fives
Seat 2: FRANCO 66643 folded before Flop (didn't bet)
Seat 4: Dorex2007 folded before Flop (didn't bet)
Seat 5: jorge171119 folded before Flop (didn't bet)
Seat 6: ivanandres934 folded before Flop (didn't bet)
Seat 7: veall95 (button) folded before Flop (didn't bet)
Seat 8: Denis1887922 (small blind) showed [Ad 3d] and lost with a pair of Eights
Seat 9: ciaotiga (big blind) mucked [3h 7d]



PokerStars Hand #227659649095:  Hold'em No Limit ($0.01/$0.02 USD) - 2021/06/17 18:16:50 PT [2021/06/17 21:16:50 ET]
Table 'Almaak II' 9-max Seat #8 is the button
Seat 1: TreasurerCHCH ($2.61 in chips) 
Seat 2: FRANCO 66643 ($1.91 in chips) 
Seat 4: Dorex2007 ($1.84 in chips) 
Seat 5: jorge171119 ($0.68 in chips) 
Seat 6: ivanandres934 ($4.29 in chips) 
Seat 7: veall95 ($2.23 in chips) 
Seat 8: Denis1887922 ($2.39 in chips) 
Seat 9: ciaotiga ($2.57 in chips) 
ciaotiga: posts small blind $0.01
TreasurerCHCH: posts big blind $0.02
cado bambam: sits out 
*** HOLE CARDS ***
Dealt to Dorex2007 [3s Ac]
FRANCO 66643: folds 
Dorex2007: folds 
jorge171119: raises $0.02 to $0.04
ivanandres934: calls $0.04
veall95: folds 
Denis1887922: raises $0.08 to $0.12
ciaotiga: calls $0.11
TreasurerCHCH: folds 
jorge171119: calls $0.08
ivanandres934: calls $0.08
*** FLOP *** [5d Js 7h]
ciaotiga: checks 
jorge171119: checks 
ivanandres934: bets $0.12
Denis1887922: raises $2.15 to $2.27 and is all-in
ciaotiga: folds 
jorge171119: folds 
ivanandres934: folds 
Uncalled bet ($2.15) returned to Denis1887922
Denis1887922 collected $0.71 from pot
Denis1887922: doesn't show hand 
*** SUMMARY ***
Total pot $0.74 | Rake $0.03 
Board [5d Js 7h]
Seat 1: TreasurerCHCH (big blind) folded before Flop
Seat 2: FRANCO 66643 folded before Flop (didn't bet)
Seat 4: Dorex2007 folded before Flop (didn't bet)
Seat 5: jorge171119 folded on the Flop
Seat 6: ivanandres934 folded on the Flop
Seat 7: veall95 folded before Flop (didn't bet)
Seat 8: Denis1887922 (button) collected ($0.71)
Seat 9: ciaotiga (small blind) folded on the Flop



PokerStars Hand #227659668882:  Hold'em No Limit ($0.01/$0.02 USD) - 2021/06/17 18:17:53 PT [2021/06/17 21:17:53 ET]
Table 'Almaak II' 9-max Seat #9 is the button
Seat 1: TreasurerCHCH ($2.59 in chips) 
Seat 2: FRANCO 66643 ($1.91 in chips) 
Seat 4: Dorex2007 ($1.84 in chips) 
Seat 5: jorge171119 ($0.56 in chips) 
Seat 6: ivanandres934 ($4.05 in chips) 
Seat 7: veall95 ($2.23 in chips) 
Seat 8: Denis1887922 ($2.86 in chips) 
Seat 9: ciaotiga ($2.45 in chips) 
TreasurerCHCH: posts small blind $0.01
FRANCO 66643: posts big blind $0.02
cado bambam: sits out 
*** HOLE CARDS ***
Dealt to Dorex2007 [Qh 5d]
Dorex2007: folds 
jorge171119: folds 
ivanandres934: folds 
veall95: folds 
Denis1887922: raises $0.04 to $0.06
ciaotiga: folds 
TreasurerCHCH: folds 
FRANCO 66643: calls $0.04
*** FLOP *** [Kh 4d Kd]
FRANCO 66643: checks 
Denis1887922: bets $0.06
FRANCO 66643: calls $0.06
*** TURN *** [Kh 4d Kd] [Jh]
FRANCO 66643: checks 
Denis1887922: bets $0.06
FRANCO 66643: calls $0.06
*** RIVER *** [Kh 4d Kd Jh] [7d]
FRANCO 66643: checks 
Denis1887922: checks 
*** SHOW DOWN ***
FRANCO 66643: shows [Ac 7c] (two pair, Kings and Sevens)
Denis1887922: shows [8d 8s] (two pair, Kings and Eights)
Denis1887922 collected $0.36 from pot
*** SUMMARY ***
Total pot $0.37 | Rake $0.01 
Board [Kh 4d Kd Jh 7d]
Seat 1: TreasurerCHCH (small blind) folded before Flop
Seat 2: FRANCO 66643 (big blind) showed [Ac 7c] and lost with two pair, Kings and Sevens
Seat 4: Dorex2007 folded before Flop (didn't bet)
Seat 5: jorge171119 folded before Flop (didn't bet)
Seat 6: ivanandres934 folded before Flop (didn't bet)
Seat 7: veall95 folded before Flop (didn't bet)
Seat 8: Denis1887922 showed [8d 8s] and won ($0.36) with two pair, Kings and Eights
Seat 9: ciaotiga (button) folded before Flop (didn't bet)



PokerStars Hand #227659678683:  Hold'em No Limit ($0.01/$0.02 USD) - 2021/06/17 18:18:31 PT [2021/06/17 21:18:31 ET]
Table 'Almaak II' 9-max Seat #1 is the button
Seat 1: TreasurerCHCH ($2.58 in chips) 
Seat 2: FRANCO 66643 ($1.73 in chips) 
Seat 3: cado bambam ($2 in chips) 
Seat 4: Dorex2007 ($1.84 in chips) 
Seat 5: jorge171119 ($0.56 in chips) 
Seat 6: ivanandres934 ($4.05 in chips) 
Seat 7: veall95 ($2.23 in chips) 
Seat 8: Denis1887922 ($3.04 in chips) 
Seat 9: ciaotiga ($2.45 in chips) 
FRANCO 66643: posts small blind $0.01
cado bambam: posts big blind $0.02
*** HOLE CARDS ***
Dealt to Dorex2007 [4c Th]
Dorex2007: folds 
jorge171119: calls $0.02
ivanandres934: folds 
veall95: folds 
Denis1887922: calls $0.02
ciaotiga: folds 
TreasurerCHCH: folds 
FRANCO 66643: raises $0.06 to $0.08
cado bambam: folds 
jorge171119: calls $0.06
Denis1887922: calls $0.06
*** FLOP *** [6s Ks 7c]
FRANCO 66643: bets $0.16
jorge171119: folds 
Denis1887922: folds 
Uncalled bet ($0.16) returned to FRANCO 66643
FRANCO 66643 collected $0.25 from pot
*** SUMMARY ***
Total pot $0.26 | Rake $0.01 
Board [6s Ks 7c]
Seat 1: TreasurerCHCH (button) folded before Flop (didn't bet)
Seat 2: FRANCO 66643 (small blind) collected ($0.25)
Seat 3: cado bambam (big blind) folded before Flop
Seat 4: Dorex2007 folded before Flop (didn't bet)
Seat 5: jorge171119 folded on the Flop
Seat 6: ivanandres934 folded before Flop (didn't bet)
Seat 7: veall95 folded before Flop (didn't bet)
Seat 8: Denis1887922 folded on the Flop
Seat 9: ciaotiga folded before Flop (didn't bet)



PokerStars Hand #227659688245:  Hold'em No Limit ($0.01/$0.02 USD) - 2021/06/17 18:19:10 PT [2021/06/17 21:19:10 ET]
Table 'Almaak II' 9-max Seat #2 is the button
Seat 1: TreasurerCHCH ($2.58 in chips) 
Seat 2: FRANCO 66643 ($1.90 in chips) 
Seat 3: cado bambam ($1.98 in chips) 
Seat 4: Dorex2007 ($1.84 in chips) 
Seat 5: jorge171119 ($0.48 in chips) 
Seat 6: ivanandres934 ($4.05 in chips) 
Seat 7: veall95 ($2.23 in chips) 
Seat 8: Denis1887922 ($2.96 in chips) 
Seat 9: ciaotiga ($2.45 in chips) 
cado bambam: posts small blind $0.01
Dorex2007: posts big blind $0.02
*** HOLE CARDS ***
Dealt to Dorex2007 [8h Kc]
jorge171119: folds 
ivanandres934: folds 
veall95: folds 
Denis1887922: calls $0.02
ciaotiga: folds 
TreasurerCHCH: folds 
FRANCO 66643: folds 
cado bambam: calls $0.01
Dorex2007: checks 
*** FLOP *** [Jc As 2s]
cado bambam: bets $0.06
Dorex2007: folds 
Denis1887922: folds 
Uncalled bet ($0.06) returned to cado bambam
cado bambam collected $0.06 from pot
cado bambam: doesn't show hand 
*** SUMMARY ***
Total pot $0.06 | Rake $0 
Board [Jc As 2s]
Seat 1: TreasurerCHCH folded before Flop (didn't bet)
Seat 2: FRANCO 66643 (button) folded before Flop (didn't bet)
Seat 3: cado bambam (small blind) collected ($0.06)
Seat 4: Dorex2007 (big blind) folded on the Flop
Seat 5: jorge171119 folded before Flop (didn't bet)
Seat 6: ivanandres934 folded before Flop (didn't bet)
Seat 7: veall95 folded before Flop (didn't bet)
Seat 8: Denis1887922 folded on the Flop
Seat 9: ciaotiga folded before Flop (didn't bet)



PokerStars Hand #227659698968:  Hold'em No Limit ($0.01/$0.02 USD) - 2021/06/17 18:19:53 PT [2021/06/17 21:19:53 ET]
Table 'Almaak II' 9-max Seat #3 is the button
Seat 1: TreasurerCHCH ($2.58 in chips) 
Seat 2: FRANCO 66643 ($1.90 in chips) 
Seat 3: cado bambam ($2.02 in chips) 
Seat 4: Dorex2007 ($1.82 in chips) 
Seat 5: jorge171119 ($0.48 in chips) 
Seat 6: ivanandres934 ($4.05 in chips) 
Seat 7: veall95 ($2.23 in chips) 
Seat 8: Denis1887922 ($2.94 in chips) 
Seat 9: ciaotiga ($2.45 in chips) 
Dorex2007: posts small blind $0.01
jorge171119: posts big blind $0.02
*** HOLE CARDS ***
Dealt to Dorex2007 [Th Ks]
ivanandres934: folds 
veall95: folds 
Denis1887922: calls $0.02
ciaotiga: folds 
TreasurerCHCH: raises $0.06 to $0.08
FRANCO 66643: folds 
cado bambam: folds 
Dorex2007: folds 
jorge171119: calls $0.06
Denis1887922: calls $0.06
*** FLOP *** [3h Td 5s]
jorge171119: checks 
Denis1887922: bets $0.09
TreasurerCHCH: calls $0.09
jorge171119: calls $0.09
*** TURN *** [3h Td 5s] [2s]
jorge171119: checks 
Denis1887922: bets $0.25
TreasurerCHCH: folds 
jorge171119: folds 
Uncalled bet ($0.25) returned to Denis1887922
Denis1887922 collected $0.50 from pot
Denis1887922: doesn't show hand 
*** SUMMARY ***
Total pot $0.52 | Rake $0.02 
Board [3h Td 5s 2s]
Seat 1: TreasurerCHCH folded on the Turn
Seat 2: FRANCO 66643 folded before Flop (didn't bet)
Seat 3: cado bambam (button) folded before Flop (didn't bet)
Seat 4: Dorex2007 (small blind) folded before Flop
Seat 5: jorge171119 (big blind) folded on the Turn
Seat 6: ivanandres934 folded before Flop (didn't bet)
Seat 7: veall95 folded before Flop (didn't bet)
Seat 8: Denis1887922 collected ($0.50)
Seat 9: ciaotiga folded before Flop (didn't bet)



PokerStars Hand #227659719025:  Hold'em No Limit ($0.01/$0.02 USD) - 2021/06/17 18:21:01 PT [2021/06/17 21:21:01 ET]
Table 'Almaak II' 9-max Seat #4 is the button
Seat 1: TreasurerCHCH ($2.41 in chips) 
Seat 2: FRANCO 66643 ($1.90 in chips) 
Seat 3: cado bambam ($2.02 in chips) 
Seat 4: Dorex2007 ($2 in chips) 
Seat 5: jorge171119 ($0.31 in chips) 
Seat 6: ivanandres934 ($4.05 in chips) 
Seat 7: veall95 ($2.23 in chips) 
Seat 8: Denis1887922 ($3.27 in chips) 
Seat 9: ciaotiga ($2.45 in chips) 
jorge171119: posts small blind $0.01
ivanandres934: posts big blind $0.02
*** HOLE CARDS ***
Dealt to Dorex2007 [7d 9h]
veall95: folds 
Denis1887922: folds 
ciaotiga: folds 
TreasurerCHCH: folds 
FRANCO 66643: folds 
cado bambam: folds 
Dorex2007: folds 
jorge171119: calls $0.01
ivanandres934 has timed out
ivanandres934: checks 
*** FLOP *** [Ts 4c 2d]
jorge171119: bets $0.02
ivanandres934: calls $0.02
*** TURN *** [Ts 4c 2d] [Ad]
jorge171119: bets $0.02
ivanandres934: folds 
Uncalled bet ($0.02) returned to jorge171119
jorge171119 collected $0.08 from pot
jorge171119: doesn't show hand 
*** SUMMARY ***
Total pot $0.08 | Rake $0 
Board [Ts 4c 2d Ad]
Seat 1: TreasurerCHCH folded before Flop (didn't bet)
Seat 2: FRANCO 66643 folded before Flop (didn't bet)
Seat 3: cado bambam folded before Flop (didn't bet)
Seat 4: Dorex2007 (button) folded before Flop (didn't bet)
Seat 5: jorge171119 (small blind) collected ($0.08)
Seat 6: ivanandres934 (big blind) folded on the Turn
Seat 7: veall95 folded before Flop (didn't bet)
Seat 8: Denis1887922 folded before Flop (didn't bet)
Seat 9: ciaotiga folded before Flop (didn't bet)



PokerStars Hand #227659738461:  Hold'em No Limit ($0.01/$0.02 USD) - 2021/06/17 18:22:16 PT [2021/06/17 21:22:16 ET]
Table 'Almaak II' 9-max Seat #5 is the button
Seat 1: TreasurerCHCH ($2.41 in chips) 
Seat 2: FRANCO 66643 ($1.90 in chips) 
Seat 3: cado bambam ($2.02 in chips) 
Seat 4: Dorex2007 ($2 in chips) 
Seat 5: jorge171119 ($0.35 in chips) 
Seat 6: ivanandres934 ($4.01 in chips) 
Seat 7: veall95 ($2.23 in chips) 
Seat 8: Denis1887922 ($3.27 in chips) 
Seat 9: ciaotiga ($2.45 in chips) 
ivanandres934: posts small blind $0.01
veall95: posts big blind $0.02
*** HOLE CARDS ***
Dealt to Dorex2007 [8h Qc]
Denis1887922: folds 
ciaotiga: folds 
TreasurerCHCH: folds 
FRANCO 66643: folds 
cado bambam: folds 
Dorex2007: folds 
jorge171119: folds 
ivanandres934 has timed out
ivanandres934: folds 
Uncalled bet ($0.01) returned to veall95
veall95 collected $0.02 from pot
veall95: doesn't show hand 
*** SUMMARY ***
Total pot $0.02 | Rake $0 
Seat 1: TreasurerCHCH folded before Flop (didn't bet)
Seat 2: FRANCO 66643 folded before Flop (didn't bet)
Seat 3: cado bambam folded before Flop (didn't bet)
Seat 4: Dorex2007 folded before Flop (didn't bet)
Seat 5: jorge171119 (button) folded before Flop (didn't bet)
Seat 6: ivanandres934 (small blind) folded before Flop
Seat 7: veall95 (big blind) collected ($0.02)
Seat 8: Denis1887922 folded before Flop (didn't bet)
Seat 9: ciaotiga folded before Flop (didn't bet)



PokerStars Hand #227659744740:  Hold'em No Limit ($0.01/$0.02 USD) - 2021/06/17 18:22:44 PT [2021/06/17 21:22:44 ET]
Table 'Almaak II' 9-max Seat #7 is the button
Seat 1: TreasurerCHCH ($2.41 in chips) 
Seat 2: FRANCO 66643 ($1.90 in chips) 
Seat 3: cado bambam ($2.02 in chips) 
Seat 4: Dorex2007 ($2 in chips) 
Seat 5: jorge171119 ($0.35 in chips) 
Seat 7: veall95 ($2.24 in chips) 
Seat 8: Denis1887922 ($3.27 in chips) 
Seat 9: ciaotiga ($2.45 in chips) 
Denis1887922: posts small blind $0.01
ciaotiga: posts big blind $0.02
*** HOLE CARDS ***
Dealt to Dorex2007 [Tc 5c]
TreasurerCHCH: raises $0.02 to $0.04
FRANCO 66643: folds 
cado bambam: folds 
Dorex2007: folds 
jorge171119: folds 
veall95: folds 
FRANCO 66643 leaves the table
Denis1887922: folds 
ciaotiga: folds 
Uncalled bet ($0.02) returned to TreasurerCHCH
TreasurerCHCH collected $0.05 from pot
TreasurerCHCH: doesn't show hand 
*** SUMMARY ***
Total pot $0.05 | Rake $0 
Seat 1: TreasurerCHCH collected ($0.05)
Seat 2: FRANCO 66643 folded before Flop (didn't bet)
Seat 3: cado bambam folded before Flop (didn't bet)
Seat 4: Dorex2007 folded before Flop (didn't bet)
Seat 5: jorge171119 folded before Flop (didn't bet)
Seat 7: veall95 (button) folded before Flop (didn't bet)
Seat 8: Denis1887922 (small blind) folded before Flop
Seat 9: ciaotiga (big blind) folded before Flop



PokerStars Hand #227659748364:  Hold'em No Limit ($0.01/$0.02 USD) - 2021/06/17 18:22:59 PT [2021/06/17 21:22:59 ET]
Table 'Almaak II' 9-max Seat #8 is the button
Seat 1: TreasurerCHCH ($2.44 in chips) 
Seat 3: cado bambam ($2.02 in chips) 
Seat 4: Dorex2007 ($2 in chips) 
Seat 5: jorge171119 ($0.35 in chips) 
Seat 6: ivanandres934 ($4 in chips) 
Seat 7: veall95 ($2.24 in chips) 
Seat 8: Denis1887922 ($3.26 in chips) 
Seat 9: ciaotiga ($2.43 in chips) 
ciaotiga: posts small blind $0.01
TreasurerCHCH: posts big blind $0.02
*** HOLE CARDS ***
Dealt to Dorex2007 [9d Ac]
cado bambam: folds 
Dorex2007: folds 
jorge171119: folds 
ivanandres934: folds 
veall95: folds 
Istytech joins the table at seat #2 
Denis1887922: calls $0.02
ciaotiga: folds 
TreasurerCHCH: checks 
*** FLOP *** [Ad Qc 7d]
TreasurerCHCH: bets $0.03
Denis1887922: folds 
Uncalled bet ($0.03) returned to TreasurerCHCH
TreasurerCHCH collected $0.05 from pot
TreasurerCHCH: doesn't show hand 
*** SUMMARY ***
Total pot $0.05 | Rake $0 
Board [Ad Qc 7d]
Seat 1: TreasurerCHCH (big blind) collected ($0.05)
Seat 3: cado bambam folded before Flop (didn't bet)
Seat 4: Dorex2007 folded before Flop (didn't bet)
Seat 5: jorge171119 folded before Flop (didn't bet)
Seat 6: ivanandres934 folded before Flop (didn't bet)
Seat 7: veall95 folded before Flop (didn't bet)
Seat 8: Denis1887922 (button) folded on the Flop
Seat 9: ciaotiga (small blind) folded before Flop



PokerStars Hand #227659758176:  Hold'em No Limit ($0.01/$0.02 USD) - 2021/06/17 18:23:41 PT [2021/06/17 21:23:41 ET]
Table 'Almaak II' 9-max Seat #9 is the button
Seat 1: TreasurerCHCH ($2.47 in chips) 
Seat 2: Istytech ($2 in chips) 
Seat 3: cado bambam ($2.02 in chips) 
Seat 4: Dorex2007 ($2 in chips) 
Seat 5: jorge171119 ($0.35 in chips) 
Seat 6: ivanandres934 ($4 in chips) 
Seat 7: veall95 ($2.24 in chips) 
Seat 8: Denis1887922 ($3.24 in chips) 
Seat 9: ciaotiga ($2.42 in chips) 
TreasurerCHCH: posts small blind $0.01
Istytech: posts big blind $0.02
*** HOLE CARDS ***
Dealt to Dorex2007 [Ks 3c]
cado bambam: folds 
Dorex2007: folds 
jorge171119: folds 
ivanandres934: folds 
veall95: raises $0.02 to $0.04
Denis1887922: folds 
ciaotiga: calls $0.04
TreasurerCHCH: calls $0.03
Istytech: folds 
*** FLOP *** [Th Ac 4c]
TreasurerCHCH: checks 
veall95: bets $0.07
ciaotiga: folds 
TreasurerCHCH: folds 
Uncalled bet ($0.07) returned to veall95
veall95 collected $0.14 from pot
veall95: doesn't show hand 
*** SUMMARY ***
Total pot $0.14 | Rake $0 
Board [Th Ac 4c]
Seat 1: TreasurerCHCH (small blind) folded on the Flop
Seat 2: Istytech (big blind) folded before Flop
Seat 3: cado bambam folded before Flop (didn't bet)
Seat 4: Dorex2007 folded before Flop (didn't bet)
Seat 5: jorge171119 folded before Flop (didn't bet)
Seat 6: ivanandres934 folded before Flop (didn't bet)
Seat 7: veall95 collected ($0.14)
Seat 8: Denis1887922 folded before Flop (didn't bet)
Seat 9: ciaotiga (button) folded on the Flop



PokerStars Hand #227659771737:  Hold'em No Limit ($0.01/$0.02 USD) - 2021/06/17 18:24:39 PT [2021/06/17 21:24:39 ET]
Table 'Almaak II' 9-max Seat #1 is the button
Seat 1: TreasurerCHCH ($2.43 in chips) 
Seat 2: Istytech ($1.98 in chips) 
Seat 3: cado bambam ($2.02 in chips) 
Seat 4: Dorex2007 ($2 in chips) 
Seat 5: jorge171119 ($0.35 in chips) 
Seat 6: ivanandres934 ($4 in chips) 
Seat 7: veall95 ($2.34 in chips) 
Seat 8: Denis1887922 ($3.24 in chips) 
Seat 9: ciaotiga ($2.38 in chips) 
Istytech: posts small blind $0.01
cado bambam: posts big blind $0.02
*** HOLE CARDS ***
Dealt to Dorex2007 [6d 3d]
Dorex2007: folds 
jorge171119: folds 
ivanandres934: raises $0.06 to $0.08
veall95: folds 
Denis1887922: folds 
ciaotiga: folds 
TreasurerCHCH: folds 
Istytech: raises $0.06 to $0.14
cado bambam: folds 
ivanandres934: calls $0.06
*** FLOP *** [5c 6h 6s]
Istytech: bets $0.18
ivanandres934: calls $0.18
*** TURN *** [5c 6h 6s] [Ad]
Istytech: bets $0.30
ivanandres934: raises $0.30 to $0.60
Istytech: folds 
Uncalled bet ($0.30) returned to ivanandres934
ivanandres934 collected $1.22 from pot
ivanandres934: doesn't show hand 
*** SUMMARY ***
Total pot $1.26 | Rake $0.04 
Board [5c 6h 6s Ad]
Seat 1: TreasurerCHCH (button) folded before Flop (didn't bet)
Seat 2: Istytech (small blind) folded on the Turn
Seat 3: cado bambam (big blind) folded before Flop
Seat 4: Dorex2007 folded before Flop (didn't bet)
Seat 5: jorge171119 folded before Flop (didn't bet)
Seat 6: ivanandres934 collected ($1.22)
Seat 7: veall95 folded before Flop (didn't bet)
Seat 8: Denis1887922 folded before Flop (didn't bet)
Seat 9: ciaotiga folded before Flop (didn't bet)



PokerStars Hand #227659794725:  Hold'em No Limit ($0.01/$0.02 USD) - 2021/06/17 18:26:18 PT [2021/06/17 21:26:18 ET]
Table 'Almaak II' 9-max Seat #2 is the button
Seat 1: TreasurerCHCH ($2.43 in chips) 
Seat 2: Istytech ($1.36 in chips) 
Seat 3: cado bambam ($2 in chips) 
Seat 4: Dorex2007 ($2 in chips) 
Seat 5: jorge171119 ($0.35 in chips) 
Seat 6: ivanandres934 ($4.60 in chips) 
Seat 7: veall95 ($2.34 in chips) 
Seat 8: Denis1887922 ($3.24 in chips) 
Seat 9: ciaotiga ($2.38 in chips) 
cado bambam: posts small blind $0.01
Dorex2007: posts big blind $0.02
*** HOLE CARDS ***
Dealt to Dorex2007 [7s Ad]
jorge171119: folds 
ivanandres934: folds 
veall95: raises $0.02 to $0.04
ivanandres934 leaves the table
Denis1887922: folds 
ciaotiga: raises $0.04 to $0.08
nnatatiKA joins the table at seat #6 
TreasurerCHCH: folds 
Istytech: folds 
cado bambam: folds 
Dorex2007: folds 
veall95: calls $0.04
*** FLOP *** [Td Qc 8s]
veall95: checks 
ciaotiga: bets $0.05
veall95: calls $0.05
*** TURN *** [Td Qc 8s] [3c]
veall95: checks 
ciaotiga: bets $0.14
veall95: calls $0.14
*** RIVER *** [Td Qc 8s 3c] [Qs]
veall95: checks 
ciaotiga: bets $0.39
veall95: calls $0.39
*** SHOW DOWN ***
ciaotiga: shows [Qh Kd] (three of a kind, Queens)
veall95: mucks hand 
ciaotiga collected $1.30 from pot
*** SUMMARY ***
Total pot $1.35 | Rake $0.05 
Board [Td Qc 8s 3c Qs]
Seat 1: TreasurerCHCH folded before Flop (didn't bet)
Seat 2: Istytech (button) folded before Flop (didn't bet)
Seat 3: cado bambam (small blind) folded before Flop
Seat 4: Dorex2007 (big blind) folded before Flop
Seat 5: jorge171119 folded before Flop (didn't bet)
Seat 6: ivanandres934 folded before Flop (didn't bet)
Seat 7: veall95 mucked [Th 9h]
Seat 8: Denis1887922 folded before Flop (didn't bet)
Seat 9: ciaotiga showed [Qh Kd] and won ($1.30) with three of a kind, Queens



PokerStars Hand #227659809724:  Hold'em No Limit ($0.01/$0.02 USD) - 2021/06/17 18:27:24 PT [2021/06/17 21:27:24 ET]
Table 'Almaak II' 9-max Seat #3 is the button
Seat 1: TreasurerCHCH ($2.43 in chips) 
Seat 2: Istytech ($1.36 in chips) 
Seat 3: cado bambam ($1.99 in chips) 
Seat 4: Dorex2007 ($1.98 in chips) 
Seat 5: jorge171119 ($0.35 in chips) 
Seat 7: veall95 ($1.68 in chips) 
Seat 8: Denis1887922 ($3.24 in chips) 
Seat 9: ciaotiga ($3.02 in chips) 
Dorex2007: posts small blind $0.01
jorge171119: posts big blind $0.02
nnatatiKA: sits out 
*** HOLE CARDS ***
Dealt to Dorex2007 [Ts 4c]
veall95: folds 
Denis1887922: folds 
ciaotiga: folds 
TreasurerCHCH: folds 
Istytech: folds 
cado bambam: folds 
Dorex2007: folds 
Uncalled bet ($0.01) returned to jorge171119
jorge171119 collected $0.02 from pot
jorge171119: doesn't show hand 
*** SUMMARY ***
Total pot $0.02 | Rake $0 
Seat 1: TreasurerCHCH folded before Flop (didn't bet)
Seat 2: Istytech folded before Flop (didn't bet)
Seat 3: cado bambam (button) folded before Flop (didn't bet)
Seat 4: Dorex2007 (small blind) folded before Flop
Seat 5: jorge171119 (big blind) collected ($0.02)
Seat 7: veall95 folded before Flop (didn't bet)
Seat 8: Denis1887922 folded before Flop (didn't bet)
Seat 9: ciaotiga folded before Flop (didn't bet)



PokerStars Hand #227659820656:  Hold'em No Limit ($0.01/$0.02 USD) - 2021/06/17 18:27:39 PT [2021/06/17 21:27:39 ET]
Table 'Almaak II' 9-max Seat #4 is the button
Seat 1: TreasurerCHCH ($2.43 in chips) 
Seat 2: Istytech ($2 in chips) 
Seat 3: cado bambam ($1.99 in chips) 
Seat 4: Dorex2007 ($1.97 in chips) 
Seat 5: jorge171119 ($0.36 in chips) 
Seat 6: nnatatiKA ($0.80 in chips) 
Seat 7: veall95 ($2 in chips) 
Seat 8: Denis1887922 ($3.24 in chips) 
Seat 9: ciaotiga ($3.02 in chips) 
jorge171119: posts small blind $0.01
nnatatiKA: posts big blind $0.02
*** HOLE CARDS ***
Dealt to Dorex2007 [Th Ah]
veall95: folds 
Denis1887922: calls $0.02
ciaotiga: folds 
TreasurerCHCH: folds 
Istytech: folds 
cado bambam: folds 
Dorex2007: raises $0.04 to $0.06
jorge171119: folds 
nnatatiKA: folds 
Denis1887922: calls $0.04
*** FLOP *** [Kc Tc Qs]
Denis1887922: checks 
Dorex2007: bets $0.07
veall95 leaves the table
Denis1887922: folds 
Uncalled bet ($0.07) returned to Dorex2007
Dorex2007 collected $0.14 from pot
Dorex2007: doesn't show hand 
*** SUMMARY ***
Total pot $0.15 | Rake $0.01 
Board [Kc Tc Qs]
Seat 1: TreasurerCHCH folded before Flop (didn't bet)
Seat 2: Istytech folded before Flop (didn't bet)
Seat 3: cado bambam folded before Flop (didn't bet)
Seat 4: Dorex2007 (button) collected ($0.14)
Seat 5: jorge171119 (small blind) folded before Flop
Seat 6: nnatatiKA (big blind) folded before Flop
Seat 7: veall95 folded before Flop (didn't bet)
Seat 8: Denis1887922 folded on the Flop
Seat 9: ciaotiga folded before Flop (didn't bet)



PokerStars Hand #227659829674:  Hold'em No Limit ($0.01/$0.02 USD) - 2021/06/17 18:28:18 PT [2021/06/17 21:28:18 ET]
Table 'Almaak II' 9-max Seat #5 is the button
Seat 1: TreasurerCHCH ($2.43 in chips) 
Seat 2: Istytech ($2 in chips) 
Seat 3: cado bambam ($1.99 in chips) 
Seat 4: Dorex2007 ($2.05 in chips) 
Seat 5: jorge171119 ($0.35 in chips) 
Seat 6: nnatatiKA ($0.78 in chips) 
Seat 8: Denis1887922 ($3.18 in chips) 
Seat 9: ciaotiga ($3.02 in chips) 
nnatatiKA: posts small blind $0.01
Denis1887922: posts big blind $0.02
*** HOLE CARDS ***
Dealt to Dorex2007 [8h 5h]
ciaotiga: raises $0.03 to $0.05
TreasurerCHCH: folds 
Istytech: folds 
lhschmitt joins the table at seat #7 
cado bambam: folds 
Dorex2007: folds 
jorge171119: calls $0.05
nnatatiKA: folds 
Denis1887922: folds 
*** FLOP *** [4d Jh Kd]
ciaotiga: checks 
jorge171119: bets $0.06
ciaotiga: calls $0.06
*** TURN *** [4d Jh Kd] [Ac]
ciaotiga: checks 
jorge171119: bets $0.12
ciaotiga: raises $0.12 to $0.24
jorge171119: calls $0.12 and is all-in
*** RIVER *** [4d Jh Kd Ac] [7h]
*** SHOW DOWN ***
ciaotiga: shows [3d Ad] (a pair of Aces)
jorge171119: shows [As Jd] (two pair, Aces and Jacks)
jorge171119 collected $0.70 from pot
*** SUMMARY ***
Total pot $0.73 | Rake $0.03 
Board [4d Jh Kd Ac 7h]
Seat 1: TreasurerCHCH folded before Flop (didn't bet)
Seat 2: Istytech folded before Flop (didn't bet)
Seat 3: cado bambam folded before Flop (didn't bet)
Seat 4: Dorex2007 folded before Flop (didn't bet)
Seat 5: jorge171119 (button) showed [As Jd] and won ($0.70) with two pair, Aces and Jacks
Seat 6: nnatatiKA (small blind) folded before Flop
Seat 8: Denis1887922 (big blind) folded before Flop
Seat 9: ciaotiga showed [3d Ad] and lost with a pair of Aces



PokerStars Hand #227659843530:  Hold'em No Limit ($0.01/$0.02 USD) - 2021/06/17 18:29:18 PT [2021/06/17 21:29:18 ET]
Table 'Almaak II' 9-max Seat #6 is the button
Seat 1: TreasurerCHCH ($2.43 in chips) 
Seat 2: Istytech ($2 in chips) 
Seat 3: cado bambam ($1.99 in chips) 
Seat 4: Dorex2007 ($2.05 in chips) 
Seat 5: jorge171119 ($0.70 in chips) 
Seat 6: nnatatiKA ($0.77 in chips) 
Seat 8: Denis1887922 ($3.16 in chips) 
Seat 9: ciaotiga ($2.67 in chips) 
Denis1887922: posts small blind $0.01
ciaotiga: posts big blind $0.02
*** HOLE CARDS ***
Dealt to Dorex2007 [Kd Kh]
TreasurerCHCH: folds 
Istytech: folds 
cado bambam: folds 
Dorex2007: raises $0.04 to $0.06
jorge171119: calls $0.06
nnatatiKA: folds 
Denis1887922: folds 
ciaotiga: calls $0.04
*** FLOP *** [Tc 4c 2c]
ciaotiga: checks 
Dorex2007: bets $0.18
jorge171119: raises $0.27 to $0.45
ciaotiga: folds 
Dorex2007: calls $0.27
*** TURN *** [Tc 4c 2c] [8s]
Dorex2007: checks 
jorge171119: bets $0.19 and is all-in
Dorex2007: calls $0.19
*** RIVER *** [Tc 4c 2c 8s] [Ah]
*** SHOW DOWN ***
Dorex2007: shows [Kd Kh] (a pair of Kings)
jorge171119: shows [Qc 5c] (a flush, Queen high)
jorge171119 collected $1.42 from pot
*** SUMMARY ***
Total pot $1.47 | Rake $0.05 
Board [Tc 4c 2c 8s Ah]
Seat 1: TreasurerCHCH folded before Flop (didn't bet)
Seat 2: Istytech folded before Flop (didn't bet)
Seat 3: cado bambam folded before Flop (didn't bet)
Seat 4: Dorex2007 showed [Kd Kh] and lost with a pair of Kings
Seat 5: jorge171119 showed [Qc 5c] and won ($1.42) with a flush, Queen high
Seat 6: nnatatiKA (button) folded before Flop (didn't bet)
Seat 8: Denis1887922 (small blind) folded before Flop
Seat 9: ciaotiga (big blind) folded on the Flop



PokerStars Hand #227659863768:  Hold'em No Limit ($0.01/$0.02 USD) - 2021/06/17 18:30:26 PT [2021/06/17 21:30:26 ET]
Table 'Almaak II' 9-max Seat #8 is the button
Seat 1: TreasurerCHCH ($2.43 in chips) 
Seat 2: Istytech ($2 in chips) 
Seat 3: cado bambam ($1.99 in chips) 
Seat 4: Dorex2007 ($1.35 in chips) 
Seat 5: jorge171119 ($1.42 in chips) 
Seat 6: nnatatiKA ($0.77 in chips) 
Seat 7: lhschmitt ($0.80 in chips) 
Seat 8: Denis1887922 ($3.15 in chips) 
Seat 9: ciaotiga ($2.61 in chips) 
ciaotiga: posts small blind $0.01
TreasurerCHCH: posts big blind $0.02
lhschmitt: posts big blind $0.02
*** HOLE CARDS ***
Dealt to Dorex2007 [As Tc]
Istytech: folds 
cado bambam: folds 
Dorex2007: folds 
jorge171119: folds 
nnatatiKA: folds 
lhschmitt: checks 
Denis1887922: calls $0.02
ciaotiga: folds 
TreasurerCHCH: checks 
*** FLOP *** [5s 5d 2s]
TreasurerCHCH: checks 
lhschmitt: checks 
Denis1887922: bets $0.02
TreasurerCHCH: folds 
lhschmitt: folds 
Uncalled bet ($0.02) returned to Denis1887922
Denis1887922 collected $0.07 from pot
Denis1887922: doesn't show hand 
*** SUMMARY ***
Total pot $0.07 | Rake $0 
Board [5s 5d 2s]
Seat 1: TreasurerCHCH (big blind) folded on the Flop
Seat 2: Istytech folded before Flop (didn't bet)
Seat 3: cado bambam folded before Flop (didn't bet)
Seat 4: Dorex2007 folded before Flop (didn't bet)
Seat 5: jorge171119 folded before Flop (didn't bet)
Seat 6: nnatatiKA folded before Flop (didn't bet)
Seat 7: lhschmitt folded on the Flop (didn't bet)
Seat 8: Denis1887922 (button) collected ($0.07)
Seat 9: ciaotiga (small blind) folded before Flop



PokerStars Hand #227659875872:  Hold'em No Limit ($0.01/$0.02 USD) - 2021/06/17 18:31:19 PT [2021/06/17 21:31:19 ET]
Table 'Almaak II' 9-max Seat #9 is the button
Seat 1: TreasurerCHCH ($2.41 in chips) 
Seat 2: Istytech ($2 in chips) 
Seat 3: cado bambam ($1.99 in chips) 
Seat 4: Dorex2007 ($2 in chips) 
Seat 5: jorge171119 ($1.42 in chips) 
Seat 6: nnatatiKA ($0.77 in chips) 
Seat 7: lhschmitt ($0.78 in chips) 
Seat 8: Denis1887922 ($3.20 in chips) 
Seat 9: ciaotiga ($2.60 in chips) 
TreasurerCHCH: posts small blind $0.01
Istytech: posts big blind $0.02
*** HOLE CARDS ***
Dealt to Dorex2007 [4c Ah]
cado bambam: folds 
Dorex2007: folds 
jorge171119: calls $0.02
nnatatiKA has timed out
nnatatiKA: folds 
lhschmitt: folds 
Denis1887922: folds 
ciaotiga: folds 
TreasurerCHCH: calls $0.01
Istytech: raises $0.04 to $0.06
jorge171119: calls $0.04
TreasurerCHCH: folds 
*** FLOP *** [7d 8c Jc]
Istytech: bets $0.10
jorge171119: folds 
Uncalled bet ($0.10) returned to Istytech
Istytech collected $0.14 from pot
Istytech: doesn't show hand 
*** SUMMARY ***
Total pot $0.14 | Rake $0 
Board [7d 8c Jc]
Seat 1: TreasurerCHCH (small blind) folded before Flop
Seat 2: Istytech (big blind) collected ($0.14)
Seat 3: cado bambam folded before Flop (didn't bet)
Seat 4: Dorex2007 folded before Flop (didn't bet)
Seat 5: jorge171119 folded on the Flop
Seat 6: nnatatiKA folded before Flop (didn't bet)
Seat 7: lhschmitt folded before Flop (didn't bet)
Seat 8: Denis1887922 folded before Flop (didn't bet)
Seat 9: ciaotiga (button) folded before Flop (didn't bet)



PokerStars Hand #227659895503:  Hold'em No Limit ($0.01/$0.02 USD) - 2021/06/17 18:32:13 PT [2021/06/17 21:32:13 ET]
Table 'Almaak II' 9-max Seat #1 is the button
Seat 1: TreasurerCHCH ($2.39 in chips) 
Seat 2: Istytech ($2.08 in chips) 
Seat 3: cado bambam ($1.99 in chips) 
Seat 4: Dorex2007 ($2 in chips) 
Seat 5: jorge171119 ($1.36 in chips) 
Seat 6: nnatatiKA ($0.77 in chips) 
Seat 7: lhschmitt ($0.78 in chips) 
Seat 8: Denis1887922 ($3.20 in chips) 
Seat 9: ciaotiga ($2.60 in chips) 
Istytech: posts small blind $0.01
cado bambam: posts big blind $0.02
*** HOLE CARDS ***
Dealt to Dorex2007 [7h Ts]
Dorex2007: folds 
jorge171119: folds 
nnatatiKA: folds 
lhschmitt: folds 
Denis1887922: folds 
ciaotiga: raises $0.02 to $0.04
TreasurerCHCH: folds 
Istytech: folds 
cado bambam: calls $0.02
*** FLOP *** [7c Kd Kh]
cado bambam: checks 
ciaotiga: checks 
*** TURN *** [7c Kd Kh] [Ah]
cado bambam: checks 
ciaotiga: bets $0.03
cado bambam: folds 
Uncalled bet ($0.03) returned to ciaotiga
ciaotiga collected $0.09 from pot
ciaotiga: doesn't show hand 
*** SUMMARY ***
Total pot $0.09 | Rake $0 
Board [7c Kd Kh Ah]
Seat 1: TreasurerCHCH (button) folded before Flop (didn't bet)
Seat 2: Istytech (small blind) folded before Flop
Seat 3: cado bambam (big blind) folded on the Turn
Seat 4: Dorex2007 folded before Flop (didn't bet)
Seat 5: jorge171119 folded before Flop (didn't bet)
Seat 6: nnatatiKA folded before Flop (didn't bet)
Seat 7: lhschmitt folded before Flop (didn't bet)
Seat 8: Denis1887922 folded before Flop (didn't bet)
Seat 9: ciaotiga collected ($0.09)



PokerStars Hand #227659907634:  Hold'em No Limit ($0.01/$0.02 USD) - 2021/06/17 18:33:06 PT [2021/06/17 21:33:06 ET]
Table 'Almaak II' 9-max Seat #2 is the button
Seat 1: TreasurerCHCH ($2.39 in chips) 
Seat 2: Istytech ($2.07 in chips) 
Seat 3: cado bambam ($1.95 in chips) 
Seat 4: Dorex2007 ($2 in chips) 
Seat 5: jorge171119 ($1.36 in chips) 
Seat 6: nnatatiKA ($0.77 in chips) 
Seat 7: lhschmitt ($0.78 in chips) 
Seat 8: Denis1887922 ($3.20 in chips) 
Seat 9: ciaotiga ($2.65 in chips) 
cado bambam: posts small blind $0.01
Dorex2007: posts big blind $0.02
*** HOLE CARDS ***
Dealt to Dorex2007 [Jd Ah]
jorge171119: calls $0.02
nnatatiKA: folds 
lhschmitt: folds 
Denis1887922: folds 
ciaotiga: raises $0.06 to $0.08
TreasurerCHCH: folds 
Istytech: folds 
cado bambam: folds 
Dorex2007: calls $0.06
jorge171119: calls $0.06
*** FLOP *** [9d 4c 8d]
Dorex2007: checks 
jorge171119: checks 
ciaotiga: bets $0.12
Dorex2007: folds 
jorge171119: folds 
Uncalled bet ($0.12) returned to ciaotiga
ciaotiga collected $0.24 from pot
ciaotiga: doesn't show hand 
*** SUMMARY ***
Total pot $0.25 | Rake $0.01 
Board [9d 4c 8d]
Seat 1: TreasurerCHCH folded before Flop (didn't bet)
Seat 2: Istytech (button) folded before Flop (didn't bet)
Seat 3: cado bambam (small blind) folded before Flop
Seat 4: Dorex2007 (big blind) folded on the Flop
Seat 5: jorge171119 folded on the Flop
Seat 6: nnatatiKA folded before Flop (didn't bet)
Seat 7: lhschmitt folded before Flop (didn't bet)
Seat 8: Denis1887922 folded before Flop (didn't bet)
Seat 9: ciaotiga collected ($0.24)



PokerStars Hand #227659917012:  Hold'em No Limit ($0.01/$0.02 USD) - 2021/06/17 18:33:47 PT [2021/06/17 21:33:47 ET]
Table 'Almaak II' 9-max Seat #3 is the button
Seat 1: TreasurerCHCH ($2.39 in chips) 
Seat 2: Istytech ($2.07 in chips) 
Seat 3: cado bambam ($1.94 in chips) 
Seat 4: Dorex2007 ($1.92 in chips) 
Seat 5: jorge171119 ($1.28 in chips) 
Seat 6: nnatatiKA ($0.77 in chips) 
Seat 7: lhschmitt ($0.78 in chips) 
Seat 8: Denis1887922 ($3.20 in chips) 
Seat 9: ciaotiga ($2.81 in chips) 
Dorex2007: posts small blind $0.01
jorge171119: posts big blind $0.02
*** HOLE CARDS ***
Dealt to Dorex2007 [6c As]
nnatatiKA: folds 
lhschmitt: folds 
Denis1887922: folds 
ciaotiga: folds 
TreasurerCHCH: folds 
Istytech: folds 
cado bambam: folds 
Dorex2007: folds 
Uncalled bet ($0.01) returned to jorge171119
jorge171119 collected $0.02 from pot
jorge171119: doesn't show hand 
*** SUMMARY ***
Total pot $0.02 | Rake $0 
Seat 1: TreasurerCHCH folded before Flop (didn't bet)
Seat 2: Istytech folded before Flop (didn't bet)
Seat 3: cado bambam (button) folded before Flop (didn't bet)
Seat 4: Dorex2007 (small blind) folded before Flop
Seat 5: jorge171119 (big blind) collected ($0.02)
Seat 6: nnatatiKA folded before Flop (didn't bet)
Seat 7: lhschmitt folded before Flop (didn't bet)
Seat 8: Denis1887922 folded before Flop (didn't bet)
Seat 9: ciaotiga folded before Flop (didn't bet)



PokerStars Hand #227659922697:  Hold'em No Limit ($0.01/$0.02 USD) - 2021/06/17 18:34:12 PT [2021/06/17 21:34:12 ET]
Table 'Almaak II' 9-max Seat #4 is the button
Seat 1: TreasurerCHCH ($2.39 in chips) 
Seat 2: Istytech ($2.07 in chips) 
Seat 3: cado bambam ($1.94 in chips) 
Seat 4: Dorex2007 ($1.91 in chips) 
Seat 5: jorge171119 ($1.29 in chips) 
Seat 6: nnatatiKA ($0.77 in chips) 
Seat 7: lhschmitt ($0.78 in chips) 
Seat 8: Denis1887922 ($3.20 in chips) 
Seat 9: ciaotiga ($2.81 in chips) 
jorge171119: posts small blind $0.01
nnatatiKA: posts big blind $0.02
*** HOLE CARDS ***
Dealt to Dorex2007 [6c Kc]
lhschmitt: calls $0.02
Denis1887922: folds 
ciaotiga: folds 
TreasurerCHCH: folds 
Istytech: folds 
cado bambam: folds 
Dorex2007: folds 
jorge171119: calls $0.01
nnatatiKA: checks 
*** FLOP *** [Ac 9d Kd]
jorge171119: checks 
nnatatiKA: checks 
lhschmitt: checks 
*** TURN *** [Ac 9d Kd] [Ad]
jorge171119: checks 
nnatatiKA: checks 
lhschmitt: checks 
*** RIVER *** [Ac 9d Kd Ad] [4s]
jorge171119: checks 
nnatatiKA: checks 
lhschmitt: checks 
*** SHOW DOWN ***
jorge171119: shows [8d 7c] (a pair of Aces)
nnatatiKA: shows [5s 8h] (a pair of Aces)
lhschmitt: shows [3d Kh] (two pair, Aces and Kings)
lhschmitt collected $0.06 from pot
*** SUMMARY ***
Total pot $0.06 | Rake $0 
Board [Ac 9d Kd Ad 4s]
Seat 1: TreasurerCHCH folded before Flop (didn't bet)
Seat 2: Istytech folded before Flop (didn't bet)
Seat 3: cado bambam folded before Flop (didn't bet)
Seat 4: Dorex2007 (button) folded before Flop (didn't bet)
Seat 5: jorge171119 (small blind) showed [8d 7c] and lost with a pair of Aces
Seat 6: nnatatiKA (big blind) showed [5s 8h] and lost with a pair of Aces
Seat 7: lhschmitt showed [3d Kh] and won ($0.06) with two pair, Aces and Kings
Seat 8: Denis1887922 folded before Flop (didn't bet)
Seat 9: ciaotiga folded before Flop (didn't bet)



PokerStars Hand #227659936156:  Hold'em No Limit ($0.01/$0.02 USD) - 2021/06/17 18:35:10 PT [2021/06/17 21:35:10 ET]
Table 'Almaak II' 9-max Seat #5 is the button
Seat 1: TreasurerCHCH ($2.39 in chips) 
Seat 2: Istytech ($2.07 in chips) 
Seat 3: cado bambam ($1.94 in chips) 
Seat 4: Dorex2007 ($1.91 in chips) 
Seat 5: jorge171119 ($1.27 in chips) 
Seat 6: nnatatiKA ($0.75 in chips) 
Seat 7: lhschmitt ($0.82 in chips) 
Seat 8: Denis1887922 ($3.20 in chips) 
Seat 9: ciaotiga ($2.81 in chips) 
nnatatiKA: posts small blind $0.01
lhschmitt: posts big blind $0.02
*** HOLE CARDS ***
Dealt to Dorex2007 [Jd 6c]
Denis1887922: folds 
ciaotiga: folds 
TreasurerCHCH: folds 
Istytech: folds 
cado bambam: folds 
Dorex2007: folds 
jorge171119: folds 
jorge171119 leaves the table
nnatatiKA: folds 
Uncalled bet ($0.01) returned to lhschmitt
lhschmitt collected $0.02 from pot
lhschmitt: doesn't show hand 
*** SUMMARY ***
Total pot $0.02 | Rake $0 
Seat 1: TreasurerCHCH folded before Flop (didn't bet)
Seat 2: Istytech folded before Flop (didn't bet)
Seat 3: cado bambam folded before Flop (didn't bet)
Seat 4: Dorex2007 folded before Flop (didn't bet)
Seat 5: jorge171119 (button) folded before Flop (didn't bet)
Seat 6: nnatatiKA (small blind) folded before Flop
Seat 7: lhschmitt (big blind) collected ($0.02)
Seat 8: Denis1887922 folded before Flop (didn't bet)
Seat 9: ciaotiga folded before Flop (didn't bet)



PokerStars Hand #227659940281:  Hold'em No Limit ($0.01/$0.02 USD) - 2021/06/17 18:35:28 PT [2021/06/17 21:35:28 ET]
Table 'Almaak II' 9-max Seat #6 is the button
Seat 1: TreasurerCHCH ($2.39 in chips) 
Seat 2: Istytech ($2.07 in chips) 
Seat 3: cado bambam ($1.94 in chips) 
Seat 4: Dorex2007 ($1.91 in chips) 
Seat 6: nnatatiKA ($0.74 in chips) 
Seat 7: lhschmitt ($0.83 in chips) 
Seat 8: Denis1887922 ($3.20 in chips) 
Seat 9: ciaotiga ($2.81 in chips) 
lhschmitt: posts small blind $0.01
Denis1887922: posts big blind $0.02
*** HOLE CARDS ***
Dealt to Dorex2007 [Td Ah]
Rocky4444423 joins the table at seat #5 
ciaotiga: folds 
TreasurerCHCH: folds 
Istytech: folds 
cado bambam: folds 
Dorex2007: raises $0.04 to $0.06
nnatatiKA: folds 
lhschmitt: raises $0.04 to $0.10
Denis1887922: folds 
Dorex2007: calls $0.04
*** FLOP *** [4c 2c Kd]
lhschmitt: checks 
Dorex2007: checks 
*** TURN *** [4c 2c Kd] [2s]
lhschmitt: checks 
Dorex2007: bets $0.11
lhschmitt: calls $0.11
*** RIVER *** [4c 2c Kd 2s] [8c]
lhschmitt: checks 
Dorex2007: bets $0.42
lhschmitt: folds 
Uncalled bet ($0.42) returned to Dorex2007
Dorex2007 collected $0.42 from pot
Dorex2007: doesn't show hand 
*** SUMMARY ***
Total pot $0.44 | Rake $0.02 
Board [4c 2c Kd 2s 8c]
Seat 1: TreasurerCHCH folded before Flop (didn't bet)
Seat 2: Istytech folded before Flop (didn't bet)
Seat 3: cado bambam folded before Flop (didn't bet)
Seat 4: Dorex2007 collected ($0.42)
Seat 6: nnatatiKA (button) folded before Flop (didn't bet)
Seat 7: lhschmitt (small blind) folded on the River
Seat 8: Denis1887922 (big blind) folded before Flop
Seat 9: ciaotiga folded before Flop (didn't bet)



PokerStars Hand #227659953663:  Hold'em No Limit ($0.01/$0.02 USD) - 2021/06/17 18:36:25 PT [2021/06/17 21:36:25 ET]
Table 'Almaak II' 9-max Seat #7 is the button
Seat 1: TreasurerCHCH ($2.39 in chips) 
Seat 2: Istytech ($2.07 in chips) 
Seat 3: cado bambam ($1.94 in chips) 
Seat 4: Dorex2007 ($2.12 in chips) 
Seat 5: Rocky4444423 ($1 in chips) 
Seat 6: nnatatiKA ($0.74 in chips) 
Seat 7: lhschmitt ($0.62 in chips) 
Seat 8: Denis1887922 ($3.18 in chips) 
Seat 9: ciaotiga ($2.81 in chips) 
Denis1887922: posts small blind $0.01
ciaotiga: posts big blind $0.02
Rocky4444423: posts big blind $0.02
*** HOLE CARDS ***
Dealt to Dorex2007 [9d 3h]
TreasurerCHCH: raises $0.04 to $0.06
Istytech: folds 
cado bambam: folds 
Dorex2007: folds 
Rocky4444423: folds 
nnatatiKA: folds 
lhschmitt: folds 
Denis1887922: folds 
ciaotiga: folds 
Uncalled bet ($0.04) returned to TreasurerCHCH
TreasurerCHCH collected $0.07 from pot
TreasurerCHCH: doesn't show hand 
*** SUMMARY ***
Total pot $0.07 | Rake $0 
Seat 1: TreasurerCHCH collected ($0.07)
Seat 2: Istytech folded before Flop (didn't bet)
Seat 3: cado bambam folded before Flop (didn't bet)
Seat 4: Dorex2007 folded before Flop (didn't bet)
Seat 5: Rocky4444423 folded before Flop (didn't bet)
Seat 6: nnatatiKA folded before Flop (didn't bet)
Seat 7: lhschmitt (button) folded before Flop (didn't bet)
Seat 8: Denis1887922 (small blind) folded before Flop
Seat 9: ciaotiga (big blind) folded before Flop



PokerStars Hand #227659960462:  Hold'em No Limit ($0.01/$0.02 USD) - 2021/06/17 18:36:54 PT [2021/06/17 21:36:54 ET]
Table 'Almaak II' 9-max Seat #8 is the button
Seat 1: TreasurerCHCH ($2.44 in chips) 
Seat 2: Istytech ($2.07 in chips) 
Seat 3: cado bambam ($1.94 in chips) 
Seat 4: Dorex2007 ($2.12 in chips) 
Seat 5: Rocky4444423 ($0.98 in chips) 
Seat 6: nnatatiKA ($0.74 in chips) 
Seat 7: lhschmitt ($0.62 in chips) 
Seat 8: Denis1887922 ($3.17 in chips) 
Seat 9: ciaotiga ($2.79 in chips) 
ciaotiga: posts small blind $0.01
TreasurerCHCH: posts big blind $0.02
*** HOLE CARDS ***
Dealt to Dorex2007 [7h 9h]
Istytech has timed out
Istytech: folds 
cado bambam: folds 
Dorex2007: folds 
Rocky4444423: calls $0.02
nnatatiKA: folds 
lhschmitt: raises $0.07 to $0.09
Denis1887922: folds 
ciaotiga: folds 
TreasurerCHCH: folds 
Rocky4444423: calls $0.07
*** FLOP *** [Th 2c Qd]
Rocky4444423: checks 
lhschmitt: checks 
*** TURN *** [Th 2c Qd] [3h]
Rocky4444423: checks 
lhschmitt: checks 
*** RIVER *** [Th 2c Qd 3h] [Ac]
Rocky4444423: bets $0.04
lhschmitt: raises $0.14 to $0.18
Rocky4444423: calls $0.14
*** SHOW DOWN ***
lhschmitt: shows [Tc Ad] (two pair, Aces and Tens)
Rocky4444423: mucks hand 
lhschmitt collected $0.55 from pot
*** SUMMARY ***
Total pot $0.57 | Rake $0.02 
Board [Th 2c Qd 3h Ac]
Seat 1: TreasurerCHCH (big blind) folded before Flop
Seat 2: Istytech folded before Flop (didn't bet)
Seat 3: cado bambam folded before Flop (didn't bet)
Seat 4: Dorex2007 folded before Flop (didn't bet)
Seat 5: Rocky4444423 mucked [Ah 6c]
Seat 6: nnatatiKA folded before Flop (didn't bet)
Seat 7: lhschmitt showed [Tc Ad] and won ($0.55) with two pair, Aces and Tens
Seat 8: Denis1887922 (button) folded before Flop (didn't bet)
Seat 9: ciaotiga (small blind) folded before Flop



PokerStars Hand #227659985211:  Hold'em No Limit ($0.01/$0.02 USD) - 2021/06/17 18:38:39 PT [2021/06/17 21:38:39 ET]
Table 'Almaak II' 9-max Seat #9 is the button
Seat 1: TreasurerCHCH ($2.42 in chips) 
Seat 2: Istytech ($2.07 in chips) 
Seat 3: cado bambam ($1.94 in chips) 
Seat 4: Dorex2007 ($2.12 in chips) 
Seat 5: Rocky4444423 ($0.71 in chips) 
Seat 6: nnatatiKA ($0.74 in chips) 
Seat 7: lhschmitt ($0.90 in chips) 
Seat 8: Denis1887922 ($3.17 in chips) 
Seat 9: ciaotiga ($2.78 in chips) 
TreasurerCHCH: posts small blind $0.01
Istytech: posts big blind $0.02
*** HOLE CARDS ***
Dealt to Dorex2007 [5s 6c]
cado bambam: folds 
Dorex2007: folds 
Rocky4444423: calls $0.02
nnatatiKA: folds 
lhschmitt: folds 
Denis1887922: folds 
ciaotiga has timed out
ciaotiga: folds 
TreasurerCHCH: folds 
Istytech: checks 
*** FLOP *** [5d 3h 8c]
Istytech: checks 
Rocky4444423: checks 
*** TURN *** [5d 3h 8c] [Td]
Istytech: bets $0.03
Rocky4444423: folds 
Uncalled bet ($0.03) returned to Istytech
Istytech collected $0.05 from pot
Istytech: doesn't show hand 
*** SUMMARY ***
Total pot $0.05 | Rake $0 
Board [5d 3h 8c Td]
Seat 1: TreasurerCHCH (small blind) folded before Flop
Seat 2: Istytech (big blind) collected ($0.05)
Seat 3: cado bambam folded before Flop (didn't bet)
Seat 4: Dorex2007 folded before Flop (didn't bet)
Seat 5: Rocky4444423 folded on the Turn
Seat 6: nnatatiKA folded before Flop (didn't bet)
Seat 7: lhschmitt folded before Flop (didn't bet)
Seat 8: Denis1887922 folded before Flop (didn't bet)
Seat 9: ciaotiga (button) folded before Flop (didn't bet)



PokerStars Hand #227659999324:  Hold'em No Limit ($0.01/$0.02 USD) - 2021/06/17 18:39:39 PT [2021/06/17 21:39:39 ET]
Table 'Almaak II' 9-max Seat #1 is the button
Seat 1: TreasurerCHCH ($2.41 in chips) 
Seat 2: Istytech ($2.10 in chips) 
Seat 3: cado bambam ($1.94 in chips) 
Seat 4: Dorex2007 ($2.12 in chips) 
Seat 5: Rocky4444423 ($0.69 in chips) 
Seat 6: nnatatiKA ($0.74 in chips) 
Seat 7: lhschmitt ($0.90 in chips) 
Seat 8: Denis1887922 ($3.17 in chips) 
Seat 9: ciaotiga ($2.78 in chips) 
Istytech: posts small blind $0.01
cado bambam: posts big blind $0.02
*** HOLE CARDS ***
Dealt to Dorex2007 [9d 7d]
Dorex2007: folds 
Rocky4444423: folds 
nnatatiKA: folds 
lhschmitt: calls $0.02
Denis1887922: folds 
ciaotiga: folds 
TreasurerCHCH: folds 
Istytech: folds 
cado bambam: checks 
*** FLOP *** [8s 4d 4s]
cado bambam: bets $0.05
lhschmitt: folds 
Uncalled bet ($0.05) returned to cado bambam
cado bambam collected $0.05 from pot
cado bambam: doesn't show hand 
*** SUMMARY ***
Total pot $0.05 | Rake $0 
Board [8s 4d 4s]
Seat 1: TreasurerCHCH (button) folded before Flop (didn't bet)
Seat 2: Istytech (small blind) folded before Flop
Seat 3: cado bambam (big blind) collected ($0.05)
Seat 4: Dorex2007 folded before Flop (didn't bet)
Seat 5: Rocky4444423 folded before Flop (didn't bet)
Seat 6: nnatatiKA folded before Flop (didn't bet)
Seat 7: lhschmitt folded on the Flop
Seat 8: Denis1887922 folded before Flop (didn't bet)
Seat 9: ciaotiga folded before Flop (didn't bet)



PokerStars Hand #227660018902:  Hold'em No Limit ($0.01/$0.02 USD) - 2021/06/17 18:40:27 PT [2021/06/17 21:40:27 ET]
Table 'Almaak II' 9-max Seat #2 is the button
Seat 1: TreasurerCHCH ($2.41 in chips) 
Seat 2: Istytech ($2.09 in chips) 
Seat 3: cado bambam ($1.97 in chips) 
Seat 4: Dorex2007 ($2.12 in chips) 
Seat 5: Rocky4444423 ($0.69 in chips) 
Seat 6: nnatatiKA ($0.74 in chips) 
Seat 7: lhschmitt ($0.88 in chips) 
Seat 8: Denis1887922 ($3.17 in chips) 
Seat 9: ciaotiga ($2.78 in chips) 
cado bambam: posts small blind $0.01
Dorex2007: posts big blind $0.02
*** HOLE CARDS ***
Dealt to Dorex2007 [Jh 8c]
Rocky4444423: calls $0.02
nnatatiKA: folds 
lhschmitt: calls $0.02
Denis1887922: folds 
ciaotiga: folds 
TreasurerCHCH: folds 
Istytech: folds 
cado bambam: calls $0.01
Dorex2007: checks 
*** FLOP *** [4d Qd Js]
cado bambam: checks 
Dorex2007: checks 
Rocky4444423: checks 
lhschmitt: checks 
*** TURN *** [4d Qd Js] [Tc]
cado bambam: checks 
Dorex2007: bets $0.05
Rocky4444423: calls $0.05
lhschmitt: calls $0.05
cado bambam: folds 
*** RIVER *** [4d Qd Js Tc] [9d]
Dorex2007: checks 
Rocky4444423: bets $0.02
lhschmitt: calls $0.02
Dorex2007: calls $0.02
*** SHOW DOWN ***
Rocky4444423: shows [Ad 8d] (a flush, Ace high)
lhschmitt: mucks hand 
Dorex2007: mucks hand 
Rocky4444423 collected $0.28 from pot
*** SUMMARY ***
Total pot $0.29 | Rake $0.01 
Board [4d Qd Js Tc 9d]
Seat 1: TreasurerCHCH folded before Flop (didn't bet)
Seat 2: Istytech (button) folded before Flop (didn't bet)
Seat 3: cado bambam (small blind) folded on the Turn
Seat 4: Dorex2007 (big blind) mucked [Jh 8c]
Seat 5: Rocky4444423 showed [Ad 8d] and won ($0.28) with a flush, Ace high
Seat 6: nnatatiKA folded before Flop (didn't bet)
Seat 7: lhschmitt mucked [8s 8h]
Seat 8: Denis1887922 folded before Flop (didn't bet)
Seat 9: ciaotiga folded before Flop (didn't bet)



PokerStars Hand #227660034541:  Hold'em No Limit ($0.01/$0.02 USD) - 2021/06/17 18:41:34 PT [2021/06/17 21:41:34 ET]
Table 'Almaak II' 9-max Seat #3 is the button
Seat 1: TreasurerCHCH ($2.41 in chips) 
Seat 2: Istytech ($2.09 in chips) 
Seat 3: cado bambam ($1.95 in chips) 
Seat 4: Dorex2007 ($2.03 in chips) 
Seat 5: Rocky4444423 ($0.88 in chips) 
Seat 6: nnatatiKA ($0.74 in chips) 
Seat 7: lhschmitt ($0.79 in chips) 
Seat 8: Denis1887922 ($3.17 in chips) 
Seat 9: ciaotiga ($2.78 in chips) 
Dorex2007: posts small blind $0.01
Rocky4444423: posts big blind $0.02
*** HOLE CARDS ***
Dealt to Dorex2007 [5d 3c]
nnatatiKA: folds 
lhschmitt: calls $0.02
Denis1887922: calls $0.02
ciaotiga: folds 
TreasurerCHCH: folds 
Istytech: folds 
cado bambam: folds 
Dorex2007: folds 
Rocky4444423: checks 
*** FLOP *** [6h Kc 7c]
Rocky4444423: checks 
lhschmitt: checks 
Denis1887922: checks 
*** TURN *** [6h Kc 7c] [Jh]
Rocky4444423: checks 
lhschmitt: checks 
Denis1887922: checks 
*** RIVER *** [6h Kc 7c Jh] [Qh]
Rocky4444423: bets $0.02
lhschmitt: folds 
Denis1887922: folds 
Uncalled bet ($0.02) returned to Rocky4444423
Rocky4444423 collected $0.07 from pot
*** SUMMARY ***
Total pot $0.07 | Rake $0 
Board [6h Kc 7c Jh Qh]
Seat 1: TreasurerCHCH folded before Flop (didn't bet)
Seat 2: Istytech folded before Flop (didn't bet)
Seat 3: cado bambam (button) folded before Flop (didn't bet)
Seat 4: Dorex2007 (small blind) folded before Flop
Seat 5: Rocky4444423 (big blind) collected ($0.07)
Seat 6: nnatatiKA folded before Flop (didn't bet)
Seat 7: lhschmitt folded on the River
Seat 8: Denis1887922 folded on the River
Seat 9: ciaotiga folded before Flop (didn't bet)



PokerStars Hand #227660055446:  Hold'em No Limit ($0.01/$0.02 USD) - 2021/06/17 18:42:25 PT [2021/06/17 21:42:25 ET]
Table 'Almaak II' 9-max Seat #4 is the button
Seat 1: TreasurerCHCH ($2.41 in chips) 
Seat 2: Istytech ($2.09 in chips) 
Seat 3: cado bambam ($1.95 in chips) 
Seat 4: Dorex2007 ($2.02 in chips) 
Seat 5: Rocky4444423 ($0.93 in chips) 
Seat 6: nnatatiKA ($0.74 in chips) 
Seat 7: lhschmitt ($0.77 in chips) 
Seat 8: Denis1887922 ($3.15 in chips) 
Seat 9: ciaotiga ($2.78 in chips) 
Rocky4444423: posts small blind $0.01
nnatatiKA: posts big blind $0.02
*** HOLE CARDS ***
Dealt to Dorex2007 [5c 9h]
lhschmitt: raises $0.05 to $0.07
Denis1887922: folds 
ciaotiga: folds 
TreasurerCHCH: folds 
Istytech: folds 
cado bambam: folds 
Dorex2007: folds 
Rocky4444423: folds 
nnatatiKA: calls $0.05
*** FLOP *** [Qh 8s 5h]
nnatatiKA: checks 
lhschmitt: checks 
*** TURN *** [Qh 8s 5h] [2d]
nnatatiKA: checks 
lhschmitt: checks 
*** RIVER *** [Qh 8s 5h 2d] [9s]
nnatatiKA: bets $0.14
lhschmitt: folds 
Uncalled bet ($0.14) returned to nnatatiKA
nnatatiKA collected $0.14 from pot
nnatatiKA: doesn't show hand 
*** SUMMARY ***
Total pot $0.15 | Rake $0.01 
Board [Qh 8s 5h 2d 9s]
Seat 1: TreasurerCHCH folded before Flop (didn't bet)
Seat 2: Istytech folded before Flop (didn't bet)
Seat 3: cado bambam folded before Flop (didn't bet)
Seat 4: Dorex2007 (button) folded before Flop (didn't bet)
Seat 5: Rocky4444423 (small blind) folded before Flop
Seat 6: nnatatiKA (big blind) collected ($0.14)
Seat 7: lhschmitt folded on the River
Seat 8: Denis1887922 folded before Flop (didn't bet)
Seat 9: ciaotiga folded before Flop (didn't bet)



PokerStars Hand #227660067690:  Hold'em No Limit ($0.01/$0.02 USD) - 2021/06/17 18:43:17 PT [2021/06/17 21:43:17 ET]
Table 'Almaak II' 9-max Seat #5 is the button
Seat 1: TreasurerCHCH ($2.41 in chips) 
Seat 2: Istytech ($2.09 in chips) 
Seat 3: cado bambam ($1.95 in chips) 
Seat 4: Dorex2007 ($2.02 in chips) 
Seat 5: Rocky4444423 ($0.92 in chips) 
Seat 6: nnatatiKA ($0.81 in chips) 
Seat 7: lhschmitt ($0.70 in chips) 
Seat 8: Denis1887922 ($3.15 in chips) 
Seat 9: ciaotiga ($2.78 in chips) 
nnatatiKA: posts small blind $0.01
lhschmitt: posts big blind $0.02
*** HOLE CARDS ***
Dealt to Dorex2007 [3c 5h]
Denis1887922: folds 
ciaotiga: raises $0.04 to $0.06
TreasurerCHCH: folds 
Istytech: folds 
cado bambam: folds 
Dorex2007: folds 
Rocky4444423: folds 
nnatatiKA: folds 
lhschmitt: calls $0.04
*** FLOP *** [3d Qd Tc]
lhschmitt: checks 
ciaotiga: checks 
*** TURN *** [3d Qd Tc] [9s]
lhschmitt: checks 
ciaotiga: bets $0.09
lhschmitt: calls $0.09
*** RIVER *** [3d Qd Tc 9s] [2s]
lhschmitt: checks 
ciaotiga: bets $0.21
lhschmitt: folds 
Uncalled bet ($0.21) returned to ciaotiga
ciaotiga collected $0.30 from pot
ciaotiga: doesn't show hand 
*** SUMMARY ***
Total pot $0.31 | Rake $0.01 
Board [3d Qd Tc 9s 2s]
Seat 1: TreasurerCHCH folded before Flop (didn't bet)
Seat 2: Istytech folded before Flop (didn't bet)
Seat 3: cado bambam folded before Flop (didn't bet)
Seat 4: Dorex2007 folded before Flop (didn't bet)
Seat 5: Rocky4444423 (button) folded before Flop (didn't bet)
Seat 6: nnatatiKA (small blind) folded before Flop
Seat 7: lhschmitt (big blind) folded on the River
Seat 8: Denis1887922 folded before Flop (didn't bet)
Seat 9: ciaotiga collected ($0.30)



PokerStars Hand #227660077971:  Hold'em No Limit ($0.01/$0.02 USD) - 2021/06/17 18:44:00 PT [2021/06/17 21:44:00 ET]
Table 'Almaak II' 9-max Seat #6 is the button
Seat 1: TreasurerCHCH ($2.41 in chips) 
Seat 2: Istytech ($2.09 in chips) 
Seat 3: cado bambam ($1.95 in chips) 
Seat 4: Dorex2007 ($2.02 in chips) 
Seat 5: Rocky4444423 ($0.92 in chips) 
Seat 6: nnatatiKA ($0.80 in chips) 
Seat 7: lhschmitt ($0.55 in chips) 
Seat 8: Denis1887922 ($3.15 in chips) 
Seat 9: ciaotiga ($2.93 in chips) 
lhschmitt: posts small blind $0.01
Denis1887922: posts big blind $0.02
*** HOLE CARDS ***
Dealt to Dorex2007 [8h 5h]
ciaotiga: folds 
TreasurerCHCH: folds 
Istytech: raises $0.04 to $0.06
cado bambam: calls $0.06
Dorex2007: folds 
Rocky4444423: folds 
nnatatiKA: folds 
lhschmitt: folds 
Denis1887922: folds 
*** FLOP *** [Kc 2s 5s]
lhschmitt leaves the table
Istytech: bets $0.07
cado bambam: calls $0.07
*** TURN *** [Kc 2s 5s] [2h]
Istytech: bets $0.14
cado bambam: calls $0.14
*** RIVER *** [Kc 2s 5s 2h] [Ac]
Istytech: bets $0.28
jivoi1111 joins the table at seat #7 
cado bambam: folds 
Uncalled bet ($0.28) returned to Istytech
Istytech collected $0.55 from pot
Istytech: doesn't show hand 
*** SUMMARY ***
Total pot $0.57 | Rake $0.02 
Board [Kc 2s 5s 2h Ac]
Seat 1: TreasurerCHCH folded before Flop (didn't bet)
Seat 2: Istytech collected ($0.55)
Seat 3: cado bambam folded on the River
Seat 4: Dorex2007 folded before Flop (didn't bet)
Seat 5: Rocky4444423 folded before Flop (didn't bet)
Seat 6: nnatatiKA (button) folded before Flop (didn't bet)
Seat 7: lhschmitt (small blind) folded before Flop
Seat 8: Denis1887922 (big blind) folded before Flop
Seat 9: ciaotiga folded before Flop (didn't bet)



PokerStars Hand #227660098801:  Hold'em No Limit ($0.01/$0.02 USD) - 2021/06/17 18:45:29 PT [2021/06/17 21:45:29 ET]
Table 'Almaak II' 9-max Seat #8 is the button
Seat 1: TreasurerCHCH ($2.41 in chips) 
Seat 2: Istytech ($2.37 in chips) 
Seat 3: cado bambam ($1.68 in chips) 
Seat 4: Dorex2007 ($2.02 in chips) 
Seat 5: Rocky4444423 ($0.92 in chips) 
Seat 6: nnatatiKA ($0.80 in chips) 
Seat 8: Denis1887922 ($3.13 in chips) 
Seat 9: ciaotiga ($2.93 in chips) 
ciaotiga: posts small blind $0.01
TreasurerCHCH: posts big blind $0.02
jivoi1111: sits out 
*** HOLE CARDS ***
Dealt to Dorex2007 [6h Ks]
Istytech: folds 
cado bambam: calls $0.02
Dorex2007: folds 
Rocky4444423 has timed out
Rocky4444423: folds 
nnatatiKA: folds 
Denis1887922: folds 
ciaotiga: raises $0.03 to $0.05
TreasurerCHCH: folds 
cado bambam: calls $0.03
*** FLOP *** [2s Ts 5s]
ciaotiga: checks 
cado bambam: bets $0.06
ciaotiga: calls $0.06
*** TURN *** [2s Ts 5s] [7d]
ciaotiga: checks 
cado bambam: bets $0.10
ciaotiga: folds 
Uncalled bet ($0.10) returned to cado bambam
cado bambam collected $0.23 from pot
cado bambam: doesn't show hand 
*** SUMMARY ***
Total pot $0.24 | Rake $0.01 
Board [2s Ts 5s 7d]
Seat 1: TreasurerCHCH (big blind) folded before Flop
Seat 2: Istytech folded before Flop (didn't bet)
Seat 3: cado bambam collected ($0.23)
Seat 4: Dorex2007 folded before Flop (didn't bet)
Seat 5: Rocky4444423 folded before Flop (didn't bet)
Seat 6: nnatatiKA folded before Flop (didn't bet)
Seat 8: Denis1887922 (button) folded before Flop (didn't bet)
Seat 9: ciaotiga (small blind) folded on the Turn



PokerStars Hand #227660112853:  Hold'em No Limit ($0.01/$0.02 USD) - 2021/06/17 18:46:29 PT [2021/06/17 21:46:29 ET]
Table 'Almaak II' 9-max Seat #9 is the button
Seat 1: TreasurerCHCH ($2.39 in chips) 
Seat 2: Istytech ($2.37 in chips) 
Seat 3: cado bambam ($2 in chips) 
Seat 4: Dorex2007 ($2.02 in chips) 
Seat 5: Rocky4444423 ($0.92 in chips) 
Seat 6: nnatatiKA ($0.80 in chips) 
Seat 7: jivoi1111 ($1.17 in chips) 
Seat 8: Denis1887922 ($3.13 in chips) 
Seat 9: ciaotiga ($2.82 in chips) 
TreasurerCHCH: posts small blind $0.01
Istytech: posts big blind $0.02
jivoi1111: posts big blind $0.02
*** HOLE CARDS ***
Dealt to Dorex2007 [2c 5c]
cado bambam: folds 
Dorex2007: folds 
Rocky4444423: calls $0.02
nnatatiKA: folds 
jivoi1111: checks 
Denis1887922: calls $0.02
ciaotiga: folds 
TreasurerCHCH: calls $0.01
Istytech: checks 
*** FLOP *** [Td Tc 3d]
TreasurerCHCH: checks 
Istytech: checks 
Rocky4444423: checks 
jivoi1111: checks 
Denis1887922: checks 
*** TURN *** [Td Tc 3d] [As]
TreasurerCHCH: checks 
Istytech: checks 
Rocky4444423: bets $0.02
jivoi1111: folds 
Denis1887922: calls $0.02
TreasurerCHCH: folds 
Istytech: folds 
*** RIVER *** [Td Tc 3d As] [5h]
Rocky4444423: bets $0.02
Denis1887922: raises $0.09 to $0.11
Rocky4444423: calls $0.09
*** SHOW DOWN ***
Denis1887922: shows [Ah 6h] (two pair, Aces and Tens)
Rocky4444423: mucks hand 
Denis1887922 collected $0.35 from pot
*** SUMMARY ***
Total pot $0.36 | Rake $0.01 
Board [Td Tc 3d As 5h]
Seat 1: TreasurerCHCH (small blind) folded on the Turn
Seat 2: Istytech (big blind) folded on the Turn
Seat 3: cado bambam folded before Flop (didn't bet)
Seat 4: Dorex2007 folded before Flop (didn't bet)
Seat 5: Rocky4444423 mucked [Qh Qs]
Seat 6: nnatatiKA folded before Flop (didn't bet)
Seat 7: jivoi1111 folded on the Turn (didn't bet)
Seat 8: Denis1887922 showed [Ah 6h] and won ($0.35) with two pair, Aces and Tens
Seat 9: ciaotiga (button) folded before Flop (didn't bet)



