PokerStars Hand #232622879999:  Hold'em No Limit ($0.01/$0.02 USD) - 2021/12/28 22:31:40 PT [2021/12/29 1:31:40 ET]
Table 'Kentaurus IV' 9-max Seat #5 is the button
Seat 1: Zuban442 ($0.95 in chips) 
Seat 2: crossfade1 ($2.01 in chips) 
Seat 3: CEOSpoker ($2.69 in chips) 
Seat 5: TornadeoJim ($2.47 in chips) 
Seat 6: OriginalM ($0.90 in chips) 
Seat 7: Dorex2007 ($2 in chips) 
Seat 8: gektor77777 ($2.43 in chips) 
Seat 9: geniuss ($2.04 in chips) 
OriginalM: posts small blind $0.01
Dorex2007: posts big blind $0.02
*** HOLE CARDS ***
Dealt to Dorex2007 [5d Js]
pork&beans76 leaves the table
gektor77777: raises $0.04 to $0.06
geniuss: folds 
Zuban442: folds 
crossfade1: folds 
CEOSpoker: folds 
TornadeoJim: folds 
OriginalM: folds 
Dorex2007: folds 
Uncalled bet ($0.04) returned to gektor77777
gektor77777 collected $0.05 from pot
*** SUMMARY ***
Total pot $0.05 | Rake $0 
Seat 1: Zuban442 folded before Flop (didn't bet)
Seat 2: crossfade1 folded before Flop (didn't bet)
Seat 3: CEOSpoker folded before Flop (didn't bet)
Seat 5: TornadeoJim (button) folded before Flop (didn't bet)
Seat 6: OriginalM (small blind) folded before Flop
Seat 7: Dorex2007 (big blind) folded before Flop
Seat 8: gektor77777 collected ($0.05)
Seat 9: geniuss folded before Flop (didn't bet)



PokerStars Hand #232622882270:  Hold'em No Limit ($0.01/$0.02 USD) - 2021/12/28 22:31:56 PT [2021/12/29 1:31:56 ET]
Table 'Kentaurus IV' 9-max Seat #6 is the button
Seat 1: Zuban442 ($0.95 in chips) 
Seat 2: crossfade1 ($2.01 in chips) 
Seat 3: CEOSpoker ($2.69 in chips) 
Seat 5: TornadeoJim ($2.47 in chips) 
Seat 6: OriginalM ($0.89 in chips) 
Seat 7: Dorex2007 ($2 in chips) 
Seat 9: geniuss ($2.04 in chips) 
Dorex2007: posts small blind $0.01
geniuss: posts big blind $0.02
*** HOLE CARDS ***
Dealt to Dorex2007 [6h 4c]
gektor77777 leaves the table
Zuban442: folds 
crossfade1: folds 
CEOSpoker: folds 
TornadeoJim: folds 
OriginalM: calls $0.02
Dorex2007: folds 
geniuss: checks 
*** FLOP *** [Ks 8h 8c]
geniuss: checks 
OriginalM: bets $0.02
geniuss: folds 
Uncalled bet ($0.02) returned to OriginalM
OriginalM collected $0.05 from pot
OriginalM: doesn't show hand 
*** SUMMARY ***
Total pot $0.05 | Rake $0 
Board [Ks 8h 8c]
Seat 1: Zuban442 folded before Flop (didn't bet)
Seat 2: crossfade1 folded before Flop (didn't bet)
Seat 3: CEOSpoker folded before Flop (didn't bet)
Seat 5: TornadeoJim folded before Flop (didn't bet)
Seat 6: OriginalM (button) collected ($0.05)
Seat 7: Dorex2007 (small blind) folded before Flop
Seat 9: geniuss (big blind) folded on the Flop



PokerStars Hand #232622887491:  Hold'em No Limit ($0.01/$0.02 USD) - 2021/12/28 22:32:33 PT [2021/12/29 1:32:33 ET]
Table 'Kentaurus IV' 9-max Seat #7 is the button
Seat 1: Zuban442 ($0.95 in chips) 
Seat 2: crossfade1 ($2.01 in chips) 
Seat 3: CEOSpoker ($2.69 in chips) 
Seat 5: TornadeoJim ($2.47 in chips) 
Seat 6: OriginalM ($0.92 in chips) 
Seat 7: Dorex2007 ($2 in chips) 
Seat 9: geniuss ($2.02 in chips) 
geniuss: posts small blind $0.01
Zuban442: posts big blind $0.02
*** HOLE CARDS ***
Dealt to Dorex2007 [3s 5s]
crossfade1: raises $0.02 to $0.04
CEOSpoker: folds 
TornadeoJim: calls $0.04
OriginalM: folds 
Dorex2007: folds 
geniuss: folds 
Zuban442: folds 
*** FLOP *** [Qs 8c Ah]
crossfade1: bets $0.06
TornadeoJim: folds 
Uncalled bet ($0.06) returned to crossfade1
crossfade1 collected $0.11 from pot
crossfade1: doesn't show hand 
*** SUMMARY ***
Total pot $0.11 | Rake $0 
Board [Qs 8c Ah]
Seat 1: Zuban442 (big blind) folded before Flop
Seat 2: crossfade1 collected ($0.11)
Seat 3: CEOSpoker folded before Flop (didn't bet)
Seat 5: TornadeoJim folded on the Flop
Seat 6: OriginalM folded before Flop (didn't bet)
Seat 7: Dorex2007 (button) folded before Flop (didn't bet)
Seat 9: geniuss (small blind) folded before Flop



PokerStars Hand #232622892901:  Hold'em No Limit ($0.01/$0.02 USD) - 2021/12/28 22:33:11 PT [2021/12/29 1:33:11 ET]
Table 'Kentaurus IV' 9-max Seat #9 is the button
Seat 1: Zuban442 ($0.93 in chips) 
Seat 2: crossfade1 ($2.08 in chips) 
Seat 3: CEOSpoker ($2.69 in chips) 
Seat 5: TornadeoJim ($2.43 in chips) 
Seat 6: OriginalM ($0.92 in chips) 
Seat 7: Dorex2007 ($2 in chips) 
Seat 9: geniuss ($2.01 in chips) 
Zuban442: posts small blind $0.01
crossfade1: posts big blind $0.02
*** HOLE CARDS ***
Dealt to Dorex2007 [2c 8c]
CEOSpoker: calls $0.02
TornadeoJim: folds 
OriginalM: calls $0.02
Dorex2007: folds 
geniuss: folds 
Zuban442: folds 
crossfade1: checks 
*** FLOP *** [4h Jc Jd]
crossfade1: checks 
CEOSpoker: checks 
OriginalM: checks 
*** TURN *** [4h Jc Jd] [Qd]
crossfade1: checks 
CEOSpoker: checks 
OriginalM: checks 
*** RIVER *** [4h Jc Jd Qd] [6d]
crossfade1: bets $0.04
CEOSpoker: folds 
OriginalM: folds 
Uncalled bet ($0.04) returned to crossfade1
crossfade1 collected $0.07 from pot
crossfade1: doesn't show hand 
*** SUMMARY ***
Total pot $0.07 | Rake $0 
Board [4h Jc Jd Qd 6d]
Seat 1: Zuban442 (small blind) folded before Flop
Seat 2: crossfade1 (big blind) collected ($0.07)
Seat 3: CEOSpoker folded on the River
Seat 5: TornadeoJim folded before Flop (didn't bet)
Seat 6: OriginalM folded on the River
Seat 7: Dorex2007 folded before Flop (didn't bet)
Seat 9: geniuss (button) folded before Flop (didn't bet)



PokerStars Hand #232622901970:  Hold'em No Limit ($0.01/$0.02 USD) - 2021/12/28 22:34:15 PT [2021/12/29 1:34:15 ET]
Table 'Kentaurus IV' 9-max Seat #1 is the button
Seat 1: Zuban442 ($0.92 in chips) 
Seat 2: crossfade1 ($2.13 in chips) 
Seat 3: CEOSpoker ($2.67 in chips) 
Seat 5: TornadeoJim ($2.43 in chips) 
Seat 6: OriginalM ($0.90 in chips) 
Seat 7: Dorex2007 ($2 in chips) 
Seat 9: geniuss ($2.01 in chips) 
crossfade1: posts small blind $0.01
CEOSpoker: posts big blind $0.02
*** HOLE CARDS ***
Dealt to Dorex2007 [8h Qc]
TornadeoJim: folds 
OriginalM: calls $0.02
Dorex2007: folds 
geniuss: folds 
Zuban442: folds 
crossfade1: calls $0.01
CEOSpoker: raises $0.05 to $0.07
OriginalM: calls $0.05
crossfade1: folds 
*** FLOP *** [Td Kh 2h]
CEOSpoker: checks 
OriginalM: checks 
*** TURN *** [Td Kh 2h] [9h]
CEOSpoker: checks 
OriginalM: checks 
*** RIVER *** [Td Kh 2h 9h] [Qh]
CEOSpoker: bets $0.15
OriginalM: folds 
Uncalled bet ($0.15) returned to CEOSpoker
CEOSpoker collected $0.15 from pot
CEOSpoker: doesn't show hand 
*** SUMMARY ***
Total pot $0.16 | Rake $0.01 
Board [Td Kh 2h 9h Qh]
Seat 1: Zuban442 (button) folded before Flop (didn't bet)
Seat 2: crossfade1 (small blind) folded before Flop
Seat 3: CEOSpoker (big blind) collected ($0.15)
Seat 5: TornadeoJim folded before Flop (didn't bet)
Seat 6: OriginalM folded on the River
Seat 7: Dorex2007 folded before Flop (didn't bet)
Seat 9: geniuss folded before Flop (didn't bet)



PokerStars Hand #232622910834:  Hold'em No Limit ($0.01/$0.02 USD) - 2021/12/28 22:35:16 PT [2021/12/29 1:35:16 ET]
Table 'Kentaurus IV' 9-max Seat #2 is the button
Seat 1: Zuban442 ($0.92 in chips) 
Seat 2: crossfade1 ($2.11 in chips) 
Seat 3: CEOSpoker ($2.75 in chips) 
Seat 5: TornadeoJim ($2.43 in chips) 
Seat 6: OriginalM ($0.83 in chips) 
Seat 7: Dorex2007 ($2 in chips) 
Seat 9: geniuss ($2.01 in chips) 
CEOSpoker: posts small blind $0.01
TornadeoJim: posts big blind $0.02
*** HOLE CARDS ***
Dealt to Dorex2007 [9d Ac]
OriginalM: raises $0.02 to $0.04
Dorex2007: folds 
geniuss: folds 
Zuban442: folds 
crossfade1: folds 
CEOSpoker: calls $0.03
TornadeoJim: calls $0.02
*** FLOP *** [Jh 9s 5h]
CEOSpoker: checks 
TornadeoJim: checks 
OriginalM: checks 
*** TURN *** [Jh 9s 5h] [6s]
CEOSpoker: checks 
TornadeoJim: checks 
OriginalM: checks 
*** RIVER *** [Jh 9s 5h 6s] [5c]
CEOSpoker: checks 
TornadeoJim: checks 
OriginalM: bets $0.12
CEOSpoker: folds 
TornadeoJim: folds 
Uncalled bet ($0.12) returned to OriginalM
OriginalM collected $0.12 from pot
OriginalM: doesn't show hand 
*** SUMMARY ***
Total pot $0.12 | Rake $0 
Board [Jh 9s 5h 6s 5c]
Seat 1: Zuban442 folded before Flop (didn't bet)
Seat 2: crossfade1 (button) folded before Flop (didn't bet)
Seat 3: CEOSpoker (small blind) folded on the River
Seat 5: TornadeoJim (big blind) folded on the River
Seat 6: OriginalM collected ($0.12)
Seat 7: Dorex2007 folded before Flop (didn't bet)
Seat 9: geniuss folded before Flop (didn't bet)



