PokerStars Hand #230660308146:  Hold'em No Limit ($0.01/$0.02 USD) - 2021/10/16 14:15:41 PT [2021/10/16 17:15:41 ET]
Table 'Schedar III' 9-max Seat #3 is the button
Seat 1: richseas ($4.36 in chips) 
Seat 2: Dorex2007 ($2 in chips) 
Seat 3: juancsnm ($1.61 in chips) 
Seat 5: Pepono101 ($1.95 in chips) 
Seat 6: liracle ($1.45 in chips) 
Seat 7: Borrmann2020 ($0.33 in chips) 
Seat 8: Razor_Npl ($2.77 in chips) 
Pepono101: posts small blind $0.01
liracle: posts big blind $0.02
Dorex2007: posts big blind $0.02
*** HOLE CARDS ***
Dealt to Dorex2007 [8s Ts]
Borrmann2020: calls $0.02
Razor_Npl: folds 
OldRasta1984 joins the table at seat #9 
richseas: folds 
Dorex2007: checks 
juancsnm: folds 
Pepono101: calls $0.01
liracle: checks 
*** FLOP *** [3c 6c 5h]
Pepono101: checks 
liracle: checks 
Borrmann2020: bets $0.04
Dorex2007: folds 
Pepono101: calls $0.04
liracle: calls $0.04
*** TURN *** [3c 6c 5h] [Tc]
Pepono101: checks 
liracle: checks 
Borrmann2020: bets $0.08
Pepono101: folds 
liracle: calls $0.08
*** RIVER *** [3c 6c 5h Tc] [Kh]
liracle: checks 
Borrmann2020: checks 
*** SHOW DOWN ***
liracle: shows [6s As] (a pair of Sixes)
Borrmann2020: shows [Qd Ks] (a pair of Kings)
Borrmann2020 collected $0.35 from pot
*** SUMMARY ***
Total pot $0.36 | Rake $0.01 
Board [3c 6c 5h Tc Kh]
Seat 1: richseas folded before Flop (didn't bet)
Seat 2: Dorex2007 folded on the Flop (didn't bet)
Seat 3: juancsnm (button) folded before Flop (didn't bet)
Seat 5: Pepono101 (small blind) folded on the Turn
Seat 6: liracle (big blind) showed [6s As] and lost with a pair of Sixes
Seat 7: Borrmann2020 showed [Qd Ks] and won ($0.35) with a pair of Kings
Seat 8: Razor_Npl folded before Flop (didn't bet)



PokerStars Hand #230660341330:  Hold'em No Limit ($0.01/$0.02 USD) - 2021/10/16 14:16:52 PT [2021/10/16 17:16:52 ET]
Table 'Schedar III' 9-max Seat #5 is the button
Seat 1: richseas ($4.36 in chips) 
Seat 2: Dorex2007 ($1.98 in chips) 
Seat 3: juancsnm ($1.61 in chips) 
Seat 4: sleik23 ($2 in chips) 
Seat 5: Pepono101 ($1.89 in chips) 
Seat 6: liracle ($1.31 in chips) 
Seat 7: Borrmann2020 ($0.54 in chips) 
Seat 8: Razor_Npl ($2.77 in chips) 
liracle: posts small blind $0.01
Borrmann2020: posts big blind $0.02
OldRasta1984: sits out 
sleik23: posts big blind $0.02
*** HOLE CARDS ***
Dealt to Dorex2007 [9s 8d]
Razor_Npl: folds 
richseas: folds 
Dorex2007: folds 
juancsnm: folds 
sleik23: checks 
Pepono101: raises $0.07 to $0.09
liracle: folds 
Borrmann2020: folds 
sleik23: folds 
Uncalled bet ($0.07) returned to Pepono101
Pepono101 collected $0.07 from pot
Pepono101: doesn't show hand 
*** SUMMARY ***
Total pot $0.07 | Rake $0 
Seat 1: richseas folded before Flop (didn't bet)
Seat 2: Dorex2007 folded before Flop (didn't bet)
Seat 3: juancsnm folded before Flop (didn't bet)
Seat 4: sleik23 folded before Flop (didn't bet)
Seat 5: Pepono101 (button) collected ($0.07)
Seat 6: liracle (small blind) folded before Flop
Seat 7: Borrmann2020 (big blind) folded before Flop
Seat 8: Razor_Npl folded before Flop (didn't bet)



PokerStars Hand #230660351646:  Hold'em No Limit ($0.01/$0.02 USD) - 2021/10/16 14:17:15 PT [2021/10/16 17:17:15 ET]
Table 'Schedar III' 9-max Seat #6 is the button
Seat 1: richseas ($4.36 in chips) 
Seat 2: Dorex2007 ($1.98 in chips) 
Seat 3: juancsnm ($1.61 in chips) 
Seat 4: sleik23 ($2 in chips) 
Seat 5: Pepono101 ($1.94 in chips) 
Seat 6: liracle ($1.30 in chips) 
Seat 7: Borrmann2020 ($0.52 in chips) 
Seat 8: Razor_Npl ($2.77 in chips) 
Borrmann2020: posts small blind $0.01
Razor_Npl: posts big blind $0.02
OldRasta1984: sits out 
*** HOLE CARDS ***
Dealt to Dorex2007 [Qd 6h]
richseas: raises $0.04 to $0.06
Dorex2007: folds 
juancsnm: calls $0.06
sleik23: folds 
Pepono101: folds 
liracle: folds 
Borrmann2020: folds 
Razor_Npl: folds 
*** FLOP *** [8s Ts 4d]
richseas: checks 
juancsnm: bets $0.08
richseas: calls $0.08
*** TURN *** [8s Ts 4d] [3c]
richseas: checks 
juancsnm: bets $0.16
richseas: folds 
Uncalled bet ($0.16) returned to juancsnm
juancsnm collected $0.30 from pot
juancsnm: doesn't show hand 
*** SUMMARY ***
Total pot $0.31 | Rake $0.01 
Board [8s Ts 4d 3c]
Seat 1: richseas folded on the Turn
Seat 2: Dorex2007 folded before Flop (didn't bet)
Seat 3: juancsnm collected ($0.30)
Seat 4: sleik23 folded before Flop (didn't bet)
Seat 5: Pepono101 folded before Flop (didn't bet)
Seat 6: liracle (button) folded before Flop (didn't bet)
Seat 7: Borrmann2020 (small blind) folded before Flop
Seat 8: Razor_Npl (big blind) folded before Flop



PokerStars Hand #230660379587:  Hold'em No Limit ($0.01/$0.02 USD) - 2021/10/16 14:18:15 PT [2021/10/16 17:18:15 ET]
Table 'Schedar III' 9-max Seat #7 is the button
Seat 1: richseas ($4.22 in chips) 
Seat 2: Dorex2007 ($1.98 in chips) 
Seat 3: juancsnm ($1.77 in chips) 
Seat 4: sleik23 ($2 in chips) 
Seat 5: Pepono101 ($1.94 in chips) 
Seat 6: liracle ($1.30 in chips) 
Seat 7: Borrmann2020 ($0.51 in chips) 
Seat 8: Razor_Npl ($2.75 in chips) 
Seat 9: OldRasta1984 ($0.80 in chips) 
Razor_Npl: posts small blind $0.01
OldRasta1984: posts big blind $0.02
*** HOLE CARDS ***
Dealt to Dorex2007 [5d Jh]
richseas: folds 
Dorex2007: folds 
juancsnm: folds 
sleik23: folds 
Pepono101: folds 
liracle: folds 
Borrmann2020: folds 
Razor_Npl: folds 
Uncalled bet ($0.01) returned to OldRasta1984
Razor_Npl leaves the table
OldRasta1984 collected $0.02 from pot
OldRasta1984: doesn't show hand 
*** SUMMARY ***
Total pot $0.02 | Rake $0 
Seat 1: richseas folded before Flop (didn't bet)
Seat 2: Dorex2007 folded before Flop (didn't bet)
Seat 3: juancsnm folded before Flop (didn't bet)
Seat 4: sleik23 folded before Flop (didn't bet)
Seat 5: Pepono101 folded before Flop (didn't bet)
Seat 6: liracle folded before Flop (didn't bet)
Seat 7: Borrmann2020 (button) folded before Flop (didn't bet)
Seat 8: Razor_Npl (small blind) folded before Flop
Seat 9: OldRasta1984 (big blind) collected ($0.02)



PokerStars Hand #230660387151:  Hold'em No Limit ($0.01/$0.02 USD) - 2021/10/16 14:18:31 PT [2021/10/16 17:18:31 ET]
Table 'Schedar III' 9-max Seat #9 is the button
Seat 1: richseas ($4.22 in chips) 
Seat 2: Dorex2007 ($1.98 in chips) 
Seat 3: juancsnm ($1.77 in chips) 
Seat 4: sleik23 ($2 in chips) 
Seat 5: Pepono101 ($1.94 in chips) 
Seat 6: liracle ($1.30 in chips) 
Seat 7: Borrmann2020 ($0.51 in chips) 
Seat 9: OldRasta1984 ($0.81 in chips) 
richseas: posts small blind $0.01
Dorex2007: posts big blind $0.02
*** HOLE CARDS ***
Dealt to Dorex2007 [7h 9c]
juancsnm: folds 
sleik23: folds 
Pepono101: raises $0.04 to $0.06
liracle: calls $0.06
Borrmann2020: folds 
OldRasta1984: folds 
richseas: folds 
Dorex2007: folds 
*** FLOP *** [Td 9d Kh]
Radiergummi0 joins the table at seat #8 
Pepono101: checks 
liracle: checks 
*** TURN *** [Td 9d Kh] [Jh]
Pepono101: checks 
liracle: bets $0.07
Pepono101: folds 
Uncalled bet ($0.07) returned to liracle
liracle collected $0.14 from pot
liracle: doesn't show hand 
*** SUMMARY ***
Total pot $0.15 | Rake $0.01 
Board [Td 9d Kh Jh]
Seat 1: richseas (small blind) folded before Flop
Seat 2: Dorex2007 (big blind) folded before Flop
Seat 3: juancsnm folded before Flop (didn't bet)
Seat 4: sleik23 folded before Flop (didn't bet)
Seat 5: Pepono101 folded on the Turn
Seat 6: liracle collected ($0.14)
Seat 7: Borrmann2020 folded before Flop (didn't bet)
Seat 9: OldRasta1984 (button) folded before Flop (didn't bet)



PokerStars Hand #230660409476:  Hold'em No Limit ($0.01/$0.02 USD) - 2021/10/16 14:19:19 PT [2021/10/16 17:19:19 ET]
Table 'Schedar III' 9-max Seat #1 is the button
Seat 1: richseas ($4.21 in chips) 
Seat 2: Dorex2007 ($1.96 in chips) 
Seat 3: juancsnm ($1.77 in chips) 
Seat 4: sleik23 ($2 in chips) 
Seat 5: Pepono101 ($1.88 in chips) 
Seat 6: liracle ($1.38 in chips) 
Seat 7: Borrmann2020 ($0.51 in chips) 
Seat 9: OldRasta1984 ($0.81 in chips) 
Dorex2007: posts small blind $0.01
juancsnm: posts big blind $0.02
Radiergummi0: sits out 
*** HOLE CARDS ***
Dealt to Dorex2007 [2s 9c]
sleik23: folds 
Pepono101: raises $0.05 to $0.07
liracle: folds 
Borrmann2020: calls $0.07
OldRasta1984: folds 
richseas: folds 
Dorex2007: folds 
juancsnm: folds 
*** FLOP *** [6s Ac 4c]
Radiergummi0 leaves the table
Pepono101: checks 
Borrmann2020: checks 
*** TURN *** [6s Ac 4c] [Qs]
Pepono101: checks 
Borrmann2020: bets $0.06
Pepono101: folds 
Uncalled bet ($0.06) returned to Borrmann2020
Borrmann2020 collected $0.16 from pot
Borrmann2020: doesn't show hand 
*** SUMMARY ***
Total pot $0.17 | Rake $0.01 
Board [6s Ac 4c Qs]
Seat 1: richseas (button) folded before Flop (didn't bet)
Seat 2: Dorex2007 (small blind) folded before Flop
Seat 3: juancsnm (big blind) folded before Flop
Seat 4: sleik23 folded before Flop (didn't bet)
Seat 5: Pepono101 folded on the Turn
Seat 6: liracle folded before Flop (didn't bet)
Seat 7: Borrmann2020 collected ($0.16)
Seat 9: OldRasta1984 folded before Flop (didn't bet)



PokerStars Hand #230660425275:  Hold'em No Limit ($0.01/$0.02 USD) - 2021/10/16 14:19:53 PT [2021/10/16 17:19:53 ET]
Table 'Schedar III' 9-max Seat #2 is the button
Seat 1: richseas ($4.21 in chips) 
Seat 2: Dorex2007 ($1.95 in chips) 
Seat 3: juancsnm ($1.75 in chips) 
Seat 4: sleik23 ($2 in chips) 
Seat 5: Pepono101 ($1.81 in chips) 
Seat 6: liracle ($1.38 in chips) 
Seat 7: Borrmann2020 ($0.60 in chips) 
Seat 9: OldRasta1984 ($0.81 in chips) 
juancsnm: posts small blind $0.01
sleik23: posts big blind $0.02
*** HOLE CARDS ***
Dealt to Dorex2007 [3c Td]
Murere joins the table at seat #8 
Pepono101: raises $0.02 to $0.04
liracle: folds 
Borrmann2020: calls $0.04
OldRasta1984: folds 
richseas: folds 
Dorex2007: folds 
juancsnm: folds 
sleik23: calls $0.02
*** FLOP *** [2h 9h 2s]
sleik23: checks 
Pepono101: checks 
Borrmann2020: bets $0.06
sleik23: folds 
Pepono101: calls $0.06
*** TURN *** [2h 9h 2s] [4d]
Pepono101: checks 
Borrmann2020: bets $0.12
Pepono101: calls $0.12
*** RIVER *** [2h 9h 2s 4d] [6s]
Pepono101: checks 
Borrmann2020: bets $0.23
Pepono101: folds 
Uncalled bet ($0.23) returned to Borrmann2020
Borrmann2020 collected $0.47 from pot
Borrmann2020: doesn't show hand 
*** SUMMARY ***
Total pot $0.49 | Rake $0.02 
Board [2h 9h 2s 4d 6s]
Seat 1: richseas folded before Flop (didn't bet)
Seat 2: Dorex2007 (button) folded before Flop (didn't bet)
Seat 3: juancsnm (small blind) folded before Flop
Seat 4: sleik23 (big blind) folded on the Flop
Seat 5: Pepono101 folded on the River
Seat 6: liracle folded before Flop (didn't bet)
Seat 7: Borrmann2020 collected ($0.47)
Seat 9: OldRasta1984 folded before Flop (didn't bet)



PokerStars Hand #230660455838:  Hold'em No Limit ($0.01/$0.02 USD) - 2021/10/16 14:21:00 PT [2021/10/16 17:21:00 ET]
Table 'Schedar III' 9-max Seat #3 is the button
Seat 1: richseas ($4.21 in chips) 
Seat 2: Dorex2007 ($1.95 in chips) 
Seat 3: juancsnm ($1.74 in chips) 
Seat 4: sleik23 ($2 in chips) 
Seat 5: Pepono101 ($1.59 in chips) 
Seat 6: liracle ($1.38 in chips) 
Seat 7: Borrmann2020 ($0.85 in chips) 
Seat 8: Murere ($2 in chips) 
Seat 9: OldRasta1984 ($0.81 in chips) 
sleik23: posts small blind $0.01
Pepono101: posts big blind $0.02
Murere: posts big blind $0.02
*** HOLE CARDS ***
Dealt to Dorex2007 [2c Jc]
liracle: folds 
Borrmann2020: folds 
Murere: checks 
OldRasta1984: folds 
richseas: folds 
Dorex2007: folds 
juancsnm: calls $0.02
sleik23: folds 
Pepono101: checks 
*** FLOP *** [Ts 2d Td]
Pepono101: checks 
Murere: bets $0.04
juancsnm: calls $0.04
Pepono101: folds 
*** TURN *** [Ts 2d Td] [5s]
Murere: bets $0.14
juancsnm: folds 
Uncalled bet ($0.14) returned to Murere
Murere collected $0.14 from pot
Murere: doesn't show hand 
*** SUMMARY ***
Total pot $0.15 | Rake $0.01 
Board [Ts 2d Td 5s]
Seat 1: richseas folded before Flop (didn't bet)
Seat 2: Dorex2007 folded before Flop (didn't bet)
Seat 3: juancsnm (button) folded on the Turn
Seat 4: sleik23 (small blind) folded before Flop
Seat 5: Pepono101 (big blind) folded on the Flop
Seat 6: liracle folded before Flop (didn't bet)
Seat 7: Borrmann2020 folded before Flop (didn't bet)
Seat 8: Murere collected ($0.14)
Seat 9: OldRasta1984 folded before Flop (didn't bet)



PokerStars Hand #230660478837:  Hold'em No Limit ($0.01/$0.02 USD) - 2021/10/16 14:21:50 PT [2021/10/16 17:21:50 ET]
Table 'Schedar III' 9-max Seat #4 is the button
Seat 1: richseas ($4.21 in chips) 
Seat 2: Dorex2007 ($1.95 in chips) 
Seat 3: juancsnm ($1.68 in chips) 
Seat 4: sleik23 ($2 in chips) 
Seat 5: Pepono101 ($1.57 in chips) 
Seat 6: liracle ($1.38 in chips) 
Seat 7: Borrmann2020 ($0.85 in chips) 
Seat 8: Murere ($2.08 in chips) 
Seat 9: OldRasta1984 ($0.81 in chips) 
Pepono101: posts small blind $0.01
liracle: posts big blind $0.02
*** HOLE CARDS ***
Dealt to Dorex2007 [Js Th]
Borrmann2020: folds 
Murere: folds 
OldRasta1984: folds 
richseas: folds 
Dorex2007: folds 
juancsnm: folds 
sleik23: folds 
Pepono101: calls $0.01
liracle: raises $0.04 to $0.06
Pepono101: calls $0.04
*** FLOP *** [6c 9c 5d]
Pepono101: checks 
liracle: bets $0.06
Pepono101: calls $0.06
*** TURN *** [6c 9c 5d] [5h]
Pepono101: checks 
liracle: bets $0.15
Pepono101: calls $0.15
*** RIVER *** [6c 9c 5d 5h] [Tc]
Pepono101: checks 
liracle: checks 
*** SHOW DOWN ***
Pepono101: shows [9d Qd] (two pair, Nines and Fives)
liracle: shows [Qs Qh] (two pair, Queens and Fives)
liracle collected $0.52 from pot
*** SUMMARY ***
Total pot $0.54 | Rake $0.02 
Board [6c 9c 5d 5h Tc]
Seat 1: richseas folded before Flop (didn't bet)
Seat 2: Dorex2007 folded before Flop (didn't bet)
Seat 3: juancsnm folded before Flop (didn't bet)
Seat 4: sleik23 (button) folded before Flop (didn't bet)
Seat 5: Pepono101 (small blind) showed [9d Qd] and lost with two pair, Nines and Fives
Seat 6: liracle (big blind) showed [Qs Qh] and won ($0.52) with two pair, Queens and Fives
Seat 7: Borrmann2020 folded before Flop (didn't bet)
Seat 8: Murere folded before Flop (didn't bet)
Seat 9: OldRasta1984 folded before Flop (didn't bet)



PokerStars Hand #230660504030:  Hold'em No Limit ($0.01/$0.02 USD) - 2021/10/16 14:22:45 PT [2021/10/16 17:22:45 ET]
Table 'Schedar III' 9-max Seat #5 is the button
Seat 1: richseas ($4.21 in chips) 
Seat 2: Dorex2007 ($1.95 in chips) 
Seat 3: juancsnm ($1.68 in chips) 
Seat 4: sleik23 ($2 in chips) 
Seat 5: Pepono101 ($1.30 in chips) 
Seat 6: liracle ($1.63 in chips) 
Seat 7: Borrmann2020 ($0.85 in chips) 
Seat 8: Murere ($2.08 in chips) 
Seat 9: OldRasta1984 ($0.81 in chips) 
liracle: posts small blind $0.01
Borrmann2020: posts big blind $0.02
*** HOLE CARDS ***
Dealt to Dorex2007 [6c Kh]
Murere: folds 
OldRasta1984: folds 
richseas: folds 
Dorex2007: folds 
juancsnm: raises $0.03 to $0.05
sleik23: folds 
Pepono101: calls $0.05
liracle: folds 
Borrmann2020: folds 
*** FLOP *** [3s 4s 9c]
juancsnm: bets $0.07
Pepono101: folds 
Uncalled bet ($0.07) returned to juancsnm
juancsnm collected $0.13 from pot
*** SUMMARY ***
Total pot $0.13 | Rake $0 
Board [3s 4s 9c]
Seat 1: richseas folded before Flop (didn't bet)
Seat 2: Dorex2007 folded before Flop (didn't bet)
Seat 3: juancsnm collected ($0.13)
Seat 4: sleik23 folded before Flop (didn't bet)
Seat 5: Pepono101 (button) folded on the Flop
Seat 6: liracle (small blind) folded before Flop
Seat 7: Borrmann2020 (big blind) folded before Flop
Seat 8: Murere folded before Flop (didn't bet)
Seat 9: OldRasta1984 folded before Flop (didn't bet)



PokerStars Hand #230660521051:  Hold'em No Limit ($0.01/$0.02 USD) - 2021/10/16 14:23:15 PT [2021/10/16 17:23:15 ET]
Table 'Schedar III' 9-max Seat #6 is the button
Seat 1: richseas ($4.21 in chips) 
Seat 2: Dorex2007 ($1.95 in chips) 
Seat 3: juancsnm ($1.76 in chips) 
Seat 4: sleik23 ($2 in chips) 
Seat 5: Pepono101 ($1.25 in chips) 
Seat 6: liracle ($1.62 in chips) 
Seat 7: Borrmann2020 ($0.83 in chips) 
Seat 8: Murere ($2.08 in chips) 
Seat 9: OldRasta1984 ($0.81 in chips) 
Borrmann2020: posts small blind $0.01
Murere: posts big blind $0.02
*** HOLE CARDS ***
Dealt to Dorex2007 [4h 7d]
OldRasta1984: folds 
richseas: folds 
Dorex2007: folds 
juancsnm: folds 
sleik23: raises $0.04 to $0.06
Pepono101: folds 
liracle: calls $0.06
Borrmann2020: folds 
Murere: calls $0.04
*** FLOP *** [8h Kh Kd]
Murere: checks 
sleik23: bets $0.18
liracle: folds 
Murere: folds 
Uncalled bet ($0.18) returned to sleik23
sleik23 collected $0.18 from pot
sleik23: doesn't show hand 
*** SUMMARY ***
Total pot $0.19 | Rake $0.01 
Board [8h Kh Kd]
Seat 1: richseas folded before Flop (didn't bet)
Seat 2: Dorex2007 folded before Flop (didn't bet)
Seat 3: juancsnm folded before Flop (didn't bet)
Seat 4: sleik23 collected ($0.18)
Seat 5: Pepono101 folded before Flop (didn't bet)
Seat 6: liracle (button) folded on the Flop
Seat 7: Borrmann2020 (small blind) folded before Flop
Seat 8: Murere (big blind) folded on the Flop
Seat 9: OldRasta1984 folded before Flop (didn't bet)



PokerStars Hand #230660542040:  Hold'em No Limit ($0.01/$0.02 USD) - 2021/10/16 14:24:01 PT [2021/10/16 17:24:01 ET]
Table 'Schedar III' 9-max Seat #7 is the button
Seat 1: richseas ($4.21 in chips) 
Seat 2: Dorex2007 ($1.95 in chips) 
Seat 3: juancsnm ($1.76 in chips) 
Seat 4: sleik23 ($2.12 in chips) 
Seat 5: Pepono101 ($1.25 in chips) 
Seat 6: liracle ($1.56 in chips) 
Seat 7: Borrmann2020 ($0.82 in chips) 
Seat 8: Murere ($2.02 in chips) 
Seat 9: OldRasta1984 ($0.81 in chips) 
Murere: posts small blind $0.01
OldRasta1984: posts big blind $0.02
*** HOLE CARDS ***
Dealt to Dorex2007 [7d 6h]
richseas: folds 
Dorex2007: folds 
juancsnm: folds 
sleik23: calls $0.02
Pepono101: folds 
liracle: raises $0.06 to $0.08
Borrmann2020: folds 
Murere: calls $0.07
OldRasta1984: folds 
sleik23: calls $0.06
*** FLOP *** [Kd Qh 3d]
Murere: checks 
sleik23: checks 
liracle: bets $0.16
Murere: calls $0.16
sleik23: calls $0.16
*** TURN *** [Kd Qh 3d] [5c]
Murere: checks 
sleik23: checks 
liracle: bets $0.42
Murere: calls $0.42
sleik23: folds 
*** RIVER *** [Kd Qh 3d 5c] [Js]
Murere: checks 
liracle: bets $0.90 and is all-in
Murere: folds 
Uncalled bet ($0.90) returned to liracle
liracle collected $1.50 from pot
liracle: doesn't show hand 
*** SUMMARY ***
Total pot $1.58 | Rake $0.08 
Board [Kd Qh 3d 5c Js]
Seat 1: richseas folded before Flop (didn't bet)
Seat 2: Dorex2007 folded before Flop (didn't bet)
Seat 3: juancsnm folded before Flop (didn't bet)
Seat 4: sleik23 folded on the Turn
Seat 5: Pepono101 folded before Flop (didn't bet)
Seat 6: liracle collected ($1.50)
Seat 7: Borrmann2020 (button) folded before Flop (didn't bet)
Seat 8: Murere (small blind) folded on the River
Seat 9: OldRasta1984 (big blind) folded before Flop



PokerStars Hand #230660578555:  Hold'em No Limit ($0.01/$0.02 USD) - 2021/10/16 14:25:21 PT [2021/10/16 17:25:21 ET]
Table 'Schedar III' 9-max Seat #8 is the button
Seat 1: richseas ($4.21 in chips) 
Seat 2: Dorex2007 ($1.95 in chips) 
Seat 3: juancsnm ($1.76 in chips) 
Seat 4: sleik23 ($2 in chips) 
Seat 5: Pepono101 ($1.25 in chips) 
Seat 6: liracle ($2.40 in chips) 
Seat 7: Borrmann2020 ($0.82 in chips) 
Seat 8: Murere ($1.36 in chips) 
Seat 9: OldRasta1984 ($0.79 in chips) 
OldRasta1984: posts small blind $0.01
richseas: posts big blind $0.02
*** HOLE CARDS ***
Dealt to Dorex2007 [8c Qd]
Dorex2007: folds 
juancsnm: folds 
sleik23: folds 
Pepono101: folds 
liracle: folds 
Borrmann2020: calls $0.02
Murere: calls $0.02
OldRasta1984: folds 
richseas: checks 
*** FLOP *** [Ts 9c 4c]
richseas: checks 
Borrmann2020: bets $0.05
Murere: calls $0.05
richseas: calls $0.05
*** TURN *** [Ts 9c 4c] [9s]
richseas: checks 
Borrmann2020: bets $0.10
Murere: calls $0.10
richseas: calls $0.10
*** RIVER *** [Ts 9c 4c 9s] [Qh]
richseas: checks 
Borrmann2020: bets $0.65 and is all-in
Murere: calls $0.65
richseas: folds 
*** SHOW DOWN ***
Borrmann2020: shows [9h Ac] (three of a kind, Nines)
Murere: shows [Th Ad] (two pair, Tens and Nines)
Borrmann2020 collected $1.76 from pot
*** SUMMARY ***
Total pot $1.82 | Rake $0.06 
Board [Ts 9c 4c 9s Qh]
Seat 1: richseas (big blind) folded on the River
Seat 2: Dorex2007 folded before Flop (didn't bet)
Seat 3: juancsnm folded before Flop (didn't bet)
Seat 4: sleik23 folded before Flop (didn't bet)
Seat 5: Pepono101 folded before Flop (didn't bet)
Seat 6: liracle folded before Flop (didn't bet)
Seat 7: Borrmann2020 showed [9h Ac] and won ($1.76) with three of a kind, Nines
Seat 8: Murere (button) showed [Th Ad] and lost with two pair, Tens and Nines
Seat 9: OldRasta1984 (small blind) folded before Flop



PokerStars Hand #230660619122:  Hold'em No Limit ($0.01/$0.02 USD) - 2021/10/16 14:26:50 PT [2021/10/16 17:26:50 ET]
Table 'Schedar III' 9-max Seat #9 is the button
Seat 1: richseas ($4.04 in chips) 
Seat 2: Dorex2007 ($1.95 in chips) 
Seat 3: juancsnm ($1.76 in chips) 
Seat 4: sleik23 ($2 in chips) 
Seat 5: Pepono101 ($1.25 in chips) 
Seat 6: liracle ($2.40 in chips) 
Seat 7: Borrmann2020 ($1.76 in chips) 
Seat 8: Murere ($0.54 in chips) 
Seat 9: OldRasta1984 ($0.78 in chips) 
richseas: posts small blind $0.01
Dorex2007: posts big blind $0.02
*** HOLE CARDS ***
Dealt to Dorex2007 [7s Kh]
juancsnm: folds 
sleik23: raises $0.04 to $0.06
Pepono101: folds 
liracle: folds 
Borrmann2020: folds 
Murere: calls $0.06
OldRasta1984: folds 
richseas: folds 
Dorex2007: folds 
*** FLOP *** [3s 3d Ks]
sleik23: checks 
Murere: bets $0.48 and is all-in
sleik23: folds 
Uncalled bet ($0.48) returned to Murere
Murere collected $0.14 from pot
Murere: doesn't show hand 
*** SUMMARY ***
Total pot $0.15 | Rake $0.01 
Board [3s 3d Ks]
Seat 1: richseas (small blind) folded before Flop
Seat 2: Dorex2007 (big blind) folded before Flop
Seat 3: juancsnm folded before Flop (didn't bet)
Seat 4: sleik23 folded on the Flop
Seat 5: Pepono101 folded before Flop (didn't bet)
Seat 6: liracle folded before Flop (didn't bet)
Seat 7: Borrmann2020 folded before Flop (didn't bet)
Seat 8: Murere collected ($0.14)
Seat 9: OldRasta1984 (button) folded before Flop (didn't bet)



PokerStars Hand #230660642991:  Hold'em No Limit ($0.01/$0.02 USD) - 2021/10/16 14:27:43 PT [2021/10/16 17:27:43 ET]
Table 'Schedar III' 9-max Seat #1 is the button
Seat 1: richseas ($4.03 in chips) 
Seat 2: Dorex2007 ($1.98 in chips) 
Seat 3: juancsnm ($1.76 in chips) 
Seat 4: sleik23 ($2 in chips) 
Seat 5: Pepono101 ($1.25 in chips) 
Seat 6: liracle ($2.40 in chips) 
Seat 7: Borrmann2020 ($1.76 in chips) 
Seat 8: Murere ($0.62 in chips) 
Seat 9: OldRasta1984 ($0.78 in chips) 
Dorex2007: posts small blind $0.01
juancsnm: posts big blind $0.02
*** HOLE CARDS ***
Dealt to Dorex2007 [Js 7d]
sleik23: folds 
Pepono101: folds 
liracle: folds 
Borrmann2020: folds 
Murere: folds 
OldRasta1984: folds 
richseas: folds 
Dorex2007: folds 
Uncalled bet ($0.01) returned to juancsnm
juancsnm collected $0.02 from pot
*** SUMMARY ***
Total pot $0.02 | Rake $0 
Seat 1: richseas (button) folded before Flop (didn't bet)
Seat 2: Dorex2007 (small blind) folded before Flop
Seat 3: juancsnm (big blind) collected ($0.02)
Seat 4: sleik23 folded before Flop (didn't bet)
Seat 5: Pepono101 folded before Flop (didn't bet)
Seat 6: liracle folded before Flop (didn't bet)
Seat 7: Borrmann2020 folded before Flop (didn't bet)
Seat 8: Murere folded before Flop (didn't bet)
Seat 9: OldRasta1984 folded before Flop (didn't bet)



PokerStars Hand #230660649746:  Hold'em No Limit ($0.01/$0.02 USD) - 2021/10/16 14:27:58 PT [2021/10/16 17:27:58 ET]
Table 'Schedar III' 9-max Seat #2 is the button
Seat 1: richseas ($4.03 in chips) 
Seat 2: Dorex2007 ($2 in chips) 
Seat 3: juancsnm ($1.77 in chips) 
Seat 4: sleik23 ($2 in chips) 
Seat 5: Pepono101 ($1.25 in chips) 
Seat 6: liracle ($2.40 in chips) 
Seat 7: Borrmann2020 ($1.76 in chips) 
Seat 8: Murere ($0.62 in chips) 
Seat 9: OldRasta1984 ($0.78 in chips) 
juancsnm: posts small blind $0.01
sleik23: posts big blind $0.02
*** HOLE CARDS ***
Dealt to Dorex2007 [Js Th]
Pepono101: folds 
liracle: folds 
Borrmann2020: folds 
Murere: folds 
OldRasta1984: raises $0.03 to $0.05
richseas: folds 
Dorex2007: folds 
juancsnm: folds 
sleik23: folds 
Uncalled bet ($0.03) returned to OldRasta1984
OldRasta1984 collected $0.05 from pot
OldRasta1984: doesn't show hand 
*** SUMMARY ***
Total pot $0.05 | Rake $0 
Seat 1: richseas folded before Flop (didn't bet)
Seat 2: Dorex2007 (button) folded before Flop (didn't bet)
Seat 3: juancsnm (small blind) folded before Flop
Seat 4: sleik23 (big blind) folded before Flop
Seat 5: Pepono101 folded before Flop (didn't bet)
Seat 6: liracle folded before Flop (didn't bet)
Seat 7: Borrmann2020 folded before Flop (didn't bet)
Seat 8: Murere folded before Flop (didn't bet)
Seat 9: OldRasta1984 collected ($0.05)



PokerStars Hand #230660660191:  Hold'em No Limit ($0.01/$0.02 USD) - 2021/10/16 14:28:21 PT [2021/10/16 17:28:21 ET]
Table 'Schedar III' 9-max Seat #3 is the button
Seat 1: richseas ($4.03 in chips) 
Seat 2: Dorex2007 ($2 in chips) 
Seat 3: juancsnm ($1.76 in chips) 
Seat 4: sleik23 ($2 in chips) 
Seat 5: Pepono101 ($1.25 in chips) 
Seat 6: liracle ($2.40 in chips) 
Seat 7: Borrmann2020 ($1.76 in chips) 
Seat 8: Murere ($0.62 in chips) 
Seat 9: OldRasta1984 ($0.81 in chips) 
sleik23: posts small blind $0.01
Pepono101: posts big blind $0.02
*** HOLE CARDS ***
Dealt to Dorex2007 [Kh Th]
liracle: folds 
Borrmann2020: folds 
Murere: calls $0.02
OldRasta1984: folds 
richseas: folds 
Dorex2007: raises $0.04 to $0.06
juancsnm: folds 
sleik23: folds 
Pepono101: calls $0.04
Murere: calls $0.04
*** FLOP *** [5s 6d 6s]
Pepono101: checks 
Murere: bets $0.56 and is all-in
Dorex2007: folds 
Pepono101: folds 
Uncalled bet ($0.56) returned to Murere
Murere collected $0.18 from pot
Murere: doesn't show hand 
*** SUMMARY ***
Total pot $0.19 | Rake $0.01 
Board [5s 6d 6s]
Seat 1: richseas folded before Flop (didn't bet)
Seat 2: Dorex2007 folded on the Flop
Seat 3: juancsnm (button) folded before Flop (didn't bet)
Seat 4: sleik23 (small blind) folded before Flop
Seat 5: Pepono101 (big blind) folded on the Flop
Seat 6: liracle folded before Flop (didn't bet)
Seat 7: Borrmann2020 folded before Flop (didn't bet)
Seat 8: Murere collected ($0.18)
Seat 9: OldRasta1984 folded before Flop (didn't bet)



PokerStars Hand #230660677227:  Hold'em No Limit ($0.01/$0.02 USD) - 2021/10/16 14:28:59 PT [2021/10/16 17:28:59 ET]
Table 'Schedar III' 9-max Seat #4 is the button
Seat 1: richseas ($4.03 in chips) 
Seat 2: Dorex2007 ($2 in chips) 
Seat 3: juancsnm ($1.76 in chips) 
Seat 4: sleik23 ($2 in chips) 
Seat 5: Pepono101 ($1.19 in chips) 
Seat 6: liracle ($2.40 in chips) 
Seat 7: Borrmann2020 ($1.76 in chips) 
Seat 8: Murere ($0.74 in chips) 
Seat 9: OldRasta1984 ($0.81 in chips) 
Pepono101: posts small blind $0.01
liracle: posts big blind $0.02
*** HOLE CARDS ***
Dealt to Dorex2007 [4d Td]
Borrmann2020: folds 
Murere: calls $0.02
OldRasta1984: folds 
richseas: folds 
Dorex2007: folds 
juancsnm: calls $0.02
sleik23: raises $0.09 to $0.11
Pepono101: folds 
liracle: folds 
Murere: calls $0.09
juancsnm: folds 
*** FLOP *** [Jh Ad Qd]
Murere: checks 
sleik23: bets $1.89 and is all-in
Murere: folds 
Uncalled bet ($1.89) returned to sleik23
sleik23 collected $0.26 from pot
sleik23: doesn't show hand 
*** SUMMARY ***
Total pot $0.27 | Rake $0.01 
Board [Jh Ad Qd]
Seat 1: richseas folded before Flop (didn't bet)
Seat 2: Dorex2007 folded before Flop (didn't bet)
Seat 3: juancsnm folded before Flop
Seat 4: sleik23 (button) collected ($0.26)
Seat 5: Pepono101 (small blind) folded before Flop
Seat 6: liracle (big blind) folded before Flop
Seat 7: Borrmann2020 folded before Flop (didn't bet)
Seat 8: Murere folded on the Flop
Seat 9: OldRasta1984 folded before Flop (didn't bet)



PokerStars Hand #230660703132:  Hold'em No Limit ($0.01/$0.02 USD) - 2021/10/16 14:29:57 PT [2021/10/16 17:29:57 ET]
Table 'Schedar III' 9-max Seat #5 is the button
Seat 1: richseas ($4.03 in chips) 
Seat 2: Dorex2007 ($2 in chips) 
Seat 3: juancsnm ($1.74 in chips) 
Seat 4: sleik23 ($2.15 in chips) 
Seat 5: Pepono101 ($1.18 in chips) 
Seat 6: liracle ($2.38 in chips) 
Seat 7: Borrmann2020 ($1.76 in chips) 
Seat 8: Murere ($0.63 in chips) 
Seat 9: OldRasta1984 ($0.81 in chips) 
liracle: posts small blind $0.01
Borrmann2020: posts big blind $0.02
*** HOLE CARDS ***
Dealt to Dorex2007 [8s Kd]
Murere: calls $0.02
OldRasta1984: folds 
richseas: folds 
Dorex2007: folds 
juancsnm: folds 
sleik23: folds 
Pepono101: raises $0.07 to $0.09
liracle: folds 
Borrmann2020: folds 
Murere: calls $0.07
*** FLOP *** [2c 3h 6c]
Murere: checks 
Pepono101: bets $0.20
Murere: folds 
Uncalled bet ($0.20) returned to Pepono101
Pepono101 collected $0.20 from pot
Pepono101: doesn't show hand 
*** SUMMARY ***
Total pot $0.21 | Rake $0.01 
Board [2c 3h 6c]
Seat 1: richseas folded before Flop (didn't bet)
Seat 2: Dorex2007 folded before Flop (didn't bet)
Seat 3: juancsnm folded before Flop (didn't bet)
Seat 4: sleik23 folded before Flop (didn't bet)
Seat 5: Pepono101 (button) collected ($0.20)
Seat 6: liracle (small blind) folded before Flop
Seat 7: Borrmann2020 (big blind) folded before Flop
Seat 8: Murere folded on the Flop
Seat 9: OldRasta1984 folded before Flop (didn't bet)



PokerStars Hand #230660725056:  Hold'em No Limit ($0.01/$0.02 USD) - 2021/10/16 14:30:46 PT [2021/10/16 17:30:46 ET]
Table 'Schedar III' 9-max Seat #6 is the button
Seat 1: richseas ($4.03 in chips) 
Seat 2: Dorex2007 ($2 in chips) 
Seat 3: juancsnm ($1.74 in chips) 
Seat 4: sleik23 ($2.15 in chips) 
Seat 5: Pepono101 ($1.29 in chips) 
Seat 6: liracle ($2.37 in chips) 
Seat 7: Borrmann2020 ($1.74 in chips) 
Seat 9: OldRasta1984 ($0.81 in chips) 
Borrmann2020: posts small blind $0.01
OldRasta1984: posts big blind $0.02
*** HOLE CARDS ***
Dealt to Dorex2007 [Ac Ks]
Murere leaves the table
richseas: folds 
Dorex2007: raises $0.04 to $0.06
juancsnm: folds 
sleik23: folds 
Pepono101: calls $0.06
liracle: folds 
kopaszperko joins the table at seat #8 
Borrmann2020: folds 
OldRasta1984: folds 
*** FLOP *** [Jc 7s 4d]
Dorex2007: checks 
Pepono101: bets $0.14
Dorex2007: raises $1.80 to $1.94 and is all-in
Pepono101: calls $1.09 and is all-in
Uncalled bet ($0.71) returned to Dorex2007
*** TURN *** [Jc 7s 4d] [3c]
*** RIVER *** [Jc 7s 4d 3c] [Qc]
*** SHOW DOWN ***
Dorex2007: shows [Ac Ks] (high card Ace)
Pepono101: shows [Js 9c] (a pair of Jacks)
Pepono101 collected $2.52 from pot
*** SUMMARY ***
Total pot $2.61 | Rake $0.09 
Board [Jc 7s 4d 3c Qc]
Seat 1: richseas folded before Flop (didn't bet)
Seat 2: Dorex2007 showed [Ac Ks] and lost with high card Ace
Seat 3: juancsnm folded before Flop (didn't bet)
Seat 4: sleik23 folded before Flop (didn't bet)
Seat 5: Pepono101 showed [Js 9c] and won ($2.52) with a pair of Jacks
Seat 6: liracle (button) folded before Flop (didn't bet)
Seat 7: Borrmann2020 (small blind) folded before Flop
Seat 9: OldRasta1984 (big blind) folded before Flop



PokerStars Hand #230660751538:  Hold'em No Limit ($0.01/$0.02 USD) - 2021/10/16 14:31:45 PT [2021/10/16 17:31:45 ET]
Table 'Schedar III' 9-max Seat #7 is the button
Seat 1: richseas ($4.03 in chips) 
Seat 2: Dorex2007 ($2 in chips) 
Seat 3: juancsnm ($1.74 in chips) 
Seat 4: sleik23 ($2.15 in chips) 
Seat 5: Pepono101 ($2.52 in chips) 
Seat 6: liracle ($2.37 in chips) 
Seat 7: Borrmann2020 ($1.73 in chips) 
Seat 9: OldRasta1984 ($0.79 in chips) 
OldRasta1984: posts small blind $0.01
richseas: posts big blind $0.02
*** HOLE CARDS ***
Dealt to Dorex2007 [Ah 9s]
Dorex2007: folds 
juancsnm: folds 
sleik23: folds 
Pepono101: raises $0.04 to $0.06
liracle: folds 
Borrmann2020: folds 
OldRasta1984: folds 
richseas: folds 
Uncalled bet ($0.04) returned to Pepono101
Pepono101 collected $0.05 from pot
Pepono101: doesn't show hand 
*** SUMMARY ***
Total pot $0.05 | Rake $0 
Seat 1: richseas (big blind) folded before Flop
Seat 2: Dorex2007 folded before Flop (didn't bet)
Seat 3: juancsnm folded before Flop (didn't bet)
Seat 4: sleik23 folded before Flop (didn't bet)
Seat 5: Pepono101 collected ($0.05)
Seat 6: liracle folded before Flop (didn't bet)
Seat 7: Borrmann2020 (button) folded before Flop (didn't bet)
Seat 9: OldRasta1984 (small blind) folded before Flop



PokerStars Hand #230660764384:  Hold'em No Limit ($0.01/$0.02 USD) - 2021/10/16 14:32:14 PT [2021/10/16 17:32:14 ET]
Table 'Schedar III' 9-max Seat #9 is the button
Seat 1: richseas ($4.01 in chips) 
Seat 2: Dorex2007 ($2 in chips) 
Seat 3: juancsnm ($1.74 in chips) 
Seat 4: sleik23 ($2.15 in chips) 
Seat 5: Pepono101 ($2.55 in chips) 
Seat 6: liracle ($2.37 in chips) 
Seat 7: Borrmann2020 ($1.73 in chips) 
Seat 9: OldRasta1984 ($0.78 in chips) 
richseas: posts small blind $0.01
Dorex2007: posts big blind $0.02
kopaszperko: sits out 
*** HOLE CARDS ***
Dealt to Dorex2007 [Qd 8c]
juancsnm: folds 
sleik23: raises $0.04 to $0.06
Pepono101: folds 
liracle: calls $0.06
Borrmann2020: folds 
OldRasta1984: folds 
richseas: folds 
Dorex2007: folds 
*** FLOP *** [As 2h Jh]
sleik23: bets $0.11
liracle: folds 
Uncalled bet ($0.11) returned to sleik23
sleik23 collected $0.14 from pot
sleik23: doesn't show hand 
*** SUMMARY ***
Total pot $0.15 | Rake $0.01 
Board [As 2h Jh]
Seat 1: richseas (small blind) folded before Flop
Seat 2: Dorex2007 (big blind) folded before Flop
Seat 3: juancsnm folded before Flop (didn't bet)
Seat 4: sleik23 collected ($0.14)
Seat 5: Pepono101 folded before Flop (didn't bet)
Seat 6: liracle folded on the Flop
Seat 7: Borrmann2020 folded before Flop (didn't bet)
Seat 9: OldRasta1984 (button) folded before Flop (didn't bet)



PokerStars Hand #230660788089:  Hold'em No Limit ($0.01/$0.02 USD) - 2021/10/16 14:33:08 PT [2021/10/16 17:33:08 ET]
Table 'Schedar III' 9-max Seat #1 is the button
Seat 1: richseas ($4 in chips) 
Seat 2: Dorex2007 ($2 in chips) 
Seat 3: juancsnm ($1.74 in chips) 
Seat 4: sleik23 ($2.23 in chips) 
Seat 5: Pepono101 ($2.55 in chips) 
Seat 6: liracle ($2.31 in chips) 
Seat 7: Borrmann2020 ($1.73 in chips) 
Seat 9: OldRasta1984 ($0.78 in chips) 
Dorex2007: posts small blind $0.01
juancsnm: posts big blind $0.02
kopaszperko: sits out 
*** HOLE CARDS ***
Dealt to Dorex2007 [7h Jc]
sleik23: calls $0.02
Pepono101: folds 
liracle: folds 
Borrmann2020: folds 
OldRasta1984: folds 
richseas: folds 
Dorex2007: folds 
juancsnm: raises $0.03 to $0.05
sleik23: calls $0.03
*** FLOP *** [Kh 3h 2s]
juancsnm: bets $0.06
sleik23: raises $0.12 to $0.18
kopaszperko leaves the table
juancsnm: folds 
Uncalled bet ($0.12) returned to sleik23
sleik23 collected $0.22 from pot
sleik23: doesn't show hand 
*** SUMMARY ***
Total pot $0.23 | Rake $0.01 
Board [Kh 3h 2s]
Seat 1: richseas (button) folded before Flop (didn't bet)
Seat 2: Dorex2007 (small blind) folded before Flop
Seat 3: juancsnm (big blind) folded on the Flop
Seat 4: sleik23 collected ($0.22)
Seat 5: Pepono101 folded before Flop (didn't bet)
Seat 6: liracle folded before Flop (didn't bet)
Seat 7: Borrmann2020 folded before Flop (didn't bet)
Seat 9: OldRasta1984 folded before Flop (didn't bet)



PokerStars Hand #230660828044:  Hold'em No Limit ($0.01/$0.02 USD) - 2021/10/16 14:34:22 PT [2021/10/16 17:34:22 ET]
Table 'Schedar III' 9-max Seat #2 is the button
Seat 1: richseas ($4 in chips) 
Seat 2: Dorex2007 ($2 in chips) 
Seat 3: juancsnm ($1.63 in chips) 
Seat 4: sleik23 ($2.34 in chips) 
Seat 5: Pepono101 ($2.55 in chips) 
Seat 6: liracle ($2.31 in chips) 
Seat 7: Borrmann2020 ($1.73 in chips) 
Seat 9: OldRasta1984 ($0.78 in chips) 
juancsnm: posts small blind $0.01
sleik23: posts big blind $0.02
*** HOLE CARDS ***
Dealt to Dorex2007 [2c 8c]
Pepono101: folds 
liracle: raises $0.04 to $0.06
Borrmann2020: folds 
OldRasta1984: folds 
richseas: folds 
Dorex2007: folds 
juancsnm: folds 
sleik23: folds 
Uncalled bet ($0.04) returned to liracle
liracle collected $0.05 from pot
liracle: doesn't show hand 
*** SUMMARY ***
Total pot $0.05 | Rake $0 
Seat 1: richseas folded before Flop (didn't bet)
Seat 2: Dorex2007 (button) folded before Flop (didn't bet)
Seat 3: juancsnm (small blind) folded before Flop
Seat 4: sleik23 (big blind) folded before Flop
Seat 5: Pepono101 folded before Flop (didn't bet)
Seat 6: liracle collected ($0.05)
Seat 7: Borrmann2020 folded before Flop (didn't bet)
Seat 9: OldRasta1984 folded before Flop (didn't bet)



PokerStars Hand #230660840289:  Hold'em No Limit ($0.01/$0.02 USD) - 2021/10/16 14:34:49 PT [2021/10/16 17:34:49 ET]
Table 'Schedar III' 9-max Seat #3 is the button
Seat 1: richseas ($4 in chips) 
Seat 2: Dorex2007 ($2 in chips) 
Seat 3: juancsnm ($1.62 in chips) 
Seat 4: sleik23 ($2.32 in chips) 
Seat 5: Pepono101 ($2.55 in chips) 
Seat 6: liracle ($2.34 in chips) 
Seat 7: Borrmann2020 ($1.73 in chips) 
Seat 9: OldRasta1984 ($0.78 in chips) 
sleik23: posts small blind $0.01
Pepono101: posts big blind $0.02
*** HOLE CARDS ***
Dealt to Dorex2007 [7s Ac]
liracle: folds 
Borrmann2020: folds 
OldRasta1984: folds 
djkofi joins the table at seat #8 
richseas: folds 
Dorex2007: folds 
juancsnm: folds 
sleik23: folds 
Uncalled bet ($0.01) returned to Pepono101
Pepono101 collected $0.02 from pot
Pepono101: doesn't show hand 
*** SUMMARY ***
Total pot $0.02 | Rake $0 
Seat 1: richseas folded before Flop (didn't bet)
Seat 2: Dorex2007 folded before Flop (didn't bet)
Seat 3: juancsnm (button) folded before Flop (didn't bet)
Seat 4: sleik23 (small blind) folded before Flop
Seat 5: Pepono101 (big blind) collected ($0.02)
Seat 6: liracle folded before Flop (didn't bet)
Seat 7: Borrmann2020 folded before Flop (didn't bet)
Seat 9: OldRasta1984 folded before Flop (didn't bet)



PokerStars Hand #230660849062:  Hold'em No Limit ($0.01/$0.02 USD) - 2021/10/16 14:35:09 PT [2021/10/16 17:35:09 ET]
Table 'Schedar III' 9-max Seat #4 is the button
Seat 1: richseas ($4 in chips) 
Seat 2: Dorex2007 ($2 in chips) 
Seat 3: juancsnm ($1.62 in chips) 
Seat 4: sleik23 ($2.31 in chips) 
Seat 5: Pepono101 ($2.56 in chips) 
Seat 6: liracle ($2.34 in chips) 
Seat 7: Borrmann2020 ($1.73 in chips) 
Seat 9: OldRasta1984 ($0.78 in chips) 
Pepono101: posts small blind $0.01
liracle: posts big blind $0.02
djkofi: sits out 
*** HOLE CARDS ***
Dealt to Dorex2007 [5h 8c]
Borrmann2020: folds 
OldRasta1984: folds 
richseas: folds 
Dorex2007: folds 
juancsnm: raises $0.03 to $0.05
sleik23: folds 
Pepono101: calls $0.04
liracle: calls $0.03
*** FLOP *** [Kd 3s 4d]
Pepono101: checks 
liracle: checks 
juancsnm: checks 
*** TURN *** [Kd 3s 4d] [2s]
Pepono101: checks 
liracle: checks 
juancsnm: checks 
*** RIVER *** [Kd 3s 4d 2s] [6s]
Pepono101: bets $0.14
liracle: calls $0.14
juancsnm: folds 
*** SHOW DOWN ***
Pepono101: shows [2h 2d] (three of a kind, Deuces)
liracle: shows [5d 7c] (a straight, Three to Seven)
liracle collected $0.41 from pot
*** SUMMARY ***
Total pot $0.43 | Rake $0.02 
Board [Kd 3s 4d 2s 6s]
Seat 1: richseas folded before Flop (didn't bet)
Seat 2: Dorex2007 folded before Flop (didn't bet)
Seat 3: juancsnm folded on the River
Seat 4: sleik23 (button) folded before Flop (didn't bet)
Seat 5: Pepono101 (small blind) showed [2h 2d] and lost with three of a kind, Deuces
Seat 6: liracle (big blind) showed [5d 7c] and won ($0.41) with a straight, Three to Seven
Seat 7: Borrmann2020 folded before Flop (didn't bet)
Seat 9: OldRasta1984 folded before Flop (didn't bet)



PokerStars Hand #230660873713:  Hold'em No Limit ($0.01/$0.02 USD) - 2021/10/16 14:36:05 PT [2021/10/16 17:36:05 ET]
Table 'Schedar III' 9-max Seat #5 is the button
Seat 1: richseas ($4 in chips) 
Seat 2: Dorex2007 ($2 in chips) 
Seat 3: juancsnm ($1.57 in chips) 
Seat 4: sleik23 ($2.31 in chips) 
Seat 5: Pepono101 ($2.37 in chips) 
Seat 6: liracle ($2.56 in chips) 
Seat 7: Borrmann2020 ($1.73 in chips) 
Seat 9: OldRasta1984 ($0.78 in chips) 
liracle: posts small blind $0.01
Borrmann2020: posts big blind $0.02
djkofi: sits out 
*** HOLE CARDS ***
Dealt to Dorex2007 [Kd Ks]
OldRasta1984: folds 
richseas: folds 
Dorex2007: raises $0.04 to $0.06
juancsnm: folds 
sleik23: folds 
Pepono101: calls $0.06
liracle: folds 
juancsnm leaves the table
Borrmann2020: calls $0.04
*** FLOP *** [Ah Qs Ac]
Borrmann2020: bets $0.08
Dorex2007: folds 
Pepono101: folds 
Uncalled bet ($0.08) returned to Borrmann2020
Borrmann2020 collected $0.18 from pot
Borrmann2020: doesn't show hand 
*** SUMMARY ***
Total pot $0.19 | Rake $0.01 
Board [Ah Qs Ac]
Seat 1: richseas folded before Flop (didn't bet)
Seat 2: Dorex2007 folded on the Flop
Seat 3: juancsnm folded before Flop (didn't bet)
Seat 4: sleik23 folded before Flop (didn't bet)
Seat 5: Pepono101 (button) folded on the Flop
Seat 6: liracle (small blind) folded before Flop
Seat 7: Borrmann2020 (big blind) collected ($0.18)
Seat 9: OldRasta1984 folded before Flop (didn't bet)



PokerStars Hand #230660899372:  Hold'em No Limit ($0.01/$0.02 USD) - 2021/10/16 14:36:45 PT [2021/10/16 17:36:45 ET]
Table 'Schedar III' 9-max Seat #6 is the button
Seat 1: richseas ($4 in chips) 
Seat 2: Dorex2007 ($2 in chips) 
Seat 4: sleik23 ($2.31 in chips) 
Seat 5: Pepono101 ($2.31 in chips) 
Seat 6: liracle ($2.55 in chips) 
Seat 7: Borrmann2020 ($1.85 in chips) 
Seat 8: djkofi ($1.60 in chips) 
Seat 9: OldRasta1984 ($0.78 in chips) 
Borrmann2020: posts small blind $0.01
djkofi: posts big blind $0.02
*** HOLE CARDS ***
Dealt to Dorex2007 [5s 8h]
OldRasta1984: folds 
richseas: folds 
Dorex2007: folds 
sleik23: raises $0.04 to $0.06
juancsnm joins the table at seat #3 
Pepono101: folds 
liracle: calls $0.06
Borrmann2020: folds 
juancsnm leaves the table
djkofi: folds 
*** FLOP *** [4h Th 8d]
sleik23: bets $0.14
liracle: calls $0.14
*** TURN *** [4h Th 8d] [Qs]
sleik23: bets $0.20
djkofi leaves the table
liracle: calls $0.20
*** RIVER *** [4h Th 8d Qs] [2h]
sleik23: bets $0.10
liracle: raises $0.30 to $0.40
sleik23: folds 
Uncalled bet ($0.30) returned to liracle
liracle collected $0.98 from pot
liracle: doesn't show hand 
*** SUMMARY ***
Total pot $1.03 | Rake $0.05 
Board [4h Th 8d Qs 2h]
Seat 1: richseas folded before Flop (didn't bet)
Seat 2: Dorex2007 folded before Flop (didn't bet)
Seat 4: sleik23 folded on the River
Seat 5: Pepono101 folded before Flop (didn't bet)
Seat 6: liracle (button) collected ($0.98)
Seat 7: Borrmann2020 (small blind) folded before Flop
Seat 8: djkofi (big blind) folded before Flop
Seat 9: OldRasta1984 folded before Flop (didn't bet)



PokerStars Hand #230660936203:  Hold'em No Limit ($0.01/$0.02 USD) - 2021/10/16 14:38:09 PT [2021/10/16 17:38:09 ET]
Table 'Schedar III' 9-max Seat #7 is the button
Seat 1: richseas ($4 in chips) 
Seat 2: Dorex2007 ($2 in chips) 
Seat 4: sleik23 ($2 in chips) 
Seat 5: Pepono101 ($2.31 in chips) 
Seat 6: liracle ($3.03 in chips) 
Seat 7: Borrmann2020 ($1.84 in chips) 
Seat 9: OldRasta1984 ($0.78 in chips) 
OldRasta1984: posts small blind $0.01
richseas: posts big blind $0.02
*** HOLE CARDS ***
Dealt to Dorex2007 [3h 5c]
Dorex2007: folds 
sleik23: raises $0.04 to $0.06
Pepono101: calls $0.06
liracle: folds 
Cid s2 joins the table at seat #3 
Borrmann2020: folds 
OldRasta1984: folds 
richseas: folds 
*** FLOP *** [5s Ad 7h]
sleik23: bets $0.09
Pepono101: folds 
Uncalled bet ($0.09) returned to sleik23
sleik23 collected $0.14 from pot
sleik23: doesn't show hand 
*** SUMMARY ***
Total pot $0.15 | Rake $0.01 
Board [5s Ad 7h]
Seat 1: richseas (big blind) folded before Flop
Seat 2: Dorex2007 folded before Flop (didn't bet)
Seat 4: sleik23 collected ($0.14)
Seat 5: Pepono101 folded on the Flop
Seat 6: liracle folded before Flop (didn't bet)
Seat 7: Borrmann2020 (button) folded before Flop (didn't bet)
Seat 9: OldRasta1984 (small blind) folded before Flop



PokerStars Hand #230660952035:  Hold'em No Limit ($0.01/$0.02 USD) - 2021/10/16 14:38:45 PT [2021/10/16 17:38:45 ET]
Table 'Schedar III' 9-max Seat #9 is the button
Seat 1: richseas ($3.98 in chips) 
Seat 2: Dorex2007 ($2 in chips) 
Seat 4: sleik23 ($2.08 in chips) 
Seat 5: Pepono101 ($2.25 in chips) 
Seat 6: liracle ($3.03 in chips) 
Seat 7: Borrmann2020 ($1.84 in chips) 
Seat 9: OldRasta1984 ($0.77 in chips) 
richseas: posts small blind $0.01
Dorex2007: posts big blind $0.02
Cid s2: sits out 
*** HOLE CARDS ***
Dealt to Dorex2007 [As 4h]
sleik23: raises $0.04 to $0.06
Pepono101: folds 
liracle: folds 
Borrmann2020: calls $0.06
OldRasta1984: folds 
richseas: folds 
Dorex2007: folds 
*** FLOP *** [7s 2h 8s]
sleik23: checks 
Borrmann2020: checks 
*** TURN *** [7s 2h 8s] [Qh]
sleik23: checks 
Borrmann2020: bets $0.06
sleik23: folds 
Uncalled bet ($0.06) returned to Borrmann2020
Borrmann2020 collected $0.14 from pot
Borrmann2020: doesn't show hand 
*** SUMMARY ***
Total pot $0.15 | Rake $0.01 
Board [7s 2h 8s Qh]
Seat 1: richseas (small blind) folded before Flop
Seat 2: Dorex2007 (big blind) folded before Flop
Seat 4: sleik23 folded on the Turn
Seat 5: Pepono101 folded before Flop (didn't bet)
Seat 6: liracle folded before Flop (didn't bet)
Seat 7: Borrmann2020 collected ($0.14)
Seat 9: OldRasta1984 (button) folded before Flop (didn't bet)



PokerStars Hand #230660968665:  Hold'em No Limit ($0.01/$0.02 USD) - 2021/10/16 14:39:22 PT [2021/10/16 17:39:22 ET]
Table 'Schedar III' 9-max Seat #1 is the button
Seat 1: richseas ($3.97 in chips) 
Seat 2: Dorex2007 ($2 in chips) 
Seat 3: Cid s2 ($0.80 in chips) 
Seat 4: sleik23 ($2.02 in chips) 
Seat 5: Pepono101 ($2.25 in chips) 
Seat 6: liracle ($3.03 in chips) 
Seat 7: Borrmann2020 ($1.92 in chips) 
Seat 9: OldRasta1984 ($0.77 in chips) 
Dorex2007: posts small blind $0.01
Cid s2: posts big blind $0.02
*** HOLE CARDS ***
Dealt to Dorex2007 [9c 6h]
sleik23: folds 
Pepono101: folds 
liracle: folds 
Borrmann2020: folds 
OldRasta1984: folds 
richseas: folds 
Dorex2007: folds 
Uncalled bet ($0.01) returned to Cid s2
Cid s2 collected $0.02 from pot
Cid s2: doesn't show hand 
*** SUMMARY ***
Total pot $0.02 | Rake $0 
Seat 1: richseas (button) folded before Flop (didn't bet)
Seat 2: Dorex2007 (small blind) folded before Flop
Seat 3: Cid s2 (big blind) collected ($0.02)
Seat 4: sleik23 folded before Flop (didn't bet)
Seat 5: Pepono101 folded before Flop (didn't bet)
Seat 6: liracle folded before Flop (didn't bet)
Seat 7: Borrmann2020 folded before Flop (didn't bet)
Seat 9: OldRasta1984 folded before Flop (didn't bet)



PokerStars Hand #230660978127:  Hold'em No Limit ($0.01/$0.02 USD) - 2021/10/16 14:39:44 PT [2021/10/16 17:39:44 ET]
Table 'Schedar III' 9-max Seat #2 is the button
Seat 1: richseas ($3.97 in chips) 
Seat 2: Dorex2007 ($2 in chips) 
Seat 3: Cid s2 ($0.81 in chips) 
Seat 4: sleik23 ($2.02 in chips) 
Seat 5: Pepono101 ($2.25 in chips) 
Seat 6: liracle ($3.03 in chips) 
Seat 7: Borrmann2020 ($1.92 in chips) 
Seat 9: OldRasta1984 ($0.77 in chips) 
Cid s2: posts small blind $0.01
sleik23: posts big blind $0.02
*** HOLE CARDS ***
Dealt to Dorex2007 [9h 6h]
Pepono101: folds 
liracle: folds 
Borrmann2020: folds 
OldRasta1984: folds 
richseas: folds 
Dorex2007: folds 
Cid s2: raises $0.02 to $0.04
sleik23: folds 
Uncalled bet ($0.02) returned to Cid s2
Cid s2 collected $0.04 from pot
Cid s2: doesn't show hand 
*** SUMMARY ***
Total pot $0.04 | Rake $0 
Seat 1: richseas folded before Flop (didn't bet)
Seat 2: Dorex2007 (button) folded before Flop (didn't bet)
Seat 3: Cid s2 (small blind) collected ($0.04)
Seat 4: sleik23 (big blind) folded before Flop
Seat 5: Pepono101 folded before Flop (didn't bet)
Seat 6: liracle folded before Flop (didn't bet)
Seat 7: Borrmann2020 folded before Flop (didn't bet)
Seat 9: OldRasta1984 folded before Flop (didn't bet)



PokerStars Hand #230660988800:  Hold'em No Limit ($0.01/$0.02 USD) - 2021/10/16 14:40:08 PT [2021/10/16 17:40:08 ET]
Table 'Schedar III' 9-max Seat #3 is the button
Seat 1: richseas ($3.97 in chips) 
Seat 2: Dorex2007 ($2 in chips) 
Seat 3: Cid s2 ($0.83 in chips) 
Seat 4: sleik23 ($2 in chips) 
Seat 5: Pepono101 ($2.25 in chips) 
Seat 6: liracle ($3.03 in chips) 
Seat 7: Borrmann2020 ($1.92 in chips) 
Seat 9: OldRasta1984 ($0.77 in chips) 
sleik23: posts small blind $0.01
romul34 joins the table at seat #8 
Pepono101: posts big blind $0.02
*** HOLE CARDS ***
Dealt to Dorex2007 [As 9s]
liracle: folds 
Borrmann2020: folds 
OldRasta1984: folds 
richseas: folds 
Dorex2007: raises $0.04 to $0.06
Cid s2: folds 
sleik23: folds 
Pepono101: folds 
Uncalled bet ($0.04) returned to Dorex2007
Dorex2007 collected $0.05 from pot
Dorex2007: doesn't show hand 
*** SUMMARY ***
Total pot $0.05 | Rake $0 
Seat 1: richseas folded before Flop (didn't bet)
Seat 2: Dorex2007 collected ($0.05)
Seat 3: Cid s2 (button) folded before Flop (didn't bet)
Seat 4: sleik23 (small blind) folded before Flop
Seat 5: Pepono101 (big blind) folded before Flop
Seat 6: liracle folded before Flop (didn't bet)
Seat 7: Borrmann2020 folded before Flop (didn't bet)
Seat 9: OldRasta1984 folded before Flop (didn't bet)



PokerStars Hand #230661004268:  Hold'em No Limit ($0.01/$0.02 USD) - 2021/10/16 14:40:44 PT [2021/10/16 17:40:44 ET]
Table 'Schedar III' 9-max Seat #4 is the button
Seat 1: richseas ($3.97 in chips) 
Seat 2: Dorex2007 ($2.03 in chips) 
Seat 3: Cid s2 ($0.83 in chips) 
Seat 4: sleik23 ($2 in chips) 
Seat 5: Pepono101 ($2.23 in chips) 
Seat 6: liracle ($3.03 in chips) 
Seat 7: Borrmann2020 ($1.92 in chips) 
Seat 9: OldRasta1984 ($0.77 in chips) 
Pepono101: posts small blind $0.01
liracle: posts big blind $0.02
romul34: sits out 
*** HOLE CARDS ***
Dealt to Dorex2007 [7d Kh]
Borrmann2020: folds 
OldRasta1984: folds 
richseas: folds 
Dorex2007: folds 
Cid s2: raises $0.02 to $0.04
sleik23: folds 
Pepono101: calls $0.03
liracle: calls $0.02
*** FLOP *** [Ts 9c 7h]
Pepono101: checks 
liracle: checks 
Cid s2: checks 
*** TURN *** [Ts 9c 7h] [Js]
Pepono101: checks 
liracle: checks 
Cid s2: checks 
*** RIVER *** [Ts 9c 7h Js] [4c]
Pepono101: checks 
liracle: bets $0.06
Cid s2: folds 
Pepono101: folds 
Uncalled bet ($0.06) returned to liracle
liracle collected $0.12 from pot
liracle: doesn't show hand 
*** SUMMARY ***
Total pot $0.12 | Rake $0 
Board [Ts 9c 7h Js 4c]
Seat 1: richseas folded before Flop (didn't bet)
Seat 2: Dorex2007 folded before Flop (didn't bet)
Seat 3: Cid s2 folded on the River
Seat 4: sleik23 (button) folded before Flop (didn't bet)
Seat 5: Pepono101 (small blind) folded on the River
Seat 6: liracle (big blind) collected ($0.12)
Seat 7: Borrmann2020 folded before Flop (didn't bet)
Seat 9: OldRasta1984 folded before Flop (didn't bet)



PokerStars Hand #230661032468:  Hold'em No Limit ($0.01/$0.02 USD) - 2021/10/16 14:41:49 PT [2021/10/16 17:41:49 ET]
Table 'Schedar III' 9-max Seat #5 is the button
Seat 1: richseas ($3.97 in chips) 
Seat 2: Dorex2007 ($2.03 in chips) 
Seat 3: Cid s2 ($0.79 in chips) 
Seat 4: sleik23 ($2 in chips) 
Seat 5: Pepono101 ($2.19 in chips) 
Seat 6: liracle ($3.11 in chips) 
Seat 7: Borrmann2020 ($1.92 in chips) 
Seat 9: OldRasta1984 ($0.77 in chips) 
liracle: posts small blind $0.01
Borrmann2020: posts big blind $0.02
romul34: sits out 
*** HOLE CARDS ***
Dealt to Dorex2007 [Jc Ad]
OldRasta1984: folds 
richseas: folds 
Dorex2007: raises $0.04 to $0.06
Cid s2: folds 
sleik23: folds 
Pepono101: folds 
liracle: folds 
Borrmann2020: folds 
Uncalled bet ($0.04) returned to Dorex2007
Dorex2007 collected $0.05 from pot
Dorex2007: doesn't show hand 
*** SUMMARY ***
Total pot $0.05 | Rake $0 
Seat 1: richseas folded before Flop (didn't bet)
Seat 2: Dorex2007 collected ($0.05)
Seat 3: Cid s2 folded before Flop (didn't bet)
Seat 4: sleik23 folded before Flop (didn't bet)
Seat 5: Pepono101 (button) folded before Flop (didn't bet)
Seat 6: liracle (small blind) folded before Flop
Seat 7: Borrmann2020 (big blind) folded before Flop
Seat 9: OldRasta1984 folded before Flop (didn't bet)



PokerStars Hand #230661042973:  Hold'em No Limit ($0.01/$0.02 USD) - 2021/10/16 14:42:13 PT [2021/10/16 17:42:13 ET]
Table 'Schedar III' 9-max Seat #6 is the button
Seat 1: richseas ($3.97 in chips) 
Seat 2: Dorex2007 ($2.06 in chips) 
Seat 3: Cid s2 ($0.79 in chips) 
Seat 4: sleik23 ($2 in chips) 
Seat 5: Pepono101 ($2.19 in chips) 
Seat 6: liracle ($3.10 in chips) 
Seat 7: Borrmann2020 ($1.90 in chips) 
Seat 8: romul34 ($0.80 in chips) 
Seat 9: OldRasta1984 ($0.77 in chips) 
Borrmann2020: posts small blind $0.01
romul34: posts big blind $0.02
*** HOLE CARDS ***
Dealt to Dorex2007 [Ah 8d]
OldRasta1984: folds 
richseas: folds 
Dorex2007: folds 
Cid s2: raises $0.04 to $0.06
sleik23: folds 
Pepono101: calls $0.06
liracle: folds 
Borrmann2020: folds 
romul34: folds 
*** FLOP *** [2d 4h 5d]
Cid s2: checks 
Pepono101: checks 
*** TURN *** [2d 4h 5d] [2c]
Cid s2: bets $0.14
Pepono101: folds 
Uncalled bet ($0.14) returned to Cid s2
Cid s2 collected $0.14 from pot
Cid s2: doesn't show hand 
*** SUMMARY ***
Total pot $0.15 | Rake $0.01 
Board [2d 4h 5d 2c]
Seat 1: richseas folded before Flop (didn't bet)
Seat 2: Dorex2007 folded before Flop (didn't bet)
Seat 3: Cid s2 collected ($0.14)
Seat 4: sleik23 folded before Flop (didn't bet)
Seat 5: Pepono101 folded on the Turn
Seat 6: liracle (button) folded before Flop (didn't bet)
Seat 7: Borrmann2020 (small blind) folded before Flop
Seat 8: romul34 (big blind) folded before Flop
Seat 9: OldRasta1984 folded before Flop (didn't bet)



PokerStars Hand #230661067054:  Hold'em No Limit ($0.01/$0.02 USD) - 2021/10/16 14:43:09 PT [2021/10/16 17:43:09 ET]
Table 'Schedar III' 9-max Seat #7 is the button
Seat 1: richseas ($3.97 in chips) 
Seat 2: Dorex2007 ($2.06 in chips) 
Seat 3: Cid s2 ($0.87 in chips) 
Seat 4: sleik23 ($2 in chips) 
Seat 5: Pepono101 ($2.13 in chips) 
Seat 6: liracle ($3.10 in chips) 
Seat 7: Borrmann2020 ($1.89 in chips) 
Seat 8: romul34 ($0.78 in chips) 
Seat 9: OldRasta1984 ($0.77 in chips) 
romul34: posts small blind $0.01
OldRasta1984: posts big blind $0.02
*** HOLE CARDS ***
Dealt to Dorex2007 [8s Th]
richseas: folds 
Dorex2007: folds 
Cid s2: folds 
sleik23: folds 
Pepono101: raises $0.02 to $0.04
liracle: folds 
Borrmann2020: folds 
romul34: folds 
OldRasta1984: folds 
Uncalled bet ($0.02) returned to Pepono101
Pepono101 collected $0.05 from pot
Pepono101: doesn't show hand 
*** SUMMARY ***
Total pot $0.05 | Rake $0 
Seat 1: richseas folded before Flop (didn't bet)
Seat 2: Dorex2007 folded before Flop (didn't bet)
Seat 3: Cid s2 folded before Flop (didn't bet)
Seat 4: sleik23 folded before Flop (didn't bet)
Seat 5: Pepono101 collected ($0.05)
Seat 6: liracle folded before Flop (didn't bet)
Seat 7: Borrmann2020 (button) folded before Flop (didn't bet)
Seat 8: romul34 (small blind) folded before Flop
Seat 9: OldRasta1984 (big blind) folded before Flop



PokerStars Hand #230661078667:  Hold'em No Limit ($0.01/$0.02 USD) - 2021/10/16 14:43:35 PT [2021/10/16 17:43:35 ET]
Table 'Schedar III' 9-max Seat #8 is the button
Seat 1: richseas ($3.97 in chips) 
Seat 2: Dorex2007 ($2.06 in chips) 
Seat 3: Cid s2 ($0.87 in chips) 
Seat 4: sleik23 ($2 in chips) 
Seat 5: Pepono101 ($2.16 in chips) 
Seat 6: liracle ($3.10 in chips) 
Seat 7: Borrmann2020 ($1.89 in chips) 
Seat 8: romul34 ($0.77 in chips) 
Seat 9: OldRasta1984 ($0.75 in chips) 
OldRasta1984: posts small blind $0.01
richseas: posts big blind $0.02
*** HOLE CARDS ***
Dealt to Dorex2007 [4s 6c]
Dorex2007: folds 
Cid s2: calls $0.02
sleik23: raises $0.04 to $0.06
Pepono101: folds 
liracle: calls $0.06
Borrmann2020: calls $0.06
romul34: calls $0.06
OldRasta1984: calls $0.05
richseas: folds 
Cid s2: folds 
*** FLOP *** [5d Qd 2h]
OldRasta1984: checks 
sleik23: bets $0.37
liracle: folds 
Borrmann2020: folds 
romul34: folds 
OldRasta1984: folds 
Uncalled bet ($0.37) returned to sleik23
sleik23 collected $0.33 from pot
sleik23: doesn't show hand 
*** SUMMARY ***
Total pot $0.34 | Rake $0.01 
Board [5d Qd 2h]
Seat 1: richseas (big blind) folded before Flop
Seat 2: Dorex2007 folded before Flop (didn't bet)
Seat 3: Cid s2 folded before Flop
Seat 4: sleik23 collected ($0.33)
Seat 5: Pepono101 folded before Flop (didn't bet)
Seat 6: liracle folded on the Flop
Seat 7: Borrmann2020 folded on the Flop
Seat 8: romul34 (button) folded on the Flop
Seat 9: OldRasta1984 (small blind) folded on the Flop



PokerStars Hand #230661101216:  Hold'em No Limit ($0.01/$0.02 USD) - 2021/10/16 14:44:27 PT [2021/10/16 17:44:27 ET]
Table 'Schedar III' 9-max Seat #9 is the button
Seat 1: richseas ($3.95 in chips) 
Seat 2: Dorex2007 ($2.06 in chips) 
Seat 3: Cid s2 ($0.85 in chips) 
Seat 5: Pepono101 ($2.16 in chips) 
Seat 6: liracle ($3.04 in chips) 
Seat 7: Borrmann2020 ($1.83 in chips) 
Seat 8: romul34 ($0.71 in chips) 
Seat 9: OldRasta1984 ($0.69 in chips) 
richseas: posts small blind $0.01
Dorex2007: posts big blind $0.02
*** HOLE CARDS ***
Dealt to Dorex2007 [Qc 7s]
Cid s2: folds 
sleik23 leaves the table
Pepono101: folds 
liracle: folds 
Wridty joins the table at seat #4 
Borrmann2020: folds 
romul34: folds 
OldRasta1984: folds 
richseas: folds 
Uncalled bet ($0.01) returned to Dorex2007
Dorex2007 collected $0.02 from pot
Dorex2007: doesn't show hand 
*** SUMMARY ***
Total pot $0.02 | Rake $0 
Seat 1: richseas (small blind) folded before Flop
Seat 2: Dorex2007 (big blind) collected ($0.02)
Seat 3: Cid s2 folded before Flop (didn't bet)
Seat 5: Pepono101 folded before Flop (didn't bet)
Seat 6: liracle folded before Flop (didn't bet)
Seat 7: Borrmann2020 folded before Flop (didn't bet)
Seat 8: romul34 folded before Flop (didn't bet)
Seat 9: OldRasta1984 (button) folded before Flop (didn't bet)



PokerStars Hand #230661114470:  Hold'em No Limit ($0.01/$0.02 USD) - 2021/10/16 14:44:58 PT [2021/10/16 17:44:58 ET]
Table 'Schedar III' 9-max Seat #1 is the button
Seat 1: richseas ($3.94 in chips) 
Seat 2: Dorex2007 ($2.07 in chips) 
Seat 3: Cid s2 ($0.85 in chips) 
Seat 5: Pepono101 ($2.16 in chips) 
Seat 6: liracle ($3.04 in chips) 
Seat 7: Borrmann2020 ($1.83 in chips) 
Seat 8: romul34 ($0.71 in chips) 
Seat 9: OldRasta1984 ($0.69 in chips) 
Dorex2007: posts small blind $0.01
Cid s2: posts big blind $0.02
Wridty: sits out 
*** HOLE CARDS ***
Dealt to Dorex2007 [9d Qh]
Pepono101: folds 
liracle: folds 
Borrmann2020: folds 
romul34: folds 
OldRasta1984: folds 
richseas: folds 
Dorex2007: calls $0.01
Cid s2: checks 
*** FLOP *** [4s 3h 4h]
Dorex2007: checks 
Cid s2: checks 
*** TURN *** [4s 3h 4h] [5h]
Dorex2007: checks 
Cid s2: checks 
*** RIVER *** [4s 3h 4h 5h] [Qd]
Dorex2007: checks 
Cid s2: bets $0.02
Dorex2007: calls $0.02
*** SHOW DOWN ***
Cid s2: shows [8h Td] (a pair of Fours)
Dorex2007: shows [9d Qh] (two pair, Queens and Fours)
Dorex2007 collected $0.08 from pot
*** SUMMARY ***
Total pot $0.08 | Rake $0 
Board [4s 3h 4h 5h Qd]
Seat 1: richseas (button) folded before Flop (didn't bet)
Seat 2: Dorex2007 (small blind) showed [9d Qh] and won ($0.08) with two pair, Queens and Fours
Seat 3: Cid s2 (big blind) showed [8h Td] and lost with a pair of Fours
Seat 5: Pepono101 folded before Flop (didn't bet)
Seat 6: liracle folded before Flop (didn't bet)
Seat 7: Borrmann2020 folded before Flop (didn't bet)
Seat 8: romul34 folded before Flop (didn't bet)
Seat 9: OldRasta1984 folded before Flop (didn't bet)



PokerStars Hand #230661136156:  Hold'em No Limit ($0.01/$0.02 USD) - 2021/10/16 14:45:48 PT [2021/10/16 17:45:48 ET]
Table 'Schedar III' 9-max Seat #2 is the button
Seat 1: richseas ($3.94 in chips) 
Seat 2: Dorex2007 ($2.11 in chips) 
Seat 3: Cid s2 ($0.81 in chips) 
Seat 4: Wridty ($2 in chips) 
Seat 5: Pepono101 ($2.16 in chips) 
Seat 6: liracle ($3.04 in chips) 
Seat 7: Borrmann2020 ($1.83 in chips) 
Seat 8: romul34 ($0.71 in chips) 
Seat 9: OldRasta1984 ($0.69 in chips) 
Cid s2: posts small blind $0.01
Wridty: posts big blind $0.02
*** HOLE CARDS ***
Dealt to Dorex2007 [6s Js]
Pepono101: folds 
liracle: folds 
Borrmann2020: folds 
romul34: folds 
OldRasta1984: folds 
richseas: folds 
Dorex2007: folds 
Cid s2: calls $0.01
Wridty: checks 
*** FLOP *** [Th 4d 3d]
Cid s2: checks 
Wridty: bets $0.04
Cid s2: calls $0.04
*** TURN *** [Th 4d 3d] [2s]
Cid s2: checks 
Wridty: checks 
*** RIVER *** [Th 4d 3d 2s] [Ks]
Cid s2: checks 
Wridty: bets $0.06
Cid s2: calls $0.06
*** SHOW DOWN ***
Wridty: shows [7h 9d] (high card King)
Cid s2: shows [Kd Ac] (a pair of Kings)
Cid s2 collected $0.23 from pot
*** SUMMARY ***
Total pot $0.24 | Rake $0.01 
Board [Th 4d 3d 2s Ks]
Seat 1: richseas folded before Flop (didn't bet)
Seat 2: Dorex2007 (button) folded before Flop (didn't bet)
Seat 3: Cid s2 (small blind) showed [Kd Ac] and won ($0.23) with a pair of Kings
Seat 4: Wridty (big blind) showed [7h 9d] and lost with high card King
Seat 5: Pepono101 folded before Flop (didn't bet)
Seat 6: liracle folded before Flop (didn't bet)
Seat 7: Borrmann2020 folded before Flop (didn't bet)
Seat 8: romul34 folded before Flop (didn't bet)
Seat 9: OldRasta1984 folded before Flop (didn't bet)



PokerStars Hand #230661163552:  Hold'em No Limit ($0.01/$0.02 USD) - 2021/10/16 14:46:43 PT [2021/10/16 17:46:43 ET]
Table 'Schedar III' 9-max Seat #3 is the button
Seat 1: richseas ($3.94 in chips) 
Seat 2: Dorex2007 ($2.11 in chips) 
Seat 3: Cid s2 ($0.92 in chips) 
Seat 4: Wridty ($1.88 in chips) 
Seat 5: Pepono101 ($2.16 in chips) 
Seat 6: liracle ($3.04 in chips) 
Seat 7: Borrmann2020 ($1.83 in chips) 
Seat 8: romul34 ($0.71 in chips) 
Seat 9: OldRasta1984 ($0.69 in chips) 
Wridty: posts small blind $0.01
Pepono101: posts big blind $0.02
*** HOLE CARDS ***
Dealt to Dorex2007 [8c Kd]
liracle: folds 
Borrmann2020: folds 
romul34: folds 
OldRasta1984: folds 
richseas: folds 
Dorex2007: folds 
Cid s2: calls $0.02
Wridty: calls $0.01
Pepono101: checks 
*** FLOP *** [Jd Qd Ts]
Wridty: checks 
Pepono101: checks 
Cid s2: checks 
*** TURN *** [Jd Qd Ts] [9d]
Wridty: bets $0.04
Pepono101: folds 
Cid s2: calls $0.04
*** RIVER *** [Jd Qd Ts 9d] [5d]
Wridty: checks 
Cid s2: checks 
*** SHOW DOWN ***
Wridty: shows [3d Jc] (a flush, Queen high)
Cid s2: mucks hand 
Wridty collected $0.14 from pot
*** SUMMARY ***
Total pot $0.14 | Rake $0 
Board [Jd Qd Ts 9d 5d]
Seat 1: richseas folded before Flop (didn't bet)
Seat 2: Dorex2007 folded before Flop (didn't bet)
Seat 3: Cid s2 (button) mucked [Qs 6c]
Seat 4: Wridty (small blind) showed [3d Jc] and won ($0.14) with a flush, Queen high
Seat 5: Pepono101 (big blind) folded on the Turn
Seat 6: liracle folded before Flop (didn't bet)
Seat 7: Borrmann2020 folded before Flop (didn't bet)
Seat 8: romul34 folded before Flop (didn't bet)
Seat 9: OldRasta1984 folded before Flop (didn't bet)



PokerStars Hand #230661189736:  Hold'em No Limit ($0.01/$0.02 USD) - 2021/10/16 14:47:43 PT [2021/10/16 17:47:43 ET]
Table 'Schedar III' 9-max Seat #4 is the button
Seat 1: richseas ($3.94 in chips) 
Seat 2: Dorex2007 ($2.11 in chips) 
Seat 3: Cid s2 ($0.86 in chips) 
Seat 4: Wridty ($1.96 in chips) 
Seat 5: Pepono101 ($2.14 in chips) 
Seat 6: liracle ($3.04 in chips) 
Seat 7: Borrmann2020 ($1.83 in chips) 
Seat 8: romul34 ($0.71 in chips) 
Seat 9: OldRasta1984 ($0.69 in chips) 
Pepono101: posts small blind $0.01
liracle: posts big blind $0.02
*** HOLE CARDS ***
Dealt to Dorex2007 [Kh 3s]
Borrmann2020: raises $0.06 to $0.08
romul34: folds 
OldRasta1984: folds 
richseas: folds 
Dorex2007: folds 
Cid s2: calls $0.08
Wridty: folds 
Pepono101: folds 
liracle: folds 
*** FLOP *** [5h 4s Ah]
Borrmann2020: bets $0.08
Cid s2: folds 
Uncalled bet ($0.08) returned to Borrmann2020
Borrmann2020 collected $0.18 from pot
Borrmann2020: doesn't show hand 
*** SUMMARY ***
Total pot $0.19 | Rake $0.01 
Board [5h 4s Ah]
Seat 1: richseas folded before Flop (didn't bet)
Seat 2: Dorex2007 folded before Flop (didn't bet)
Seat 3: Cid s2 folded on the Flop
Seat 4: Wridty (button) folded before Flop (didn't bet)
Seat 5: Pepono101 (small blind) folded before Flop
Seat 6: liracle (big blind) folded before Flop
Seat 7: Borrmann2020 collected ($0.18)
Seat 8: romul34 folded before Flop (didn't bet)
Seat 9: OldRasta1984 folded before Flop (didn't bet)



PokerStars Hand #230661203209:  Hold'em No Limit ($0.01/$0.02 USD) - 2021/10/16 14:48:14 PT [2021/10/16 17:48:14 ET]
Table 'Schedar III' 9-max Seat #5 is the button
Seat 1: richseas ($3.94 in chips) 
Seat 2: Dorex2007 ($2.11 in chips) 
Seat 3: Cid s2 ($0.78 in chips) 
Seat 4: Wridty ($1.96 in chips) 
Seat 5: Pepono101 ($2.13 in chips) 
Seat 6: liracle ($3.02 in chips) 
Seat 7: Borrmann2020 ($1.93 in chips) 
Seat 8: romul34 ($0.71 in chips) 
Seat 9: OldRasta1984 ($0.69 in chips) 
liracle: posts small blind $0.01
Borrmann2020: posts big blind $0.02
*** HOLE CARDS ***
Dealt to Dorex2007 [Td 5c]
romul34: folds 
OldRasta1984: raises $0.04 to $0.06
richseas: folds 
Dorex2007: folds 
Cid s2: calls $0.06
Wridty: calls $0.06
Pepono101: calls $0.06
liracle: calls $0.05
Borrmann2020: calls $0.04
*** FLOP *** [Th 7d 3c]
liracle: checks 
Borrmann2020: bets $0.06
OldRasta1984: calls $0.06
Cid s2: folds 
Wridty: calls $0.06
Pepono101: folds 
liracle: folds 
*** TURN *** [Th 7d 3c] [Jc]
Borrmann2020: checks 
OldRasta1984: bets $0.57 and is all-in
Wridty: folds 
Borrmann2020: folds 
Uncalled bet ($0.57) returned to OldRasta1984
OldRasta1984 collected $0.52 from pot
OldRasta1984: doesn't show hand 
*** SUMMARY ***
Total pot $0.54 | Rake $0.02 
Board [Th 7d 3c Jc]
Seat 1: richseas folded before Flop (didn't bet)
Seat 2: Dorex2007 folded before Flop (didn't bet)
Seat 3: Cid s2 folded on the Flop
Seat 4: Wridty folded on the Turn
Seat 5: Pepono101 (button) folded on the Flop
Seat 6: liracle (small blind) folded on the Flop
Seat 7: Borrmann2020 (big blind) folded on the Turn
Seat 8: romul34 folded before Flop (didn't bet)
Seat 9: OldRasta1984 collected ($0.52)



