PokerStars Hand #225151371146:  Hold'em No Limit ($0.01/$0.02 USD) - 2021/03/24 15:23:39 PT [2021/03/24 18:23:39 ET]
Table 'Thyestes IV' 9-max Seat #4 is the button
Seat 1: kano1313 ($1.90 in chips) 
Seat 2: sadner ($5.62 in chips) 
Seat 3: Guilhermanoo ($0.89 in chips) 
Seat 4: tatanga7588 ($1.53 in chips) 
Seat 5: LeandroAku ($0.99 in chips) 
Seat 6: Dorex2007 ($1.50 in chips) 
Seat 7: mattahario ($0.74 in chips) 
Seat 8: AlexVV40 ($0.80 in chips) 
Seat 9: romawka70 ($2.66 in chips) 
LeandroAku: posts small blind $0.01
Dorex2007: posts big blind $0.02
*** HOLE CARDS ***
Dealt to Dorex2007 [7d Qs]
mattahario: raises $0.02 to $0.04
AlexVV40: folds 
romawka70: folds 
kano1313: folds 
sadner: folds 
Guilhermanoo: calls $0.04
tatanga7588: folds 
LeandroAku: calls $0.03
Dorex2007: folds 
*** FLOP *** [2d Ks 5s]
LeandroAku: checks 
mattahario: bets $0.06
Guilhermanoo: calls $0.06
LeandroAku: folds 
*** TURN *** [2d Ks 5s] [Jh]
mattahario: bets $0.06
Guilhermanoo: calls $0.06
*** RIVER *** [2d Ks 5s Jh] [5h]
mattahario: bets $0.06
Guilhermanoo: folds 
Uncalled bet ($0.06) returned to mattahario
mattahario collected $0.37 from pot
*** SUMMARY ***
Total pot $0.38 | Rake $0.01 
Board [2d Ks 5s Jh 5h]
Seat 1: kano1313 folded before Flop (didn't bet)
Seat 2: sadner folded before Flop (didn't bet)
Seat 3: Guilhermanoo folded on the River
Seat 4: tatanga7588 (button) folded before Flop (didn't bet)
Seat 5: LeandroAku (small blind) folded on the Flop
Seat 6: Dorex2007 (big blind) folded before Flop
Seat 7: mattahario collected ($0.37)
Seat 8: AlexVV40 folded before Flop (didn't bet)
Seat 9: romawka70 folded before Flop (didn't bet)



PokerStars Hand #225151394445:  Hold'em No Limit ($0.01/$0.02 USD) - 2021/03/24 15:24:21 PT [2021/03/24 18:24:21 ET]
Table 'Thyestes IV' 9-max Seat #5 is the button
Seat 1: kano1313 ($1.90 in chips) 
Seat 2: sadner ($5.62 in chips) 
Seat 3: Guilhermanoo ($0.73 in chips) 
Seat 4: tatanga7588 ($1.53 in chips) 
Seat 5: LeandroAku ($0.95 in chips) 
Seat 6: Dorex2007 ($1.48 in chips) 
Seat 7: mattahario ($0.95 in chips) 
Seat 8: AlexVV40 ($0.80 in chips) 
Seat 9: romawka70 ($2.66 in chips) 
Dorex2007: posts small blind $0.01
mattahario: posts big blind $0.02
*** HOLE CARDS ***
Dealt to Dorex2007 [7h 3c]
AlexVV40 has timed out
AlexVV40: folds 
romawka70: folds 
kano1313: folds 
sadner: folds 
Guilhermanoo: folds 
tatanga7588: folds 
LeandroAku: folds 
Dorex2007: folds 
Uncalled bet ($0.01) returned to mattahario
mattahario collected $0.02 from pot
*** SUMMARY ***
Total pot $0.02 | Rake $0 
Seat 1: kano1313 folded before Flop (didn't bet)
Seat 2: sadner folded before Flop (didn't bet)
Seat 3: Guilhermanoo folded before Flop (didn't bet)
Seat 4: tatanga7588 folded before Flop (didn't bet)
Seat 5: LeandroAku (button) folded before Flop (didn't bet)
Seat 6: Dorex2007 (small blind) folded before Flop
Seat 7: mattahario (big blind) collected ($0.02)
Seat 8: AlexVV40 folded before Flop (didn't bet)
Seat 9: romawka70 folded before Flop (didn't bet)



PokerStars Hand #225151405810:  Hold'em No Limit ($0.01/$0.02 USD) - 2021/03/24 15:24:42 PT [2021/03/24 18:24:42 ET]
Table 'Thyestes IV' 9-max Seat #6 is the button
Seat 1: kano1313 ($1.90 in chips) 
Seat 2: sadner ($5.62 in chips) 
Seat 3: Guilhermanoo ($0.73 in chips) 
Seat 4: tatanga7588 ($1.53 in chips) 
Seat 5: LeandroAku ($0.95 in chips) 
Seat 6: Dorex2007 ($1.47 in chips) 
Seat 7: mattahario ($0.96 in chips) 
Seat 8: AlexVV40 ($0.80 in chips) 
Seat 9: romawka70 ($2.66 in chips) 
mattahario: posts small blind $0.01
AlexVV40: posts big blind $0.02
*** HOLE CARDS ***
Dealt to Dorex2007 [Th Ks]
romawka70: calls $0.02
kano1313 has timed out
kano1313: folds 
sadner: folds 
Guilhermanoo: folds 
tatanga7588: folds 
LeandroAku: folds 
Dorex2007: folds 
mattahario: calls $0.01
AlexVV40: checks 
*** FLOP *** [2s 6c 4s]
mattahario: checks 
AlexVV40: checks 
romawka70: checks 
*** TURN *** [2s 6c 4s] [7c]
mattahario: bets $0.02
AlexVV40: calls $0.02
romawka70: calls $0.02
*** RIVER *** [2s 6c 4s 7c] [8s]
mattahario: bets $0.04
AlexVV40: folds 
romawka70: folds 
Uncalled bet ($0.04) returned to mattahario
mattahario collected $0.12 from pot
*** SUMMARY ***
Total pot $0.12 | Rake $0 
Board [2s 6c 4s 7c 8s]
Seat 1: kano1313 folded before Flop (didn't bet)
Seat 2: sadner folded before Flop (didn't bet)
Seat 3: Guilhermanoo folded before Flop (didn't bet)
Seat 4: tatanga7588 folded before Flop (didn't bet)
Seat 5: LeandroAku folded before Flop (didn't bet)
Seat 6: Dorex2007 (button) folded before Flop (didn't bet)
Seat 7: mattahario (small blind) collected ($0.12)
Seat 8: AlexVV40 (big blind) folded on the River
Seat 9: romawka70 folded on the River



PokerStars Hand #225151444241:  Hold'em No Limit ($0.01/$0.02 USD) - 2021/03/24 15:25:53 PT [2021/03/24 18:25:53 ET]
Table 'Thyestes IV' 9-max Seat #7 is the button
Seat 1: kano1313 ($1.90 in chips) 
Seat 2: sadner ($5.62 in chips) 
Seat 3: Guilhermanoo ($0.73 in chips) 
Seat 4: tatanga7588 ($1.94 in chips) 
Seat 5: LeandroAku ($0.95 in chips) 
Seat 6: Dorex2007 ($1.47 in chips) 
Seat 7: mattahario ($1.04 in chips) 
Seat 8: AlexVV40 ($0.76 in chips) 
Seat 9: romawka70 ($2.62 in chips) 
AlexVV40: posts small blind $0.01
romawka70: posts big blind $0.02
*** HOLE CARDS ***
Dealt to Dorex2007 [2c 2s]
kano1313: folds 
sadner: raises $0.04 to $0.06
kano1313 leaves the table
Guilhermanoo: folds 
tatanga7588: folds 
LeandroAku: folds 
Dorex2007: folds 
mattahario: folds 
AlexVV40: calls $0.05
romawka70: folds 
*** FLOP *** [5s 2d Th]
petar0808 joins the table at seat #1 
AlexVV40: bets $0.06
sadner: calls $0.06
*** TURN *** [5s 2d Th] [3s]
AlexVV40: checks 
sadner: checks 
*** RIVER *** [5s 2d Th 3s] [3h]
AlexVV40: bets $0.10
sadner: folds 
Uncalled bet ($0.10) returned to AlexVV40
AlexVV40 collected $0.25 from pot
AlexVV40: doesn't show hand 
*** SUMMARY ***
Total pot $0.26 | Rake $0.01 
Board [5s 2d Th 3s 3h]
Seat 1: kano1313 folded before Flop (didn't bet)
Seat 2: sadner folded on the River
Seat 3: Guilhermanoo folded before Flop (didn't bet)
Seat 4: tatanga7588 folded before Flop (didn't bet)
Seat 5: LeandroAku folded before Flop (didn't bet)
Seat 6: Dorex2007 folded before Flop (didn't bet)
Seat 7: mattahario (button) folded before Flop (didn't bet)
Seat 8: AlexVV40 (small blind) collected ($0.25)
Seat 9: romawka70 (big blind) folded before Flop



PokerStars Hand #225151485148:  Hold'em No Limit ($0.01/$0.02 USD) - 2021/03/24 15:27:08 PT [2021/03/24 18:27:08 ET]
Table 'Thyestes IV' 9-max Seat #8 is the button
Seat 1: petar0808 ($1.60 in chips) 
Seat 2: sadner ($5.50 in chips) 
Seat 3: Guilhermanoo ($0.73 in chips) 
Seat 4: tatanga7588 ($1.94 in chips) 
Seat 5: LeandroAku ($0.95 in chips) 
Seat 6: Dorex2007 ($1.47 in chips) 
Seat 7: mattahario ($1.04 in chips) 
Seat 8: AlexVV40 ($0.89 in chips) 
Seat 9: romawka70 ($2.60 in chips) 
romawka70: posts small blind $0.01
petar0808: posts big blind $0.02
*** HOLE CARDS ***
Dealt to Dorex2007 [Ad Qd]
sadner: folds 
Guilhermanoo: raises $0.04 to $0.06
tatanga7588: folds 
LeandroAku: folds 
Dorex2007: calls $0.06
mattahario: folds 
AlexVV40: folds 
romawka70: folds 
petar0808: calls $0.04
*** FLOP *** [5d 7s Kd]
petar0808: checks 
Guilhermanoo: bets $0.09
Dorex2007: raises $0.18 to $0.27
petar0808: folds 
Guilhermanoo: folds 
Uncalled bet ($0.18) returned to Dorex2007
Dorex2007 collected $0.36 from pot
Dorex2007: doesn't show hand 
*** SUMMARY ***
Total pot $0.37 | Rake $0.01 
Board [5d 7s Kd]
Seat 1: petar0808 (big blind) folded on the Flop
Seat 2: sadner folded before Flop (didn't bet)
Seat 3: Guilhermanoo folded on the Flop
Seat 4: tatanga7588 folded before Flop (didn't bet)
Seat 5: LeandroAku folded before Flop (didn't bet)
Seat 6: Dorex2007 collected ($0.36)
Seat 7: mattahario folded before Flop (didn't bet)
Seat 8: AlexVV40 (button) folded before Flop (didn't bet)
Seat 9: romawka70 (small blind) folded before Flop



PokerStars Hand #225151515326:  Hold'em No Limit ($0.01/$0.02 USD) - 2021/03/24 15:28:04 PT [2021/03/24 18:28:04 ET]
Table 'Thyestes IV' 9-max Seat #9 is the button
Seat 1: petar0808 ($1.54 in chips) 
Seat 2: sadner ($5.50 in chips) 
Seat 3: Guilhermanoo ($0.58 in chips) 
Seat 4: tatanga7588 ($1.94 in chips) 
Seat 5: LeandroAku ($0.95 in chips) 
Seat 6: Dorex2007 ($1.68 in chips) 
Seat 7: mattahario ($1.04 in chips) 
Seat 8: AlexVV40 ($0.89 in chips) 
Seat 9: romawka70 ($2.59 in chips) 
petar0808: posts small blind $0.01
sadner: posts big blind $0.02
*** HOLE CARDS ***
Dealt to Dorex2007 [2d Kd]
Guilhermanoo: folds 
tatanga7588: folds 
LeandroAku: folds 
Dorex2007: folds 
mattahario: raises $0.04 to $0.06
AlexVV40: folds 
romawka70: folds 
petar0808: folds 
sadner: folds 
Uncalled bet ($0.04) returned to mattahario
mattahario collected $0.05 from pot
*** SUMMARY ***
Total pot $0.05 | Rake $0 
Seat 1: petar0808 (small blind) folded before Flop
Seat 2: sadner (big blind) folded before Flop
Seat 3: Guilhermanoo folded before Flop (didn't bet)
Seat 4: tatanga7588 folded before Flop (didn't bet)
Seat 5: LeandroAku folded before Flop (didn't bet)
Seat 6: Dorex2007 folded before Flop (didn't bet)
Seat 7: mattahario collected ($0.05)
Seat 8: AlexVV40 folded before Flop (didn't bet)
Seat 9: romawka70 (button) folded before Flop (didn't bet)



PokerStars Hand #225151525397:  Hold'em No Limit ($0.01/$0.02 USD) - 2021/03/24 15:28:23 PT [2021/03/24 18:28:23 ET]
Table 'Thyestes IV' 9-max Seat #1 is the button
Seat 1: petar0808 ($1.53 in chips) 
Seat 2: sadner ($5.48 in chips) 
Seat 3: Guilhermanoo ($0.58 in chips) 
Seat 4: tatanga7588 ($1.94 in chips) 
Seat 5: LeandroAku ($0.95 in chips) 
Seat 6: Dorex2007 ($1.68 in chips) 
Seat 7: mattahario ($1.07 in chips) 
Seat 8: AlexVV40 ($0.89 in chips) 
Seat 9: romawka70 ($2.59 in chips) 
sadner: posts small blind $0.01
Guilhermanoo: posts big blind $0.02
*** HOLE CARDS ***
Dealt to Dorex2007 [6s 8s]
tatanga7588: folds 
LeandroAku: folds 
Dorex2007: folds 
mattahario: raises $0.04 to $0.06
AlexVV40: folds 
romawka70: folds 
petar0808: calls $0.06
sadner: folds 
Guilhermanoo: calls $0.04
*** FLOP *** [6c Tc As]
Guilhermanoo: checks 
mattahario: bets $0.09
petar0808: calls $0.09
Guilhermanoo: folds 
*** TURN *** [6c Tc As] [3c]
mattahario: bets $0.06
petar0808: folds 
Uncalled bet ($0.06) returned to mattahario
mattahario collected $0.36 from pot
*** SUMMARY ***
Total pot $0.37 | Rake $0.01 
Board [6c Tc As 3c]
Seat 1: petar0808 (button) folded on the Turn
Seat 2: sadner (small blind) folded before Flop
Seat 3: Guilhermanoo (big blind) folded on the Flop
Seat 4: tatanga7588 folded before Flop (didn't bet)
Seat 5: LeandroAku folded before Flop (didn't bet)
Seat 6: Dorex2007 folded before Flop (didn't bet)
Seat 7: mattahario collected ($0.36)
Seat 8: AlexVV40 folded before Flop (didn't bet)
Seat 9: romawka70 folded before Flop (didn't bet)



PokerStars Hand #225151551846:  Hold'em No Limit ($0.01/$0.02 USD) - 2021/03/24 15:29:12 PT [2021/03/24 18:29:12 ET]
Table 'Thyestes IV' 9-max Seat #2 is the button
Seat 1: petar0808 ($1.38 in chips) 
Seat 2: sadner ($5.47 in chips) 
Seat 3: Guilhermanoo ($0.52 in chips) 
Seat 4: tatanga7588 ($1.94 in chips) 
Seat 5: LeandroAku ($0.95 in chips) 
Seat 6: Dorex2007 ($1.68 in chips) 
Seat 7: mattahario ($1.28 in chips) 
Seat 8: AlexVV40 ($0.89 in chips) 
Seat 9: romawka70 ($2.59 in chips) 
Guilhermanoo: posts small blind $0.01
tatanga7588: posts big blind $0.02
*** HOLE CARDS ***
Dealt to Dorex2007 [6s 7c]
LeandroAku: folds 
Dorex2007: folds 
mattahario: folds 
AlexVV40: folds 
romawka70: calls $0.02
petar0808: calls $0.02
sadner: folds 
Guilhermanoo: calls $0.01
tatanga7588: checks 
*** FLOP *** [4s Jh 3d]
Guilhermanoo: checks 
tatanga7588: bets $0.02
romawka70: folds 
petar0808: calls $0.02
Guilhermanoo: folds 
*** TURN *** [4s Jh 3d] [6d]
tatanga7588: bets $0.04
petar0808: calls $0.04
*** RIVER *** [4s Jh 3d 6d] [Kh]
tatanga7588: bets $0.04
petar0808: raises $0.14 to $0.18
tatanga7588: folds 
Uncalled bet ($0.14) returned to petar0808
petar0808 collected $0.27 from pot
petar0808: doesn't show hand 
*** SUMMARY ***
Total pot $0.28 | Rake $0.01 
Board [4s Jh 3d 6d Kh]
Seat 1: petar0808 collected ($0.27)
Seat 2: sadner (button) folded before Flop (didn't bet)
Seat 3: Guilhermanoo (small blind) folded on the Flop
Seat 4: tatanga7588 (big blind) folded on the River
Seat 5: LeandroAku folded before Flop (didn't bet)
Seat 6: Dorex2007 folded before Flop (didn't bet)
Seat 7: mattahario folded before Flop (didn't bet)
Seat 8: AlexVV40 folded before Flop (didn't bet)
Seat 9: romawka70 folded on the Flop



PokerStars Hand #225151591967:  Hold'em No Limit ($0.01/$0.02 USD) - 2021/03/24 15:30:27 PT [2021/03/24 18:30:27 ET]
Table 'Thyestes IV' 9-max Seat #3 is the button
Seat 1: petar0808 ($1.53 in chips) 
Seat 2: sadner ($5.47 in chips) 
Seat 3: Guilhermanoo ($0.50 in chips) 
Seat 4: tatanga7588 ($1.82 in chips) 
Seat 5: LeandroAku ($0.95 in chips) 
Seat 6: Dorex2007 ($1.68 in chips) 
Seat 7: mattahario ($1.28 in chips) 
Seat 8: AlexVV40 ($0.89 in chips) 
Seat 9: romawka70 ($2.57 in chips) 
tatanga7588: posts small blind $0.01
LeandroAku: posts big blind $0.02
*** HOLE CARDS ***
Dealt to Dorex2007 [Jd Qc]
Dorex2007: folds 
mattahario: folds 
AlexVV40: folds 
romawka70: folds 
petar0808: calls $0.02
sadner: folds 
Guilhermanoo: folds 
tatanga7588: folds 
LeandroAku: checks 
*** FLOP *** [5d 6h Kd]
LeandroAku: checks 
petar0808: bets $0.02
LeandroAku: folds 
Uncalled bet ($0.02) returned to petar0808
petar0808 collected $0.05 from pot
petar0808: doesn't show hand 
*** SUMMARY ***
Total pot $0.05 | Rake $0 
Board [5d 6h Kd]
Seat 1: petar0808 collected ($0.05)
Seat 2: sadner folded before Flop (didn't bet)
Seat 3: Guilhermanoo (button) folded before Flop (didn't bet)
Seat 4: tatanga7588 (small blind) folded before Flop
Seat 5: LeandroAku (big blind) folded on the Flop
Seat 6: Dorex2007 folded before Flop (didn't bet)
Seat 7: mattahario folded before Flop (didn't bet)
Seat 8: AlexVV40 folded before Flop (didn't bet)
Seat 9: romawka70 folded before Flop (didn't bet)



PokerStars Hand #225151611520:  Hold'em No Limit ($0.01/$0.02 USD) - 2021/03/24 15:31:02 PT [2021/03/24 18:31:02 ET]
Table 'Thyestes IV' 9-max Seat #4 is the button
Seat 1: petar0808 ($1.56 in chips) 
Seat 2: sadner ($5.47 in chips) 
Seat 3: Guilhermanoo ($0.50 in chips) 
Seat 4: tatanga7588 ($1.81 in chips) 
Seat 5: LeandroAku ($0.93 in chips) 
Seat 6: Dorex2007 ($1.68 in chips) 
Seat 7: mattahario ($1.28 in chips) 
Seat 8: AlexVV40 ($0.89 in chips) 
Seat 9: romawka70 ($2.57 in chips) 
LeandroAku: posts small blind $0.01
Dorex2007: posts big blind $0.02
*** HOLE CARDS ***
Dealt to Dorex2007 [8s 5h]
mattahario: folds 
AlexVV40: folds 
romawka70: folds 
petar0808: folds 
sadner: folds 
Guilhermanoo: raises $0.04 to $0.06
tatanga7588: calls $0.06
LeandroAku: raises $0.12 to $0.18
Dorex2007: folds 
Guilhermanoo: raises $0.32 to $0.50 and is all-in
tatanga7588: folds 
LeandroAku: calls $0.32
*** FLOP *** [3h 7c 2h]
*** TURN *** [3h 7c 2h] [4s]
*** RIVER *** [3h 7c 2h 4s] [2d]
*** SHOW DOWN ***
LeandroAku: shows [Qs Ah] (a pair of Deuces)
Guilhermanoo: shows [As Qd] (a pair of Deuces)
Guilhermanoo cashed out the hand for $0.51 | Cash Out Fee $0.01
LeandroAku cashed out the hand for $0.51 | Cash Out Fee $0.01
*** SUMMARY ***
Total pot $1.08 | Rake $0.04 
Board [3h 7c 2h 4s 2d]
Seat 1: petar0808 folded before Flop (didn't bet)
Seat 2: sadner folded before Flop (didn't bet)
Seat 3: Guilhermanoo showed [As Qd] and won ($0.52) with a pair of Deuces (pot not awarded as player cashed out)
Seat 4: tatanga7588 (button) folded before Flop
Seat 5: LeandroAku (small blind) showed [Qs Ah] and won ($0.52) with a pair of Deuces (pot not awarded as player cashed out)
Seat 6: Dorex2007 (big blind) folded before Flop
Seat 7: mattahario folded before Flop (didn't bet)
Seat 8: AlexVV40 folded before Flop (didn't bet)
Seat 9: romawka70 folded before Flop (didn't bet)



PokerStars Hand #225151640365:  Hold'em No Limit ($0.01/$0.02 USD) - 2021/03/24 15:31:53 PT [2021/03/24 18:31:53 ET]
Table 'Thyestes IV' 9-max Seat #5 is the button
Seat 1: petar0808 ($1.56 in chips) 
Seat 2: sadner ($5.47 in chips) 
Seat 3: Guilhermanoo ($0.51 in chips) 
Seat 4: tatanga7588 ($1.75 in chips) 
Seat 5: LeandroAku ($0.94 in chips) 
Seat 6: Dorex2007 ($1.66 in chips) 
Seat 7: mattahario ($1.28 in chips) 
Seat 8: AlexVV40 ($0.89 in chips) 
Seat 9: romawka70 ($2.57 in chips) 
Dorex2007: posts small blind $0.01
mattahario: posts big blind $0.02
*** HOLE CARDS ***
Dealt to Dorex2007 [Th 5h]
AlexVV40: folds 
romawka70: calls $0.02
petar0808: calls $0.02
sadner: folds 
Guilhermanoo: folds 
tatanga7588: folds 
LeandroAku: folds 
Dorex2007: calls $0.01
mattahario: checks 
*** FLOP *** [9c 6d As]
Dorex2007: checks 
mattahario: checks 
romawka70: checks 
petar0808: bets $0.04
Dorex2007: folds 
mattahario: calls $0.04
romawka70: folds 
*** TURN *** [9c 6d As] [7d]
mattahario: checks 
petar0808: bets $0.07
mattahario: calls $0.07
*** RIVER *** [9c 6d As 7d] [5d]
mattahario: checks 
petar0808: checks 
*** SHOW DOWN ***
mattahario: shows [7s 8h] (a straight, Five to Nine)
petar0808: mucks hand 
mattahario collected $0.29 from pot
*** SUMMARY ***
Total pot $0.30 | Rake $0.01 
Board [9c 6d As 7d 5d]
Seat 1: petar0808 mucked [6c Jc]
Seat 2: sadner folded before Flop (didn't bet)
Seat 3: Guilhermanoo folded before Flop (didn't bet)
Seat 4: tatanga7588 folded before Flop (didn't bet)
Seat 5: LeandroAku (button) folded before Flop (didn't bet)
Seat 6: Dorex2007 (small blind) folded on the Flop
Seat 7: mattahario (big blind) showed [7s 8h] and won ($0.29) with a straight, Five to Nine
Seat 8: AlexVV40 folded before Flop (didn't bet)
Seat 9: romawka70 folded on the Flop



PokerStars Hand #225151673436:  Hold'em No Limit ($0.01/$0.02 USD) - 2021/03/24 15:32:55 PT [2021/03/24 18:32:55 ET]
Table 'Thyestes IV' 9-max Seat #6 is the button
Seat 1: petar0808 ($1.43 in chips) 
Seat 2: sadner ($5.47 in chips) 
Seat 3: Guilhermanoo ($0.51 in chips) 
Seat 4: tatanga7588 ($1.75 in chips) 
Seat 5: LeandroAku ($0.94 in chips) 
Seat 6: Dorex2007 ($1.64 in chips) 
Seat 7: mattahario ($1.44 in chips) 
Seat 8: AlexVV40 ($0.89 in chips) 
Seat 9: romawka70 ($2.55 in chips) 
mattahario: posts small blind $0.01
AlexVV40: posts big blind $0.02
*** HOLE CARDS ***
Dealt to Dorex2007 [7d Jh]
romawka70: folds 
petar0808: calls $0.02
sadner: folds 
Guilhermanoo: folds 
tatanga7588: folds 
LeandroAku: folds 
Dorex2007: folds 
mattahario: folds 
AlexVV40: checks 
*** FLOP *** [4d Kd 3s]
AlexVV40: checks 
petar0808: bets $0.04
AlexVV40: folds 
Uncalled bet ($0.04) returned to petar0808
petar0808 collected $0.05 from pot
petar0808: doesn't show hand 
*** SUMMARY ***
Total pot $0.05 | Rake $0 
Board [4d Kd 3s]
Seat 1: petar0808 collected ($0.05)
Seat 2: sadner folded before Flop (didn't bet)
Seat 3: Guilhermanoo folded before Flop (didn't bet)
Seat 4: tatanga7588 folded before Flop (didn't bet)
Seat 5: LeandroAku folded before Flop (didn't bet)
Seat 6: Dorex2007 (button) folded before Flop (didn't bet)
Seat 7: mattahario (small blind) folded before Flop
Seat 8: AlexVV40 (big blind) folded on the Flop
Seat 9: romawka70 folded before Flop (didn't bet)



PokerStars Hand #225151692046:  Hold'em No Limit ($0.01/$0.02 USD) - 2021/03/24 15:33:29 PT [2021/03/24 18:33:29 ET]
Table 'Thyestes IV' 9-max Seat #7 is the button
Seat 1: petar0808 ($1.46 in chips) 
Seat 2: sadner ($5.47 in chips) 
Seat 3: Guilhermanoo ($0.51 in chips) 
Seat 4: tatanga7588 ($1.75 in chips) 
Seat 5: LeandroAku ($0.94 in chips) 
Seat 6: Dorex2007 ($1.64 in chips) 
Seat 7: mattahario ($1.43 in chips) 
Seat 8: AlexVV40 ($0.87 in chips) 
Seat 9: romawka70 ($2.55 in chips) 
AlexVV40: posts small blind $0.01
romawka70: posts big blind $0.02
*** HOLE CARDS ***
Dealt to Dorex2007 [Qh 9s]
petar0808: folds 
sadner: raises $0.04 to $0.06
Guilhermanoo: folds 
tatanga7588: folds 
LeandroAku: folds 
Dorex2007: folds 
mattahario: folds 
AlexVV40: folds 
romawka70: calls $0.04
*** FLOP *** [4c 5d Th]
romawka70: checks 
sadner: bets $0.10
romawka70: folds 
Uncalled bet ($0.10) returned to sadner
sadner collected $0.13 from pot
sadner: doesn't show hand 
*** SUMMARY ***
Total pot $0.13 | Rake $0 
Board [4c 5d Th]
Seat 1: petar0808 folded before Flop (didn't bet)
Seat 2: sadner collected ($0.13)
Seat 3: Guilhermanoo folded before Flop (didn't bet)
Seat 4: tatanga7588 folded before Flop (didn't bet)
Seat 5: LeandroAku folded before Flop (didn't bet)
Seat 6: Dorex2007 folded before Flop (didn't bet)
Seat 7: mattahario (button) folded before Flop (didn't bet)
Seat 8: AlexVV40 (small blind) folded before Flop
Seat 9: romawka70 (big blind) folded on the Flop



PokerStars Hand #225151712158:  Hold'em No Limit ($0.01/$0.02 USD) - 2021/03/24 15:34:06 PT [2021/03/24 18:34:06 ET]
Table 'Thyestes IV' 9-max Seat #8 is the button
Seat 1: petar0808 ($1.46 in chips) 
Seat 2: sadner ($5.54 in chips) 
Seat 3: Guilhermanoo ($0.51 in chips) 
Seat 4: tatanga7588 ($1.75 in chips) 
Seat 5: LeandroAku ($0.94 in chips) 
Seat 6: Dorex2007 ($1.64 in chips) 
Seat 7: mattahario ($1.43 in chips) 
Seat 8: AlexVV40 ($0.86 in chips) 
Seat 9: romawka70 ($2.49 in chips) 
romawka70: posts small blind $0.01
petar0808: posts big blind $0.02
*** HOLE CARDS ***
Dealt to Dorex2007 [Jc Ts]
sadner: folds 
Guilhermanoo: raises $0.04 to $0.06
tatanga7588: folds 
LeandroAku: folds 
Dorex2007: folds 
mattahario: folds 
AlexVV40: raises $0.15 to $0.21
romawka70: folds 
petar0808: calls $0.19
Guilhermanoo: raises $0.30 to $0.51 and is all-in
AlexVV40: calls $0.30
petar0808: calls $0.30
*** FLOP *** [6c 8d Jd]
petar0808: bets $0.95 and is all-in
AlexVV40: calls $0.35 and is all-in
Uncalled bet ($0.60) returned to petar0808
*** TURN *** [6c 8d Jd] [Td]
*** RIVER *** [6c 8d Jd Td] [Qc]
*** SHOW DOWN ***
petar0808: shows [As 6h] (a pair of Sixes)
AlexVV40: shows [Kh Ks] (a pair of Kings)
AlexVV40 collected $0.67 from side pot
Guilhermanoo: shows [Ad Kd] (a flush, Ace high)
Guilhermanoo collected $1.49 from main pot
*** SUMMARY ***
Total pot $2.24 Main pot $1.49. Side pot $0.67. | Rake $0.08 
Board [6c 8d Jd Td Qc]
Seat 1: petar0808 (big blind) showed [As 6h] and lost with a pair of Sixes
Seat 2: sadner folded before Flop (didn't bet)
Seat 3: Guilhermanoo showed [Ad Kd] and won ($1.49) with a flush, Ace high
Seat 4: tatanga7588 folded before Flop (didn't bet)
Seat 5: LeandroAku folded before Flop (didn't bet)
Seat 6: Dorex2007 folded before Flop (didn't bet)
Seat 7: mattahario folded before Flop (didn't bet)
Seat 8: AlexVV40 (button) showed [Kh Ks] and won ($0.67) with a pair of Kings
Seat 9: romawka70 (small blind) folded before Flop



PokerStars Hand #225151751648:  Hold'em No Limit ($0.01/$0.02 USD) - 2021/03/24 15:35:01 PT [2021/03/24 18:35:01 ET]
Table 'Thyestes IV' 9-max Seat #9 is the button
Seat 1: petar0808 ($0.60 in chips) 
Seat 2: sadner ($5.54 in chips) 
Seat 3: Guilhermanoo ($1.49 in chips) 
Seat 4: tatanga7588 ($1.75 in chips) 
Seat 5: LeandroAku ($0.94 in chips) 
Seat 6: Dorex2007 ($1.64 in chips) 
Seat 7: mattahario ($1.43 in chips) 
Seat 8: AlexVV40 ($0.67 in chips) 
Seat 9: romawka70 ($2.48 in chips) 
petar0808: posts small blind $0.01
sadner: posts big blind $0.02
*** HOLE CARDS ***
Dealt to Dorex2007 [Kh As]
Guilhermanoo: folds 
tatanga7588: folds 
LeandroAku: folds 
Dorex2007: raises $0.04 to $0.06
mattahario: folds 
AlexVV40: folds 
romawka70: folds 
petar0808: calls $0.05
sadner: folds 
*** FLOP *** [2d Qd Kd]
petar0808: checks 
Dorex2007: bets $0.14
petar0808: raises $0.40 to $0.54 and is all-in
Dorex2007: calls $0.40
*** TURN *** [2d Qd Kd] [Js]
*** RIVER *** [2d Qd Kd Js] [4s]
*** SHOW DOWN ***
petar0808: shows [Kc Ts] (a pair of Kings)
Dorex2007: shows [Kh As] (a pair of Kings - Ace kicker)
Dorex2007 collected $1.18 from pot
*** SUMMARY ***
Total pot $1.22 | Rake $0.04 
Board [2d Qd Kd Js 4s]
Seat 1: petar0808 (small blind) showed [Kc Ts] and lost with a pair of Kings
Seat 2: sadner (big blind) folded before Flop
Seat 3: Guilhermanoo folded before Flop (didn't bet)
Seat 4: tatanga7588 folded before Flop (didn't bet)
Seat 5: LeandroAku folded before Flop (didn't bet)
Seat 6: Dorex2007 showed [Kh As] and won ($1.18) with a pair of Kings
Seat 7: mattahario folded before Flop (didn't bet)
Seat 8: AlexVV40 folded before Flop (didn't bet)
Seat 9: romawka70 (button) folded before Flop (didn't bet)



PokerStars Hand #225151772087:  Hold'em No Limit ($0.01/$0.02 USD) - 2021/03/24 15:35:39 PT [2021/03/24 18:35:39 ET]
Table 'Thyestes IV' 9-max Seat #2 is the button
Seat 2: sadner ($5.52 in chips) 
Seat 3: Guilhermanoo ($1.49 in chips) 
Seat 4: tatanga7588 ($1.75 in chips) 
Seat 5: LeandroAku ($0.94 in chips) 
Seat 6: Dorex2007 ($2.22 in chips) 
Seat 7: mattahario ($1.43 in chips) 
Seat 8: AlexVV40 ($0.67 in chips) 
Seat 9: romawka70 ($2.48 in chips) 
Guilhermanoo: posts small blind $0.01
tatanga7588: posts big blind $0.02
*** HOLE CARDS ***
Dealt to Dorex2007 [6d Kd]
LeandroAku: folds 
Dorex2007: folds 
mattahario: folds 
AlexVV40: folds 
romawka70: folds 
petar0808 is disconnected 
sadner: raises $0.04 to $0.06
Guilhermanoo: folds 
tatanga7588: calls $0.04
*** FLOP *** [3h Tc Jh]
tatanga7588: bets $0.02
sadner: calls $0.02
*** TURN *** [3h Tc Jh] [Js]
tatanga7588: bets $0.04
sadner: calls $0.04
*** RIVER *** [3h Tc Jh Js] [Qs]
tatanga7588: checks 
sadner: bets $0.12
tatanga7588: folds 
Uncalled bet ($0.12) returned to sadner
sadner collected $0.24 from pot
sadner: doesn't show hand 
*** SUMMARY ***
Total pot $0.25 | Rake $0.01 
Board [3h Tc Jh Js Qs]
Seat 2: sadner (button) collected ($0.24)
Seat 3: Guilhermanoo (small blind) folded before Flop
Seat 4: tatanga7588 (big blind) folded on the River
Seat 5: LeandroAku folded before Flop (didn't bet)
Seat 6: Dorex2007 folded before Flop (didn't bet)
Seat 7: mattahario folded before Flop (didn't bet)
Seat 8: AlexVV40 folded before Flop (didn't bet)
Seat 9: romawka70 folded before Flop (didn't bet)



PokerStars Hand #225151821635:  Hold'em No Limit ($0.01/$0.02 USD) - 2021/03/24 15:37:10 PT [2021/03/24 18:37:10 ET]
Table 'Thyestes IV' 9-max Seat #3 is the button
Seat 2: sadner ($5.64 in chips) 
Seat 3: Guilhermanoo ($1.48 in chips) 
Seat 4: tatanga7588 ($1.63 in chips) 
Seat 5: LeandroAku ($0.94 in chips) 
Seat 6: Dorex2007 ($2.22 in chips) 
Seat 7: mattahario ($1.43 in chips) 
Seat 8: AlexVV40 ($0.80 in chips) 
Seat 9: romawka70 ($2.48 in chips) 
tatanga7588: posts small blind $0.01
LeandroAku: posts big blind $0.02
*** HOLE CARDS ***
Dealt to Dorex2007 [Ad Kc]
Dorex2007: raises $0.04 to $0.06
mattahario: folds 
AlexVV40: folds 
romawka70: folds 
sadner: folds 
Guilhermanoo: calls $0.06
tatanga7588: calls $0.05
LeandroAku: calls $0.04
*** FLOP *** [Th 5c 6c]
tatanga7588: bets $0.23
LeandroAku: folds 
Dorex2007: folds 
Guilhermanoo: folds 
Uncalled bet ($0.23) returned to tatanga7588
tatanga7588 collected $0.23 from pot
tatanga7588: doesn't show hand 
*** SUMMARY ***
Total pot $0.24 | Rake $0.01 
Board [Th 5c 6c]
Seat 2: sadner folded before Flop (didn't bet)
Seat 3: Guilhermanoo (button) folded on the Flop
Seat 4: tatanga7588 (small blind) collected ($0.23)
Seat 5: LeandroAku (big blind) folded on the Flop
Seat 6: Dorex2007 folded on the Flop
Seat 7: mattahario folded before Flop (didn't bet)
Seat 8: AlexVV40 folded before Flop (didn't bet)
Seat 9: romawka70 folded before Flop (didn't bet)



PokerStars Hand #225151851534:  Hold'em No Limit ($0.01/$0.02 USD) - 2021/03/24 15:38:05 PT [2021/03/24 18:38:05 ET]
Table 'Thyestes IV' 9-max Seat #4 is the button
Seat 2: sadner ($5.64 in chips) 
Seat 3: Guilhermanoo ($1.42 in chips) 
Seat 4: tatanga7588 ($1.80 in chips) 
Seat 5: LeandroAku ($0.88 in chips) 
Seat 6: Dorex2007 ($2.16 in chips) 
Seat 7: mattahario ($1.43 in chips) 
Seat 8: AlexVV40 ($0.80 in chips) 
Seat 9: romawka70 ($2.48 in chips) 
LeandroAku: posts small blind $0.01
Dorex2007: posts big blind $0.02
*** HOLE CARDS ***
Dealt to Dorex2007 [9c Kd]
mattahario: folds 
AlexVV40: folds 
romawka70: folds 
sadner: folds 
Guilhermanoo: folds 
tatanga7588: folds 
LeandroAku: folds 
Uncalled bet ($0.01) returned to Dorex2007
Dorex2007 collected $0.02 from pot
Dorex2007: doesn't show hand 
*** SUMMARY ***
Total pot $0.02 | Rake $0 
Seat 2: sadner folded before Flop (didn't bet)
Seat 3: Guilhermanoo folded before Flop (didn't bet)
Seat 4: tatanga7588 (button) folded before Flop (didn't bet)
Seat 5: LeandroAku (small blind) folded before Flop
Seat 6: Dorex2007 (big blind) collected ($0.02)
Seat 7: mattahario folded before Flop (didn't bet)
Seat 8: AlexVV40 folded before Flop (didn't bet)
Seat 9: romawka70 folded before Flop (didn't bet)



PokerStars Hand #225151857295:  Hold'em No Limit ($0.01/$0.02 USD) - 2021/03/24 15:38:16 PT [2021/03/24 18:38:16 ET]
Table 'Thyestes IV' 9-max Seat #5 is the button
Seat 2: sadner ($5.64 in chips) 
Seat 3: Guilhermanoo ($1.42 in chips) 
Seat 4: tatanga7588 ($1.80 in chips) 
Seat 5: LeandroAku ($0.87 in chips) 
Seat 6: Dorex2007 ($2.17 in chips) 
Seat 7: mattahario ($1.43 in chips) 
Seat 8: AlexVV40 ($0.80 in chips) 
Seat 9: romawka70 ($2.48 in chips) 
Dorex2007: posts small blind $0.01
mattahario: posts big blind $0.02
*** HOLE CARDS ***
Dealt to Dorex2007 [Ac 8h]
AlexVV40: folds 
romawka70: folds 
sadner: folds 
Guilhermanoo: folds 
tatanga7588: folds 
LeandroAku: folds 
Dorex2007: calls $0.01
mattahario: checks 
*** FLOP *** [2s 4d Qh]
Dorex2007: checks 
mattahario: bets $0.04
Dorex2007: folds 
Uncalled bet ($0.04) returned to mattahario
mattahario collected $0.04 from pot
*** SUMMARY ***
Total pot $0.04 | Rake $0 
Board [2s 4d Qh]
Seat 2: sadner folded before Flop (didn't bet)
Seat 3: Guilhermanoo folded before Flop (didn't bet)
Seat 4: tatanga7588 folded before Flop (didn't bet)
Seat 5: LeandroAku (button) folded before Flop (didn't bet)
Seat 6: Dorex2007 (small blind) folded on the Flop
Seat 7: mattahario (big blind) collected ($0.04)
Seat 8: AlexVV40 folded before Flop (didn't bet)
Seat 9: romawka70 folded before Flop (didn't bet)



PokerStars Hand #225151872733:  Hold'em No Limit ($0.01/$0.02 USD) - 2021/03/24 15:38:44 PT [2021/03/24 18:38:44 ET]
Table 'Thyestes IV' 9-max Seat #6 is the button
Seat 2: sadner ($5.64 in chips) 
Seat 3: Guilhermanoo ($1.42 in chips) 
Seat 4: tatanga7588 ($1.80 in chips) 
Seat 5: LeandroAku ($0.87 in chips) 
Seat 6: Dorex2007 ($2.15 in chips) 
Seat 7: mattahario ($1.45 in chips) 
Seat 8: AlexVV40 ($0.80 in chips) 
Seat 9: romawka70 ($2.48 in chips) 
mattahario: posts small blind $0.01
AlexVV40: posts big blind $0.02
*** HOLE CARDS ***
Dealt to Dorex2007 [6c 6d]
romawka70: calls $0.02
sadner: folds 
Guilhermanoo: folds 
tatanga7588: folds 
LeandroAku: folds 
Dorex2007: calls $0.02
mattahario: folds 
AlexVV40: checks 
*** FLOP *** [4s Jh 6s]
AlexVV40: checks 
romawka70: bets $0.02
Dorex2007: raises $0.08 to $0.10
AlexVV40: calls $0.10
romawka70: folds 
*** TURN *** [4s Jh 6s] [Tc]
AlexVV40: bets $0.10
Dorex2007: raises $0.48 to $0.58
AlexVV40: folds 
Uncalled bet ($0.48) returned to Dorex2007
Dorex2007 collected $0.47 from pot
Dorex2007: doesn't show hand 
*** SUMMARY ***
Total pot $0.49 | Rake $0.02 
Board [4s Jh 6s Tc]
Seat 2: sadner folded before Flop (didn't bet)
Seat 3: Guilhermanoo folded before Flop (didn't bet)
Seat 4: tatanga7588 folded before Flop (didn't bet)
Seat 5: LeandroAku folded before Flop (didn't bet)
Seat 6: Dorex2007 (button) collected ($0.47)
Seat 7: mattahario (small blind) folded before Flop
Seat 8: AlexVV40 (big blind) folded on the Turn
Seat 9: romawka70 folded on the Flop



PokerStars Hand #225151910523:  Hold'em No Limit ($0.01/$0.02 USD) - 2021/03/24 15:39:54 PT [2021/03/24 18:39:54 ET]
Table 'Thyestes IV' 9-max Seat #7 is the button
Seat 2: sadner ($5.64 in chips) 
Seat 3: Guilhermanoo ($1.42 in chips) 
Seat 4: tatanga7588 ($1.80 in chips) 
Seat 5: LeandroAku ($0.87 in chips) 
Seat 6: Dorex2007 ($2.40 in chips) 
Seat 7: mattahario ($1.44 in chips) 
Seat 8: AlexVV40 ($0.58 in chips) 
Seat 9: romawka70 ($2.44 in chips) 
AlexVV40: posts small blind $0.01
romawka70: posts big blind $0.02
*** HOLE CARDS ***
Dealt to Dorex2007 [Ah 8h]
sadner: raises $0.04 to $0.06
Guilhermanoo: folds 
tatanga7588: folds 
LeandroAku: folds 
Dorex2007: folds 
mattahario: folds 
AlexVV40: folds 
romawka70: folds 
Uncalled bet ($0.04) returned to sadner
sadner collected $0.05 from pot
sadner: doesn't show hand 
*** SUMMARY ***
Total pot $0.05 | Rake $0 
Seat 2: sadner collected ($0.05)
Seat 3: Guilhermanoo folded before Flop (didn't bet)
Seat 4: tatanga7588 folded before Flop (didn't bet)
Seat 5: LeandroAku folded before Flop (didn't bet)
Seat 6: Dorex2007 folded before Flop (didn't bet)
Seat 7: mattahario (button) folded before Flop (didn't bet)
Seat 8: AlexVV40 (small blind) folded before Flop
Seat 9: romawka70 (big blind) folded before Flop



PokerStars Hand #225151924188:  Hold'em No Limit ($0.01/$0.02 USD) - 2021/03/24 15:40:19 PT [2021/03/24 18:40:19 ET]
Table 'Thyestes IV' 9-max Seat #8 is the button
Seat 2: sadner ($5.67 in chips) 
Seat 3: Guilhermanoo ($1.42 in chips) 
Seat 4: tatanga7588 ($1.80 in chips) 
Seat 5: LeandroAku ($0.87 in chips) 
Seat 6: Dorex2007 ($2.40 in chips) 
Seat 7: mattahario ($1.44 in chips) 
Seat 8: AlexVV40 ($0.57 in chips) 
Seat 9: romawka70 ($2.42 in chips) 
romawka70: posts small blind $0.01
sadner: posts big blind $0.02
*** HOLE CARDS ***
Dealt to Dorex2007 [Qc 8s]
Guilhermanoo: folds 
tatanga7588: folds 
LeandroAku: calls $0.02
Dorex2007: folds 
mattahario: folds 
AlexVV40 has timed out
AlexVV40: folds 
romawka70: calls $0.01
sadner: checks 
*** FLOP *** [Jd Js Jh]
romawka70: bets $0.06
sadner: folds 
LeandroAku: folds 
Uncalled bet ($0.06) returned to romawka70
romawka70 collected $0.06 from pot
romawka70: doesn't show hand 
*** SUMMARY ***
Total pot $0.06 | Rake $0 
Board [Jd Js Jh]
Seat 2: sadner (big blind) folded on the Flop
Seat 3: Guilhermanoo folded before Flop (didn't bet)
Seat 4: tatanga7588 folded before Flop (didn't bet)
Seat 5: LeandroAku folded on the Flop
Seat 6: Dorex2007 folded before Flop (didn't bet)
Seat 7: mattahario folded before Flop (didn't bet)
Seat 8: AlexVV40 (button) folded before Flop (didn't bet)
Seat 9: romawka70 (small blind) collected ($0.06)



PokerStars Hand #225151945659:  Hold'em No Limit ($0.01/$0.02 USD) - 2021/03/24 15:41:00 PT [2021/03/24 18:41:00 ET]
Table 'Thyestes IV' 9-max Seat #9 is the button
Seat 2: sadner ($5.65 in chips) 
Seat 3: Guilhermanoo ($1.42 in chips) 
Seat 4: tatanga7588 ($1.80 in chips) 
Seat 5: LeandroAku ($0.85 in chips) 
Seat 6: Dorex2007 ($2.40 in chips) 
Seat 7: mattahario ($1.44 in chips) 
Seat 8: AlexVV40 ($0.57 in chips) 
Seat 9: romawka70 ($2.46 in chips) 
sadner: posts small blind $0.01
Guilhermanoo: posts big blind $0.02
*** HOLE CARDS ***
Dealt to Dorex2007 [Ah Ac]
tatanga7588: folds 
LeandroAku: folds 
Dorex2007: raises $0.04 to $0.06
mattahario: folds 
AlexVV40: folds 
romawka70: folds 
sadner: folds 
Guilhermanoo: calls $0.04
*** FLOP *** [2c Kh Qs]
Guilhermanoo: checks 
Dorex2007: checks 
*** TURN *** [2c Kh Qs] [4d]
Guilhermanoo: checks 
Dorex2007: bets $0.07
Guilhermanoo: calls $0.07
*** RIVER *** [2c Kh Qs 4d] [5d]
Guilhermanoo: checks 
Dorex2007: bets $0.26
Guilhermanoo: folds 
Uncalled bet ($0.26) returned to Dorex2007
Dorex2007 collected $0.26 from pot
Dorex2007: doesn't show hand 
*** SUMMARY ***
Total pot $0.27 | Rake $0.01 
Board [2c Kh Qs 4d 5d]
Seat 2: sadner (small blind) folded before Flop
Seat 3: Guilhermanoo (big blind) folded on the River
Seat 4: tatanga7588 folded before Flop (didn't bet)
Seat 5: LeandroAku folded before Flop (didn't bet)
Seat 6: Dorex2007 collected ($0.26)
Seat 7: mattahario folded before Flop (didn't bet)
Seat 8: AlexVV40 folded before Flop (didn't bet)
Seat 9: romawka70 (button) folded before Flop (didn't bet)



PokerStars Hand #225151970820:  Hold'em No Limit ($0.01/$0.02 USD) - 2021/03/24 15:41:46 PT [2021/03/24 18:41:46 ET]
Table 'Thyestes IV' 9-max Seat #2 is the button
Seat 2: sadner ($5.64 in chips) 
Seat 3: Guilhermanoo ($1.29 in chips) 
Seat 4: tatanga7588 ($1.80 in chips) 
Seat 5: LeandroAku ($0.85 in chips) 
Seat 6: Dorex2007 ($2.53 in chips) 
Seat 7: mattahario ($1.44 in chips) 
Seat 8: AlexVV40 ($0.57 in chips) 
Seat 9: romawka70 ($2.46 in chips) 
Guilhermanoo: posts small blind $0.01
tatanga7588: posts big blind $0.02
*** HOLE CARDS ***
Dealt to Dorex2007 [8s Jc]
LeandroAku: folds 
Dorex2007: folds 
mattahario: folds 
AlexVV40: folds 
romawka70: calls $0.02
sadner: folds 
Guilhermanoo: raises $0.06 to $0.08
tatanga7588: folds 
romawka70: calls $0.06
*** FLOP *** [3d 5h 6s]
Guilhermanoo: bets $0.09
romawka70: folds 
Uncalled bet ($0.09) returned to Guilhermanoo
Guilhermanoo collected $0.17 from pot
Guilhermanoo: doesn't show hand 
*** SUMMARY ***
Total pot $0.18 | Rake $0.01 
Board [3d 5h 6s]
Seat 2: sadner (button) folded before Flop (didn't bet)
Seat 3: Guilhermanoo (small blind) collected ($0.17)
Seat 4: tatanga7588 (big blind) folded before Flop
Seat 5: LeandroAku folded before Flop (didn't bet)
Seat 6: Dorex2007 folded before Flop (didn't bet)
Seat 7: mattahario folded before Flop (didn't bet)
Seat 8: AlexVV40 folded before Flop (didn't bet)
Seat 9: romawka70 folded on the Flop



PokerStars Hand #225152015862:  Hold'em No Limit ($0.01/$0.02 USD) - 2021/03/24 15:42:41 PT [2021/03/24 18:42:41 ET]
Table 'Thyestes IV' 9-max Seat #3 is the button
Seat 2: sadner ($5.64 in chips) 
Seat 3: Guilhermanoo ($1.38 in chips) 
Seat 4: tatanga7588 ($1.78 in chips) 
Seat 5: LeandroAku ($0.85 in chips) 
Seat 6: Dorex2007 ($2.53 in chips) 
Seat 7: mattahario ($1.44 in chips) 
Seat 8: AlexVV40 ($0.57 in chips) 
Seat 9: romawka70 ($2.38 in chips) 
tatanga7588: posts small blind $0.01
LeandroAku: posts big blind $0.02
*** HOLE CARDS ***
Dealt to Dorex2007 [6c 9s]
Dorex2007: folds 
mattahario: folds 
AlexVV40: folds 
romawka70: calls $0.02
sadner: folds 
Guilhermanoo: calls $0.02
tatanga7588: calls $0.01
LeandroAku: checks 
*** FLOP *** [5s 5h 2d]
tatanga7588: checks 
LeandroAku: checks 
romawka70: checks 
Guilhermanoo: checks 
*** TURN *** [5s 5h 2d] [Kd]
tatanga7588: bets $0.04
LeandroAku: folds 
romawka70: folds 
Guilhermanoo: folds 
Uncalled bet ($0.04) returned to tatanga7588
tatanga7588 collected $0.08 from pot
tatanga7588: doesn't show hand 
*** SUMMARY ***
Total pot $0.08 | Rake $0 
Board [5s 5h 2d Kd]
Seat 2: sadner folded before Flop (didn't bet)
Seat 3: Guilhermanoo (button) folded on the Turn
Seat 4: tatanga7588 (small blind) collected ($0.08)
Seat 5: LeandroAku (big blind) folded on the Turn
Seat 6: Dorex2007 folded before Flop (didn't bet)
Seat 7: mattahario folded before Flop (didn't bet)
Seat 8: AlexVV40 folded before Flop (didn't bet)
Seat 9: romawka70 folded on the Turn



PokerStars Hand #225152043106:  Hold'em No Limit ($0.01/$0.02 USD) - 2021/03/24 15:43:33 PT [2021/03/24 18:43:33 ET]
Table 'Thyestes IV' 9-max Seat #4 is the button
Seat 2: sadner ($5.64 in chips) 
Seat 3: Guilhermanoo ($1.36 in chips) 
Seat 4: tatanga7588 ($1.84 in chips) 
Seat 5: LeandroAku ($0.83 in chips) 
Seat 6: Dorex2007 ($2.53 in chips) 
Seat 7: mattahario ($1.44 in chips) 
Seat 8: AlexVV40 ($0.57 in chips) 
Seat 9: romawka70 ($2.36 in chips) 
LeandroAku: posts small blind $0.01
Dorex2007: posts big blind $0.02
*** HOLE CARDS ***
Dealt to Dorex2007 [Qc 6c]
mattahario: folds 
AlexVV40: folds 
mattahario leaves the table
romawka70: folds 
sadner: folds 
delfinoroyal joins the table at seat #7 
Guilhermanoo has timed out
Guilhermanoo: folds 
tatanga7588: folds 
LeandroAku: folds 
Uncalled bet ($0.01) returned to Dorex2007
Dorex2007 collected $0.02 from pot
Dorex2007: doesn't show hand 
*** SUMMARY ***
Total pot $0.02 | Rake $0 
Seat 2: sadner folded before Flop (didn't bet)
Seat 3: Guilhermanoo folded before Flop (didn't bet)
Seat 4: tatanga7588 (button) folded before Flop (didn't bet)
Seat 5: LeandroAku (small blind) folded before Flop
Seat 6: Dorex2007 (big blind) collected ($0.02)
Seat 7: mattahario folded before Flop (didn't bet)
Seat 8: AlexVV40 folded before Flop (didn't bet)
Seat 9: romawka70 folded before Flop (didn't bet)



PokerStars Hand #225152059676:  Hold'em No Limit ($0.01/$0.02 USD) - 2021/03/24 15:44:04 PT [2021/03/24 18:44:04 ET]
Table 'Thyestes IV' 9-max Seat #6 is the button
Seat 2: sadner ($5.64 in chips) 
Seat 3: Guilhermanoo ($1.36 in chips) 
Seat 4: tatanga7588 ($1.84 in chips) 
Seat 6: Dorex2007 ($2.54 in chips) 
Seat 8: AlexVV40 ($0.57 in chips) 
Seat 9: romawka70 ($2.36 in chips) 
AlexVV40: posts small blind $0.01
romawka70: posts big blind $0.02
*** HOLE CARDS ***
Dealt to Dorex2007 [6s Ks]
sadner: folds 
Guilhermanoo: calls $0.02
tatanga7588: folds 
Dorex2007: folds 
AlexVV40: folds 
romawka70: checks 
*** FLOP *** [5d Th Qc]
romawka70: checks 
Guilhermanoo: checks 
*** TURN *** [5d Th Qc] [6d]
romawka70: checks 
Guilhermanoo: bets $0.04
romawka70: folds 
Uncalled bet ($0.04) returned to Guilhermanoo
Guilhermanoo collected $0.05 from pot
Guilhermanoo: doesn't show hand 
*** SUMMARY ***
Total pot $0.05 | Rake $0 
Board [5d Th Qc 6d]
Seat 2: sadner folded before Flop (didn't bet)
Seat 3: Guilhermanoo collected ($0.05)
Seat 4: tatanga7588 folded before Flop (didn't bet)
Seat 6: Dorex2007 (button) folded before Flop (didn't bet)
Seat 8: AlexVV40 (small blind) folded before Flop
Seat 9: romawka70 (big blind) folded on the Turn



PokerStars Hand #225152074268:  Hold'em No Limit ($0.01/$0.02 USD) - 2021/03/24 15:44:32 PT [2021/03/24 18:44:32 ET]
Table 'Thyestes IV' 9-max Seat #8 is the button
Seat 2: sadner ($5.64 in chips) 
Seat 3: Guilhermanoo ($1.39 in chips) 
Seat 4: tatanga7588 ($1.84 in chips) 
Seat 6: Dorex2007 ($2.54 in chips) 
Seat 8: AlexVV40 ($0.56 in chips) 
Seat 9: romawka70 ($2.34 in chips) 
romawka70: posts small blind $0.01
sadner: posts big blind $0.02
delfinoroyal: sits out 
*** HOLE CARDS ***
Dealt to Dorex2007 [3s 2c]
Guilhermanoo: raises $0.04 to $0.06
tatanga7588: calls $0.06
Dorex2007: folds 
AlexVV40: folds 
romawka70: folds 
sadner: folds 
*** FLOP *** [8s Js Ts]
Guilhermanoo: checks 
tatanga7588: bets $0.10
Guilhermanoo: calls $0.10
*** TURN *** [8s Js Ts] [Ad]
Guilhermanoo: checks 
tatanga7588: checks 
*** RIVER *** [8s Js Ts Ad] [7c]
Guilhermanoo: checks 
tatanga7588: checks 
*** SHOW DOWN ***
Guilhermanoo: shows [Kh Jh] (a pair of Jacks)
tatanga7588: mucks hand 
Guilhermanoo collected $0.34 from pot
*** SUMMARY ***
Total pot $0.35 | Rake $0.01 
Board [8s Js Ts Ad 7c]
Seat 2: sadner (big blind) folded before Flop
Seat 3: Guilhermanoo showed [Kh Jh] and won ($0.34) with a pair of Jacks
Seat 4: tatanga7588 mucked [4d 4c]
Seat 6: Dorex2007 folded before Flop (didn't bet)
Seat 8: AlexVV40 (button) folded before Flop (didn't bet)
Seat 9: romawka70 (small blind) folded before Flop



PokerStars Hand #225152094541:  Hold'em No Limit ($0.01/$0.02 USD) - 2021/03/24 15:45:10 PT [2021/03/24 18:45:10 ET]
Table 'Thyestes IV' 9-max Seat #9 is the button
Seat 2: sadner ($5.62 in chips) 
Seat 3: Guilhermanoo ($1.57 in chips) 
Seat 4: tatanga7588 ($1.68 in chips) 
Seat 6: Dorex2007 ($2.54 in chips) 
Seat 7: delfinoroyal ($1.25 in chips) 
Seat 8: AlexVV40 ($0.56 in chips) 
Seat 9: romawka70 ($2.33 in chips) 
sadner: posts small blind $0.01
Guilhermanoo: posts big blind $0.02
delfinoroyal: posts big blind $0.02
*** HOLE CARDS ***
Dealt to Dorex2007 [4d As]
tatanga7588: folds 
Dorex2007: folds 
delfinoroyal: checks 
AlexVV40: folds 
romawka70: folds 
sadner: folds 
Guilhermanoo: checks 
*** FLOP *** [Kd Th Qh]
Guilhermanoo: checks 
delfinoroyal: checks 
*** TURN *** [Kd Th Qh] [3c]
Guilhermanoo: bets $0.04
delfinoroyal: calls $0.04
*** RIVER *** [Kd Th Qh 3c] [Kh]
Guilhermanoo: checks 
delfinoroyal: checks 
*** SHOW DOWN ***
Guilhermanoo: shows [Jd 2s] (a pair of Kings)
delfinoroyal: shows [8h Jc] (a pair of Kings)
Guilhermanoo collected $0.07 from pot
delfinoroyal collected $0.06 from pot
petar0808 leaves the table
*** SUMMARY ***
Total pot $0.13 | Rake $0 
Board [Kd Th Qh 3c Kh]
Seat 2: sadner (small blind) folded before Flop
Seat 3: Guilhermanoo (big blind) showed [Jd 2s] and won ($0.07) with a pair of Kings
Seat 4: tatanga7588 folded before Flop (didn't bet)
Seat 6: Dorex2007 folded before Flop (didn't bet)
Seat 7: delfinoroyal showed [8h Jc] and won ($0.06) with a pair of Kings
Seat 8: AlexVV40 folded before Flop (didn't bet)
Seat 9: romawka70 (button) folded before Flop (didn't bet)



PokerStars Hand #225152115342:  Hold'em No Limit ($0.01/$0.02 USD) - 2021/03/24 15:45:50 PT [2021/03/24 18:45:50 ET]
Table 'Thyestes IV' 9-max Seat #2 is the button
Seat 2: sadner ($5.61 in chips) 
Seat 3: Guilhermanoo ($1.58 in chips) 
Seat 4: tatanga7588 ($1.68 in chips) 
Seat 6: Dorex2007 ($2.54 in chips) 
Seat 7: delfinoroyal ($1.25 in chips) 
Seat 8: AlexVV40 ($0.80 in chips) 
Seat 9: romawka70 ($2.33 in chips) 
Guilhermanoo: posts small blind $0.01
tatanga7588: posts big blind $0.02
*** HOLE CARDS ***
Dealt to Dorex2007 [4c 6h]
Dorex2007: folds 
tim8526 joins the table at seat #1 
delfinoroyal: calls $0.02
AlexVV40: folds 
romawka70: folds 
sadner: raises $0.06 to $0.08
Guilhermanoo: folds 
tatanga7588: folds 
delfinoroyal: calls $0.06
*** FLOP *** [8s 3c As]
Guilhermanoo leaves the table
delfinoroyal: checks 
sadner: bets $0.06
delfinoroyal: folds 
Uncalled bet ($0.06) returned to sadner
sadner collected $0.18 from pot
sadner: doesn't show hand 
*** SUMMARY ***
Total pot $0.19 | Rake $0.01 
Board [8s 3c As]
Seat 2: sadner (button) collected ($0.18)
Seat 3: Guilhermanoo (small blind) folded before Flop
Seat 4: tatanga7588 (big blind) folded before Flop
Seat 6: Dorex2007 folded before Flop (didn't bet)
Seat 7: delfinoroyal folded on the Flop
Seat 8: AlexVV40 folded before Flop (didn't bet)
Seat 9: romawka70 folded before Flop (didn't bet)



PokerStars Hand #225152135949:  Hold'em No Limit ($0.01/$0.02 USD) - 2021/03/24 15:46:29 PT [2021/03/24 18:46:29 ET]
Table 'Thyestes IV' 9-max Seat #4 is the button
Seat 2: sadner ($5.71 in chips) 
Seat 4: tatanga7588 ($1.66 in chips) 
Seat 6: Dorex2007 ($2.54 in chips) 
Seat 7: delfinoroyal ($1.17 in chips) 
Seat 8: AlexVV40 ($0.80 in chips) 
Seat 9: romawka70 ($2.33 in chips) 
Dorex2007: posts small blind $0.01
delfinoroyal: posts big blind $0.02
tim8526: sits out 
*** HOLE CARDS ***
Dealt to Dorex2007 [8c Tc]
AlexVV40: folds 
romawka70: folds 
sadner: folds 
funkey fruit joins the table at seat #3 
tatanga7588: folds 
Dorex2007: calls $0.01
delfinoroyal: checks 
*** FLOP *** [Jc 7h 9c]
Dorex2007: checks 
delfinoroyal: bets $0.04
Dorex2007: calls $0.04
*** TURN *** [Jc 7h 9c] [Td]
Dorex2007: checks 
delfinoroyal: bets $0.04
Dorex2007: calls $0.04
*** RIVER *** [Jc 7h 9c Td] [8s]
Dorex2007: checks 
delfinoroyal: checks 
*** SHOW DOWN ***
Dorex2007: shows [8c Tc] (a straight, Seven to Jack)
delfinoroyal: shows [Qc Qs] (a straight, Eight to Queen)
delfinoroyal collected $0.19 from pot
*** SUMMARY ***
Total pot $0.20 | Rake $0.01 
Board [Jc 7h 9c Td 8s]
Seat 2: sadner folded before Flop (didn't bet)
Seat 4: tatanga7588 (button) folded before Flop (didn't bet)
Seat 6: Dorex2007 (small blind) showed [8c Tc] and lost with a straight, Seven to Jack
Seat 7: delfinoroyal (big blind) showed [Qc Qs] and won ($0.19) with a straight, Eight to Queen
Seat 8: AlexVV40 folded before Flop (didn't bet)
Seat 9: romawka70 folded before Flop (didn't bet)



PokerStars Hand #225152166790:  Hold'em No Limit ($0.01/$0.02 USD) - 2021/03/24 15:47:28 PT [2021/03/24 18:47:28 ET]
Table 'Thyestes IV' 9-max Seat #6 is the button
Seat 2: sadner ($5.71 in chips) 
Seat 4: tatanga7588 ($1.66 in chips) 
Seat 6: Dorex2007 ($2.44 in chips) 
Seat 7: delfinoroyal ($1.26 in chips) 
Seat 8: AlexVV40 ($0.80 in chips) 
Seat 9: romawka70 ($2.33 in chips) 
delfinoroyal: posts small blind $0.01
AlexVV40: posts big blind $0.02
tim8526: sits out 
funkey fruit: sits out 
*** HOLE CARDS ***
Dealt to Dorex2007 [Ks 5h]
romawka70: calls $0.02
sadner: folds 
tatanga7588: folds 
Dorex2007: folds 
delfinoroyal: folds 
AlexVV40: checks 
*** FLOP *** [Kc 6d 9d]
AlexVV40: checks 
romawka70: bets $0.02
AlexVV40: calls $0.02
*** TURN *** [Kc 6d 9d] [Ts]
AlexVV40: bets $0.09
romawka70: raises $0.09 to $0.18
AlexVV40: calls $0.09
*** RIVER *** [Kc 6d 9d Ts] [8s]
AlexVV40: bets $0.08
romawka70: raises $0.18 to $0.26
AlexVV40: folds 
Uncalled bet ($0.18) returned to romawka70
romawka70 collected $0.59 from pot
romawka70: doesn't show hand 
*** SUMMARY ***
Total pot $0.61 | Rake $0.02 
Board [Kc 6d 9d Ts 8s]
Seat 2: sadner folded before Flop (didn't bet)
Seat 4: tatanga7588 folded before Flop (didn't bet)
Seat 6: Dorex2007 (button) folded before Flop (didn't bet)
Seat 7: delfinoroyal (small blind) folded before Flop
Seat 8: AlexVV40 (big blind) folded on the River
Seat 9: romawka70 collected ($0.59)



PokerStars Hand #225152193775:  Hold'em No Limit ($0.01/$0.02 USD) - 2021/03/24 15:48:20 PT [2021/03/24 18:48:20 ET]
Table 'Thyestes IV' 9-max Seat #7 is the button
Seat 2: sadner ($5.71 in chips) 
Seat 4: tatanga7588 ($1.66 in chips) 
Seat 6: Dorex2007 ($2.44 in chips) 
Seat 7: delfinoroyal ($1.25 in chips) 
Seat 8: AlexVV40 ($0.50 in chips) 
Seat 9: romawka70 ($2.62 in chips) 
AlexVV40: posts small blind $0.01
romawka70: posts big blind $0.02
tim8526: sits out 
funkey fruit: sits out 
*** HOLE CARDS ***
Dealt to Dorex2007 [Td 4d]
sadner: folds 
tatanga7588: calls $0.02
Dorex2007: folds 
delfinoroyal: folds 
AlexVV40: raises $0.04 to $0.06
romawka70: calls $0.04
tatanga7588: folds 
*** FLOP *** [5c 5s Ad]
AlexVV40: checks 
romawka70: bets $0.02
AlexVV40: calls $0.02
*** TURN *** [5c 5s Ad] [5h]
AlexVV40: checks 
romawka70: bets $0.09
AlexVV40: raises $0.09 to $0.18
romawka70: raises $0.09 to $0.27
AlexVV40: folds 
Uncalled bet ($0.09) returned to romawka70
romawka70 collected $0.52 from pot
romawka70: doesn't show hand 
*** SUMMARY ***
Total pot $0.54 | Rake $0.02 
Board [5c 5s Ad 5h]
Seat 2: sadner folded before Flop (didn't bet)
Seat 4: tatanga7588 folded before Flop
Seat 6: Dorex2007 folded before Flop (didn't bet)
Seat 7: delfinoroyal (button) folded before Flop (didn't bet)
Seat 8: AlexVV40 (small blind) folded on the Turn
Seat 9: romawka70 (big blind) collected ($0.52)



PokerStars Hand #225152227626:  Hold'em No Limit ($0.01/$0.02 USD) - 2021/03/24 15:49:25 PT [2021/03/24 18:49:25 ET]
Table 'Thyestes IV' 9-max Seat #8 is the button
Seat 1: tim8526 ($2 in chips) 
Seat 2: sadner ($5.71 in chips) 
Seat 4: tatanga7588 ($1.64 in chips) 
Seat 6: Dorex2007 ($2.44 in chips) 
Seat 7: delfinoroyal ($1.25 in chips) 
Seat 8: AlexVV40 ($0.24 in chips) 
Seat 9: romawka70 ($2.88 in chips) 
romawka70: posts small blind $0.01
tim8526: posts big blind $0.02
funkey fruit: sits out 
*** HOLE CARDS ***
Dealt to Dorex2007 [8h 4s]
sadner: folds 
tatanga7588: folds 
Dorex2007: folds 
delfinoroyal: folds 
AlexVV40: folds 
romawka70: calls $0.01
tim8526: checks 
*** FLOP *** [Ks Td 8s]
romawka70: bets $0.02
tim8526: folds 
Uncalled bet ($0.02) returned to romawka70
romawka70 collected $0.04 from pot
romawka70: doesn't show hand 
*** SUMMARY ***
Total pot $0.04 | Rake $0 
Board [Ks Td 8s]
Seat 1: tim8526 (big blind) folded on the Flop
Seat 2: sadner folded before Flop (didn't bet)
Seat 4: tatanga7588 folded before Flop (didn't bet)
Seat 6: Dorex2007 folded before Flop (didn't bet)
Seat 7: delfinoroyal folded before Flop (didn't bet)
Seat 8: AlexVV40 (button) folded before Flop (didn't bet)
Seat 9: romawka70 (small blind) collected ($0.04)



PokerStars Hand #225152240758:  Hold'em No Limit ($0.01/$0.02 USD) - 2021/03/24 15:49:50 PT [2021/03/24 18:49:50 ET]
Table 'Thyestes IV' 9-max Seat #9 is the button
Seat 1: tim8526 ($2 in chips) 
Seat 2: sadner ($5.71 in chips) 
Seat 4: tatanga7588 ($1.64 in chips) 
Seat 6: Dorex2007 ($2.44 in chips) 
Seat 7: delfinoroyal ($1.25 in chips) 
Seat 8: AlexVV40 ($0.80 in chips) 
Seat 9: romawka70 ($2.90 in chips) 
tim8526: posts small blind $0.01
sadner: posts big blind $0.02
funkey fruit: sits out 
*** HOLE CARDS ***
Dealt to Dorex2007 [Ts 4d]
tatanga7588: calls $0.02
Dorex2007: folds 
delfinoroyal: folds 
AlexVV40: folds 
romawka70: folds 
tim8526: folds 
sadner: checks 
*** FLOP *** [Qc 5s 3c]
sadner: checks 
tatanga7588: checks 
*** TURN *** [Qc 5s 3c] [2s]
sadner: checks 
tatanga7588: bets $0.04
sadner: folds 
Uncalled bet ($0.04) returned to tatanga7588
tatanga7588 collected $0.05 from pot
tatanga7588: doesn't show hand 
*** SUMMARY ***
Total pot $0.05 | Rake $0 
Board [Qc 5s 3c 2s]
Seat 1: tim8526 (small blind) folded before Flop
Seat 2: sadner (big blind) folded on the Turn
Seat 4: tatanga7588 collected ($0.05)
Seat 6: Dorex2007 folded before Flop (didn't bet)
Seat 7: delfinoroyal folded before Flop (didn't bet)
Seat 8: AlexVV40 folded before Flop (didn't bet)
Seat 9: romawka70 (button) folded before Flop (didn't bet)



PokerStars Hand #225152260810:  Hold'em No Limit ($0.01/$0.02 USD) - 2021/03/24 15:50:29 PT [2021/03/24 18:50:29 ET]
Table 'Thyestes IV' 9-max Seat #1 is the button
Seat 1: tim8526 ($2 in chips) 
Seat 2: sadner ($5.69 in chips) 
Seat 3: funkey fruit ($1.60 in chips) 
Seat 4: tatanga7588 ($1.67 in chips) 
Seat 6: Dorex2007 ($2.44 in chips) 
Seat 7: delfinoroyal ($1.25 in chips) 
Seat 8: AlexVV40 ($0.80 in chips) 
Seat 9: romawka70 ($2.90 in chips) 
sadner: posts small blind $0.01
funkey fruit: posts big blind $0.02
*** HOLE CARDS ***
Dealt to Dorex2007 [7c 8c]
tatanga7588: folds 
Dorex2007: raises $0.04 to $0.06
delfinoroyal: folds 
AlexVV40: folds 
romawka70: folds 
tim8526: folds 
sadner: folds 
funkey fruit: calls $0.04
*** FLOP *** [7d 9d 5h]
funkey fruit: bets $0.02
Dorex2007: calls $0.02
*** TURN *** [7d 9d 5h] [Kc]
funkey fruit: checks 
Dorex2007: checks 
*** RIVER *** [7d 9d 5h Kc] [3d]
funkey fruit: bets $0.16
Dorex2007: folds 
Uncalled bet ($0.16) returned to funkey fruit
funkey fruit collected $0.16 from pot
funkey fruit: doesn't show hand 
*** SUMMARY ***
Total pot $0.17 | Rake $0.01 
Board [7d 9d 5h Kc 3d]
Seat 1: tim8526 (button) folded before Flop (didn't bet)
Seat 2: sadner (small blind) folded before Flop
Seat 3: funkey fruit (big blind) collected ($0.16)
Seat 4: tatanga7588 folded before Flop (didn't bet)
Seat 6: Dorex2007 folded on the River
Seat 7: delfinoroyal folded before Flop (didn't bet)
Seat 8: AlexVV40 folded before Flop (didn't bet)
Seat 9: romawka70 folded before Flop (didn't bet)



PokerStars Hand #225152292381:  Hold'em No Limit ($0.01/$0.02 USD) - 2021/03/24 15:51:30 PT [2021/03/24 18:51:30 ET]
Table 'Thyestes IV' 9-max Seat #2 is the button
Seat 1: tim8526 ($2 in chips) 
Seat 2: sadner ($5.68 in chips) 
Seat 3: funkey fruit ($1.68 in chips) 
Seat 4: tatanga7588 ($1.67 in chips) 
Seat 6: Dorex2007 ($2.36 in chips) 
Seat 7: delfinoroyal ($1.25 in chips) 
Seat 8: AlexVV40 ($0.80 in chips) 
Seat 9: romawka70 ($2.90 in chips) 
funkey fruit: posts small blind $0.01
tatanga7588: posts big blind $0.02
*** HOLE CARDS ***
Dealt to Dorex2007 [7d Qc]
Dorex2007: folds 
delfinoroyal: folds 
AlexVV40: folds 
romawka70: calls $0.02
tim8526: folds 
sadner: raises $0.06 to $0.08
funkey fruit: folds 
tatanga7588: folds 
romawka70: calls $0.06
*** FLOP *** [As Qh 8s]
romawka70: checks 
sadner: checks 
*** TURN *** [As Qh 8s] [8h]
romawka70: checks 
sadner: bets $0.06
romawka70: calls $0.06
*** RIVER *** [As Qh 8s 8h] [8d]
romawka70: bets $0.15
sadner: calls $0.15
*** SHOW DOWN ***
romawka70: shows [Ah Ts] (a full house, Eights full of Aces)
sadner: mucks hand 
romawka70 collected $0.59 from pot
*** SUMMARY ***
Total pot $0.61 | Rake $0.02 
Board [As Qh 8s 8h 8d]
Seat 1: tim8526 folded before Flop (didn't bet)
Seat 2: sadner (button) mucked [Tc Qd]
Seat 3: funkey fruit (small blind) folded before Flop
Seat 4: tatanga7588 (big blind) folded before Flop
Seat 6: Dorex2007 folded before Flop (didn't bet)
Seat 7: delfinoroyal folded before Flop (didn't bet)
Seat 8: AlexVV40 folded before Flop (didn't bet)
Seat 9: romawka70 showed [Ah Ts] and won ($0.59) with a full house, Eights full of Aces



PokerStars Hand #225152318503:  Hold'em No Limit ($0.01/$0.02 USD) - 2021/03/24 15:52:22 PT [2021/03/24 18:52:22 ET]
Table 'Thyestes IV' 9-max Seat #3 is the button
Seat 1: tim8526 ($2 in chips) 
Seat 2: sadner ($5.39 in chips) 
Seat 3: funkey fruit ($1.67 in chips) 
Seat 4: tatanga7588 ($1.65 in chips) 
Seat 6: Dorex2007 ($2.36 in chips) 
Seat 7: delfinoroyal ($1.25 in chips) 
Seat 8: AlexVV40 ($0.80 in chips) 
Seat 9: romawka70 ($3.20 in chips) 
tatanga7588: posts small blind $0.01
Dorex2007: posts big blind $0.02
*** HOLE CARDS ***
Dealt to Dorex2007 [2s Td]
delfinoroyal: calls $0.02
AlexVV40: folds 
romawka70: calls $0.02
tim8526: folds 
sadner: folds 
funkey fruit: raises $0.04 to $0.06
tatanga7588: folds 
Dorex2007: folds 
delfinoroyal: calls $0.04
romawka70: folds 
*** FLOP *** [4s Kh As]
delfinoroyal: checks 
funkey fruit: bets $0.16
delfinoroyal: calls $0.16
*** TURN *** [4s Kh As] [5c]
delfinoroyal: checks 
funkey fruit: checks 
*** RIVER *** [4s Kh As 5c] [8s]
delfinoroyal: bets $0.16
funkey fruit: calls $0.16
*** SHOW DOWN ***
delfinoroyal: shows [Ah 9s] (a pair of Aces)
funkey fruit: mucks hand 
delfinoroyal collected $0.78 from pot
*** SUMMARY ***
Total pot $0.81 | Rake $0.03 
Board [4s Kh As 5c 8s]
Seat 1: tim8526 folded before Flop (didn't bet)
Seat 2: sadner folded before Flop (didn't bet)
Seat 3: funkey fruit (button) mucked [Tc Ts]
Seat 4: tatanga7588 (small blind) folded before Flop
Seat 6: Dorex2007 (big blind) folded before Flop
Seat 7: delfinoroyal showed [Ah 9s] and won ($0.78) with a pair of Aces
Seat 8: AlexVV40 folded before Flop (didn't bet)
Seat 9: romawka70 folded before Flop



PokerStars Hand #225152343398:  Hold'em No Limit ($0.01/$0.02 USD) - 2021/03/24 15:53:10 PT [2021/03/24 18:53:10 ET]
Table 'Thyestes IV' 9-max Seat #4 is the button
Seat 1: tim8526 ($2 in chips) 
Seat 2: sadner ($5.39 in chips) 
Seat 3: funkey fruit ($1.29 in chips) 
Seat 4: tatanga7588 ($1.64 in chips) 
Seat 6: Dorex2007 ($2.34 in chips) 
Seat 7: delfinoroyal ($1.65 in chips) 
Seat 8: AlexVV40 ($0.80 in chips) 
Seat 9: romawka70 ($3.18 in chips) 
Dorex2007: posts small blind $0.01
delfinoroyal: posts big blind $0.02
*** HOLE CARDS ***
Dealt to Dorex2007 [Qd Jc]
AlexVV40: folds 
romawka70: calls $0.02
tim8526: folds 
sadner: folds 
funkey fruit: folds 
tatanga7588: calls $0.02
Dorex2007: calls $0.01
delfinoroyal: checks 
*** FLOP *** [5c 9d Ah]
Dorex2007: checks 
delfinoroyal: checks 
romawka70: bets $0.02
tatanga7588: folds 
Dorex2007: folds 
delfinoroyal: folds 
Uncalled bet ($0.02) returned to romawka70
romawka70 collected $0.08 from pot
romawka70: doesn't show hand 
*** SUMMARY ***
Total pot $0.08 | Rake $0 
Board [5c 9d Ah]
Seat 1: tim8526 folded before Flop (didn't bet)
Seat 2: sadner folded before Flop (didn't bet)
Seat 3: funkey fruit folded before Flop (didn't bet)
Seat 4: tatanga7588 (button) folded on the Flop
Seat 6: Dorex2007 (small blind) folded on the Flop
Seat 7: delfinoroyal (big blind) folded on the Flop
Seat 8: AlexVV40 folded before Flop (didn't bet)
Seat 9: romawka70 collected ($0.08)



PokerStars Hand #225152365104:  Hold'em No Limit ($0.01/$0.02 USD) - 2021/03/24 15:53:52 PT [2021/03/24 18:53:52 ET]
Table 'Thyestes IV' 9-max Seat #6 is the button
Seat 1: tim8526 ($2 in chips) 
Seat 2: sadner ($5.39 in chips) 
Seat 3: funkey fruit ($1.29 in chips) 
Seat 4: tatanga7588 ($1.62 in chips) 
Seat 6: Dorex2007 ($2.32 in chips) 
Seat 7: delfinoroyal ($1.63 in chips) 
Seat 8: AlexVV40 ($0.80 in chips) 
Seat 9: romawka70 ($3.24 in chips) 
delfinoroyal: posts small blind $0.01
AlexVV40: posts big blind $0.02
*** HOLE CARDS ***
Dealt to Dorex2007 [6s 7s]
romawka70: calls $0.02
tim8526: folds 
sadner: folds 
funkey fruit: folds 
tatanga7588: folds 
Dorex2007: folds 
delfinoroyal: calls $0.01
AlexVV40: checks 
*** FLOP *** [Kd 9c 5d]
delfinoroyal: checks 
AlexVV40: checks 
romawka70: bets $0.03
delfinoroyal: folds 
AlexVV40: folds 
Uncalled bet ($0.03) returned to romawka70
romawka70 collected $0.06 from pot
romawka70: doesn't show hand 
*** SUMMARY ***
Total pot $0.06 | Rake $0 
Board [Kd 9c 5d]
Seat 1: tim8526 folded before Flop (didn't bet)
Seat 2: sadner folded before Flop (didn't bet)
Seat 3: funkey fruit folded before Flop (didn't bet)
Seat 4: tatanga7588 folded before Flop (didn't bet)
Seat 6: Dorex2007 (button) folded before Flop (didn't bet)
Seat 7: delfinoroyal (small blind) folded on the Flop
Seat 8: AlexVV40 (big blind) folded on the Flop
Seat 9: romawka70 collected ($0.06)



PokerStars Hand #225152390659:  Hold'em No Limit ($0.01/$0.02 USD) - 2021/03/24 15:54:43 PT [2021/03/24 18:54:43 ET]
Table 'Thyestes IV' 9-max Seat #7 is the button
Seat 1: tim8526 ($2 in chips) 
Seat 2: sadner ($5.39 in chips) 
Seat 3: funkey fruit ($1.29 in chips) 
Seat 4: tatanga7588 ($1.62 in chips) 
Seat 6: Dorex2007 ($2.32 in chips) 
Seat 7: delfinoroyal ($1.61 in chips) 
Seat 8: AlexVV40 ($0.78 in chips) 
Seat 9: romawka70 ($3.28 in chips) 
AlexVV40: posts small blind $0.01
romawka70: posts big blind $0.02
*** HOLE CARDS ***
Dealt to Dorex2007 [Ac 6c]
tim8526: folds 
sadner: folds 
funkey fruit: folds 
tatanga7588: folds 
Dorex2007: raises $0.04 to $0.06
delfinoroyal: folds 
AlexVV40: folds 
romawka70: folds 
Uncalled bet ($0.04) returned to Dorex2007
Dorex2007 collected $0.05 from pot
Dorex2007: doesn't show hand 
*** SUMMARY ***
Total pot $0.05 | Rake $0 
Seat 1: tim8526 folded before Flop (didn't bet)
Seat 2: sadner folded before Flop (didn't bet)
Seat 3: funkey fruit folded before Flop (didn't bet)
Seat 4: tatanga7588 folded before Flop (didn't bet)
Seat 6: Dorex2007 collected ($0.05)
Seat 7: delfinoroyal (button) folded before Flop (didn't bet)
Seat 8: AlexVV40 (small blind) folded before Flop
Seat 9: romawka70 (big blind) folded before Flop



PokerStars Hand #225152404636:  Hold'em No Limit ($0.01/$0.02 USD) - 2021/03/24 15:55:12 PT [2021/03/24 18:55:12 ET]
Table 'Thyestes IV' 9-max Seat #8 is the button
Seat 1: tim8526 ($2 in chips) 
Seat 2: sadner ($5.39 in chips) 
Seat 3: funkey fruit ($1.29 in chips) 
Seat 4: tatanga7588 ($1.62 in chips) 
Seat 6: Dorex2007 ($2.35 in chips) 
Seat 7: delfinoroyal ($1.61 in chips) 
Seat 8: AlexVV40 ($0.77 in chips) 
Seat 9: romawka70 ($3.26 in chips) 
romawka70: posts small blind $0.01
tim8526: posts big blind $0.02
*** HOLE CARDS ***
Dealt to Dorex2007 [7c 2s]
sadner: folds 
funkey fruit: calls $0.02
tatanga7588: folds 
Dorex2007: folds 
delfinoroyal: calls $0.02
AlexVV40: folds 
romawka70: calls $0.01
tim8526: checks 
*** FLOP *** [Qs 3s 3c]
romawka70: checks 
tim8526: checks 
funkey fruit: bets $0.02
delfinoroyal: calls $0.02
romawka70: folds 
tim8526: calls $0.02
*** TURN *** [Qs 3s 3c] [Th]
tim8526: checks 
funkey fruit: checks 
delfinoroyal: checks 
*** RIVER *** [Qs 3s 3c Th] [7d]
tim8526: checks 
funkey fruit: bets $0.02
delfinoroyal: raises $0.02 to $0.04
tim8526: folds 
funkey fruit: raises $0.40 to $0.44
delfinoroyal: folds 
Uncalled bet ($0.40) returned to funkey fruit
funkey fruit collected $0.21 from pot
funkey fruit: doesn't show hand 
*** SUMMARY ***
Total pot $0.22 | Rake $0.01 
Board [Qs 3s 3c Th 7d]
Seat 1: tim8526 (big blind) folded on the River
Seat 2: sadner folded before Flop (didn't bet)
Seat 3: funkey fruit collected ($0.21)
Seat 4: tatanga7588 folded before Flop (didn't bet)
Seat 6: Dorex2007 folded before Flop (didn't bet)
Seat 7: delfinoroyal folded on the River
Seat 8: AlexVV40 (button) folded before Flop (didn't bet)
Seat 9: romawka70 (small blind) folded on the Flop



PokerStars Hand #225152437226:  Hold'em No Limit ($0.01/$0.02 USD) - 2021/03/24 15:56:34 PT [2021/03/24 18:56:34 ET]
Table 'Thyestes IV' 9-max Seat #9 is the button
Seat 1: tim8526 ($2 in chips) 
Seat 3: funkey fruit ($1.42 in chips) 
Seat 4: tatanga7588 ($1.62 in chips) 
Seat 6: Dorex2007 ($2.35 in chips) 
Seat 7: delfinoroyal ($1.53 in chips) 
Seat 8: AlexVV40 ($0.77 in chips) 
Seat 9: romawka70 ($3.24 in chips) 
tim8526: posts small blind $0.01
sadner: is sitting out 
funkey fruit: posts big blind $0.02
*** HOLE CARDS ***
Dealt to Dorex2007 [2s Ah]
sadner leaves the table
tatanga7588: folds 
Dorex2007: folds 
delfinoroyal: folds 
AlexVV40: folds 
romawka70: calls $0.02
tim8526: calls $0.01
funkey fruit: checks 
*** FLOP *** [As 6c 6s]
tim8526: checks 
funkey fruit: bets $0.02
romawka70: folds 
tim8526: folds 
Uncalled bet ($0.02) returned to funkey fruit
funkey fruit collected $0.06 from pot
funkey fruit: doesn't show hand 
*** SUMMARY ***
Total pot $0.06 | Rake $0 
Board [As 6c 6s]
Seat 1: tim8526 (small blind) folded on the Flop
Seat 3: funkey fruit (big blind) collected ($0.06)
Seat 4: tatanga7588 folded before Flop (didn't bet)
Seat 6: Dorex2007 folded before Flop (didn't bet)
Seat 7: delfinoroyal folded before Flop (didn't bet)
Seat 8: AlexVV40 folded before Flop (didn't bet)
Seat 9: romawka70 (button) folded on the Flop



PokerStars Hand #225152451183:  Hold'em No Limit ($0.01/$0.02 USD) - 2021/03/24 15:57:09 PT [2021/03/24 18:57:09 ET]
Table 'Thyestes IV' 9-max Seat #1 is the button
Seat 1: tim8526 ($2 in chips) 
Seat 3: funkey fruit ($1.46 in chips) 
Seat 4: tatanga7588 ($1.62 in chips) 
Seat 6: Dorex2007 ($2.35 in chips) 
Seat 7: delfinoroyal ($1.53 in chips) 
Seat 8: AlexVV40 ($0.77 in chips) 
Seat 9: romawka70 ($3.22 in chips) 
funkey fruit: posts small blind $0.01
tatanga7588: posts big blind $0.02
*** HOLE CARDS ***
Dealt to Dorex2007 [2d Kd]
Dorex2007: folds 
delfinoroyal: folds 
AlexVV40: folds 
romawka70: calls $0.02
tim8526: folds 
funkey fruit: calls $0.01
tatanga7588: checks 
*** FLOP *** [5d 9d 3c]
PS-Keldale joins the table at seat #2 
funkey fruit: checks 
tatanga7588: bets $0.02
romawka70: folds 
funkey fruit: folds 
Uncalled bet ($0.02) returned to tatanga7588
tatanga7588 collected $0.06 from pot
tatanga7588: doesn't show hand 
*** SUMMARY ***
Total pot $0.06 | Rake $0 
Board [5d 9d 3c]
Seat 1: tim8526 (button) folded before Flop (didn't bet)
Seat 3: funkey fruit (small blind) folded on the Flop
Seat 4: tatanga7588 (big blind) collected ($0.06)
Seat 6: Dorex2007 folded before Flop (didn't bet)
Seat 7: delfinoroyal folded before Flop (didn't bet)
Seat 8: AlexVV40 folded before Flop (didn't bet)
Seat 9: romawka70 folded on the Flop



PokerStars Hand #225152471858:  Hold'em No Limit ($0.01/$0.02 USD) - 2021/03/24 15:57:51 PT [2021/03/24 18:57:51 ET]
Table 'Thyestes IV' 9-max Seat #3 is the button
Seat 1: tim8526 ($2 in chips) 
Seat 2: PS-Keldale ($1.50 in chips) 
Seat 3: funkey fruit ($1.44 in chips) 
Seat 4: tatanga7588 ($1.66 in chips) 
Seat 6: Dorex2007 ($2.35 in chips) 
Seat 7: delfinoroyal ($1.53 in chips) 
Seat 8: AlexVV40 ($0.77 in chips) 
Seat 9: romawka70 ($3.20 in chips) 
tatanga7588: posts small blind $0.01
Dorex2007: posts big blind $0.02
PS-Keldale: posts big blind $0.02
*** HOLE CARDS ***
Dealt to Dorex2007 [4h 5c]
delfinoroyal: folds 
AlexVV40: folds 
romawka70: folds 
tim8526: folds 
PS-Keldale: checks 
funkey fruit has timed out
funkey fruit: folds 
tatanga7588: folds 
Dorex2007: checks 
*** FLOP *** [3h 8d 6h]
Dorex2007: bets $0.05
PS-Keldale: calls $0.05
*** TURN *** [3h 8d 6h] [7s]
Dorex2007: bets $0.14
PS-Keldale: calls $0.14
*** RIVER *** [3h 8d 6h 7s] [Qd]
Dorex2007: bets $0.41
PS-Keldale: folds 
Uncalled bet ($0.41) returned to Dorex2007
Dorex2007 collected $0.41 from pot
Dorex2007: doesn't show hand 
*** SUMMARY ***
Total pot $0.43 | Rake $0.02 
Board [3h 8d 6h 7s Qd]
Seat 1: tim8526 folded before Flop (didn't bet)
Seat 2: PS-Keldale folded on the River
Seat 3: funkey fruit (button) folded before Flop (didn't bet)
Seat 4: tatanga7588 (small blind) folded before Flop
Seat 6: Dorex2007 (big blind) collected ($0.41)
Seat 7: delfinoroyal folded before Flop (didn't bet)
Seat 8: AlexVV40 folded before Flop (didn't bet)
Seat 9: romawka70 folded before Flop (didn't bet)



PokerStars Hand #225152499019:  Hold'em No Limit ($0.01/$0.02 USD) - 2021/03/24 15:58:59 PT [2021/03/24 18:58:59 ET]
Table 'Thyestes IV' 9-max Seat #4 is the button
Seat 1: tim8526 ($2 in chips) 
Seat 2: PS-Keldale ($1.29 in chips) 
Seat 3: funkey fruit ($1.44 in chips) 
Seat 4: tatanga7588 ($1.65 in chips) 
Seat 6: Dorex2007 ($2.55 in chips) 
Seat 7: delfinoroyal ($1.53 in chips) 
Seat 8: AlexVV40 ($0.77 in chips) 
Seat 9: romawka70 ($3.20 in chips) 
Dorex2007: posts small blind $0.01
delfinoroyal: posts big blind $0.02
*** HOLE CARDS ***
Dealt to Dorex2007 [9c Kd]
AlexVV40: folds 
romawka70: folds 
tim8526: folds 
PS-Keldale: folds 
funkey fruit: folds 
tatanga7588: folds 
Dorex2007: calls $0.01
delfinoroyal: checks 
*** FLOP *** [4c Ks 2d]
Dorex2007: bets $0.04
delfinoroyal: calls $0.04
*** TURN *** [4c Ks 2d] [2h]
Dorex2007: checks 
delfinoroyal: bets $0.04
Dorex2007: calls $0.04
*** RIVER *** [4c Ks 2d 2h] [Ac]
Dorex2007: bets $0.10
delfinoroyal: calls $0.10
*** SHOW DOWN ***
Dorex2007: shows [9c Kd] (two pair, Kings and Deuces)
delfinoroyal: shows [Kc 8d] (two pair, Kings and Deuces)
Dorex2007 collected $0.20 from pot
delfinoroyal collected $0.19 from pot
*** SUMMARY ***
Total pot $0.40 | Rake $0.01 
Board [4c Ks 2d 2h Ac]
Seat 1: tim8526 folded before Flop (didn't bet)
Seat 2: PS-Keldale folded before Flop (didn't bet)
Seat 3: funkey fruit folded before Flop (didn't bet)
Seat 4: tatanga7588 (button) folded before Flop (didn't bet)
Seat 6: Dorex2007 (small blind) showed [9c Kd] and won ($0.20) with two pair, Kings and Deuces
Seat 7: delfinoroyal (big blind) showed [Kc 8d] and won ($0.19) with two pair, Kings and Deuces
Seat 8: AlexVV40 folded before Flop (didn't bet)
Seat 9: romawka70 folded before Flop (didn't bet)



PokerStars Hand #225152519209:  Hold'em No Limit ($0.01/$0.02 USD) - 2021/03/24 15:59:50 PT [2021/03/24 18:59:50 ET]
Table 'Thyestes IV' 9-max Seat #6 is the button
Seat 1: tim8526 ($2 in chips) 
Seat 2: PS-Keldale ($1.29 in chips) 
Seat 3: funkey fruit ($1.44 in chips) 
Seat 4: tatanga7588 ($1.65 in chips) 
Seat 6: Dorex2007 ($2.55 in chips) 
Seat 7: delfinoroyal ($1.52 in chips) 
Seat 8: AlexVV40 ($0.77 in chips) 
Seat 9: romawka70 ($3.20 in chips) 
delfinoroyal: posts small blind $0.01
AlexVV40: posts big blind $0.02
*** HOLE CARDS ***
Dealt to Dorex2007 [Jd 7d]
romawka70: folds 
tim8526: folds 
PS-Keldale: folds 
funkey fruit: calls $0.02
tatanga7588: folds 
Dorex2007: folds 
delfinoroyal: folds 
AlexVV40: checks 
*** FLOP *** [Kh 6s Ks]
AlexVV40: checks 
funkey fruit: bets $0.05
AlexVV40: folds 
Uncalled bet ($0.05) returned to funkey fruit
funkey fruit collected $0.05 from pot
funkey fruit: doesn't show hand 
*** SUMMARY ***
Total pot $0.05 | Rake $0 
Board [Kh 6s Ks]
Seat 1: tim8526 folded before Flop (didn't bet)
Seat 2: PS-Keldale folded before Flop (didn't bet)
Seat 3: funkey fruit collected ($0.05)
Seat 4: tatanga7588 folded before Flop (didn't bet)
Seat 6: Dorex2007 (button) folded before Flop (didn't bet)
Seat 7: delfinoroyal (small blind) folded before Flop
Seat 8: AlexVV40 (big blind) folded on the Flop
Seat 9: romawka70 folded before Flop (didn't bet)



PokerStars Hand #225152538014:  Hold'em No Limit ($0.01/$0.02 USD) - 2021/03/24 16:00:35 PT [2021/03/24 19:00:35 ET]
Table 'Thyestes IV' 9-max Seat #7 is the button
Seat 1: tim8526 ($2 in chips) 
Seat 2: PS-Keldale ($1.29 in chips) 
Seat 3: funkey fruit ($1.47 in chips) 
Seat 4: tatanga7588 ($1.65 in chips) 
Seat 6: Dorex2007 ($2.55 in chips) 
Seat 7: delfinoroyal ($1.51 in chips) 
Seat 8: AlexVV40 ($0.75 in chips) 
Seat 9: romawka70 ($3.20 in chips) 
AlexVV40: posts small blind $0.01
romawka70: posts big blind $0.02
*** HOLE CARDS ***
Dealt to Dorex2007 [5h Jh]
tim8526: folds 
PS-Keldale: raises $0.03 to $0.05
funkey fruit: folds 
tatanga7588: folds 
Dorex2007: folds 
delfinoroyal: calls $0.05
AlexVV40: folds 
romawka70: folds 
*** FLOP *** [5d 4s 3d]
PS-Keldale: bets $0.05
delfinoroyal: folds 
Uncalled bet ($0.05) returned to PS-Keldale
PS-Keldale collected $0.13 from pot
PS-Keldale: doesn't show hand 
*** SUMMARY ***
Total pot $0.13 | Rake $0 
Board [5d 4s 3d]
Seat 1: tim8526 folded before Flop (didn't bet)
Seat 2: PS-Keldale collected ($0.13)
Seat 3: funkey fruit folded before Flop (didn't bet)
Seat 4: tatanga7588 folded before Flop (didn't bet)
Seat 6: Dorex2007 folded before Flop (didn't bet)
Seat 7: delfinoroyal (button) folded on the Flop
Seat 8: AlexVV40 (small blind) folded before Flop
Seat 9: romawka70 (big blind) folded before Flop



PokerStars Hand #225152558223:  Hold'em No Limit ($0.01/$0.02 USD) - 2021/03/24 16:01:19 PT [2021/03/24 19:01:19 ET]
Table 'Thyestes IV' 9-max Seat #8 is the button
Seat 1: tim8526 ($2 in chips) 
Seat 2: PS-Keldale ($1.37 in chips) 
Seat 3: funkey fruit ($1.47 in chips) 
Seat 4: tatanga7588 ($1.65 in chips) 
Seat 6: Dorex2007 ($2.55 in chips) 
Seat 7: delfinoroyal ($1.46 in chips) 
Seat 8: AlexVV40 ($0.74 in chips) 
Seat 9: romawka70 ($3.18 in chips) 
romawka70: posts small blind $0.01
tim8526: posts big blind $0.02
*** HOLE CARDS ***
Dealt to Dorex2007 [Js 5d]
PS-Keldale: raises $0.03 to $0.05
funkey fruit: folds 
tatanga7588: folds 
Dorex2007: folds 
delfinoroyal: folds 
AlexVV40: calls $0.05
romawka70: calls $0.04
tim8526: calls $0.03
*** FLOP *** [4d 9h Tc]
romawka70: checks 
tim8526: checks 
PS-Keldale: bets $0.10
AlexVV40: calls $0.10
romawka70: folds 
tim8526: folds 
*** TURN *** [4d 9h Tc] [5h]
PS-Keldale: bets $0.11
AlexVV40: raises $0.48 to $0.59 and is all-in
PS-Keldale: folds 
Uncalled bet ($0.48) returned to AlexVV40
AlexVV40 collected $0.60 from pot
AlexVV40: doesn't show hand 
*** SUMMARY ***
Total pot $0.62 | Rake $0.02 
Board [4d 9h Tc 5h]
Seat 1: tim8526 (big blind) folded on the Flop
Seat 2: PS-Keldale folded on the Turn
Seat 3: funkey fruit folded before Flop (didn't bet)
Seat 4: tatanga7588 folded before Flop (didn't bet)
Seat 6: Dorex2007 folded before Flop (didn't bet)
Seat 7: delfinoroyal folded before Flop (didn't bet)
Seat 8: AlexVV40 (button) collected ($0.60)
Seat 9: romawka70 (small blind) folded on the Flop



PokerStars Hand #225152608371:  Hold'em No Limit ($0.01/$0.02 USD) - 2021/03/24 16:03:00 PT [2021/03/24 19:03:00 ET]
Table 'Thyestes IV' 9-max Seat #9 is the button
Seat 1: tim8526 ($2 in chips) 
Seat 2: PS-Keldale ($1.11 in chips) 
Seat 3: funkey fruit ($1.47 in chips) 
Seat 4: tatanga7588 ($1.65 in chips) 
Seat 6: Dorex2007 ($2.55 in chips) 
Seat 7: delfinoroyal ($1.46 in chips) 
Seat 8: AlexVV40 ($1.08 in chips) 
Seat 9: romawka70 ($3.13 in chips) 
tim8526: posts small blind $0.01
PS-Keldale: posts big blind $0.02
*** HOLE CARDS ***
Dealt to Dorex2007 [5c 2s]
funkey fruit: folds 
tatanga7588: folds 
Dorex2007: folds 
delfinoroyal: folds 
AlexVV40: folds 
romawka70: folds 
tim8526: raises $0.04 to $0.06
PS-Keldale: calls $0.04
*** FLOP *** [Jc 3d Ts]
tim8526: bets $0.04
PS-Keldale: folds 
Uncalled bet ($0.04) returned to tim8526
tim8526 collected $0.12 from pot
*** SUMMARY ***
Total pot $0.12 | Rake $0 
Board [Jc 3d Ts]
Seat 1: tim8526 (small blind) collected ($0.12)
Seat 2: PS-Keldale (big blind) folded on the Flop
Seat 3: funkey fruit folded before Flop (didn't bet)
Seat 4: tatanga7588 folded before Flop (didn't bet)
Seat 6: Dorex2007 folded before Flop (didn't bet)
Seat 7: delfinoroyal folded before Flop (didn't bet)
Seat 8: AlexVV40 folded before Flop (didn't bet)
Seat 9: romawka70 (button) folded before Flop (didn't bet)



PokerStars Hand #225152623143:  Hold'em No Limit ($0.01/$0.02 USD) - 2021/03/24 16:03:30 PT [2021/03/24 19:03:30 ET]
Table 'Thyestes IV' 9-max Seat #1 is the button
Seat 1: tim8526 ($2.06 in chips) 
Seat 2: PS-Keldale ($1.05 in chips) 
Seat 3: funkey fruit ($1.47 in chips) 
Seat 4: tatanga7588 ($1.65 in chips) 
Seat 6: Dorex2007 ($2.55 in chips) 
Seat 7: delfinoroyal ($1.46 in chips) 
Seat 8: AlexVV40 ($1.08 in chips) 
Seat 9: romawka70 ($3.13 in chips) 
PS-Keldale: posts small blind $0.01
funkey fruit: posts big blind $0.02
*** HOLE CARDS ***
Dealt to Dorex2007 [Ts Ks]
tatanga7588: folds 
Dorex2007: raises $0.04 to $0.06
delfinoroyal: folds 
AlexVV40: folds 
romawka70: folds 
tim8526: raises $0.11 to $0.17
PS-Keldale: folds 
funkey fruit: folds 
Dorex2007: calls $0.11
*** FLOP *** [7h 4d 2c]
Dorex2007: checks 
tim8526: bets $0.18
Dorex2007: folds 
Uncalled bet ($0.18) returned to tim8526
tim8526 collected $0.36 from pot
*** SUMMARY ***
Total pot $0.37 | Rake $0.01 
Board [7h 4d 2c]
Seat 1: tim8526 (button) collected ($0.36)
Seat 2: PS-Keldale (small blind) folded before Flop
Seat 3: funkey fruit (big blind) folded before Flop
Seat 4: tatanga7588 folded before Flop (didn't bet)
Seat 6: Dorex2007 folded on the Flop
Seat 7: delfinoroyal folded before Flop (didn't bet)
Seat 8: AlexVV40 folded before Flop (didn't bet)
Seat 9: romawka70 folded before Flop (didn't bet)



PokerStars Hand #225152644715:  Hold'em No Limit ($0.01/$0.02 USD) - 2021/03/24 16:04:13 PT [2021/03/24 19:04:13 ET]
Table 'Thyestes IV' 9-max Seat #2 is the button
Seat 1: tim8526 ($2.25 in chips) 
Seat 2: PS-Keldale ($1.04 in chips) 
Seat 3: funkey fruit ($1.45 in chips) 
Seat 4: tatanga7588 ($1.65 in chips) 
Seat 6: Dorex2007 ($2.38 in chips) 
Seat 7: delfinoroyal ($1.46 in chips) 
Seat 8: AlexVV40 ($1.08 in chips) 
Seat 9: romawka70 ($3.13 in chips) 
funkey fruit: posts small blind $0.01
tatanga7588: posts big blind $0.02
*** HOLE CARDS ***
Dealt to Dorex2007 [2h Qs]
Dorex2007: folds 
delfinoroyal: calls $0.02
AlexVV40: folds 
romawka70: folds 
tim8526: folds 
PS-Keldale: calls $0.02
funkey fruit: calls $0.01
tatanga7588: checks 
*** FLOP *** [8c 4s Jc]
funkey fruit: checks 
tatanga7588: checks 
delfinoroyal: checks 
PS-Keldale: bets $0.05
funkey fruit: folds 
tatanga7588: folds 
delfinoroyal: folds 
Uncalled bet ($0.05) returned to PS-Keldale
PS-Keldale collected $0.08 from pot
PS-Keldale: doesn't show hand 
*** SUMMARY ***
Total pot $0.08 | Rake $0 
Board [8c 4s Jc]
Seat 1: tim8526 folded before Flop (didn't bet)
Seat 2: PS-Keldale (button) collected ($0.08)
Seat 3: funkey fruit (small blind) folded on the Flop
Seat 4: tatanga7588 (big blind) folded on the Flop
Seat 6: Dorex2007 folded before Flop (didn't bet)
Seat 7: delfinoroyal folded on the Flop
Seat 8: AlexVV40 folded before Flop (didn't bet)
Seat 9: romawka70 folded before Flop (didn't bet)



PokerStars Hand #225152678145:  Hold'em No Limit ($0.01/$0.02 USD) - 2021/03/24 16:05:20 PT [2021/03/24 19:05:20 ET]
Table 'Thyestes IV' 9-max Seat #3 is the button
Seat 1: tim8526 ($2.25 in chips) 
Seat 2: PS-Keldale ($1.10 in chips) 
Seat 3: funkey fruit ($1.43 in chips) 
Seat 4: tatanga7588 ($1.63 in chips) 
Seat 6: Dorex2007 ($2.38 in chips) 
Seat 7: delfinoroyal ($1.44 in chips) 
Seat 8: AlexVV40 ($1.08 in chips) 
Seat 9: romawka70 ($3.13 in chips) 
tatanga7588: posts small blind $0.01
Dorex2007: posts big blind $0.02
*** HOLE CARDS ***
Dealt to Dorex2007 [2s 5h]
delfinoroyal: calls $0.02
AlexVV40: folds 
romawka70: folds 
tim8526: folds 
PS-Keldale: raises $0.03 to $0.05
funkey fruit: calls $0.05
tatanga7588: calls $0.04
Dorex2007: folds 
delfinoroyal: calls $0.03
*** FLOP *** [5d 5c 8s]
tatanga7588: checks 
delfinoroyal: checks 
PS-Keldale: bets $0.07
funkey fruit: folds 
tatanga7588: folds 
tatanga7588 leaves the table
delfinoroyal: calls $0.07
*** TURN *** [5d 5c 8s] [Tc]
delfinoroyal: checks 
PS-Keldale: bets $0.09
delfinoroyal: calls $0.09
*** RIVER *** [5d 5c 8s Tc] [8c]
delfinoroyal: bets $0.18
PS-Keldale: folds 
Uncalled bet ($0.18) returned to delfinoroyal
delfinoroyal collected $0.52 from pot
delfinoroyal: doesn't show hand 
*** SUMMARY ***
Total pot $0.54 | Rake $0.02 
Board [5d 5c 8s Tc 8c]
Seat 1: tim8526 folded before Flop (didn't bet)
Seat 2: PS-Keldale folded on the River
Seat 3: funkey fruit (button) folded on the Flop
Seat 4: tatanga7588 (small blind) folded on the Flop
Seat 6: Dorex2007 (big blind) folded before Flop
Seat 7: delfinoroyal collected ($0.52)
Seat 8: AlexVV40 folded before Flop (didn't bet)
Seat 9: romawka70 folded before Flop (didn't bet)



PokerStars Hand #225152725867:  Hold'em No Limit ($0.01/$0.02 USD) - 2021/03/24 16:06:58 PT [2021/03/24 19:06:58 ET]
Table 'Thyestes IV' 9-max Seat #6 is the button
Seat 1: tim8526 ($2.25 in chips) 
Seat 2: PS-Keldale ($0.89 in chips) 
Seat 3: funkey fruit ($1.38 in chips) 
Seat 6: Dorex2007 ($2.36 in chips) 
Seat 7: delfinoroyal ($1.75 in chips) 
Seat 8: AlexVV40 ($1.08 in chips) 
Seat 9: romawka70 ($3.13 in chips) 
delfinoroyal: posts small blind $0.01
AlexVV40: posts big blind $0.02
LeandroAku: sits out 
*** HOLE CARDS ***
Dealt to Dorex2007 [6c 4d]
romawka70: folds 
tim8526: raises $0.04 to $0.06
PS-Keldale: folds 
funkey fruit: folds 
Dorex2007: folds 
delfinoroyal: folds 
AlexVV40: folds 
Uncalled bet ($0.04) returned to tim8526
tim8526 collected $0.05 from pot
*** SUMMARY ***
Total pot $0.05 | Rake $0 
Seat 1: tim8526 collected ($0.05)
Seat 2: PS-Keldale folded before Flop (didn't bet)
Seat 3: funkey fruit folded before Flop (didn't bet)
Seat 6: Dorex2007 (button) folded before Flop (didn't bet)
Seat 7: delfinoroyal (small blind) folded before Flop
Seat 8: AlexVV40 (big blind) folded before Flop
Seat 9: romawka70 folded before Flop (didn't bet)



PokerStars Hand #225152734648:  Hold'em No Limit ($0.01/$0.02 USD) - 2021/03/24 16:07:15 PT [2021/03/24 19:07:15 ET]
Table 'Thyestes IV' 9-max Seat #7 is the button
Seat 1: tim8526 ($2.28 in chips) 
Seat 2: PS-Keldale ($0.89 in chips) 
Seat 3: funkey fruit ($1.38 in chips) 
Seat 6: Dorex2007 ($2.36 in chips) 
Seat 7: delfinoroyal ($1.74 in chips) 
Seat 8: AlexVV40 ($1.06 in chips) 
Seat 9: romawka70 ($3.13 in chips) 
AlexVV40: posts small blind $0.01
romawka70: posts big blind $0.02
LeandroAku: sits out 
*** HOLE CARDS ***
Dealt to Dorex2007 [Ks 9c]
tim8526: folds 
PS-Keldale: folds 
funkey fruit: folds 
Dorex2007: folds 
delfinoroyal: folds 
AlexVV40: calls $0.01
romawka70: checks 
*** FLOP *** [5h 4d Qd]
AlexVV40: checks 
romawka70: checks 
*** TURN *** [5h 4d Qd] [Kd]
AlexVV40: bets $0.04
romawka70: folds 
Uncalled bet ($0.04) returned to AlexVV40
AlexVV40 collected $0.04 from pot
AlexVV40: doesn't show hand 
*** SUMMARY ***
Total pot $0.04 | Rake $0 
Board [5h 4d Qd Kd]
Seat 1: tim8526 folded before Flop (didn't bet)
Seat 2: PS-Keldale folded before Flop (didn't bet)
Seat 3: funkey fruit folded before Flop (didn't bet)
Seat 6: Dorex2007 folded before Flop (didn't bet)
Seat 7: delfinoroyal (button) folded before Flop (didn't bet)
Seat 8: AlexVV40 (small blind) collected ($0.04)
Seat 9: romawka70 (big blind) folded on the Turn



PokerStars Hand #225152765884:  Hold'em No Limit ($0.01/$0.02 USD) - 2021/03/24 16:07:59 PT [2021/03/24 19:07:59 ET]
Table 'Thyestes IV' 9-max Seat #8 is the button
Seat 1: tim8526 ($2.28 in chips) 
Seat 2: PS-Keldale ($0.89 in chips) 
Seat 3: funkey fruit ($1.38 in chips) 
Seat 6: Dorex2007 ($2.36 in chips) 
Seat 7: delfinoroyal ($1.74 in chips) 
Seat 8: AlexVV40 ($1.08 in chips) 
Seat 9: romawka70 ($3.11 in chips) 
romawka70: posts small blind $0.01
tim8526: posts big blind $0.02
LeandroAku: sits out 
*** HOLE CARDS ***
Dealt to Dorex2007 [9h Jh]
PS-Keldale: folds 
PEGGYDAY59 joins the table at seat #4 
funkey fruit: folds 
Dorex2007: raises $0.04 to $0.06
delfinoroyal: folds 
AlexVV40: folds 
romawka70: folds 
tim8526: folds 
Uncalled bet ($0.04) returned to Dorex2007
Dorex2007 collected $0.05 from pot
Dorex2007: doesn't show hand 
*** SUMMARY ***
Total pot $0.05 | Rake $0 
Seat 1: tim8526 (big blind) folded before Flop
Seat 2: PS-Keldale folded before Flop (didn't bet)
Seat 3: funkey fruit folded before Flop (didn't bet)
Seat 6: Dorex2007 collected ($0.05)
Seat 7: delfinoroyal folded before Flop (didn't bet)
Seat 8: AlexVV40 (button) folded before Flop (didn't bet)
Seat 9: romawka70 (small blind) folded before Flop



PokerStars Hand #225152780892:  Hold'em No Limit ($0.01/$0.02 USD) - 2021/03/24 16:08:30 PT [2021/03/24 19:08:30 ET]
Table 'Thyestes IV' 9-max Seat #9 is the button
Seat 1: tim8526 ($2.26 in chips) 
Seat 2: PS-Keldale ($0.89 in chips) 
Seat 3: funkey fruit ($1.38 in chips) 
Seat 4: PEGGYDAY59 ($1.60 in chips) 
Seat 6: Dorex2007 ($2.39 in chips) 
Seat 7: delfinoroyal ($1.74 in chips) 
Seat 8: AlexVV40 ($1.08 in chips) 
Seat 9: romawka70 ($3.10 in chips) 
tim8526: posts small blind $0.01
PS-Keldale: posts big blind $0.02
PEGGYDAY59: posts big blind $0.02
LeandroAku: sits out 
*** HOLE CARDS ***
Dealt to Dorex2007 [Qh 9s]
funkey fruit: raises $0.02 to $0.04
PEGGYDAY59: calls $0.02
Dorex2007: folds 
delfinoroyal: folds 
AlexVV40: folds 
romawka70: folds 
tim8526: folds 
PS-Keldale: folds 
*** FLOP *** [Ts 5h 3s]
funkey fruit is disconnected 
funkey fruit has timed out while disconnected
funkey fruit: checks 
PEGGYDAY59: bets $0.06
funkey fruit has timed out while disconnected
funkey fruit: folds 
Uncalled bet ($0.06) returned to PEGGYDAY59
PEGGYDAY59 collected $0.11 from pot
PEGGYDAY59: doesn't show hand 
*** SUMMARY ***
Total pot $0.11 | Rake $0 
Board [Ts 5h 3s]
Seat 1: tim8526 (small blind) folded before Flop
Seat 2: PS-Keldale (big blind) folded before Flop
Seat 3: funkey fruit folded on the Flop
Seat 4: PEGGYDAY59 collected ($0.11)
Seat 6: Dorex2007 folded before Flop (didn't bet)
Seat 7: delfinoroyal folded before Flop (didn't bet)
Seat 8: AlexVV40 folded before Flop (didn't bet)
Seat 9: romawka70 (button) folded before Flop (didn't bet)



PokerStars Hand #225152839329:  Hold'em No Limit ($0.01/$0.02 USD) - 2021/03/24 16:10:31 PT [2021/03/24 19:10:31 ET]
Table 'Thyestes IV' 9-max Seat #1 is the button
Seat 1: tim8526 ($2.25 in chips) 
Seat 2: PS-Keldale ($1.67 in chips) 
Seat 4: PEGGYDAY59 ($1.67 in chips) 
Seat 6: Dorex2007 ($2.39 in chips) 
Seat 7: delfinoroyal ($1.74 in chips) 
Seat 8: AlexVV40 ($1.08 in chips) 
Seat 9: romawka70 ($3.10 in chips) 
PS-Keldale: posts small blind $0.01
PEGGYDAY59: posts big blind $0.02
LeandroAku: sits out 
*** HOLE CARDS ***
Dealt to Dorex2007 [Jd Qd]
Dorex2007: raises $0.04 to $0.06
delfinoroyal: folds 
AlexVV40: folds 
romawka70: folds 
tim8526: folds 
PS-Keldale: calls $0.05
PEGGYDAY59: folds 
*** FLOP *** [6c Kh 8c]
PS-Keldale: bets $0.07
Dorex2007: calls $0.07
*** TURN *** [6c Kh 8c] [6d]
PS-Keldale: bets $0.09
Dorex2007: folds 
Uncalled bet ($0.09) returned to PS-Keldale
PS-Keldale collected $0.27 from pot
PS-Keldale: doesn't show hand 
*** SUMMARY ***
Total pot $0.28 | Rake $0.01 
Board [6c Kh 8c 6d]
Seat 1: tim8526 (button) folded before Flop (didn't bet)
Seat 2: PS-Keldale (small blind) collected ($0.27)
Seat 4: PEGGYDAY59 (big blind) folded before Flop
Seat 6: Dorex2007 folded on the Turn
Seat 7: delfinoroyal folded before Flop (didn't bet)
Seat 8: AlexVV40 folded before Flop (didn't bet)
Seat 9: romawka70 folded before Flop (didn't bet)



PokerStars Hand #225152864311:  Hold'em No Limit ($0.01/$0.02 USD) - 2021/03/24 16:11:20 PT [2021/03/24 19:11:20 ET]
Table 'Thyestes IV' 9-max Seat #2 is the button
Seat 1: tim8526 ($2.25 in chips) 
Seat 2: PS-Keldale ($1.81 in chips) 
Seat 4: PEGGYDAY59 ($1.65 in chips) 
Seat 5: LeandroAku ($0.82 in chips) 
Seat 6: Dorex2007 ($2.26 in chips) 
Seat 7: delfinoroyal ($1.74 in chips) 
Seat 8: AlexVV40 ($1.08 in chips) 
Seat 9: romawka70 ($3.10 in chips) 
PEGGYDAY59: posts small blind $0.01
LeandroAku: posts big blind $0.02
*** HOLE CARDS ***
Dealt to Dorex2007 [Td 6d]
Dorex2007: folds 
delfinoroyal: folds 
AlexVV40: folds 
romawka70: folds 
tim8526: raises $0.03 to $0.05
PS-Keldale: folds 
PEGGYDAY59: folds 
LeandroAku: folds 
Uncalled bet ($0.03) returned to tim8526
tim8526 collected $0.05 from pot
*** SUMMARY ***
Total pot $0.05 | Rake $0 
Seat 1: tim8526 collected ($0.05)
Seat 2: PS-Keldale (button) folded before Flop (didn't bet)
Seat 4: PEGGYDAY59 (small blind) folded before Flop
Seat 5: LeandroAku (big blind) folded before Flop
Seat 6: Dorex2007 folded before Flop (didn't bet)
Seat 7: delfinoroyal folded before Flop (didn't bet)
Seat 8: AlexVV40 folded before Flop (didn't bet)
Seat 9: romawka70 folded before Flop (didn't bet)



PokerStars Hand #225152876905:  Hold'em No Limit ($0.01/$0.02 USD) - 2021/03/24 16:11:46 PT [2021/03/24 19:11:46 ET]
Table 'Thyestes IV' 9-max Seat #4 is the button
Seat 1: tim8526 ($2.28 in chips) 
Seat 2: PS-Keldale ($1.81 in chips) 
Seat 4: PEGGYDAY59 ($1.64 in chips) 
Seat 5: LeandroAku ($0.80 in chips) 
Seat 6: Dorex2007 ($2.26 in chips) 
Seat 7: delfinoroyal ($1.74 in chips) 
Seat 8: AlexVV40 ($1.08 in chips) 
Seat 9: romawka70 ($3.10 in chips) 
LeandroAku: posts small blind $0.01
Dorex2007: posts big blind $0.02
*** HOLE CARDS ***
Dealt to Dorex2007 [4s 3c]
delfinoroyal: folds 
AlexVV40: folds 
romawka70: folds 
tim8526: folds 
PS-Keldale: folds 
PEGGYDAY59: folds 
LeandroAku: folds 
Uncalled bet ($0.01) returned to Dorex2007
Dorex2007 collected $0.02 from pot
Dorex2007: doesn't show hand 
*** SUMMARY ***
Total pot $0.02 | Rake $0 
Seat 1: tim8526 folded before Flop (didn't bet)
Seat 2: PS-Keldale folded before Flop (didn't bet)
Seat 4: PEGGYDAY59 (button) folded before Flop (didn't bet)
Seat 5: LeandroAku (small blind) folded before Flop
Seat 6: Dorex2007 (big blind) collected ($0.02)
Seat 7: delfinoroyal folded before Flop (didn't bet)
Seat 8: AlexVV40 folded before Flop (didn't bet)
Seat 9: romawka70 folded before Flop (didn't bet)



PokerStars Hand #225152884948:  Hold'em No Limit ($0.01/$0.02 USD) - 2021/03/24 16:12:03 PT [2021/03/24 19:12:03 ET]
Table 'Thyestes IV' 9-max Seat #5 is the button
Seat 1: tim8526 ($2.28 in chips) 
Seat 2: PS-Keldale ($1.81 in chips) 
Seat 4: PEGGYDAY59 ($1.64 in chips) 
Seat 5: LeandroAku ($0.79 in chips) 
Seat 6: Dorex2007 ($2.27 in chips) 
Seat 7: delfinoroyal ($1.74 in chips) 
Seat 8: AlexVV40 ($1.08 in chips) 
Seat 9: romawka70 ($3.10 in chips) 
Dorex2007: posts small blind $0.01
delfinoroyal: posts big blind $0.02
*** HOLE CARDS ***
Dealt to Dorex2007 [Qs 8d]
AlexVV40: folds 
romawka70: folds 
tim8526: folds 
PS-Keldale: raises $0.03 to $0.05
PEGGYDAY59: folds 
LeandroAku: folds 
Dorex2007: folds 
delfinoroyal: calls $0.03
*** FLOP *** [Kh 4c Kc]
delfinoroyal: checks 
PS-Keldale: bets $0.05
delfinoroyal: folds 
Uncalled bet ($0.05) returned to PS-Keldale
PS-Keldale collected $0.11 from pot
PS-Keldale: doesn't show hand 
*** SUMMARY ***
Total pot $0.11 | Rake $0 
Board [Kh 4c Kc]
Seat 1: tim8526 folded before Flop (didn't bet)
Seat 2: PS-Keldale collected ($0.11)
Seat 4: PEGGYDAY59 folded before Flop (didn't bet)
Seat 5: LeandroAku (button) folded before Flop (didn't bet)
Seat 6: Dorex2007 (small blind) folded before Flop
Seat 7: delfinoroyal (big blind) folded on the Flop
Seat 8: AlexVV40 folded before Flop (didn't bet)
Seat 9: romawka70 folded before Flop (didn't bet)



PokerStars Hand #225152902685:  Hold'em No Limit ($0.01/$0.02 USD) - 2021/03/24 16:12:40 PT [2021/03/24 19:12:40 ET]
Table 'Thyestes IV' 9-max Seat #6 is the button
Seat 1: tim8526 ($2.28 in chips) 
Seat 2: PS-Keldale ($1.87 in chips) 
Seat 4: PEGGYDAY59 ($1.64 in chips) 
Seat 5: LeandroAku ($0.79 in chips) 
Seat 6: Dorex2007 ($2.26 in chips) 
Seat 7: delfinoroyal ($1.69 in chips) 
Seat 8: AlexVV40 ($1.08 in chips) 
Seat 9: romawka70 ($3.10 in chips) 
delfinoroyal: posts small blind $0.01
AlexVV40: posts big blind $0.02
*** HOLE CARDS ***
Dealt to Dorex2007 [8c 2d]
romawka70: folds 
tim8526: folds 
PS-Keldale: folds 
PEGGYDAY59: folds 
LeandroAku: folds 
Dorex2007: folds 
delfinoroyal: calls $0.01
AlexVV40: checks 
*** FLOP *** [5s Kd Tc]
delfinoroyal: checks 
AlexVV40: checks 
*** TURN *** [5s Kd Tc] [7c]
delfinoroyal: checks 
AlexVV40: bets $0.04
delfinoroyal: calls $0.04
*** RIVER *** [5s Kd Tc 7c] [4c]
delfinoroyal: checks 
AlexVV40: checks 
*** SHOW DOWN ***
delfinoroyal: shows [Qc 7d] (a pair of Sevens)
AlexVV40: mucks hand 
delfinoroyal collected $0.12 from pot
*** SUMMARY ***
Total pot $0.12 | Rake $0 
Board [5s Kd Tc 7c 4c]
Seat 1: tim8526 folded before Flop (didn't bet)
Seat 2: PS-Keldale folded before Flop (didn't bet)
Seat 4: PEGGYDAY59 folded before Flop (didn't bet)
Seat 5: LeandroAku folded before Flop (didn't bet)
Seat 6: Dorex2007 (button) folded before Flop (didn't bet)
Seat 7: delfinoroyal (small blind) showed [Qc 7d] and won ($0.12) with a pair of Sevens
Seat 8: AlexVV40 (big blind) mucked [8h Jc]
Seat 9: romawka70 folded before Flop (didn't bet)



PokerStars Hand #225152926749:  Hold'em No Limit ($0.01/$0.02 USD) - 2021/03/24 16:13:30 PT [2021/03/24 19:13:30 ET]
Table 'Thyestes IV' 9-max Seat #7 is the button
Seat 1: tim8526 ($2.28 in chips) 
Seat 2: PS-Keldale ($1.87 in chips) 
Seat 4: PEGGYDAY59 ($1.64 in chips) 
Seat 5: LeandroAku ($0.79 in chips) 
Seat 6: Dorex2007 ($2.26 in chips) 
Seat 7: delfinoroyal ($1.75 in chips) 
Seat 8: AlexVV40 ($1.02 in chips) 
Seat 9: romawka70 ($3.10 in chips) 
AlexVV40: posts small blind $0.01
romawka70: posts big blind $0.02
*** HOLE CARDS ***
Dealt to Dorex2007 [6d 7s]
tim8526: folds 
PS-Keldale: folds 
PEGGYDAY59: calls $0.02
LeandroAku: folds 
Dorex2007: folds 
delfinoroyal: calls $0.02
AlexVV40: folds 
romawka70: checks 
*** FLOP *** [Qd 6s 4h]
romawka70: checks 
PEGGYDAY59: checks 
delfinoroyal: checks 
*** TURN *** [Qd 6s 4h] [6h]
romawka70: checks 
PEGGYDAY59: checks 
delfinoroyal: checks 
*** RIVER *** [Qd 6s 4h 6h] [Qc]
romawka70: bets $0.02
PEGGYDAY59: folds 
delfinoroyal: calls $0.02
*** SHOW DOWN ***
romawka70: shows [5s 5d] (two pair, Queens and Sixes)
delfinoroyal: shows [9c Th] (two pair, Queens and Sixes - Ten kicker)
delfinoroyal collected $0.11 from pot
*** SUMMARY ***
Total pot $0.11 | Rake $0 
Board [Qd 6s 4h 6h Qc]
Seat 1: tim8526 folded before Flop (didn't bet)
Seat 2: PS-Keldale folded before Flop (didn't bet)
Seat 4: PEGGYDAY59 folded on the River
Seat 5: LeandroAku folded before Flop (didn't bet)
Seat 6: Dorex2007 folded before Flop (didn't bet)
Seat 7: delfinoroyal (button) showed [9c Th] and won ($0.11) with two pair, Queens and Sixes
Seat 8: AlexVV40 (small blind) folded before Flop
Seat 9: romawka70 (big blind) showed [5s 5d] and lost with two pair, Queens and Sixes



PokerStars Hand #225152961769:  Hold'em No Limit ($0.01/$0.02 USD) - 2021/03/24 16:14:29 PT [2021/03/24 19:14:29 ET]
Table 'Thyestes IV' 9-max Seat #8 is the button
Seat 1: tim8526 ($2.28 in chips) 
Seat 2: PS-Keldale ($1.87 in chips) 
Seat 4: PEGGYDAY59 ($1.62 in chips) 
Seat 5: LeandroAku ($0.79 in chips) 
Seat 6: Dorex2007 ($2.26 in chips) 
Seat 7: delfinoroyal ($1.82 in chips) 
Seat 8: AlexVV40 ($1.01 in chips) 
Seat 9: romawka70 ($3.06 in chips) 
romawka70: posts small blind $0.01
tim8526: posts big blind $0.02
*** HOLE CARDS ***
Dealt to Dorex2007 [2h 6h]
PS-Keldale: raises $0.03 to $0.05
PEGGYDAY59: folds 
LeandroAku: folds 
Dorex2007: folds 
delfinoroyal: folds 
AlexVV40: folds 
romawka70: folds 
tim8526: folds 
Uncalled bet ($0.03) returned to PS-Keldale
PS-Keldale collected $0.05 from pot
PS-Keldale: doesn't show hand 
*** SUMMARY ***
Total pot $0.05 | Rake $0 
Seat 1: tim8526 (big blind) folded before Flop
Seat 2: PS-Keldale collected ($0.05)
Seat 4: PEGGYDAY59 folded before Flop (didn't bet)
Seat 5: LeandroAku folded before Flop (didn't bet)
Seat 6: Dorex2007 folded before Flop (didn't bet)
Seat 7: delfinoroyal folded before Flop (didn't bet)
Seat 8: AlexVV40 (button) folded before Flop (didn't bet)
Seat 9: romawka70 (small blind) folded before Flop



PokerStars Hand #225152978981:  Hold'em No Limit ($0.01/$0.02 USD) - 2021/03/24 16:15:05 PT [2021/03/24 19:15:05 ET]
Table 'Thyestes IV' 9-max Seat #9 is the button
Seat 1: tim8526 ($2.26 in chips) 
Seat 2: PS-Keldale ($1.90 in chips) 
Seat 4: PEGGYDAY59 ($1.62 in chips) 
Seat 5: LeandroAku ($0.79 in chips) 
Seat 6: Dorex2007 ($2.26 in chips) 
Seat 7: delfinoroyal ($1.82 in chips) 
Seat 8: AlexVV40 ($1.01 in chips) 
Seat 9: romawka70 ($3.05 in chips) 
tim8526: posts small blind $0.01
PS-Keldale: posts big blind $0.02
*** HOLE CARDS ***
Dealt to Dorex2007 [4s 5d]
PEGGYDAY59: folds 
LeandroAku: folds 
Dorex2007: folds 
delfinoroyal: calls $0.02
AlexVV40: folds 
romawka70: folds 
tim8526: folds 
PS-Keldale: checks 
*** FLOP *** [9d 8c 9c]
PS-Keldale: checks 
delfinoroyal: checks 
*** TURN *** [9d 8c 9c] [7d]
PS-Keldale: bets $0.05
delfinoroyal: calls $0.05
*** RIVER *** [9d 8c 9c 7d] [7c]
PS-Keldale: bets $0.05
delfinoroyal: calls $0.05
*** SHOW DOWN ***
PS-Keldale: shows [Ts 7h] (a full house, Sevens full of Nines)
delfinoroyal: mucks hand 
PS-Keldale collected $0.24 from pot
*** SUMMARY ***
Total pot $0.25 | Rake $0.01 
Board [9d 8c 9c 7d 7c]
Seat 1: tim8526 (small blind) folded before Flop
Seat 2: PS-Keldale (big blind) showed [Ts 7h] and won ($0.24) with a full house, Sevens full of Nines
Seat 4: PEGGYDAY59 folded before Flop (didn't bet)
Seat 5: LeandroAku folded before Flop (didn't bet)
Seat 6: Dorex2007 folded before Flop (didn't bet)
Seat 7: delfinoroyal mucked [As Jd]
Seat 8: AlexVV40 folded before Flop (didn't bet)
Seat 9: romawka70 (button) folded before Flop (didn't bet)



PokerStars Hand #225153005863:  Hold'em No Limit ($0.01/$0.02 USD) - 2021/03/24 16:16:02 PT [2021/03/24 19:16:02 ET]
Table 'Thyestes IV' 9-max Seat #1 is the button
Seat 1: tim8526 ($2.25 in chips) 
Seat 2: PS-Keldale ($2.02 in chips) 
Seat 4: PEGGYDAY59 ($1.62 in chips) 
Seat 5: LeandroAku ($0.79 in chips) 
Seat 6: Dorex2007 ($2.26 in chips) 
Seat 7: delfinoroyal ($1.70 in chips) 
Seat 8: AlexVV40 ($1.01 in chips) 
Seat 9: romawka70 ($3.05 in chips) 
PS-Keldale: posts small blind $0.01
PEGGYDAY59: posts big blind $0.02
*** HOLE CARDS ***
Dealt to Dorex2007 [7s Ah]
LeandroAku: calls $0.02
Dorex2007: folds 
delfinoroyal: folds 
AlexVV40: calls $0.02
romawka70: folds 
tim8526: folds 
PS-Keldale: calls $0.01
PEGGYDAY59: checks 
*** FLOP *** [7d Ks 4h]
PS-Keldale: checks 
PEGGYDAY59: checks 
LeandroAku: bets $0.08
AlexVV40: folds 
PS-Keldale: folds 
PEGGYDAY59: folds 
Uncalled bet ($0.08) returned to LeandroAku
LeandroAku collected $0.08 from pot
LeandroAku: doesn't show hand 
*** SUMMARY ***
Total pot $0.08 | Rake $0 
Board [7d Ks 4h]
Seat 1: tim8526 (button) folded before Flop (didn't bet)
Seat 2: PS-Keldale (small blind) folded on the Flop
Seat 4: PEGGYDAY59 (big blind) folded on the Flop
Seat 5: LeandroAku collected ($0.08)
Seat 6: Dorex2007 folded before Flop (didn't bet)
Seat 7: delfinoroyal folded before Flop (didn't bet)
Seat 8: AlexVV40 folded on the Flop
Seat 9: romawka70 folded before Flop (didn't bet)



PokerStars Hand #225153025313:  Hold'em No Limit ($0.01/$0.02 USD) - 2021/03/24 16:16:43 PT [2021/03/24 19:16:43 ET]
Table 'Thyestes IV' 9-max Seat #2 is the button
Seat 1: tim8526 ($2.25 in chips) 
Seat 2: PS-Keldale ($2 in chips) 
Seat 4: PEGGYDAY59 ($1.60 in chips) 
Seat 5: LeandroAku ($0.85 in chips) 
Seat 6: Dorex2007 ($2.26 in chips) 
Seat 7: delfinoroyal ($1.70 in chips) 
Seat 8: AlexVV40 ($0.99 in chips) 
Seat 9: romawka70 ($3.05 in chips) 
PEGGYDAY59: posts small blind $0.01
LeandroAku: posts big blind $0.02
*** HOLE CARDS ***
Dealt to Dorex2007 [2c 6s]
Dorex2007: folds 
delfinoroyal: folds 
AlexVV40: folds 
romawka70: folds 
tim8526: folds 
PS-Keldale: folds 
PEGGYDAY59: calls $0.01
LeandroAku: checks 
*** FLOP *** [Ks Jd 8h]
PEGGYDAY59: checks 
LeandroAku: checks 
*** TURN *** [Ks Jd 8h] [5d]
PEGGYDAY59: bets $0.02
LeandroAku: calls $0.02
*** RIVER *** [Ks Jd 8h 5d] [4h]
PEGGYDAY59: bets $0.02
LeandroAku: folds 
Uncalled bet ($0.02) returned to PEGGYDAY59
PEGGYDAY59 collected $0.08 from pot
PEGGYDAY59: doesn't show hand 
*** SUMMARY ***
Total pot $0.08 | Rake $0 
Board [Ks Jd 8h 5d 4h]
Seat 1: tim8526 folded before Flop (didn't bet)
Seat 2: PS-Keldale (button) folded before Flop (didn't bet)
Seat 4: PEGGYDAY59 (small blind) collected ($0.08)
Seat 5: LeandroAku (big blind) folded on the River
Seat 6: Dorex2007 folded before Flop (didn't bet)
Seat 7: delfinoroyal folded before Flop (didn't bet)
Seat 8: AlexVV40 folded before Flop (didn't bet)
Seat 9: romawka70 folded before Flop (didn't bet)



PokerStars Hand #225153046796:  Hold'em No Limit ($0.01/$0.02 USD) - 2021/03/24 16:17:28 PT [2021/03/24 19:17:28 ET]
Table 'Thyestes IV' 9-max Seat #4 is the button
Seat 1: tim8526 ($2.25 in chips) 
Seat 2: PS-Keldale ($2 in chips) 
Seat 4: PEGGYDAY59 ($1.64 in chips) 
Seat 5: LeandroAku ($0.81 in chips) 
Seat 6: Dorex2007 ($2.26 in chips) 
Seat 7: delfinoroyal ($1.70 in chips) 
Seat 8: AlexVV40 ($0.99 in chips) 
Seat 9: romawka70 ($3.05 in chips) 
LeandroAku: posts small blind $0.01
Dorex2007: posts big blind $0.02
*** HOLE CARDS ***
Dealt to Dorex2007 [Jc Jh]
delfinoroyal: folds 
AlexVV40: folds 
romawka70: folds 
tim8526: folds 
PS-Keldale: raises $0.03 to $0.05
PEGGYDAY59: folds 
LeandroAku: folds 
Dorex2007: raises $0.11 to $0.16
PS-Keldale: folds 
Uncalled bet ($0.11) returned to Dorex2007
Dorex2007 collected $0.11 from pot
Dorex2007: doesn't show hand 
*** SUMMARY ***
Total pot $0.11 | Rake $0 
Seat 1: tim8526 folded before Flop (didn't bet)
Seat 2: PS-Keldale folded before Flop
Seat 4: PEGGYDAY59 (button) folded before Flop (didn't bet)
Seat 5: LeandroAku (small blind) folded before Flop
Seat 6: Dorex2007 (big blind) collected ($0.11)
Seat 7: delfinoroyal folded before Flop (didn't bet)
Seat 8: AlexVV40 folded before Flop (didn't bet)
Seat 9: romawka70 folded before Flop (didn't bet)



PokerStars Hand #225153061263:  Hold'em No Limit ($0.01/$0.02 USD) - 2021/03/24 16:18:00 PT [2021/03/24 19:18:00 ET]
Table 'Thyestes IV' 9-max Seat #5 is the button
Seat 1: tim8526 ($2.25 in chips) 
Seat 2: PS-Keldale ($1.95 in chips) 
Seat 4: PEGGYDAY59 ($1.64 in chips) 
Seat 5: LeandroAku ($0.80 in chips) 
Seat 6: Dorex2007 ($2.32 in chips) 
Seat 7: delfinoroyal ($1.70 in chips) 
Seat 8: AlexVV40 ($0.99 in chips) 
Seat 9: romawka70 ($3.05 in chips) 
Dorex2007: posts small blind $0.01
delfinoroyal: posts big blind $0.02
*** HOLE CARDS ***
Dealt to Dorex2007 [4d 3h]
AlexVV40: folds 
romawka70: folds 
tim8526: folds 
PS-Keldale: raises $0.03 to $0.05
PEGGYDAY59: calls $0.05
LeandroAku: folds 
Dorex2007: folds 
delfinoroyal: folds 
*** FLOP *** [3s 6d 3c]
PS-Keldale: bets $0.05
PEGGYDAY59: folds 
Uncalled bet ($0.05) returned to PS-Keldale
PS-Keldale collected $0.13 from pot
PS-Keldale: doesn't show hand 
*** SUMMARY ***
Total pot $0.13 | Rake $0 
Board [3s 6d 3c]
Seat 1: tim8526 folded before Flop (didn't bet)
Seat 2: PS-Keldale collected ($0.13)
Seat 4: PEGGYDAY59 folded on the Flop
Seat 5: LeandroAku (button) folded before Flop (didn't bet)
Seat 6: Dorex2007 (small blind) folded before Flop
Seat 7: delfinoroyal (big blind) folded before Flop
Seat 8: AlexVV40 folded before Flop (didn't bet)
Seat 9: romawka70 folded before Flop (didn't bet)



PokerStars Hand #225153078367:  Hold'em No Limit ($0.01/$0.02 USD) - 2021/03/24 16:18:36 PT [2021/03/24 19:18:36 ET]
Table 'Thyestes IV' 9-max Seat #6 is the button
Seat 1: tim8526 ($2.25 in chips) 
Seat 2: PS-Keldale ($2.03 in chips) 
Seat 4: PEGGYDAY59 ($1.59 in chips) 
Seat 5: LeandroAku ($0.80 in chips) 
Seat 6: Dorex2007 ($2.31 in chips) 
Seat 7: delfinoroyal ($1.68 in chips) 
Seat 8: AlexVV40 ($0.99 in chips) 
Seat 9: romawka70 ($3.05 in chips) 
delfinoroyal: posts small blind $0.01
AlexVV40: posts big blind $0.02
*** HOLE CARDS ***
Dealt to Dorex2007 [Td Ad]
romawka70: folds 
tim8526: folds 
PS-Keldale: folds 
PEGGYDAY59: folds 
LeandroAku: folds 
Dorex2007: raises $0.04 to $0.06
delfinoroyal: folds 
AlexVV40: folds 
Uncalled bet ($0.04) returned to Dorex2007
Dorex2007 collected $0.05 from pot
Dorex2007: doesn't show hand 
*** SUMMARY ***
Total pot $0.05 | Rake $0 
Seat 1: tim8526 folded before Flop (didn't bet)
Seat 2: PS-Keldale folded before Flop (didn't bet)
Seat 4: PEGGYDAY59 folded before Flop (didn't bet)
Seat 5: LeandroAku folded before Flop (didn't bet)
Seat 6: Dorex2007 (button) collected ($0.05)
Seat 7: delfinoroyal (small blind) folded before Flop
Seat 8: AlexVV40 (big blind) folded before Flop
Seat 9: romawka70 folded before Flop (didn't bet)



PokerStars Hand #225153086080:  Hold'em No Limit ($0.01/$0.02 USD) - 2021/03/24 16:18:53 PT [2021/03/24 19:18:53 ET]
Table 'Thyestes IV' 9-max Seat #7 is the button
Seat 1: tim8526 ($2.25 in chips) 
Seat 2: PS-Keldale ($2.03 in chips) 
Seat 4: PEGGYDAY59 ($1.59 in chips) 
Seat 5: LeandroAku ($0.80 in chips) 
Seat 6: Dorex2007 ($2.34 in chips) 
Seat 7: delfinoroyal ($1.67 in chips) 
Seat 8: AlexVV40 ($0.97 in chips) 
Seat 9: romawka70 ($3.05 in chips) 
AlexVV40: posts small blind $0.01
romawka70: posts big blind $0.02
*** HOLE CARDS ***
Dealt to Dorex2007 [Qc 3d]
tim8526: folds 
PS-Keldale: raises $0.03 to $0.05
PEGGYDAY59: folds 
LeandroAku: folds 
Dorex2007: folds 
delfinoroyal: calls $0.05
AlexVV40: folds 
romawka70: folds 
*** FLOP *** [2h 6h 6c]
PS-Keldale: bets $0.07
delfinoroyal: calls $0.07
*** TURN *** [2h 6h 6c] [2d]
PS-Keldale: bets $0.09
delfinoroyal: calls $0.09
*** RIVER *** [2h 6h 6c 2d] [8s]
PS-Keldale: bets $0.11
delfinoroyal: raises $0.11 to $0.22
PS-Keldale: calls $0.11
*** SHOW DOWN ***
delfinoroyal: shows [Qd Ad] (two pair, Sixes and Deuces)
PS-Keldale: shows [8c Js] (two pair, Eights and Sixes)
PS-Keldale collected $0.86 from pot
*** SUMMARY ***
Total pot $0.89 | Rake $0.03 
Board [2h 6h 6c 2d 8s]
Seat 1: tim8526 folded before Flop (didn't bet)
Seat 2: PS-Keldale showed [8c Js] and won ($0.86) with two pair, Eights and Sixes
Seat 4: PEGGYDAY59 folded before Flop (didn't bet)
Seat 5: LeandroAku folded before Flop (didn't bet)
Seat 6: Dorex2007 folded before Flop (didn't bet)
Seat 7: delfinoroyal (button) showed [Qd Ad] and lost with two pair, Sixes and Deuces
Seat 8: AlexVV40 (small blind) folded before Flop
Seat 9: romawka70 (big blind) folded before Flop



PokerStars Hand #225153118952:  Hold'em No Limit ($0.01/$0.02 USD) - 2021/03/24 16:20:04 PT [2021/03/24 19:20:04 ET]
Table 'Thyestes IV' 9-max Seat #8 is the button
Seat 1: tim8526 ($2.25 in chips) 
Seat 2: PS-Keldale ($2.46 in chips) 
Seat 4: PEGGYDAY59 ($1.59 in chips) 
Seat 5: LeandroAku ($0.80 in chips) 
Seat 6: Dorex2007 ($2.34 in chips) 
Seat 7: delfinoroyal ($1.24 in chips) 
Seat 8: AlexVV40 ($0.96 in chips) 
Seat 9: romawka70 ($3.03 in chips) 
romawka70: posts small blind $0.01
tim8526: posts big blind $0.02
*** HOLE CARDS ***
Dealt to Dorex2007 [Ad 3s]
PS-Keldale: folds 
PEGGYDAY59: calls $0.02
LeandroAku: folds 
Dorex2007: folds 
delfinoroyal: calls $0.02
AlexVV40: folds 
romawka70: folds 
tim8526: checks 
*** FLOP *** [Ah 2s 5c]
funkey fruit leaves the table
tim8526: checks 
PEGGYDAY59: bets $0.07
delfinoroyal: calls $0.07
tim8526: folds 
*** TURN *** [Ah 2s 5c] [Jd]
PEGGYDAY59: checks 
delfinoroyal: bets $0.10
PEGGYDAY59: calls $0.10
*** RIVER *** [Ah 2s 5c Jd] [Td]
PEGGYDAY59: checks 
delfinoroyal: checks 
*** SHOW DOWN ***
PEGGYDAY59: shows [Ac Qs] (a pair of Aces)
delfinoroyal: mucks hand 
PEGGYDAY59 collected $0.40 from pot
*** SUMMARY ***
Total pot $0.41 | Rake $0.01 
Board [Ah 2s 5c Jd Td]
Seat 1: tim8526 (big blind) folded on the Flop
Seat 2: PS-Keldale folded before Flop (didn't bet)
Seat 4: PEGGYDAY59 showed [Ac Qs] and won ($0.40) with a pair of Aces
Seat 5: LeandroAku folded before Flop (didn't bet)
Seat 6: Dorex2007 folded before Flop (didn't bet)
Seat 7: delfinoroyal mucked [Kd Kc]
Seat 8: AlexVV40 (button) folded before Flop (didn't bet)
Seat 9: romawka70 (small blind) folded before Flop



PokerStars Hand #225153157738:  Hold'em No Limit ($0.01/$0.02 USD) - 2021/03/24 16:21:28 PT [2021/03/24 19:21:28 ET]
Table 'Thyestes IV' 9-max Seat #9 is the button
Seat 1: tim8526 ($2.23 in chips) 
Seat 2: PS-Keldale ($2.46 in chips) 
Seat 4: PEGGYDAY59 ($1.80 in chips) 
Seat 5: LeandroAku ($0.80 in chips) 
Seat 6: Dorex2007 ($2.34 in chips) 
Seat 7: delfinoroyal ($1.05 in chips) 
Seat 8: AlexVV40 ($0.96 in chips) 
Seat 9: romawka70 ($3.02 in chips) 
tim8526: posts small blind $0.01
PS-Keldale: posts big blind $0.02
*** HOLE CARDS ***
Dealt to Dorex2007 [7c Th]
PEGGYDAY59: folds 
LeandroAku: folds 
Dorex2007: folds 
delfinoroyal: folds 
delfinoroyal leaves the table
AlexVV40: folds 
romawka70: calls $0.02
tim8526: folds 
PS-Keldale: checks 
*** FLOP *** [4h 5h 4d]
PS-Keldale: bets $0.05
LeandroAku leaves the table
romawka70: folds 
Uncalled bet ($0.05) returned to PS-Keldale
PS-Keldale collected $0.05 from pot
PS-Keldale: doesn't show hand 
*** SUMMARY ***
Total pot $0.05 | Rake $0 
Board [4h 5h 4d]
Seat 1: tim8526 (small blind) folded before Flop
Seat 2: PS-Keldale (big blind) collected ($0.05)
Seat 4: PEGGYDAY59 folded before Flop (didn't bet)
Seat 5: LeandroAku folded before Flop (didn't bet)
Seat 6: Dorex2007 folded before Flop (didn't bet)
Seat 7: delfinoroyal folded before Flop (didn't bet)
Seat 8: AlexVV40 folded before Flop (didn't bet)
Seat 9: romawka70 (button) folded on the Flop



PokerStars Hand #225153171540:  Hold'em No Limit ($0.01/$0.02 USD) - 2021/03/24 16:21:58 PT [2021/03/24 19:21:58 ET]
Table 'Thyestes IV' 9-max Seat #1 is the button
Seat 1: tim8526 ($2.22 in chips) 
Seat 2: PS-Keldale ($2.49 in chips) 
Seat 4: PEGGYDAY59 ($1.80 in chips) 
Seat 6: Dorex2007 ($2.34 in chips) 
Seat 8: AlexVV40 ($0.96 in chips) 
Seat 9: romawka70 ($3 in chips) 
PS-Keldale: posts small blind $0.01
PEGGYDAY59: posts big blind $0.02
*** HOLE CARDS ***
Dealt to Dorex2007 [9s Ah]
Dorex2007: folds 
AlexVV40: folds 
romawka70: folds 
tim8526: folds 
PS-Keldale: raises $0.03 to $0.05
PEGGYDAY59: folds 
Uncalled bet ($0.03) returned to PS-Keldale
PS-Keldale collected $0.04 from pot
PS-Keldale: doesn't show hand 
*** SUMMARY ***
Total pot $0.04 | Rake $0 
Seat 1: tim8526 (button) folded before Flop (didn't bet)
Seat 2: PS-Keldale (small blind) collected ($0.04)
Seat 4: PEGGYDAY59 (big blind) folded before Flop
Seat 6: Dorex2007 folded before Flop (didn't bet)
Seat 8: AlexVV40 folded before Flop (didn't bet)
Seat 9: romawka70 folded before Flop (didn't bet)



PokerStars Hand #225153181224:  Hold'em No Limit ($0.01/$0.02 USD) - 2021/03/24 16:22:19 PT [2021/03/24 19:22:19 ET]
Table 'Thyestes IV' 9-max Seat #2 is the button
Seat 1: tim8526 ($2.22 in chips) 
Seat 2: PS-Keldale ($2.51 in chips) 
Seat 4: PEGGYDAY59 ($1.78 in chips) 
Seat 6: Dorex2007 ($2.34 in chips) 
Seat 8: AlexVV40 ($0.96 in chips) 
Seat 9: romawka70 ($3 in chips) 
PEGGYDAY59: posts small blind $0.01
Dorex2007: posts big blind $0.02
*** HOLE CARDS ***
Dealt to Dorex2007 [Qd 6s]
AlexVV40: folds 
romawka70: calls $0.02
tim8526: folds 
PS-Keldale: calls $0.02
PEGGYDAY59: calls $0.01
Dorex2007: checks 
*** FLOP *** [5c 8s Js]
PEGGYDAY59: checks 
Dorex2007: checks 
romawka70: checks 
PS-Keldale: bets $0.07
PEGGYDAY59: folds 
Dorex2007: folds 
romawka70: folds 
Uncalled bet ($0.07) returned to PS-Keldale
PS-Keldale collected $0.08 from pot
PS-Keldale: doesn't show hand 
*** SUMMARY ***
Total pot $0.08 | Rake $0 
Board [5c 8s Js]
Seat 1: tim8526 folded before Flop (didn't bet)
Seat 2: PS-Keldale (button) collected ($0.08)
Seat 4: PEGGYDAY59 (small blind) folded on the Flop
Seat 6: Dorex2007 (big blind) folded on the Flop
Seat 8: AlexVV40 folded before Flop (didn't bet)
Seat 9: romawka70 folded on the Flop



PokerStars Hand #225153204431:  Hold'em No Limit ($0.01/$0.02 USD) - 2021/03/24 16:23:00 PT [2021/03/24 19:23:00 ET]
Table 'Thyestes IV' 9-max Seat #4 is the button
Seat 1: tim8526 ($2.22 in chips) 
Seat 2: PS-Keldale ($2.57 in chips) 
Seat 4: PEGGYDAY59 ($1.76 in chips) 
Seat 6: Dorex2007 ($2.32 in chips) 
Seat 8: AlexVV40 ($0.96 in chips) 
Seat 9: romawka70 ($2.98 in chips) 
Dorex2007: posts small blind $0.01
AlexVV40: posts big blind $0.02
*** HOLE CARDS ***
Dealt to Dorex2007 [Jd 3s]
romawka70: folds 
tim8526: folds 
PS-Keldale: folds 
PEGGYDAY59: calls $0.02
Dorex2007: folds 
AlexVV40: checks 
*** FLOP *** [Td 6c 4d]
AlexVV40: checks 
PEGGYDAY59: bets $0.05
AlexVV40: calls $0.05
*** TURN *** [Td 6c 4d] [8c]
AlexVV40: bets $0.07
PEGGYDAY59: folds 
Uncalled bet ($0.07) returned to AlexVV40
AlexVV40 collected $0.14 from pot
AlexVV40: doesn't show hand 
*** SUMMARY ***
Total pot $0.15 | Rake $0.01 
Board [Td 6c 4d 8c]
Seat 1: tim8526 folded before Flop (didn't bet)
Seat 2: PS-Keldale folded before Flop (didn't bet)
Seat 4: PEGGYDAY59 (button) folded on the Turn
Seat 6: Dorex2007 (small blind) folded before Flop
Seat 8: AlexVV40 (big blind) collected ($0.14)
Seat 9: romawka70 folded before Flop (didn't bet)



PokerStars Hand #225153225627:  Hold'em No Limit ($0.01/$0.02 USD) - 2021/03/24 16:23:46 PT [2021/03/24 19:23:46 ET]
Table 'Thyestes IV' 9-max Seat #6 is the button
Seat 2: PS-Keldale ($2.57 in chips) 
Seat 4: PEGGYDAY59 ($1.69 in chips) 
Seat 6: Dorex2007 ($2.31 in chips) 
Seat 8: AlexVV40 ($1.03 in chips) 
Seat 9: romawka70 ($2.98 in chips) 
AlexVV40: posts small blind $0.01
romawka70: posts big blind $0.02
*** HOLE CARDS ***
Dealt to Dorex2007 [2h 4h]
PS-Keldale: folds 
PEGGYDAY59: folds 
Dorex2007: folds 
AlexVV40: calls $0.01
romawka70: checks 
*** FLOP *** [3c 4c 9h]
AlexVV40: checks 
romawka70: checks 
*** TURN *** [3c 4c 9h] [5h]
AlexVV40: checks 
romawka70: checks 
*** RIVER *** [3c 4c 9h 5h] [Td]
AlexVV40: checks 
romawka70: checks 
*** SHOW DOWN ***
AlexVV40: shows [8c Qc] (high card Queen)
romawka70: shows [3s Qs] (a pair of Threes)
romawka70 collected $0.04 from pot
*** SUMMARY ***
Total pot $0.04 | Rake $0 
Board [3c 4c 9h 5h Td]
Seat 2: PS-Keldale folded before Flop (didn't bet)
Seat 4: PEGGYDAY59 folded before Flop (didn't bet)
Seat 6: Dorex2007 (button) folded before Flop (didn't bet)
Seat 8: AlexVV40 (small blind) showed [8c Qc] and lost with high card Queen
Seat 9: romawka70 (big blind) showed [3s Qs] and won ($0.04) with a pair of Threes



PokerStars Hand #225153242650:  Hold'em No Limit ($0.01/$0.02 USD) - 2021/03/24 16:24:24 PT [2021/03/24 19:24:24 ET]
Table 'Thyestes IV' 9-max Seat #8 is the button
Seat 2: PS-Keldale ($2.57 in chips) 
Seat 4: PEGGYDAY59 ($1.69 in chips) 
Seat 6: Dorex2007 ($2.31 in chips) 
Seat 8: AlexVV40 ($1.01 in chips) 
Seat 9: romawka70 ($3 in chips) 
romawka70: posts small blind $0.01
PS-Keldale: posts big blind $0.02
*** HOLE CARDS ***
Dealt to Dorex2007 [6c 9c]
DingaBR joins the table at seat #5 
PEGGYDAY59: folds 
Dorex2007: folds 
AlexVV40: folds 
romawka70: folds 
Uncalled bet ($0.01) returned to PS-Keldale
PS-Keldale collected $0.02 from pot
PS-Keldale: doesn't show hand 
*** SUMMARY ***
Total pot $0.02 | Rake $0 
Seat 2: PS-Keldale (big blind) collected ($0.02)
Seat 4: PEGGYDAY59 folded before Flop (didn't bet)
Seat 6: Dorex2007 folded before Flop (didn't bet)
Seat 8: AlexVV40 (button) folded before Flop (didn't bet)
Seat 9: romawka70 (small blind) folded before Flop



PokerStars Hand #225153246902:  Hold'em No Limit ($0.01/$0.02 USD) - 2021/03/24 16:24:33 PT [2021/03/24 19:24:33 ET]
Table 'Thyestes IV' 9-max Seat #9 is the button
Seat 2: PS-Keldale ($2.58 in chips) 
Seat 4: PEGGYDAY59 ($1.69 in chips) 
Seat 6: Dorex2007 ($2.31 in chips) 
Seat 8: AlexVV40 ($1.01 in chips) 
Seat 9: romawka70 ($2.99 in chips) 
PS-Keldale: posts small blind $0.01
PEGGYDAY59: posts big blind $0.02
DingaBR: sits out 
*** HOLE CARDS ***
Dealt to Dorex2007 [Jd Ac]
Dorex2007: raises $0.04 to $0.06
AlexVV40: folds 
romawka70: folds 
PS-Keldale: calls $0.05
PEGGYDAY59: folds 
*** FLOP *** [4h 7c 4s]
PEGGYDAY59 leaves the table
PS-Keldale: bets $0.05
Dorex2007: raises $0.13 to $0.18
PS-Keldale: folds 
Uncalled bet ($0.13) returned to Dorex2007
Dorex2007 collected $0.23 from pot
Dorex2007: doesn't show hand 
*** SUMMARY ***
Total pot $0.24 | Rake $0.01 
Board [4h 7c 4s]
Seat 2: PS-Keldale (small blind) folded on the Flop
Seat 4: PEGGYDAY59 (big blind) folded before Flop
Seat 6: Dorex2007 collected ($0.23)
Seat 8: AlexVV40 folded before Flop (didn't bet)
Seat 9: romawka70 (button) folded before Flop (didn't bet)



PokerStars Hand #225153261468:  Hold'em No Limit ($0.01/$0.02 USD) - 2021/03/24 16:25:05 PT [2021/03/24 19:25:05 ET]
Table 'Thyestes IV' 9-max Seat #2 is the button
Seat 2: PS-Keldale ($2.47 in chips) 
Seat 6: Dorex2007 ($2.43 in chips) 
Seat 8: AlexVV40 ($1.01 in chips) 
Seat 9: romawka70 ($2.99 in chips) 
Dorex2007: posts small blind $0.01
AlexVV40: posts big blind $0.02
*** HOLE CARDS ***
Dealt to Dorex2007 [9d As]
romawka70: folds 
PS-Keldale: folds 
Dorex2007: calls $0.01
AlexVV40: checks 
*** FLOP *** [7d Qd 4c]
Dorex2007: checks 
AlexVV40: bets $0.04
Dorex2007: folds 
Uncalled bet ($0.04) returned to AlexVV40
AlexVV40 collected $0.04 from pot
AlexVV40: doesn't show hand 
LarryQc84 joins the table at seat #7 
*** SUMMARY ***
Total pot $0.04 | Rake $0 
Board [7d Qd 4c]
Seat 2: PS-Keldale (button) folded before Flop (didn't bet)
Seat 6: Dorex2007 (small blind) folded on the Flop
Seat 8: AlexVV40 (big blind) collected ($0.04)
Seat 9: romawka70 folded before Flop (didn't bet)



