PokerStars Hand #223831499877:  Hold'em No Limit ($0.01/$0.02 USD) - 2021/02/14 20:59:17 PT [2021/02/14 23:59:17 ET]
Table 'Demeter V' 9-max Seat #1 is the button
Seat 1: inglenook194 ($0.89 in chips) 
Seat 2: DanRussel ($1.74 in chips) 
Seat 3: sofaking1973 ($2.09 in chips) 
Seat 4: zaxcichou ($2.02 in chips) 
Seat 5: Dorex2007 ($1.75 in chips) 
Seat 6: MarkAvrelij ($2.48 in chips) 
Seat 7: infiniti888 ($1.87 in chips) 
Seat 8: deridaniel93 ($1.61 in chips) 
Seat 9: zapper58 ($0.79 in chips) 
DanRussel: posts small blind $0.01
sofaking1973: posts big blind $0.02
Dorex2007: posts big blind $0.02
*** HOLE CARDS ***
Dealt to Dorex2007 [5h 4h]
zaxcichou: folds 
Dorex2007: checks 
MarkAvrelij: folds 
infiniti888: folds 
deridaniel93: folds 
zapper58: folds 
inglenook194: folds 
DanRussel: folds 
sofaking1973: checks 
*** FLOP *** [Td Qd 4d]
sofaking1973: checks 
Dorex2007: checks 
*** TURN *** [Td Qd 4d] [As]
sofaking1973: checks 
Dorex2007: checks 
*** RIVER *** [Td Qd 4d As] [Ad]
sofaking1973: bets $0.06
Dorex2007: folds 
Uncalled bet ($0.06) returned to sofaking1973
sofaking1973 collected $0.05 from pot
sofaking1973: doesn't show hand 
*** SUMMARY ***
Total pot $0.05 | Rake $0 
Board [Td Qd 4d As Ad]
Seat 1: inglenook194 (button) folded before Flop (didn't bet)
Seat 2: DanRussel (small blind) folded before Flop
Seat 3: sofaking1973 (big blind) collected ($0.05)
Seat 4: zaxcichou folded before Flop (didn't bet)
Seat 5: Dorex2007 folded on the River (didn't bet)
Seat 6: MarkAvrelij folded before Flop (didn't bet)
Seat 7: infiniti888 folded before Flop (didn't bet)
Seat 8: deridaniel93 folded before Flop (didn't bet)
Seat 9: zapper58 folded before Flop (didn't bet)



