PokerStars Hand #223746548043:  Hold'em No Limit ($0.01/$0.02 USD) - 2021/02/12 18:53:37 PT [2021/02/12 21:53:37 ET]
Table 'Spitzer IV' 9-max Seat #9 is the button
Seat 1: ElGreco57 ($1.27 in chips) 
Seat 2: The Uktena ($1.93 in chips) 
Seat 3: SkilfulAlex ($0.77 in chips) 
Seat 5: herzeq ($2.33 in chips) 
Seat 6: #8#EH ($2.73 in chips) 
Seat 7: rezcaller338 ($1.05 in chips) 
Seat 8: Dorex2007 ($1.50 in chips) 
Seat 9: oli_KT_79 ($2.62 in chips) 
ElGreco57: posts small blind $0.01
The Uktena: posts big blind $0.02
sergei123158: sits out 
Dorex2007: posts big blind $0.02
*** HOLE CARDS ***
Dealt to Dorex2007 [5c Td]
SkilfulAlex: folds 
herzeq: folds 
#8#EH: raises $0.07 to $0.09
rezcaller338: folds 
Dorex2007: folds 
oli_KT_79: calls $0.09
ElGreco57: folds 
The Uktena: calls $0.07
*** FLOP *** [2h Tc 2c]
The Uktena: checks 
#8#EH: checks 
oli_KT_79: bets $0.18
The Uktena: folds 
#8#EH: folds 
Uncalled bet ($0.18) returned to oli_KT_79
oli_KT_79 collected $0.29 from pot
oli_KT_79: doesn't show hand 
*** SUMMARY ***
Total pot $0.30 | Rake $0.01 
Board [2h Tc 2c]
Seat 1: ElGreco57 (small blind) folded before Flop
Seat 2: The Uktena (big blind) folded on the Flop
Seat 3: SkilfulAlex folded before Flop (didn't bet)
Seat 5: herzeq folded before Flop (didn't bet)
Seat 6: #8#EH folded on the Flop
Seat 7: rezcaller338 folded before Flop (didn't bet)
Seat 8: Dorex2007 folded before Flop (didn't bet)
Seat 9: oli_KT_79 (button) collected ($0.29)



PokerStars Hand #223746564066:  Hold'em No Limit ($0.01/$0.02 USD) - 2021/02/12 18:54:18 PT [2021/02/12 21:54:18 ET]
Table 'Spitzer IV' 9-max Seat #1 is the button
Seat 1: ElGreco57 ($1.26 in chips) 
Seat 2: The Uktena ($1.84 in chips) 
Seat 3: SkilfulAlex ($0.77 in chips) 
Seat 5: herzeq ($2.33 in chips) 
Seat 6: #8#EH ($2.64 in chips) 
Seat 7: rezcaller338 ($1.05 in chips) 
Seat 8: Dorex2007 ($1.48 in chips) 
Seat 9: oli_KT_79 ($2.82 in chips) 
The Uktena: posts small blind $0.01
SkilfulAlex: posts big blind $0.02
sergei123158: sits out 
*** HOLE CARDS ***
Dealt to Dorex2007 [4d 7d]
herzeq: folds 
#8#EH: folds 
rezcaller338: folds 
Dorex2007: folds 
oli_KT_79: raises $0.04 to $0.06
ElGreco57: calls $0.06
The Uktena: calls $0.05
SkilfulAlex: folds 
*** FLOP *** [7c Kc Kh]
The Uktena: checks 
oli_KT_79: checks 
ElGreco57: bets $0.10
The Uktena: folds 
oli_KT_79: folds 
Uncalled bet ($0.10) returned to ElGreco57
ElGreco57 collected $0.19 from pot
ElGreco57: doesn't show hand 
*** SUMMARY ***
Total pot $0.20 | Rake $0.01 
Board [7c Kc Kh]
Seat 1: ElGreco57 (button) collected ($0.19)
Seat 2: The Uktena (small blind) folded on the Flop
Seat 3: SkilfulAlex (big blind) folded before Flop
Seat 5: herzeq folded before Flop (didn't bet)
Seat 6: #8#EH folded before Flop (didn't bet)
Seat 7: rezcaller338 folded before Flop (didn't bet)
Seat 8: Dorex2007 folded before Flop (didn't bet)
Seat 9: oli_KT_79 folded on the Flop



PokerStars Hand #223746577613:  Hold'em No Limit ($0.01/$0.02 USD) - 2021/02/12 18:54:53 PT [2021/02/12 21:54:53 ET]
Table 'Spitzer IV' 9-max Seat #2 is the button
Seat 1: ElGreco57 ($1.39 in chips) 
Seat 2: The Uktena ($1.78 in chips) 
Seat 3: SkilfulAlex ($0.75 in chips) 
Seat 4: sergei123158 ($2 in chips) 
Seat 5: herzeq ($2.33 in chips) 
Seat 6: #8#EH ($2.64 in chips) 
Seat 7: rezcaller338 ($1.05 in chips) 
Seat 8: Dorex2007 ($1.48 in chips) 
Seat 9: oli_KT_79 ($2.76 in chips) 
SkilfulAlex: posts small blind $0.01
sergei123158: posts big blind $0.02
*** HOLE CARDS ***
Dealt to Dorex2007 [4c 7c]
herzeq: folds 
#8#EH: calls $0.02
rezcaller338: folds 
Dorex2007: folds 
oli_KT_79: folds 
ElGreco57: folds 
The Uktena: folds 
SkilfulAlex: folds 
sergei123158: checks 
*** FLOP *** [Kh Tc Jd]
sergei123158: checks 
#8#EH: bets $0.05
sergei123158: folds 
Uncalled bet ($0.05) returned to #8#EH
#8#EH collected $0.05 from pot
*** SUMMARY ***
Total pot $0.05 | Rake $0 
Board [Kh Tc Jd]
Seat 1: ElGreco57 folded before Flop (didn't bet)
Seat 2: The Uktena (button) folded before Flop (didn't bet)
Seat 3: SkilfulAlex (small blind) folded before Flop
Seat 4: sergei123158 (big blind) folded on the Flop
Seat 5: herzeq folded before Flop (didn't bet)
Seat 6: #8#EH collected ($0.05)
Seat 7: rezcaller338 folded before Flop (didn't bet)
Seat 8: Dorex2007 folded before Flop (didn't bet)
Seat 9: oli_KT_79 folded before Flop (didn't bet)



PokerStars Hand #223746587434:  Hold'em No Limit ($0.01/$0.02 USD) - 2021/02/12 18:55:19 PT [2021/02/12 21:55:19 ET]
Table 'Spitzer IV' 9-max Seat #3 is the button
Seat 1: ElGreco57 ($1.39 in chips) 
Seat 2: The Uktena ($1.78 in chips) 
Seat 3: SkilfulAlex ($0.74 in chips) 
Seat 4: sergei123158 ($2 in chips) 
Seat 5: herzeq ($2.33 in chips) 
Seat 6: #8#EH ($2.67 in chips) 
Seat 7: rezcaller338 ($1.05 in chips) 
Seat 8: Dorex2007 ($1.48 in chips) 
Seat 9: oli_KT_79 ($2.76 in chips) 
sergei123158: posts small blind $0.01
herzeq: posts big blind $0.02
*** HOLE CARDS ***
Dealt to Dorex2007 [Th Jd]
#8#EH: folds 
rezcaller338: raises $0.02 to $0.04
Dorex2007: folds 
oli_KT_79: folds 
ElGreco57: folds 
The Uktena: folds 
SkilfulAlex: folds 
sergei123158: folds 
herzeq: folds 
Uncalled bet ($0.02) returned to rezcaller338
rezcaller338 collected $0.05 from pot
rezcaller338: doesn't show hand 
*** SUMMARY ***
Total pot $0.05 | Rake $0 
Seat 1: ElGreco57 folded before Flop (didn't bet)
Seat 2: The Uktena folded before Flop (didn't bet)
Seat 3: SkilfulAlex (button) folded before Flop (didn't bet)
Seat 4: sergei123158 (small blind) folded before Flop
Seat 5: herzeq (big blind) folded before Flop
Seat 6: #8#EH folded before Flop (didn't bet)
Seat 7: rezcaller338 collected ($0.05)
Seat 8: Dorex2007 folded before Flop (didn't bet)
Seat 9: oli_KT_79 folded before Flop (didn't bet)



PokerStars Hand #223746594196:  Hold'em No Limit ($0.01/$0.02 USD) - 2021/02/12 18:55:43 PT [2021/02/12 21:55:43 ET]
Table 'Spitzer IV' 9-max Seat #4 is the button
Seat 1: ElGreco57 ($1.39 in chips) 
Seat 2: The Uktena ($1.78 in chips) 
Seat 3: SkilfulAlex ($0.74 in chips) 
Seat 4: sergei123158 ($2 in chips) 
Seat 5: herzeq ($2.31 in chips) 
Seat 6: #8#EH ($2.67 in chips) 
Seat 7: rezcaller338 ($1.08 in chips) 
Seat 8: Dorex2007 ($1.48 in chips) 
Seat 9: oli_KT_79 ($2.76 in chips) 
herzeq: posts small blind $0.01
#8#EH: posts big blind $0.02
*** HOLE CARDS ***
Dealt to Dorex2007 [Td As]
rezcaller338: folds 
Dorex2007: raises $0.02 to $0.04
oli_KT_79: folds 
ElGreco57: calls $0.04
The Uktena: calls $0.04
SkilfulAlex: folds 
sergei123158: folds 
herzeq: folds 
#8#EH: calls $0.02
*** FLOP *** [Qs 2c 7c]
#8#EH: checks 
Dorex2007: checks 
ElGreco57: checks 
The Uktena: bets $0.06
#8#EH: folds 
Dorex2007: folds 
ElGreco57: calls $0.06
*** TURN *** [Qs 2c 7c] [Ad]
ElGreco57: checks 
The Uktena: bets $0.14
ElGreco57: calls $0.14
*** RIVER *** [Qs 2c 7c Ad] [Tc]
ElGreco57: checks 
The Uktena: checks 
*** SHOW DOWN ***
ElGreco57: shows [Ah 5s] (a pair of Aces)
The Uktena: shows [Qh Ac] (two pair, Aces and Queens)
The Uktena collected $0.55 from pot
*** SUMMARY ***
Total pot $0.57 | Rake $0.02 
Board [Qs 2c 7c Ad Tc]
Seat 1: ElGreco57 showed [Ah 5s] and lost with a pair of Aces
Seat 2: The Uktena showed [Qh Ac] and won ($0.55) with two pair, Aces and Queens
Seat 3: SkilfulAlex folded before Flop (didn't bet)
Seat 4: sergei123158 (button) folded before Flop (didn't bet)
Seat 5: herzeq (small blind) folded before Flop
Seat 6: #8#EH (big blind) folded on the Flop
Seat 7: rezcaller338 folded before Flop (didn't bet)
Seat 8: Dorex2007 folded on the Flop
Seat 9: oli_KT_79 folded before Flop (didn't bet)



PokerStars Hand #223746612083:  Hold'em No Limit ($0.01/$0.02 USD) - 2021/02/12 18:56:38 PT [2021/02/12 21:56:38 ET]
Table 'Spitzer IV' 9-max Seat #5 is the button
Seat 1: ElGreco57 ($1.15 in chips) 
Seat 2: The Uktena ($2.09 in chips) 
Seat 3: SkilfulAlex ($0.74 in chips) 
Seat 4: sergei123158 ($2 in chips) 
Seat 5: herzeq ($2.30 in chips) 
Seat 6: #8#EH ($2.63 in chips) 
Seat 7: rezcaller338 ($1.08 in chips) 
Seat 8: Dorex2007 ($1.44 in chips) 
Seat 9: oli_KT_79 ($2.76 in chips) 
#8#EH: posts small blind $0.01
rezcaller338: posts big blind $0.02
*** HOLE CARDS ***
Dealt to Dorex2007 [2d 7s]
Dorex2007: folds 
oli_KT_79: folds 
ElGreco57: raises $0.04 to $0.06
The Uktena: folds 
SkilfulAlex: folds 
sergei123158: folds 
herzeq: folds 
#8#EH: calls $0.05
rezcaller338: calls $0.04
*** FLOP *** [6h 9s 3h]
#8#EH: checks 
rezcaller338: bets $0.06
ElGreco57: calls $0.06
#8#EH: calls $0.06
*** TURN *** [6h 9s 3h] [Qs]
#8#EH: checks 
rezcaller338: bets $0.08
ElGreco57: folds 
#8#EH: calls $0.08
*** RIVER *** [6h 9s 3h Qs] [4d]
#8#EH: bets $0.50
rezcaller338: folds 
Uncalled bet ($0.50) returned to #8#EH
#8#EH collected $0.50 from pot
*** SUMMARY ***
Total pot $0.52 | Rake $0.02 
Board [6h 9s 3h Qs 4d]
Seat 1: ElGreco57 folded on the Turn
Seat 2: The Uktena folded before Flop (didn't bet)
Seat 3: SkilfulAlex folded before Flop (didn't bet)
Seat 4: sergei123158 folded before Flop (didn't bet)
Seat 5: herzeq (button) folded before Flop (didn't bet)
Seat 6: #8#EH (small blind) collected ($0.50)
Seat 7: rezcaller338 (big blind) folded on the River
Seat 8: Dorex2007 folded before Flop (didn't bet)
Seat 9: oli_KT_79 folded before Flop (didn't bet)



PokerStars Hand #223746626130:  Hold'em No Limit ($0.01/$0.02 USD) - 2021/02/12 18:57:27 PT [2021/02/12 21:57:27 ET]
Table 'Spitzer IV' 9-max Seat #6 is the button
Seat 1: ElGreco57 ($1.03 in chips) 
Seat 2: The Uktena ($2.09 in chips) 
Seat 3: SkilfulAlex ($0.74 in chips) 
Seat 4: sergei123158 ($2 in chips) 
Seat 5: herzeq ($2.30 in chips) 
Seat 6: #8#EH ($2.93 in chips) 
Seat 7: rezcaller338 ($0.88 in chips) 
Seat 8: Dorex2007 ($1.44 in chips) 
Seat 9: oli_KT_79 ($2.76 in chips) 
rezcaller338: posts small blind $0.01
Dorex2007: posts big blind $0.02
*** HOLE CARDS ***
Dealt to Dorex2007 [Ks Qc]
oli_KT_79: folds 
ElGreco57: raises $0.04 to $0.06
The Uktena: folds 
SkilfulAlex: folds 
sergei123158: calls $0.06
herzeq: folds 
#8#EH: calls $0.06
rezcaller338: calls $0.05
Dorex2007: calls $0.04
*** FLOP *** [Ts 2s Qs]
rezcaller338: bets $0.06
Dorex2007: raises $0.06 to $0.12
ElGreco57: folds 
sergei123158: folds 
#8#EH: folds 
rezcaller338: calls $0.06
*** TURN *** [Ts 2s Qs] [6h]
rezcaller338: checks 
Dorex2007: bets $0.52
rezcaller338: folds 
Uncalled bet ($0.52) returned to Dorex2007
Dorex2007 collected $0.52 from pot
Dorex2007: doesn't show hand 
*** SUMMARY ***
Total pot $0.54 | Rake $0.02 
Board [Ts 2s Qs 6h]
Seat 1: ElGreco57 folded on the Flop
Seat 2: The Uktena folded before Flop (didn't bet)
Seat 3: SkilfulAlex folded before Flop (didn't bet)
Seat 4: sergei123158 folded on the Flop
Seat 5: herzeq folded before Flop (didn't bet)
Seat 6: #8#EH (button) folded on the Flop
Seat 7: rezcaller338 (small blind) folded on the Turn
Seat 8: Dorex2007 (big blind) collected ($0.52)
Seat 9: oli_KT_79 folded before Flop (didn't bet)



PokerStars Hand #223746647061:  Hold'em No Limit ($0.01/$0.02 USD) - 2021/02/12 18:58:40 PT [2021/02/12 21:58:40 ET]
Table 'Spitzer IV' 9-max Seat #7 is the button
Seat 1: ElGreco57 ($0.97 in chips) 
Seat 2: The Uktena ($2.09 in chips) 
Seat 3: SkilfulAlex ($0.74 in chips) 
Seat 4: sergei123158 ($2 in chips) 
Seat 5: herzeq ($2.30 in chips) 
Seat 6: #8#EH ($2.87 in chips) 
Seat 7: rezcaller338 ($0.70 in chips) 
Seat 8: Dorex2007 ($1.78 in chips) 
Seat 9: oli_KT_79 ($2.76 in chips) 
Dorex2007: posts small blind $0.01
oli_KT_79: posts big blind $0.02
*** HOLE CARDS ***
Dealt to Dorex2007 [Ad Js]
ElGreco57: calls $0.02
The Uktena: folds 
SkilfulAlex: folds 
sergei123158: folds 
herzeq: folds 
#8#EH: raises $0.07 to $0.09
rezcaller338: folds 
Dorex2007: folds 
oli_KT_79: folds 
ElGreco57: folds 
Uncalled bet ($0.07) returned to #8#EH
#8#EH collected $0.07 from pot
*** SUMMARY ***
Total pot $0.07 | Rake $0 
Seat 1: ElGreco57 folded before Flop
Seat 2: The Uktena folded before Flop (didn't bet)
Seat 3: SkilfulAlex folded before Flop (didn't bet)
Seat 4: sergei123158 folded before Flop (didn't bet)
Seat 5: herzeq folded before Flop (didn't bet)
Seat 6: #8#EH collected ($0.07)
Seat 7: rezcaller338 (button) folded before Flop (didn't bet)
Seat 8: Dorex2007 (small blind) folded before Flop
Seat 9: oli_KT_79 (big blind) folded before Flop



PokerStars Hand #223746654190:  Hold'em No Limit ($0.01/$0.02 USD) - 2021/02/12 18:59:05 PT [2021/02/12 21:59:05 ET]
Table 'Spitzer IV' 9-max Seat #8 is the button
Seat 1: ElGreco57 ($0.95 in chips) 
Seat 2: The Uktena ($2.09 in chips) 
Seat 3: SkilfulAlex ($0.74 in chips) 
Seat 4: sergei123158 ($2 in chips) 
Seat 5: herzeq ($2.30 in chips) 
Seat 6: #8#EH ($2.92 in chips) 
Seat 7: rezcaller338 ($0.70 in chips) 
Seat 8: Dorex2007 ($1.77 in chips) 
Seat 9: oli_KT_79 ($2.74 in chips) 
oli_KT_79: posts small blind $0.01
ElGreco57: posts big blind $0.02
*** HOLE CARDS ***
Dealt to Dorex2007 [Kh 5d]
The Uktena: folds 
SkilfulAlex: folds 
sergei123158: folds 
herzeq: folds 
#8#EH: folds 
rezcaller338: calls $0.02
Dorex2007: folds 
oli_KT_79: folds 
ElGreco57: raises $0.05 to $0.07
rezcaller338: calls $0.05
*** FLOP *** [5s 9c 6s]
ElGreco57: bets $0.07
rezcaller338: calls $0.07
*** TURN *** [5s 9c 6s] [3d]
ElGreco57: bets $0.14
rezcaller338: raises $0.28 to $0.42
ElGreco57: calls $0.28
*** RIVER *** [5s 9c 6s 3d] [2c]
ElGreco57: checks 
rezcaller338: checks 
*** SHOW DOWN ***
ElGreco57: shows [Ah Js] (high card Ace)
rezcaller338: mucks hand 
ElGreco57 collected $1.09 from pot
*** SUMMARY ***
Total pot $1.13 | Rake $0.04 
Board [5s 9c 6s 3d 2c]
Seat 1: ElGreco57 (big blind) showed [Ah Js] and won ($1.09) with high card Ace
Seat 2: The Uktena folded before Flop (didn't bet)
Seat 3: SkilfulAlex folded before Flop (didn't bet)
Seat 4: sergei123158 folded before Flop (didn't bet)
Seat 5: herzeq folded before Flop (didn't bet)
Seat 6: #8#EH folded before Flop (didn't bet)
Seat 7: rezcaller338 mucked [Td 8c]
Seat 8: Dorex2007 (button) folded before Flop (didn't bet)
Seat 9: oli_KT_79 (small blind) folded before Flop



PokerStars Hand #223746667377:  Hold'em No Limit ($0.01/$0.02 USD) - 2021/02/12 18:59:52 PT [2021/02/12 21:59:52 ET]
Table 'Spitzer IV' 9-max Seat #9 is the button
Seat 1: ElGreco57 ($1.48 in chips) 
Seat 2: The Uktena ($2.09 in chips) 
Seat 3: SkilfulAlex ($0.74 in chips) 
Seat 4: sergei123158 ($2 in chips) 
Seat 5: herzeq ($2.30 in chips) 
Seat 6: #8#EH ($2.92 in chips) 
Seat 7: rezcaller338 ($0.14 in chips) 
Seat 8: Dorex2007 ($1.77 in chips) 
Seat 9: oli_KT_79 ($2.73 in chips) 
ElGreco57: posts small blind $0.01
The Uktena: posts big blind $0.02
*** HOLE CARDS ***
Dealt to Dorex2007 [7h 7d]
ElGreco57 said, "i diot"
SkilfulAlex: folds 
sergei123158: folds 
herzeq: folds 
#8#EH: calls $0.02
rezcaller338: calls $0.02
Dorex2007: calls $0.02
oli_KT_79: folds 
ElGreco57: calls $0.01
The Uktena: checks 
*** FLOP *** [6s 4d 3c]
ElGreco57: checks 
The Uktena: checks 
#8#EH: bets $0.05
rezcaller338: raises $0.07 to $0.12 and is all-in
Dorex2007: folds 
ElGreco57: folds 
The Uktena: folds 
#8#EH: calls $0.07
*** TURN *** [6s 4d 3c] [Qc]
*** RIVER *** [6s 4d 3c Qc] [6c]
*** SHOW DOWN ***
#8#EH: shows [5h 7s] (a straight, Three to Seven)
rezcaller338: shows [6d 7c] (three of a kind, Sixes)
#8#EH collected $0.33 from pot
*** SUMMARY ***
Total pot $0.34 | Rake $0.01 
Board [6s 4d 3c Qc 6c]
Seat 1: ElGreco57 (small blind) folded on the Flop
Seat 2: The Uktena (big blind) folded on the Flop
Seat 3: SkilfulAlex folded before Flop (didn't bet)
Seat 4: sergei123158 folded before Flop (didn't bet)
Seat 5: herzeq folded before Flop (didn't bet)
Seat 6: #8#EH showed [5h 7s] and won ($0.33) with a straight, Three to Seven
Seat 7: rezcaller338 showed [6d 7c] and lost with three of a kind, Sixes
Seat 8: Dorex2007 folded on the Flop
Seat 9: oli_KT_79 (button) folded before Flop (didn't bet)



PokerStars Hand #223746686854:  Hold'em No Limit ($0.01/$0.02 USD) - 2021/02/12 19:00:53 PT [2021/02/12 22:00:53 ET]
Table 'Spitzer IV' 9-max Seat #1 is the button
Seat 1: ElGreco57 ($1.46 in chips) 
Seat 2: The Uktena ($2.07 in chips) 
Seat 3: SkilfulAlex ($0.74 in chips) 
Seat 4: sergei123158 ($2 in chips) 
Seat 5: herzeq ($2.30 in chips) 
Seat 6: #8#EH ($3.11 in chips) 
Seat 8: Dorex2007 ($1.75 in chips) 
Seat 9: oli_KT_79 ($2.73 in chips) 
The Uktena: posts small blind $0.01
SkilfulAlex: posts big blind $0.02
*** HOLE CARDS ***
Dealt to Dorex2007 [6c As]
sergei123158: folds 
herzeq: folds 
#8#EH: folds 
rezcaller338 leaves the table
Dorex2007: folds 
oli_KT_79: raises $0.04 to $0.06
ElGreco57: folds 
The Uktena: folds 
SkilfulAlex: folds 
Uncalled bet ($0.04) returned to oli_KT_79
oli_KT_79 collected $0.05 from pot
oli_KT_79: doesn't show hand 
*** SUMMARY ***
Total pot $0.05 | Rake $0 
Seat 1: ElGreco57 (button) folded before Flop (didn't bet)
Seat 2: The Uktena (small blind) folded before Flop
Seat 3: SkilfulAlex (big blind) folded before Flop
Seat 4: sergei123158 folded before Flop (didn't bet)
Seat 5: herzeq folded before Flop (didn't bet)
Seat 6: #8#EH folded before Flop (didn't bet)
Seat 8: Dorex2007 folded before Flop (didn't bet)
Seat 9: oli_KT_79 collected ($0.05)



PokerStars Hand #223746702898:  Hold'em No Limit ($0.01/$0.02 USD) - 2021/02/12 19:01:12 PT [2021/02/12 22:01:12 ET]
Table 'Spitzer IV' 9-max Seat #2 is the button
Seat 1: ElGreco57 ($1.46 in chips) 
Seat 2: The Uktena ($2.06 in chips) 
Seat 3: SkilfulAlex ($0.72 in chips) 
Seat 4: sergei123158 ($2 in chips) 
Seat 5: herzeq ($2.30 in chips) 
Seat 6: #8#EH ($3.11 in chips) 
Seat 8: Dorex2007 ($1.75 in chips) 
Seat 9: oli_KT_79 ($2.76 in chips) 
SkilfulAlex: posts small blind $0.01
sergei123158: posts big blind $0.02
*** HOLE CARDS ***
Dealt to Dorex2007 [7h Jd]
ElGreco57 said, "donkey gone"
herzeq: folds 
#8#EH: folds 
Dorex2007: folds 
BanneyB joins the table at seat #7 
oli_KT_79: raises $0.04 to $0.06
ElGreco57: folds 
The Uktena: folds 
SkilfulAlex: folds 
sergei123158: folds 
Uncalled bet ($0.04) returned to oli_KT_79
oli_KT_79 collected $0.05 from pot
oli_KT_79: doesn't show hand 
*** SUMMARY ***
Total pot $0.05 | Rake $0 
Seat 1: ElGreco57 folded before Flop (didn't bet)
Seat 2: The Uktena (button) folded before Flop (didn't bet)
Seat 3: SkilfulAlex (small blind) folded before Flop
Seat 4: sergei123158 (big blind) folded before Flop
Seat 5: herzeq folded before Flop (didn't bet)
Seat 6: #8#EH folded before Flop (didn't bet)
Seat 8: Dorex2007 folded before Flop (didn't bet)
Seat 9: oli_KT_79 collected ($0.05)



PokerStars Hand #223746711917:  Hold'em No Limit ($0.01/$0.02 USD) - 2021/02/12 19:01:36 PT [2021/02/12 22:01:36 ET]
Table 'Spitzer IV' 9-max Seat #3 is the button
Seat 1: ElGreco57 ($1.46 in chips) 
Seat 2: The Uktena ($2.06 in chips) 
Seat 3: SkilfulAlex ($0.71 in chips) 
Seat 4: sergei123158 ($2 in chips) 
Seat 5: herzeq ($2.30 in chips) 
Seat 6: #8#EH ($3.11 in chips) 
Seat 8: Dorex2007 ($1.75 in chips) 
Seat 9: oli_KT_79 ($2.79 in chips) 
sergei123158: posts small blind $0.01
herzeq: posts big blind $0.02
BanneyB: sits out 
*** HOLE CARDS ***
Dealt to Dorex2007 [Kh 5c]
#8#EH: folds 
Dorex2007: folds 
oli_KT_79: folds 
ElGreco57: folds 
The Uktena: raises $0.02 to $0.04
SkilfulAlex: folds 
sergei123158: folds 
herzeq: folds 
Uncalled bet ($0.02) returned to The Uktena
The Uktena collected $0.05 from pot
*** SUMMARY ***
Total pot $0.05 | Rake $0 
Seat 1: ElGreco57 folded before Flop (didn't bet)
Seat 2: The Uktena collected ($0.05)
Seat 3: SkilfulAlex (button) folded before Flop (didn't bet)
Seat 4: sergei123158 (small blind) folded before Flop
Seat 5: herzeq (big blind) folded before Flop
Seat 6: #8#EH folded before Flop (didn't bet)
Seat 8: Dorex2007 folded before Flop (didn't bet)
Seat 9: oli_KT_79 folded before Flop (didn't bet)



PokerStars Hand #223746718459:  Hold'em No Limit ($0.01/$0.02 USD) - 2021/02/12 19:01:53 PT [2021/02/12 22:01:53 ET]
Table 'Spitzer IV' 9-max Seat #4 is the button
Seat 1: ElGreco57 ($1.46 in chips) 
Seat 2: The Uktena ($2.09 in chips) 
Seat 3: SkilfulAlex ($0.71 in chips) 
Seat 4: sergei123158 ($2 in chips) 
Seat 5: herzeq ($2.28 in chips) 
Seat 6: #8#EH ($3.11 in chips) 
Seat 8: Dorex2007 ($1.75 in chips) 
Seat 9: oli_KT_79 ($2.79 in chips) 
herzeq: posts small blind $0.01
#8#EH: posts big blind $0.02
BanneyB: sits out 
*** HOLE CARDS ***
Dealt to Dorex2007 [5c 5d]
Dorex2007: calls $0.02
oli_KT_79: calls $0.02
ElGreco57: raises $0.04 to $0.06
The Uktena: folds 
SkilfulAlex: folds 
sergei123158: folds 
herzeq: folds 
#8#EH: folds 
Dorex2007: calls $0.04
oli_KT_79: calls $0.04
*** FLOP *** [Kh 7d Ac]
Dorex2007: checks 
oli_KT_79: checks 
ElGreco57: bets $0.10
Dorex2007: folds 
oli_KT_79: folds 
Uncalled bet ($0.10) returned to ElGreco57
ElGreco57 collected $0.20 from pot
ElGreco57: doesn't show hand 
*** SUMMARY ***
Total pot $0.21 | Rake $0.01 
Board [Kh 7d Ac]
Seat 1: ElGreco57 collected ($0.20)
Seat 2: The Uktena folded before Flop (didn't bet)
Seat 3: SkilfulAlex folded before Flop (didn't bet)
Seat 4: sergei123158 (button) folded before Flop (didn't bet)
Seat 5: herzeq (small blind) folded before Flop
Seat 6: #8#EH (big blind) folded before Flop
Seat 8: Dorex2007 folded on the Flop
Seat 9: oli_KT_79 folded on the Flop



PokerStars Hand #223746736357:  Hold'em No Limit ($0.01/$0.02 USD) - 2021/02/12 19:02:40 PT [2021/02/12 22:02:40 ET]
Table 'Spitzer IV' 9-max Seat #5 is the button
Seat 1: ElGreco57 ($1.60 in chips) 
Seat 2: The Uktena ($2.09 in chips) 
Seat 3: SkilfulAlex ($0.71 in chips) 
Seat 4: sergei123158 ($2 in chips) 
Seat 5: herzeq ($2.27 in chips) 
Seat 6: #8#EH ($3.09 in chips) 
Seat 7: BanneyB ($2 in chips) 
Seat 8: Dorex2007 ($1.69 in chips) 
Seat 9: oli_KT_79 ($2.73 in chips) 
#8#EH: posts small blind $0.01
BanneyB: posts big blind $0.02
*** HOLE CARDS ***
Dealt to Dorex2007 [3s 5c]
Dorex2007: folds 
oli_KT_79: folds 
ElGreco57: folds 
The Uktena: folds 
SkilfulAlex: folds 
sergei123158: folds 
herzeq: folds 
#8#EH: calls $0.01
BanneyB: checks 
*** FLOP *** [Kh 7c Qd]
#8#EH: checks 
BanneyB: checks 
*** TURN *** [Kh 7c Qd] [9c]
#8#EH: checks 
BanneyB: checks 
*** RIVER *** [Kh 7c Qd 9c] [9h]
#8#EH: checks 
BanneyB: checks 
*** SHOW DOWN ***
#8#EH: shows [7s Td] (two pair, Nines and Sevens)
BanneyB: mucks hand 
#8#EH collected $0.04 from pot
*** SUMMARY ***
Total pot $0.04 | Rake $0 
Board [Kh 7c Qd 9c 9h]
Seat 1: ElGreco57 folded before Flop (didn't bet)
Seat 2: The Uktena folded before Flop (didn't bet)
Seat 3: SkilfulAlex folded before Flop (didn't bet)
Seat 4: sergei123158 folded before Flop (didn't bet)
Seat 5: herzeq (button) folded before Flop (didn't bet)
Seat 6: #8#EH (small blind) showed [7s Td] and won ($0.04) with two pair, Nines and Sevens
Seat 7: BanneyB (big blind) mucked [Ad 2s]
Seat 8: Dorex2007 folded before Flop (didn't bet)
Seat 9: oli_KT_79 folded before Flop (didn't bet)



PokerStars Hand #223746751255:  Hold'em No Limit ($0.01/$0.02 USD) - 2021/02/12 19:03:18 PT [2021/02/12 22:03:18 ET]
Table 'Spitzer IV' 9-max Seat #6 is the button
Seat 1: ElGreco57 ($1.60 in chips) 
Seat 2: The Uktena ($2.09 in chips) 
Seat 3: SkilfulAlex ($0.71 in chips) 
Seat 4: sergei123158 ($2 in chips) 
Seat 5: herzeq ($2.27 in chips) 
Seat 6: #8#EH ($3.11 in chips) 
Seat 7: BanneyB ($1.98 in chips) 
Seat 8: Dorex2007 ($1.69 in chips) 
Seat 9: oli_KT_79 ($2.73 in chips) 
BanneyB: posts small blind $0.01
Dorex2007: posts big blind $0.02
*** HOLE CARDS ***
Dealt to Dorex2007 [4s 7d]
oli_KT_79: folds 
ElGreco57 has timed out
ElGreco57: folds 
The Uktena: folds 
SkilfulAlex: folds 
sergei123158: folds 
herzeq: raises $0.04 to $0.06
#8#EH: calls $0.06
BanneyB: calls $0.05
Dorex2007: folds 
*** FLOP *** [2d 9h Kh]
BanneyB: checks 
herzeq: bets $0.10
#8#EH: calls $0.10
BanneyB: folds 
*** TURN *** [2d 9h Kh] [9s]
herzeq: checks 
#8#EH: bets $0.39
herzeq: calls $0.39
*** RIVER *** [2d 9h Kh 9s] [Qh]
herzeq: bets $0.50
#8#EH: folds 
Uncalled bet ($0.50) returned to herzeq
herzeq collected $1.14 from pot
*** SUMMARY ***
Total pot $1.18 | Rake $0.04 
Board [2d 9h Kh 9s Qh]
Seat 1: ElGreco57 folded before Flop (didn't bet)
Seat 2: The Uktena folded before Flop (didn't bet)
Seat 3: SkilfulAlex folded before Flop (didn't bet)
Seat 4: sergei123158 folded before Flop (didn't bet)
Seat 5: herzeq collected ($1.14)
Seat 6: #8#EH (button) folded on the River
Seat 7: BanneyB (small blind) folded on the Flop
Seat 8: Dorex2007 (big blind) folded before Flop
Seat 9: oli_KT_79 folded before Flop (didn't bet)



PokerStars Hand #223746787926:  Hold'em No Limit ($0.01/$0.02 USD) - 2021/02/12 19:04:53 PT [2021/02/12 22:04:53 ET]
Table 'Spitzer IV' 9-max Seat #7 is the button
Seat 1: ElGreco57 ($1.60 in chips) 
Seat 2: The Uktena ($2.09 in chips) 
Seat 3: SkilfulAlex ($0.71 in chips) 
Seat 4: sergei123158 ($2 in chips) 
Seat 5: herzeq ($2.86 in chips) 
Seat 6: #8#EH ($2.56 in chips) 
Seat 7: BanneyB ($1.92 in chips) 
Seat 8: Dorex2007 ($1.67 in chips) 
Dorex2007: posts small blind $0.01
oli_KT_79: is sitting out 
ElGreco57: posts big blind $0.02
*** HOLE CARDS ***
Dealt to Dorex2007 [Kh Js]
The Uktena: raises $0.03 to $0.05
SkilfulAlex: folds 
sergei123158: folds 
herzeq: folds 
#8#EH: folds 
BanneyB: folds 
Dorex2007: calls $0.04
ElGreco57: raises $0.15 to $0.20
The Uktena: folds 
Dorex2007: calls $0.15
*** FLOP *** [3h 9d Th]
Dorex2007: checks 
ElGreco57: bets $0.22
Dorex2007: calls $0.22
*** TURN *** [3h 9d Th] [3d]
Dorex2007: checks 
ElGreco57: checks 
*** RIVER *** [3h 9d Th 3d] [5d]
Dorex2007: bets $0.86
ElGreco57: folds 
Uncalled bet ($0.86) returned to Dorex2007
Dorex2007 collected $0.86 from pot
Dorex2007: doesn't show hand 
*** SUMMARY ***
Total pot $0.89 | Rake $0.03 
Board [3h 9d Th 3d 5d]
Seat 1: ElGreco57 (big blind) folded on the River
Seat 2: The Uktena folded before Flop
Seat 3: SkilfulAlex folded before Flop (didn't bet)
Seat 4: sergei123158 folded before Flop (didn't bet)
Seat 5: herzeq folded before Flop (didn't bet)
Seat 6: #8#EH folded before Flop (didn't bet)
Seat 7: BanneyB (button) folded before Flop (didn't bet)
Seat 8: Dorex2007 (small blind) collected ($0.86)



PokerStars Hand #223746830281:  Hold'em No Limit ($0.01/$0.02 USD) - 2021/02/12 19:06:21 PT [2021/02/12 22:06:21 ET]
Table 'Spitzer IV' 9-max Seat #8 is the button
Seat 1: ElGreco57 ($1.18 in chips) 
Seat 2: The Uktena ($2.04 in chips) 
Seat 3: SkilfulAlex ($0.71 in chips) 
Seat 4: sergei123158 ($2 in chips) 
Seat 5: herzeq ($2.86 in chips) 
Seat 6: #8#EH ($2.56 in chips) 
Seat 7: BanneyB ($1.92 in chips) 
Seat 8: Dorex2007 ($2.11 in chips) 
ElGreco57: posts small blind $0.01
The Uktena: posts big blind $0.02
*** HOLE CARDS ***
Dealt to Dorex2007 [3c As]
SkilfulAlex: folds 
sergei123158: folds 
herzeq: raises $0.04 to $0.06
#8#EH: folds 
BanneyB: folds 
Dorex2007: folds 
ElGreco57: calls $0.05
The Uktena: folds 
*** FLOP *** [6s Qc 9h]
ElGreco57: checks 
herzeq: bets $0.06
ElGreco57: calls $0.06
*** TURN *** [6s Qc 9h] [Ac]
ElGreco57: checks 
herzeq: bets $0.10
ElGreco57: calls $0.10
*** RIVER *** [6s Qc 9h Ac] [Js]
ElGreco57: checks 
herzeq: checks 
*** SHOW DOWN ***
ElGreco57: shows [Qs 8d] (a pair of Queens)
herzeq: shows [Kh Ad] (a pair of Aces)
herzeq collected $0.44 from pot
*** SUMMARY ***
Total pot $0.46 | Rake $0.02 
Board [6s Qc 9h Ac Js]
Seat 1: ElGreco57 (small blind) showed [Qs 8d] and lost with a pair of Queens
Seat 2: The Uktena (big blind) folded before Flop
Seat 3: SkilfulAlex folded before Flop (didn't bet)
Seat 4: sergei123158 folded before Flop (didn't bet)
Seat 5: herzeq showed [Kh Ad] and won ($0.44) with a pair of Aces
Seat 6: #8#EH folded before Flop (didn't bet)
Seat 7: BanneyB folded before Flop (didn't bet)
Seat 8: Dorex2007 (button) folded before Flop (didn't bet)



PokerStars Hand #223746855946:  Hold'em No Limit ($0.01/$0.02 USD) - 2021/02/12 19:07:06 PT [2021/02/12 22:07:06 ET]
Table 'Spitzer IV' 9-max Seat #1 is the button
Seat 1: ElGreco57 ($0.96 in chips) 
Seat 2: The Uktena ($2.02 in chips) 
Seat 3: SkilfulAlex ($0.71 in chips) 
Seat 4: sergei123158 ($2 in chips) 
Seat 5: herzeq ($3.08 in chips) 
Seat 6: #8#EH ($2.56 in chips) 
Seat 7: BanneyB ($1.92 in chips) 
Seat 8: Dorex2007 ($2.11 in chips) 
The Uktena: posts small blind $0.01
SkilfulAlex: posts big blind $0.02
*** HOLE CARDS ***
Dealt to Dorex2007 [Ad Ac]
sergei123158: folds 
herzeq: folds 
#8#EH: folds 
BanneyB: folds 
Dorex2007: raises $0.04 to $0.06
ElGreco57: calls $0.06
The Uktena: folds 
SkilfulAlex: folds 
*** FLOP *** [Kc Qs 9d]
Dorex2007: checks 
The Uktena leaves the table
ElGreco57: checks 
*** TURN *** [Kc Qs 9d] [Qd]
Dorex2007: bets $0.14
ElGreco57: folds 
Uncalled bet ($0.14) returned to Dorex2007
Dorex2007 collected $0.14 from pot
Dorex2007: doesn't show hand 
*** SUMMARY ***
Total pot $0.15 | Rake $0.01 
Board [Kc Qs 9d Qd]
Seat 1: ElGreco57 (button) folded on the Turn
Seat 2: The Uktena (small blind) folded before Flop
Seat 3: SkilfulAlex (big blind) folded before Flop
Seat 4: sergei123158 folded before Flop (didn't bet)
Seat 5: herzeq folded before Flop (didn't bet)
Seat 6: #8#EH folded before Flop (didn't bet)
Seat 7: BanneyB folded before Flop (didn't bet)
Seat 8: Dorex2007 collected ($0.14)



PokerStars Hand #223746866738:  Hold'em No Limit ($0.01/$0.02 USD) - 2021/02/12 19:07:34 PT [2021/02/12 22:07:34 ET]
Table 'Spitzer IV' 9-max Seat #3 is the button
Seat 1: ElGreco57 ($0.90 in chips) 
Seat 3: SkilfulAlex ($0.69 in chips) 
Seat 4: sergei123158 ($2 in chips) 
Seat 5: herzeq ($3.08 in chips) 
Seat 6: #8#EH ($2.56 in chips) 
Seat 7: BanneyB ($1.92 in chips) 
Seat 8: Dorex2007 ($2.19 in chips) 
sergei123158: posts small blind $0.01
herzeq: posts big blind $0.02
*** HOLE CARDS ***
Dealt to Dorex2007 [9s 2h]
#8#EH: calls $0.02
BanneyB: folds 
Dorex2007: folds 
ElGreco57: folds 
SkilfulAlex: folds 
sergei123158: folds 
herzeq: checks 
*** FLOP *** [6d 3s 2c]
herzeq: checks 
#8#EH: bets $0.05
herzeq: folds 
Uncalled bet ($0.05) returned to #8#EH
#8#EH collected $0.05 from pot
*** SUMMARY ***
Total pot $0.05 | Rake $0 
Board [6d 3s 2c]
Seat 1: ElGreco57 folded before Flop (didn't bet)
Seat 3: SkilfulAlex (button) folded before Flop (didn't bet)
Seat 4: sergei123158 (small blind) folded before Flop
Seat 5: herzeq (big blind) folded on the Flop
Seat 6: #8#EH collected ($0.05)
Seat 7: BanneyB folded before Flop (didn't bet)
Seat 8: Dorex2007 folded before Flop (didn't bet)



PokerStars Hand #223746878073:  Hold'em No Limit ($0.01/$0.02 USD) - 2021/02/12 19:08:04 PT [2021/02/12 22:08:04 ET]
Table 'Spitzer IV' 9-max Seat #4 is the button
Seat 1: ElGreco57 ($0.90 in chips) 
Seat 3: SkilfulAlex ($0.69 in chips) 
Seat 4: sergei123158 ($2 in chips) 
Seat 5: herzeq ($3.06 in chips) 
Seat 6: #8#EH ($2.59 in chips) 
Seat 7: BanneyB ($1.92 in chips) 
Seat 8: Dorex2007 ($2.19 in chips) 
herzeq: posts small blind $0.01
#8#EH: posts big blind $0.02
*** HOLE CARDS ***
Dealt to Dorex2007 [3s 3h]
BanneyB: folds 
Dorex2007: calls $0.02
ElGreco57: calls $0.02
SkilfulAlex: folds 
sergei123158: folds 
herzeq: folds 
#8#EH: checks 
*** FLOP *** [7h 8h 8c]
#8#EH: checks 
Dorex2007: checks 
ElGreco57: checks 
*** TURN *** [7h 8h 8c] [6d]
#8#EH: bets $0.07
Dorex2007: calls $0.07
ElGreco57: raises $0.14 to $0.21
#8#EH: folds 
Dorex2007: folds 
Uncalled bet ($0.14) returned to ElGreco57
ElGreco57 collected $0.27 from pot
ElGreco57: doesn't show hand 
*** SUMMARY ***
Total pot $0.28 | Rake $0.01 
Board [7h 8h 8c 6d]
Seat 1: ElGreco57 collected ($0.27)
Seat 3: SkilfulAlex folded before Flop (didn't bet)
Seat 4: sergei123158 (button) folded before Flop (didn't bet)
Seat 5: herzeq (small blind) folded before Flop
Seat 6: #8#EH (big blind) folded on the Turn
Seat 7: BanneyB folded before Flop (didn't bet)
Seat 8: Dorex2007 folded on the Turn



PokerStars Hand #223746895787:  Hold'em No Limit ($0.01/$0.02 USD) - 2021/02/12 19:08:50 PT [2021/02/12 22:08:50 ET]
Table 'Spitzer IV' 9-max Seat #5 is the button
Seat 1: ElGreco57 ($1.08 in chips) 
Seat 3: SkilfulAlex ($0.69 in chips) 
Seat 4: sergei123158 ($2 in chips) 
Seat 5: herzeq ($3.05 in chips) 
Seat 6: #8#EH ($2.50 in chips) 
Seat 7: BanneyB ($1.92 in chips) 
Seat 8: Dorex2007 ($2.10 in chips) 
#8#EH: posts small blind $0.01
BanneyB: posts big blind $0.02
*** HOLE CARDS ***
Dealt to Dorex2007 [Jd 3c]
Dorex2007: folds 
ElGreco57: folds 
SkilfulAlex: folds 
Double015 joins the table at seat #2 
sergei123158: folds 
herzeq: folds 
#8#EH: calls $0.01
BanneyB: checks 
*** FLOP *** [Th 5d 6s]
#8#EH: checks 
BanneyB: checks 
*** TURN *** [Th 5d 6s] [9h]
#8#EH: checks 
BanneyB: checks 
*** RIVER *** [Th 5d 6s 9h] [Kh]
#8#EH: checks 
BanneyB: checks 
*** SHOW DOWN ***
#8#EH: shows [Qh Js] (a straight, Nine to King)
BanneyB: mucks hand 
#8#EH collected $0.04 from pot
*** SUMMARY ***
Total pot $0.04 | Rake $0 
Board [Th 5d 6s 9h Kh]
Seat 1: ElGreco57 folded before Flop (didn't bet)
Seat 3: SkilfulAlex folded before Flop (didn't bet)
Seat 4: sergei123158 folded before Flop (didn't bet)
Seat 5: herzeq (button) folded before Flop (didn't bet)
Seat 6: #8#EH (small blind) showed [Qh Js] and won ($0.04) with a straight, Nine to King
Seat 7: BanneyB (big blind) mucked [As 4c]
Seat 8: Dorex2007 folded before Flop (didn't bet)



PokerStars Hand #223746914252:  Hold'em No Limit ($0.01/$0.02 USD) - 2021/02/12 19:09:38 PT [2021/02/12 22:09:38 ET]
Table 'Spitzer IV' 9-max Seat #6 is the button
Seat 1: ElGreco57 ($1.08 in chips) 
Seat 2: Double015 ($1.60 in chips) 
Seat 3: SkilfulAlex ($0.69 in chips) 
Seat 4: sergei123158 ($2 in chips) 
Seat 5: herzeq ($3.05 in chips) 
Seat 6: #8#EH ($2.52 in chips) 
Seat 7: BanneyB ($1.90 in chips) 
Seat 8: Dorex2007 ($2.10 in chips) 
BanneyB: posts small blind $0.01
Dorex2007: posts big blind $0.02
Double015: posts big blind $0.02
*** HOLE CARDS ***
Dealt to Dorex2007 [Ts 4c]
ElGreco57: folds 
Double015: checks 
SkilfulAlex: folds 
sergei123158: folds 
herzeq: folds 
#8#EH: folds 
BanneyB: calls $0.01
Dorex2007: checks 
*** FLOP *** [Qs Td Js]
BanneyB: checks 
Dorex2007: checks 
Double015: bets $0.02
BanneyB: calls $0.02
Dorex2007: folds 
*** TURN *** [Qs Td Js] [5h]
BanneyB: bets $0.06
Double015: calls $0.06
*** RIVER *** [Qs Td Js 5h] [4h]
BanneyB: bets $0.08
Double015: calls $0.08
*** SHOW DOWN ***
BanneyB: shows [Qh 8h] (a pair of Queens)
Double015: mucks hand 
BanneyB collected $0.37 from pot
*** SUMMARY ***
Total pot $0.38 | Rake $0.01 
Board [Qs Td Js 5h 4h]
Seat 1: ElGreco57 folded before Flop (didn't bet)
Seat 2: Double015 mucked [Kd Jh]
Seat 3: SkilfulAlex folded before Flop (didn't bet)
Seat 4: sergei123158 folded before Flop (didn't bet)
Seat 5: herzeq folded before Flop (didn't bet)
Seat 6: #8#EH (button) folded before Flop (didn't bet)
Seat 7: BanneyB (small blind) showed [Qh 8h] and won ($0.37) with a pair of Queens
Seat 8: Dorex2007 (big blind) folded on the Flop



PokerStars Hand #223746936006:  Hold'em No Limit ($0.01/$0.02 USD) - 2021/02/12 19:10:34 PT [2021/02/12 22:10:34 ET]
Table 'Spitzer IV' 9-max Seat #7 is the button
Seat 1: ElGreco57 ($1.08 in chips) 
Seat 2: Double015 ($1.42 in chips) 
Seat 3: SkilfulAlex ($0.69 in chips) 
Seat 4: sergei123158 ($2 in chips) 
Seat 5: herzeq ($3.05 in chips) 
Seat 6: #8#EH ($2.52 in chips) 
Seat 7: BanneyB ($2.09 in chips) 
Seat 8: Dorex2007 ($2.08 in chips) 
Seat 9: oli_KT_79 ($2.73 in chips) 
Dorex2007: posts small blind $0.01
oli_KT_79: posts big blind $0.02
*** HOLE CARDS ***
Dealt to Dorex2007 [5c 9d]
ElGreco57: calls $0.02
Double015: calls $0.02
SkilfulAlex: folds 
sergei123158: folds 
herzeq: folds 
#8#EH: raises $0.04 to $0.06
BanneyB: calls $0.06
Dorex2007: folds 
oli_KT_79: folds 
ElGreco57: calls $0.04
Double015: calls $0.04
*** FLOP *** [6c 4h Th]
ElGreco57: checks 
Double015: checks 
#8#EH: checks 
BanneyB: checks 
*** TURN *** [6c 4h Th] [3s]
ElGreco57: checks 
Double015: checks 
#8#EH: checks 
BanneyB: checks 
*** RIVER *** [6c 4h Th 3s] [Ts]
ElGreco57: checks 
Double015: bets $0.08
#8#EH: folds 
BanneyB: folds 
ElGreco57: folds 
Uncalled bet ($0.08) returned to Double015
Double015 collected $0.26 from pot
Double015: doesn't show hand 
*** SUMMARY ***
Total pot $0.27 | Rake $0.01 
Board [6c 4h Th 3s Ts]
Seat 1: ElGreco57 folded on the River
Seat 2: Double015 collected ($0.26)
Seat 3: SkilfulAlex folded before Flop (didn't bet)
Seat 4: sergei123158 folded before Flop (didn't bet)
Seat 5: herzeq folded before Flop (didn't bet)
Seat 6: #8#EH folded on the River
Seat 7: BanneyB (button) folded on the River
Seat 8: Dorex2007 (small blind) folded before Flop
Seat 9: oli_KT_79 (big blind) folded before Flop



PokerStars Hand #223746962913:  Hold'em No Limit ($0.01/$0.02 USD) - 2021/02/12 19:11:44 PT [2021/02/12 22:11:44 ET]
Table 'Spitzer IV' 9-max Seat #8 is the button
Seat 1: ElGreco57 ($1.02 in chips) 
Seat 2: Double015 ($1.62 in chips) 
Seat 3: SkilfulAlex ($0.69 in chips) 
Seat 4: sergei123158 ($2 in chips) 
Seat 5: herzeq ($3.05 in chips) 
Seat 6: #8#EH ($2.46 in chips) 
Seat 7: BanneyB ($2.03 in chips) 
Seat 8: Dorex2007 ($2.07 in chips) 
Seat 9: oli_KT_79 ($2.71 in chips) 
oli_KT_79: posts small blind $0.01
ElGreco57: posts big blind $0.02
*** HOLE CARDS ***
Dealt to Dorex2007 [7s 9s]
Double015: calls $0.02
SkilfulAlex: folds 
sergei123158: folds 
herzeq: folds 
#8#EH: calls $0.02
BanneyB: folds 
Dorex2007: calls $0.02
oli_KT_79: folds 
ElGreco57: checks 
*** FLOP *** [7h 9h Js]
ElGreco57: bets $0.09
Double015: folds 
#8#EH: folds 
Dorex2007: raises $0.21 to $0.30
ElGreco57: calls $0.21
*** TURN *** [7h 9h Js] [Ac]
ElGreco57: checks 
Dorex2007: bets $0.67
ElGreco57: raises $0.03 to $0.70 and is all-in
Dorex2007: calls $0.03
*** RIVER *** [7h 9h Js Ac] [Jd]
*** SHOW DOWN ***
ElGreco57: shows [3h Jh] (three of a kind, Jacks)
Dorex2007: shows [7s 9s] (two pair, Jacks and Nines)
ElGreco57 cashed out the hand for $0.73 | Cash Out Fee $0.01
*** SUMMARY ***
Total pot $2.09 | Rake $0.07 
Board [7h 9h Js Ac Jd]
Seat 1: ElGreco57 (big blind) showed [3h Jh] and won ($2.02) with three of a kind, Jacks (pot not awarded as player cashed out)
Seat 2: Double015 folded on the Flop
Seat 3: SkilfulAlex folded before Flop (didn't bet)
Seat 4: sergei123158 folded before Flop (didn't bet)
Seat 5: herzeq folded before Flop (didn't bet)
Seat 6: #8#EH folded on the Flop
Seat 7: BanneyB folded before Flop (didn't bet)
Seat 8: Dorex2007 (button) showed [7s 9s] and lost with two pair, Jacks and Nines
Seat 9: oli_KT_79 (small blind) folded before Flop



PokerStars Hand #223746991153:  Hold'em No Limit ($0.01/$0.02 USD) - 2021/02/12 19:12:58 PT [2021/02/12 22:12:58 ET]
Table 'Spitzer IV' 9-max Seat #9 is the button
Seat 1: ElGreco57 ($0.73 in chips) 
Seat 2: Double015 ($1.60 in chips) 
Seat 3: SkilfulAlex ($0.69 in chips) 
Seat 4: sergei123158 ($2 in chips) 
Seat 5: herzeq ($3.05 in chips) 
Seat 6: #8#EH ($2.44 in chips) 
Seat 7: BanneyB ($2.03 in chips) 
Seat 8: Dorex2007 ($1.05 in chips) 
Seat 9: oli_KT_79 ($2.70 in chips) 
ElGreco57: posts small blind $0.01
Double015: posts big blind $0.02
*** HOLE CARDS ***
Dealt to Dorex2007 [5d 5s]
SkilfulAlex: folds 
sergei123158: folds 
herzeq: folds 
#8#EH: folds 
BanneyB: folds 
Dorex2007: calls $0.02
oli_KT_79: folds 
ElGreco57: calls $0.01
Double015: checks 
*** FLOP *** [8d 6h 4s]
ElGreco57: checks 
Double015: checks 
Dorex2007: checks 
*** TURN *** [8d 6h 4s] [Kd]
ElGreco57: checks 
Double015: checks 
Dorex2007: checks 
*** RIVER *** [8d 6h 4s Kd] [Js]
ElGreco57: bets $0.04
Double015: folds 
Dorex2007: folds 
Uncalled bet ($0.04) returned to ElGreco57
ElGreco57 collected $0.06 from pot
ElGreco57: doesn't show hand 
*** SUMMARY ***
Total pot $0.06 | Rake $0 
Board [8d 6h 4s Kd Js]
Seat 1: ElGreco57 (small blind) collected ($0.06)
Seat 2: Double015 (big blind) folded on the River
Seat 3: SkilfulAlex folded before Flop (didn't bet)
Seat 4: sergei123158 folded before Flop (didn't bet)
Seat 5: herzeq folded before Flop (didn't bet)
Seat 6: #8#EH folded before Flop (didn't bet)
Seat 7: BanneyB folded before Flop (didn't bet)
Seat 8: Dorex2007 folded on the River
Seat 9: oli_KT_79 (button) folded before Flop (didn't bet)



PokerStars Hand #223747015706:  Hold'em No Limit ($0.01/$0.02 USD) - 2021/02/12 19:14:03 PT [2021/02/12 22:14:03 ET]
Table 'Spitzer IV' 9-max Seat #1 is the button
Seat 1: ElGreco57 ($0.77 in chips) 
Seat 2: Double015 ($1.58 in chips) 
Seat 3: SkilfulAlex ($0.69 in chips) 
Seat 4: sergei123158 ($2 in chips) 
Seat 5: herzeq ($3.05 in chips) 
Seat 6: #8#EH ($2.44 in chips) 
Seat 7: BanneyB ($2.03 in chips) 
Seat 8: Dorex2007 ($1.03 in chips) 
Seat 9: oli_KT_79 ($2.70 in chips) 
Double015: posts small blind $0.01
SkilfulAlex: posts big blind $0.02
*** HOLE CARDS ***
Dealt to Dorex2007 [8d 7d]
sergei123158: folds 
herzeq: folds 
#8#EH: calls $0.02
BanneyB: folds 
Dorex2007: calls $0.02
oli_KT_79: calls $0.02
ElGreco57: folds 
Double015: calls $0.01
SkilfulAlex: checks 
*** FLOP *** [As 5s Ad]
Double015: checks 
SkilfulAlex: checks 
#8#EH: checks 
Dorex2007: checks 
oli_KT_79: checks 
*** TURN *** [As 5s Ad] [Kh]
Double015: checks 
SkilfulAlex: checks 
#8#EH: checks 
Dorex2007: bets $0.05
oli_KT_79: folds 
Double015: folds 
SkilfulAlex: folds 
#8#EH: folds 
Uncalled bet ($0.05) returned to Dorex2007
Dorex2007 collected $0.10 from pot
Dorex2007: doesn't show hand 
*** SUMMARY ***
Total pot $0.10 | Rake $0 
Board [As 5s Ad Kh]
Seat 1: ElGreco57 (button) folded before Flop (didn't bet)
Seat 2: Double015 (small blind) folded on the Turn
Seat 3: SkilfulAlex (big blind) folded on the Turn
Seat 4: sergei123158 folded before Flop (didn't bet)
Seat 5: herzeq folded before Flop (didn't bet)
Seat 6: #8#EH folded on the Turn
Seat 7: BanneyB folded before Flop (didn't bet)
Seat 8: Dorex2007 collected ($0.10)
Seat 9: oli_KT_79 folded on the Turn



PokerStars Hand #223747042238:  Hold'em No Limit ($0.01/$0.02 USD) - 2021/02/12 19:15:08 PT [2021/02/12 22:15:08 ET]
Table 'Spitzer IV' 9-max Seat #2 is the button
Seat 1: ElGreco57 ($0.77 in chips) 
Seat 2: Double015 ($1.56 in chips) 
Seat 3: SkilfulAlex ($0.67 in chips) 
Seat 4: sergei123158 ($2 in chips) 
Seat 5: herzeq ($3.05 in chips) 
Seat 6: #8#EH ($2.42 in chips) 
Seat 7: BanneyB ($2.03 in chips) 
Seat 8: Dorex2007 ($1.11 in chips) 
Seat 9: oli_KT_79 ($2.68 in chips) 
SkilfulAlex: posts small blind $0.01
sergei123158: posts big blind $0.02
*** HOLE CARDS ***
Dealt to Dorex2007 [Kd 2c]
herzeq: raises $0.04 to $0.06
#8#EH: folds 
BanneyB: folds 
Dorex2007: folds 
oli_KT_79: calls $0.06
ElGreco57: folds 
Double015: folds 
SkilfulAlex: folds 
sergei123158: folds 
*** FLOP *** [9s 2h 9c]
herzeq: bets $0.06
oli_KT_79: calls $0.06
*** TURN *** [9s 2h 9c] [6h]
herzeq: checks 
oli_KT_79: bets $0.10
herzeq: folds 
Uncalled bet ($0.10) returned to oli_KT_79
oli_KT_79 collected $0.26 from pot
oli_KT_79: doesn't show hand 
*** SUMMARY ***
Total pot $0.27 | Rake $0.01 
Board [9s 2h 9c 6h]
Seat 1: ElGreco57 folded before Flop (didn't bet)
Seat 2: Double015 (button) folded before Flop (didn't bet)
Seat 3: SkilfulAlex (small blind) folded before Flop
Seat 4: sergei123158 (big blind) folded before Flop
Seat 5: herzeq folded on the Turn
Seat 6: #8#EH folded before Flop (didn't bet)
Seat 7: BanneyB folded before Flop (didn't bet)
Seat 8: Dorex2007 folded before Flop (didn't bet)
Seat 9: oli_KT_79 collected ($0.26)



PokerStars Hand #223747060206:  Hold'em No Limit ($0.01/$0.02 USD) - 2021/02/12 19:15:55 PT [2021/02/12 22:15:55 ET]
Table 'Spitzer IV' 9-max Seat #3 is the button
Seat 1: ElGreco57 ($0.77 in chips) 
Seat 2: Double015 ($1.56 in chips) 
Seat 3: SkilfulAlex ($0.66 in chips) 
Seat 4: sergei123158 ($2 in chips) 
Seat 5: herzeq ($2.93 in chips) 
Seat 6: #8#EH ($2.42 in chips) 
Seat 7: BanneyB ($2.03 in chips) 
Seat 8: Dorex2007 ($1.11 in chips) 
Seat 9: oli_KT_79 ($2.82 in chips) 
sergei123158: posts small blind $0.01
herzeq: posts big blind $0.02
*** HOLE CARDS ***
Dealt to Dorex2007 [Th 5c]
#8#EH: calls $0.02
BanneyB: folds 
Dorex2007: folds 
oli_KT_79: folds 
ElGreco57: calls $0.02
Double015: calls $0.02
SkilfulAlex: raises $0.08 to $0.10
sergei123158: folds 
herzeq: folds 
#8#EH: calls $0.08
ElGreco57: calls $0.08
Double015: folds 
*** FLOP *** [8c Qs 8d]
#8#EH: checks 
ElGreco57: checks 
SkilfulAlex: bets $0.26
#8#EH: folds 
ElGreco57: folds 
Uncalled bet ($0.26) returned to SkilfulAlex
SkilfulAlex collected $0.34 from pot
*** SUMMARY ***
Total pot $0.35 | Rake $0.01 
Board [8c Qs 8d]
Seat 1: ElGreco57 folded on the Flop
Seat 2: Double015 folded before Flop
Seat 3: SkilfulAlex (button) collected ($0.34)
Seat 4: sergei123158 (small blind) folded before Flop
Seat 5: herzeq (big blind) folded before Flop
Seat 6: #8#EH folded on the Flop
Seat 7: BanneyB folded before Flop (didn't bet)
Seat 8: Dorex2007 folded before Flop (didn't bet)
Seat 9: oli_KT_79 folded before Flop (didn't bet)



PokerStars Hand #223747085941:  Hold'em No Limit ($0.01/$0.02 USD) - 2021/02/12 19:16:41 PT [2021/02/12 22:16:41 ET]
Table 'Spitzer IV' 9-max Seat #4 is the button
Seat 1: ElGreco57 ($0.67 in chips) 
Seat 2: Double015 ($1.54 in chips) 
Seat 3: SkilfulAlex ($0.90 in chips) 
Seat 4: sergei123158 ($2 in chips) 
Seat 5: herzeq ($2.91 in chips) 
Seat 6: #8#EH ($2.32 in chips) 
Seat 7: BanneyB ($2.03 in chips) 
Seat 8: Dorex2007 ($1.11 in chips) 
Seat 9: oli_KT_79 ($2.82 in chips) 
herzeq: posts small blind $0.01
#8#EH: posts big blind $0.02
*** HOLE CARDS ***
Dealt to Dorex2007 [Th Kc]
BanneyB: folds 
Dorex2007: calls $0.02
oli_KT_79: folds 
ElGreco57: folds 
Double015: calls $0.02
SkilfulAlex: folds 
sergei123158: folds 
herzeq: raises $0.08 to $0.10
#8#EH: folds 
Dorex2007: raises $0.14 to $0.24
Double015: folds 
herzeq: folds 
Uncalled bet ($0.14) returned to Dorex2007
Dorex2007 collected $0.24 from pot
Dorex2007: doesn't show hand 
*** SUMMARY ***
Total pot $0.24 | Rake $0 
Seat 1: ElGreco57 folded before Flop (didn't bet)
Seat 2: Double015 folded before Flop
Seat 3: SkilfulAlex folded before Flop (didn't bet)
Seat 4: sergei123158 (button) folded before Flop (didn't bet)
Seat 5: herzeq (small blind) folded before Flop
Seat 6: #8#EH (big blind) folded before Flop
Seat 7: BanneyB folded before Flop (didn't bet)
Seat 8: Dorex2007 collected ($0.24)
Seat 9: oli_KT_79 folded before Flop (didn't bet)



PokerStars Hand #223747102184:  Hold'em No Limit ($0.01/$0.02 USD) - 2021/02/12 19:17:23 PT [2021/02/12 22:17:23 ET]
Table 'Spitzer IV' 9-max Seat #5 is the button
Seat 1: ElGreco57 ($0.67 in chips) 
Seat 2: Double015 ($1.52 in chips) 
Seat 3: SkilfulAlex ($0.90 in chips) 
Seat 4: sergei123158 ($2 in chips) 
Seat 5: herzeq ($2.81 in chips) 
Seat 6: #8#EH ($2.30 in chips) 
Seat 7: BanneyB ($2.03 in chips) 
Seat 8: Dorex2007 ($1.25 in chips) 
Seat 9: oli_KT_79 ($2.82 in chips) 
#8#EH: posts small blind $0.01
BanneyB: posts big blind $0.02
*** HOLE CARDS ***
Dealt to Dorex2007 [Jd Qc]
Dorex2007: folds 
oli_KT_79: raises $0.04 to $0.06
ElGreco57: raises $0.06 to $0.12
Double015: folds 
SkilfulAlex: folds 
sergei123158: folds 
herzeq: folds 
#8#EH: folds 
BanneyB: folds 
oli_KT_79: folds 
Uncalled bet ($0.06) returned to ElGreco57
ElGreco57 collected $0.15 from pot
ElGreco57: doesn't show hand 
*** SUMMARY ***
Total pot $0.15 | Rake $0 
Seat 1: ElGreco57 collected ($0.15)
Seat 2: Double015 folded before Flop (didn't bet)
Seat 3: SkilfulAlex folded before Flop (didn't bet)
Seat 4: sergei123158 folded before Flop (didn't bet)
Seat 5: herzeq (button) folded before Flop (didn't bet)
Seat 6: #8#EH (small blind) folded before Flop
Seat 7: BanneyB (big blind) folded before Flop
Seat 8: Dorex2007 folded before Flop (didn't bet)
Seat 9: oli_KT_79 folded before Flop



PokerStars Hand #223747119410:  Hold'em No Limit ($0.01/$0.02 USD) - 2021/02/12 19:18:08 PT [2021/02/12 22:18:08 ET]
Table 'Spitzer IV' 9-max Seat #6 is the button
Seat 1: ElGreco57 ($0.76 in chips) 
Seat 2: Double015 ($1.52 in chips) 
Seat 3: SkilfulAlex ($0.90 in chips) 
Seat 4: sergei123158 ($2 in chips) 
Seat 5: herzeq ($2.81 in chips) 
Seat 6: #8#EH ($2.29 in chips) 
Seat 7: BanneyB ($2.01 in chips) 
Seat 8: Dorex2007 ($1.25 in chips) 
Seat 9: oli_KT_79 ($2.76 in chips) 
BanneyB: posts small blind $0.01
Dorex2007: posts big blind $0.02
*** HOLE CARDS ***
Dealt to Dorex2007 [8s 2c]
oli_KT_79: folds 
ElGreco57: folds 
Double015: calls $0.02
SkilfulAlex: folds 
sergei123158: folds 
herzeq: raises $0.06 to $0.08
#8#EH: folds 
BanneyB: calls $0.07
Dorex2007: folds 
Double015: calls $0.06
*** FLOP *** [3h 4h 2d]
BanneyB: bets $0.06
Double015: folds 
herzeq: folds 
Uncalled bet ($0.06) returned to BanneyB
BanneyB collected $0.25 from pot
BanneyB: doesn't show hand 
*** SUMMARY ***
Total pot $0.26 | Rake $0.01 
Board [3h 4h 2d]
Seat 1: ElGreco57 folded before Flop (didn't bet)
Seat 2: Double015 folded on the Flop
Seat 3: SkilfulAlex folded before Flop (didn't bet)
Seat 4: sergei123158 folded before Flop (didn't bet)
Seat 5: herzeq folded on the Flop
Seat 6: #8#EH (button) folded before Flop (didn't bet)
Seat 7: BanneyB (small blind) collected ($0.25)
Seat 8: Dorex2007 (big blind) folded before Flop
Seat 9: oli_KT_79 folded before Flop (didn't bet)



PokerStars Hand #223747143803:  Hold'em No Limit ($0.01/$0.02 USD) - 2021/02/12 19:18:54 PT [2021/02/12 22:18:54 ET]
Table 'Spitzer IV' 9-max Seat #7 is the button
Seat 1: ElGreco57 ($0.76 in chips) 
Seat 2: Double015 ($1.44 in chips) 
Seat 3: SkilfulAlex ($0.90 in chips) 
Seat 4: sergei123158 ($2 in chips) 
Seat 5: herzeq ($2.73 in chips) 
Seat 6: #8#EH ($2.29 in chips) 
Seat 7: BanneyB ($2.18 in chips) 
Seat 8: Dorex2007 ($1.23 in chips) 
Seat 9: oli_KT_79 ($2.76 in chips) 
Dorex2007: posts small blind $0.01
oli_KT_79: posts big blind $0.02
*** HOLE CARDS ***
Dealt to Dorex2007 [8h 6c]
ElGreco57: folds 
Double015: calls $0.02
SkilfulAlex: folds 
sergei123158: folds 
herzeq: folds 
#8#EH has timed out
#8#EH: folds 
BanneyB: raises $0.04 to $0.06
Dorex2007: folds 
oli_KT_79: folds 
Double015: calls $0.04
*** FLOP *** [6d Th As]
Double015: checks 
BanneyB: checks 
*** TURN *** [6d Th As] [6h]
Double015: checks 
BanneyB: checks 
*** RIVER *** [6d Th As 6h] [8s]
Double015: checks 
BanneyB: checks 
*** SHOW DOWN ***
Double015: shows [Ks Jc] (a pair of Sixes)
BanneyB: shows [Kd Td] (two pair, Tens and Sixes)
BanneyB collected $0.14 from pot
*** SUMMARY ***
Total pot $0.15 | Rake $0.01 
Board [6d Th As 6h 8s]
Seat 1: ElGreco57 folded before Flop (didn't bet)
Seat 2: Double015 showed [Ks Jc] and lost with a pair of Sixes
Seat 3: SkilfulAlex folded before Flop (didn't bet)
Seat 4: sergei123158 folded before Flop (didn't bet)
Seat 5: herzeq folded before Flop (didn't bet)
Seat 6: #8#EH folded before Flop (didn't bet)
Seat 7: BanneyB (button) showed [Kd Td] and won ($0.14) with two pair, Tens and Sixes
Seat 8: Dorex2007 (small blind) folded before Flop
Seat 9: oli_KT_79 (big blind) folded before Flop



PokerStars Hand #223747166290:  Hold'em No Limit ($0.01/$0.02 USD) - 2021/02/12 19:19:53 PT [2021/02/12 22:19:53 ET]
Table 'Spitzer IV' 9-max Seat #8 is the button
Seat 1: ElGreco57 ($0.76 in chips) 
Seat 2: Double015 ($1.38 in chips) 
Seat 3: SkilfulAlex ($0.90 in chips) 
Seat 4: sergei123158 ($2 in chips) 
Seat 5: herzeq ($2.73 in chips) 
Seat 6: #8#EH ($2.29 in chips) 
Seat 7: BanneyB ($2.26 in chips) 
Seat 8: Dorex2007 ($1.22 in chips) 
Seat 9: oli_KT_79 ($2.74 in chips) 
oli_KT_79: posts small blind $0.01
ElGreco57: posts big blind $0.02
*** HOLE CARDS ***
Dealt to Dorex2007 [6c 6h]
Double015: calls $0.02
SkilfulAlex: folds 
sergei123158: folds 
herzeq: raises $0.06 to $0.08
#8#EH: folds 
BanneyB: folds 
Dorex2007: folds 
oli_KT_79: folds 
ElGreco57: calls $0.06
Double015: calls $0.06
*** FLOP *** [Qh 3d Qs]
ElGreco57: checks 
Double015: checks 
herzeq: bets $0.08
ElGreco57: calls $0.08
Double015: folds 
*** TURN *** [Qh 3d Qs] [2c]
ElGreco57: checks 
herzeq: checks 
*** RIVER *** [Qh 3d Qs 2c] [7h]
ElGreco57: bets $0.20
herzeq: calls $0.20
*** SHOW DOWN ***
ElGreco57: shows [8c 8d] (two pair, Queens and Eights)
herzeq: shows [Jc Jd] (two pair, Queens and Jacks)
herzeq collected $0.78 from pot
*** SUMMARY ***
Total pot $0.81 | Rake $0.03 
Board [Qh 3d Qs 2c 7h]
Seat 1: ElGreco57 (big blind) showed [8c 8d] and lost with two pair, Queens and Eights
Seat 2: Double015 folded on the Flop
Seat 3: SkilfulAlex folded before Flop (didn't bet)
Seat 4: sergei123158 folded before Flop (didn't bet)
Seat 5: herzeq showed [Jc Jd] and won ($0.78) with two pair, Queens and Jacks
Seat 6: #8#EH folded before Flop (didn't bet)
Seat 7: BanneyB folded before Flop (didn't bet)
Seat 8: Dorex2007 (button) folded before Flop (didn't bet)
Seat 9: oli_KT_79 (small blind) folded before Flop



PokerStars Hand #223747182266:  Hold'em No Limit ($0.01/$0.02 USD) - 2021/02/12 19:20:34 PT [2021/02/12 22:20:34 ET]
Table 'Spitzer IV' 9-max Seat #9 is the button
Seat 1: ElGreco57 ($0.40 in chips) 
Seat 2: Double015 ($1.30 in chips) 
Seat 3: SkilfulAlex ($0.90 in chips) 
Seat 4: sergei123158 ($2 in chips) 
Seat 5: herzeq ($3.15 in chips) 
Seat 6: #8#EH ($2.29 in chips) 
Seat 7: BanneyB ($2.26 in chips) 
Seat 8: Dorex2007 ($1.22 in chips) 
Seat 9: oli_KT_79 ($2.73 in chips) 
ElGreco57: posts small blind $0.01
Double015: posts big blind $0.02
*** HOLE CARDS ***
Dealt to Dorex2007 [2d 9c]
SkilfulAlex: folds 
sergei123158: folds 
herzeq: raises $0.04 to $0.06
#8#EH: folds 
BanneyB: calls $0.06
Dorex2007: folds 
oli_KT_79: folds 
ElGreco57: folds 
Double015: calls $0.04
*** FLOP *** [7d 7h 4h]
Double015: checks 
herzeq: bets $0.06
BanneyB: calls $0.06
Double015: calls $0.06
*** TURN *** [7d 7h 4h] [6c]
Double015: checks 
herzeq: checks 
BanneyB: checks 
*** RIVER *** [7d 7h 4h 6c] [Ks]
Double015: checks 
herzeq: checks 
BanneyB: checks 
*** SHOW DOWN ***
Double015: shows [Jh Qh] (a pair of Sevens)
herzeq: shows [Ah Qd] (a pair of Sevens - Ace kicker)
BanneyB: mucks hand 
herzeq collected $0.36 from pot
*** SUMMARY ***
Total pot $0.37 | Rake $0.01 
Board [7d 7h 4h 6c Ks]
Seat 1: ElGreco57 (small blind) folded before Flop
Seat 2: Double015 (big blind) showed [Jh Qh] and lost with a pair of Sevens
Seat 3: SkilfulAlex folded before Flop (didn't bet)
Seat 4: sergei123158 folded before Flop (didn't bet)
Seat 5: herzeq showed [Ah Qd] and won ($0.36) with a pair of Sevens
Seat 6: #8#EH folded before Flop (didn't bet)
Seat 7: BanneyB mucked [Ac Ts]
Seat 8: Dorex2007 folded before Flop (didn't bet)
Seat 9: oli_KT_79 (button) folded before Flop (didn't bet)



PokerStars Hand #223747209636:  Hold'em No Limit ($0.01/$0.02 USD) - 2021/02/12 19:21:46 PT [2021/02/12 22:21:46 ET]
Table 'Spitzer IV' 9-max Seat #1 is the button
Seat 1: ElGreco57 ($0.39 in chips) 
Seat 2: Double015 ($1.18 in chips) 
Seat 3: SkilfulAlex ($0.90 in chips) 
Seat 4: sergei123158 ($2 in chips) 
Seat 5: herzeq ($3.39 in chips) 
Seat 6: #8#EH ($2.29 in chips) 
Seat 7: BanneyB ($2.14 in chips) 
Seat 8: Dorex2007 ($1.22 in chips) 
Seat 9: oli_KT_79 ($2.73 in chips) 
Double015: posts small blind $0.01
SkilfulAlex: posts big blind $0.02
*** HOLE CARDS ***
Dealt to Dorex2007 [2d 9h]
sergei123158: folds 
herzeq: folds 
#8#EH: folds 
BanneyB: folds 
Dorex2007: folds 
oli_KT_79: raises $0.04 to $0.06
ElGreco57: calls $0.06
Double015: calls $0.05
SkilfulAlex: folds 
*** FLOP *** [4d 5c Jh]
Double015: checks 
oli_KT_79: bets $0.08
ElGreco57: calls $0.08
Double015: folds 
*** TURN *** [4d 5c Jh] [8c]
oli_KT_79: bets $0.26
ElGreco57: calls $0.25 and is all-in
Uncalled bet ($0.01) returned to oli_KT_79
*** RIVER *** [4d 5c Jh 8c] [Qs]
*** SHOW DOWN ***
oli_KT_79: shows [Ah Js] (a pair of Jacks)
ElGreco57: shows [7c Jc] (a pair of Jacks - lower kicker)
oli_KT_79 collected $0.83 from pot
*** SUMMARY ***
Total pot $0.86 | Rake $0.03 
Board [4d 5c Jh 8c Qs]
Seat 1: ElGreco57 (button) showed [7c Jc] and lost with a pair of Jacks
Seat 2: Double015 (small blind) folded on the Flop
Seat 3: SkilfulAlex (big blind) folded before Flop
Seat 4: sergei123158 folded before Flop (didn't bet)
Seat 5: herzeq folded before Flop (didn't bet)
Seat 6: #8#EH folded before Flop (didn't bet)
Seat 7: BanneyB folded before Flop (didn't bet)
Seat 8: Dorex2007 folded before Flop (didn't bet)
Seat 9: oli_KT_79 showed [Ah Js] and won ($0.83) with a pair of Jacks



PokerStars Hand #223747228789:  Hold'em No Limit ($0.01/$0.02 USD) - 2021/02/12 19:22:36 PT [2021/02/12 22:22:36 ET]
Table 'Spitzer IV' 9-max Seat #2 is the button
Seat 2: Double015 ($1.12 in chips) 
Seat 3: SkilfulAlex ($0.88 in chips) 
Seat 4: sergei123158 ($2 in chips) 
Seat 5: herzeq ($3.39 in chips) 
Seat 6: #8#EH ($2.29 in chips) 
Seat 7: BanneyB ($2.14 in chips) 
Seat 8: Dorex2007 ($1.22 in chips) 
Seat 9: oli_KT_79 ($3.17 in chips) 
SkilfulAlex: posts small blind $0.01
sergei123158: posts big blind $0.02
*** HOLE CARDS ***
Dealt to Dorex2007 [8h 2s]
herzeq: folds 
#8#EH: folds 
ElGreco57 leaves the table
BanneyB: raises $0.08 to $0.10
Dorex2007: folds 
oli_KT_79: raises $2.82 to $2.92
Double015: calls $1.12 and is all-in
SkilfulAlex: folds 
sergei123158: folds 
BanneyB: calls $2.04 and is all-in
Uncalled bet ($0.78) returned to oli_KT_79
*** FLOP *** [2h Qc Jd]
*** TURN *** [2h Qc Jd] [7h]
*** RIVER *** [2h Qc Jd 7h] [9h]
*** SHOW DOWN ***
BanneyB: shows [Kc Kd] (a pair of Kings)
oli_KT_79: shows [Qh Qs] (three of a kind, Queens)
oli_KT_79 collected $1.97 from side pot
Double015: shows [Kh Td] (a straight, Nine to King)
Double015 collected $3.27 from main pot
BanneyB cashed out the hand for $4.01 | Cash Out Fee $0.04
*** SUMMARY ***
Total pot $5.43 Main pot $3.27. Side pot $1.97. | Rake $0.19 
Board [2h Qc Jd 7h 9h]
Seat 2: Double015 (button) showed [Kh Td] and won ($3.27) with a straight, Nine to King
Seat 3: SkilfulAlex (small blind) folded before Flop
Seat 4: sergei123158 (big blind) folded before Flop
Seat 5: herzeq folded before Flop (didn't bet)
Seat 6: #8#EH folded before Flop (didn't bet)
Seat 7: BanneyB showed [Kc Kd] and lost with a pair of Kings (cashed out).
Seat 8: Dorex2007 folded before Flop (didn't bet)
Seat 9: oli_KT_79 showed [Qh Qs] and won ($1.97) with three of a kind, Queens



PokerStars Hand #223747247509:  Hold'em No Limit ($0.01/$0.02 USD) - 2021/02/12 19:23:26 PT [2021/02/12 22:23:26 ET]
Table 'Spitzer IV' 9-max Seat #3 is the button
Seat 2: Double015 ($3.27 in chips) 
Seat 3: SkilfulAlex ($0.87 in chips) 
Seat 4: sergei123158 ($2 in chips) 
Seat 5: herzeq ($3.39 in chips) 
Seat 6: #8#EH ($2.29 in chips) 
Seat 7: BanneyB ($4.01 in chips) 
Seat 8: Dorex2007 ($1.22 in chips) 
Seat 9: oli_KT_79 ($3 in chips) 
sergei123158: posts small blind $0.01
herzeq: posts big blind $0.02
*** HOLE CARDS ***
Dealt to Dorex2007 [Kh 3d]
#8#EH: calls $0.02
BanneyB has timed out
BanneyB: folds 
Dorex2007: folds 
oli_KT_79: folds 
Double015: calls $0.02
SkilfulAlex: folds 
sergei123158: folds 
herzeq: checks 
*** FLOP *** [3s Qh 2d]
herzeq: checks 
#8#EH: bets $0.07
Double015: calls $0.07
herzeq: folds 
*** TURN *** [3s Qh 2d] [Jc]
#8#EH: checks 
Double015: checks 
*** RIVER *** [3s Qh 2d Jc] [7h]
#8#EH: bets $0.20
Double015: folds 
Uncalled bet ($0.20) returned to #8#EH
#8#EH collected $0.20 from pot
*** SUMMARY ***
Total pot $0.21 | Rake $0.01 
Board [3s Qh 2d Jc 7h]
Seat 2: Double015 folded on the River
Seat 3: SkilfulAlex (button) folded before Flop (didn't bet)
Seat 4: sergei123158 (small blind) folded before Flop
Seat 5: herzeq (big blind) folded on the Flop
Seat 6: #8#EH collected ($0.20)
Seat 7: BanneyB folded before Flop (didn't bet)
Seat 8: Dorex2007 folded before Flop (didn't bet)
Seat 9: oli_KT_79 folded before Flop (didn't bet)



PokerStars Hand #223747268612:  Hold'em No Limit ($0.01/$0.02 USD) - 2021/02/12 19:24:22 PT [2021/02/12 22:24:22 ET]
Table 'Spitzer IV' 9-max Seat #4 is the button
Seat 2: Double015 ($3.18 in chips) 
Seat 3: SkilfulAlex ($0.87 in chips) 
Seat 4: sergei123158 ($2 in chips) 
Seat 5: herzeq ($3.37 in chips) 
Seat 6: #8#EH ($2.40 in chips) 
Seat 8: Dorex2007 ($1.22 in chips) 
Seat 9: oli_KT_79 ($3 in chips) 
herzeq: posts small blind $0.01
#8#EH: posts big blind $0.02
*** HOLE CARDS ***
Dealt to Dorex2007 [5s Th]
Dorex2007: folds 
oli_KT_79: folds 
Double015: calls $0.02
SkilfulAlex: folds 
sergei123158: folds 
herzeq: folds 
#8#EH: checks 
*** FLOP *** [Ad 9h 2h]
#8#EH: checks 
Double015: checks 
*** TURN *** [Ad 9h 2h] [6d]
#8#EH: checks 
Double015: checks 
*** RIVER *** [Ad 9h 2h 6d] [5c]
#8#EH: checks 
Double015: checks 
*** SHOW DOWN ***
#8#EH: shows [Ks 8c] (high card Ace)
Double015: mucks hand 
#8#EH collected $0.05 from pot
*** SUMMARY ***
Total pot $0.05 | Rake $0 
Board [Ad 9h 2h 6d 5c]
Seat 2: Double015 mucked [Kc 4s]
Seat 3: SkilfulAlex folded before Flop (didn't bet)
Seat 4: sergei123158 (button) folded before Flop (didn't bet)
Seat 5: herzeq (small blind) folded before Flop
Seat 6: #8#EH (big blind) showed [Ks 8c] and won ($0.05) with high card Ace
Seat 8: Dorex2007 folded before Flop (didn't bet)
Seat 9: oli_KT_79 folded before Flop (didn't bet)



PokerStars Hand #223747277807:  Hold'em No Limit ($0.01/$0.02 USD) - 2021/02/12 19:24:46 PT [2021/02/12 22:24:46 ET]
Table 'Spitzer IV' 9-max Seat #5 is the button
Seat 2: Double015 ($3.16 in chips) 
Seat 3: SkilfulAlex ($0.87 in chips) 
Seat 4: sergei123158 ($2 in chips) 
Seat 5: herzeq ($3.36 in chips) 
Seat 6: #8#EH ($2.43 in chips) 
Seat 7: BanneyB ($4.01 in chips) 
Seat 8: Dorex2007 ($1.22 in chips) 
Seat 9: oli_KT_79 ($3 in chips) 
#8#EH: posts small blind $0.01
BanneyB: posts big blind $0.02
*** HOLE CARDS ***
Dealt to Dorex2007 [Jc Qd]
Dorex2007: calls $0.02
oli_KT_79: calls $0.02
Double015: calls $0.02
SkilfulAlex: folds 
sergei123158: folds 
herzeq: folds 
#8#EH: calls $0.01
BanneyB: raises $0.02 to $0.04
Dorex2007: calls $0.02
herzeq leaves the table
oli_KT_79: calls $0.02
Double015: calls $0.02
#8#EH: calls $0.02
*** FLOP *** [8d Qc Td]
#8#EH: checks 
BanneyB: checks 
Dorex2007: bets $0.19
oli_KT_79: folds 
Double015: folds 
#8#EH: calls $0.19
BanneyB: folds 
*** TURN *** [8d Qc Td] [As]
#8#EH: checks 
Dorex2007: bets $0.28
#8#EH: folds 
Uncalled bet ($0.28) returned to Dorex2007
Dorex2007 collected $0.56 from pot
Dorex2007: doesn't show hand 
Double015 leaves the table
*** SUMMARY ***
Total pot $0.58 | Rake $0.02 
Board [8d Qc Td As]
Seat 2: Double015 folded on the Flop
Seat 3: SkilfulAlex folded before Flop (didn't bet)
Seat 4: sergei123158 folded before Flop (didn't bet)
Seat 5: herzeq (button) folded before Flop (didn't bet)
Seat 6: #8#EH (small blind) folded on the Turn
Seat 7: BanneyB (big blind) folded on the Flop
Seat 8: Dorex2007 collected ($0.56)
Seat 9: oli_KT_79 folded on the Flop



PokerStars Hand #223747299961:  Hold'em No Limit ($0.01/$0.02 USD) - 2021/02/12 19:25:46 PT [2021/02/12 22:25:46 ET]
Table 'Spitzer IV' 9-max Seat #6 is the button
Seat 3: SkilfulAlex ($0.87 in chips) 
Seat 4: sergei123158 ($2 in chips) 
Seat 6: #8#EH ($2.20 in chips) 
Seat 7: BanneyB ($3.97 in chips) 
Seat 8: Dorex2007 ($1.55 in chips) 
Seat 9: oli_KT_79 ($2.96 in chips) 
BanneyB: posts small blind $0.01
Dorex2007: posts big blind $0.02
*** HOLE CARDS ***
Dealt to Dorex2007 [3d 7s]
oli_KT_79: raises $0.04 to $0.06
SkilfulAlex: folds 
sergei123158: folds 
#8#EH: folds 
BanneyB: folds 
Dorex2007: folds 
Uncalled bet ($0.04) returned to oli_KT_79
oli_KT_79 collected $0.05 from pot
oli_KT_79: doesn't show hand 
*** SUMMARY ***
Total pot $0.05 | Rake $0 
Seat 3: SkilfulAlex folded before Flop (didn't bet)
Seat 4: sergei123158 folded before Flop (didn't bet)
Seat 6: #8#EH (button) folded before Flop (didn't bet)
Seat 7: BanneyB (small blind) folded before Flop
Seat 8: Dorex2007 (big blind) folded before Flop
Seat 9: oli_KT_79 collected ($0.05)



PokerStars Hand #223747303890:  Hold'em No Limit ($0.01/$0.02 USD) - 2021/02/12 19:25:57 PT [2021/02/12 22:25:57 ET]
Table 'Spitzer IV' 9-max Seat #7 is the button
Seat 3: SkilfulAlex ($0.87 in chips) 
Seat 4: sergei123158 ($2 in chips) 
Seat 6: #8#EH ($2.20 in chips) 
Seat 7: BanneyB ($3.96 in chips) 
Seat 8: Dorex2007 ($1.53 in chips) 
Seat 9: oli_KT_79 ($2.99 in chips) 
Dorex2007: posts small blind $0.01
oli_KT_79: posts big blind $0.02
*** HOLE CARDS ***
Dealt to Dorex2007 [Ks 7s]
SkilfulAlex: folds 
sergei123158: folds 
#8#EH: folds 
BanneyB: calls $0.02
SkilfulAlex leaves the table
Dorex2007: calls $0.01
oli_KT_79: checks 
*** FLOP *** [Ah 5h Ts]
Dorex2007: checks 
oli_KT_79: checks 
sergei123158 leaves the table
BanneyB: bets $0.04
Dorex2007: folds 
oli_KT_79: folds 
Uncalled bet ($0.04) returned to BanneyB
BanneyB collected $0.06 from pot
BanneyB: doesn't show hand 
*** SUMMARY ***
Total pot $0.06 | Rake $0 
Board [Ah 5h Ts]
Seat 3: SkilfulAlex folded before Flop (didn't bet)
Seat 4: sergei123158 folded before Flop (didn't bet)
Seat 6: #8#EH folded before Flop (didn't bet)
Seat 7: BanneyB (button) collected ($0.06)
Seat 8: Dorex2007 (small blind) folded on the Flop
Seat 9: oli_KT_79 (big blind) folded on the Flop



