PokerStars Hand #228299245880:  Hold'em No Limit ($0.01/$0.02 USD) - 2021/07/14 19:58:05 PT [2021/07/14 22:58:05 ET]
Table 'Raissa' 9-max Seat #6 is the button
Seat 1: Blufferin142 ($1.38 in chips) 
Seat 3: manati80 ($2.87 in chips) 
Seat 4: pipistranieri ($0.54 in chips) 
Seat 5: YodaX23 ($2.03 in chips) 
Seat 6: 51_Petr ($2 in chips) 
Seat 7: McBitter31 ($2.47 in chips) 
Seat 8: Dorex2007 ($2 in chips) 
Seat 9: Xósem ($1.51 in chips) 
McBitter31: posts small blind $0.01
Dorex2007: posts big blind $0.02
*** HOLE CARDS ***
Dealt to Dorex2007 [8h 4d]
Xósem: folds 
Blufferin142: calls $0.02
manati80: calls $0.02
pipistranieri: folds 
YodaX23: folds 
51_Petr: folds 
McBitter31: folds 
Dorex2007: checks 
*** FLOP *** [Js 2d 4c]
Dorex2007: checks 
Blufferin142: checks 
manati80: checks 
*** TURN *** [Js 2d 4c] [Qh]
Dorex2007: checks 
Blufferin142: checks 
manati80: bets $0.06
Dorex2007: folds 
Blufferin142: folds 
Uncalled bet ($0.06) returned to manati80
manati80 collected $0.07 from pot
manati80: doesn't show hand 
*** SUMMARY ***
Total pot $0.07 | Rake $0 
Board [Js 2d 4c Qh]
Seat 1: Blufferin142 folded on the Turn
Seat 3: manati80 collected ($0.07)
Seat 4: pipistranieri folded before Flop (didn't bet)
Seat 5: YodaX23 folded before Flop (didn't bet)
Seat 6: 51_Petr (button) folded before Flop (didn't bet)
Seat 7: McBitter31 (small blind) folded before Flop
Seat 8: Dorex2007 (big blind) folded on the Turn
Seat 9: Xósem folded before Flop (didn't bet)



PokerStars Hand #228299252791:  Hold'em No Limit ($0.01/$0.02 USD) - 2021/07/14 19:58:50 PT [2021/07/14 22:58:50 ET]
Table 'Raissa' 9-max Seat #7 is the button
Seat 1: Blufferin142 ($1.36 in chips) 
Seat 3: manati80 ($2.92 in chips) 
Seat 4: pipistranieri ($0.54 in chips) 
Seat 5: YodaX23 ($2.03 in chips) 
Seat 6: 51_Petr ($2 in chips) 
Seat 7: McBitter31 ($2.46 in chips) 
Seat 8: Dorex2007 ($1.98 in chips) 
Seat 9: Xósem ($1.51 in chips) 
Dorex2007: posts small blind $0.01
Xósem: posts big blind $0.02
*** HOLE CARDS ***
Dealt to Dorex2007 [8c 2s]
Blufferin142: calls $0.02
manati80: calls $0.02
pipistranieri: folds 
YodaX23: calls $0.02
51_Petr: folds 
McBitter31: folds 
Dorex2007: folds 
Xósem: checks 
*** FLOP *** [Qd Jd Ac]
Xósem: checks 
Blufferin142: checks 
manati80: bets $0.02
YodaX23: raises $0.04 to $0.06
Xósem: folds 
Blufferin142: folds 
manati80: calls $0.04
*** TURN *** [Qd Jd Ac] [3h]
manati80: checks 
YodaX23: bets $0.10
manati80: folds [Ad]
Uncalled bet ($0.10) returned to YodaX23
YodaX23 collected $0.20 from pot
*** SUMMARY ***
Total pot $0.21 | Rake $0.01 
Board [Qd Jd Ac 3h]
Seat 1: Blufferin142 folded on the Flop
Seat 3: manati80 folded on the Turn
Seat 4: pipistranieri folded before Flop (didn't bet)
Seat 5: YodaX23 collected ($0.20)
Seat 6: 51_Petr folded before Flop (didn't bet)
Seat 7: McBitter31 (button) folded before Flop (didn't bet)
Seat 8: Dorex2007 (small blind) folded before Flop
Seat 9: Xósem (big blind) folded on the Flop



PokerStars Hand #228299261264:  Hold'em No Limit ($0.01/$0.02 USD) - 2021/07/14 19:59:46 PT [2021/07/14 22:59:46 ET]
Table 'Raissa' 9-max Seat #8 is the button
Seat 1: Blufferin142 ($1.34 in chips) 
Seat 3: manati80 ($2.84 in chips) 
Seat 4: pipistranieri ($0.54 in chips) 
Seat 5: YodaX23 ($2.15 in chips) 
Seat 6: 51_Petr ($2 in chips) 
Seat 7: McBitter31 ($2.46 in chips) 
Seat 8: Dorex2007 ($1.97 in chips) 
Seat 9: Xósem ($1.49 in chips) 
Xósem: posts small blind $0.01
Blufferin142: posts big blind $0.02
*** HOLE CARDS ***
Dealt to Dorex2007 [Ac 3h]
manati80: raises $0.04 to $0.06
pipistranieri: folds 
YodaX23: folds 
51_Petr: folds 
McBitter31: folds 
Dorex2007: folds 
Xósem: folds 
Blufferin142: folds 
Uncalled bet ($0.04) returned to manati80
manati80 collected $0.05 from pot
manati80: doesn't show hand 
*** SUMMARY ***
Total pot $0.05 | Rake $0 
Seat 1: Blufferin142 (big blind) folded before Flop
Seat 3: manati80 collected ($0.05)
Seat 4: pipistranieri folded before Flop (didn't bet)
Seat 5: YodaX23 folded before Flop (didn't bet)
Seat 6: 51_Petr folded before Flop (didn't bet)
Seat 7: McBitter31 folded before Flop (didn't bet)
Seat 8: Dorex2007 (button) folded before Flop (didn't bet)
Seat 9: Xósem (small blind) folded before Flop



PokerStars Hand #228299264156:  Hold'em No Limit ($0.01/$0.02 USD) - 2021/07/14 20:00:04 PT [2021/07/14 23:00:04 ET]
Table 'Raissa' 9-max Seat #9 is the button
Seat 1: Blufferin142 ($1.32 in chips) 
Seat 3: manati80 ($2.87 in chips) 
Seat 4: pipistranieri ($0.54 in chips) 
Seat 5: YodaX23 ($2.15 in chips) 
Seat 6: 51_Petr ($2 in chips) 
Seat 7: McBitter31 ($2.46 in chips) 
Seat 8: Dorex2007 ($1.97 in chips) 
Seat 9: Xósem ($1.48 in chips) 
Blufferin142: posts small blind $0.01
manati80: posts big blind $0.02
*** HOLE CARDS ***
Dealt to Dorex2007 [2h Jh]
pipistranieri: folds 
YodaX23: raises $0.03 to $0.05
51_Petr: folds 
McBitter31: folds 
Dorex2007: folds 
Xósem: calls $0.05
Blufferin142: folds 
manati80: calls $0.03
*** FLOP *** [Qd 9h 8c]
manati80: checks 
YodaX23: bets $0.08
Xósem: folds 
manati80: folds 
Uncalled bet ($0.08) returned to YodaX23
YodaX23 collected $0.15 from pot
*** SUMMARY ***
Total pot $0.16 | Rake $0.01 
Board [Qd 9h 8c]
Seat 1: Blufferin142 (small blind) folded before Flop
Seat 3: manati80 (big blind) folded on the Flop
Seat 4: pipistranieri folded before Flop (didn't bet)
Seat 5: YodaX23 collected ($0.15)
Seat 6: 51_Petr folded before Flop (didn't bet)
Seat 7: McBitter31 folded before Flop (didn't bet)
Seat 8: Dorex2007 folded before Flop (didn't bet)
Seat 9: Xósem (button) folded on the Flop



PokerStars Hand #228299271414:  Hold'em No Limit ($0.01/$0.02 USD) - 2021/07/14 20:00:47 PT [2021/07/14 23:00:47 ET]
Table 'Raissa' 9-max Seat #1 is the button
Seat 1: Blufferin142 ($1.31 in chips) 
Seat 3: manati80 ($2.82 in chips) 
Seat 4: pipistranieri ($0.54 in chips) 
Seat 5: YodaX23 ($2.25 in chips) 
Seat 6: 51_Petr ($2 in chips) 
Seat 7: McBitter31 ($2.46 in chips) 
Seat 8: Dorex2007 ($1.97 in chips) 
Seat 9: Xósem ($1.43 in chips) 
manati80: posts small blind $0.01
pipistranieri: posts big blind $0.02
*** HOLE CARDS ***
Dealt to Dorex2007 [Kc 9d]
YodaX23: raises $0.03 to $0.05
51_Petr: folds 
McBitter31: folds 
Dorex2007: folds 
Xósem: folds 
Blufferin142: folds 
manati80: folds 
pipistranieri: calls $0.03
*** FLOP *** [2h 3d Jh]
pipistranieri: checks 
YodaX23: checks 
*** TURN *** [2h 3d Jh] [Th]
pipistranieri: checks 
YodaX23: bets $0.06
pipistranieri: folds 
Uncalled bet ($0.06) returned to YodaX23
YodaX23 collected $0.11 from pot
*** SUMMARY ***
Total pot $0.11 | Rake $0 
Board [2h 3d Jh Th]
Seat 1: Blufferin142 (button) folded before Flop (didn't bet)
Seat 3: manati80 (small blind) folded before Flop
Seat 4: pipistranieri (big blind) folded on the Turn
Seat 5: YodaX23 collected ($0.11)
Seat 6: 51_Petr folded before Flop (didn't bet)
Seat 7: McBitter31 folded before Flop (didn't bet)
Seat 8: Dorex2007 folded before Flop (didn't bet)
Seat 9: Xósem folded before Flop (didn't bet)



PokerStars Hand #228299278174:  Hold'em No Limit ($0.01/$0.02 USD) - 2021/07/14 20:01:26 PT [2021/07/14 23:01:26 ET]
Table 'Raissa' 9-max Seat #3 is the button
Seat 1: Blufferin142 ($1.31 in chips) 
Seat 3: manati80 ($2.81 in chips) 
Seat 4: pipistranieri ($0.49 in chips) 
Seat 5: YodaX23 ($2.31 in chips) 
Seat 6: 51_Petr ($2 in chips) 
Seat 7: McBitter31 ($2.46 in chips) 
Seat 8: Dorex2007 ($1.97 in chips) 
Seat 9: Xósem ($1.43 in chips) 
pipistranieri: posts small blind $0.01
YodaX23: posts big blind $0.02
*** HOLE CARDS ***
Dealt to Dorex2007 [As Qc]
51_Petr: folds 
McBitter31: folds 
Dorex2007: raises $0.04 to $0.06
Xósem: calls $0.06
Blufferin142: folds 
manati80: folds 
pipistranieri: folds 
YodaX23: calls $0.04
*** FLOP *** [7d 3s 9s]
YodaX23: checks 
Dorex2007: checks 
Xósem: bets $0.09
YodaX23: folds 
Dorex2007: calls $0.09
*** TURN *** [7d 3s 9s] [2h]
Dorex2007: checks 
Xósem: bets $0.18
Dorex2007: calls $0.18
*** RIVER *** [7d 3s 9s 2h] [8s]
Dorex2007: bets $0.47
Xósem: calls $0.47
*** SHOW DOWN ***
Dorex2007: shows [As Qc] (high card Ace)
Xósem: shows [3c 3d] (three of a kind, Threes)
Xósem collected $1.61 from pot
*** SUMMARY ***
Total pot $1.67 | Rake $0.06 
Board [7d 3s 9s 2h 8s]
Seat 1: Blufferin142 folded before Flop (didn't bet)
Seat 3: manati80 (button) folded before Flop (didn't bet)
Seat 4: pipistranieri (small blind) folded before Flop
Seat 5: YodaX23 (big blind) folded on the Flop
Seat 6: 51_Petr folded before Flop (didn't bet)
Seat 7: McBitter31 folded before Flop (didn't bet)
Seat 8: Dorex2007 showed [As Qc] and lost with high card Ace
Seat 9: Xósem showed [3c 3d] and won ($1.61) with three of a kind, Threes



PokerStars Hand #228299301697:  Hold'em No Limit ($0.01/$0.02 USD) - 2021/07/14 20:02:40 PT [2021/07/14 23:02:40 ET]
Table 'Raissa' 9-max Seat #4 is the button
Seat 1: Blufferin142 ($1.31 in chips) 
Seat 3: manati80 ($2.81 in chips) 
Seat 4: pipistranieri ($0.80 in chips) 
Seat 5: YodaX23 ($2.25 in chips) 
Seat 6: 51_Petr ($2 in chips) 
Seat 7: McBitter31 ($2.46 in chips) 
Seat 8: Dorex2007 ($1.17 in chips) 
Seat 9: Xósem ($2.24 in chips) 
YodaX23: posts small blind $0.01
51_Petr: posts big blind $0.02
*** HOLE CARDS ***
Dealt to Dorex2007 [7h As]
McBitter31: folds 
Dorex2007: folds 
Xósem: calls $0.02
Blufferin142: calls $0.02
manati80: raises $0.04 to $0.06
pipistranieri: folds 
YodaX23: folds 
51_Petr: calls $0.04
Xósem: calls $0.04
Blufferin142: calls $0.04
*** FLOP *** [9h 5h 6s]
51_Petr: checks 
Xósem: checks 
Blufferin142: checks 
manati80: bets $0.24
51_Petr: folds 
Xósem: raises $0.24 to $0.48
Blufferin142: folds 
manati80: calls $0.24
*** TURN *** [9h 5h 6s] [Js]
Xósem: checks 
manati80: bets $0.59
Xósem: raises $0.59 to $1.18
manati80: calls $0.59
*** RIVER *** [9h 5h 6s Js] [Ts]
Xósem: checks 
manati80: checks 
*** SHOW DOWN ***
Xósem: shows [5s 5d] (three of a kind, Fives)
manati80: mucks hand 
Xósem collected $3.45 from pot
*** SUMMARY ***
Total pot $3.57 | Rake $0.12 
Board [9h 5h 6s Js Ts]
Seat 1: Blufferin142 folded on the Flop
Seat 3: manati80 mucked [Qc Qd]
Seat 4: pipistranieri (button) folded before Flop (didn't bet)
Seat 5: YodaX23 (small blind) folded before Flop
Seat 6: 51_Petr (big blind) folded on the Flop
Seat 7: McBitter31 folded before Flop (didn't bet)
Seat 8: Dorex2007 folded before Flop (didn't bet)
Seat 9: Xósem showed [5s 5d] and won ($3.45) with three of a kind, Fives



PokerStars Hand #228299318399:  Hold'em No Limit ($0.01/$0.02 USD) - 2021/07/14 20:04:04 PT [2021/07/14 23:04:04 ET]
Table 'Raissa' 9-max Seat #5 is the button
Seat 1: Blufferin142 ($1.25 in chips) 
Seat 3: manati80 ($1.09 in chips) 
Seat 4: pipistranieri ($0.80 in chips) 
Seat 5: YodaX23 ($2.24 in chips) 
Seat 6: 51_Petr ($2 in chips) 
Seat 7: McBitter31 ($2.46 in chips) 
Seat 8: Dorex2007 ($1.97 in chips) 
Seat 9: Xósem ($3.97 in chips) 
51_Petr: posts small blind $0.01
McBitter31: posts big blind $0.02
*** HOLE CARDS ***
Dealt to Dorex2007 [7h Tc]
Dorex2007: calls $0.02
Xósem: folds 
Blufferin142: calls $0.02
manati80: calls $0.02
pipistranieri: folds 
YodaX23: raises $0.03 to $0.05
51_Petr: folds 
McBitter31: folds 
Dorex2007: folds 
Blufferin142: calls $0.03
manati80: calls $0.03
*** FLOP *** [6s Qc 8c]
Blufferin142: checks 
manati80: bets $0.04
YodaX23: calls $0.04
Blufferin142: calls $0.04
*** TURN *** [6s Qc 8c] [7s]
Blufferin142: checks 
manati80: bets $0.04
YodaX23: calls $0.04
Blufferin142: folds 
*** RIVER *** [6s Qc 8c 7s] [2h]
manati80: bets $0.04
YodaX23: calls $0.04
*** SHOW DOWN ***
manati80: shows [9c 9h] (a pair of Nines)
YodaX23: mucks hand 
manati80 collected $0.46 from pot
*** SUMMARY ***
Total pot $0.48 | Rake $0.02 
Board [6s Qc 8c 7s 2h]
Seat 1: Blufferin142 folded on the Turn
Seat 3: manati80 showed [9c 9h] and won ($0.46) with a pair of Nines
Seat 4: pipistranieri folded before Flop (didn't bet)
Seat 5: YodaX23 (button) mucked [Kd 8d]
Seat 6: 51_Petr (small blind) folded before Flop
Seat 7: McBitter31 (big blind) folded before Flop
Seat 8: Dorex2007 folded before Flop
Seat 9: Xósem folded before Flop (didn't bet)



PokerStars Hand #228299331197:  Hold'em No Limit ($0.01/$0.02 USD) - 2021/07/14 20:05:14 PT [2021/07/14 23:05:14 ET]
Table 'Raissa' 9-max Seat #6 is the button
Seat 1: Blufferin142 ($1.16 in chips) 
Seat 3: manati80 ($1.38 in chips) 
Seat 4: pipistranieri ($0.80 in chips) 
Seat 5: YodaX23 ($2.07 in chips) 
Seat 6: 51_Petr ($2 in chips) 
Seat 7: McBitter31 ($2.44 in chips) 
Seat 8: Dorex2007 ($1.95 in chips) 
Seat 9: Xósem ($3.97 in chips) 
McBitter31: posts small blind $0.01
Dorex2007: posts big blind $0.02
*** HOLE CARDS ***
Dealt to Dorex2007 [9s 9c]
Xósem: folds 
Blufferin142: folds 
manati80: calls $0.02
pipistranieri: folds 
YodaX23: folds 
51_Petr: folds 
McBitter31: raises $0.06 to $0.08
Dorex2007: calls $0.06
manati80: calls $0.06
*** FLOP *** [Jh Td Ac]
McBitter31: bets $0.12
Dorex2007: folds 
manati80: folds 
Uncalled bet ($0.12) returned to McBitter31
McBitter31 collected $0.23 from pot
McBitter31: doesn't show hand 
*** SUMMARY ***
Total pot $0.24 | Rake $0.01 
Board [Jh Td Ac]
Seat 1: Blufferin142 folded before Flop (didn't bet)
Seat 3: manati80 folded on the Flop
Seat 4: pipistranieri folded before Flop (didn't bet)
Seat 5: YodaX23 folded before Flop (didn't bet)
Seat 6: 51_Petr (button) folded before Flop (didn't bet)
Seat 7: McBitter31 (small blind) collected ($0.23)
Seat 8: Dorex2007 (big blind) folded on the Flop
Seat 9: Xósem folded before Flop (didn't bet)



PokerStars Hand #228299336079:  Hold'em No Limit ($0.01/$0.02 USD) - 2021/07/14 20:05:41 PT [2021/07/14 23:05:41 ET]
Table 'Raissa' 9-max Seat #7 is the button
Seat 1: Blufferin142 ($1.16 in chips) 
Seat 3: manati80 ($1.30 in chips) 
Seat 4: pipistranieri ($0.80 in chips) 
Seat 5: YodaX23 ($2.07 in chips) 
Seat 6: 51_Petr ($2 in chips) 
Seat 7: McBitter31 ($2.59 in chips) 
Seat 8: Dorex2007 ($1.87 in chips) 
Seat 9: Xósem ($3.97 in chips) 
Dorex2007: posts small blind $0.01
Xósem: posts big blind $0.02
*** HOLE CARDS ***
Dealt to Dorex2007 [Ks Th]
Blufferin142: folds 
manati80: folds 
pipistranieri: folds 
YodaX23: raises $0.03 to $0.05
51_Petr: folds 
McBitter31: folds 
Dorex2007: calls $0.04
Xósem: folds 
*** FLOP *** [As 7d 7s]
Dorex2007: bets $0.08
YodaX23: folds 
Uncalled bet ($0.08) returned to Dorex2007
Dorex2007 collected $0.12 from pot
Dorex2007: doesn't show hand 
*** SUMMARY ***
Total pot $0.12 | Rake $0 
Board [As 7d 7s]
Seat 1: Blufferin142 folded before Flop (didn't bet)
Seat 3: manati80 folded before Flop (didn't bet)
Seat 4: pipistranieri folded before Flop (didn't bet)
Seat 5: YodaX23 folded on the Flop
Seat 6: 51_Petr folded before Flop (didn't bet)
Seat 7: McBitter31 (button) folded before Flop (didn't bet)
Seat 8: Dorex2007 (small blind) collected ($0.12)
Seat 9: Xósem (big blind) folded before Flop



PokerStars Hand #228299341390:  Hold'em No Limit ($0.01/$0.02 USD) - 2021/07/14 20:06:11 PT [2021/07/14 23:06:11 ET]
Table 'Raissa' 9-max Seat #8 is the button
Seat 1: Blufferin142 ($1.16 in chips) 
Seat 3: manati80 ($1.30 in chips) 
Seat 4: pipistranieri ($0.80 in chips) 
Seat 5: YodaX23 ($2.02 in chips) 
Seat 6: 51_Petr ($2 in chips) 
Seat 7: McBitter31 ($2.59 in chips) 
Seat 8: Dorex2007 ($1.94 in chips) 
Seat 9: Xósem ($3.95 in chips) 
Xósem: posts small blind $0.01
Blufferin142: posts big blind $0.02
*** HOLE CARDS ***
Dealt to Dorex2007 [8h 3s]
manati80: folds 
pipistranieri: calls $0.02
YodaX23: folds 
51_Petr: folds 
McBitter31: folds 
Dorex2007: folds 
Xósem: calls $0.01
Blufferin142: checks 
*** FLOP *** [9s 3h 8c]
Xósem: checks 
Blufferin142: checks 
pipistranieri: checks 
*** TURN *** [9s 3h 8c] [6d]
Xósem: checks 
Blufferin142: checks 
pipistranieri: checks 
*** RIVER *** [9s 3h 8c 6d] [Ts]
Xósem: checks 
Blufferin142: checks 
pipistranieri: checks 
*** SHOW DOWN ***
Xósem: shows [4d 8s] (a pair of Eights)
Blufferin142: shows [9d 5s] (a pair of Nines)
pipistranieri: shows [Kc Th] (a pair of Tens)
pipistranieri collected $0.06 from pot
*** SUMMARY ***
Total pot $0.06 | Rake $0 
Board [9s 3h 8c 6d Ts]
Seat 1: Blufferin142 (big blind) showed [9d 5s] and lost with a pair of Nines
Seat 3: manati80 folded before Flop (didn't bet)
Seat 4: pipistranieri showed [Kc Th] and won ($0.06) with a pair of Tens
Seat 5: YodaX23 folded before Flop (didn't bet)
Seat 6: 51_Petr folded before Flop (didn't bet)
Seat 7: McBitter31 folded before Flop (didn't bet)
Seat 8: Dorex2007 (button) folded before Flop (didn't bet)
Seat 9: Xósem (small blind) showed [4d 8s] and lost with a pair of Eights



PokerStars Hand #228299351798:  Hold'em No Limit ($0.01/$0.02 USD) - 2021/07/14 20:07:08 PT [2021/07/14 23:07:08 ET]
Table 'Raissa' 9-max Seat #9 is the button
Seat 1: Blufferin142 ($1.14 in chips) 
Seat 3: manati80 ($1.30 in chips) 
Seat 4: pipistranieri ($0.84 in chips) 
Seat 5: YodaX23 ($2.02 in chips) 
Seat 6: 51_Petr ($2 in chips) 
Seat 7: McBitter31 ($2.59 in chips) 
Seat 8: Dorex2007 ($1.94 in chips) 
Seat 9: Xósem ($3.93 in chips) 
Blufferin142: posts small blind $0.01
manati80: posts big blind $0.02
*** HOLE CARDS ***
Dealt to Dorex2007 [6s 8c]
pipistranieri: folds 
YodaX23: calls $0.02
51_Petr: folds 
McBitter31: raises $0.07 to $0.09
Dorex2007: folds 
Xósem: folds 
Blufferin142: folds 
manati80: calls $0.07
YodaX23: folds 
*** FLOP *** [7s 3h Jd]
manati80: checks 
McBitter31: bets $0.10
manati80: calls $0.10
*** TURN *** [7s 3h Jd] [2h]
manati80: checks 
McBitter31: bets $0.20
manati80: calls $0.20
*** RIVER *** [7s 3h Jd 2h] [5c]
manati80: checks 
McBitter31: bets $0.45
manati80: raises $0.46 to $0.91 and is all-in
McBitter31: folds 
Uncalled bet ($0.46) returned to manati80
manati80 collected $1.65 from pot
manati80: doesn't show hand 
*** SUMMARY ***
Total pot $1.71 | Rake $0.06 
Board [7s 3h Jd 2h 5c]
Seat 1: Blufferin142 (small blind) folded before Flop
Seat 3: manati80 (big blind) collected ($1.65)
Seat 4: pipistranieri folded before Flop (didn't bet)
Seat 5: YodaX23 folded before Flop
Seat 6: 51_Petr folded before Flop (didn't bet)
Seat 7: McBitter31 folded on the River
Seat 8: Dorex2007 folded before Flop (didn't bet)
Seat 9: Xósem (button) folded before Flop (didn't bet)



PokerStars Hand #228299367019:  Hold'em No Limit ($0.01/$0.02 USD) - 2021/07/14 20:08:28 PT [2021/07/14 23:08:28 ET]
Table 'Raissa' 9-max Seat #1 is the button
Seat 1: Blufferin142 ($1.13 in chips) 
Seat 3: manati80 ($2.11 in chips) 
Seat 4: pipistranieri ($0.84 in chips) 
Seat 5: YodaX23 ($2 in chips) 
Seat 6: 51_Petr ($2 in chips) 
Seat 7: McBitter31 ($1.75 in chips) 
Seat 8: Dorex2007 ($1.94 in chips) 
Seat 9: Xósem ($3.93 in chips) 
manati80: posts small blind $0.01
pipistranieri: posts big blind $0.02
*** HOLE CARDS ***
Dealt to Dorex2007 [2s 3c]
YodaX23: folds 
51_Petr: folds 
McBitter31: folds 
Dorex2007: folds 
Xósem: folds 
Blufferin142: folds 
manati80: calls $0.01
pipistranieri: checks 
*** FLOP *** [Kc Tc Td]
manati80 said, "j7"
manati80: checks 
pipistranieri: checks 
*** TURN *** [Kc Tc Td] [Ks]
manati80: checks 
pipistranieri: checks 
*** RIVER *** [Kc Tc Td Ks] [5c]
manati80: checks 
pipistranieri: checks 
*** SHOW DOWN ***
manati80: shows [7s Qs] (two pair, Kings and Tens)
pipistranieri: mucks hand 
manati80 collected $0.04 from pot
*** SUMMARY ***
Total pot $0.04 | Rake $0 
Board [Kc Tc Td Ks 5c]
Seat 1: Blufferin142 (button) folded before Flop (didn't bet)
Seat 3: manati80 (small blind) showed [7s Qs] and won ($0.04) with two pair, Kings and Tens
Seat 4: pipistranieri (big blind) mucked [2h 8h]
Seat 5: YodaX23 folded before Flop (didn't bet)
Seat 6: 51_Petr folded before Flop (didn't bet)
Seat 7: McBitter31 folded before Flop (didn't bet)
Seat 8: Dorex2007 folded before Flop (didn't bet)
Seat 9: Xósem folded before Flop (didn't bet)



PokerStars Hand #228299373348:  Hold'em No Limit ($0.01/$0.02 USD) - 2021/07/14 20:09:04 PT [2021/07/14 23:09:04 ET]
Table 'Raissa' 9-max Seat #3 is the button
Seat 1: Blufferin142 ($1.13 in chips) 
Seat 3: manati80 ($2.13 in chips) 
Seat 4: pipistranieri ($0.82 in chips) 
Seat 5: YodaX23 ($2 in chips) 
Seat 6: 51_Petr ($2 in chips) 
Seat 7: McBitter31 ($1.75 in chips) 
Seat 8: Dorex2007 ($1.94 in chips) 
Seat 9: Xósem ($3.93 in chips) 
pipistranieri: posts small blind $0.01
YodaX23: posts big blind $0.02
*** HOLE CARDS ***
Dealt to Dorex2007 [9d 8c]
51_Petr: folds 
McBitter31: raises $0.04 to $0.06
Dorex2007: folds 
Xósem: folds 
Blufferin142: folds 
manati80: calls $0.06
pipistranieri: folds 
YodaX23: calls $0.04
*** FLOP *** [4d Th Ad]
YodaX23: checks 
McBitter31: bets $0.10
manati80: folds 
YodaX23: calls $0.10
*** TURN *** [4d Th Ad] [4s]
YodaX23: checks 
McBitter31: bets $0.24
YodaX23: folds 
Uncalled bet ($0.24) returned to McBitter31
McBitter31 collected $0.38 from pot
McBitter31: doesn't show hand 
*** SUMMARY ***
Total pot $0.39 | Rake $0.01 
Board [4d Th Ad 4s]
Seat 1: Blufferin142 folded before Flop (didn't bet)
Seat 3: manati80 (button) folded on the Flop
Seat 4: pipistranieri (small blind) folded before Flop
Seat 5: YodaX23 (big blind) folded on the Turn
Seat 6: 51_Petr folded before Flop (didn't bet)
Seat 7: McBitter31 collected ($0.38)
Seat 8: Dorex2007 folded before Flop (didn't bet)
Seat 9: Xósem folded before Flop (didn't bet)



PokerStars Hand #228299383207:  Hold'em No Limit ($0.01/$0.02 USD) - 2021/07/14 20:09:59 PT [2021/07/14 23:09:59 ET]
Table 'Raissa' 9-max Seat #4 is the button
Seat 1: Blufferin142 ($1.13 in chips) 
Seat 3: manati80 ($2.07 in chips) 
Seat 4: pipistranieri ($0.81 in chips) 
Seat 5: YodaX23 ($1.84 in chips) 
Seat 6: 51_Petr ($2 in chips) 
Seat 7: McBitter31 ($1.97 in chips) 
Seat 8: Dorex2007 ($1.94 in chips) 
Seat 9: Xósem ($3.93 in chips) 
YodaX23: posts small blind $0.01
51_Petr: posts big blind $0.02
*** HOLE CARDS ***
Dealt to Dorex2007 [8s Ts]
McBitter31: raises $0.05 to $0.07
Dorex2007: folds 
Xósem: folds 
Blufferin142: folds 
manati80: calls $0.07
pipistranieri: folds 
YodaX23: folds 
51_Petr: folds 
*** FLOP *** [Ac Qc Ks]
McBitter31: bets $0.10
manati80: folds 
Uncalled bet ($0.10) returned to McBitter31
McBitter31 collected $0.16 from pot
McBitter31: doesn't show hand 
*** SUMMARY ***
Total pot $0.17 | Rake $0.01 
Board [Ac Qc Ks]
Seat 1: Blufferin142 folded before Flop (didn't bet)
Seat 3: manati80 folded on the Flop
Seat 4: pipistranieri (button) folded before Flop (didn't bet)
Seat 5: YodaX23 (small blind) folded before Flop
Seat 6: 51_Petr (big blind) folded before Flop
Seat 7: McBitter31 collected ($0.16)
Seat 8: Dorex2007 folded before Flop (didn't bet)
Seat 9: Xósem folded before Flop (didn't bet)



PokerStars Hand #228299387340:  Hold'em No Limit ($0.01/$0.02 USD) - 2021/07/14 20:10:22 PT [2021/07/14 23:10:22 ET]
Table 'Raissa' 9-max Seat #5 is the button
Seat 1: Blufferin142 ($1.13 in chips) 
Seat 3: manati80 ($2 in chips) 
Seat 4: pipistranieri ($0.81 in chips) 
Seat 5: YodaX23 ($1.83 in chips) 
Seat 6: 51_Petr ($2 in chips) 
Seat 7: McBitter31 ($2.06 in chips) 
Seat 8: Dorex2007 ($1.94 in chips) 
Seat 9: Xósem ($3.93 in chips) 
51_Petr: posts small blind $0.01
McBitter31: posts big blind $0.02
*** HOLE CARDS ***
Dealt to Dorex2007 [3d Td]
Dorex2007: folds 
Xósem: folds 
Blufferin142: folds 
manati80: folds 
pipistranieri: folds 
YodaX23 has timed out
YodaX23: folds 
51_Petr: folds 
Uncalled bet ($0.01) returned to McBitter31
McBitter31 collected $0.02 from pot
McBitter31: doesn't show hand 
*** SUMMARY ***
Total pot $0.02 | Rake $0 
Seat 1: Blufferin142 folded before Flop (didn't bet)
Seat 3: manati80 folded before Flop (didn't bet)
Seat 4: pipistranieri folded before Flop (didn't bet)
Seat 5: YodaX23 (button) folded before Flop (didn't bet)
Seat 6: 51_Petr (small blind) folded before Flop
Seat 7: McBitter31 (big blind) collected ($0.02)
Seat 8: Dorex2007 folded before Flop (didn't bet)
Seat 9: Xósem folded before Flop (didn't bet)



PokerStars Hand #228299402631:  Hold'em No Limit ($0.01/$0.02 USD) - 2021/07/14 20:10:52 PT [2021/07/14 23:10:52 ET]
Table 'Raissa' 9-max Seat #6 is the button
Seat 1: Blufferin142 ($1.13 in chips) 
Seat 3: manati80 ($2 in chips) 
Seat 4: pipistranieri ($0.81 in chips) 
Seat 5: YodaX23 ($1.83 in chips) 
Seat 6: 51_Petr ($2 in chips) 
Seat 7: McBitter31 ($2.07 in chips) 
Seat 8: Dorex2007 ($1.94 in chips) 
Seat 9: Xósem ($3.93 in chips) 
McBitter31: posts small blind $0.01
Dorex2007: posts big blind $0.02
*** HOLE CARDS ***
Dealt to Dorex2007 [Qd Tc]
Xósem: folds 
Blufferin142: calls $0.02
manati80: calls $0.02
pipistranieri: folds 
YodaX23: folds 
51_Petr: folds 
McBitter31: folds 
Dorex2007: checks 
*** FLOP *** [8h 8s Qc]
Dorex2007: bets $0.07
Blufferin142: folds 
manati80: calls $0.07
*** TURN *** [8h 8s Qc] [5h]
Dorex2007: checks 
manati80: bets $0.20
Dorex2007: calls $0.20
*** RIVER *** [8h 8s Qc 5h] [9c]
Dorex2007: bets $0.14
manati80: calls $0.14
*** SHOW DOWN ***
Dorex2007: shows [Qd Tc] (two pair, Queens and Eights)
manati80: shows [Kh Qh] (two pair, Queens and Eights - King kicker)
manati80 collected $0.86 from pot
*** SUMMARY ***
Total pot $0.89 | Rake $0.03 
Board [8h 8s Qc 5h 9c]
Seat 1: Blufferin142 folded on the Flop
Seat 3: manati80 showed [Kh Qh] and won ($0.86) with two pair, Queens and Eights
Seat 4: pipistranieri folded before Flop (didn't bet)
Seat 5: YodaX23 folded before Flop (didn't bet)
Seat 6: 51_Petr (button) folded before Flop (didn't bet)
Seat 7: McBitter31 (small blind) folded before Flop
Seat 8: Dorex2007 (big blind) showed [Qd Tc] and lost with two pair, Queens and Eights
Seat 9: Xósem folded before Flop (didn't bet)



PokerStars Hand #228299411328:  Hold'em No Limit ($0.01/$0.02 USD) - 2021/07/14 20:11:41 PT [2021/07/14 23:11:41 ET]
Table 'Raissa' 9-max Seat #7 is the button
Seat 1: Blufferin142 ($1.11 in chips) 
Seat 3: manati80 ($2.43 in chips) 
Seat 4: pipistranieri ($0.81 in chips) 
Seat 5: YodaX23 ($1.83 in chips) 
Seat 6: 51_Petr ($2 in chips) 
Seat 7: McBitter31 ($2.06 in chips) 
Seat 8: Dorex2007 ($1.51 in chips) 
Dorex2007: posts small blind $0.01
Xósem: is sitting out 
Blufferin142: posts big blind $0.02
*** HOLE CARDS ***
Dealt to Dorex2007 [9h 6s]
manati80: folds 
pipistranieri: folds 
YodaX23: calls $0.02
51_Petr: folds 
Xósem leaves the table
McBitter31: raises $0.04 to $0.06
Dorex2007: folds 
Blufferin142: folds 
YodaX23: calls $0.04
*** FLOP *** [5s 6c 7h]
YodaX23: checks 
McBitter31: bets $0.07
YodaX23: calls $0.07
*** TURN *** [5s 6c 7h] [6d]
YodaX23: checks 
McBitter31: bets $0.14
YodaX23: calls $0.14
*** RIVER *** [5s 6c 7h 6d] [Th]
YodaX23: checks 
giocata5 joins the table at seat #9 
McBitter31: checks 
*** SHOW DOWN ***
YodaX23: shows [8h 3h] (a pair of Sixes)
McBitter31: shows [Ks 8s] (a pair of Sixes - King kicker)
McBitter31 collected $0.55 from pot
*** SUMMARY ***
Total pot $0.57 | Rake $0.02 
Board [5s 6c 7h 6d Th]
Seat 1: Blufferin142 (big blind) folded before Flop
Seat 3: manati80 folded before Flop (didn't bet)
Seat 4: pipistranieri folded before Flop (didn't bet)
Seat 5: YodaX23 showed [8h 3h] and lost with a pair of Sixes
Seat 6: 51_Petr folded before Flop (didn't bet)
Seat 7: McBitter31 (button) showed [Ks 8s] and won ($0.55) with a pair of Sixes
Seat 8: Dorex2007 (small blind) folded before Flop



PokerStars Hand #228299423293:  Hold'em No Limit ($0.01/$0.02 USD) - 2021/07/14 20:12:48 PT [2021/07/14 23:12:48 ET]
Table 'Raissa' 9-max Seat #8 is the button
Seat 1: Blufferin142 ($1.09 in chips) 
Seat 3: manati80 ($2.43 in chips) 
Seat 4: pipistranieri ($0.81 in chips) 
Seat 5: YodaX23 ($1.56 in chips) 
Seat 6: 51_Petr ($2 in chips) 
Seat 7: McBitter31 ($2.34 in chips) 
Seat 8: Dorex2007 ($1.50 in chips) 
Blufferin142: posts small blind $0.01
manati80: posts big blind $0.02
*** HOLE CARDS ***
Dealt to Dorex2007 [Ks 8c]
pipistranieri: folds 
YodaX23: folds 
51_Petr: raises $0.04 to $0.06
McBitter31: folds 
Dorex2007: folds 
Blufferin142: folds 
manati80: calls $0.04
*** FLOP *** [5h Tc Kh]
manati80: checks 
51_Petr: bets $0.09
manati80: folds 
Uncalled bet ($0.09) returned to 51_Petr
51_Petr collected $0.13 from pot
SlavikPuha leaves the table
51_Petr: doesn't show hand 
*** SUMMARY ***
Total pot $0.13 | Rake $0 
Board [5h Tc Kh]
Seat 1: Blufferin142 (small blind) folded before Flop
Seat 3: manati80 (big blind) folded on the Flop
Seat 4: pipistranieri folded before Flop (didn't bet)
Seat 5: YodaX23 folded before Flop (didn't bet)
Seat 6: 51_Petr collected ($0.13)
Seat 7: McBitter31 folded before Flop (didn't bet)
Seat 8: Dorex2007 (button) folded before Flop (didn't bet)



PokerStars Hand #228299429049:  Hold'em No Limit ($0.01/$0.02 USD) - 2021/07/14 20:13:20 PT [2021/07/14 23:13:20 ET]
Table 'Raissa' 9-max Seat #1 is the button
Seat 1: Blufferin142 ($1.08 in chips) 
Seat 3: manati80 ($2.37 in chips) 
Seat 4: pipistranieri ($0.81 in chips) 
Seat 5: YodaX23 ($1.56 in chips) 
Seat 6: 51_Petr ($2.07 in chips) 
Seat 7: McBitter31 ($2.34 in chips) 
Seat 8: Dorex2007 ($1.50 in chips) 
manati80: posts small blind $0.01
pipistranieri: posts big blind $0.02
giocata5: sits out 
*** HOLE CARDS ***
Dealt to Dorex2007 [5d Th]
YodaX23: folds 
51_Petr: folds 
McBitter31 has timed out
McBitter31: folds 
Dorex2007: folds 
Blufferin142: folds 
manati80: calls $0.01
pipistranieri: checks 
*** FLOP *** [Kh 6d Ad]
manati80: bets $0.04
pipistranieri: folds 
Uncalled bet ($0.04) returned to manati80
manati80 collected $0.04 from pot
manati80: doesn't show hand 
*** SUMMARY ***
Total pot $0.04 | Rake $0 
Board [Kh 6d Ad]
Seat 1: Blufferin142 (button) folded before Flop (didn't bet)
Seat 3: manati80 (small blind) collected ($0.04)
Seat 4: pipistranieri (big blind) folded on the Flop
Seat 5: YodaX23 folded before Flop (didn't bet)
Seat 6: 51_Petr folded before Flop (didn't bet)
Seat 7: McBitter31 folded before Flop (didn't bet)
Seat 8: Dorex2007 folded before Flop (didn't bet)



PokerStars Hand #228299434031:  Hold'em No Limit ($0.01/$0.02 USD) - 2021/07/14 20:13:48 PT [2021/07/14 23:13:48 ET]
Table 'Raissa' 9-max Seat #3 is the button
Seat 1: Blufferin142 ($1.08 in chips) 
Seat 3: manati80 ($2.39 in chips) 
Seat 4: pipistranieri ($0.79 in chips) 
Seat 5: YodaX23 ($1.56 in chips) 
Seat 6: 51_Petr ($2.07 in chips) 
Seat 7: McBitter31 ($2.34 in chips) 
Seat 8: Dorex2007 ($1.50 in chips) 
pipistranieri: posts small blind $0.01
YodaX23: posts big blind $0.02
giocata5: sits out 
*** HOLE CARDS ***
Dealt to Dorex2007 [4s 2h]
51_Petr: folds 
McBitter31: folds 
Dorex2007: folds 
Blufferin142: calls $0.02
manati80: folds 
pipistranieri: calls $0.01
YodaX23: checks 
*** FLOP *** [Ad 6h As]
pipistranieri: checks 
YodaX23: checks 
Blufferin142: checks 
*** TURN *** [Ad 6h As] [Th]
pipistranieri: checks 
YodaX23: checks 
jumpturn joins the table at seat #2 
Blufferin142: checks 
*** RIVER *** [Ad 6h As Th] [Qs]
pipistranieri: bets $0.04
YodaX23: folds 
Blufferin142: calls $0.04
*** SHOW DOWN ***
pipistranieri: shows [Qc Kc] (two pair, Aces and Queens)
Blufferin142: shows [Ks Qh] (two pair, Aces and Queens)
pipistranieri collected $0.07 from pot
Blufferin142 collected $0.07 from pot
*** SUMMARY ***
Total pot $0.14 | Rake $0 
Board [Ad 6h As Th Qs]
Seat 1: Blufferin142 showed [Ks Qh] and won ($0.07) with two pair, Aces and Queens
Seat 3: manati80 (button) folded before Flop (didn't bet)
Seat 4: pipistranieri (small blind) showed [Qc Kc] and won ($0.07) with two pair, Aces and Queens
Seat 5: YodaX23 (big blind) folded on the River
Seat 6: 51_Petr folded before Flop (didn't bet)
Seat 7: McBitter31 folded before Flop (didn't bet)
Seat 8: Dorex2007 folded before Flop (didn't bet)



PokerStars Hand #228299442651:  Hold'em No Limit ($0.01/$0.02 USD) - 2021/07/14 20:14:36 PT [2021/07/14 23:14:36 ET]
Table 'Raissa' 9-max Seat #4 is the button
Seat 1: Blufferin142 ($1.09 in chips) 
Seat 3: manati80 ($2.39 in chips) 
Seat 4: pipistranieri ($0.80 in chips) 
Seat 5: YodaX23 ($1.54 in chips) 
Seat 6: 51_Petr ($2.07 in chips) 
Seat 7: McBitter31 ($2.34 in chips) 
Seat 8: Dorex2007 ($1.50 in chips) 
YodaX23: posts small blind $0.01
51_Petr: posts big blind $0.02
giocata5: sits out 
jumpturn: sits out 
*** HOLE CARDS ***
Dealt to Dorex2007 [7h 5s]
McBitter31: raises $0.04 to $0.06
Dorex2007: folds 
Blufferin142: folds 
manati80: folds 
pipistranieri: calls $0.06
YodaX23: folds 
51_Petr: folds 
*** FLOP *** [2h Qh Tc]
McBitter31: bets $0.07
pipistranieri: calls $0.07
*** TURN *** [2h Qh Tc] [6s]
McBitter31: bets $0.14
pipistranieri: folds 
Uncalled bet ($0.14) returned to McBitter31
McBitter31 collected $0.28 from pot
McBitter31: doesn't show hand 
*** SUMMARY ***
Total pot $0.29 | Rake $0.01 
Board [2h Qh Tc 6s]
Seat 1: Blufferin142 folded before Flop (didn't bet)
Seat 3: manati80 folded before Flop (didn't bet)
Seat 4: pipistranieri (button) folded on the Turn
Seat 5: YodaX23 (small blind) folded before Flop
Seat 6: 51_Petr (big blind) folded before Flop
Seat 7: McBitter31 collected ($0.28)
Seat 8: Dorex2007 folded before Flop (didn't bet)



PokerStars Hand #228299450187:  Hold'em No Limit ($0.01/$0.02 USD) - 2021/07/14 20:15:18 PT [2021/07/14 23:15:18 ET]
Table 'Raissa' 9-max Seat #5 is the button
Seat 1: Blufferin142 ($1.09 in chips) 
Seat 3: manati80 ($2.39 in chips) 
Seat 4: pipistranieri ($0.67 in chips) 
Seat 5: YodaX23 ($1.53 in chips) 
Seat 6: 51_Petr ($2.05 in chips) 
Seat 8: Dorex2007 ($2 in chips) 
51_Petr: posts small blind $0.01
Dorex2007: posts big blind $0.02
giocata5: sits out 
jumpturn: sits out 
*** HOLE CARDS ***
Dealt to Dorex2007 [3c Ts]
Blufferin142: folds 
manati80: calls $0.02
pipistranieri: folds 
McBitter31 leaves the table
YodaX23: folds 
51_Petr: folds 
Dorex2007: checks 
*** FLOP *** [6s 8d 9c]
Marchiotto84 joins the table at seat #7 
Dorex2007: checks 
manati80: bets $0.06
Dorex2007: calls $0.06
*** TURN *** [6s 8d 9c] [5d]
Dorex2007: checks 
manati80: bets $0.10
Dorex2007: calls $0.10
*** RIVER *** [6s 8d 9c 5d] [6h]
Dorex2007: checks 
manati80: checks 
*** SHOW DOWN ***
Dorex2007: shows [3c Ts] (a pair of Sixes)
manati80: shows [9s Jc] (two pair, Nines and Sixes)
manati80 collected $0.36 from pot
*** SUMMARY ***
Total pot $0.37 | Rake $0.01 
Board [6s 8d 9c 5d 6h]
Seat 1: Blufferin142 folded before Flop (didn't bet)
Seat 3: manati80 showed [9s Jc] and won ($0.36) with two pair, Nines and Sixes
Seat 4: pipistranieri folded before Flop (didn't bet)
Seat 5: YodaX23 (button) folded before Flop (didn't bet)
Seat 6: 51_Petr (small blind) folded before Flop
Seat 8: Dorex2007 (big blind) showed [3c Ts] and lost with a pair of Sixes



PokerStars Hand #228299456885:  Hold'em No Limit ($0.01/$0.02 USD) - 2021/07/14 20:15:56 PT [2021/07/14 23:15:56 ET]
Table 'Raissa' 9-max Seat #6 is the button
Seat 1: Blufferin142 ($1.09 in chips) 
Seat 3: manati80 ($2.57 in chips) 
Seat 4: pipistranieri ($0.67 in chips) 
Seat 5: YodaX23 ($1.53 in chips) 
Seat 6: 51_Petr ($2.04 in chips) 
Seat 8: Dorex2007 ($1.82 in chips) 
Seat 9: giocata5 ($0.80 in chips) 
Dorex2007: posts small blind $0.01
giocata5: posts big blind $0.02
jumpturn: sits out 
*** HOLE CARDS ***
Dealt to Dorex2007 [Ad 3c]
Blufferin142: folds 
manati80: folds 
pipistranieri: folds 
YodaX23: folds 
51_Petr: folds 
Dorex2007: calls $0.01
giocata5: checks 
*** FLOP *** [Ac Tc 5d]
Dorex2007: checks 
giocata5: checks 
*** TURN *** [Ac Tc 5d] [2s]
Dorex2007: checks 
Marchiotto84 leaves the table
giocata5: checks 
*** RIVER *** [Ac Tc 5d 2s] [Kc]
Dorex2007: bets $0.04
giocata5: calls $0.04
*** SHOW DOWN ***
Dorex2007: shows [Ad 3c] (a pair of Aces)
giocata5: mucks hand 
Dorex2007 collected $0.12 from pot
*** SUMMARY ***
Total pot $0.12 | Rake $0 
Board [Ac Tc 5d 2s Kc]
Seat 1: Blufferin142 folded before Flop (didn't bet)
Seat 3: manati80 folded before Flop (didn't bet)
Seat 4: pipistranieri folded before Flop (didn't bet)
Seat 5: YodaX23 folded before Flop (didn't bet)
Seat 6: 51_Petr (button) folded before Flop (didn't bet)
Seat 8: Dorex2007 (small blind) showed [Ad 3c] and won ($0.12) with a pair of Aces
Seat 9: giocata5 (big blind) mucked [8d Ks]



PokerStars Hand #228299465746:  Hold'em No Limit ($0.01/$0.02 USD) - 2021/07/14 20:16:45 PT [2021/07/14 23:16:45 ET]
Table 'Raissa' 9-max Seat #8 is the button
Seat 1: Blufferin142 ($1.09 in chips) 
Seat 3: manati80 ($2.57 in chips) 
Seat 4: pipistranieri ($0.67 in chips) 
Seat 5: YodaX23 ($1.53 in chips) 
Seat 6: 51_Petr ($2.04 in chips) 
Seat 8: Dorex2007 ($1.88 in chips) 
Seat 9: giocata5 ($0.80 in chips) 
giocata5: posts small blind $0.01
Blufferin142: posts big blind $0.02
jumpturn: sits out 
*** HOLE CARDS ***
Dealt to Dorex2007 [5h 4s]
manati80: calls $0.02
pipistranieri: folds 
YodaX23: raises $0.02 to $0.04
51_Petr: calls $0.04
Dorex2007: folds 
giocata5: folds 
Blufferin142: calls $0.02
manati80: calls $0.02
*** FLOP *** [Jh Td Qd]
Blufferin142: checks 
manati80: checks 
YodaX23: bets $0.06
51_Petr: calls $0.06
Blufferin142: folds 
manati80: folds 
*** TURN *** [Jh Td Qd] [4c]
1Mihey2prok joins the table at seat #7 
YodaX23: checks 
51_Petr: checks 
*** RIVER *** [Jh Td Qd 4c] [Ac]
YodaX23: bets $0.14
51_Petr: folds 
Uncalled bet ($0.14) returned to YodaX23
YodaX23 collected $0.28 from pot
*** SUMMARY ***
Total pot $0.29 | Rake $0.01 
Board [Jh Td Qd 4c Ac]
Seat 1: Blufferin142 (big blind) folded on the Flop
Seat 3: manati80 folded on the Flop
Seat 4: pipistranieri folded before Flop (didn't bet)
Seat 5: YodaX23 collected ($0.28)
Seat 6: 51_Petr folded on the River
Seat 8: Dorex2007 (button) folded before Flop (didn't bet)
Seat 9: giocata5 (small blind) folded before Flop



PokerStars Hand #228299482102:  Hold'em No Limit ($0.01/$0.02 USD) - 2021/07/14 20:17:44 PT [2021/07/14 23:17:44 ET]
Table 'Raissa' 9-max Seat #9 is the button
Seat 1: Blufferin142 ($1.05 in chips) 
Seat 2: jumpturn ($2 in chips) 
Seat 3: manati80 ($2.53 in chips) 
Seat 4: pipistranieri ($0.67 in chips) 
Seat 5: YodaX23 ($1.71 in chips) 
Seat 6: 51_Petr ($2 in chips) 
Seat 8: Dorex2007 ($1.88 in chips) 
Seat 9: giocata5 ($0.80 in chips) 
Blufferin142: posts small blind $0.01
jumpturn: posts big blind $0.02
1Mihey2prok: sits out 
*** HOLE CARDS ***
Dealt to Dorex2007 [Js 9h]
manati80: calls $0.02
pipistranieri: folds 
YodaX23: folds 
51_Petr: calls $0.02
Dorex2007: folds 
giocata5: folds 
Blufferin142: folds 
jumpturn has timed out
jumpturn: checks 
*** FLOP *** [Tc 8c 9s]
jumpturn: checks 
manati80: checks 
51_Petr: bets $0.05
jumpturn: folds 
manati80: calls $0.05
*** TURN *** [Tc 8c 9s] [6s]
manati80: checks 
51_Petr: bets $0.11
manati80: calls $0.11
*** RIVER *** [Tc 8c 9s 6s] [4c]
manati80: checks 
51_Petr: bets $0.40
manati80: calls $0.40
*** SHOW DOWN ***
51_Petr: shows [Ac 9c] (a flush, Ace high)
manati80: mucks hand 
51_Petr collected $1.15 from pot
*** SUMMARY ***
Total pot $1.19 | Rake $0.04 
Board [Tc 8c 9s 6s 4c]
Seat 1: Blufferin142 (small blind) folded before Flop
Seat 2: jumpturn (big blind) folded on the Flop
Seat 3: manati80 mucked [Jc Qs]
Seat 4: pipistranieri folded before Flop (didn't bet)
Seat 5: YodaX23 folded before Flop (didn't bet)
Seat 6: 51_Petr showed [Ac 9c] and won ($1.15) with a flush, Ace high
Seat 8: Dorex2007 folded before Flop (didn't bet)
Seat 9: giocata5 (button) folded before Flop (didn't bet)



PokerStars Hand #228299501253:  Hold'em No Limit ($0.01/$0.02 USD) - 2021/07/14 20:19:32 PT [2021/07/14 23:19:32 ET]
Table 'Raissa' 9-max Seat #1 is the button
Seat 1: Blufferin142 ($1.04 in chips) 
Seat 2: jumpturn ($2 in chips) 
Seat 3: manati80 ($1.95 in chips) 
Seat 4: pipistranieri ($0.67 in chips) 
Seat 5: YodaX23 ($1.71 in chips) 
Seat 6: 51_Petr ($2.57 in chips) 
Seat 8: Dorex2007 ($1.88 in chips) 
Seat 9: giocata5 ($0.80 in chips) 
jumpturn: posts small blind $0.01
manati80: posts big blind $0.02
1Mihey2prok: sits out 
*** HOLE CARDS ***
Dealt to Dorex2007 [9c 5d]
pipistranieri: folds 
YodaX23: raises $0.03 to $0.05
51_Petr: folds 
Dorex2007: folds 
giocata5: folds 
Blufferin142: calls $0.05
jumpturn: calls $0.04
manati80: calls $0.03
*** FLOP *** [Qh 9s Jc]
jumpturn: checks 
manati80: checks 
YodaX23: checks 
Blufferin142: checks 
*** TURN *** [Qh 9s Jc] [Js]
jumpturn: bets $0.10
manati80: folds 
YodaX23: folds 
Blufferin142: folds 
Uncalled bet ($0.10) returned to jumpturn
jumpturn collected $0.19 from pot
jumpturn: doesn't show hand 
*** SUMMARY ***
Total pot $0.20 | Rake $0.01 
Board [Qh 9s Jc Js]
Seat 1: Blufferin142 (button) folded on the Turn
Seat 2: jumpturn (small blind) collected ($0.19)
Seat 3: manati80 (big blind) folded on the Turn
Seat 4: pipistranieri folded before Flop (didn't bet)
Seat 5: YodaX23 folded on the Turn
Seat 6: 51_Petr folded before Flop (didn't bet)
Seat 8: Dorex2007 folded before Flop (didn't bet)
Seat 9: giocata5 folded before Flop (didn't bet)



PokerStars Hand #228299512716:  Hold'em No Limit ($0.01/$0.02 USD) - 2021/07/14 20:20:36 PT [2021/07/14 23:20:36 ET]
Table 'Raissa' 9-max Seat #2 is the button
Seat 1: Blufferin142 ($0.99 in chips) 
Seat 2: jumpturn ($2.14 in chips) 
Seat 3: manati80 ($1.90 in chips) 
Seat 4: pipistranieri ($0.67 in chips) 
Seat 5: YodaX23 ($1.66 in chips) 
Seat 6: 51_Petr ($2.57 in chips) 
Seat 8: Dorex2007 ($1.88 in chips) 
Seat 9: giocata5 ($0.80 in chips) 
manati80: posts small blind $0.01
pipistranieri: posts big blind $0.02
1Mihey2prok: sits out 
*** HOLE CARDS ***
Dealt to Dorex2007 [Qc 8h]
YodaX23: calls $0.02
51_Petr: folds 
Dorex2007: folds 
giocata5 is disconnected 
giocata5 has timed out while disconnected
giocata5: folds 
Blufferin142: calls $0.02
jumpturn: folds 
manati80: calls $0.01
pipistranieri: checks 
*** FLOP *** [Ah Kd Ks]
manati80: checks 
pipistranieri: checks 
YodaX23: checks 
Blufferin142: checks 
*** TURN *** [Ah Kd Ks] [5h]
manati80: checks 
pipistranieri: checks 
YodaX23: checks 
Blufferin142: checks 
*** RIVER *** [Ah Kd Ks 5h] [6d]
manati80: checks 
pipistranieri: checks 
YodaX23: checks 
Blufferin142: checks 
*** SHOW DOWN ***
manati80: shows [2d Td] (a pair of Kings)
pipistranieri: shows [5s 3d] (two pair, Kings and Fives)
YodaX23: shows [5c 4c] (two pair, Kings and Fives)
Blufferin142: shows [6s 7s] (two pair, Kings and Sixes)
Blufferin142 collected $0.08 from pot
*** SUMMARY ***
Total pot $0.08 | Rake $0 
Board [Ah Kd Ks 5h 6d]
Seat 1: Blufferin142 showed [6s 7s] and won ($0.08) with two pair, Kings and Sixes
Seat 2: jumpturn (button) folded before Flop (didn't bet)
Seat 3: manati80 (small blind) showed [2d Td] and lost with a pair of Kings
Seat 4: pipistranieri (big blind) showed [5s 3d] and lost with two pair, Kings and Fives
Seat 5: YodaX23 showed [5c 4c] and lost with two pair, Kings and Fives
Seat 6: 51_Petr folded before Flop (didn't bet)
Seat 8: Dorex2007 folded before Flop (didn't bet)
Seat 9: giocata5 folded before Flop (didn't bet)



PokerStars Hand #228299524432:  Hold'em No Limit ($0.01/$0.02 USD) - 2021/07/14 20:21:43 PT [2021/07/14 23:21:43 ET]
Table 'Raissa' 9-max Seat #3 is the button
Seat 1: Blufferin142 ($1.05 in chips) 
Seat 2: jumpturn ($2.14 in chips) 
Seat 3: manati80 ($1.88 in chips) 
Seat 4: pipistranieri ($0.65 in chips) 
Seat 5: YodaX23 ($1.64 in chips) 
Seat 6: 51_Petr ($2.57 in chips) 
Seat 8: Dorex2007 ($1.88 in chips) 
pipistranieri: posts small blind $0.01
YodaX23: posts big blind $0.02
1Mihey2prok: sits out 
*** HOLE CARDS ***
Dealt to Dorex2007 [6h Ac]
51_Petr: folds 
Dorex2007: folds 
Blufferin142: folds 
jumpturn: raises $0.04 to $0.06
manati80: folds 
pipistranieri: folds 
YodaX23: folds 
Uncalled bet ($0.04) returned to jumpturn
jumpturn collected $0.05 from pot
jumpturn: doesn't show hand 
*** SUMMARY ***
Total pot $0.05 | Rake $0 
Seat 1: Blufferin142 folded before Flop (didn't bet)
Seat 2: jumpturn collected ($0.05)
Seat 3: manati80 (button) folded before Flop (didn't bet)
Seat 4: pipistranieri (small blind) folded before Flop
Seat 5: YodaX23 (big blind) folded before Flop
Seat 6: 51_Petr folded before Flop (didn't bet)
Seat 8: Dorex2007 folded before Flop (didn't bet)



PokerStars Hand #228299528878:  Hold'em No Limit ($0.01/$0.02 USD) - 2021/07/14 20:22:07 PT [2021/07/14 23:22:07 ET]
Table 'Raissa' 9-max Seat #4 is the button
Seat 1: Blufferin142 ($1.05 in chips) 
Seat 2: jumpturn ($2.17 in chips) 
Seat 3: manati80 ($1.88 in chips) 
Seat 4: pipistranieri ($0.64 in chips) 
Seat 5: YodaX23 ($1.62 in chips) 
Seat 6: 51_Petr ($2.57 in chips) 
Seat 8: Dorex2007 ($1.88 in chips) 
YodaX23: posts small blind $0.01
51_Petr: posts big blind $0.02
1Mihey2prok: sits out 
*** HOLE CARDS ***
Dealt to Dorex2007 [6s Jh]
Dorex2007: folds 
Blufferin142: calls $0.02
jumpturn: folds 
manati80: calls $0.02
pipistranieri: folds 
YodaX23: calls $0.01
51_Petr: checks 
*** FLOP *** [2c Jd Ad]
YodaX23: checks 
51_Petr: checks 
Blufferin142: checks 
manati80: bets $0.04
YodaX23: folds 
51_Petr: folds 
Blufferin142: folds 
Uncalled bet ($0.04) returned to manati80
manati80 collected $0.08 from pot
manati80: doesn't show hand 
*** SUMMARY ***
Total pot $0.08 | Rake $0 
Board [2c Jd Ad]
Seat 1: Blufferin142 folded on the Flop
Seat 2: jumpturn folded before Flop (didn't bet)
Seat 3: manati80 collected ($0.08)
Seat 4: pipistranieri (button) folded before Flop (didn't bet)
Seat 5: YodaX23 (small blind) folded on the Flop
Seat 6: 51_Petr (big blind) folded on the Flop
Seat 8: Dorex2007 folded before Flop (didn't bet)



PokerStars Hand #228299540386:  Hold'em No Limit ($0.01/$0.02 USD) - 2021/07/14 20:23:13 PT [2021/07/14 23:23:13 ET]
Table 'Raissa' 9-max Seat #5 is the button
Seat 1: Blufferin142 ($1.03 in chips) 
Seat 2: jumpturn ($2.17 in chips) 
Seat 3: manati80 ($1.94 in chips) 
Seat 4: pipistranieri ($0.64 in chips) 
Seat 5: YodaX23 ($1.60 in chips) 
Seat 6: 51_Petr ($2.55 in chips) 
Seat 7: 1Mihey2prok ($1.60 in chips) 
Seat 8: Dorex2007 ($1.88 in chips) 
51_Petr: posts small blind $0.01
1Mihey2prok: posts big blind $0.02
*** HOLE CARDS ***
Dealt to Dorex2007 [Qc 9c]
Dorex2007: folds 
Blufferin142: calls $0.02
jumpturn: folds 
manati80: calls $0.02
pipistranieri: folds 
YodaX23: raises $0.03 to $0.05
51_Petr: folds 
1Mihey2prok: folds 
Blufferin142: calls $0.03
manati80: calls $0.03
*** FLOP *** [4s 5d 7c]
Blufferin142: checks 
manati80: bets $0.02
YodaX23: calls $0.02
Blufferin142: calls $0.02
*** TURN *** [4s 5d 7c] [9s]
Blufferin142: checks 
manati80: bets $0.04
YodaX23: folds 
Blufferin142: calls $0.04
*** RIVER *** [4s 5d 7c 9s] [Qh]
Blufferin142: checks 
manati80: bets $0.20
Blufferin142: folds 
Uncalled bet ($0.20) returned to manati80
manati80 collected $0.31 from pot
manati80: doesn't show hand 
*** SUMMARY ***
Total pot $0.32 | Rake $0.01 
Board [4s 5d 7c 9s Qh]
Seat 1: Blufferin142 folded on the River
Seat 2: jumpturn folded before Flop (didn't bet)
Seat 3: manati80 collected ($0.31)
Seat 4: pipistranieri folded before Flop (didn't bet)
Seat 5: YodaX23 (button) folded on the Turn
Seat 6: 51_Petr (small blind) folded before Flop
Seat 7: 1Mihey2prok (big blind) folded before Flop
Seat 8: Dorex2007 folded before Flop (didn't bet)



PokerStars Hand #228299549516:  Hold'em No Limit ($0.01/$0.02 USD) - 2021/07/14 20:24:05 PT [2021/07/14 23:24:05 ET]
Table 'Raissa' 9-max Seat #6 is the button
Seat 1: Blufferin142 ($0.92 in chips) 
Seat 2: jumpturn ($2.17 in chips) 
Seat 3: manati80 ($2.14 in chips) 
Seat 4: pipistranieri ($0.64 in chips) 
Seat 5: YodaX23 ($1.53 in chips) 
Seat 6: 51_Petr ($2.54 in chips) 
Seat 7: 1Mihey2prok ($1.58 in chips) 
Seat 8: Dorex2007 ($1.88 in chips) 
1Mihey2prok: posts small blind $0.01
Dorex2007: posts big blind $0.02
*** HOLE CARDS ***
Dealt to Dorex2007 [2c Qs]
Blufferin142: calls $0.02
jumpturn: folds 
manati80: calls $0.02
pipistranieri: calls $0.02
YodaX23: calls $0.02
51_Petr: folds 
1Mihey2prok: folds 
Dorex2007: checks 
*** FLOP *** [2h 3h 5c]
Dorex2007: checks 
Blufferin142: checks 
manati80: bets $0.04
pipistranieri: calls $0.04
YodaX23: calls $0.04
Dorex2007: folds 
Blufferin142: folds 
*** TURN *** [2h 3h 5c] [Kc]
manati80: checks 
pipistranieri: bets $0.08
YodaX23: folds 
manati80: calls $0.08
*** RIVER *** [2h 3h 5c Kc] [4c]
manati80: checks 
pipistranieri: checks 
*** SHOW DOWN ***
manati80: shows [Js 5s] (a pair of Fives)
pipistranieri: shows [5d 5h] (three of a kind, Fives)
pipistranieri collected $0.38 from pot
*** SUMMARY ***
Total pot $0.39 | Rake $0.01 
Board [2h 3h 5c Kc 4c]
Seat 1: Blufferin142 folded on the Flop
Seat 2: jumpturn folded before Flop (didn't bet)
Seat 3: manati80 showed [Js 5s] and lost with a pair of Fives
Seat 4: pipistranieri showed [5d 5h] and won ($0.38) with three of a kind, Fives
Seat 5: YodaX23 folded on the Turn
Seat 6: 51_Petr (button) folded before Flop (didn't bet)
Seat 7: 1Mihey2prok (small blind) folded before Flop
Seat 8: Dorex2007 (big blind) folded on the Flop



PokerStars Hand #228299566574:  Hold'em No Limit ($0.01/$0.02 USD) - 2021/07/14 20:25:10 PT [2021/07/14 23:25:10 ET]
Table 'Raissa' 9-max Seat #7 is the button
Seat 1: Blufferin142 ($0.90 in chips) 
Seat 2: jumpturn ($2.17 in chips) 
Seat 3: manati80 ($2 in chips) 
Seat 4: pipistranieri ($0.88 in chips) 
Seat 5: YodaX23 ($2 in chips) 
Seat 6: 51_Petr ($2.54 in chips) 
Seat 7: 1Mihey2prok ($1.57 in chips) 
Seat 8: Dorex2007 ($1.86 in chips) 
Dorex2007: posts small blind $0.01
Blufferin142: posts big blind $0.02
*** HOLE CARDS ***
Dealt to Dorex2007 [5s 8d]
jumpturn has timed out
jumpturn: folds 
manati80: folds 
manati80 leaves the table
pipistranieri: folds 
bloody55hawk joins the table at seat #3 
YodaX23: folds 
51_Petr: folds 
1Mihey2prok: raises $0.02 to $0.04
Dorex2007: folds 
Blufferin142: calls $0.02
*** FLOP *** [5d 6c 3d]
Blufferin142: checks 
1Mihey2prok: checks 
*** TURN *** [5d 6c 3d] [6h]
Blufferin142: checks 
1Mihey2prok: bets $0.02
Blufferin142: folds 
Uncalled bet ($0.02) returned to 1Mihey2prok
1Mihey2prok collected $0.09 from pot
1Mihey2prok: doesn't show hand 
*** SUMMARY ***
Total pot $0.09 | Rake $0 
Board [5d 6c 3d 6h]
Seat 1: Blufferin142 (big blind) folded on the Turn
Seat 2: jumpturn folded before Flop (didn't bet)
Seat 3: manati80 folded before Flop (didn't bet)
Seat 4: pipistranieri folded before Flop (didn't bet)
Seat 5: YodaX23 folded before Flop (didn't bet)
Seat 6: 51_Petr folded before Flop (didn't bet)
Seat 7: 1Mihey2prok (button) collected ($0.09)
Seat 8: Dorex2007 (small blind) folded before Flop



PokerStars Hand #228299575906:  Hold'em No Limit ($0.01/$0.02 USD) - 2021/07/14 20:26:04 PT [2021/07/14 23:26:04 ET]
Table 'Raissa' 9-max Seat #8 is the button
Seat 1: Blufferin142 ($0.86 in chips) 
Seat 3: bloody55hawk ($0.80 in chips) 
Seat 4: pipistranieri ($0.88 in chips) 
Seat 5: YodaX23 ($2 in chips) 
Seat 6: 51_Petr ($2.54 in chips) 
Seat 7: 1Mihey2prok ($1.62 in chips) 
Seat 8: Dorex2007 ($1.85 in chips) 
Blufferin142: posts small blind $0.01
bloody55hawk: posts big blind $0.02
*** HOLE CARDS ***
Dealt to Dorex2007 [3c 4d]
pipistranieri: calls $0.02
YodaX23: folds 
51_Petr: folds 
1Mihey2prok: folds 
Dorex2007: folds 
Blufferin142: calls $0.01
bloody55hawk: raises $0.78 to $0.80 and is all-in
pipistranieri: folds 
Blufferin142: folds 
Uncalled bet ($0.78) returned to bloody55hawk
bloody55hawk collected $0.06 from pot
bloody55hawk: doesn't show hand 
*** SUMMARY ***
Total pot $0.06 | Rake $0 
Seat 1: Blufferin142 (small blind) folded before Flop
Seat 3: bloody55hawk (big blind) collected ($0.06)
Seat 4: pipistranieri folded before Flop
Seat 5: YodaX23 folded before Flop (didn't bet)
Seat 6: 51_Petr folded before Flop (didn't bet)
Seat 7: 1Mihey2prok folded before Flop (didn't bet)
Seat 8: Dorex2007 (button) folded before Flop (didn't bet)



PokerStars Hand #228299579930:  Hold'em No Limit ($0.01/$0.02 USD) - 2021/07/14 20:26:28 PT [2021/07/14 23:26:28 ET]
Table 'Raissa' 9-max Seat #1 is the button
Seat 1: Blufferin142 ($0.84 in chips) 
Seat 3: bloody55hawk ($0.84 in chips) 
Seat 4: pipistranieri ($0.86 in chips) 
Seat 5: YodaX23 ($2 in chips) 
Seat 6: 51_Petr ($2.54 in chips) 
Seat 7: 1Mihey2prok ($1.62 in chips) 
Seat 8: Dorex2007 ($1.85 in chips) 
bloody55hawk: posts small blind $0.01
pipistranieri: posts big blind $0.02
*** HOLE CARDS ***
Dealt to Dorex2007 [2c 3d]
YodaX23: folds 
51_Petr: folds 
1Mihey2prok: folds 
Dorex2007: folds 
Blufferin142: folds 
bloody55hawk: calls $0.01
pipistranieri: checks 
*** FLOP *** [5c Jh 5d]
bloody55hawk: checks 
pipistranieri: checks 
*** TURN *** [5c Jh 5d] [3c]
bloody55hawk: bets $0.02
pipistranieri: folds 
Uncalled bet ($0.02) returned to bloody55hawk
bloody55hawk collected $0.04 from pot
bloody55hawk: doesn't show hand 
*** SUMMARY ***
Total pot $0.04 | Rake $0 
Board [5c Jh 5d 3c]
Seat 1: Blufferin142 (button) folded before Flop (didn't bet)
Seat 3: bloody55hawk (small blind) collected ($0.04)
Seat 4: pipistranieri (big blind) folded on the Turn
Seat 5: YodaX23 folded before Flop (didn't bet)
Seat 6: 51_Petr folded before Flop (didn't bet)
Seat 7: 1Mihey2prok folded before Flop (didn't bet)
Seat 8: Dorex2007 folded before Flop (didn't bet)



PokerStars Hand #228299585456:  Hold'em No Limit ($0.01/$0.02 USD) - 2021/07/14 20:27:00 PT [2021/07/14 23:27:00 ET]
Table 'Raissa' 9-max Seat #3 is the button
Seat 1: Blufferin142 ($0.84 in chips) 
Seat 3: bloody55hawk ($0.86 in chips) 
Seat 4: pipistranieri ($0.84 in chips) 
Seat 5: YodaX23 ($2 in chips) 
Seat 6: 51_Petr ($2.54 in chips) 
Seat 7: 1Mihey2prok ($1.62 in chips) 
Seat 8: Dorex2007 ($1.85 in chips) 
pipistranieri: posts small blind $0.01
YodaX23: posts big blind $0.02
jumpturn: sits out 
*** HOLE CARDS ***
Dealt to Dorex2007 [2c 4d]
51_Petr: calls $0.02
1Mihey2prok: folds 
Dorex2007: folds 
Blufferin142: calls $0.02
bloody55hawk: folds 
pipistranieri: folds 
YodaX23: checks 
*** FLOP *** [6c 7s Kd]
YodaX23: checks 
51_Petr: checks 
Blufferin142: checks 
*** TURN *** [6c 7s Kd] [4c]
YodaX23: checks 
51_Petr: bets $0.05
Blufferin142: folds 
YodaX23: calls $0.05
*** RIVER *** [6c 7s Kd 4c] [5d]
YodaX23: bets $0.08
51_Petr: calls $0.08
*** SHOW DOWN ***
YodaX23: shows [8s 6h] (a straight, Four to Eight)
51_Petr: mucks hand 
YodaX23 collected $0.32 from pot
*** SUMMARY ***
Total pot $0.33 | Rake $0.01 
Board [6c 7s Kd 4c 5d]
Seat 1: Blufferin142 folded on the Turn
Seat 3: bloody55hawk (button) folded before Flop (didn't bet)
Seat 4: pipistranieri (small blind) folded before Flop
Seat 5: YodaX23 (big blind) showed [8s 6h] and won ($0.32) with a straight, Four to Eight
Seat 6: 51_Petr mucked [5s 5h]
Seat 7: 1Mihey2prok folded before Flop (didn't bet)
Seat 8: Dorex2007 folded before Flop (didn't bet)



PokerStars Hand #228299593821:  Hold'em No Limit ($0.01/$0.02 USD) - 2021/07/14 20:27:49 PT [2021/07/14 23:27:49 ET]
Table 'Raissa' 9-max Seat #4 is the button
Seat 1: Blufferin142 ($0.82 in chips) 
Seat 3: bloody55hawk ($0.86 in chips) 
Seat 4: pipistranieri ($0.83 in chips) 
Seat 5: YodaX23 ($2.17 in chips) 
Seat 6: 51_Petr ($2.39 in chips) 
Seat 7: 1Mihey2prok ($1.62 in chips) 
Seat 8: Dorex2007 ($1.85 in chips) 
YodaX23: posts small blind $0.01
51_Petr: posts big blind $0.02
jumpturn: sits out 
*** HOLE CARDS ***
Dealt to Dorex2007 [5s 4c]
1Mihey2prok: folds 
Dorex2007: folds 
Blufferin142: folds 
bloody55hawk: folds 
pipistranieri: folds 
YodaX23: calls $0.01
51_Petr: checks 
*** FLOP *** [Kd 3c Jh]
YodaX23: checks 
51_Petr: checks 
*** TURN *** [Kd 3c Jh] [6d]
YodaX23: checks 
51_Petr: checks 
*** RIVER *** [Kd 3c Jh 6d] [Qs]
YodaX23: bets $0.04
51_Petr: folds 
Uncalled bet ($0.04) returned to YodaX23
YodaX23 collected $0.04 from pot
*** SUMMARY ***
Total pot $0.04 | Rake $0 
Board [Kd 3c Jh 6d Qs]
Seat 1: Blufferin142 folded before Flop (didn't bet)
Seat 3: bloody55hawk folded before Flop (didn't bet)
Seat 4: pipistranieri (button) folded before Flop (didn't bet)
Seat 5: YodaX23 (small blind) collected ($0.04)
Seat 6: 51_Petr (big blind) folded on the River
Seat 7: 1Mihey2prok folded before Flop (didn't bet)
Seat 8: Dorex2007 folded before Flop (didn't bet)



PokerStars Hand #228299600823:  Hold'em No Limit ($0.01/$0.02 USD) - 2021/07/14 20:28:30 PT [2021/07/14 23:28:30 ET]
Table 'Raissa' 9-max Seat #5 is the button
Seat 1: Blufferin142 ($0.82 in chips) 
Seat 3: bloody55hawk ($0.86 in chips) 
Seat 4: pipistranieri ($0.83 in chips) 
Seat 5: YodaX23 ($2.19 in chips) 
Seat 6: 51_Petr ($2.37 in chips) 
Seat 7: 1Mihey2prok ($1.62 in chips) 
Seat 8: Dorex2007 ($1.85 in chips) 
51_Petr: posts small blind $0.01
1Mihey2prok: posts big blind $0.02
jumpturn: sits out 
*** HOLE CARDS ***
Dealt to Dorex2007 [Kd 5c]
Dorex2007: folds 
Blufferin142: folds 
bloody55hawk: folds 
pipistranieri: folds 
YodaX23: folds 
51_Petr: folds 
Uncalled bet ($0.01) returned to 1Mihey2prok
1Mihey2prok collected $0.02 from pot
1Mihey2prok: doesn't show hand 
*** SUMMARY ***
Total pot $0.02 | Rake $0 
Seat 1: Blufferin142 folded before Flop (didn't bet)
Seat 3: bloody55hawk folded before Flop (didn't bet)
Seat 4: pipistranieri folded before Flop (didn't bet)
Seat 5: YodaX23 (button) folded before Flop (didn't bet)
Seat 6: 51_Petr (small blind) folded before Flop
Seat 7: 1Mihey2prok (big blind) collected ($0.02)
Seat 8: Dorex2007 folded before Flop (didn't bet)



PokerStars Hand #228299603220:  Hold'em No Limit ($0.01/$0.02 USD) - 2021/07/14 20:28:44 PT [2021/07/14 23:28:44 ET]
Table 'Raissa' 9-max Seat #6 is the button
Seat 1: Blufferin142 ($0.82 in chips) 
Seat 3: bloody55hawk ($0.86 in chips) 
Seat 4: pipistranieri ($0.83 in chips) 
Seat 5: YodaX23 ($2.19 in chips) 
Seat 6: 51_Petr ($2.36 in chips) 
Seat 7: 1Mihey2prok ($1.63 in chips) 
Seat 8: Dorex2007 ($1.85 in chips) 
1Mihey2prok: posts small blind $0.01
Dorex2007: posts big blind $0.02
jumpturn: sits out 
*** HOLE CARDS ***
Dealt to Dorex2007 [Jc Qh]
Blufferin142: folds 
bloody55hawk: raises $0.84 to $0.86 and is all-in
pipistranieri: folds 
YodaX23: folds 
51_Petr: folds 
1Mihey2prok: folds 
Dorex2007: folds 
Uncalled bet ($0.84) returned to bloody55hawk
bloody55hawk collected $0.05 from pot
bloody55hawk: doesn't show hand 
*** SUMMARY ***
Total pot $0.05 | Rake $0 
Seat 1: Blufferin142 folded before Flop (didn't bet)
Seat 3: bloody55hawk collected ($0.05)
Seat 4: pipistranieri folded before Flop (didn't bet)
Seat 5: YodaX23 folded before Flop (didn't bet)
Seat 6: 51_Petr (button) folded before Flop (didn't bet)
Seat 7: 1Mihey2prok (small blind) folded before Flop
Seat 8: Dorex2007 (big blind) folded before Flop



PokerStars Hand #228299606189:  Hold'em No Limit ($0.01/$0.02 USD) - 2021/07/14 20:29:01 PT [2021/07/14 23:29:01 ET]
Table 'Raissa' 9-max Seat #7 is the button
Seat 1: Blufferin142 ($0.82 in chips) 
Seat 3: bloody55hawk ($0.89 in chips) 
Seat 4: pipistranieri ($0.83 in chips) 
Seat 5: YodaX23 ($2.19 in chips) 
Seat 6: 51_Petr ($2.36 in chips) 
Seat 7: 1Mihey2prok ($1.62 in chips) 
Seat 8: Dorex2007 ($1.83 in chips) 
Dorex2007: posts small blind $0.01
Blufferin142: posts big blind $0.02
jumpturn: sits out 
*** HOLE CARDS ***
Dealt to Dorex2007 [Qc As]
bloody55hawk: folds 
pipistranieri: folds 
YodaX23: folds 
51_Petr: folds 
1Mihey2prok: folds 
Dorex2007: raises $0.04 to $0.06
Blufferin142: folds 
Uncalled bet ($0.04) returned to Dorex2007
Dorex2007 collected $0.04 from pot
Dorex2007: doesn't show hand 
*** SUMMARY ***
Total pot $0.04 | Rake $0 
Seat 1: Blufferin142 (big blind) folded before Flop
Seat 3: bloody55hawk folded before Flop (didn't bet)
Seat 4: pipistranieri folded before Flop (didn't bet)
Seat 5: YodaX23 folded before Flop (didn't bet)
Seat 6: 51_Petr folded before Flop (didn't bet)
Seat 7: 1Mihey2prok (button) folded before Flop (didn't bet)
Seat 8: Dorex2007 (small blind) collected ($0.04)



PokerStars Hand #228299608783:  Hold'em No Limit ($0.01/$0.02 USD) - 2021/07/14 20:29:17 PT [2021/07/14 23:29:17 ET]
Table 'Raissa' 9-max Seat #8 is the button
Seat 1: Blufferin142 ($0.80 in chips) 
Seat 2: jumpturn ($2.17 in chips) 
Seat 3: bloody55hawk ($0.89 in chips) 
Seat 4: pipistranieri ($0.83 in chips) 
Seat 5: YodaX23 ($2.19 in chips) 
Seat 6: 51_Petr ($2.36 in chips) 
Seat 7: 1Mihey2prok ($1.62 in chips) 
Seat 8: Dorex2007 ($1.85 in chips) 
Blufferin142: posts small blind $0.01
jumpturn: posts big blind $0.02
*** HOLE CARDS ***
Dealt to Dorex2007 [6d 4d]
bloody55hawk: folds 
pipistranieri: folds 
YodaX23: folds 
51_Petr: folds 
1Mihey2prok: folds 
Dorex2007: folds 
Blufferin142: folds 
Uncalled bet ($0.01) returned to jumpturn
jumpturn collected $0.02 from pot
jumpturn: doesn't show hand 
*** SUMMARY ***
Total pot $0.02 | Rake $0 
Seat 1: Blufferin142 (small blind) folded before Flop
Seat 2: jumpturn (big blind) collected ($0.02)
Seat 3: bloody55hawk folded before Flop (didn't bet)
Seat 4: pipistranieri folded before Flop (didn't bet)
Seat 5: YodaX23 folded before Flop (didn't bet)
Seat 6: 51_Petr folded before Flop (didn't bet)
Seat 7: 1Mihey2prok folded before Flop (didn't bet)
Seat 8: Dorex2007 (button) folded before Flop (didn't bet)



PokerStars Hand #228299611872:  Hold'em No Limit ($0.01/$0.02 USD) - 2021/07/14 20:29:35 PT [2021/07/14 23:29:35 ET]
Table 'Raissa' 9-max Seat #1 is the button
Seat 1: Blufferin142 ($0.79 in chips) 
Seat 2: jumpturn ($2.18 in chips) 
Seat 3: bloody55hawk ($0.89 in chips) 
Seat 4: pipistranieri ($0.83 in chips) 
Seat 5: YodaX23 ($2.19 in chips) 
Seat 6: 51_Petr ($2.36 in chips) 
Seat 7: 1Mihey2prok ($1.62 in chips) 
Seat 8: Dorex2007 ($1.85 in chips) 
jumpturn: posts small blind $0.01
bloody55hawk: posts big blind $0.02
*** HOLE CARDS ***
Dealt to Dorex2007 [4s Tc]
pipistranieri: folds 
YodaX23: folds 
51_Petr: folds 
1Mihey2prok: folds 
Dorex2007: folds 
Blufferin142: folds 
jumpturn: raises $0.03 to $0.05
bloody55hawk: folds 
Uncalled bet ($0.03) returned to jumpturn
jumpturn collected $0.04 from pot
jumpturn: doesn't show hand 
*** SUMMARY ***
Total pot $0.04 | Rake $0 
Seat 1: Blufferin142 (button) folded before Flop (didn't bet)
Seat 2: jumpturn (small blind) collected ($0.04)
Seat 3: bloody55hawk (big blind) folded before Flop
Seat 4: pipistranieri folded before Flop (didn't bet)
Seat 5: YodaX23 folded before Flop (didn't bet)
Seat 6: 51_Petr folded before Flop (didn't bet)
Seat 7: 1Mihey2prok folded before Flop (didn't bet)
Seat 8: Dorex2007 folded before Flop (didn't bet)



PokerStars Hand #228299615571:  Hold'em No Limit ($0.01/$0.02 USD) - 2021/07/14 20:29:56 PT [2021/07/14 23:29:56 ET]
Table 'Raissa' 9-max Seat #2 is the button
Seat 1: Blufferin142 ($0.79 in chips) 
Seat 2: jumpturn ($2.20 in chips) 
Seat 3: bloody55hawk ($0.87 in chips) 
Seat 4: pipistranieri ($0.83 in chips) 
Seat 5: YodaX23 ($2.19 in chips) 
Seat 6: 51_Petr ($2.36 in chips) 
Seat 7: 1Mihey2prok ($1.62 in chips) 
Seat 8: Dorex2007 ($1.85 in chips) 
bloody55hawk: posts small blind $0.01
pipistranieri: posts big blind $0.02
*** HOLE CARDS ***
Dealt to Dorex2007 [9h Kc]
YodaX23: folds 
51_Petr: calls $0.02
1Mihey2prok: raises $0.07 to $0.09
Dorex2007: folds 
Blufferin142: folds 
jumpturn: folds 
bloody55hawk: folds 
pipistranieri: folds 
51_Petr: folds 
Uncalled bet ($0.07) returned to 1Mihey2prok
1Mihey2prok collected $0.07 from pot
1Mihey2prok: doesn't show hand 
*** SUMMARY ***
Total pot $0.07 | Rake $0 
Seat 1: Blufferin142 folded before Flop (didn't bet)
Seat 2: jumpturn (button) folded before Flop (didn't bet)
Seat 3: bloody55hawk (small blind) folded before Flop
Seat 4: pipistranieri (big blind) folded before Flop
Seat 5: YodaX23 folded before Flop (didn't bet)
Seat 6: 51_Petr folded before Flop
Seat 7: 1Mihey2prok collected ($0.07)
Seat 8: Dorex2007 folded before Flop (didn't bet)



PokerStars Hand #228299620716:  Hold'em No Limit ($0.01/$0.02 USD) - 2021/07/14 20:30:27 PT [2021/07/14 23:30:27 ET]
Table 'Raissa' 9-max Seat #3 is the button
Seat 1: Blufferin142 ($0.79 in chips) 
Seat 2: jumpturn ($2.20 in chips) 
Seat 3: bloody55hawk ($0.86 in chips) 
Seat 4: pipistranieri ($0.81 in chips) 
Seat 5: YodaX23 ($2.19 in chips) 
Seat 6: 51_Petr ($2.34 in chips) 
Seat 7: 1Mihey2prok ($1.67 in chips) 
Seat 8: Dorex2007 ($1.85 in chips) 
pipistranieri: posts small blind $0.01
YodaX23: posts big blind $0.02
*** HOLE CARDS ***
Dealt to Dorex2007 [7c Ks]
51_Petr: folds 
1Mihey2prok: raises $0.02 to $0.04
Dorex2007: folds 
Blufferin142: folds 
jumpturn: folds 
bloody55hawk: folds 
pipistranieri: folds 
YodaX23: calls $0.02
*** FLOP *** [Tc 2s Kc]
YodaX23: checks 
1Mihey2prok: bets $0.02
giocata5 leaves the table
YodaX23: folds 
Uncalled bet ($0.02) returned to 1Mihey2prok
1Mihey2prok collected $0.09 from pot
1Mihey2prok: doesn't show hand 
*** SUMMARY ***
Total pot $0.09 | Rake $0 
Board [Tc 2s Kc]
Seat 1: Blufferin142 folded before Flop (didn't bet)
Seat 2: jumpturn folded before Flop (didn't bet)
Seat 3: bloody55hawk (button) folded before Flop (didn't bet)
Seat 4: pipistranieri (small blind) folded before Flop
Seat 5: YodaX23 (big blind) folded on the Flop
Seat 6: 51_Petr folded before Flop (didn't bet)
Seat 7: 1Mihey2prok collected ($0.09)
Seat 8: Dorex2007 folded before Flop (didn't bet)



PokerStars Hand #228299626827:  Hold'em No Limit ($0.01/$0.02 USD) - 2021/07/14 20:31:02 PT [2021/07/14 23:31:02 ET]
Table 'Raissa' 9-max Seat #4 is the button
Seat 1: Blufferin142 ($0.79 in chips) 
Seat 2: jumpturn ($2.20 in chips) 
Seat 3: bloody55hawk ($0.86 in chips) 
Seat 4: pipistranieri ($0.80 in chips) 
Seat 5: YodaX23 ($2.15 in chips) 
Seat 6: 51_Petr ($2.34 in chips) 
Seat 7: 1Mihey2prok ($1.72 in chips) 
Seat 8: Dorex2007 ($1.85 in chips) 
YodaX23: posts small blind $0.01
51_Petr: posts big blind $0.02
*** HOLE CARDS ***
Dealt to Dorex2007 [5h 4c]
topcat.prost joins the table at seat #9 
1Mihey2prok: raises $0.02 to $0.04
Dorex2007: folds 
Blufferin142: folds 
jumpturn: calls $0.04
bloody55hawk: folds 
pipistranieri: folds 
YodaX23: folds 
51_Petr: folds 
*** FLOP *** [Ah Jc 2s]
1Mihey2prok: checks 
jumpturn: bets $0.06
1Mihey2prok: folds 
Uncalled bet ($0.06) returned to jumpturn
jumpturn collected $0.11 from pot
jumpturn: doesn't show hand 
*** SUMMARY ***
Total pot $0.11 | Rake $0 
Board [Ah Jc 2s]
Seat 1: Blufferin142 folded before Flop (didn't bet)
Seat 2: jumpturn collected ($0.11)
Seat 3: bloody55hawk folded before Flop (didn't bet)
Seat 4: pipistranieri (button) folded before Flop (didn't bet)
Seat 5: YodaX23 (small blind) folded before Flop
Seat 6: 51_Petr (big blind) folded before Flop
Seat 7: 1Mihey2prok folded on the Flop
Seat 8: Dorex2007 folded before Flop (didn't bet)



PokerStars Hand #228299635881:  Hold'em No Limit ($0.01/$0.02 USD) - 2021/07/14 20:31:56 PT [2021/07/14 23:31:56 ET]
Table 'Raissa' 9-max Seat #5 is the button
Seat 1: Blufferin142 ($0.79 in chips) 
Seat 2: jumpturn ($2.27 in chips) 
Seat 3: bloody55hawk ($0.86 in chips) 
Seat 4: pipistranieri ($0.80 in chips) 
Seat 5: YodaX23 ($2.14 in chips) 
Seat 6: 51_Petr ($2.32 in chips) 
Seat 7: 1Mihey2prok ($1.68 in chips) 
Seat 8: Dorex2007 ($1.85 in chips) 
51_Petr: posts small blind $0.01
1Mihey2prok: posts big blind $0.02
topcat.prost: sits out 
*** HOLE CARDS ***
Dealt to Dorex2007 [Kd 9s]
Dorex2007: folds 
Blufferin142: folds 
jumpturn: folds 
bloody55hawk: raises $0.84 to $0.86 and is all-in
pipistranieri: folds 
YodaX23: folds 
51_Petr: folds 
1Mihey2prok: folds 
Uncalled bet ($0.84) returned to bloody55hawk
bloody55hawk collected $0.05 from pot
bloody55hawk: doesn't show hand 
*** SUMMARY ***
Total pot $0.05 | Rake $0 
Seat 1: Blufferin142 folded before Flop (didn't bet)
Seat 2: jumpturn folded before Flop (didn't bet)
Seat 3: bloody55hawk collected ($0.05)
Seat 4: pipistranieri folded before Flop (didn't bet)
Seat 5: YodaX23 (button) folded before Flop (didn't bet)
Seat 6: 51_Petr (small blind) folded before Flop
Seat 7: 1Mihey2prok (big blind) folded before Flop
Seat 8: Dorex2007 folded before Flop (didn't bet)



PokerStars Hand #228299638659:  Hold'em No Limit ($0.01/$0.02 USD) - 2021/07/14 20:32:12 PT [2021/07/14 23:32:12 ET]
Table 'Raissa' 9-max Seat #6 is the button
Seat 1: Blufferin142 ($0.79 in chips) 
Seat 2: jumpturn ($2.27 in chips) 
Seat 3: bloody55hawk ($0.89 in chips) 
Seat 4: pipistranieri ($0.80 in chips) 
Seat 5: YodaX23 ($2.14 in chips) 
Seat 6: 51_Petr ($2.31 in chips) 
Seat 7: 1Mihey2prok ($1.66 in chips) 
Seat 8: Dorex2007 ($1.85 in chips) 
1Mihey2prok: posts small blind $0.01
Dorex2007: posts big blind $0.02
topcat.prost: sits out 
*** HOLE CARDS ***
Dealt to Dorex2007 [2s 5d]
Blufferin142: folds 
jumpturn: folds 
bloody55hawk: folds 
pipistranieri: raises $0.04 to $0.06
YodaX23: folds 
51_Petr: folds 
1Mihey2prok: folds 
Dorex2007: folds 
Uncalled bet ($0.04) returned to pipistranieri
pipistranieri collected $0.05 from pot
pipistranieri: doesn't show hand 
*** SUMMARY ***
Total pot $0.05 | Rake $0 
Seat 1: Blufferin142 folded before Flop (didn't bet)
Seat 2: jumpturn folded before Flop (didn't bet)
Seat 3: bloody55hawk folded before Flop (didn't bet)
Seat 4: pipistranieri collected ($0.05)
Seat 5: YodaX23 folded before Flop (didn't bet)
Seat 6: 51_Petr (button) folded before Flop (didn't bet)
Seat 7: 1Mihey2prok (small blind) folded before Flop
Seat 8: Dorex2007 (big blind) folded before Flop



PokerStars Hand #228299642150:  Hold'em No Limit ($0.01/$0.02 USD) - 2021/07/14 20:32:33 PT [2021/07/14 23:32:33 ET]
Table 'Raissa' 9-max Seat #7 is the button
Seat 1: Blufferin142 ($0.79 in chips) 
Seat 2: jumpturn ($2.27 in chips) 
Seat 3: bloody55hawk ($0.89 in chips) 
Seat 4: pipistranieri ($0.83 in chips) 
Seat 5: YodaX23 ($2.14 in chips) 
Seat 6: 51_Petr ($2.31 in chips) 
Seat 7: 1Mihey2prok ($1.65 in chips) 
Seat 8: Dorex2007 ($1.83 in chips) 
Seat 9: topcat.prost ($1.60 in chips) 
Dorex2007: posts small blind $0.01
topcat.prost: posts big blind $0.02
*** HOLE CARDS ***
Dealt to Dorex2007 [7d Qh]
Blufferin142: folds 
jumpturn: folds 
bloody55hawk: folds 
pipistranieri: folds 
YodaX23: calls $0.02
51_Petr: folds 
1Mihey2prok: raises $0.02 to $0.04
Dorex2007: folds 
topcat.prost: calls $0.02
YodaX23: calls $0.02
*** FLOP *** [2d Js Td]
topcat.prost: bets $0.13
YodaX23: folds 
1Mihey2prok: folds 
Uncalled bet ($0.13) returned to topcat.prost
topcat.prost collected $0.13 from pot
topcat.prost: doesn't show hand 
*** SUMMARY ***
Total pot $0.13 | Rake $0 
Board [2d Js Td]
Seat 1: Blufferin142 folded before Flop (didn't bet)
Seat 2: jumpturn folded before Flop (didn't bet)
Seat 3: bloody55hawk folded before Flop (didn't bet)
Seat 4: pipistranieri folded before Flop (didn't bet)
Seat 5: YodaX23 folded on the Flop
Seat 6: 51_Petr folded before Flop (didn't bet)
Seat 7: 1Mihey2prok (button) folded on the Flop
Seat 8: Dorex2007 (small blind) folded before Flop
Seat 9: topcat.prost (big blind) collected ($0.13)



PokerStars Hand #228299650227:  Hold'em No Limit ($0.01/$0.02 USD) - 2021/07/14 20:33:21 PT [2021/07/14 23:33:21 ET]
Table 'Raissa' 9-max Seat #8 is the button
Seat 1: Blufferin142 ($0.79 in chips) 
Seat 2: jumpturn ($2.27 in chips) 
Seat 3: bloody55hawk ($0.89 in chips) 
Seat 4: pipistranieri ($0.83 in chips) 
Seat 5: YodaX23 ($2.10 in chips) 
Seat 6: 51_Petr ($2.31 in chips) 
Seat 7: 1Mihey2prok ($1.61 in chips) 
Seat 8: Dorex2007 ($1.82 in chips) 
Seat 9: topcat.prost ($1.69 in chips) 
topcat.prost: posts small blind $0.01
Blufferin142: posts big blind $0.02
*** HOLE CARDS ***
Dealt to Dorex2007 [5h 9s]
jumpturn: folds 
bloody55hawk: folds 
pipistranieri: folds 
YodaX23: folds 
51_Petr: folds 
1Mihey2prok: folds 
Dorex2007: folds 
topcat.prost: raises $0.02 to $0.04
Blufferin142: calls $0.02
*** FLOP *** [Ts Ad 5s]
topcat.prost: bets $0.08
Blufferin142: folds 
Uncalled bet ($0.08) returned to topcat.prost
topcat.prost collected $0.08 from pot
topcat.prost: doesn't show hand 
*** SUMMARY ***
Total pot $0.08 | Rake $0 
Board [Ts Ad 5s]
Seat 1: Blufferin142 (big blind) folded on the Flop
Seat 2: jumpturn folded before Flop (didn't bet)
Seat 3: bloody55hawk folded before Flop (didn't bet)
Seat 4: pipistranieri folded before Flop (didn't bet)
Seat 5: YodaX23 folded before Flop (didn't bet)
Seat 6: 51_Petr folded before Flop (didn't bet)
Seat 7: 1Mihey2prok folded before Flop (didn't bet)
Seat 8: Dorex2007 (button) folded before Flop (didn't bet)
Seat 9: topcat.prost (small blind) collected ($0.08)



PokerStars Hand #228299656215:  Hold'em No Limit ($0.01/$0.02 USD) - 2021/07/14 20:33:57 PT [2021/07/14 23:33:57 ET]
Table 'Raissa' 9-max Seat #9 is the button
Seat 1: Blufferin142 ($0.75 in chips) 
Seat 2: jumpturn ($2.27 in chips) 
Seat 3: bloody55hawk ($0.89 in chips) 
Seat 4: pipistranieri ($0.83 in chips) 
Seat 5: YodaX23 ($2.10 in chips) 
Seat 6: 51_Petr ($2.31 in chips) 
Seat 7: 1Mihey2prok ($1.61 in chips) 
Seat 8: Dorex2007 ($1.82 in chips) 
Seat 9: topcat.prost ($1.73 in chips) 
Blufferin142: posts small blind $0.01
jumpturn: posts big blind $0.02
*** HOLE CARDS ***
Dealt to Dorex2007 [8d Jd]
bloody55hawk: folds 
pipistranieri: folds 
YodaX23: raises $0.03 to $0.05
51_Petr: folds 
1Mihey2prok: folds 
Dorex2007: folds 
topcat.prost: folds 
Blufferin142: folds 
jumpturn: folds 
Uncalled bet ($0.03) returned to YodaX23
YodaX23 collected $0.05 from pot
*** SUMMARY ***
Total pot $0.05 | Rake $0 
Seat 1: Blufferin142 (small blind) folded before Flop
Seat 2: jumpturn (big blind) folded before Flop
Seat 3: bloody55hawk folded before Flop (didn't bet)
Seat 4: pipistranieri folded before Flop (didn't bet)
Seat 5: YodaX23 collected ($0.05)
Seat 6: 51_Petr folded before Flop (didn't bet)
Seat 7: 1Mihey2prok folded before Flop (didn't bet)
Seat 8: Dorex2007 folded before Flop (didn't bet)
Seat 9: topcat.prost (button) folded before Flop (didn't bet)



PokerStars Hand #228299660473:  Hold'em No Limit ($0.01/$0.02 USD) - 2021/07/14 20:34:22 PT [2021/07/14 23:34:22 ET]
Table 'Raissa' 9-max Seat #1 is the button
Seat 1: Blufferin142 ($0.74 in chips) 
Seat 2: jumpturn ($2.25 in chips) 
Seat 3: bloody55hawk ($0.89 in chips) 
Seat 4: pipistranieri ($0.83 in chips) 
Seat 5: YodaX23 ($2.13 in chips) 
Seat 6: 51_Petr ($2.31 in chips) 
Seat 7: 1Mihey2prok ($1.61 in chips) 
Seat 8: Dorex2007 ($1.82 in chips) 
Seat 9: topcat.prost ($1.73 in chips) 
jumpturn: posts small blind $0.01
bloody55hawk: posts big blind $0.02
*** HOLE CARDS ***
Dealt to Dorex2007 [5d 5s]
pipistranieri: folds 
YodaX23: folds 
51_Petr: folds 
1Mihey2prok: folds 
Dorex2007: raises $0.04 to $0.06
topcat.prost: folds 
Blufferin142: folds 
jumpturn: folds 
bloody55hawk: folds 
Uncalled bet ($0.04) returned to Dorex2007
Dorex2007 collected $0.05 from pot
Dorex2007: doesn't show hand 
*** SUMMARY ***
Total pot $0.05 | Rake $0 
Seat 1: Blufferin142 (button) folded before Flop (didn't bet)
Seat 2: jumpturn (small blind) folded before Flop
Seat 3: bloody55hawk (big blind) folded before Flop
Seat 4: pipistranieri folded before Flop (didn't bet)
Seat 5: YodaX23 folded before Flop (didn't bet)
Seat 6: 51_Petr folded before Flop (didn't bet)
Seat 7: 1Mihey2prok folded before Flop (didn't bet)
Seat 8: Dorex2007 collected ($0.05)
Seat 9: topcat.prost folded before Flop (didn't bet)



PokerStars Hand #228299666031:  Hold'em No Limit ($0.01/$0.02 USD) - 2021/07/14 20:34:56 PT [2021/07/14 23:34:56 ET]
Table 'Raissa' 9-max Seat #2 is the button
Seat 1: Blufferin142 ($0.74 in chips) 
Seat 2: jumpturn ($2.24 in chips) 
Seat 3: bloody55hawk ($0.87 in chips) 
Seat 4: pipistranieri ($0.83 in chips) 
Seat 5: YodaX23 ($2.13 in chips) 
Seat 6: 51_Petr ($2.31 in chips) 
Seat 7: 1Mihey2prok ($1.61 in chips) 
Seat 8: Dorex2007 ($1.85 in chips) 
Seat 9: topcat.prost ($1.73 in chips) 
bloody55hawk: posts small blind $0.01
pipistranieri: posts big blind $0.02
*** HOLE CARDS ***
Dealt to Dorex2007 [5h 8c]
YodaX23: raises $0.03 to $0.05
51_Petr: folds 
1Mihey2prok: folds 
Dorex2007: folds 
topcat.prost: folds 
Blufferin142: folds 
jumpturn: folds 
bloody55hawk: folds 
pipistranieri: folds 
Uncalled bet ($0.03) returned to YodaX23
YodaX23 collected $0.05 from pot
*** SUMMARY ***
Total pot $0.05 | Rake $0 
Seat 1: Blufferin142 folded before Flop (didn't bet)
Seat 2: jumpturn (button) folded before Flop (didn't bet)
Seat 3: bloody55hawk (small blind) folded before Flop
Seat 4: pipistranieri (big blind) folded before Flop
Seat 5: YodaX23 collected ($0.05)
Seat 6: 51_Petr folded before Flop (didn't bet)
Seat 7: 1Mihey2prok folded before Flop (didn't bet)
Seat 8: Dorex2007 folded before Flop (didn't bet)
Seat 9: topcat.prost folded before Flop (didn't bet)



PokerStars Hand #228299669202:  Hold'em No Limit ($0.01/$0.02 USD) - 2021/07/14 20:35:14 PT [2021/07/14 23:35:14 ET]
Table 'Raissa' 9-max Seat #3 is the button
Seat 1: Blufferin142 ($0.74 in chips) 
Seat 2: jumpturn ($2.24 in chips) 
Seat 3: bloody55hawk ($0.86 in chips) 
Seat 4: pipistranieri ($0.81 in chips) 
Seat 5: YodaX23 ($2.16 in chips) 
Seat 6: 51_Petr ($2.31 in chips) 
Seat 7: 1Mihey2prok ($1.61 in chips) 
Seat 8: Dorex2007 ($1.85 in chips) 
Seat 9: topcat.prost ($1.73 in chips) 
pipistranieri: posts small blind $0.01
YodaX23: posts big blind $0.02
*** HOLE CARDS ***
Dealt to Dorex2007 [2c Ts]
51_Petr: folds 
1Mihey2prok: folds 
Dorex2007: folds 
topcat.prost: folds 
Blufferin142: calls $0.02
jumpturn: folds 
bloody55hawk: raises $0.04 to $0.06
pipistranieri: folds 
YodaX23: folds 
Blufferin142: calls $0.04
*** FLOP *** [Th 8d Ah]
Blufferin142: checks 
bloody55hawk: bets $0.07
Blufferin142: calls $0.07
*** TURN *** [Th 8d Ah] [Jc]
Blufferin142: checks 
bloody55hawk: checks 
*** RIVER *** [Th 8d Ah Jc] [3c]
Blufferin142: checks 
bloody55hawk: checks 
*** SHOW DOWN ***
Blufferin142: shows [7h Kh] (high card Ace)
bloody55hawk: shows [6s 6d] (a pair of Sixes)
bloody55hawk collected $0.28 from pot
*** SUMMARY ***
Total pot $0.29 | Rake $0.01 
Board [Th 8d Ah Jc 3c]
Seat 1: Blufferin142 showed [7h Kh] and lost with high card Ace
Seat 2: jumpturn folded before Flop (didn't bet)
Seat 3: bloody55hawk (button) showed [6s 6d] and won ($0.28) with a pair of Sixes
Seat 4: pipistranieri (small blind) folded before Flop
Seat 5: YodaX23 (big blind) folded before Flop
Seat 6: 51_Petr folded before Flop (didn't bet)
Seat 7: 1Mihey2prok folded before Flop (didn't bet)
Seat 8: Dorex2007 folded before Flop (didn't bet)
Seat 9: topcat.prost folded before Flop (didn't bet)



PokerStars Hand #228299678150:  Hold'em No Limit ($0.01/$0.02 USD) - 2021/07/14 20:36:08 PT [2021/07/14 23:36:08 ET]
Table 'Raissa' 9-max Seat #4 is the button
Seat 1: Blufferin142 ($0.61 in chips) 
Seat 2: jumpturn ($2.24 in chips) 
Seat 3: bloody55hawk ($1.01 in chips) 
Seat 4: pipistranieri ($0.80 in chips) 
Seat 5: YodaX23 ($2.14 in chips) 
Seat 6: 51_Petr ($2.31 in chips) 
Seat 7: 1Mihey2prok ($1.61 in chips) 
Seat 8: Dorex2007 ($1.85 in chips) 
Seat 9: topcat.prost ($1.73 in chips) 
YodaX23: posts small blind $0.01
51_Petr: posts big blind $0.02
*** HOLE CARDS ***
Dealt to Dorex2007 [As 2s]
1Mihey2prok: folds 
Dorex2007: folds 
topcat.prost: folds 
Blufferin142: folds 
jumpturn: folds 
bloody55hawk: raises $0.06 to $0.08
pipistranieri: folds 
YodaX23: folds 
51_Petr: folds 
Uncalled bet ($0.06) returned to bloody55hawk
bloody55hawk collected $0.05 from pot
bloody55hawk: doesn't show hand 
*** SUMMARY ***
Total pot $0.05 | Rake $0 
Seat 1: Blufferin142 folded before Flop (didn't bet)
Seat 2: jumpturn folded before Flop (didn't bet)
Seat 3: bloody55hawk collected ($0.05)
Seat 4: pipistranieri (button) folded before Flop (didn't bet)
Seat 5: YodaX23 (small blind) folded before Flop
Seat 6: 51_Petr (big blind) folded before Flop
Seat 7: 1Mihey2prok folded before Flop (didn't bet)
Seat 8: Dorex2007 folded before Flop (didn't bet)
Seat 9: topcat.prost folded before Flop (didn't bet)



PokerStars Hand #228299682654:  Hold'em No Limit ($0.01/$0.02 USD) - 2021/07/14 20:36:34 PT [2021/07/14 23:36:34 ET]
Table 'Raissa' 9-max Seat #5 is the button
Seat 1: Blufferin142 ($0.61 in chips) 
Seat 2: jumpturn ($2.24 in chips) 
Seat 3: bloody55hawk ($1.04 in chips) 
Seat 4: pipistranieri ($0.80 in chips) 
Seat 5: YodaX23 ($2.13 in chips) 
Seat 6: 51_Petr ($2.29 in chips) 
Seat 7: 1Mihey2prok ($1.61 in chips) 
Seat 8: Dorex2007 ($1.85 in chips) 
Seat 9: topcat.prost ($1.73 in chips) 
51_Petr: posts small blind $0.01
1Mihey2prok: posts big blind $0.02
*** HOLE CARDS ***
Dealt to Dorex2007 [9h Jh]
Dorex2007: folds 
topcat.prost: folds 
Blufferin142: calls $0.02
jumpturn: folds 
bloody55hawk: folds 
pipistranieri: folds 
YodaX23: raises $0.03 to $0.05
51_Petr: folds 
1Mihey2prok: folds 
Blufferin142: calls $0.03
*** FLOP *** [Ac 7c Ah]
Blufferin142: checks 
YodaX23: checks 
*** TURN *** [Ac 7c Ah] [Jc]
Blufferin142: checks 
YodaX23: bets $0.07
Blufferin142: folds 
Uncalled bet ($0.07) returned to YodaX23
YodaX23 collected $0.13 from pot
*** SUMMARY ***
Total pot $0.13 | Rake $0 
Board [Ac 7c Ah Jc]
Seat 1: Blufferin142 folded on the Turn
Seat 2: jumpturn folded before Flop (didn't bet)
Seat 3: bloody55hawk folded before Flop (didn't bet)
Seat 4: pipistranieri folded before Flop (didn't bet)
Seat 5: YodaX23 (button) collected ($0.13)
Seat 6: 51_Petr (small blind) folded before Flop
Seat 7: 1Mihey2prok (big blind) folded before Flop
Seat 8: Dorex2007 folded before Flop (didn't bet)
Seat 9: topcat.prost folded before Flop (didn't bet)



PokerStars Hand #228299690551:  Hold'em No Limit ($0.01/$0.02 USD) - 2021/07/14 20:37:21 PT [2021/07/14 23:37:21 ET]
Table 'Raissa' 9-max Seat #6 is the button
Seat 1: Blufferin142 ($0.56 in chips) 
Seat 2: jumpturn ($2.24 in chips) 
Seat 3: bloody55hawk ($1.04 in chips) 
Seat 4: pipistranieri ($0.80 in chips) 
Seat 5: YodaX23 ($2.21 in chips) 
Seat 6: 51_Petr ($2.28 in chips) 
Seat 7: 1Mihey2prok ($1.59 in chips) 
Seat 8: Dorex2007 ($1.85 in chips) 
Seat 9: topcat.prost ($1.73 in chips) 
1Mihey2prok: posts small blind $0.01
Dorex2007: posts big blind $0.02
*** HOLE CARDS ***
Dealt to Dorex2007 [Ks 6h]
topcat.prost: folds 
Blufferin142: folds 
jumpturn: folds 
bloody55hawk: folds 
pipistranieri: folds 
YodaX23: folds 
51_Petr: folds 
1Mihey2prok: raises $0.02 to $0.04
Dorex2007: calls $0.02
*** FLOP *** [Ad 6s Qh]
1Mihey2prok: bets $0.02
Dorex2007: raises $0.06 to $0.08
1Mihey2prok: calls $0.06
*** TURN *** [Ad 6s Qh] [Kd]
1Mihey2prok: bets $0.02
Dorex2007: calls $0.02
*** RIVER *** [Ad 6s Qh Kd] [Th]
1Mihey2prok: bets $0.02
Dorex2007: calls $0.02
*** SHOW DOWN ***
1Mihey2prok: shows [Tc Ah] (two pair, Aces and Tens)
Dorex2007: mucks hand 
1Mihey2prok collected $0.31 from pot
*** SUMMARY ***
Total pot $0.32 | Rake $0.01 
Board [Ad 6s Qh Kd Th]
Seat 1: Blufferin142 folded before Flop (didn't bet)
Seat 2: jumpturn folded before Flop (didn't bet)
Seat 3: bloody55hawk folded before Flop (didn't bet)
Seat 4: pipistranieri folded before Flop (didn't bet)
Seat 5: YodaX23 folded before Flop (didn't bet)
Seat 6: 51_Petr (button) folded before Flop (didn't bet)
Seat 7: 1Mihey2prok (small blind) showed [Tc Ah] and won ($0.31) with two pair, Aces and Tens
Seat 8: Dorex2007 (big blind) mucked [Ks 6h]
Seat 9: topcat.prost folded before Flop (didn't bet)



PokerStars Hand #228299699735:  Hold'em No Limit ($0.01/$0.02 USD) - 2021/07/14 20:38:16 PT [2021/07/14 23:38:16 ET]
Table 'Raissa' 9-max Seat #7 is the button
Seat 1: Blufferin142 ($0.56 in chips) 
Seat 2: jumpturn ($2.24 in chips) 
Seat 3: bloody55hawk ($1.04 in chips) 
Seat 4: pipistranieri ($0.80 in chips) 
Seat 5: YodaX23 ($2.21 in chips) 
Seat 6: 51_Petr ($2.28 in chips) 
Seat 7: 1Mihey2prok ($1.74 in chips) 
Seat 8: Dorex2007 ($2 in chips) 
Seat 9: topcat.prost ($1.73 in chips) 
Dorex2007: posts small blind $0.01
topcat.prost: posts big blind $0.02
*** HOLE CARDS ***
Dealt to Dorex2007 [Kc 4h]
Blufferin142: folds 
jumpturn: folds 
bloody55hawk: raises $0.04 to $0.06
pipistranieri: folds 
YodaX23: folds 
51_Petr: folds 
1Mihey2prok: folds 
Dorex2007: folds 
topcat.prost: folds 
Uncalled bet ($0.04) returned to bloody55hawk
bloody55hawk collected $0.05 from pot
bloody55hawk: doesn't show hand 
*** SUMMARY ***
Total pot $0.05 | Rake $0 
Seat 1: Blufferin142 folded before Flop (didn't bet)
Seat 2: jumpturn folded before Flop (didn't bet)
Seat 3: bloody55hawk collected ($0.05)
Seat 4: pipistranieri folded before Flop (didn't bet)
Seat 5: YodaX23 folded before Flop (didn't bet)
Seat 6: 51_Petr folded before Flop (didn't bet)
Seat 7: 1Mihey2prok (button) folded before Flop (didn't bet)
Seat 8: Dorex2007 (small blind) folded before Flop
Seat 9: topcat.prost (big blind) folded before Flop



PokerStars Hand #228299706248:  Hold'em No Limit ($0.01/$0.02 USD) - 2021/07/14 20:38:56 PT [2021/07/14 23:38:56 ET]
Table 'Raissa' 9-max Seat #8 is the button
Seat 1: Blufferin142 ($0.56 in chips) 
Seat 2: jumpturn ($2.24 in chips) 
Seat 3: bloody55hawk ($1.07 in chips) 
Seat 4: pipistranieri ($0.80 in chips) 
Seat 5: YodaX23 ($2.21 in chips) 
Seat 6: 51_Petr ($2.28 in chips) 
Seat 7: 1Mihey2prok ($1.74 in chips) 
Seat 8: Dorex2007 ($1.99 in chips) 
Seat 9: topcat.prost ($1.71 in chips) 
topcat.prost: posts small blind $0.01
Blufferin142: posts big blind $0.02
*** HOLE CARDS ***
Dealt to Dorex2007 [As Ac]
jumpturn: folds 
bloody55hawk: folds 
pipistranieri: folds 
YodaX23: raises $0.03 to $0.05
51_Petr: folds 
1Mihey2prok: folds 
Dorex2007: raises $0.07 to $0.12
topcat.prost: folds 
Blufferin142: folds 
YodaX23: calls $0.07
*** FLOP *** [4h 7s 2c]
YodaX23: checks 
Dorex2007: bets $0.26
YodaX23: folds 
Uncalled bet ($0.26) returned to Dorex2007
Dorex2007 collected $0.26 from pot
Dorex2007: doesn't show hand 
*** SUMMARY ***
Total pot $0.27 | Rake $0.01 
Board [4h 7s 2c]
Seat 1: Blufferin142 (big blind) folded before Flop
Seat 2: jumpturn folded before Flop (didn't bet)
Seat 3: bloody55hawk folded before Flop (didn't bet)
Seat 4: pipistranieri folded before Flop (didn't bet)
Seat 5: YodaX23 folded on the Flop
Seat 6: 51_Petr folded before Flop (didn't bet)
Seat 7: 1Mihey2prok folded before Flop (didn't bet)
Seat 8: Dorex2007 (button) collected ($0.26)
Seat 9: topcat.prost (small blind) folded before Flop



PokerStars Hand #228299715626:  Hold'em No Limit ($0.01/$0.02 USD) - 2021/07/14 20:39:37 PT [2021/07/14 23:39:37 ET]
Table 'Raissa' 9-max Seat #1 is the button
Seat 1: Blufferin142 ($0.54 in chips) 
Seat 2: jumpturn ($2.24 in chips) 
Seat 3: bloody55hawk ($1.07 in chips) 
Seat 4: pipistranieri ($0.80 in chips) 
Seat 5: YodaX23 ($2.09 in chips) 
Seat 6: 51_Petr ($2.28 in chips) 
Seat 7: 1Mihey2prok ($1.74 in chips) 
Seat 8: Dorex2007 ($2.13 in chips) 
jumpturn: posts small blind $0.01
bloody55hawk: posts big blind $0.02
*** HOLE CARDS ***
Dealt to Dorex2007 [Ks 9h]
pipistranieri: folds 
YodaX23: folds 
51_Petr: folds 
1Mihey2prok: folds 
Dorex2007: calls $0.02
Blufferin142 has timed out
Blufferin142: folds 
jumpturn: folds 
bloody55hawk: checks 
*** FLOP *** [9c Jc 2h]
bloody55hawk: checks 
Dorex2007: checks 
*** TURN *** [9c Jc 2h] [2c]
bloody55hawk: bets $0.02
Dorex2007: calls $0.02
*** RIVER *** [9c Jc 2h 2c] [2d]
bloody55hawk: checks 
Dorex2007: checks 
*** SHOW DOWN ***
bloody55hawk: shows [Th 8h] (three of a kind, Deuces)
Dorex2007: shows [Ks 9h] (a full house, Deuces full of Nines)
Dorex2007 collected $0.09 from pot
*** SUMMARY ***
Total pot $0.09 | Rake $0 
Board [9c Jc 2h 2c 2d]
Seat 1: Blufferin142 (button) folded before Flop (didn't bet)
Seat 2: jumpturn (small blind) folded before Flop
Seat 3: bloody55hawk (big blind) showed [Th 8h] and lost with three of a kind, Deuces
Seat 4: pipistranieri folded before Flop (didn't bet)
Seat 5: YodaX23 folded before Flop (didn't bet)
Seat 6: 51_Petr folded before Flop (didn't bet)
Seat 7: 1Mihey2prok folded before Flop (didn't bet)
Seat 8: Dorex2007 showed [Ks 9h] and won ($0.09) with a full house, Deuces full of Nines



PokerStars Hand #228299722253:  Hold'em No Limit ($0.01/$0.02 USD) - 2021/07/14 20:40:17 PT [2021/07/14 23:40:17 ET]
Table 'Raissa' 9-max Seat #2 is the button
Seat 2: jumpturn ($2.23 in chips) 
Seat 3: bloody55hawk ($1.03 in chips) 
Seat 4: pipistranieri ($0.80 in chips) 
Seat 5: YodaX23 ($2.09 in chips) 
Seat 6: 51_Petr ($2.28 in chips) 
Seat 7: 1Mihey2prok ($1.74 in chips) 
Seat 8: Dorex2007 ($2.18 in chips) 
bloody55hawk: posts small blind $0.01
pipistranieri: posts big blind $0.02
*** HOLE CARDS ***
Dealt to Dorex2007 [3h Th]
YodaX23: folds 
51_Petr: raises $0.04 to $0.06
1Mihey2prok: raises $0.04 to $0.10
Dorex2007: folds 
jumpturn: folds 
bloody55hawk: folds 
pipistranieri: folds 
51_Petr: calls $0.04
*** FLOP *** [2h 9s Ts]
51_Petr: checks 
1Mihey2prok: bets $0.14
51_Petr: calls $0.14
*** TURN *** [2h 9s Ts] [6d]
51_Petr: checks 
1Mihey2prok: bets $0.30
51_Petr: folds 
Uncalled bet ($0.30) returned to 1Mihey2prok
1Mihey2prok collected $0.49 from pot
1Mihey2prok: doesn't show hand 
*** SUMMARY ***
Total pot $0.51 | Rake $0.02 
Board [2h 9s Ts 6d]
Seat 2: jumpturn (button) folded before Flop (didn't bet)
Seat 3: bloody55hawk (small blind) folded before Flop
Seat 4: pipistranieri (big blind) folded before Flop
Seat 5: YodaX23 folded before Flop (didn't bet)
Seat 6: 51_Petr folded on the Turn
Seat 7: 1Mihey2prok collected ($0.49)
Seat 8: Dorex2007 folded before Flop (didn't bet)



PokerStars Hand #228299736021:  Hold'em No Limit ($0.01/$0.02 USD) - 2021/07/14 20:41:40 PT [2021/07/14 23:41:40 ET]
Table 'Raissa' 9-max Seat #3 is the button
Seat 2: jumpturn ($2.23 in chips) 
Seat 3: bloody55hawk ($1.02 in chips) 
Seat 4: pipistranieri ($0.78 in chips) 
Seat 5: YodaX23 ($2.09 in chips) 
Seat 6: 51_Petr ($2.04 in chips) 
Seat 7: 1Mihey2prok ($1.99 in chips) 
Seat 8: Dorex2007 ($2.18 in chips) 
pipistranieri: posts small blind $0.01
YodaX23: posts big blind $0.02
*** HOLE CARDS ***
Dealt to Dorex2007 [5h Kc]
51_Petr: folds 
1Mihey2prok has timed out
1Mihey2prok: folds 
Dorex2007: folds 
jumpturn: raises $0.04 to $0.06
bloody55hawk: folds 
pipistranieri: folds 
YodaX23: folds 
Uncalled bet ($0.04) returned to jumpturn
jumpturn collected $0.05 from pot
jumpturn: doesn't show hand 
*** SUMMARY ***
Total pot $0.05 | Rake $0 
Seat 2: jumpturn collected ($0.05)
Seat 3: bloody55hawk (button) folded before Flop (didn't bet)
Seat 4: pipistranieri (small blind) folded before Flop
Seat 5: YodaX23 (big blind) folded before Flop
Seat 6: 51_Petr folded before Flop (didn't bet)
Seat 7: 1Mihey2prok folded before Flop (didn't bet)
Seat 8: Dorex2007 folded before Flop (didn't bet)



PokerStars Hand #228299740385:  Hold'em No Limit ($0.01/$0.02 USD) - 2021/07/14 20:42:06 PT [2021/07/14 23:42:06 ET]
Table 'Raissa' 9-max Seat #4 is the button
Seat 2: jumpturn ($2.26 in chips) 
Seat 3: bloody55hawk ($1.02 in chips) 
Seat 4: pipistranieri ($0.77 in chips) 
Seat 5: YodaX23 ($2.07 in chips) 
Seat 6: 51_Petr ($2.04 in chips) 
Seat 7: 1Mihey2prok ($1.99 in chips) 
Seat 8: Dorex2007 ($2.18 in chips) 
YodaX23: posts small blind $0.01
51_Petr: posts big blind $0.02
*** HOLE CARDS ***
Dealt to Dorex2007 [Jd Td]
1Mihey2prok: folds 
Dorex2007: raises $0.02 to $0.04
jumpturn: folds 
bloody55hawk: calls $0.04
pipistranieri: folds 
YodaX23: calls $0.03
51_Petr: calls $0.02
*** FLOP *** [5c 9h 7h]
YodaX23: checks 
51_Petr: checks 
Dorex2007: checks 
bloody55hawk: checks 
*** TURN *** [5c 9h 7h] [7c]
YodaX23: checks 
51_Petr: bets $0.05
Dorex2007: folds 
bloody55hawk: folds 
YodaX23: folds 
Uncalled bet ($0.05) returned to 51_Petr
51_Petr collected $0.15 from pot
51_Petr: doesn't show hand 
*** SUMMARY ***
Total pot $0.16 | Rake $0.01 
Board [5c 9h 7h 7c]
Seat 2: jumpturn folded before Flop (didn't bet)
Seat 3: bloody55hawk folded on the Turn
Seat 4: pipistranieri (button) folded before Flop (didn't bet)
Seat 5: YodaX23 (small blind) folded on the Turn
Seat 6: 51_Petr (big blind) collected ($0.15)
Seat 7: 1Mihey2prok folded before Flop (didn't bet)
Seat 8: Dorex2007 folded on the Turn



PokerStars Hand #228299751002:  Hold'em No Limit ($0.01/$0.02 USD) - 2021/07/14 20:43:08 PT [2021/07/14 23:43:08 ET]
Table 'Raissa' 9-max Seat #5 is the button
Seat 2: jumpturn ($2.26 in chips) 
Seat 3: bloody55hawk ($0.98 in chips) 
Seat 4: pipistranieri ($0.77 in chips) 
Seat 5: YodaX23 ($2.03 in chips) 
Seat 6: 51_Petr ($2.15 in chips) 
Seat 7: 1Mihey2prok ($1.99 in chips) 
Seat 8: Dorex2007 ($2.14 in chips) 
51_Petr: posts small blind $0.01
1Mihey2prok: posts big blind $0.02
*** HOLE CARDS ***
Dealt to Dorex2007 [Jh 9s]
Dorex2007: folds 
jumpturn: folds 
bloody55hawk: folds 
pipistranieri: folds 
YodaX23: folds 
51_Petr: raises $0.03 to $0.05
1Mihey2prok: folds 
Uncalled bet ($0.03) returned to 51_Petr
51_Petr collected $0.04 from pot
51_Petr: doesn't show hand 
*** SUMMARY ***
Total pot $0.04 | Rake $0 
Seat 2: jumpturn folded before Flop (didn't bet)
Seat 3: bloody55hawk folded before Flop (didn't bet)
Seat 4: pipistranieri folded before Flop (didn't bet)
Seat 5: YodaX23 (button) folded before Flop (didn't bet)
Seat 6: 51_Petr (small blind) collected ($0.04)
Seat 7: 1Mihey2prok (big blind) folded before Flop
Seat 8: Dorex2007 folded before Flop (didn't bet)



PokerStars Hand #228299755837:  Hold'em No Limit ($0.01/$0.02 USD) - 2021/07/14 20:43:38 PT [2021/07/14 23:43:38 ET]
Table 'Raissa' 9-max Seat #6 is the button
Seat 2: jumpturn ($2.26 in chips) 
Seat 3: bloody55hawk ($0.98 in chips) 
Seat 4: pipistranieri ($0.77 in chips) 
Seat 5: YodaX23 ($2.03 in chips) 
Seat 6: 51_Petr ($2.17 in chips) 
Seat 7: 1Mihey2prok ($1.97 in chips) 
Seat 8: Dorex2007 ($2.14 in chips) 
1Mihey2prok: posts small blind $0.01
Dorex2007: posts big blind $0.02
*** HOLE CARDS ***
Dealt to Dorex2007 [7s 5h]
jumpturn: folds 
bloody55hawk: raises $0.04 to $0.06
pipistranieri: folds 
YodaX23: folds 
51_Petr: folds 
1Mihey2prok: folds 
Dorex2007: folds 
Uncalled bet ($0.04) returned to bloody55hawk
bloody55hawk collected $0.05 from pot
bloody55hawk: doesn't show hand 
*** SUMMARY ***
Total pot $0.05 | Rake $0 
Seat 2: jumpturn folded before Flop (didn't bet)
Seat 3: bloody55hawk collected ($0.05)
Seat 4: pipistranieri folded before Flop (didn't bet)
Seat 5: YodaX23 folded before Flop (didn't bet)
Seat 6: 51_Petr (button) folded before Flop (didn't bet)
Seat 7: 1Mihey2prok (small blind) folded before Flop
Seat 8: Dorex2007 (big blind) folded before Flop



PokerStars Hand #228299763173:  Hold'em No Limit ($0.01/$0.02 USD) - 2021/07/14 20:44:04 PT [2021/07/14 23:44:04 ET]
Table 'Raissa' 9-max Seat #7 is the button
Seat 2: jumpturn ($2.26 in chips) 
Seat 3: bloody55hawk ($1.01 in chips) 
Seat 4: pipistranieri ($0.77 in chips) 
Seat 5: YodaX23 ($2.03 in chips) 
Seat 6: 51_Petr ($2.17 in chips) 
Seat 7: 1Mihey2prok ($1.96 in chips) 
Seat 8: Dorex2007 ($2.12 in chips) 
Dorex2007: posts small blind $0.01
jumpturn: posts big blind $0.02
*** HOLE CARDS ***
Dealt to Dorex2007 [5c 4c]
bloody55hawk: folds 
pipistranieri: folds 
YodaX23: raises $0.04 to $0.06
51_Petr: folds 
1Mihey2prok: calls $0.06
Dorex2007: folds 
jumpturn: calls $0.04
*** FLOP *** [7d 8d Th]
jumpturn: checks 
YodaX23: checks 
1Mihey2prok: bets $0.02
jumpturn: folds 
YodaX23: calls $0.02
*** TURN *** [7d 8d Th] [5h]
YodaX23: checks 
1Mihey2prok: bets $0.22
YodaX23: folds 
Uncalled bet ($0.22) returned to 1Mihey2prok
1Mihey2prok collected $0.22 from pot
1Mihey2prok: doesn't show hand 
*** SUMMARY ***
Total pot $0.23 | Rake $0.01 
Board [7d 8d Th 5h]
Seat 2: jumpturn (big blind) folded on the Flop
Seat 3: bloody55hawk folded before Flop (didn't bet)
Seat 4: pipistranieri folded before Flop (didn't bet)
Seat 5: YodaX23 folded on the Turn
Seat 6: 51_Petr folded before Flop (didn't bet)
Seat 7: 1Mihey2prok (button) collected ($0.22)
Seat 8: Dorex2007 (small blind) folded before Flop



PokerStars Hand #228299778327:  Hold'em No Limit ($0.01/$0.02 USD) - 2021/07/14 20:45:36 PT [2021/07/14 23:45:36 ET]
Table 'Raissa' 9-max Seat #8 is the button
Seat 2: jumpturn ($2.20 in chips) 
Seat 3: bloody55hawk ($1.01 in chips) 
Seat 4: pipistranieri ($0.77 in chips) 
Seat 5: YodaX23 ($1.95 in chips) 
Seat 6: 51_Petr ($2.17 in chips) 
Seat 7: 1Mihey2prok ($2.10 in chips) 
Seat 8: Dorex2007 ($2.11 in chips) 
jumpturn: posts small blind $0.01
bloody55hawk: posts big blind $0.02
*** HOLE CARDS ***
Dealt to Dorex2007 [Js 9d]
pipistranieri: folds 
YodaX23: folds 
51_Petr: folds 
1Mihey2prok: raises $0.02 to $0.04
Dorex2007: folds 
jumpturn: folds 
bloody55hawk: folds 
Uncalled bet ($0.02) returned to 1Mihey2prok
1Mihey2prok collected $0.05 from pot
1Mihey2prok: doesn't show hand 
*** SUMMARY ***
Total pot $0.05 | Rake $0 
Seat 2: jumpturn (small blind) folded before Flop
Seat 3: bloody55hawk (big blind) folded before Flop
Seat 4: pipistranieri folded before Flop (didn't bet)
Seat 5: YodaX23 folded before Flop (didn't bet)
Seat 6: 51_Petr folded before Flop (didn't bet)
Seat 7: 1Mihey2prok collected ($0.05)
Seat 8: Dorex2007 (button) folded before Flop (didn't bet)



PokerStars Hand #228299790436:  Hold'em No Limit ($0.01/$0.02 USD) - 2021/07/14 20:45:59 PT [2021/07/14 23:45:59 ET]
Table 'Raissa' 9-max Seat #2 is the button
Seat 1: Blufferin142 ($0.54 in chips) 
Seat 2: jumpturn ($2.19 in chips) 
Seat 3: bloody55hawk ($0.99 in chips) 
Seat 4: pipistranieri ($0.77 in chips) 
Seat 5: YodaX23 ($1.95 in chips) 
Seat 6: 51_Petr ($2.17 in chips) 
Seat 7: 1Mihey2prok ($2.13 in chips) 
Seat 8: Dorex2007 ($2.11 in chips) 
bloody55hawk: posts small blind $0.01
pipistranieri: posts big blind $0.02
topcat.prost: sits out 
Blufferin142: posts small & big blinds $0.03
*** HOLE CARDS ***
Dealt to Dorex2007 [4s 4d]
YodaX23: raises $0.03 to $0.05
51_Petr: folds 
1Mihey2prok: folds 
Dorex2007: calls $0.05
Blufferin142: folds 
jumpturn: folds 
bloody55hawk: folds 
pipistranieri: calls $0.03
*** FLOP *** [Jh As 2d]
pipistranieri: checks 
YodaX23: checks 
Dorex2007: checks 
*** TURN *** [Jh As 2d] [6c]
pipistranieri: checks 
YodaX23: bets $0.09
Dorex2007: folds 
pipistranieri: folds 
Uncalled bet ($0.09) returned to YodaX23
YodaX23 collected $0.18 from pot
*** SUMMARY ***
Total pot $0.19 | Rake $0.01 
Board [Jh As 2d 6c]
Seat 1: Blufferin142 folded before Flop (didn't bet)
Seat 2: jumpturn (button) folded before Flop (didn't bet)
Seat 3: bloody55hawk (small blind) folded before Flop
Seat 4: pipistranieri (big blind) folded on the Turn
Seat 5: YodaX23 collected ($0.18)
Seat 6: 51_Petr folded before Flop (didn't bet)
Seat 7: 1Mihey2prok folded before Flop (didn't bet)
Seat 8: Dorex2007 folded on the Turn



PokerStars Hand #228299796406:  Hold'em No Limit ($0.01/$0.02 USD) - 2021/07/14 20:46:36 PT [2021/07/14 23:46:36 ET]
Table 'Raissa' 9-max Seat #3 is the button
Seat 1: Blufferin142 ($0.51 in chips) 
Seat 2: jumpturn ($2.19 in chips) 
Seat 3: bloody55hawk ($0.98 in chips) 
Seat 4: pipistranieri ($0.72 in chips) 
Seat 5: YodaX23 ($2.08 in chips) 
Seat 6: 51_Petr ($2.17 in chips) 
Seat 7: 1Mihey2prok ($2.13 in chips) 
Seat 8: Dorex2007 ($2.06 in chips) 
pipistranieri: posts small blind $0.01
YodaX23: posts big blind $0.02
topcat.prost: sits out 
*** HOLE CARDS ***
Dealt to Dorex2007 [6d Ts]
51_Petr: folds 
1Mihey2prok: folds 
Dorex2007: folds 
Blufferin142: raises $0.49 to $0.51 and is all-in
jumpturn: folds 
bloody55hawk: folds 
pipistranieri: folds 
YodaX23: folds 
Uncalled bet ($0.49) returned to Blufferin142
Blufferin142 collected $0.05 from pot
Blufferin142: doesn't show hand 
*** SUMMARY ***
Total pot $0.05 | Rake $0 
Seat 1: Blufferin142 collected ($0.05)
Seat 2: jumpturn folded before Flop (didn't bet)
Seat 3: bloody55hawk (button) folded before Flop (didn't bet)
Seat 4: pipistranieri (small blind) folded before Flop
Seat 5: YodaX23 (big blind) folded before Flop
Seat 6: 51_Petr folded before Flop (didn't bet)
Seat 7: 1Mihey2prok folded before Flop (didn't bet)
Seat 8: Dorex2007 folded before Flop (didn't bet)



PokerStars Hand #228299800721:  Hold'em No Limit ($0.01/$0.02 USD) - 2021/07/14 20:47:03 PT [2021/07/14 23:47:03 ET]
Table 'Raissa' 9-max Seat #4 is the button
Seat 1: Blufferin142 ($0.54 in chips) 
Seat 2: jumpturn ($2.19 in chips) 
Seat 3: bloody55hawk ($0.98 in chips) 
Seat 4: pipistranieri ($0.71 in chips) 
Seat 5: YodaX23 ($2.06 in chips) 
Seat 6: 51_Petr ($2.17 in chips) 
Seat 7: 1Mihey2prok ($2.13 in chips) 
Seat 8: Dorex2007 ($2.06 in chips) 
YodaX23: posts small blind $0.01
51_Petr: posts big blind $0.02
topcat.prost: sits out 
*** HOLE CARDS ***
Dealt to Dorex2007 [6d 8h]
1Mihey2prok: folds 
Dorex2007: folds 
Blufferin142: folds 
jumpturn: folds 
bloody55hawk: folds 
pipistranieri: folds 
YodaX23: calls $0.01
51_Petr: checks 
*** FLOP *** [5h Ad 2s]
YodaX23: checks 
51_Petr: checks 
*** TURN *** [5h Ad 2s] [2c]
YodaX23: bets $0.03
51_Petr: raises $0.06 to $0.09
YodaX23: calls $0.06
*** RIVER *** [5h Ad 2s 2c] [Js]
YodaX23: checks 
51_Petr: bets $0.14
YodaX23: calls $0.14
*** SHOW DOWN ***
51_Petr: shows [6h 2h] (three of a kind, Deuces)
YodaX23: mucks hand 
51_Petr collected $0.48 from pot
*** SUMMARY ***
Total pot $0.50 | Rake $0.02 
Board [5h Ad 2s 2c Js]
Seat 1: Blufferin142 folded before Flop (didn't bet)
Seat 2: jumpturn folded before Flop (didn't bet)
Seat 3: bloody55hawk folded before Flop (didn't bet)
Seat 4: pipistranieri (button) folded before Flop (didn't bet)
Seat 5: YodaX23 (small blind) mucked [As 4d]
Seat 6: 51_Petr (big blind) showed [6h 2h] and won ($0.48) with three of a kind, Deuces
Seat 7: 1Mihey2prok folded before Flop (didn't bet)
Seat 8: Dorex2007 folded before Flop (didn't bet)



PokerStars Hand #228299810548:  Hold'em No Limit ($0.01/$0.02 USD) - 2021/07/14 20:48:05 PT [2021/07/14 23:48:05 ET]
Table 'Raissa' 9-max Seat #5 is the button
Seat 2: jumpturn ($2.19 in chips) 
Seat 3: bloody55hawk ($0.98 in chips) 
Seat 4: pipistranieri ($0.71 in chips) 
Seat 5: YodaX23 ($1.81 in chips) 
Seat 6: 51_Petr ($2.40 in chips) 
Seat 7: 1Mihey2prok ($2.13 in chips) 
Seat 8: Dorex2007 ($2.06 in chips) 
51_Petr: posts small blind $0.01
1Mihey2prok: posts big blind $0.02
topcat.prost: sits out 
*** HOLE CARDS ***
Dealt to Dorex2007 [2h Qc]
Dorex2007: folds 
jumpturn: folds 
bloody55hawk: folds 
pipistranieri: folds 
YodaX23: raises $0.03 to $0.05
51_Petr: folds 
jumpturn leaves the table
1Mihey2prok: calls $0.03
*** FLOP *** [4d 3s Qh]
1Mihey2prok: checks 
YodaX23: bets $0.06
1Mihey2prok: calls $0.06
*** TURN *** [4d 3s Qh] [Ad]
1Mihey2prok: checks 
YodaX23: bets $0.11
1Mihey2prok: calls $0.11
*** RIVER *** [4d 3s Qh Ad] [5c]
1Mihey2prok: checks 
YodaX23: checks 
*** SHOW DOWN ***
1Mihey2prok: shows [5s As] (two pair, Aces and Fives)
YodaX23: mucks hand 
1Mihey2prok collected $0.43 from pot
*** SUMMARY ***
Total pot $0.45 | Rake $0.02 
Board [4d 3s Qh Ad 5c]
Seat 2: jumpturn folded before Flop (didn't bet)
Seat 3: bloody55hawk folded before Flop (didn't bet)
Seat 4: pipistranieri folded before Flop (didn't bet)
Seat 5: YodaX23 (button) mucked [Ac 9d]
Seat 6: 51_Petr (small blind) folded before Flop
Seat 7: 1Mihey2prok (big blind) showed [5s As] and won ($0.43) with two pair, Aces and Fives
Seat 8: Dorex2007 folded before Flop (didn't bet)



PokerStars Hand #228299821610:  Hold'em No Limit ($0.01/$0.02 USD) - 2021/07/14 20:49:13 PT [2021/07/14 23:49:13 ET]
Table 'Raissa' 9-max Seat #6 is the button
Seat 3: bloody55hawk ($0.98 in chips) 
Seat 4: pipistranieri ($0.71 in chips) 
Seat 5: YodaX23 ($1.59 in chips) 
Seat 6: 51_Petr ($2.39 in chips) 
Seat 7: 1Mihey2prok ($2.34 in chips) 
Seat 8: Dorex2007 ($2.06 in chips) 
1Mihey2prok: posts small blind $0.01
Dorex2007: posts big blind $0.02
topcat.prost: sits out 
*** HOLE CARDS ***
Dealt to Dorex2007 [4c Td]
bloody55hawk: folds 
pipistranieri: folds 
YodaX23: raises $0.04 to $0.06
51_Petr: folds 
1Mihey2prok: folds 
Dorex2007: folds 
Uncalled bet ($0.04) returned to YodaX23
YodaX23 collected $0.05 from pot
*** SUMMARY ***
Total pot $0.05 | Rake $0 
Seat 3: bloody55hawk folded before Flop (didn't bet)
Seat 4: pipistranieri folded before Flop (didn't bet)
Seat 5: YodaX23 collected ($0.05)
Seat 6: 51_Petr (button) folded before Flop (didn't bet)
Seat 7: 1Mihey2prok (small blind) folded before Flop
Seat 8: Dorex2007 (big blind) folded before Flop



PokerStars Hand #228299824961:  Hold'em No Limit ($0.01/$0.02 USD) - 2021/07/14 20:49:33 PT [2021/07/14 23:49:33 ET]
Table 'Raissa' 9-max Seat #7 is the button
Seat 3: bloody55hawk ($0.98 in chips) 
Seat 4: pipistranieri ($0.71 in chips) 
Seat 5: YodaX23 ($1.62 in chips) 
Seat 6: 51_Petr ($2.39 in chips) 
Seat 7: 1Mihey2prok ($2.33 in chips) 
Seat 8: Dorex2007 ($2.04 in chips) 
Seat 9: topcat.prost ($1.70 in chips) 
Dorex2007: posts small blind $0.01
topcat.prost: posts big blind $0.02
*** HOLE CARDS ***
Dealt to Dorex2007 [Jh 7s]
bloody55hawk: folds 
pipistranieri: folds 
YodaX23: calls $0.02
51_Petr: folds 
1Mihey2prok: folds 
Dorex2007: calls $0.01
topcat.prost: checks 
*** FLOP *** [3h 2s 9h]
Dorex2007: checks 
topcat.prost: bets $0.06
YodaX23: calls $0.06
Dorex2007: folds 
*** TURN *** [3h 2s 9h] [8s]
topcat.prost: checks 
YodaX23: checks 
*** RIVER *** [3h 2s 9h 8s] [6h]
topcat.prost: bets $0.17
YodaX23: raises $0.17 to $0.34
topcat.prost: folds 
Uncalled bet ($0.17) returned to YodaX23
YodaX23 collected $0.50 from pot
*** SUMMARY ***
Total pot $0.52 | Rake $0.02 
Board [3h 2s 9h 8s 6h]
Seat 3: bloody55hawk folded before Flop (didn't bet)
Seat 4: pipistranieri folded before Flop (didn't bet)
Seat 5: YodaX23 collected ($0.50)
Seat 6: 51_Petr folded before Flop (didn't bet)
Seat 7: 1Mihey2prok (button) folded before Flop (didn't bet)
Seat 8: Dorex2007 (small blind) folded on the Flop
Seat 9: topcat.prost (big blind) folded on the River



PokerStars Hand #228299831146:  Hold'em No Limit ($0.01/$0.02 USD) - 2021/07/14 20:50:11 PT [2021/07/14 23:50:11 ET]
Table 'Raissa' 9-max Seat #8 is the button
Seat 4: pipistranieri ($0.71 in chips) 
Seat 5: YodaX23 ($1.87 in chips) 
Seat 6: 51_Petr ($2.39 in chips) 
Seat 7: 1Mihey2prok ($2.33 in chips) 
Seat 8: Dorex2007 ($2.02 in chips) 
Seat 9: topcat.prost ($1.45 in chips) 
topcat.prost: posts small blind $0.01
bloody55hawk: is sitting out 
pipistranieri: posts big blind $0.02
*** HOLE CARDS ***
Dealt to Dorex2007 [4c 3d]
YodaX23: folds 
51_Petr: folds 
1Mihey2prok: raises $0.02 to $0.04
Dorex2007: folds 
topcat.prost: calls $0.03
pipistranieri: folds 
*** FLOP *** [3c 7s Qc]
topcat.prost: checks 
1Mihey2prok: bets $0.05
topcat.prost: folds 
Uncalled bet ($0.05) returned to 1Mihey2prok
1Mihey2prok collected $0.10 from pot
1Mihey2prok: doesn't show hand 
*** SUMMARY ***
Total pot $0.10 | Rake $0 
Board [3c 7s Qc]
Seat 4: pipistranieri (big blind) folded before Flop
Seat 5: YodaX23 folded before Flop (didn't bet)
Seat 6: 51_Petr folded before Flop (didn't bet)
Seat 7: 1Mihey2prok collected ($0.10)
Seat 8: Dorex2007 (button) folded before Flop (didn't bet)
Seat 9: topcat.prost (small blind) folded on the Flop



PokerStars Hand #228299836494:  Hold'em No Limit ($0.01/$0.02 USD) - 2021/07/14 20:50:44 PT [2021/07/14 23:50:44 ET]
Table 'Raissa' 9-max Seat #9 is the button
Seat 4: pipistranieri ($0.69 in chips) 
Seat 5: YodaX23 ($1.87 in chips) 
Seat 6: 51_Petr ($2.39 in chips) 
Seat 7: 1Mihey2prok ($2.39 in chips) 
Seat 8: Dorex2007 ($2.02 in chips) 
Seat 9: topcat.prost ($1.41 in chips) 
pipistranieri: posts small blind $0.01
YodaX23: posts big blind $0.02
*** HOLE CARDS ***
Dealt to Dorex2007 [9s 4h]
51_Petr: folds 
1Mihey2prok: folds 
Dorex2007: folds 
topcat.prost: calls $0.02
pipistranieri: folds 
YodaX23: raises $0.04 to $0.06
topcat.prost: calls $0.04
*** FLOP *** [Jd 3h 9d]
YodaX23: bets $0.07
topcat.prost: calls $0.07
*** TURN *** [Jd 3h 9d] [Qd]
YodaX23: checks 
topcat.prost: bets $0.13
YodaX23: calls $0.13
*** RIVER *** [Jd 3h 9d Qd] [3s]
YodaX23: checks 
topcat.prost: bets $0.35
YodaX23: folds 
Uncalled bet ($0.35) returned to topcat.prost
topcat.prost collected $0.51 from pot
topcat.prost: doesn't show hand 
*** SUMMARY ***
Total pot $0.53 | Rake $0.02 
Board [Jd 3h 9d Qd 3s]
Seat 4: pipistranieri (small blind) folded before Flop
Seat 5: YodaX23 (big blind) folded on the River
Seat 6: 51_Petr folded before Flop (didn't bet)
Seat 7: 1Mihey2prok folded before Flop (didn't bet)
Seat 8: Dorex2007 folded before Flop (didn't bet)
Seat 9: topcat.prost (button) collected ($0.51)



PokerStars Hand #228299845332:  Hold'em No Limit ($0.01/$0.02 USD) - 2021/07/14 20:51:37 PT [2021/07/14 23:51:37 ET]
Table 'Raissa' 9-max Seat #4 is the button
Seat 4: pipistranieri ($0.68 in chips) 
Seat 5: YodaX23 ($1.61 in chips) 
Seat 6: 51_Petr ($2.39 in chips) 
Seat 7: 1Mihey2prok ($2.39 in chips) 
Seat 8: Dorex2007 ($2.02 in chips) 
Seat 9: topcat.prost ($1.66 in chips) 
YodaX23: posts small blind $0.01
51_Petr: posts big blind $0.02
*** HOLE CARDS ***
Dealt to Dorex2007 [3d 2s]
1Mihey2prok: folds 
Dorex2007: folds 
topcat.prost: folds 
SrO157 joins the table at seat #2 
pipistranieri: folds 
YodaX23: calls $0.01
51_Petr: checks 
*** FLOP *** [6d 9h 5d]
YodaX23: checks 
51_Petr: bets $0.03
YodaX23: folds 
Uncalled bet ($0.03) returned to 51_Petr
51_Petr collected $0.04 from pot
51_Petr: doesn't show hand 
*** SUMMARY ***
Total pot $0.04 | Rake $0 
Board [6d 9h 5d]
Seat 4: pipistranieri (button) folded before Flop (didn't bet)
Seat 5: YodaX23 (small blind) folded on the Flop
Seat 6: 51_Petr (big blind) collected ($0.04)
Seat 7: 1Mihey2prok folded before Flop (didn't bet)
Seat 8: Dorex2007 folded before Flop (didn't bet)
Seat 9: topcat.prost folded before Flop (didn't bet)



PokerStars Hand #228299850426:  Hold'em No Limit ($0.01/$0.02 USD) - 2021/07/14 20:52:08 PT [2021/07/14 23:52:08 ET]
Table 'Raissa' 9-max Seat #5 is the button
Seat 2: SrO157 ($1 in chips) 
Seat 4: pipistranieri ($0.68 in chips) 
Seat 5: YodaX23 ($1.59 in chips) 
Seat 6: 51_Petr ($2.41 in chips) 
Seat 7: 1Mihey2prok ($2.39 in chips) 
Seat 8: Dorex2007 ($2.02 in chips) 
Seat 9: topcat.prost ($1.66 in chips) 
51_Petr: posts small blind $0.01
1Mihey2prok: posts big blind $0.02
SrO157: posts big blind $0.02
*** HOLE CARDS ***
Dealt to Dorex2007 [5d 5c]
Dorex2007: raises $0.02 to $0.04
topcat.prost: folds 
SrO157: calls $0.02
pipistranieri: calls $0.04
YodaX23: calls $0.04
51_Petr: folds 
1Mihey2prok: folds 
*** FLOP *** [Jc Qd 8h]
Dorex2007: checks 
SrO157: bets $0.09
pipistranieri: raises $0.23 to $0.32
YodaX23: folds 
Dorex2007: folds 
SrO157: folds 
Uncalled bet ($0.23) returned to pipistranieri
pipistranieri collected $0.36 from pot
pipistranieri: doesn't show hand 
*** SUMMARY ***
Total pot $0.37 | Rake $0.01 
Board [Jc Qd 8h]
Seat 2: SrO157 folded on the Flop
Seat 4: pipistranieri collected ($0.36)
Seat 5: YodaX23 (button) folded on the Flop
Seat 6: 51_Petr (small blind) folded before Flop
Seat 7: 1Mihey2prok (big blind) folded before Flop
Seat 8: Dorex2007 folded on the Flop
Seat 9: topcat.prost folded before Flop (didn't bet)



PokerStars Hand #228299859356:  Hold'em No Limit ($0.01/$0.02 USD) - 2021/07/14 20:53:03 PT [2021/07/14 23:53:03 ET]
Table 'Raissa' 9-max Seat #6 is the button
Seat 2: SrO157 ($0.87 in chips) 
Seat 4: pipistranieri ($0.91 in chips) 
Seat 5: YodaX23 ($1.55 in chips) 
Seat 6: 51_Petr ($2.40 in chips) 
Seat 7: 1Mihey2prok ($2.37 in chips) 
Seat 8: Dorex2007 ($1.98 in chips) 
Seat 9: topcat.prost ($1.66 in chips) 
1Mihey2prok: posts small blind $0.01
Dorex2007: posts big blind $0.02
*** HOLE CARDS ***
Dealt to Dorex2007 [5h 6c]
topcat.prost: folds 
SrO157: raises $0.04 to $0.06
pipistranieri: folds 
YodaX23: folds 
51_Petr: folds 
1Mihey2prok: folds 
Dorex2007: folds 
Uncalled bet ($0.04) returned to SrO157
SrO157 collected $0.05 from pot
SrO157: doesn't show hand 
*** SUMMARY ***
Total pot $0.05 | Rake $0 
Seat 2: SrO157 collected ($0.05)
Seat 4: pipistranieri folded before Flop (didn't bet)
Seat 5: YodaX23 folded before Flop (didn't bet)
Seat 6: 51_Petr (button) folded before Flop (didn't bet)
Seat 7: 1Mihey2prok (small blind) folded before Flop
Seat 8: Dorex2007 (big blind) folded before Flop
Seat 9: topcat.prost folded before Flop (didn't bet)



PokerStars Hand #228299862706:  Hold'em No Limit ($0.01/$0.02 USD) - 2021/07/14 20:53:24 PT [2021/07/14 23:53:24 ET]
Table 'Raissa' 9-max Seat #7 is the button
Seat 2: SrO157 ($0.90 in chips) 
Seat 4: pipistranieri ($0.91 in chips) 
Seat 5: YodaX23 ($1.55 in chips) 
Seat 6: 51_Petr ($2.40 in chips) 
Seat 7: 1Mihey2prok ($2.36 in chips) 
Seat 8: Dorex2007 ($1.96 in chips) 
Seat 9: topcat.prost ($1.66 in chips) 
Dorex2007: posts small blind $0.01
topcat.prost: posts big blind $0.02
*** HOLE CARDS ***
Dealt to Dorex2007 [6c Td]
SrO157: folds 
pipistranieri: folds 
YodaX23: folds 
51_Petr: folds 
1Mihey2prok: raises $0.02 to $0.04
Dorex2007: folds 
topcat.prost: calls $0.02
*** FLOP *** [6s Ad 7d]
topcat.prost: checks 
1Mihey2prok: bets $0.02
topcat.prost: raises $0.02 to $0.04
1Mihey2prok: calls $0.02
*** TURN *** [6s Ad 7d] [4c]
topcat.prost: checks 
1Mihey2prok: bets $0.02
topcat.prost: calls $0.02
*** RIVER *** [6s Ad 7d 4c] [6h]
topcat.prost: bets $0.10
1Mihey2prok: folds 
Uncalled bet ($0.10) returned to topcat.prost
topcat.prost collected $0.20 from pot
*** SUMMARY ***
Total pot $0.21 | Rake $0.01 
Board [6s Ad 7d 4c 6h]
Seat 2: SrO157 folded before Flop (didn't bet)
Seat 4: pipistranieri folded before Flop (didn't bet)
Seat 5: YodaX23 folded before Flop (didn't bet)
Seat 6: 51_Petr folded before Flop (didn't bet)
Seat 7: 1Mihey2prok (button) folded on the River
Seat 8: Dorex2007 (small blind) folded before Flop
Seat 9: topcat.prost (big blind) collected ($0.20)



PokerStars Hand #228299883744:  Hold'em No Limit ($0.01/$0.02 USD) - 2021/07/14 20:54:37 PT [2021/07/14 23:54:37 ET]
Table 'Raissa' 9-max Seat #8 is the button
Seat 2: SrO157 ($0.90 in chips) 
Seat 4: pipistranieri ($0.91 in chips) 
Seat 5: YodaX23 ($1.55 in chips) 
Seat 6: 51_Petr ($2.40 in chips) 
Seat 7: 1Mihey2prok ($2.26 in chips) 
Seat 8: Dorex2007 ($1.95 in chips) 
Seat 9: topcat.prost ($1.76 in chips) 
topcat.prost: posts small blind $0.01
SrO157: posts big blind $0.02
*** HOLE CARDS ***
Dealt to Dorex2007 [7s 4s]
pipistranieri: calls $0.02
YodaX23: folds 
51_Petr: folds 
1Mihey2prok: raises $0.02 to $0.04
Dorex2007: folds 
topcat.prost: folds 
SrO157: calls $0.02
pipistranieri: raises $0.08 to $0.12
1Mihey2prok: calls $0.08
SrO157: calls $0.08
*** FLOP *** [3h Ad 8s]
SrO157: checks 
pipistranieri: bets $0.34
1Mihey2prok: folds 
SrO157: raises $0.44 to $0.78 and is all-in
pipistranieri: folds 
Uncalled bet ($0.44) returned to SrO157
SrO157 collected $1.01 from pot
SrO157: doesn't show hand 
*** SUMMARY ***
Total pot $1.05 | Rake $0.04 
Board [3h Ad 8s]
Seat 2: SrO157 (big blind) collected ($1.01)
Seat 4: pipistranieri folded on the Flop
Seat 5: YodaX23 folded before Flop (didn't bet)
Seat 6: 51_Petr folded before Flop (didn't bet)
Seat 7: 1Mihey2prok folded on the Flop
Seat 8: Dorex2007 (button) folded before Flop (didn't bet)
Seat 9: topcat.prost (small blind) folded before Flop



PokerStars Hand #228299891831:  Hold'em No Limit ($0.01/$0.02 USD) - 2021/07/14 20:55:30 PT [2021/07/14 23:55:30 ET]
Table 'Raissa' 9-max Seat #9 is the button
Seat 2: SrO157 ($1.45 in chips) 
Seat 5: YodaX23 ($1.55 in chips) 
Seat 6: 51_Petr ($2.40 in chips) 
Seat 7: 1Mihey2prok ($2.14 in chips) 
Seat 8: Dorex2007 ($1.95 in chips) 
Seat 9: topcat.prost ($1.75 in chips) 
SrO157: posts small blind $0.01
pipistranieri: is sitting out 
YodaX23: posts big blind $0.02
*** HOLE CARDS ***
Dealt to Dorex2007 [Kd 3h]
pipistranieri leaves the table
51_Petr: folds 
1Mihey2prok: folds 
Dorex2007: folds 
topcat.prost: raises $0.04 to $0.06
JEANXITER joins the table at seat #4 
SrO157: calls $0.05
YodaX23: calls $0.04
*** FLOP *** [Jh 5c 2h]
SrO157: checks 
YodaX23: checks 
topcat.prost: bets $0.09
SrO157: raises $1.30 to $1.39 and is all-in
YodaX23: folds 
topcat.prost: folds 
Uncalled bet ($1.30) returned to SrO157
SrO157 collected $0.35 from pot
SrO157: doesn't show hand 
*** SUMMARY ***
Total pot $0.36 | Rake $0.01 
Board [Jh 5c 2h]
Seat 2: SrO157 (small blind) collected ($0.35)
Seat 5: YodaX23 (big blind) folded on the Flop
Seat 6: 51_Petr folded before Flop (didn't bet)
Seat 7: 1Mihey2prok folded before Flop (didn't bet)
Seat 8: Dorex2007 folded before Flop (didn't bet)
Seat 9: topcat.prost (button) folded on the Flop



PokerStars Hand #228299898225:  Hold'em No Limit ($0.01/$0.02 USD) - 2021/07/14 20:56:18 PT [2021/07/14 23:56:18 ET]
Table 'Raissa' 9-max Seat #2 is the button
Seat 2: SrO157 ($1.65 in chips) 
Seat 5: YodaX23 ($1.49 in chips) 
Seat 6: 51_Petr ($2.40 in chips) 
Seat 7: 1Mihey2prok ($2.14 in chips) 
Seat 8: Dorex2007 ($1.95 in chips) 
Seat 9: topcat.prost ($1.60 in chips) 
YodaX23: posts small blind $0.01
51_Petr: posts big blind $0.02
*** HOLE CARDS ***
Dealt to Dorex2007 [7h 8h]
1Mihey2prok: folds 
Dorex2007: calls $0.02
topcat.prost: raises $0.04 to $0.06
SrO157: folds 
YodaX23: folds 
51_Petr: raises $0.18 to $0.24
Dorex2007: folds 
topcat.prost: folds 
Uncalled bet ($0.18) returned to 51_Petr
51_Petr collected $0.15 from pot
51_Petr: doesn't show hand 
*** SUMMARY ***
Total pot $0.15 | Rake $0 
Seat 2: SrO157 (button) folded before Flop (didn't bet)
Seat 5: YodaX23 (small blind) folded before Flop
Seat 6: 51_Petr (big blind) collected ($0.15)
Seat 7: 1Mihey2prok folded before Flop (didn't bet)
Seat 8: Dorex2007 folded before Flop
Seat 9: topcat.prost folded before Flop



PokerStars Hand #228299902430:  Hold'em No Limit ($0.01/$0.02 USD) - 2021/07/14 20:56:50 PT [2021/07/14 23:56:50 ET]
Table 'Raissa' 9-max Seat #5 is the button
Seat 2: SrO157 ($1.65 in chips) 
Seat 4: JEANXITER ($1 in chips) 
Seat 5: YodaX23 ($1.48 in chips) 
Seat 6: 51_Petr ($2.49 in chips) 
Seat 7: 1Mihey2prok ($2.14 in chips) 
Seat 8: Dorex2007 ($1.93 in chips) 
Seat 9: topcat.prost ($1.54 in chips) 
51_Petr: posts small blind $0.01
1Mihey2prok: posts big blind $0.02
bloody55hawk: sits out 
JEANXITER: posts big blind $0.02
*** HOLE CARDS ***
Dealt to Dorex2007 [Th 5s]
Dorex2007: folds 
topcat.prost: raises $0.04 to $0.06
SrO157: calls $0.06
JEANXITER: folds 
YodaX23: folds 
51_Petr: raises $0.12 to $0.18
1Mihey2prok: folds 
topcat.prost: calls $0.12
SrO157: folds 
*** FLOP *** [3s 9s 7s]
51_Petr: checks 
topcat.prost: bets $0.22
51_Petr: raises $2.09 to $2.31 and is all-in
topcat.prost: folds 
Uncalled bet ($2.09) returned to 51_Petr
51_Petr collected $0.87 from pot
51_Petr: doesn't show hand 
*** SUMMARY ***
Total pot $0.90 | Rake $0.03 
Board [3s 9s 7s]
Seat 2: SrO157 folded before Flop
Seat 4: JEANXITER folded before Flop (didn't bet)
Seat 5: YodaX23 (button) folded before Flop (didn't bet)
Seat 6: 51_Petr (small blind) collected ($0.87)
Seat 7: 1Mihey2prok (big blind) folded before Flop
Seat 8: Dorex2007 folded before Flop (didn't bet)
Seat 9: topcat.prost folded on the Flop



PokerStars Hand #228299908523:  Hold'em No Limit ($0.01/$0.02 USD) - 2021/07/14 20:57:35 PT [2021/07/14 23:57:35 ET]
Table 'Raissa' 9-max Seat #6 is the button
Seat 2: SrO157 ($1.59 in chips) 
Seat 4: JEANXITER ($0.98 in chips) 
Seat 5: YodaX23 ($1.48 in chips) 
Seat 6: 51_Petr ($2.96 in chips) 
Seat 7: 1Mihey2prok ($2.12 in chips) 
Seat 8: Dorex2007 ($1.93 in chips) 
Seat 9: topcat.prost ($1.14 in chips) 
1Mihey2prok: posts small blind $0.01
Dorex2007: posts big blind $0.02
bloody55hawk: sits out 
*** HOLE CARDS ***
Dealt to Dorex2007 [Ah 5s]
topcat.prost: folds 
SrO157: folds 
JEANXITER: folds 
YodaX23: folds 
51_Petr: folds 
1Mihey2prok: calls $0.01
Dorex2007: checks 
*** FLOP *** [4h Jc Kc]
1Mihey2prok: bets $0.02
Dorex2007: folds 
Uncalled bet ($0.02) returned to 1Mihey2prok
1Mihey2prok collected $0.04 from pot
1Mihey2prok: doesn't show hand 
*** SUMMARY ***
Total pot $0.04 | Rake $0 
Board [4h Jc Kc]
Seat 2: SrO157 folded before Flop (didn't bet)
Seat 4: JEANXITER folded before Flop (didn't bet)
Seat 5: YodaX23 folded before Flop (didn't bet)
Seat 6: 51_Petr (button) folded before Flop (didn't bet)
Seat 7: 1Mihey2prok (small blind) collected ($0.04)
Seat 8: Dorex2007 (big blind) folded on the Flop
Seat 9: topcat.prost folded before Flop (didn't bet)



PokerStars Hand #228299911938:  Hold'em No Limit ($0.01/$0.02 USD) - 2021/07/14 20:58:01 PT [2021/07/14 23:58:01 ET]
Table 'Raissa' 9-max Seat #7 is the button
Seat 2: SrO157 ($1.59 in chips) 
Seat 4: JEANXITER ($0.98 in chips) 
Seat 5: YodaX23 ($1.48 in chips) 
Seat 6: 51_Petr ($2.96 in chips) 
Seat 7: 1Mihey2prok ($2.14 in chips) 
Seat 8: Dorex2007 ($1.91 in chips) 
Seat 9: topcat.prost ($1.14 in chips) 
Dorex2007: posts small blind $0.01
topcat.prost: posts big blind $0.02
bloody55hawk: sits out 
*** HOLE CARDS ***
Dealt to Dorex2007 [5d 2c]
SrO157: raises $0.04 to $0.06
JEANXITER: folds 
YodaX23: folds 
51_Petr: folds 
1Mihey2prok: folds 
Dorex2007: folds 
topcat.prost: calls $0.04
*** FLOP *** [3c Ts 3d]
topcat.prost: bets $0.07
SrO157: raises $0.14 to $0.21
topcat.prost: folds 
Uncalled bet ($0.14) returned to SrO157
SrO157 collected $0.26 from pot
SrO157: doesn't show hand 
*** SUMMARY ***
Total pot $0.27 | Rake $0.01 
Board [3c Ts 3d]
Seat 2: SrO157 collected ($0.26)
Seat 4: JEANXITER folded before Flop (didn't bet)
Seat 5: YodaX23 folded before Flop (didn't bet)
Seat 6: 51_Petr folded before Flop (didn't bet)
Seat 7: 1Mihey2prok (button) folded before Flop (didn't bet)
Seat 8: Dorex2007 (small blind) folded before Flop
Seat 9: topcat.prost (big blind) folded on the Flop



PokerStars Hand #228299916232:  Hold'em No Limit ($0.01/$0.02 USD) - 2021/07/14 20:58:34 PT [2021/07/14 23:58:34 ET]
Table 'Raissa' 9-max Seat #8 is the button
Seat 2: SrO157 ($1.72 in chips) 
Seat 4: JEANXITER ($0.98 in chips) 
Seat 5: YodaX23 ($1.48 in chips) 
Seat 6: 51_Petr ($2.96 in chips) 
Seat 7: 1Mihey2prok ($2.14 in chips) 
Seat 8: Dorex2007 ($1.90 in chips) 
Seat 9: topcat.prost ($1.01 in chips) 
topcat.prost: posts small blind $0.01
SrO157: posts big blind $0.02
bloody55hawk: sits out 
*** HOLE CARDS ***
Dealt to Dorex2007 [Qd Qh]
JEANXITER: calls $0.02
YodaX23: folds 
51_Petr: folds 
1Mihey2prok: raises $0.02 to $0.04
Dorex2007: raises $0.10 to $0.14
topcat.prost: folds 
SrO157: folds 
JEANXITER: folds 
1Mihey2prok: folds 
Uncalled bet ($0.10) returned to Dorex2007
Dorex2007 collected $0.13 from pot
Dorex2007: doesn't show hand 
*** SUMMARY ***
Total pot $0.13 | Rake $0 
Seat 2: SrO157 (big blind) folded before Flop
Seat 4: JEANXITER folded before Flop
Seat 5: YodaX23 folded before Flop (didn't bet)
Seat 6: 51_Petr folded before Flop (didn't bet)
Seat 7: 1Mihey2prok folded before Flop
Seat 8: Dorex2007 (button) collected ($0.13)
Seat 9: topcat.prost (small blind) folded before Flop



PokerStars Hand #228299921743:  Hold'em No Limit ($0.01/$0.02 USD) - 2021/07/14 20:59:15 PT [2021/07/14 23:59:15 ET]
Table 'Raissa' 9-max Seat #9 is the button
Seat 2: SrO157 ($1.70 in chips) 
Seat 3: bloody55hawk ($0.98 in chips) 
Seat 4: JEANXITER ($0.96 in chips) 
Seat 5: YodaX23 ($1.48 in chips) 
Seat 6: 51_Petr ($2.96 in chips) 
Seat 7: 1Mihey2prok ($2.10 in chips) 
Seat 8: Dorex2007 ($1.99 in chips) 
Seat 9: topcat.prost ($1 in chips) 
SrO157: posts small blind $0.01
bloody55hawk: posts big blind $0.02
*** HOLE CARDS ***
Dealt to Dorex2007 [8h 6c]
JEANXITER: calls $0.02
YodaX23: folds 
51_Petr: calls $0.02
1Mihey2prok: raises $0.09 to $0.11
Dorex2007: folds 
topcat.prost: folds 
SrO157: folds 
bloody55hawk: folds 
JEANXITER: folds 
51_Petr: folds 
Uncalled bet ($0.09) returned to 1Mihey2prok
1Mihey2prok collected $0.09 from pot
1Mihey2prok: doesn't show hand 
*** SUMMARY ***
Total pot $0.09 | Rake $0 
Seat 2: SrO157 (small blind) folded before Flop
Seat 3: bloody55hawk (big blind) folded before Flop
Seat 4: JEANXITER folded before Flop
Seat 5: YodaX23 folded before Flop (didn't bet)
Seat 6: 51_Petr folded before Flop
Seat 7: 1Mihey2prok collected ($0.09)
Seat 8: Dorex2007 folded before Flop (didn't bet)
Seat 9: topcat.prost (button) folded before Flop (didn't bet)



PokerStars Hand #228299926300:  Hold'em No Limit ($0.01/$0.02 USD) - 2021/07/14 20:59:50 PT [2021/07/14 23:59:50 ET]
Table 'Raissa' 9-max Seat #2 is the button
Seat 2: SrO157 ($1.69 in chips) 
Seat 3: bloody55hawk ($0.96 in chips) 
Seat 4: JEANXITER ($0.94 in chips) 
Seat 5: YodaX23 ($1.48 in chips) 
Seat 6: 51_Petr ($2.94 in chips) 
Seat 7: 1Mihey2prok ($2.17 in chips) 
Seat 8: Dorex2007 ($1.99 in chips) 
Seat 9: topcat.prost ($1 in chips) 
bloody55hawk: posts small blind $0.01
JEANXITER: posts big blind $0.02
*** HOLE CARDS ***
Dealt to Dorex2007 [Tc 3h]
YodaX23: folds 
51_Petr: folds 
1Mihey2prok: folds 
Dorex2007: folds 
topcat.prost: folds 
SrO157: raises $0.04 to $0.06
bloody55hawk: folds 
JEANXITER: raises $0.04 to $0.10
SrO157: calls $0.04
*** FLOP *** [Js 3c 6h]
JEANXITER: checks 
SrO157: bets $0.10
JEANXITER: folds 
Uncalled bet ($0.10) returned to SrO157
SrO157 collected $0.20 from pot
SrO157: doesn't show hand 
*** SUMMARY ***
Total pot $0.21 | Rake $0.01 
Board [Js 3c 6h]
Seat 2: SrO157 (button) collected ($0.20)
Seat 3: bloody55hawk (small blind) folded before Flop
Seat 4: JEANXITER (big blind) folded on the Flop
Seat 5: YodaX23 folded before Flop (didn't bet)
Seat 6: 51_Petr folded before Flop (didn't bet)
Seat 7: 1Mihey2prok folded before Flop (didn't bet)
Seat 8: Dorex2007 folded before Flop (didn't bet)
Seat 9: topcat.prost folded before Flop (didn't bet)



