PokerStars Hand #226534818867:  Hold'em No Limit ($0.01/$0.02 USD) - 2021/05/07 2:34:20 PT [2021/05/07 5:34:20 ET]
Table 'Beira' 9-max Seat #1 is the button
Seat 1: mercurio2008 ($1.93 in chips) 
Seat 2: Gennadich11 ($1.48 in chips) 
Seat 3: Dorex2007 ($1.50 in chips) 
Seat 4: shakhtior ($2 in chips) 
Seat 5: Aleks120483 ($1.87 in chips) 
Seat 6: roma19765 ($1.47 in chips) 
Seat 8: Foyek2000 ($0.96 in chips) 
Seat 9: Maku1201 ($1.81 in chips) 
Gennadich11: posts small blind $0.01
Dorex2007: posts big blind $0.02
*** HOLE CARDS ***
Dealt to Dorex2007 [Ks Ts]
shakhtior: folds 
Aleks120483: folds 
roma19765: folds 
Foyek2000: folds 
Maku1201: folds 
mercurio2008: raises $0.04 to $0.06
Gennadich11: folds 
Dorex2007: calls $0.04
*** FLOP *** [Kc Qs 2h]
Dorex2007: checks 
mercurio2008: bets $0.06
Dorex2007: raises $0.06 to $0.12
mercurio2008: folds 
Uncalled bet ($0.06) returned to Dorex2007
Dorex2007 collected $0.24 from pot
Dorex2007: doesn't show hand 
*** SUMMARY ***
Total pot $0.25 | Rake $0.01 
Board [Kc Qs 2h]
Seat 1: mercurio2008 (button) folded on the Flop
Seat 2: Gennadich11 (small blind) folded before Flop
Seat 3: Dorex2007 (big blind) collected ($0.24)
Seat 4: shakhtior folded before Flop (didn't bet)
Seat 5: Aleks120483 folded before Flop (didn't bet)
Seat 6: roma19765 folded before Flop (didn't bet)
Seat 8: Foyek2000 folded before Flop (didn't bet)
Seat 9: Maku1201 folded before Flop (didn't bet)



PokerStars Hand #226534826785:  Hold'em No Limit ($0.01/$0.02 USD) - 2021/05/07 2:34:56 PT [2021/05/07 5:34:56 ET]
Table 'Beira' 9-max Seat #2 is the button
Seat 1: mercurio2008 ($1.81 in chips) 
Seat 2: Gennadich11 ($1.47 in chips) 
Seat 3: Dorex2007 ($1.62 in chips) 
Seat 4: shakhtior ($2 in chips) 
Seat 5: Aleks120483 ($1.87 in chips) 
Seat 6: roma19765 ($1.67 in chips) 
Seat 8: Foyek2000 ($0.96 in chips) 
Seat 9: Maku1201 ($1.81 in chips) 
Dorex2007: posts small blind $0.01
shakhtior: posts big blind $0.02
*** HOLE CARDS ***
Dealt to Dorex2007 [6s Qc]
Aleks120483: folds 
roma19765: folds 
Foyek2000: raises $0.04 to $0.06
Maku1201: folds 
mercurio2008: calls $0.06
Gennadich11: folds 
Dorex2007: folds 
shakhtior: folds 
*** FLOP *** [2s 5h 9d]
Foyek2000: bets $0.09
mercurio2008: folds 
Uncalled bet ($0.09) returned to Foyek2000
Foyek2000 collected $0.14 from pot
*** SUMMARY ***
Total pot $0.15 | Rake $0.01 
Board [2s 5h 9d]
Seat 1: mercurio2008 folded on the Flop
Seat 2: Gennadich11 (button) folded before Flop (didn't bet)
Seat 3: Dorex2007 (small blind) folded before Flop
Seat 4: shakhtior (big blind) folded before Flop
Seat 5: Aleks120483 folded before Flop (didn't bet)
Seat 6: roma19765 folded before Flop (didn't bet)
Seat 8: Foyek2000 collected ($0.14)
Seat 9: Maku1201 folded before Flop (didn't bet)



PokerStars Hand #226534833373:  Hold'em No Limit ($0.01/$0.02 USD) - 2021/05/07 2:35:26 PT [2021/05/07 5:35:26 ET]
Table 'Beira' 9-max Seat #3 is the button
Seat 1: mercurio2008 ($1.75 in chips) 
Seat 2: Gennadich11 ($1.47 in chips) 
Seat 3: Dorex2007 ($1.61 in chips) 
Seat 4: shakhtior ($2 in chips) 
Seat 5: Aleks120483 ($1.87 in chips) 
Seat 6: roma19765 ($1.67 in chips) 
Seat 8: Foyek2000 ($1.04 in chips) 
Seat 9: Maku1201 ($1.81 in chips) 
shakhtior: posts small blind $0.01
Aleks120483: posts big blind $0.02
*** HOLE CARDS ***
Dealt to Dorex2007 [7d Jd]
roma19765: folds 
Foyek2000: folds 
Maku1201: folds 
mercurio2008: raises $0.04 to $0.06
Gennadich11: folds 
Dorex2007: folds 
shakhtior: folds 
Aleks120483: folds 
Uncalled bet ($0.04) returned to mercurio2008
mercurio2008 collected $0.05 from pot
mercurio2008: doesn't show hand 
*** SUMMARY ***
Total pot $0.05 | Rake $0 
Seat 1: mercurio2008 collected ($0.05)
Seat 2: Gennadich11 folded before Flop (didn't bet)
Seat 3: Dorex2007 (button) folded before Flop (didn't bet)
Seat 4: shakhtior (small blind) folded before Flop
Seat 5: Aleks120483 (big blind) folded before Flop
Seat 6: roma19765 folded before Flop (didn't bet)
Seat 8: Foyek2000 folded before Flop (didn't bet)
Seat 9: Maku1201 folded before Flop (didn't bet)



PokerStars Hand #226534838559:  Hold'em No Limit ($0.01/$0.02 USD) - 2021/05/07 2:35:49 PT [2021/05/07 5:35:49 ET]
Table 'Beira' 9-max Seat #4 is the button
Seat 1: mercurio2008 ($1.78 in chips) 
Seat 2: Gennadich11 ($1.47 in chips) 
Seat 3: Dorex2007 ($2 in chips) 
Seat 4: shakhtior ($2 in chips) 
Seat 5: Aleks120483 ($1.85 in chips) 
Seat 6: roma19765 ($1.67 in chips) 
Seat 8: Foyek2000 ($1.04 in chips) 
Seat 9: Maku1201 ($1.81 in chips) 
Aleks120483: posts small blind $0.01
roma19765: posts big blind $0.02
*** HOLE CARDS ***
Dealt to Dorex2007 [8s 2h]
Foyek2000: folds 
Maku1201: calls $0.02
mercurio2008: folds 
Gennadich11: folds 
Dorex2007: folds 
shakhtior: raises $0.06 to $0.08
Aleks120483: folds 
roma19765: folds 
Maku1201: calls $0.06
*** FLOP *** [3c 6s 9d]
Maku1201: checks 
shakhtior: checks 
*** TURN *** [3c 6s 9d] [Qh]
Maku1201: checks 
shakhtior: checks 
*** RIVER *** [3c 6s 9d Qh] [6d]
Maku1201: checks 
shakhtior: checks 
*** SHOW DOWN ***
Maku1201: shows [5d Kc] (a pair of Sixes)
shakhtior: shows [Jd Ah] (a pair of Sixes - Ace kicker)
shakhtior collected $0.18 from pot
*** SUMMARY ***
Total pot $0.19 | Rake $0.01 
Board [3c 6s 9d Qh 6d]
Seat 1: mercurio2008 folded before Flop (didn't bet)
Seat 2: Gennadich11 folded before Flop (didn't bet)
Seat 3: Dorex2007 folded before Flop (didn't bet)
Seat 4: shakhtior (button) showed [Jd Ah] and won ($0.18) with a pair of Sixes
Seat 5: Aleks120483 (small blind) folded before Flop
Seat 6: roma19765 (big blind) folded before Flop
Seat 8: Foyek2000 folded before Flop (didn't bet)
Seat 9: Maku1201 showed [5d Kc] and lost with a pair of Sixes



PokerStars Hand #226534848037:  Hold'em No Limit ($0.01/$0.02 USD) - 2021/05/07 2:36:33 PT [2021/05/07 5:36:33 ET]
Table 'Beira' 9-max Seat #5 is the button
Seat 1: mercurio2008 ($1.78 in chips) 
Seat 2: Gennadich11 ($1.47 in chips) 
Seat 3: Dorex2007 ($2 in chips) 
Seat 4: shakhtior ($2.10 in chips) 
Seat 5: Aleks120483 ($1.84 in chips) 
Seat 6: roma19765 ($1.65 in chips) 
Seat 8: Foyek2000 ($1.04 in chips) 
Seat 9: Maku1201 ($1.73 in chips) 
roma19765: posts small blind $0.01
Foyek2000: posts big blind $0.02
*** HOLE CARDS ***
Dealt to Dorex2007 [7d 3s]
Maku1201: folds 
mercurio2008: folds 
Gennadich11: folds 
Dorex2007: folds 
shakhtior: folds 
Aleks120483: raises $0.06 to $0.08
roma19765: folds 
Foyek2000: calls $0.06
*** FLOP *** [Ac Qh Ad]
Foyek2000: checks 
Aleks120483: checks 
*** TURN *** [Ac Qh Ad] [2d]
Foyek2000: bets $0.08
Aleks120483: calls $0.08
*** RIVER *** [Ac Qh Ad 2d] [8h]
Foyek2000: bets $0.16
Aleks120483: calls $0.16
*** SHOW DOWN ***
Foyek2000: shows [Tc As] (three of a kind, Aces)
Aleks120483: mucks hand 
Foyek2000 collected $0.63 from pot
*** SUMMARY ***
Total pot $0.65 | Rake $0.02 
Board [Ac Qh Ad 2d 8h]
Seat 1: mercurio2008 folded before Flop (didn't bet)
Seat 2: Gennadich11 folded before Flop (didn't bet)
Seat 3: Dorex2007 folded before Flop (didn't bet)
Seat 4: shakhtior folded before Flop (didn't bet)
Seat 5: Aleks120483 (button) mucked [Kh Ks]
Seat 6: roma19765 (small blind) folded before Flop
Seat 8: Foyek2000 (big blind) showed [Tc As] and won ($0.63) with three of a kind, Aces
Seat 9: Maku1201 folded before Flop (didn't bet)



PokerStars Hand #226534856768:  Hold'em No Limit ($0.01/$0.02 USD) - 2021/05/07 2:37:13 PT [2021/05/07 5:37:13 ET]
Table 'Beira' 9-max Seat #6 is the button
Seat 1: mercurio2008 ($1.78 in chips) 
Seat 2: Gennadich11 ($1.47 in chips) 
Seat 3: Dorex2007 ($2 in chips) 
Seat 4: shakhtior ($2.10 in chips) 
Seat 5: Aleks120483 ($1.52 in chips) 
Seat 6: roma19765 ($1.64 in chips) 
Seat 8: Foyek2000 ($1.35 in chips) 
Seat 9: Maku1201 ($1.73 in chips) 
Foyek2000: posts small blind $0.01
Maku1201: posts big blind $0.02
*** HOLE CARDS ***
Dealt to Dorex2007 [3d 9d]
mercurio2008: folds 
Gennadich11: calls $0.02
Dorex2007: folds 
shakhtior: folds 
Aleks120483: folds 
roma19765: folds 
Foyek2000: calls $0.01
Maku1201: checks 
*** FLOP *** [7c Jh Ks]
Foyek2000: checks 
Maku1201: checks 
Gennadich11: checks 
*** TURN *** [7c Jh Ks] [As]
Foyek2000: checks 
Maku1201: checks 
Gennadich11: bets $0.06
Foyek2000: folds 
Maku1201: folds 
Uncalled bet ($0.06) returned to Gennadich11
Gennadich11 collected $0.06 from pot
Gennadich11: doesn't show hand 
*** SUMMARY ***
Total pot $0.06 | Rake $0 
Board [7c Jh Ks As]
Seat 1: mercurio2008 folded before Flop (didn't bet)
Seat 2: Gennadich11 collected ($0.06)
Seat 3: Dorex2007 folded before Flop (didn't bet)
Seat 4: shakhtior folded before Flop (didn't bet)
Seat 5: Aleks120483 folded before Flop (didn't bet)
Seat 6: roma19765 (button) folded before Flop (didn't bet)
Seat 8: Foyek2000 (small blind) folded on the Turn
Seat 9: Maku1201 (big blind) folded on the Turn



PokerStars Hand #226534866562:  Hold'em No Limit ($0.01/$0.02 USD) - 2021/05/07 2:37:58 PT [2021/05/07 5:37:58 ET]
Table 'Beira' 9-max Seat #8 is the button
Seat 1: mercurio2008 ($1.78 in chips) 
Seat 2: Gennadich11 ($1.51 in chips) 
Seat 3: Dorex2007 ($2 in chips) 
Seat 4: shakhtior ($2.10 in chips) 
Seat 5: Aleks120483 ($1.52 in chips) 
Seat 6: roma19765 ($1.64 in chips) 
Seat 8: Foyek2000 ($1.33 in chips) 
Seat 9: Maku1201 ($1.71 in chips) 
Maku1201: posts small blind $0.01
mercurio2008: posts big blind $0.02
*** HOLE CARDS ***
Dealt to Dorex2007 [Qd 7s]
Gennadich11: raises $0.08 to $0.10
Dorex2007: folds 
shakhtior: folds 
Aleks120483: folds 
roma19765: folds 
Foyek2000: calls $0.10
Maku1201: folds 
mercurio2008: folds 
*** FLOP *** [Js 9h Qh]
Gennadich11: bets $0.10
Foyek2000: folds 
Uncalled bet ($0.10) returned to Gennadich11
Gennadich11 collected $0.22 from pot
Gennadich11: doesn't show hand 
*** SUMMARY ***
Total pot $0.23 | Rake $0.01 
Board [Js 9h Qh]
Seat 1: mercurio2008 (big blind) folded before Flop
Seat 2: Gennadich11 collected ($0.22)
Seat 3: Dorex2007 folded before Flop (didn't bet)
Seat 4: shakhtior folded before Flop (didn't bet)
Seat 5: Aleks120483 folded before Flop (didn't bet)
Seat 6: roma19765 folded before Flop (didn't bet)
Seat 8: Foyek2000 (button) folded on the Flop
Seat 9: Maku1201 (small blind) folded before Flop



PokerStars Hand #226534873039:  Hold'em No Limit ($0.01/$0.02 USD) - 2021/05/07 2:38:27 PT [2021/05/07 5:38:27 ET]
Table 'Beira' 9-max Seat #9 is the button
Seat 1: mercurio2008 ($1.76 in chips) 
Seat 2: Gennadich11 ($1.63 in chips) 
Seat 3: Dorex2007 ($2 in chips) 
Seat 4: shakhtior ($2.10 in chips) 
Seat 5: Aleks120483 ($1.52 in chips) 
Seat 6: roma19765 ($1.64 in chips) 
Seat 8: Foyek2000 ($1.23 in chips) 
Seat 9: Maku1201 ($1.70 in chips) 
mercurio2008: posts small blind $0.01
Gennadich11: posts big blind $0.02
mattahario: sits out 
*** HOLE CARDS ***
Dealt to Dorex2007 [7s 3c]
Dorex2007: folds 
shakhtior: folds 
Aleks120483: folds 
roma19765: raises $0.04 to $0.06
Foyek2000: folds 
Maku1201: folds 
mercurio2008: folds 
Gennadich11: folds 
Uncalled bet ($0.04) returned to roma19765
roma19765 collected $0.05 from pot
roma19765: doesn't show hand 
*** SUMMARY ***
Total pot $0.05 | Rake $0 
Seat 1: mercurio2008 (small blind) folded before Flop
Seat 2: Gennadich11 (big blind) folded before Flop
Seat 3: Dorex2007 folded before Flop (didn't bet)
Seat 4: shakhtior folded before Flop (didn't bet)
Seat 5: Aleks120483 folded before Flop (didn't bet)
Seat 6: roma19765 collected ($0.05)
Seat 8: Foyek2000 folded before Flop (didn't bet)
Seat 9: Maku1201 (button) folded before Flop (didn't bet)



PokerStars Hand #226534876175:  Hold'em No Limit ($0.01/$0.02 USD) - 2021/05/07 2:38:41 PT [2021/05/07 5:38:41 ET]
Table 'Beira' 9-max Seat #1 is the button
Seat 1: mercurio2008 ($1.75 in chips) 
Seat 2: Gennadich11 ($1.61 in chips) 
Seat 3: Dorex2007 ($2 in chips) 
Seat 4: shakhtior ($2.10 in chips) 
Seat 5: Aleks120483 ($1.52 in chips) 
Seat 6: roma19765 ($1.67 in chips) 
Seat 8: Foyek2000 ($1.23 in chips) 
Seat 9: Maku1201 ($1.70 in chips) 
Gennadich11: posts small blind $0.01
Dorex2007: posts big blind $0.02
mattahario: sits out 
*** HOLE CARDS ***
Dealt to Dorex2007 [Kh 8d]
shakhtior: folds 
Aleks120483: folds 
roma19765: folds 
Foyek2000: raises $0.04 to $0.06
Maku1201: folds 
mercurio2008: folds 
Gennadich11: folds 
Dorex2007: folds 
Uncalled bet ($0.04) returned to Foyek2000
Foyek2000 collected $0.05 from pot
*** SUMMARY ***
Total pot $0.05 | Rake $0 
Seat 1: mercurio2008 (button) folded before Flop (didn't bet)
Seat 2: Gennadich11 (small blind) folded before Flop
Seat 3: Dorex2007 (big blind) folded before Flop
Seat 4: shakhtior folded before Flop (didn't bet)
Seat 5: Aleks120483 folded before Flop (didn't bet)
Seat 6: roma19765 folded before Flop (didn't bet)
Seat 8: Foyek2000 collected ($0.05)
Seat 9: Maku1201 folded before Flop (didn't bet)



PokerStars Hand #226534879742:  Hold'em No Limit ($0.01/$0.02 USD) - 2021/05/07 2:38:57 PT [2021/05/07 5:38:57 ET]
Table 'Beira' 9-max Seat #2 is the button
Seat 1: mercurio2008 ($1.75 in chips) 
Seat 2: Gennadich11 ($1.60 in chips) 
Seat 3: Dorex2007 ($1.98 in chips) 
Seat 4: shakhtior ($2.10 in chips) 
Seat 5: Aleks120483 ($1.52 in chips) 
Seat 6: roma19765 ($1.67 in chips) 
Seat 8: Foyek2000 ($1.26 in chips) 
Seat 9: Maku1201 ($1.70 in chips) 
Dorex2007: posts small blind $0.01
shakhtior: posts big blind $0.02
mattahario: sits out 
*** HOLE CARDS ***
Dealt to Dorex2007 [Qs 5h]
Aleks120483: folds 
roma19765: folds 
Aleks120483 leaves the table
Foyek2000: folds 
Maku1201: folds 
mercurio2008: folds 
Gennadich11: folds 
Dorex2007: calls $0.01
shakhtior: checks 
*** FLOP *** [7s 4d 6h]
Dorex2007: checks 
costica1949 joins the table at seat #5 
shakhtior: bets $0.03
Dorex2007: calls $0.03
*** TURN *** [7s 4d 6h] [Jh]
Dorex2007: checks 
shakhtior: checks 
*** RIVER *** [7s 4d 6h Jh] [2d]
Dorex2007: bets $0.10
shakhtior: folds 
Uncalled bet ($0.10) returned to Dorex2007
Dorex2007 collected $0.10 from pot
Dorex2007: doesn't show hand 
*** SUMMARY ***
Total pot $0.10 | Rake $0 
Board [7s 4d 6h Jh 2d]
Seat 1: mercurio2008 folded before Flop (didn't bet)
Seat 2: Gennadich11 (button) folded before Flop (didn't bet)
Seat 3: Dorex2007 (small blind) collected ($0.10)
Seat 4: shakhtior (big blind) folded on the River
Seat 5: Aleks120483 folded before Flop (didn't bet)
Seat 6: roma19765 folded before Flop (didn't bet)
Seat 8: Foyek2000 folded before Flop (didn't bet)
Seat 9: Maku1201 folded before Flop (didn't bet)



PokerStars Hand #226534889076:  Hold'em No Limit ($0.01/$0.02 USD) - 2021/05/07 2:39:39 PT [2021/05/07 5:39:39 ET]
Table 'Beira' 9-max Seat #3 is the button
Seat 1: mercurio2008 ($1.75 in chips) 
Seat 2: Gennadich11 ($1.60 in chips) 
Seat 3: Dorex2007 ($2.03 in chips) 
Seat 4: shakhtior ($2.05 in chips) 
Seat 5: costica1949 ($1.60 in chips) 
Seat 6: roma19765 ($1.67 in chips) 
Seat 8: Foyek2000 ($1.26 in chips) 
Seat 9: Maku1201 ($1.70 in chips) 
shakhtior: posts small blind $0.01
costica1949: posts big blind $0.02
mattahario: sits out 
*** HOLE CARDS ***
Dealt to Dorex2007 [Th Kc]
roma19765: raises $0.04 to $0.06
Foyek2000: calls $0.06
Maku1201: folds 
mercurio2008: folds 
Gennadich11: calls $0.06
Dorex2007: folds 
shakhtior: folds 
costica1949: calls $0.04
*** FLOP *** [3d 9s 2h]
costica1949: checks 
roma19765: checks 
Foyek2000: checks 
Gennadich11: bets $0.06
costica1949: calls $0.06
roma19765: folds 
Foyek2000: calls $0.06
*** TURN *** [3d 9s 2h] [2s]
costica1949: checks 
Foyek2000: checks 
Gennadich11: bets $0.06
costica1949: calls $0.06
Foyek2000: raises $0.22 to $0.28
Gennadich11: calls $0.22
costica1949: folds 
*** RIVER *** [3d 9s 2h 2s] [5s]
Foyek2000: checks 
Gennadich11: checks 
*** SHOW DOWN ***
Foyek2000: shows [Qd As] (a pair of Deuces)
Gennadich11: shows [Jd Jc] (two pair, Jacks and Deuces)
Gennadich11 collected $1.01 from pot
*** SUMMARY ***
Total pot $1.05 | Rake $0.04 
Board [3d 9s 2h 2s 5s]
Seat 1: mercurio2008 folded before Flop (didn't bet)
Seat 2: Gennadich11 showed [Jd Jc] and won ($1.01) with two pair, Jacks and Deuces
Seat 3: Dorex2007 (button) folded before Flop (didn't bet)
Seat 4: shakhtior (small blind) folded before Flop
Seat 5: costica1949 (big blind) folded on the Turn
Seat 6: roma19765 folded on the Flop
Seat 8: Foyek2000 showed [Qd As] and lost with a pair of Deuces
Seat 9: Maku1201 folded before Flop (didn't bet)



PokerStars Hand #226534909094:  Hold'em No Limit ($0.01/$0.02 USD) - 2021/05/07 2:41:10 PT [2021/05/07 5:41:10 ET]
Table 'Beira' 9-max Seat #4 is the button
Seat 1: mercurio2008 ($1.75 in chips) 
Seat 2: Gennadich11 ($2.21 in chips) 
Seat 3: Dorex2007 ($2.03 in chips) 
Seat 4: shakhtior ($2.04 in chips) 
Seat 5: costica1949 ($1.42 in chips) 
Seat 6: roma19765 ($1.61 in chips) 
Seat 8: Foyek2000 ($0.86 in chips) 
Seat 9: Maku1201 ($1.70 in chips) 
costica1949: posts small blind $0.01
roma19765: posts big blind $0.02
mattahario: sits out 
*** HOLE CARDS ***
Dealt to Dorex2007 [Kh Kc]
Foyek2000: raises $0.04 to $0.06
Maku1201: folds 
mercurio2008: folds 
Gennadich11: folds 
Dorex2007: raises $0.06 to $0.12
shakhtior: folds 
costica1949: folds 
roma19765: folds 
Foyek2000: calls $0.06
*** FLOP *** [6c 8h Jh]
Foyek2000: checks 
Dorex2007: bets $0.72
Foyek2000: folds 
Uncalled bet ($0.72) returned to Dorex2007
Dorex2007 collected $0.26 from pot
Dorex2007: doesn't show hand 
*** SUMMARY ***
Total pot $0.27 | Rake $0.01 
Board [6c 8h Jh]
Seat 1: mercurio2008 folded before Flop (didn't bet)
Seat 2: Gennadich11 folded before Flop (didn't bet)
Seat 3: Dorex2007 collected ($0.26)
Seat 4: shakhtior (button) folded before Flop (didn't bet)
Seat 5: costica1949 (small blind) folded before Flop
Seat 6: roma19765 (big blind) folded before Flop
Seat 8: Foyek2000 folded on the Flop
Seat 9: Maku1201 folded before Flop (didn't bet)



PokerStars Hand #226534921552:  Hold'em No Limit ($0.01/$0.02 USD) - 2021/05/07 2:42:06 PT [2021/05/07 5:42:06 ET]
Table 'Beira' 9-max Seat #5 is the button
Seat 1: mercurio2008 ($1.75 in chips) 
Seat 2: Gennadich11 ($2.21 in chips) 
Seat 3: Dorex2007 ($2.17 in chips) 
Seat 4: shakhtior ($2.04 in chips) 
Seat 5: costica1949 ($1.41 in chips) 
Seat 6: roma19765 ($1.59 in chips) 
Seat 7: mattahario ($2.01 in chips) 
Seat 8: Foyek2000 ($0.74 in chips) 
Seat 9: Maku1201 ($1.70 in chips) 
roma19765: posts small blind $0.01
mattahario: posts big blind $0.02
*** HOLE CARDS ***
Dealt to Dorex2007 [2d Ac]
Foyek2000: raises $0.04 to $0.06
Maku1201: folds 
mercurio2008: folds 
Gennadich11: folds 
Dorex2007: folds 
shakhtior: folds 
costica1949: folds 
roma19765: folds 
mattahario: folds 
Uncalled bet ($0.04) returned to Foyek2000
Foyek2000 collected $0.05 from pot
*** SUMMARY ***
Total pot $0.05 | Rake $0 
Seat 1: mercurio2008 folded before Flop (didn't bet)
Seat 2: Gennadich11 folded before Flop (didn't bet)
Seat 3: Dorex2007 folded before Flop (didn't bet)
Seat 4: shakhtior folded before Flop (didn't bet)
Seat 5: costica1949 (button) folded before Flop (didn't bet)
Seat 6: roma19765 (small blind) folded before Flop
Seat 7: mattahario (big blind) folded before Flop
Seat 8: Foyek2000 collected ($0.05)
Seat 9: Maku1201 folded before Flop (didn't bet)



PokerStars Hand #226534923461:  Hold'em No Limit ($0.01/$0.02 USD) - 2021/05/07 2:42:15 PT [2021/05/07 5:42:15 ET]
Table 'Beira' 9-max Seat #6 is the button
Seat 1: mercurio2008 ($1.75 in chips) 
Seat 2: Gennadich11 ($2.21 in chips) 
Seat 3: Dorex2007 ($2.17 in chips) 
Seat 4: shakhtior ($2.04 in chips) 
Seat 5: costica1949 ($1.41 in chips) 
Seat 6: roma19765 ($1.58 in chips) 
Seat 7: mattahario ($2 in chips) 
Seat 8: Foyek2000 ($0.77 in chips) 
Seat 9: Maku1201 ($1.70 in chips) 
mattahario: posts small blind $0.01
Foyek2000: posts big blind $0.02
*** HOLE CARDS ***
Dealt to Dorex2007 [7d 4h]
Maku1201: calls $0.02
mercurio2008: raises $0.04 to $0.06
Gennadich11: folds 
Dorex2007: folds 
shakhtior: folds 
costica1949: calls $0.06
roma19765: folds 
roma19765 leaves the table
mattahario: calls $0.05
Foyek2000: raises $0.71 to $0.77 and is all-in
Maku1201: folds 
mercurio2008: folds 
costica1949: raises $0.64 to $1.41 and is all-in
mattahario: calls $1.35
costica1949 has timed out
*** FLOP *** [5d 3d Td]
*** TURN *** [5d 3d Td] [2c]
*** RIVER *** [5d 3d Td 2c] [4s]
*** SHOW DOWN ***
mattahario: shows [Qc Qs] (a pair of Queens)
costica1949: shows [Kh Ac] (a straight, Ace to Five)
costica1949 collected $1.23 from side pot
Foyek2000: shows [Qh Ah] (a straight, Ace to Five)
Foyek2000 collected $1.16 from main pot
costica1949 collected $1.15 from main pot
mattahario cashed out the hand for $1.93 | Cash Out Fee $0.02
*** SUMMARY ***
Total pot $3.67 Main pot $2.31. Side pot $1.23. | Rake $0.13 
Board [5d 3d Td 2c 4s]
Seat 1: mercurio2008 folded before Flop
Seat 2: Gennadich11 folded before Flop (didn't bet)
Seat 3: Dorex2007 folded before Flop (didn't bet)
Seat 4: shakhtior folded before Flop (didn't bet)
Seat 5: costica1949 showed [Kh Ac] and won ($2.38) with a straight, Ace to Five
Seat 6: roma19765 (button) folded before Flop (didn't bet)
Seat 7: mattahario (small blind) showed [Qc Qs] and lost with a pair of Queens (cashed out).
Seat 8: Foyek2000 (big blind) showed [Qh Ah] and won ($1.16) with a straight, Ace to Five
Seat 9: Maku1201 folded before Flop



PokerStars Hand #226534938215:  Hold'em No Limit ($0.01/$0.02 USD) - 2021/05/07 2:43:21 PT [2021/05/07 5:43:21 ET]
Table 'Beira' 9-max Seat #7 is the button
Seat 1: mercurio2008 ($1.69 in chips) 
Seat 2: Gennadich11 ($2.21 in chips) 
Seat 3: Dorex2007 ($2.17 in chips) 
Seat 4: shakhtior ($2.04 in chips) 
Seat 5: costica1949 ($2.38 in chips) 
Seat 7: mattahario ($2.52 in chips) 
Seat 8: Foyek2000 ($1.16 in chips) 
Seat 9: Maku1201 ($1.68 in chips) 
Foyek2000: posts small blind $0.01
Maku1201: posts big blind $0.02
*** HOLE CARDS ***
Dealt to Dorex2007 [4d 9s]
mercurio2008: folds 
Gennadich11: folds 
Dorex2007: folds 
shakhtior: folds 
costica1949: folds 
mattahario: folds 
Foyek2000: folds 
Uncalled bet ($0.01) returned to Maku1201
Maku1201 collected $0.02 from pot
Maku1201: doesn't show hand 
*** SUMMARY ***
Total pot $0.02 | Rake $0 
Seat 1: mercurio2008 folded before Flop (didn't bet)
Seat 2: Gennadich11 folded before Flop (didn't bet)
Seat 3: Dorex2007 folded before Flop (didn't bet)
Seat 4: shakhtior folded before Flop (didn't bet)
Seat 5: costica1949 folded before Flop (didn't bet)
Seat 7: mattahario (button) folded before Flop (didn't bet)
Seat 8: Foyek2000 (small blind) folded before Flop
Seat 9: Maku1201 (big blind) collected ($0.02)



PokerStars Hand #226534941856:  Hold'em No Limit ($0.01/$0.02 USD) - 2021/05/07 2:43:38 PT [2021/05/07 5:43:38 ET]
Table 'Beira' 9-max Seat #8 is the button
Seat 1: mercurio2008 ($1.69 in chips) 
Seat 2: Gennadich11 ($2.21 in chips) 
Seat 3: Dorex2007 ($2.17 in chips) 
Seat 4: shakhtior ($2.04 in chips) 
Seat 5: costica1949 ($2.38 in chips) 
Seat 7: mattahario ($2.52 in chips) 
Seat 8: Foyek2000 ($1.15 in chips) 
Seat 9: Maku1201 ($1.69 in chips) 
Maku1201: posts small blind $0.01
mercurio2008: posts big blind $0.02
*** HOLE CARDS ***
Dealt to Dorex2007 [5s 5h]
Gennadich11: calls $0.02
Dorex2007: calls $0.02
shakhtior: calls $0.02
costica1949: folds 
mattahario: folds 
Foyek2000: folds 
Maku1201: calls $0.01
mercurio2008: raises $0.04 to $0.06
Gennadich11: calls $0.04
Dorex2007: calls $0.04
shakhtior: calls $0.04
Maku1201: calls $0.04
*** FLOP *** [7h Kc Kd]
Maku1201: checks 
mercurio2008: checks 
Gennadich11: bets $0.04
Dorex2007: calls $0.04
shakhtior: folds 
Maku1201: raises $0.18 to $0.22
mercurio2008: raises $1.41 to $1.63 and is all-in
Gennadich11: folds 
Dorex2007: folds 
Maku1201: calls $1.41 and is all-in
*** TURN *** [7h Kc Kd] [4d]
Andresinho46 joins the table at seat #6 
*** RIVER *** [7h Kc Kd 4d] [As]
*** SHOW DOWN ***
Maku1201: shows [4s Ks] (a full house, Kings full of Fours)
mercurio2008: shows [Qh Kh] (three of a kind, Kings)
Maku1201 cashed out the hand for $0.70 | Cash Out Fee $0.01
*** SUMMARY ***
Total pot $3.64 | Rake $0.13 
Board [7h Kc Kd 4d As]
Seat 1: mercurio2008 (big blind) showed [Qh Kh] and lost with three of a kind, Kings
Seat 2: Gennadich11 folded on the Flop
Seat 3: Dorex2007 folded on the Flop
Seat 4: shakhtior folded on the Flop
Seat 5: costica1949 folded before Flop (didn't bet)
Seat 7: mattahario folded before Flop (didn't bet)
Seat 8: Foyek2000 (button) folded before Flop (didn't bet)
Seat 9: Maku1201 (small blind) showed [4s Ks] and won ($3.51) with a full house, Kings full of Fours (pot not awarded as player cashed out)



PokerStars Hand #226534961295:  Hold'em No Limit ($0.01/$0.02 USD) - 2021/05/07 2:45:06 PT [2021/05/07 5:45:06 ET]
Table 'Beira' 9-max Seat #9 is the button
Seat 2: Gennadich11 ($2.11 in chips) 
Seat 3: Dorex2007 ($2.07 in chips) 
Seat 4: shakhtior ($2 in chips) 
Seat 5: costica1949 ($2.38 in chips) 
Seat 7: mattahario ($2.52 in chips) 
Seat 8: Foyek2000 ($1.15 in chips) 
Seat 9: Maku1201 ($0.70 in chips) 
Gennadich11: posts small blind $0.01
Dorex2007: posts big blind $0.02
Andresinho46: sits out 
*** HOLE CARDS ***
Dealt to Dorex2007 [Ks 2h]
shakhtior: folds 
costica1949: folds 
mattahario has timed out
mattahario: folds 
Foyek2000: folds 
Maku1201: folds 
Gennadich11: calls $0.01
Dorex2007: checks 
*** FLOP *** [5c Jd 8d]
Gennadich11: checks 
Dorex2007: checks 
*** TURN *** [5c Jd 8d] [Kh]
Gennadich11: checks 
Dorex2007: checks 
*** RIVER *** [5c Jd 8d Kh] [3d]
Gennadich11: checks 
Dorex2007: checks 
*** SHOW DOWN ***
Gennadich11: shows [7s Ad] (high card Ace)
Dorex2007: shows [Ks 2h] (a pair of Kings)
Dorex2007 collected $0.04 from pot
*** SUMMARY ***
Total pot $0.04 | Rake $0 
Board [5c Jd 8d Kh 3d]
Seat 2: Gennadich11 (small blind) showed [7s Ad] and lost with high card Ace
Seat 3: Dorex2007 (big blind) showed [Ks 2h] and won ($0.04) with a pair of Kings
Seat 4: shakhtior folded before Flop (didn't bet)
Seat 5: costica1949 folded before Flop (didn't bet)
Seat 7: mattahario folded before Flop (didn't bet)
Seat 8: Foyek2000 folded before Flop (didn't bet)
Seat 9: Maku1201 (button) folded before Flop (didn't bet)



PokerStars Hand #226534970219:  Hold'em No Limit ($0.01/$0.02 USD) - 2021/05/07 2:45:46 PT [2021/05/07 5:45:46 ET]
Table 'Beira' 9-max Seat #2 is the button
Seat 2: Gennadich11 ($2.09 in chips) 
Seat 3: Dorex2007 ($2.09 in chips) 
Seat 4: shakhtior ($2 in chips) 
Seat 5: costica1949 ($2.38 in chips) 
Seat 7: mattahario ($2.52 in chips) 
Seat 8: Foyek2000 ($1.15 in chips) 
Seat 9: Maku1201 ($0.70 in chips) 
Dorex2007: posts small blind $0.01
shakhtior: posts big blind $0.02
Andresinho46: sits out 
mercurio2008: sits out 
*** HOLE CARDS ***
Dealt to Dorex2007 [6h Jd]
costica1949: folds 
mattahario: folds 
Foyek2000: raises $0.06 to $0.08
Maku1201: folds 
Gennadich11: folds 
Dorex2007: folds 
shakhtior: folds 
Uncalled bet ($0.06) returned to Foyek2000
Foyek2000 collected $0.05 from pot
*** SUMMARY ***
Total pot $0.05 | Rake $0 
Seat 2: Gennadich11 (button) folded before Flop (didn't bet)
Seat 3: Dorex2007 (small blind) folded before Flop
Seat 4: shakhtior (big blind) folded before Flop
Seat 5: costica1949 folded before Flop (didn't bet)
Seat 7: mattahario folded before Flop (didn't bet)
Seat 8: Foyek2000 collected ($0.05)
Seat 9: Maku1201 folded before Flop (didn't bet)



PokerStars Hand #226534974666:  Hold'em No Limit ($0.01/$0.02 USD) - 2021/05/07 2:46:06 PT [2021/05/07 5:46:06 ET]
Table 'Beira' 9-max Seat #3 is the button
Seat 2: Gennadich11 ($2.09 in chips) 
Seat 3: Dorex2007 ($2.08 in chips) 
Seat 4: shakhtior ($2 in chips) 
Seat 5: costica1949 ($2.38 in chips) 
Seat 7: mattahario ($2.52 in chips) 
Seat 8: Foyek2000 ($1.18 in chips) 
Seat 9: Maku1201 ($0.70 in chips) 
shakhtior: posts small blind $0.01
costica1949: posts big blind $0.02
Andresinho46: sits out 
mercurio2008: sits out 
*** HOLE CARDS ***
Dealt to Dorex2007 [Ac Qs]
mattahario: folds 
Foyek2000: folds 
Maku1201: folds 
Gennadich11: calls $0.02
Dorex2007: raises $0.04 to $0.06
shakhtior: folds 
costica1949: folds 
Gennadich11: calls $0.04
*** FLOP *** [Js Ts 8c]
Gennadich11: bets $0.04
Dorex2007: calls $0.04
*** TURN *** [Js Ts 8c] [5s]
Gennadich11: bets $0.04
Dorex2007: calls $0.04
*** RIVER *** [Js Ts 8c 5s] [2d]
Gennadich11: bets $0.04
Dorex2007: folds 
Uncalled bet ($0.04) returned to Gennadich11
Gennadich11 collected $0.30 from pot
Gennadich11: doesn't show hand 
*** SUMMARY ***
Total pot $0.31 | Rake $0.01 
Board [Js Ts 8c 5s 2d]
Seat 2: Gennadich11 collected ($0.30)
Seat 3: Dorex2007 (button) folded on the River
Seat 4: shakhtior (small blind) folded before Flop
Seat 5: costica1949 (big blind) folded before Flop
Seat 7: mattahario folded before Flop (didn't bet)
Seat 8: Foyek2000 folded before Flop (didn't bet)
Seat 9: Maku1201 folded before Flop (didn't bet)



PokerStars Hand #226534986053:  Hold'em No Limit ($0.01/$0.02 USD) - 2021/05/07 2:46:59 PT [2021/05/07 5:46:59 ET]
Table 'Beira' 9-max Seat #4 is the button
Seat 2: Gennadich11 ($2.25 in chips) 
Seat 3: Dorex2007 ($1.94 in chips) 
Seat 4: shakhtior ($2 in chips) 
Seat 5: costica1949 ($2.36 in chips) 
Seat 6: Andresinho46 ($2 in chips) 
Seat 7: mattahario ($2.52 in chips) 
Seat 8: Foyek2000 ($1.18 in chips) 
Seat 9: Maku1201 ($0.70 in chips) 
costica1949: posts small blind $0.01
Andresinho46: posts big blind $0.02
mercurio2008: sits out 
*** HOLE CARDS ***
Dealt to Dorex2007 [5d 4d]
mattahario: folds 
Foyek2000: raises $0.04 to $0.06
Maku1201: folds 
Gennadich11: folds 
Dorex2007: folds 
shakhtior: folds 
costica1949: calls $0.05
Andresinho46: calls $0.04
*** FLOP *** [2s 3s 9h]
costica1949: bets $0.02
Andresinho46: calls $0.02
Foyek2000: calls $0.02
*** TURN *** [2s 3s 9h] [7c]
costica1949: checks 
Andresinho46: checks 
Foyek2000: bets $0.12
costica1949: folds 
Andresinho46: folds 
Uncalled bet ($0.12) returned to Foyek2000
Foyek2000 collected $0.23 from pot
*** SUMMARY ***
Total pot $0.24 | Rake $0.01 
Board [2s 3s 9h 7c]
Seat 2: Gennadich11 folded before Flop (didn't bet)
Seat 3: Dorex2007 folded before Flop (didn't bet)
Seat 4: shakhtior (button) folded before Flop (didn't bet)
Seat 5: costica1949 (small blind) folded on the Turn
Seat 6: Andresinho46 (big blind) folded on the Turn
Seat 7: mattahario folded before Flop (didn't bet)
Seat 8: Foyek2000 collected ($0.23)
Seat 9: Maku1201 folded before Flop (didn't bet)



PokerStars Hand #226534996898:  Hold'em No Limit ($0.01/$0.02 USD) - 2021/05/07 2:47:49 PT [2021/05/07 5:47:49 ET]
Table 'Beira' 9-max Seat #5 is the button
Seat 2: Gennadich11 ($2.25 in chips) 
Seat 3: Dorex2007 ($1.94 in chips) 
Seat 4: shakhtior ($2 in chips) 
Seat 5: costica1949 ($2.28 in chips) 
Seat 6: Andresinho46 ($1.92 in chips) 
Seat 7: mattahario ($2.52 in chips) 
Seat 8: Foyek2000 ($1.33 in chips) 
Seat 9: Maku1201 ($0.70 in chips) 
Andresinho46: posts small blind $0.01
mattahario: posts big blind $0.02
mercurio2008: sits out 
*** HOLE CARDS ***
Dealt to Dorex2007 [7s 3s]
Foyek2000: folds 
Maku1201: calls $0.02
Gennadich11: folds 
Dorex2007: folds 
shakhtior: folds 
costica1949: folds 
Andresinho46: folds 
mattahario: checks 
*** FLOP *** [Qc As Ks]
mattahario: bets $0.02
Maku1201: calls $0.02
*** TURN *** [Qc As Ks] [5h]
mattahario: bets $0.02
Maku1201: calls $0.02
*** RIVER *** [Qc As Ks 5h] [5c]
mattahario: bets $0.02
Maku1201: raises $0.09 to $0.11
mattahario: calls $0.09
*** SHOW DOWN ***
Maku1201: shows [2s Ts] (a pair of Fives)
mattahario: shows [Ac 9d] (two pair, Aces and Fives)
mattahario collected $0.34 from pot
*** SUMMARY ***
Total pot $0.35 | Rake $0.01 
Board [Qc As Ks 5h 5c]
Seat 2: Gennadich11 folded before Flop (didn't bet)
Seat 3: Dorex2007 folded before Flop (didn't bet)
Seat 4: shakhtior folded before Flop (didn't bet)
Seat 5: costica1949 (button) folded before Flop (didn't bet)
Seat 6: Andresinho46 (small blind) folded before Flop
Seat 7: mattahario (big blind) showed [Ac 9d] and won ($0.34) with two pair, Aces and Fives
Seat 8: Foyek2000 folded before Flop (didn't bet)
Seat 9: Maku1201 showed [2s Ts] and lost with a pair of Fives



PokerStars Hand #226535006120:  Hold'em No Limit ($0.01/$0.02 USD) - 2021/05/07 2:48:31 PT [2021/05/07 5:48:31 ET]
Table 'Beira' 9-max Seat #6 is the button
Seat 2: Gennadich11 ($2.25 in chips) 
Seat 3: Dorex2007 ($1.94 in chips) 
Seat 4: shakhtior ($2 in chips) 
Seat 5: costica1949 ($2.28 in chips) 
Seat 6: Andresinho46 ($1.91 in chips) 
Seat 7: mattahario ($2.69 in chips) 
Seat 8: Foyek2000 ($1.33 in chips) 
Seat 9: Maku1201 ($0.53 in chips) 
mattahario: posts small blind $0.01
Foyek2000: posts big blind $0.02
mercurio2008: sits out 
*** HOLE CARDS ***
Dealt to Dorex2007 [Js 9h]
Maku1201: calls $0.02
Gennadich11: folds 
Dorex2007: folds 
shakhtior: folds 
costica1949: raises $0.04 to $0.06
Andresinho46: folds 
mattahario: folds 
Foyek2000: folds 
Maku1201: calls $0.04
*** FLOP *** [Tc 3d Qc]
Maku1201: checks 
costica1949: checks 
*** TURN *** [Tc 3d Qc] [Th]
Maku1201: checks 
costica1949: checks 
*** RIVER *** [Tc 3d Qc Th] [Jc]
Maku1201: checks 
costica1949: bets $0.06
Maku1201: folds 
Uncalled bet ($0.06) returned to costica1949
costica1949 collected $0.14 from pot
*** SUMMARY ***
Total pot $0.15 | Rake $0.01 
Board [Tc 3d Qc Th Jc]
Seat 2: Gennadich11 folded before Flop (didn't bet)
Seat 3: Dorex2007 folded before Flop (didn't bet)
Seat 4: shakhtior folded before Flop (didn't bet)
Seat 5: costica1949 collected ($0.14)
Seat 6: Andresinho46 (button) folded before Flop (didn't bet)
Seat 7: mattahario (small blind) folded before Flop
Seat 8: Foyek2000 (big blind) folded before Flop
Seat 9: Maku1201 folded on the River



PokerStars Hand #226535014625:  Hold'em No Limit ($0.01/$0.02 USD) - 2021/05/07 2:49:09 PT [2021/05/07 5:49:09 ET]
Table 'Beira' 9-max Seat #7 is the button
Seat 2: Gennadich11 ($2.25 in chips) 
Seat 3: Dorex2007 ($1.94 in chips) 
Seat 4: shakhtior ($2 in chips) 
Seat 5: costica1949 ($2.36 in chips) 
Seat 6: Andresinho46 ($1.91 in chips) 
Seat 7: mattahario ($2.68 in chips) 
Seat 8: Foyek2000 ($1.31 in chips) 
Seat 9: Maku1201 ($0.47 in chips) 
Foyek2000: posts small blind $0.01
Maku1201: posts big blind $0.02
mercurio2008: sits out 
*** HOLE CARDS ***
Dealt to Dorex2007 [5h Th]
Gennadich11: folds 
Dorex2007: folds 
shakhtior: folds 
costica1949: folds 
Andresinho46: raises $0.04 to $0.06
mattahario is disconnected 
mattahario is connected 
mattahario has timed out
mattahario: folds 
Foyek2000: folds 
Maku1201: calls $0.04
*** FLOP *** [7h 2h Qs]
Maku1201: checks 
Andresinho46: bets $0.06
Maku1201: folds 
Uncalled bet ($0.06) returned to Andresinho46
Andresinho46 collected $0.13 from pot
Andresinho46: doesn't show hand 
*** SUMMARY ***
Total pot $0.13 | Rake $0 
Board [7h 2h Qs]
Seat 2: Gennadich11 folded before Flop (didn't bet)
Seat 3: Dorex2007 folded before Flop (didn't bet)
Seat 4: shakhtior folded before Flop (didn't bet)
Seat 5: costica1949 folded before Flop (didn't bet)
Seat 6: Andresinho46 collected ($0.13)
Seat 7: mattahario (button) folded before Flop (didn't bet)
Seat 8: Foyek2000 (small blind) folded before Flop
Seat 9: Maku1201 (big blind) folded on the Flop



PokerStars Hand #226535024849:  Hold'em No Limit ($0.01/$0.02 USD) - 2021/05/07 2:49:55 PT [2021/05/07 5:49:55 ET]
Table 'Beira' 9-max Seat #8 is the button
Seat 1: mercurio2008 ($2 in chips) 
Seat 2: Gennadich11 ($2.25 in chips) 
Seat 3: Dorex2007 ($1.94 in chips) 
Seat 4: shakhtior ($2 in chips) 
Seat 5: costica1949 ($2.36 in chips) 
Seat 6: Andresinho46 ($1.98 in chips) 
Seat 7: mattahario ($2.68 in chips) 
Seat 8: Foyek2000 ($1.30 in chips) 
Seat 9: Maku1201 ($0.41 in chips) 
Maku1201: posts small blind $0.01
mercurio2008: posts big blind $0.02
*** HOLE CARDS ***
Dealt to Dorex2007 [8h 6h]
Gennadich11: folds 
Dorex2007: folds 
shakhtior: folds 
costica1949: folds 
Andresinho46: folds 
mattahario: folds 
Foyek2000: folds 
Maku1201: calls $0.01
mercurio2008: checks 
*** FLOP *** [As 4h 9c]
Maku1201: checks 
mercurio2008: checks 
*** TURN *** [As 4h 9c] [4c]
Maku1201: bets $0.02
mercurio2008: calls $0.02
*** RIVER *** [As 4h 9c 4c] [Td]
Maku1201: bets $0.06
mercurio2008: raises $1.90 to $1.96 and is all-in
Maku1201: folds 
Uncalled bet ($1.90) returned to mercurio2008
mercurio2008 collected $0.19 from pot
mercurio2008: doesn't show hand 
*** SUMMARY ***
Total pot $0.20 | Rake $0.01 
Board [As 4h 9c 4c Td]
Seat 1: mercurio2008 (big blind) collected ($0.19)
Seat 2: Gennadich11 folded before Flop (didn't bet)
Seat 3: Dorex2007 folded before Flop (didn't bet)
Seat 4: shakhtior folded before Flop (didn't bet)
Seat 5: costica1949 folded before Flop (didn't bet)
Seat 6: Andresinho46 folded before Flop (didn't bet)
Seat 7: mattahario folded before Flop (didn't bet)
Seat 8: Foyek2000 (button) folded before Flop (didn't bet)
Seat 9: Maku1201 (small blind) folded on the River



