PokerStars Hand #223662723602:  Hold'em No Limit ($0.01/$0.02 USD) - 2021/02/10 14:42:27 PT [2021/02/10 17:42:27 ET]
Table 'Peacock IV' 9-max Seat #1 is the button
Seat 1: isennnn ($2.11 in chips) 
Seat 2: DubaCT ($0.93 in chips) 
Seat 3: Dorex2007 ($1.50 in chips) 
Seat 4: mekonium1304 ($2 in chips) 
Seat 6: oldguyreacts ($3.79 in chips) 
Seat 7: yjqian23 ($1.82 in chips) 
Seat 9: Przemek05014 ($2 in chips) 
DubaCT: posts small blind $0.01
Dorex2007: posts big blind $0.02
Toriodor: sits out 
Przemek05014: posts big blind $0.02
*** HOLE CARDS ***
Dealt to Dorex2007 [9h 4h]
mekonium1304 has timed out
mekonium1304: folds 
oldguyreacts: folds 
yjqian23: folds 
Przemek05014: checks 
isennnn: folds 
DubaCT: calls $0.01
Dorex2007: checks 
*** FLOP *** [8c Qc 6h]
DubaCT: checks 
Dorex2007: checks 
Przemek05014: bets $0.06
DubaCT: folds 
Dorex2007: folds 
Uncalled bet ($0.06) returned to Przemek05014
Przemek05014 collected $0.06 from pot
Przemek05014: doesn't show hand 
*** SUMMARY ***
Total pot $0.06 | Rake $0 
Board [8c Qc 6h]
Seat 1: isennnn (button) folded before Flop (didn't bet)
Seat 2: DubaCT (small blind) folded on the Flop
Seat 3: Dorex2007 (big blind) folded on the Flop
Seat 4: mekonium1304 folded before Flop (didn't bet)
Seat 6: oldguyreacts folded before Flop (didn't bet)
Seat 7: yjqian23 folded before Flop (didn't bet)
Seat 9: Przemek05014 collected ($0.06)



PokerStars Hand #223662752864:  Hold'em No Limit ($0.01/$0.02 USD) - 2021/02/10 14:43:13 PT [2021/02/10 17:43:13 ET]
Table 'Peacock IV' 9-max Seat #2 is the button
Seat 1: isennnn ($2.11 in chips) 
Seat 2: DubaCT ($0.91 in chips) 
Seat 3: Dorex2007 ($1.48 in chips) 
Seat 4: mekonium1304 ($2 in chips) 
Seat 6: oldguyreacts ($3.79 in chips) 
Seat 7: yjqian23 ($1.82 in chips) 
Seat 9: Przemek05014 ($2.04 in chips) 
Dorex2007: posts small blind $0.01
mekonium1304: posts big blind $0.02
Toriodor: sits out 
*** HOLE CARDS ***
Dealt to Dorex2007 [Kc 6d]
oldguyreacts: folds 
yjqian23: folds 
Przemek05014: folds 
isennnn: folds 
DubaCT: calls $0.02
Dorex2007: folds 
mekonium1304: checks 
*** FLOP *** [5s Ts Jc]
Przemek05014 leaves the table
mekonium1304: bets $0.06
DubaCT: folds 
Uncalled bet ($0.06) returned to mekonium1304
mekonium1304 collected $0.05 from pot
mekonium1304: doesn't show hand 
*** SUMMARY ***
Total pot $0.05 | Rake $0 
Board [5s Ts Jc]
Seat 1: isennnn folded before Flop (didn't bet)
Seat 2: DubaCT (button) folded on the Flop
Seat 3: Dorex2007 (small blind) folded before Flop
Seat 4: mekonium1304 (big blind) collected ($0.05)
Seat 6: oldguyreacts folded before Flop (didn't bet)
Seat 7: yjqian23 folded before Flop (didn't bet)
Seat 9: Przemek05014 folded before Flop (didn't bet)



PokerStars Hand #223662780714:  Hold'em No Limit ($0.01/$0.02 USD) - 2021/02/10 14:43:58 PT [2021/02/10 17:43:58 ET]
Table 'Peacock IV' 9-max Seat #3 is the button
Seat 1: isennnn ($2.11 in chips) 
Seat 2: DubaCT ($0.89 in chips) 
Seat 3: Dorex2007 ($1.47 in chips) 
Seat 4: mekonium1304 ($2.03 in chips) 
Seat 5: Toriodor ($2.05 in chips) 
Seat 6: oldguyreacts ($3.79 in chips) 
Seat 7: yjqian23 ($1.82 in chips) 
mekonium1304: posts small blind $0.01
Toriodor: posts big blind $0.02
*** HOLE CARDS ***
Dealt to Dorex2007 [7h 9s]
dwardiola joins the table at seat #9 
oldguyreacts: folds 
yjqian23: folds 
isennnn: folds 
DubaCT: folds 
Dorex2007: folds 
mekonium1304: calls $0.01
Toriodor: checks 
*** FLOP *** [9c 8d Tc]
mekonium1304: bets $0.06
Toriodor: folds 
Uncalled bet ($0.06) returned to mekonium1304
mekonium1304 collected $0.04 from pot
mekonium1304: doesn't show hand 
*** SUMMARY ***
Total pot $0.04 | Rake $0 
Board [9c 8d Tc]
Seat 1: isennnn folded before Flop (didn't bet)
Seat 2: DubaCT folded before Flop (didn't bet)
Seat 3: Dorex2007 (button) folded before Flop (didn't bet)
Seat 4: mekonium1304 (small blind) collected ($0.04)
Seat 5: Toriodor (big blind) folded on the Flop
Seat 6: oldguyreacts folded before Flop (didn't bet)
Seat 7: yjqian23 folded before Flop (didn't bet)



PokerStars Hand #223662801193:  Hold'em No Limit ($0.01/$0.02 USD) - 2021/02/10 14:44:30 PT [2021/02/10 17:44:30 ET]
Table 'Peacock IV' 9-max Seat #4 is the button
Seat 1: isennnn ($2.11 in chips) 
Seat 2: DubaCT ($0.89 in chips) 
Seat 3: Dorex2007 ($1.47 in chips) 
Seat 4: mekonium1304 ($2.05 in chips) 
Seat 5: Toriodor ($2.03 in chips) 
Seat 7: yjqian23 ($1.82 in chips) 
Seat 9: dwardiola ($2 in chips) 
Toriodor: posts small blind $0.01
oldguyreacts: is sitting out 
yjqian23: posts big blind $0.02
dwardiola: posts big blind $0.02
*** HOLE CARDS ***
Dealt to Dorex2007 [4c 9s]
dwardiola: checks 
isennnn: folds 
oldguyreacts leaves the table
DubaCT: folds 
Dorex2007: folds 
mekonium1304: folds 
Toriodor: folds 
yjqian23: checks 
*** FLOP *** [Ah Jh 7d]
yjqian23: checks 
Sparticus1234 joins the table at seat #6 
dwardiola: checks 
*** TURN *** [Ah Jh 7d] [Kc]
yjqian23: checks 
dwardiola: checks 
*** RIVER *** [Ah Jh 7d Kc] [Th]
yjqian23: checks 
dwardiola: bets $0.02
yjqian23: folds 
Uncalled bet ($0.02) returned to dwardiola
dwardiola collected $0.05 from pot
dwardiola: doesn't show hand 
*** SUMMARY ***
Total pot $0.05 | Rake $0 
Board [Ah Jh 7d Kc Th]
Seat 1: isennnn folded before Flop (didn't bet)
Seat 2: DubaCT folded before Flop (didn't bet)
Seat 3: Dorex2007 folded before Flop (didn't bet)
Seat 4: mekonium1304 (button) folded before Flop (didn't bet)
Seat 5: Toriodor (small blind) folded before Flop
Seat 7: yjqian23 (big blind) folded on the River
Seat 9: dwardiola collected ($0.05)



PokerStars Hand #223662827421:  Hold'em No Limit ($0.01/$0.02 USD) - 2021/02/10 14:45:12 PT [2021/02/10 17:45:12 ET]
Table 'Peacock IV' 9-max Seat #5 is the button
Seat 1: isennnn ($2.11 in chips) 
Seat 2: DubaCT ($0.89 in chips) 
Seat 3: Dorex2007 ($1.47 in chips) 
Seat 4: mekonium1304 ($2.05 in chips) 
Seat 5: Toriodor ($2.02 in chips) 
Seat 7: yjqian23 ($1.98 in chips) 
Seat 9: dwardiola ($2.03 in chips) 
yjqian23: posts small blind $0.01
dwardiola: posts big blind $0.02
*** HOLE CARDS ***
Dealt to Dorex2007 [Qs 2c]
isennnn: folds 
DubaCT: folds 
Dorex2007: folds 
mekonium1304: folds 
Toriodor: raises $0.04 to $0.06
yjqian23: folds 
dwardiola: folds 
Uncalled bet ($0.04) returned to Toriodor
Toriodor collected $0.05 from pot
FJL1966 was removed from the table for failing to post
FJL1966 leaves the table
Toriodor: doesn't show hand 
*** SUMMARY ***
Total pot $0.05 | Rake $0 
Seat 1: isennnn folded before Flop (didn't bet)
Seat 2: DubaCT folded before Flop (didn't bet)
Seat 3: Dorex2007 folded before Flop (didn't bet)
Seat 4: mekonium1304 folded before Flop (didn't bet)
Seat 5: Toriodor (button) collected ($0.05)
Seat 7: yjqian23 (small blind) folded before Flop
Seat 9: dwardiola (big blind) folded before Flop



PokerStars Hand #223662840952:  Hold'em No Limit ($0.01/$0.02 USD) - 2021/02/10 14:45:34 PT [2021/02/10 17:45:34 ET]
Table 'Peacock IV' 9-max Seat #7 is the button
Seat 1: isennnn ($2.11 in chips) 
Seat 2: DubaCT ($0.89 in chips) 
Seat 3: Dorex2007 ($1.47 in chips) 
Seat 4: mekonium1304 ($2.05 in chips) 
Seat 5: Toriodor ($2.05 in chips) 
Seat 7: yjqian23 ($1.97 in chips) 
Seat 9: dwardiola ($2.01 in chips) 
dwardiola: posts small blind $0.01
isennnn: posts big blind $0.02
Sparticus1234: sits out 
*** HOLE CARDS ***
Dealt to Dorex2007 [4c 6d]
DubaCT: folds 
Dorex2007: folds 
mekonium1304: folds 
Toriodor: folds 
yjqian23: raises $0.02 to $0.04
dwardiola: calls $0.03
isennnn: calls $0.02
*** FLOP *** [3h Tc Td]
dwardiola: checks 
isennnn: checks 
yjqian23: bets $0.02
dwardiola: calls $0.02
isennnn: calls $0.02
*** TURN *** [3h Tc Td] [Ks]
dwardiola: checks 
isennnn: checks 
yjqian23: checks 
*** RIVER *** [3h Tc Td Ks] [9s]
dwardiola: checks 
isennnn: checks 
yjqian23: checks 
*** SHOW DOWN ***
dwardiola: shows [Ac Qh] (a pair of Tens)
isennnn: shows [Ah Qc] (a pair of Tens)
yjqian23: shows [8c 9d] (two pair, Tens and Nines)
yjqian23 collected $0.17 from pot
*** SUMMARY ***
Total pot $0.18 | Rake $0.01 
Board [3h Tc Td Ks 9s]
Seat 1: isennnn (big blind) showed [Ah Qc] and lost with a pair of Tens
Seat 2: DubaCT folded before Flop (didn't bet)
Seat 3: Dorex2007 folded before Flop (didn't bet)
Seat 4: mekonium1304 folded before Flop (didn't bet)
Seat 5: Toriodor folded before Flop (didn't bet)
Seat 7: yjqian23 (button) showed [8c 9d] and won ($0.17) with two pair, Tens and Nines
Seat 9: dwardiola (small blind) showed [Ac Qh] and lost with a pair of Tens



PokerStars Hand #223662867691:  Hold'em No Limit ($0.01/$0.02 USD) - 2021/02/10 14:46:17 PT [2021/02/10 17:46:17 ET]
Table 'Peacock IV' 9-max Seat #9 is the button
Seat 1: isennnn ($2.05 in chips) 
Seat 2: DubaCT ($0.89 in chips) 
Seat 3: Dorex2007 ($1.47 in chips) 
Seat 4: mekonium1304 ($2.05 in chips) 
Seat 5: Toriodor ($2.05 in chips) 
Seat 7: yjqian23 ($2.08 in chips) 
Seat 9: dwardiola ($1.95 in chips) 
isennnn: posts small blind $0.01
DubaCT: posts big blind $0.02
Sparticus1234: sits out 
*** HOLE CARDS ***
Dealt to Dorex2007 [8d 6s]
Dorex2007: folds 
mekonium1304: calls $0.02
Toriodor: folds 
yjqian23: folds 
yjqian23 leaves the table
dwardiola: folds 
isennnn: calls $0.01
DubaCT: checks 
*** FLOP *** [8c Jh 9d]
isennnn: checks 
DubaCT: checks 
mekonium1304: bets $0.06
isennnn: folds 
DubaCT: folds 
Uncalled bet ($0.06) returned to mekonium1304
mekonium1304 collected $0.06 from pot
mekonium1304: doesn't show hand 
*** SUMMARY ***
Total pot $0.06 | Rake $0 
Board [8c Jh 9d]
Seat 1: isennnn (small blind) folded on the Flop
Seat 2: DubaCT (big blind) folded on the Flop
Seat 3: Dorex2007 folded before Flop (didn't bet)
Seat 4: mekonium1304 collected ($0.06)
Seat 5: Toriodor folded before Flop (didn't bet)
Seat 7: yjqian23 folded before Flop (didn't bet)
Seat 9: dwardiola (button) folded before Flop (didn't bet)



PokerStars Hand #223662888664:  Hold'em No Limit ($0.01/$0.02 USD) - 2021/02/10 14:46:51 PT [2021/02/10 17:46:51 ET]
Table 'Peacock IV' 9-max Seat #1 is the button
Seat 1: isennnn ($2.03 in chips) 
Seat 2: DubaCT ($0.87 in chips) 
Seat 3: Dorex2007 ($1.47 in chips) 
Seat 5: Toriodor ($2.05 in chips) 
Seat 9: dwardiola ($1.95 in chips) 
DubaCT: posts small blind $0.01
Dorex2007: posts big blind $0.02
Sparticus1234: sits out 
*** HOLE CARDS ***
Dealt to Dorex2007 [3c Kd]
mekonium1304 leaves the table
Toriodor: folds 
dwardiola: folds 
isennnn: folds 
DubaCT: raises $0.02 to $0.04
Dorex2007: folds 
Uncalled bet ($0.02) returned to DubaCT
DubaCT collected $0.04 from pot
DubaCT: doesn't show hand 
*** SUMMARY ***
Total pot $0.04 | Rake $0 
Seat 1: isennnn (button) folded before Flop (didn't bet)
Seat 2: DubaCT (small blind) collected ($0.04)
Seat 3: Dorex2007 (big blind) folded before Flop
Seat 5: Toriodor folded before Flop (didn't bet)
Seat 9: dwardiola folded before Flop (didn't bet)



PokerStars Hand #223662897444:  Hold'em No Limit ($0.01/$0.02 USD) - 2021/02/10 14:47:05 PT [2021/02/10 17:47:05 ET]
Table 'Peacock IV' 9-max Seat #2 is the button
Seat 1: isennnn ($2.03 in chips) 
Seat 2: DubaCT ($0.89 in chips) 
Seat 3: Dorex2007 ($1.45 in chips) 
Seat 6: Sparticus1234 ($2 in chips) 
Seat 9: dwardiola ($1.95 in chips) 
Dorex2007: posts small blind $0.01
Toriodor: is sitting out 
Sparticus1234: posts big blind $0.02
*** HOLE CARDS ***
Dealt to Dorex2007 [Jh Tc]
Toriodor leaves the table
dwardiola: raises $0.04 to $0.06
isennnn: folds 
DubaCT: calls $0.06
Dorex2007: folds 
isennnn leaves the table
Sparticus1234: folds 
*** FLOP *** [3c 3s Qs]
dwardiola: bets $0.04
DubaCT: raises $0.04 to $0.08
dwardiola: folds 
Uncalled bet ($0.04) returned to DubaCT
DubaCT collected $0.22 from pot
DubaCT: doesn't show hand 
*** SUMMARY ***
Total pot $0.23 | Rake $0.01 
Board [3c 3s Qs]
Seat 1: isennnn folded before Flop (didn't bet)
Seat 2: DubaCT (button) collected ($0.22)
Seat 3: Dorex2007 (small blind) folded before Flop
Seat 6: Sparticus1234 (big blind) folded before Flop
Seat 9: dwardiola folded on the Flop



PokerStars Hand #223662914040:  Hold'em No Limit ($0.01/$0.02 USD) - 2021/02/10 14:47:32 PT [2021/02/10 17:47:32 ET]
Table 'Peacock IV' 9-max Seat #3 is the button
Seat 2: DubaCT ($1.01 in chips) 
Seat 3: Dorex2007 ($1.44 in chips) 
Seat 6: Sparticus1234 ($1.98 in chips) 
Seat 9: dwardiola ($1.85 in chips) 
Sparticus1234: posts small blind $0.01
dwardiola: posts big blind $0.02
*** HOLE CARDS ***
Dealt to Dorex2007 [Ks As]
DubaCT: folds 
Dorex2007: raises $0.05 to $0.07
Sparticus1234: calls $0.06
dwardiola: folds 
*** FLOP *** [6c 9s 9c]
DubaCT leaves the table
Sparticus1234: checks 
Dorex2007: checks 
*** TURN *** [6c 9s 9c] [9h]
Sparticus1234: bets $0.08
Dorex2007: calls $0.08
*** RIVER *** [6c 9s 9c 9h] [7d]
Sparticus1234: bets $0.16
Dorex2007: folds 
Uncalled bet ($0.16) returned to Sparticus1234
Sparticus1234 collected $0.31 from pot
Sparticus1234: doesn't show hand 
*** SUMMARY ***
Total pot $0.32 | Rake $0.01 
Board [6c 9s 9c 9h 7d]
Seat 2: DubaCT folded before Flop (didn't bet)
Seat 3: Dorex2007 (button) folded on the River
Seat 6: Sparticus1234 (small blind) collected ($0.31)
Seat 9: dwardiola (big blind) folded before Flop



