PokerStars Hand #224297051991:  Hold'em No Limit ($0.01/$0.02 USD) - 2021/02/27 18:59:06 PT [2021/02/27 21:59:06 ET]
Table 'Wendeline' 9-max Seat #5 is the button
Seat 1: MuraBesPoker ($2.07 in chips) 
Seat 3: Koost17 ($3.68 in chips) 
Seat 4: bigmars1 ($1.12 in chips) 
Seat 5: Sylviec54 ($2.64 in chips) 
Seat 6: fld11 ($0.83 in chips) 
Seat 7: Dorex2007 ($1.50 in chips) 
Seat 8: natividade80 ($2.88 in chips) 
fld11: posts small blind $0.01
Dorex2007: posts big blind $0.02
xman_KKKK: sits out 
*** HOLE CARDS ***
Dealt to Dorex2007 [9d Ad]
natividade80: folds 
MuraBesPoker: calls $0.02
Koost17: folds 
bigmars1: folds 
Sylviec54: calls $0.02
fld11: folds 
Dorex2007: checks 
*** FLOP *** [8s Ac 2h]
Zmaxxxim333 leaves the table
Dorex2007: checks 
MuraBesPoker: checks 
xman_KKKK leaves the table
Sylviec54: checks 
*** TURN *** [8s Ac 2h] [Qh]
Dorex2007: checks 
MuraBesPoker: checks 
Sylviec54: checks 
*** RIVER *** [8s Ac 2h Qh] [Kh]
Dorex2007: bets $0.05
MuraBesPoker: folds 
Sylviec54: folds 
Uncalled bet ($0.05) returned to Dorex2007
Dorex2007 collected $0.07 from pot
Dorex2007: doesn't show hand 
*** SUMMARY ***
Total pot $0.07 | Rake $0 
Board [8s Ac 2h Qh Kh]
Seat 1: MuraBesPoker folded on the River
Seat 3: Koost17 folded before Flop (didn't bet)
Seat 4: bigmars1 folded before Flop (didn't bet)
Seat 5: Sylviec54 (button) folded on the River
Seat 6: fld11 (small blind) folded before Flop
Seat 7: Dorex2007 (big blind) collected ($0.07)
Seat 8: natividade80 folded before Flop (didn't bet)



PokerStars Hand #224297064536:  Hold'em No Limit ($0.01/$0.02 USD) - 2021/02/27 18:59:56 PT [2021/02/27 21:59:56 ET]
Table 'Wendeline' 9-max Seat #6 is the button
Seat 1: MuraBesPoker ($2.05 in chips) 
Seat 3: Koost17 ($3.68 in chips) 
Seat 4: bigmars1 ($1.12 in chips) 
Seat 5: Sylviec54 ($2.62 in chips) 
Seat 6: fld11 ($0.82 in chips) 
Seat 7: Dorex2007 ($1.55 in chips) 
Seat 8: natividade80 ($2.88 in chips) 
Dorex2007: posts small blind $0.01
natividade80: posts big blind $0.02
*** HOLE CARDS ***
Dealt to Dorex2007 [9h As]
MuraBesPoker: folds 
Koost17: folds 
bigmars1: folds 
Sylviec54: calls $0.02
fld11: folds 
Dorex2007: calls $0.01
natividade80: raises $0.04 to $0.06
Sylviec54: calls $0.04
Dorex2007: calls $0.04
*** FLOP *** [8s Ks 4d]
Dorex2007: bets $0.09
natividade80: folds 
Sylviec54: folds 
Uncalled bet ($0.09) returned to Dorex2007
Dorex2007 collected $0.17 from pot
Dorex2007: doesn't show hand 
*** SUMMARY ***
Total pot $0.18 | Rake $0.01 
Board [8s Ks 4d]
Seat 1: MuraBesPoker folded before Flop (didn't bet)
Seat 3: Koost17 folded before Flop (didn't bet)
Seat 4: bigmars1 folded before Flop (didn't bet)
Seat 5: Sylviec54 folded on the Flop
Seat 6: fld11 (button) folded before Flop (didn't bet)
Seat 7: Dorex2007 (small blind) collected ($0.17)
Seat 8: natividade80 (big blind) folded on the Flop



PokerStars Hand #224297082492:  Hold'em No Limit ($0.01/$0.02 USD) - 2021/02/27 19:00:57 PT [2021/02/27 22:00:57 ET]
Table 'Wendeline' 9-max Seat #7 is the button
Seat 1: MuraBesPoker ($2.05 in chips) 
Seat 3: Koost17 ($3.68 in chips) 
Seat 4: bigmars1 ($1.12 in chips) 
Seat 5: Sylviec54 ($2.56 in chips) 
Seat 6: fld11 ($0.82 in chips) 
Seat 7: Dorex2007 ($1.66 in chips) 
Seat 8: natividade80 ($2.82 in chips) 
natividade80: posts small blind $0.01
MuraBesPoker: posts big blind $0.02
*** HOLE CARDS ***
Dealt to Dorex2007 [9c 2d]
Koost17: calls $0.02
bigmars1: calls $0.02
Sylviec54: calls $0.02
fld11: calls $0.02
Dorex2007: folds 
natividade80: folds 
MuraBesPoker: checks 
*** FLOP *** [7d Qd 3s]
MuraBesPoker: checks 
Koost17: checks 
bigmars1: bets $0.06
Sylviec54: calls $0.06
fld11: calls $0.06
MuraBesPoker: calls $0.06
Koost17: folds 
*** TURN *** [7d Qd 3s] [Qh]
MuraBesPoker: checks 
bigmars1: bets $0.02
Sylviec54: calls $0.02
fld11: folds 
MuraBesPoker: calls $0.02
*** RIVER *** [7d Qd 3s Qh] [8c]
MuraBesPoker: checks 
bigmars1: checks 
Sylviec54: bets $0.20
MuraBesPoker: folds 
bigmars1: folds 
Uncalled bet ($0.20) returned to Sylviec54
Sylviec54 collected $0.40 from pot
Sylviec54: doesn't show hand 
*** SUMMARY ***
Total pot $0.41 | Rake $0.01 
Board [7d Qd 3s Qh 8c]
Seat 1: MuraBesPoker (big blind) folded on the River
Seat 3: Koost17 folded on the Flop
Seat 4: bigmars1 folded on the River
Seat 5: Sylviec54 collected ($0.40)
Seat 6: fld11 folded on the Turn
Seat 7: Dorex2007 (button) folded before Flop (didn't bet)
Seat 8: natividade80 (small blind) folded before Flop



PokerStars Hand #224297113336:  Hold'em No Limit ($0.01/$0.02 USD) - 2021/02/27 19:02:04 PT [2021/02/27 22:02:04 ET]
Table 'Wendeline' 9-max Seat #8 is the button
Seat 1: MuraBesPoker ($2 in chips) 
Seat 3: Koost17 ($3.66 in chips) 
Seat 4: bigmars1 ($1.02 in chips) 
Seat 5: Sylviec54 ($2.86 in chips) 
Seat 6: fld11 ($0.74 in chips) 
Seat 7: Dorex2007 ($1.66 in chips) 
Seat 8: natividade80 ($2.81 in chips) 
MuraBesPoker: posts small blind $0.01
Koost17: posts big blind $0.02
*** HOLE CARDS ***
Dealt to Dorex2007 [3d 6s]
bigmars1: calls $0.02
Sylviec54: calls $0.02
Tonikyy joins the table at seat #9 
fld11: folds 
Dorex2007: folds 
natividade80: calls $0.02
MuraBesPoker: folds 
Koost17: checks 
*** FLOP *** [2d 9d 4d]
Koost17: checks 
NinjaNath02 joins the table at seat #2 
bigmars1: bets $0.04
Sylviec54: calls $0.04
natividade80: calls $0.04
Koost17: folds 
*** TURN *** [2d 9d 4d] [9h]
bigmars1: bets $0.08
Sylviec54: calls $0.08
natividade80: calls $0.08
*** RIVER *** [2d 9d 4d 9h] [Ac]
bigmars1: checks 
Sylviec54: bets $0.22
natividade80: calls $0.22
bigmars1: calls $0.22
*** SHOW DOWN ***
Sylviec54: shows [9c 7s] (three of a kind, Nines)
natividade80: mucks hand 
bigmars1: mucks hand 
Sylviec54 collected $1.07 from pot
*** SUMMARY ***
Total pot $1.11 | Rake $0.04 
Board [2d 9d 4d 9h Ac]
Seat 1: MuraBesPoker (small blind) folded before Flop
Seat 3: Koost17 (big blind) folded on the Flop
Seat 4: bigmars1 mucked [8s 8d]
Seat 5: Sylviec54 showed [9c 7s] and won ($1.07) with three of a kind, Nines
Seat 6: fld11 folded before Flop (didn't bet)
Seat 7: Dorex2007 folded before Flop (didn't bet)
Seat 8: natividade80 (button) mucked [Ah 5c]



PokerStars Hand #224297136493:  Hold'em No Limit ($0.01/$0.02 USD) - 2021/02/27 19:03:12 PT [2021/02/27 22:03:12 ET]
Table 'Wendeline' 9-max Seat #1 is the button
Seat 1: MuraBesPoker ($2 in chips) 
Seat 3: Koost17 ($3.64 in chips) 
Seat 4: bigmars1 ($0.66 in chips) 
Seat 5: Sylviec54 ($3.57 in chips) 
Seat 6: fld11 ($0.74 in chips) 
Seat 7: Dorex2007 ($1.66 in chips) 
Seat 8: natividade80 ($2.45 in chips) 
Seat 9: Tonikyy ($2 in chips) 
Koost17: posts small blind $0.01
bigmars1: posts big blind $0.02
Tonikyy: posts big blind $0.02
*** HOLE CARDS ***
Dealt to Dorex2007 [Kh Qh]
Sylviec54: calls $0.02
fld11: folds 
Dorex2007: raises $0.06 to $0.08
natividade80: folds 
Tonikyy: calls $0.06
MuraBesPoker: folds 
Koost17: folds 
bigmars1: calls $0.06
Sylviec54: calls $0.06
*** FLOP *** [Ks 5d 6h]
bigmars1: checks 
Sylviec54: checks 
Dorex2007: bets $0.24
Tonikyy: folds 
bigmars1: folds 
Sylviec54: folds 
Uncalled bet ($0.24) returned to Dorex2007
Dorex2007 collected $0.32 from pot
Dorex2007: doesn't show hand 
*** SUMMARY ***
Total pot $0.33 | Rake $0.01 
Board [Ks 5d 6h]
Seat 1: MuraBesPoker (button) folded before Flop (didn't bet)
Seat 3: Koost17 (small blind) folded before Flop
Seat 4: bigmars1 (big blind) folded on the Flop
Seat 5: Sylviec54 folded on the Flop
Seat 6: fld11 folded before Flop (didn't bet)
Seat 7: Dorex2007 collected ($0.32)
Seat 8: natividade80 folded before Flop (didn't bet)
Seat 9: Tonikyy folded on the Flop



PokerStars Hand #224297149506:  Hold'em No Limit ($0.01/$0.02 USD) - 2021/02/27 19:03:51 PT [2021/02/27 22:03:51 ET]
Table 'Wendeline' 9-max Seat #3 is the button
Seat 1: MuraBesPoker ($2 in chips) 
Seat 2: NinjaNath02 ($2 in chips) 
Seat 3: Koost17 ($3.63 in chips) 
Seat 4: bigmars1 ($0.58 in chips) 
Seat 5: Sylviec54 ($3.49 in chips) 
Seat 6: fld11 ($0.74 in chips) 
Seat 7: Dorex2007 ($1.90 in chips) 
Seat 8: natividade80 ($2.45 in chips) 
Seat 9: Tonikyy ($1.92 in chips) 
bigmars1: posts small blind $0.01
Sylviec54: posts big blind $0.02
NinjaNath02: posts big blind $0.02
*** HOLE CARDS ***
Dealt to Dorex2007 [7s Kc]
fld11: calls $0.02
Dorex2007: folds 
natividade80: folds 
Tonikyy: calls $0.02
MuraBesPoker has timed out
MuraBesPoker: folds 
NinjaNath02: checks 
Koost17: folds 
bigmars1: folds 
Sylviec54: checks 
*** FLOP *** [Kd Jc Tc]
Sylviec54: checks 
fld11: checks 
Tonikyy: bets $0.06
NinjaNath02: folds 
Sylviec54: folds 
fld11: calls $0.06
*** TURN *** [Kd Jc Tc] [Ad]
fld11: bets $0.02
Tonikyy: raises $0.04 to $0.06
fld11: calls $0.04
*** RIVER *** [Kd Jc Tc Ad] [9d]
fld11: bets $0.02
Tonikyy: raises $0.10 to $0.12
fld11: calls $0.10
*** SHOW DOWN ***
Tonikyy: shows [Jh Qs] (a straight, Ten to Ace)
fld11: mucks hand 
Tonikyy collected $0.55 from pot
*** SUMMARY ***
Total pot $0.57 | Rake $0.02 
Board [Kd Jc Tc Ad 9d]
Seat 1: MuraBesPoker folded before Flop (didn't bet)
Seat 2: NinjaNath02 folded on the Flop (didn't bet)
Seat 3: Koost17 (button) folded before Flop (didn't bet)
Seat 4: bigmars1 (small blind) folded before Flop
Seat 5: Sylviec54 (big blind) folded on the Flop
Seat 6: fld11 mucked [Ts Ah]
Seat 7: Dorex2007 folded before Flop (didn't bet)
Seat 8: natividade80 folded before Flop (didn't bet)
Seat 9: Tonikyy showed [Jh Qs] and won ($0.55) with a straight, Ten to Ace



PokerStars Hand #224297171422:  Hold'em No Limit ($0.01/$0.02 USD) - 2021/02/27 19:04:56 PT [2021/02/27 22:04:56 ET]
Table 'Wendeline' 9-max Seat #4 is the button
Seat 2: NinjaNath02 ($1.98 in chips) 
Seat 3: Koost17 ($3.63 in chips) 
Seat 4: bigmars1 ($0.57 in chips) 
Seat 5: Sylviec54 ($3.47 in chips) 
Seat 6: fld11 ($0.48 in chips) 
Seat 7: Dorex2007 ($1.90 in chips) 
Seat 8: natividade80 ($2.45 in chips) 
Seat 9: Tonikyy ($2.21 in chips) 
Sylviec54: posts small blind $0.01
fld11: posts big blind $0.02
*** HOLE CARDS ***
Dealt to Dorex2007 [8c Jc]
Dorex2007: folds 
natividade80: folds 
Tonikyy: folds 
NinjaNath02: folds 
Koost17: raises $0.02 to $0.04
bigmars1: folds 
Sylviec54: calls $0.03
fld11: folds 
*** FLOP *** [6s Ks 4h]
Sylviec54: checks 
Koost17: checks 
*** TURN *** [6s Ks 4h] [9c]
Sylviec54: checks 
Koost17: bets $0.05
Sylviec54: folds 
Uncalled bet ($0.05) returned to Koost17
Koost17 collected $0.10 from pot
Koost17: doesn't show hand 
*** SUMMARY ***
Total pot $0.10 | Rake $0 
Board [6s Ks 4h 9c]
Seat 2: NinjaNath02 folded before Flop (didn't bet)
Seat 3: Koost17 collected ($0.10)
Seat 4: bigmars1 (button) folded before Flop (didn't bet)
Seat 5: Sylviec54 (small blind) folded on the Turn
Seat 6: fld11 (big blind) folded before Flop
Seat 7: Dorex2007 folded before Flop (didn't bet)
Seat 8: natividade80 folded before Flop (didn't bet)
Seat 9: Tonikyy folded before Flop (didn't bet)



PokerStars Hand #224297184041:  Hold'em No Limit ($0.01/$0.02 USD) - 2021/02/27 19:05:33 PT [2021/02/27 22:05:33 ET]
Table 'Wendeline' 9-max Seat #5 is the button
Seat 1: MuraBesPoker ($2 in chips) 
Seat 2: NinjaNath02 ($1.98 in chips) 
Seat 3: Koost17 ($3.69 in chips) 
Seat 4: bigmars1 ($0.57 in chips) 
Seat 5: Sylviec54 ($3.43 in chips) 
Seat 6: fld11 ($0.46 in chips) 
Seat 7: Dorex2007 ($1.90 in chips) 
Seat 8: natividade80 ($2.45 in chips) 
Seat 9: Tonikyy ($2.21 in chips) 
fld11: posts small blind $0.01
Dorex2007: posts big blind $0.02
*** HOLE CARDS ***
Dealt to Dorex2007 [6c 2c]
natividade80: folds 
Tonikyy: raises $0.08 to $0.10
MuraBesPoker: folds 
NinjaNath02: folds 
Koost17: folds 
bigmars1: calls $0.10
Sylviec54: calls $0.10
fld11: folds 
Dorex2007: folds 
*** FLOP *** [Ks 7s 5s]
Tonikyy: bets $0.12
bigmars1: folds 
Sylviec54: folds 
Uncalled bet ($0.12) returned to Tonikyy
Tonikyy collected $0.32 from pot
Tonikyy: doesn't show hand 
*** SUMMARY ***
Total pot $0.33 | Rake $0.01 
Board [Ks 7s 5s]
Seat 1: MuraBesPoker folded before Flop (didn't bet)
Seat 2: NinjaNath02 folded before Flop (didn't bet)
Seat 3: Koost17 folded before Flop (didn't bet)
Seat 4: bigmars1 folded on the Flop
Seat 5: Sylviec54 (button) folded on the Flop
Seat 6: fld11 (small blind) folded before Flop
Seat 7: Dorex2007 (big blind) folded before Flop
Seat 8: natividade80 folded before Flop (didn't bet)
Seat 9: Tonikyy collected ($0.32)



PokerStars Hand #224297197162:  Hold'em No Limit ($0.01/$0.02 USD) - 2021/02/27 19:06:12 PT [2021/02/27 22:06:12 ET]
Table 'Wendeline' 9-max Seat #6 is the button
Seat 1: MuraBesPoker ($2 in chips) 
Seat 2: NinjaNath02 ($1.98 in chips) 
Seat 3: Koost17 ($3.69 in chips) 
Seat 4: bigmars1 ($0.47 in chips) 
Seat 5: Sylviec54 ($3.33 in chips) 
Seat 6: fld11 ($0.45 in chips) 
Seat 7: Dorex2007 ($1.88 in chips) 
Seat 8: natividade80 ($2.45 in chips) 
Seat 9: Tonikyy ($2.43 in chips) 
Dorex2007: posts small blind $0.01
natividade80: posts big blind $0.02
*** HOLE CARDS ***
Dealt to Dorex2007 [Qc Td]
Tonikyy: folds 
MuraBesPoker: calls $0.02
NinjaNath02: folds 
Koost17: folds 
bigmars1: folds 
Sylviec54: folds 
fld11: folds 
Dorex2007: raises $0.06 to $0.08
natividade80: folds 
MuraBesPoker: calls $0.06
*** FLOP *** [8h 4s 7s]
Dorex2007: checks 
MuraBesPoker: bets $0.09
Dorex2007: calls $0.09
*** TURN *** [8h 4s 7s] [Ks]
Dorex2007: bets $0.26
MuraBesPoker: folds 
Uncalled bet ($0.26) returned to Dorex2007
Dorex2007 collected $0.35 from pot
Dorex2007: doesn't show hand 
*** SUMMARY ***
Total pot $0.36 | Rake $0.01 
Board [8h 4s 7s Ks]
Seat 1: MuraBesPoker folded on the Turn
Seat 2: NinjaNath02 folded before Flop (didn't bet)
Seat 3: Koost17 folded before Flop (didn't bet)
Seat 4: bigmars1 folded before Flop (didn't bet)
Seat 5: Sylviec54 folded before Flop (didn't bet)
Seat 6: fld11 (button) folded before Flop (didn't bet)
Seat 7: Dorex2007 (small blind) collected ($0.35)
Seat 8: natividade80 (big blind) folded before Flop
Seat 9: Tonikyy folded before Flop (didn't bet)



PokerStars Hand #224297215363:  Hold'em No Limit ($0.01/$0.02 USD) - 2021/02/27 19:07:07 PT [2021/02/27 22:07:07 ET]
Table 'Wendeline' 9-max Seat #7 is the button
Seat 1: MuraBesPoker ($2 in chips) 
Seat 2: NinjaNath02 ($1.98 in chips) 
Seat 3: Koost17 ($3.69 in chips) 
Seat 4: bigmars1 ($0.47 in chips) 
Seat 5: Sylviec54 ($3.33 in chips) 
Seat 6: fld11 ($0.45 in chips) 
Seat 7: Dorex2007 ($2.06 in chips) 
Seat 8: natividade80 ($2.43 in chips) 
Seat 9: Tonikyy ($2.43 in chips) 
natividade80: posts small blind $0.01
Tonikyy: posts big blind $0.02
*** HOLE CARDS ***
Dealt to Dorex2007 [2h As]
MuraBesPoker: raises $0.04 to $0.06
NinjaNath02: folds 
Koost17: calls $0.06
bigmars1: calls $0.06
Sylviec54: folds 
fld11: folds 
Dorex2007: folds 
natividade80: folds 
Tonikyy: calls $0.04
*** FLOP *** [Tc Qd Qs]
Tonikyy: checks 
MuraBesPoker: checks 
Koost17: bets $0.06
bigmars1: calls $0.06
Tonikyy: folds 
MuraBesPoker: raises $0.21 to $0.27
Koost17: folds 
bigmars1: calls $0.21
*** TURN *** [Tc Qd Qs] [Kh]
MuraBesPoker: bets $0.41
bigmars1: calls $0.14 and is all-in
Uncalled bet ($0.27) returned to MuraBesPoker
*** RIVER *** [Tc Qd Qs Kh] [Qc]
*** SHOW DOWN ***
MuraBesPoker: shows [Td Ts] (a full house, Queens full of Tens)
bigmars1: shows [3h Qh] (four of a kind, Queens)
bigmars1 collected $1.09 from pot
MuraBesPoker cashed out the hand for $0.91 | Cash Out Fee $0.01
*** SUMMARY ***
Total pot $1.13 | Rake $0.04 
Board [Tc Qd Qs Kh Qc]
Seat 1: MuraBesPoker showed [Td Ts] and lost with a full house, Queens full of Tens (cashed out).
Seat 2: NinjaNath02 folded before Flop (didn't bet)
Seat 3: Koost17 folded on the Flop
Seat 4: bigmars1 showed [3h Qh] and won ($1.09) with four of a kind, Queens
Seat 5: Sylviec54 folded before Flop (didn't bet)
Seat 6: fld11 folded before Flop (didn't bet)
Seat 7: Dorex2007 (button) folded before Flop (didn't bet)
Seat 8: natividade80 (small blind) folded before Flop
Seat 9: Tonikyy (big blind) folded on the Flop



PokerStars Hand #224297246689:  Hold'em No Limit ($0.01/$0.02 USD) - 2021/02/27 19:08:42 PT [2021/02/27 22:08:42 ET]
Table 'Wendeline' 9-max Seat #8 is the button
Seat 1: MuraBesPoker ($2.44 in chips) 
Seat 2: NinjaNath02 ($1.98 in chips) 
Seat 3: Koost17 ($3.57 in chips) 
Seat 4: bigmars1 ($1.09 in chips) 
Seat 5: Sylviec54 ($3.33 in chips) 
Seat 6: fld11 ($0.45 in chips) 
Seat 7: Dorex2007 ($2.06 in chips) 
Seat 8: natividade80 ($2.42 in chips) 
Seat 9: Tonikyy ($2.37 in chips) 
Tonikyy: posts small blind $0.01
MuraBesPoker: posts big blind $0.02
*** HOLE CARDS ***
Dealt to Dorex2007 [4s 2c]
NinjaNath02: folds 
Koost17: folds 
bigmars1: folds 
Sylviec54: calls $0.02
fld11: folds 
Dorex2007: folds 
natividade80: calls $0.02
Tonikyy: calls $0.01
MuraBesPoker: checks 
*** FLOP *** [9c Ks 5s]
Tonikyy: bets $0.08
MuraBesPoker: folds 
Sylviec54: calls $0.08
natividade80: calls $0.08
*** TURN *** [9c Ks 5s] [2d]
Tonikyy: bets $0.14
Sylviec54: calls $0.14
natividade80: folds 
*** RIVER *** [9c Ks 5s 2d] [Kd]
Tonikyy: bets $0.30
Sylviec54: folds 
Uncalled bet ($0.30) returned to Tonikyy
Tonikyy collected $0.58 from pot
Tonikyy: doesn't show hand 
*** SUMMARY ***
Total pot $0.60 | Rake $0.02 
Board [9c Ks 5s 2d Kd]
Seat 1: MuraBesPoker (big blind) folded on the Flop
Seat 2: NinjaNath02 folded before Flop (didn't bet)
Seat 3: Koost17 folded before Flop (didn't bet)
Seat 4: bigmars1 folded before Flop (didn't bet)
Seat 5: Sylviec54 folded on the River
Seat 6: fld11 folded before Flop (didn't bet)
Seat 7: Dorex2007 folded before Flop (didn't bet)
Seat 8: natividade80 (button) folded on the Turn
Seat 9: Tonikyy (small blind) collected ($0.58)



PokerStars Hand #224297270517:  Hold'em No Limit ($0.01/$0.02 USD) - 2021/02/27 19:09:53 PT [2021/02/27 22:09:53 ET]
Table 'Wendeline' 9-max Seat #9 is the button
Seat 1: MuraBesPoker ($2.42 in chips) 
Seat 2: NinjaNath02 ($1.98 in chips) 
Seat 3: Koost17 ($3.57 in chips) 
Seat 4: bigmars1 ($1.09 in chips) 
Seat 5: Sylviec54 ($3.09 in chips) 
Seat 6: fld11 ($0.45 in chips) 
Seat 7: Dorex2007 ($2.06 in chips) 
Seat 8: natividade80 ($2.32 in chips) 
Seat 9: Tonikyy ($2.71 in chips) 
MuraBesPoker: posts small blind $0.01
NinjaNath02: posts big blind $0.02
*** HOLE CARDS ***
Dealt to Dorex2007 [8s 2d]
Koost17: folds 
bigmars1: folds 
Sylviec54: folds 
fld11: folds 
Dorex2007: folds 
natividade80: folds 
Tonikyy: raises $0.10 to $0.12
MuraBesPoker: folds 
NinjaNath02: folds 
Uncalled bet ($0.10) returned to Tonikyy
Tonikyy collected $0.05 from pot
Tonikyy: doesn't show hand 
*** SUMMARY ***
Total pot $0.05 | Rake $0 
Seat 1: MuraBesPoker (small blind) folded before Flop
Seat 2: NinjaNath02 (big blind) folded before Flop
Seat 3: Koost17 folded before Flop (didn't bet)
Seat 4: bigmars1 folded before Flop (didn't bet)
Seat 5: Sylviec54 folded before Flop (didn't bet)
Seat 6: fld11 folded before Flop (didn't bet)
Seat 7: Dorex2007 folded before Flop (didn't bet)
Seat 8: natividade80 folded before Flop (didn't bet)
Seat 9: Tonikyy (button) collected ($0.05)



PokerStars Hand #224297290803:  Hold'em No Limit ($0.01/$0.02 USD) - 2021/02/27 19:10:24 PT [2021/02/27 22:10:24 ET]
Table 'Wendeline' 9-max Seat #1 is the button
Seat 1: MuraBesPoker ($2.41 in chips) 
Seat 2: NinjaNath02 ($1.96 in chips) 
Seat 3: Koost17 ($3.57 in chips) 
Seat 4: bigmars1 ($1.09 in chips) 
Seat 5: Sylviec54 ($3.09 in chips) 
Seat 6: fld11 ($0.45 in chips) 
Seat 7: Dorex2007 ($2.06 in chips) 
Seat 8: natividade80 ($2.32 in chips) 
Seat 9: Tonikyy ($2.74 in chips) 
NinjaNath02: posts small blind $0.01
Koost17: posts big blind $0.02
*** HOLE CARDS ***
Dealt to Dorex2007 [Tc 4h]
bigmars1: folds 
Sylviec54: folds 
fld11: folds 
Dorex2007: folds 
natividade80 has timed out
natividade80: folds 
Tonikyy: folds 
MuraBesPoker: folds 
NinjaNath02: folds 
Uncalled bet ($0.01) returned to Koost17
Koost17 collected $0.02 from pot
Koost17: doesn't show hand 
*** SUMMARY ***
Total pot $0.02 | Rake $0 
Seat 1: MuraBesPoker (button) folded before Flop (didn't bet)
Seat 2: NinjaNath02 (small blind) folded before Flop
Seat 3: Koost17 (big blind) collected ($0.02)
Seat 4: bigmars1 folded before Flop (didn't bet)
Seat 5: Sylviec54 folded before Flop (didn't bet)
Seat 6: fld11 folded before Flop (didn't bet)
Seat 7: Dorex2007 folded before Flop (didn't bet)
Seat 8: natividade80 folded before Flop (didn't bet)
Seat 9: Tonikyy folded before Flop (didn't bet)



PokerStars Hand #224297304666:  Hold'em No Limit ($0.01/$0.02 USD) - 2021/02/27 19:11:05 PT [2021/02/27 22:11:05 ET]
Table 'Wendeline' 9-max Seat #2 is the button
Seat 1: MuraBesPoker ($2.41 in chips) 
Seat 2: NinjaNath02 ($1.95 in chips) 
Seat 3: Koost17 ($3.58 in chips) 
Seat 4: bigmars1 ($1.09 in chips) 
Seat 5: Sylviec54 ($3.09 in chips) 
Seat 6: fld11 ($0.45 in chips) 
Seat 7: Dorex2007 ($2.06 in chips) 
Seat 9: Tonikyy ($2.74 in chips) 
Koost17: posts small blind $0.01
bigmars1: posts big blind $0.02
*** HOLE CARDS ***
Dealt to Dorex2007 [8s Kh]
Sylviec54: calls $0.02
fld11: calls $0.02
Dorex2007: folds 
Tonikyy: calls $0.02
MuraBesPoker: folds 
NinjaNath02: folds 
Koost17: raises $0.02 to $0.04
bigmars1: folds 
Sylviec54: calls $0.02
fld11: calls $0.02
Tonikyy: calls $0.02
*** FLOP *** [6h Tc 5c]
Koost17: bets $0.06
Sylviec54: calls $0.06
fld11: raises $0.06 to $0.12
Tonikyy: folds 
Koost17: calls $0.06
Sylviec54: folds 
*** TURN *** [6h Tc 5c] [8h]
Koost17: checks 
fld11: bets $0.29 and is all-in
Koost17: folds 
Uncalled bet ($0.29) returned to fld11
fld11 collected $0.46 from pot
fld11: doesn't show hand 
*** SUMMARY ***
Total pot $0.48 | Rake $0.02 
Board [6h Tc 5c 8h]
Seat 1: MuraBesPoker folded before Flop (didn't bet)
Seat 2: NinjaNath02 (button) folded before Flop (didn't bet)
Seat 3: Koost17 (small blind) folded on the Turn
Seat 4: bigmars1 (big blind) folded before Flop
Seat 5: Sylviec54 folded on the Flop
Seat 6: fld11 collected ($0.46)
Seat 7: Dorex2007 folded before Flop (didn't bet)
Seat 9: Tonikyy folded on the Flop



PokerStars Hand #224297324835:  Hold'em No Limit ($0.01/$0.02 USD) - 2021/02/27 19:12:06 PT [2021/02/27 22:12:06 ET]
Table 'Wendeline' 9-max Seat #3 is the button
Seat 1: MuraBesPoker ($2.41 in chips) 
Seat 2: NinjaNath02 ($1.95 in chips) 
Seat 3: Koost17 ($3.42 in chips) 
Seat 4: bigmars1 ($1.07 in chips) 
Seat 5: Sylviec54 ($2.99 in chips) 
Seat 6: fld11 ($0.75 in chips) 
Seat 7: Dorex2007 ($2.06 in chips) 
Seat 9: Tonikyy ($2.70 in chips) 
bigmars1: posts small blind $0.01
Sylviec54: posts big blind $0.02
*** HOLE CARDS ***
Dealt to Dorex2007 [Qd As]
fld11: folds 
Dorex2007: raises $0.04 to $0.06
Tonikyy: folds 
MuraBesPoker: folds 
NinjaNath02: folds 
Koost17: folds 
bigmars1: calls $0.05
Sylviec54: folds 
*** FLOP *** [9d 9s 4d]
bigmars1: checks 
Dorex2007: bets $0.11
bigmars1: folds 
Uncalled bet ($0.11) returned to Dorex2007
Dorex2007 collected $0.14 from pot
Dorex2007: doesn't show hand 
*** SUMMARY ***
Total pot $0.14 | Rake $0 
Board [9d 9s 4d]
Seat 1: MuraBesPoker folded before Flop (didn't bet)
Seat 2: NinjaNath02 folded before Flop (didn't bet)
Seat 3: Koost17 (button) folded before Flop (didn't bet)
Seat 4: bigmars1 (small blind) folded on the Flop
Seat 5: Sylviec54 (big blind) folded before Flop
Seat 6: fld11 folded before Flop (didn't bet)
Seat 7: Dorex2007 collected ($0.14)
Seat 9: Tonikyy folded before Flop (didn't bet)



PokerStars Hand #224297337617:  Hold'em No Limit ($0.01/$0.02 USD) - 2021/02/27 19:12:36 PT [2021/02/27 22:12:36 ET]
Table 'Wendeline' 9-max Seat #4 is the button
Seat 1: MuraBesPoker ($2.41 in chips) 
Seat 2: NinjaNath02 ($1.95 in chips) 
Seat 3: Koost17 ($3.42 in chips) 
Seat 4: bigmars1 ($1.01 in chips) 
Seat 5: Sylviec54 ($2.97 in chips) 
Seat 6: fld11 ($0.75 in chips) 
Seat 7: Dorex2007 ($2.14 in chips) 
Seat 9: Tonikyy ($2.70 in chips) 
Sylviec54: posts small blind $0.01
fld11: posts big blind $0.02
*** HOLE CARDS ***
Dealt to Dorex2007 [7s Jh]
Dorex2007: folds 
Tonikyy: folds 
MuraBesPoker: folds 
NinjaNath02: folds 
Koost17: raises $0.02 to $0.04
bigmars1: calls $0.04
Sylviec54: calls $0.03
fld11: calls $0.02
*** FLOP *** [Kc 3s 5h]
Sylviec54: checks 
fld11: checks 
Koost17: checks 
bigmars1: checks 
*** TURN *** [Kc 3s 5h] [Qh]
Sylviec54: checks 
fld11: checks 
Koost17: checks 
bigmars1: checks 
*** RIVER *** [Kc 3s 5h Qh] [Ts]
Sylviec54: checks 
fld11: checks 
Koost17: checks 
bigmars1: checks 
*** SHOW DOWN ***
Sylviec54: shows [Qd Jd] (a pair of Queens)
fld11: mucks hand 
Koost17: mucks hand 
bigmars1: mucks hand 
Sylviec54 collected $0.15 from pot
*** SUMMARY ***
Total pot $0.16 | Rake $0.01 
Board [Kc 3s 5h Qh Ts]
Seat 1: MuraBesPoker folded before Flop (didn't bet)
Seat 2: NinjaNath02 folded before Flop (didn't bet)
Seat 3: Koost17 mucked [6d 9d]
Seat 4: bigmars1 (button) mucked [As Tc]
Seat 5: Sylviec54 (small blind) showed [Qd Jd] and won ($0.15) with a pair of Queens
Seat 6: fld11 (big blind) mucked [4s Ac]
Seat 7: Dorex2007 folded before Flop (didn't bet)
Seat 9: Tonikyy folded before Flop (didn't bet)



PokerStars Hand #224297357458:  Hold'em No Limit ($0.01/$0.02 USD) - 2021/02/27 19:13:36 PT [2021/02/27 22:13:36 ET]
Table 'Wendeline' 9-max Seat #5 is the button
Seat 1: MuraBesPoker ($2.41 in chips) 
Seat 2: NinjaNath02 ($1.95 in chips) 
Seat 3: Koost17 ($3.38 in chips) 
Seat 4: bigmars1 ($0.97 in chips) 
Seat 5: Sylviec54 ($3.08 in chips) 
Seat 6: fld11 ($0.71 in chips) 
Seat 7: Dorex2007 ($2.14 in chips) 
Seat 9: Tonikyy ($2.70 in chips) 
fld11: posts small blind $0.01
Dorex2007: posts big blind $0.02
*** HOLE CARDS ***
Dealt to Dorex2007 [Ac Td]
Tonikyy: raises $0.10 to $0.12
MuraBesPoker: folds 
NinjaNath02: folds 
Koost17: calls $0.12
bigmars1: folds 
Sylviec54: folds 
fld11: folds 
Dorex2007: folds 
*** FLOP *** [7s Js 5d]
Tonikyy: bets $0.10
Koost17: calls $0.10
*** TURN *** [7s Js 5d] [8c]
Tonikyy: bets $0.22
Koost17: calls $0.22
*** RIVER *** [7s Js 5d 8c] [6c]
Tonikyy: checks 
Koost17: checks 
*** SHOW DOWN ***
Tonikyy: shows [Kd 5h] (a pair of Fives)
Koost17: shows [Qc Qd] (a pair of Queens)
Koost17 collected $0.88 from pot
*** SUMMARY ***
Total pot $0.91 | Rake $0.03 
Board [7s Js 5d 8c 6c]
Seat 1: MuraBesPoker folded before Flop (didn't bet)
Seat 2: NinjaNath02 folded before Flop (didn't bet)
Seat 3: Koost17 showed [Qc Qd] and won ($0.88) with a pair of Queens
Seat 4: bigmars1 folded before Flop (didn't bet)
Seat 5: Sylviec54 (button) folded before Flop (didn't bet)
Seat 6: fld11 (small blind) folded before Flop
Seat 7: Dorex2007 (big blind) folded before Flop
Seat 9: Tonikyy showed [Kd 5h] and lost with a pair of Fives



PokerStars Hand #224297376593:  Hold'em No Limit ($0.01/$0.02 USD) - 2021/02/27 19:14:32 PT [2021/02/27 22:14:32 ET]
Table 'Wendeline' 9-max Seat #6 is the button
Seat 1: MuraBesPoker ($2.41 in chips) 
Seat 2: NinjaNath02 ($1.95 in chips) 
Seat 3: Koost17 ($3.82 in chips) 
Seat 4: bigmars1 ($0.97 in chips) 
Seat 6: fld11 ($0.70 in chips) 
Seat 7: Dorex2007 ($2.12 in chips) 
Seat 9: Tonikyy ($2.26 in chips) 
Dorex2007: posts small blind $0.01
Tonikyy: posts big blind $0.02
*** HOLE CARDS ***
Dealt to Dorex2007 [Ac 3s]
MuraBesPoker: folds 
NinjaNath02: folds 
Koost17: folds 
bigmars1: calls $0.02
fld11: folds 
Dorex2007: calls $0.01
Tonikyy: raises $0.12 to $0.14
bigmars1: calls $0.12
Dorex2007: folds 
*** FLOP *** [2c Ad Td]
Tonikyy: bets $0.18
bigmars1: folds 
Uncalled bet ($0.18) returned to Tonikyy
Tonikyy collected $0.29 from pot
Tonikyy: doesn't show hand 
*** SUMMARY ***
Total pot $0.30 | Rake $0.01 
Board [2c Ad Td]
Seat 1: MuraBesPoker folded before Flop (didn't bet)
Seat 2: NinjaNath02 folded before Flop (didn't bet)
Seat 3: Koost17 folded before Flop (didn't bet)
Seat 4: bigmars1 folded on the Flop
Seat 6: fld11 (button) folded before Flop (didn't bet)
Seat 7: Dorex2007 (small blind) folded before Flop
Seat 9: Tonikyy (big blind) collected ($0.29)



PokerStars Hand #224297391167:  Hold'em No Limit ($0.01/$0.02 USD) - 2021/02/27 19:15:00 PT [2021/02/27 22:15:00 ET]
Table 'Wendeline' 9-max Seat #7 is the button
Seat 1: MuraBesPoker ($2.41 in chips) 
Seat 2: NinjaNath02 ($1.95 in chips) 
Seat 3: Koost17 ($3.82 in chips) 
Seat 4: bigmars1 ($0.83 in chips) 
Seat 6: fld11 ($0.70 in chips) 
Seat 7: Dorex2007 ($2.10 in chips) 
Seat 9: Tonikyy ($2.41 in chips) 
Tonikyy: posts small blind $0.01
MuraBesPoker: posts big blind $0.02
*** HOLE CARDS ***
Dealt to Dorex2007 [Ks Kd]
NinjaNath02: folds 
Koost17: folds 
bigmars1: raises $0.02 to $0.04
fld11: folds 
Dorex2007: raises $0.04 to $0.08
Tonikyy: raises $0.08 to $0.16
MuraBesPoker: folds 
bigmars1: calls $0.12
Dorex2007: raises $0.48 to $0.64
Tonikyy: calls $0.48
bigmars1: calls $0.48
*** FLOP *** [Qc 7s 9s]
Tonikyy: checks 
bigmars1: checks 
Dorex2007: bets $1.46 and is all-in
Tonikyy: folds 
bigmars1: calls $0.19 and is all-in
Uncalled bet ($1.27) returned to Dorex2007
*** TURN *** [Qc 7s 9s] [Qs]
*** RIVER *** [Qc 7s 9s Qs] [8d]
*** SHOW DOWN ***
bigmars1: shows [6d Ad] (a pair of Queens)
Dorex2007: shows [Ks Kd] (two pair, Kings and Queens)
Dorex2007 collected $2.24 from pot
*** SUMMARY ***
Total pot $2.32 | Rake $0.08 
Board [Qc 7s 9s Qs 8d]
Seat 1: MuraBesPoker (big blind) folded before Flop
Seat 2: NinjaNath02 folded before Flop (didn't bet)
Seat 3: Koost17 folded before Flop (didn't bet)
Seat 4: bigmars1 showed [6d Ad] and lost with a pair of Queens
Seat 6: fld11 folded before Flop (didn't bet)
Seat 7: Dorex2007 (button) showed [Ks Kd] and won ($2.24) with two pair, Kings and Queens
Seat 9: Tonikyy (small blind) folded on the Flop



PokerStars Hand #224297413568:  Hold'em No Limit ($0.01/$0.02 USD) - 2021/02/27 19:16:08 PT [2021/02/27 22:16:08 ET]
Table 'Wendeline' 9-max Seat #9 is the button
Seat 1: MuraBesPoker ($2.39 in chips) 
Seat 3: Koost17 ($3.82 in chips) 
Seat 6: fld11 ($0.70 in chips) 
Seat 7: Dorex2007 ($3.51 in chips) 
Seat 9: Tonikyy ($1.77 in chips) 
MuraBesPoker: posts small blind $0.01
Koost17: posts big blind $0.02
*** HOLE CARDS ***
Dealt to Dorex2007 [As Qs]
fld11: folds 
Dorex2007: raises $0.04 to $0.06
Tonikyy: raises $0.08 to $0.14
MuraBesPoker: folds 
Koost17: calls $0.12
Dorex2007: calls $0.08
*** FLOP *** [3d 8s 5h]
Koost17: checks 
Dorex2007: checks 
Tonikyy: bets $0.18
Koost17: folds 
Dorex2007: folds 
Uncalled bet ($0.18) returned to Tonikyy
Tonikyy collected $0.41 from pot
Tonikyy: doesn't show hand 
*** SUMMARY ***
Total pot $0.43 | Rake $0.02 
Board [3d 8s 5h]
Seat 1: MuraBesPoker (small blind) folded before Flop
Seat 3: Koost17 (big blind) folded on the Flop
Seat 6: fld11 folded before Flop (didn't bet)
Seat 7: Dorex2007 folded on the Flop
Seat 9: Tonikyy (button) collected ($0.41)



PokerStars Hand #224297430498:  Hold'em No Limit ($0.01/$0.02 USD) - 2021/02/27 19:16:59 PT [2021/02/27 22:16:59 ET]
Table 'Wendeline' 9-max Seat #1 is the button
Seat 1: MuraBesPoker ($2.38 in chips) 
Seat 3: Koost17 ($3.68 in chips) 
Seat 4: bigmars1 ($0.80 in chips) 
Seat 6: fld11 ($0.70 in chips) 
Seat 7: Dorex2007 ($3.37 in chips) 
Seat 9: Tonikyy ($2.04 in chips) 
Koost17: posts small blind $0.01
bigmars1: posts big blind $0.02
*** HOLE CARDS ***
Dealt to Dorex2007 [Th 3s]
fld11: folds 
Dorex2007: folds 
Tonikyy: calls $0.02
MuraBesPoker: calls $0.02
Koost17: folds 
bigmars1: checks 
*** FLOP *** [8s 2h 4c]
bigmars1: checks 
Tonikyy: checks 
MuraBesPoker: checks 
*** TURN *** [8s 2h 4c] [7s]
bigmars1: bets $0.06
Tonikyy: calls $0.06
MuraBesPoker: folds 
*** RIVER *** [8s 2h 4c 7s] [5d]
bigmars1: checks 
Tonikyy: checks 
*** SHOW DOWN ***
bigmars1: shows [4d 7c] (two pair, Sevens and Fours)
Tonikyy: mucks hand 
bigmars1 collected $0.18 from pot
*** SUMMARY ***
Total pot $0.19 | Rake $0.01 
Board [8s 2h 4c 7s 5d]
Seat 1: MuraBesPoker (button) folded on the Turn
Seat 3: Koost17 (small blind) folded before Flop
Seat 4: bigmars1 (big blind) showed [4d 7c] and won ($0.18) with two pair, Sevens and Fours
Seat 6: fld11 folded before Flop (didn't bet)
Seat 7: Dorex2007 folded before Flop (didn't bet)
Seat 9: Tonikyy mucked [4h As]



PokerStars Hand #224297447203:  Hold'em No Limit ($0.01/$0.02 USD) - 2021/02/27 19:17:51 PT [2021/02/27 22:17:51 ET]
Table 'Wendeline' 9-max Seat #3 is the button
Seat 1: MuraBesPoker ($2.36 in chips) 
Seat 2: NinjaNath02 ($1.95 in chips) 
Seat 3: Koost17 ($3.67 in chips) 
Seat 4: bigmars1 ($0.90 in chips) 
Seat 6: fld11 ($0.70 in chips) 
Seat 7: Dorex2007 ($3.37 in chips) 
Seat 9: Tonikyy ($1.96 in chips) 
bigmars1: posts small blind $0.01
fld11: posts big blind $0.02
NinjaNath02: posts small & big blinds $0.03
*** HOLE CARDS ***
Dealt to Dorex2007 [Kh 6h]
Dorex2007: folds 
Tonikyy: folds 
MuraBesPoker has timed out
MuraBesPoker: folds 
NinjaNath02: raises $0.04 to $0.06
Koost17: calls $0.06
bigmars1: folds 
fld11: folds 
*** FLOP *** [Jh Ks 4h]
NinjaNath02: bets $0.10
Koost17: calls $0.10
*** TURN *** [Jh Ks 4h] [2c]
NinjaNath02: bets $0.20
Koost17: folds 
Uncalled bet ($0.20) returned to NinjaNath02
NinjaNath02 collected $0.35 from pot
NinjaNath02: doesn't show hand 
*** SUMMARY ***
Total pot $0.36 | Rake $0.01 
Board [Jh Ks 4h 2c]
Seat 1: MuraBesPoker folded before Flop (didn't bet)
Seat 2: NinjaNath02 collected ($0.35)
Seat 3: Koost17 (button) folded on the Turn
Seat 4: bigmars1 (small blind) folded before Flop
Seat 6: fld11 (big blind) folded before Flop
Seat 7: Dorex2007 folded before Flop (didn't bet)
Seat 9: Tonikyy folded before Flop (didn't bet)



PokerStars Hand #224297465657:  Hold'em No Limit ($0.01/$0.02 USD) - 2021/02/27 19:18:48 PT [2021/02/27 22:18:48 ET]
Table 'Wendeline' 9-max Seat #4 is the button
Seat 1: MuraBesPoker ($2.36 in chips) 
Seat 2: NinjaNath02 ($2.13 in chips) 
Seat 3: Koost17 ($3.51 in chips) 
Seat 4: bigmars1 ($0.89 in chips) 
Seat 6: fld11 ($0.68 in chips) 
Seat 7: Dorex2007 ($3.37 in chips) 
Seat 9: Tonikyy ($1.96 in chips) 
fld11: posts small blind $0.01
Dorex2007: posts big blind $0.02
*** HOLE CARDS ***
Dealt to Dorex2007 [Jh 6d]
Tonikyy: folds 
MuraBesPoker: folds 
NinjaNath02: folds 
Koost17: folds 
bigmars1: folds 
fld11: calls $0.01
Dorex2007: checks 
*** FLOP *** [3h 7s Jd]
fld11: checks 
Dorex2007: bets $0.04
fld11: folds 
Uncalled bet ($0.04) returned to Dorex2007
Dorex2007 collected $0.04 from pot
Dorex2007: doesn't show hand 
*** SUMMARY ***
Total pot $0.04 | Rake $0 
Board [3h 7s Jd]
Seat 1: MuraBesPoker folded before Flop (didn't bet)
Seat 2: NinjaNath02 folded before Flop (didn't bet)
Seat 3: Koost17 folded before Flop (didn't bet)
Seat 4: bigmars1 (button) folded before Flop (didn't bet)
Seat 6: fld11 (small blind) folded on the Flop
Seat 7: Dorex2007 (big blind) collected ($0.04)
Seat 9: Tonikyy folded before Flop (didn't bet)



PokerStars Hand #224297477117:  Hold'em No Limit ($0.01/$0.02 USD) - 2021/02/27 19:19:24 PT [2021/02/27 22:19:24 ET]
Table 'Wendeline' 9-max Seat #6 is the button
Seat 1: MuraBesPoker ($2.36 in chips) 
Seat 2: NinjaNath02 ($2.13 in chips) 
Seat 3: Koost17 ($3.51 in chips) 
Seat 4: bigmars1 ($0.89 in chips) 
Seat 6: fld11 ($0.66 in chips) 
Seat 7: Dorex2007 ($3.39 in chips) 
Seat 9: Tonikyy ($1.96 in chips) 
Dorex2007: posts small blind $0.01
Tonikyy: posts big blind $0.02
Sylviec54: sits out 
*** HOLE CARDS ***
Dealt to Dorex2007 [4c 7d]
MuraBesPoker: raises $0.04 to $0.06
NinjaNath02: folds 
Koost17: folds 
bigmars1: folds 
fld11: folds 
Dorex2007: folds 
Tonikyy: folds 
Uncalled bet ($0.04) returned to MuraBesPoker
MuraBesPoker collected $0.05 from pot
*** SUMMARY ***
Total pot $0.05 | Rake $0 
Seat 1: MuraBesPoker collected ($0.05)
Seat 2: NinjaNath02 folded before Flop (didn't bet)
Seat 3: Koost17 folded before Flop (didn't bet)
Seat 4: bigmars1 folded before Flop (didn't bet)
Seat 6: fld11 (button) folded before Flop (didn't bet)
Seat 7: Dorex2007 (small blind) folded before Flop
Seat 9: Tonikyy (big blind) folded before Flop



PokerStars Hand #224297482781:  Hold'em No Limit ($0.01/$0.02 USD) - 2021/02/27 19:19:41 PT [2021/02/27 22:19:41 ET]
Table 'Wendeline' 9-max Seat #7 is the button
Seat 1: MuraBesPoker ($2.39 in chips) 
Seat 2: NinjaNath02 ($2.13 in chips) 
Seat 3: Koost17 ($3.51 in chips) 
Seat 4: bigmars1 ($0.89 in chips) 
Seat 5: Sylviec54 ($3.08 in chips) 
Seat 6: fld11 ($0.66 in chips) 
Seat 7: Dorex2007 ($3.38 in chips) 
Seat 9: Tonikyy ($1.94 in chips) 
Tonikyy: posts small blind $0.01
MuraBesPoker: posts big blind $0.02
Sylviec54: posts small & big blinds $0.03
*** HOLE CARDS ***
Dealt to Dorex2007 [Qh 9c]
NinjaNath02: folds 
Koost17: folds 
bigmars1: calls $0.02
Sylviec54: checks 
fld11: folds 
Dorex2007: folds 
Tonikyy: folds 
MuraBesPoker: checks 
*** FLOP *** [8d 2d Tc]
Tonikyy leaves the table
MuraBesPoker: checks 
bigmars1: checks 
Sylviec54: checks 
*** TURN *** [8d 2d Tc] [5c]
MuraBesPoker: checks 
bigmars1: bets $0.06
Sylviec54: folds 
MuraBesPoker: folds 
Uncalled bet ($0.06) returned to bigmars1
bigmars1 collected $0.08 from pot
bigmars1: doesn't show hand 
*** SUMMARY ***
Total pot $0.08 | Rake $0 
Board [8d 2d Tc 5c]
Seat 1: MuraBesPoker (big blind) folded on the Turn
Seat 2: NinjaNath02 folded before Flop (didn't bet)
Seat 3: Koost17 folded before Flop (didn't bet)
Seat 4: bigmars1 collected ($0.08)
Seat 5: Sylviec54 folded on the Turn (didn't bet)
Seat 6: fld11 folded before Flop (didn't bet)
Seat 7: Dorex2007 (button) folded before Flop (didn't bet)
Seat 9: Tonikyy (small blind) folded before Flop



PokerStars Hand #224297495989:  Hold'em No Limit ($0.01/$0.02 USD) - 2021/02/27 19:20:22 PT [2021/02/27 22:20:22 ET]
Table 'Wendeline' 9-max Seat #1 is the button
Seat 1: MuraBesPoker ($2.37 in chips) 
Seat 2: NinjaNath02 ($2.13 in chips) 
Seat 3: Koost17 ($3.51 in chips) 
Seat 4: bigmars1 ($0.95 in chips) 
Seat 6: fld11 ($0.66 in chips) 
Seat 7: Dorex2007 ($3.38 in chips) 
NinjaNath02: posts small blind $0.01
Koost17: posts big blind $0.02
*** HOLE CARDS ***
Dealt to Dorex2007 [5s 2h]
zpxnjp21 joins the table at seat #9 
bigmars1: calls $0.02
fld11: calls $0.02
Dorex2007: folds 
MuraBesPoker: folds 
NinjaNath02: folds 
Koost17: checks 
*** FLOP *** [9h 7c As]
Koost17: checks 
bigmars1: checks 
fld11: checks 
*** TURN *** [9h 7c As] [6s]
Koost17: checks 
bigmars1: checks 
fld11: bets $0.07
Koost17: folds 
bigmars1: folds 
Uncalled bet ($0.07) returned to fld11
fld11 collected $0.07 from pot
fld11: doesn't show hand 
*** SUMMARY ***
Total pot $0.07 | Rake $0 
Board [9h 7c As 6s]
Seat 1: MuraBesPoker (button) folded before Flop (didn't bet)
Seat 2: NinjaNath02 (small blind) folded before Flop
Seat 3: Koost17 (big blind) folded on the Turn
Seat 4: bigmars1 folded on the Turn
Seat 6: fld11 collected ($0.07)
Seat 7: Dorex2007 folded before Flop (didn't bet)



PokerStars Hand #224297510897:  Hold'em No Limit ($0.01/$0.02 USD) - 2021/02/27 19:21:08 PT [2021/02/27 22:21:08 ET]
Table 'Wendeline' 9-max Seat #3 is the button
Seat 1: MuraBesPoker ($2.37 in chips) 
Seat 3: Koost17 ($3.49 in chips) 
Seat 4: bigmars1 ($0.93 in chips) 
Seat 6: fld11 ($0.71 in chips) 
Seat 7: Dorex2007 ($3.38 in chips) 
bigmars1: posts small blind $0.01
fld11: posts big blind $0.02
zpxnjp21: sits out 
*** HOLE CARDS ***
Dealt to Dorex2007 [2h 3d]
Dorex2007: folds 
MuraBesPoker: folds 
Koost17: calls $0.02
bigmars1: folds 
fld11: checks 
*** FLOP *** [8d Js 8s]
fld11: checks 
Koost17: checks 
*** TURN *** [8d Js 8s] [6c]
fld11: bets $0.03
Koost17: folds 
Uncalled bet ($0.03) returned to fld11
fld11 collected $0.05 from pot
fld11: doesn't show hand 
*** SUMMARY ***
Total pot $0.05 | Rake $0 
Board [8d Js 8s 6c]
Seat 1: MuraBesPoker folded before Flop (didn't bet)
Seat 3: Koost17 (button) folded on the Turn
Seat 4: bigmars1 (small blind) folded before Flop
Seat 6: fld11 (big blind) collected ($0.05)
Seat 7: Dorex2007 folded before Flop (didn't bet)



PokerStars Hand #224297519753:  Hold'em No Limit ($0.01/$0.02 USD) - 2021/02/27 19:21:36 PT [2021/02/27 22:21:36 ET]
Table 'Wendeline' 9-max Seat #4 is the button
Seat 1: MuraBesPoker ($2.37 in chips) 
Seat 3: Koost17 ($3.47 in chips) 
Seat 4: bigmars1 ($0.92 in chips) 
Seat 6: fld11 ($0.74 in chips) 
Seat 7: Dorex2007 ($3.38 in chips) 
fld11: posts small blind $0.01
Dorex2007: posts big blind $0.02
zpxnjp21: sits out 
*** HOLE CARDS ***
Dealt to Dorex2007 [2c Th]
MuraBesPoker: folds 
Koost17: folds 
bigmars1: calls $0.02
fld11: folds 
Dorex2007: checks 
*** FLOP *** [4s 8s Ad]
Dorex2007: checks 
bigmars1: checks 
*** TURN *** [4s 8s Ad] [Qc]
Dorex2007: checks 
bigmars1: bets $0.06
Dorex2007: folds 
Uncalled bet ($0.06) returned to bigmars1
bigmars1 collected $0.05 from pot
bigmars1: doesn't show hand 
*** SUMMARY ***
Total pot $0.05 | Rake $0 
Board [4s 8s Ad Qc]
Seat 1: MuraBesPoker folded before Flop (didn't bet)
Seat 3: Koost17 folded before Flop (didn't bet)
Seat 4: bigmars1 (button) collected ($0.05)
Seat 6: fld11 (small blind) folded before Flop
Seat 7: Dorex2007 (big blind) folded on the Turn



PokerStars Hand #224297526742:  Hold'em No Limit ($0.01/$0.02 USD) - 2021/02/27 19:21:57 PT [2021/02/27 22:21:57 ET]
Table 'Wendeline' 9-max Seat #6 is the button
Seat 1: MuraBesPoker ($2.37 in chips) 
Seat 4: bigmars1 ($0.95 in chips) 
Seat 5: Sylviec54 ($3.05 in chips) 
Seat 6: fld11 ($0.73 in chips) 
Seat 7: Dorex2007 ($3.36 in chips) 
Seat 9: zpxnjp21 ($0.80 in chips) 
Dorex2007: posts small blind $0.01
zpxnjp21: posts big blind $0.02
Sylviec54: posts small & big blinds $0.03
*** HOLE CARDS ***
Dealt to Dorex2007 [2c 2s]
MuraBesPoker: folds 
bigmars1: calls $0.02
Sylviec54: checks 
fld11: folds 
Dorex2007: calls $0.01
Koost17 leaves the table
zpxnjp21: checks 
*** FLOP *** [2h 7c Th]
Dorex2007: checks 
zpxnjp21: checks 
bigmars1: checks 
Sylviec54: checks 
*** TURN *** [2h 7c Th] [9d]
Dorex2007: bets $0.05
zpxnjp21: folds 
bigmars1: folds 
Sylviec54: folds 
Uncalled bet ($0.05) returned to Dorex2007
Dorex2007 collected $0.09 from pot
Dorex2007: doesn't show hand 
*** SUMMARY ***
Total pot $0.09 | Rake $0 
Board [2h 7c Th 9d]
Seat 1: MuraBesPoker folded before Flop (didn't bet)
Seat 4: bigmars1 folded on the Turn
Seat 5: Sylviec54 folded on the Turn (didn't bet)
Seat 6: fld11 (button) folded before Flop (didn't bet)
Seat 7: Dorex2007 (small blind) collected ($0.09)
Seat 9: zpxnjp21 (big blind) folded on the Turn



PokerStars Hand #224297545972:  Hold'em No Limit ($0.01/$0.02 USD) - 2021/02/27 19:22:41 PT [2021/02/27 22:22:41 ET]
Table 'Wendeline' 9-max Seat #7 is the button
Seat 1: MuraBesPoker ($2.37 in chips) 
Seat 2: NinjaNath02 ($2.12 in chips) 
Seat 4: bigmars1 ($0.93 in chips) 
Seat 5: Sylviec54 ($3.02 in chips) 
Seat 6: fld11 ($0.73 in chips) 
Seat 7: Dorex2007 ($3.43 in chips) 
Seat 9: zpxnjp21 ($0.78 in chips) 
zpxnjp21: posts small blind $0.01
MuraBesPoker: posts big blind $0.02
*** HOLE CARDS ***
Dealt to Dorex2007 [6s Ks]
Sedyuk108 joins the table at seat #3 
NinjaNath02: folds 
bigmars1: calls $0.02
Sylviec54: calls $0.02
fld11: folds 
Dorex2007: folds 
zpxnjp21: folds 
MuraBesPoker: checks 
*** FLOP *** [Kh 2c 7h]
MuraBesPoker: checks 
bigmars1: bets $0.02
Sylviec54: folds 
MuraBesPoker: calls $0.02
*** TURN *** [Kh 2c 7h] [5s]
MuraBesPoker: checks 
bigmars1: checks 
*** RIVER *** [Kh 2c 7h 5s] [9d]
MuraBesPoker: bets $0.07
bigmars1: folds 
Uncalled bet ($0.07) returned to MuraBesPoker
MuraBesPoker collected $0.11 from pot
*** SUMMARY ***
Total pot $0.11 | Rake $0 
Board [Kh 2c 7h 5s 9d]
Seat 1: MuraBesPoker (big blind) collected ($0.11)
Seat 2: NinjaNath02 folded before Flop (didn't bet)
Seat 4: bigmars1 folded on the River
Seat 5: Sylviec54 folded on the Flop
Seat 6: fld11 folded before Flop (didn't bet)
Seat 7: Dorex2007 (button) folded before Flop (didn't bet)
Seat 9: zpxnjp21 (small blind) folded before Flop



PokerStars Hand #224297560233:  Hold'em No Limit ($0.01/$0.02 USD) - 2021/02/27 19:23:26 PT [2021/02/27 22:23:26 ET]
Table 'Wendeline' 9-max Seat #9 is the button
Seat 1: MuraBesPoker ($2.44 in chips) 
Seat 2: NinjaNath02 ($2.12 in chips) 
Seat 3: Sedyuk108 ($1 in chips) 
Seat 4: bigmars1 ($0.89 in chips) 
Seat 5: Sylviec54 ($3 in chips) 
Seat 6: fld11 ($0.73 in chips) 
Seat 7: Dorex2007 ($3.43 in chips) 
Seat 9: zpxnjp21 ($0.77 in chips) 
MuraBesPoker: posts small blind $0.01
NinjaNath02: posts big blind $0.02
Sedyuk108: posts big blind $0.02
*** HOLE CARDS ***
Dealt to Dorex2007 [Qc 2c]
Sedyuk108: checks 
bigmars1: folds 
Sylviec54: calls $0.02
fld11: folds 
Dorex2007: folds 
zpxnjp21: folds 
MuraBesPoker: raises $0.08 to $0.10
NinjaNath02: folds 
Sedyuk108: folds 
Sylviec54: folds 
Uncalled bet ($0.08) returned to MuraBesPoker
MuraBesPoker collected $0.08 from pot
*** SUMMARY ***
Total pot $0.08 | Rake $0 
Seat 1: MuraBesPoker (small blind) collected ($0.08)
Seat 2: NinjaNath02 (big blind) folded before Flop
Seat 3: Sedyuk108 folded before Flop (didn't bet)
Seat 4: bigmars1 folded before Flop (didn't bet)
Seat 5: Sylviec54 folded before Flop
Seat 6: fld11 folded before Flop (didn't bet)
Seat 7: Dorex2007 folded before Flop (didn't bet)
Seat 9: zpxnjp21 (button) folded before Flop (didn't bet)



PokerStars Hand #224297576128:  Hold'em No Limit ($0.01/$0.02 USD) - 2021/02/27 19:23:49 PT [2021/02/27 22:23:49 ET]
Table 'Wendeline' 9-max Seat #1 is the button
Seat 1: MuraBesPoker ($2.50 in chips) 
Seat 2: NinjaNath02 ($2.10 in chips) 
Seat 3: Sedyuk108 ($0.98 in chips) 
Seat 4: bigmars1 ($0.89 in chips) 
Seat 5: Sylviec54 ($2.98 in chips) 
Seat 6: fld11 ($0.73 in chips) 
Seat 7: Dorex2007 ($3.43 in chips) 
Seat 9: zpxnjp21 ($0.77 in chips) 
NinjaNath02: posts small blind $0.01
Sedyuk108: posts big blind $0.02
*** HOLE CARDS ***
Dealt to Dorex2007 [3d 8c]
bigmars1: folds 
Sylviec54: folds 
fld11: folds 
Dorex2007: folds 
zpxnjp21: raises $0.04 to $0.06
MuraBesPoker: folds 
NinjaNath02: folds 
Sedyuk108: calls $0.04
*** FLOP *** [Jd 4d 6c]
Sedyuk108: checks 
zpxnjp21: bets $0.08
Sedyuk108: calls $0.08
*** TURN *** [Jd 4d 6c] [2d]
Sedyuk108: checks 
zpxnjp21: checks 
*** RIVER *** [Jd 4d 6c 2d] [6h]
Sedyuk108: checks 
zpxnjp21: checks 
*** SHOW DOWN ***
Sedyuk108: shows [Ad 9c] (a pair of Sixes)
zpxnjp21: shows [As Kc] (a pair of Sixes - Ace+King kicker)
zpxnjp21 collected $0.28 from pot
*** SUMMARY ***
Total pot $0.29 | Rake $0.01 
Board [Jd 4d 6c 2d 6h]
Seat 1: MuraBesPoker (button) folded before Flop (didn't bet)
Seat 2: NinjaNath02 (small blind) folded before Flop
Seat 3: Sedyuk108 (big blind) showed [Ad 9c] and lost with a pair of Sixes
Seat 4: bigmars1 folded before Flop (didn't bet)
Seat 5: Sylviec54 folded before Flop (didn't bet)
Seat 6: fld11 folded before Flop (didn't bet)
Seat 7: Dorex2007 folded before Flop (didn't bet)
Seat 9: zpxnjp21 showed [As Kc] and won ($0.28) with a pair of Sixes



PokerStars Hand #224297586945:  Hold'em No Limit ($0.01/$0.02 USD) - 2021/02/27 19:24:23 PT [2021/02/27 22:24:23 ET]
Table 'Wendeline' 9-max Seat #2 is the button
Seat 1: MuraBesPoker ($2.50 in chips) 
Seat 2: NinjaNath02 ($2.09 in chips) 
Seat 3: Sedyuk108 ($0.84 in chips) 
Seat 4: bigmars1 ($0.89 in chips) 
Seat 5: Sylviec54 ($2.98 in chips) 
Seat 6: fld11 ($0.73 in chips) 
Seat 7: Dorex2007 ($3.43 in chips) 
Seat 9: zpxnjp21 ($0.91 in chips) 
Sedyuk108: posts small blind $0.01
bigmars1: posts big blind $0.02
*** HOLE CARDS ***
Dealt to Dorex2007 [Ac Qc]
Sylviec54: calls $0.02
fld11: folds 
Dorex2007: raises $0.06 to $0.08
zpxnjp21: folds 
MuraBesPoker: folds 
NinjaNath02: folds 
Sedyuk108: folds 
bigmars1: folds 
Sylviec54: calls $0.06
*** FLOP *** [Kh 2c Ah]
Sylviec54: checks 
Dorex2007: bets $0.18
Sylviec54: folds 
Uncalled bet ($0.18) returned to Dorex2007
Dorex2007 collected $0.18 from pot
Dorex2007: doesn't show hand 
*** SUMMARY ***
Total pot $0.19 | Rake $0.01 
Board [Kh 2c Ah]
Seat 1: MuraBesPoker folded before Flop (didn't bet)
Seat 2: NinjaNath02 (button) folded before Flop (didn't bet)
Seat 3: Sedyuk108 (small blind) folded before Flop
Seat 4: bigmars1 (big blind) folded before Flop
Seat 5: Sylviec54 folded on the Flop
Seat 6: fld11 folded before Flop (didn't bet)
Seat 7: Dorex2007 collected ($0.18)
Seat 9: zpxnjp21 folded before Flop (didn't bet)



PokerStars Hand #224297597469:  Hold'em No Limit ($0.01/$0.02 USD) - 2021/02/27 19:24:56 PT [2021/02/27 22:24:56 ET]
Table 'Wendeline' 9-max Seat #3 is the button
Seat 1: MuraBesPoker ($2.50 in chips) 
Seat 2: NinjaNath02 ($2.09 in chips) 
Seat 3: Sedyuk108 ($0.83 in chips) 
Seat 4: bigmars1 ($0.87 in chips) 
Seat 5: Sylviec54 ($2.90 in chips) 
Seat 6: fld11 ($0.73 in chips) 
Seat 7: Dorex2007 ($3.53 in chips) 
Seat 9: zpxnjp21 ($0.91 in chips) 
bigmars1: posts small blind $0.01
Sylviec54: posts big blind $0.02
*** HOLE CARDS ***
Dealt to Dorex2007 [Qh 2s]
fld11: calls $0.02
Dorex2007: folds 
zpxnjp21: folds 
MuraBesPoker: folds 
NinjaNath02: folds 
Sedyuk108: calls $0.02
bigmars1: calls $0.01
Sylviec54: checks 
*** FLOP *** [Ah 9c 7s]
bigmars1: checks 
Sylviec54: checks 
fld11: checks 
Sedyuk108: checks 
*** TURN *** [Ah 9c 7s] [Ad]
bigmars1: checks 
Sylviec54: checks 
fld11: checks 
Sedyuk108: checks 
*** RIVER *** [Ah 9c 7s Ad] [As]
bigmars1: checks 
Sylviec54: checks 
fld11: bets $0.02
Sedyuk108: folds 
bigmars1: folds 
Sylviec54: folds 
Uncalled bet ($0.02) returned to fld11
fld11 collected $0.08 from pot
fld11: doesn't show hand 
*** SUMMARY ***
Total pot $0.08 | Rake $0 
Board [Ah 9c 7s Ad As]
Seat 1: MuraBesPoker folded before Flop (didn't bet)
Seat 2: NinjaNath02 folded before Flop (didn't bet)
Seat 3: Sedyuk108 (button) folded on the River
Seat 4: bigmars1 (small blind) folded on the River
Seat 5: Sylviec54 (big blind) folded on the River
Seat 6: fld11 collected ($0.08)
Seat 7: Dorex2007 folded before Flop (didn't bet)
Seat 9: zpxnjp21 folded before Flop (didn't bet)



PokerStars Hand #224297621391:  Hold'em No Limit ($0.01/$0.02 USD) - 2021/02/27 19:25:47 PT [2021/02/27 22:25:47 ET]
Table 'Wendeline' 9-max Seat #4 is the button
Seat 1: MuraBesPoker ($2.50 in chips) 
Seat 2: NinjaNath02 ($2.09 in chips) 
Seat 3: Sedyuk108 ($0.81 in chips) 
Seat 4: bigmars1 ($0.85 in chips) 
Seat 5: Sylviec54 ($2.88 in chips) 
Seat 6: fld11 ($0.79 in chips) 
Seat 7: Dorex2007 ($3.53 in chips) 
Seat 9: zpxnjp21 ($0.91 in chips) 
Sylviec54: posts small blind $0.01
fld11: posts big blind $0.02
*** HOLE CARDS ***
Dealt to Dorex2007 [7d Ks]
Dorex2007: folds 
zpxnjp21: folds 
MuraBesPoker: calls $0.02
NinjaNath02: folds 
Sedyuk108: calls $0.02
bigmars1: calls $0.02
Sylviec54: calls $0.01
fld11: checks 
*** FLOP *** [Qh 5d Ac]
Sylviec54: checks 
fld11: checks 
MuraBesPoker: checks 
Sedyuk108: checks 
bigmars1: checks 
*** TURN *** [Qh 5d Ac] [Qc]
Sylviec54: bets $0.02
fld11: folds 
MuraBesPoker: folds 
Sedyuk108: folds 
bigmars1: calls $0.02
*** RIVER *** [Qh 5d Ac Qc] [9c]
Sylviec54: bets $0.07
bigmars1: calls $0.07
*** SHOW DOWN ***
Sylviec54: shows [Ah Qs] (a full house, Queens full of Aces)
bigmars1: mucks hand 
Sylviec54 collected $0.27 from pot
*** SUMMARY ***
Total pot $0.28 | Rake $0.01 
Board [Qh 5d Ac Qc 9c]
Seat 1: MuraBesPoker folded on the Turn
Seat 2: NinjaNath02 folded before Flop (didn't bet)
Seat 3: Sedyuk108 folded on the Turn
Seat 4: bigmars1 (button) mucked [Jd Js]
Seat 5: Sylviec54 (small blind) showed [Ah Qs] and won ($0.27) with a full house, Queens full of Aces
Seat 6: fld11 (big blind) folded on the Turn
Seat 7: Dorex2007 folded before Flop (didn't bet)
Seat 9: zpxnjp21 folded before Flop (didn't bet)



PokerStars Hand #224297637173:  Hold'em No Limit ($0.01/$0.02 USD) - 2021/02/27 19:26:37 PT [2021/02/27 22:26:37 ET]
Table 'Wendeline' 9-max Seat #5 is the button
Seat 1: MuraBesPoker ($2.48 in chips) 
Seat 2: NinjaNath02 ($2.09 in chips) 
Seat 3: Sedyuk108 ($0.79 in chips) 
Seat 4: bigmars1 ($0.74 in chips) 
Seat 5: Sylviec54 ($3.04 in chips) 
Seat 6: fld11 ($0.77 in chips) 
Seat 7: Dorex2007 ($3.53 in chips) 
Seat 9: zpxnjp21 ($0.91 in chips) 
fld11: posts small blind $0.01
Dorex2007: posts big blind $0.02
*** HOLE CARDS ***
Dealt to Dorex2007 [Ac Qh]
zpxnjp21: raises $0.02 to $0.04
MuraBesPoker: folds 
NinjaNath02: folds 
Sedyuk108: calls $0.04
bigmars1: raises $0.02 to $0.06
Sylviec54: folds 
fld11: folds 
Dorex2007: folds 
zpxnjp21: calls $0.02
Sedyuk108: calls $0.02
*** FLOP *** [9h 7c Jd]
zpxnjp21: checks 
Sedyuk108: checks 
bigmars1: checks 
*** TURN *** [9h 7c Jd] [4d]
zpxnjp21: bets $0.15
Sedyuk108: calls $0.15
bigmars1: calls $0.15
*** RIVER *** [9h 7c Jd 4d] [5c]
zpxnjp21: bets $0.42
Sedyuk108: folds 
bigmars1: folds 
Uncalled bet ($0.42) returned to zpxnjp21
zpxnjp21 collected $0.64 from pot
zpxnjp21: doesn't show hand 
*** SUMMARY ***
Total pot $0.66 | Rake $0.02 
Board [9h 7c Jd 4d 5c]
Seat 1: MuraBesPoker folded before Flop (didn't bet)
Seat 2: NinjaNath02 folded before Flop (didn't bet)
Seat 3: Sedyuk108 folded on the River
Seat 4: bigmars1 folded on the River
Seat 5: Sylviec54 (button) folded before Flop (didn't bet)
Seat 6: fld11 (small blind) folded before Flop
Seat 7: Dorex2007 (big blind) folded before Flop
Seat 9: zpxnjp21 collected ($0.64)



PokerStars Hand #224297652765:  Hold'em No Limit ($0.01/$0.02 USD) - 2021/02/27 19:27:26 PT [2021/02/27 22:27:26 ET]
Table 'Wendeline' 9-max Seat #6 is the button
Seat 1: MuraBesPoker ($2.48 in chips) 
Seat 2: NinjaNath02 ($2.09 in chips) 
Seat 3: Sedyuk108 ($0.58 in chips) 
Seat 4: bigmars1 ($0.53 in chips) 
Seat 5: Sylviec54 ($3.04 in chips) 
Seat 6: fld11 ($0.76 in chips) 
Seat 7: Dorex2007 ($3.51 in chips) 
Seat 9: zpxnjp21 ($1.34 in chips) 
Dorex2007: posts small blind $0.01
zpxnjp21: posts big blind $0.02
*** HOLE CARDS ***
Dealt to Dorex2007 [6h Ts]
MuraBesPoker: folds 
NinjaNath02: folds 
Sedyuk108: calls $0.02
bigmars1: calls $0.02
Sylviec54: calls $0.02
fld11: calls $0.02
Dorex2007: folds 
zpxnjp21: checks 
*** FLOP *** [7s 6d Td]
zpxnjp21: bets $0.07
Sedyuk108: calls $0.07
bigmars1: calls $0.07
Sylviec54: folds 
fld11: folds 
*** TURN *** [7s 6d Td] [7h]
zpxnjp21: checks 
Sedyuk108: checks 
bigmars1: checks 
*** RIVER *** [7s 6d Td 7h] [9h]
zpxnjp21: checks 
Sedyuk108: bets $0.06
bigmars1: folds 
zpxnjp21: folds 
Uncalled bet ($0.06) returned to Sedyuk108
Sedyuk108 collected $0.31 from pot
natividade80 was removed from the table for failing to post
natividade80 leaves the table
Sedyuk108: doesn't show hand 
*** SUMMARY ***
Total pot $0.32 | Rake $0.01 
Board [7s 6d Td 7h 9h]
Seat 1: MuraBesPoker folded before Flop (didn't bet)
Seat 2: NinjaNath02 folded before Flop (didn't bet)
Seat 3: Sedyuk108 collected ($0.31)
Seat 4: bigmars1 folded on the River
Seat 5: Sylviec54 folded on the Flop
Seat 6: fld11 (button) folded on the Flop
Seat 7: Dorex2007 (small blind) folded before Flop
Seat 9: zpxnjp21 (big blind) folded on the River



PokerStars Hand #224297668818:  Hold'em No Limit ($0.01/$0.02 USD) - 2021/02/27 19:28:17 PT [2021/02/27 22:28:17 ET]
Table 'Wendeline' 9-max Seat #7 is the button
Seat 1: MuraBesPoker ($2.48 in chips) 
Seat 2: NinjaNath02 ($2.09 in chips) 
Seat 3: Sedyuk108 ($0.80 in chips) 
Seat 4: bigmars1 ($0.44 in chips) 
Seat 5: Sylviec54 ($3.02 in chips) 
Seat 6: fld11 ($0.74 in chips) 
Seat 7: Dorex2007 ($3.50 in chips) 
Seat 9: zpxnjp21 ($1.25 in chips) 
zpxnjp21: posts small blind $0.01
MuraBesPoker: posts big blind $0.02
*** HOLE CARDS ***
Dealt to Dorex2007 [9s Ac]
NinjaNath02: folds 
Sedyuk108: folds 
bigmars1: calls $0.02
Sylviec54: folds 
fld11: folds 
Dorex2007: raises $0.04 to $0.06
zpxnjp21: folds 
Sylviec54 leaves the table
MuraBesPoker: folds 
bigmars1: calls $0.04
*** FLOP *** [2d Ks 7c]
bigmars1: checks 
Dorex2007: bets $0.11
scofield2512 joins the table at seat #8 
bigmars1: calls $0.11
*** TURN *** [2d Ks 7c] [Kh]
bigmars1: checks 
Dorex2007: checks 
*** RIVER *** [2d Ks 7c Kh] [4d]
bigmars1: checks 
Dorex2007: bets $0.18
bigmars1: folds 
Uncalled bet ($0.18) returned to Dorex2007
Dorex2007 collected $0.36 from pot
Dorex2007: doesn't show hand 
*** SUMMARY ***
Total pot $0.37 | Rake $0.01 
Board [2d Ks 7c Kh 4d]
Seat 1: MuraBesPoker (big blind) folded before Flop
Seat 2: NinjaNath02 folded before Flop (didn't bet)
Seat 3: Sedyuk108 folded before Flop (didn't bet)
Seat 4: bigmars1 folded on the River
Seat 5: Sylviec54 folded before Flop (didn't bet)
Seat 6: fld11 folded before Flop (didn't bet)
Seat 7: Dorex2007 (button) collected ($0.36)
Seat 9: zpxnjp21 (small blind) folded before Flop



PokerStars Hand #224297682585:  Hold'em No Limit ($0.01/$0.02 USD) - 2021/02/27 19:29:00 PT [2021/02/27 22:29:00 ET]
Table 'Wendeline' 9-max Seat #9 is the button
Seat 1: MuraBesPoker ($2.46 in chips) 
Seat 2: NinjaNath02 ($2.09 in chips) 
Seat 3: Sedyuk108 ($0.80 in chips) 
Seat 4: bigmars1 ($0.27 in chips) 
Seat 6: fld11 ($0.74 in chips) 
Seat 7: Dorex2007 ($3.69 in chips) 
Seat 8: scofield2512 ($2 in chips) 
Seat 9: zpxnjp21 ($1.24 in chips) 
MuraBesPoker: posts small blind $0.01
NinjaNath02: posts big blind $0.02
Talmy2 joins the table at seat #5 
scofield2512: posts big blind $0.02
*** HOLE CARDS ***
Dealt to Dorex2007 [Ah 7h]
Sedyuk108: folds 
bigmars1: folds 
fld11: folds 
Dorex2007: calls $0.02
scofield2512: checks 
zpxnjp21: raises $0.09 to $0.11
MuraBesPoker: folds 
NinjaNath02: folds 
Dorex2007: folds 
scofield2512: folds 
Uncalled bet ($0.09) returned to zpxnjp21
zpxnjp21 collected $0.09 from pot
zpxnjp21: doesn't show hand 
*** SUMMARY ***
Total pot $0.09 | Rake $0 
Seat 1: MuraBesPoker (small blind) folded before Flop
Seat 2: NinjaNath02 (big blind) folded before Flop
Seat 3: Sedyuk108 folded before Flop (didn't bet)
Seat 4: bigmars1 folded before Flop (didn't bet)
Seat 6: fld11 folded before Flop (didn't bet)
Seat 7: Dorex2007 folded before Flop
Seat 8: scofield2512 folded before Flop (didn't bet)
Seat 9: zpxnjp21 (button) collected ($0.09)



PokerStars Hand #224297694489:  Hold'em No Limit ($0.01/$0.02 USD) - 2021/02/27 19:29:38 PT [2021/02/27 22:29:38 ET]
Table 'Wendeline' 9-max Seat #1 is the button
Seat 1: MuraBesPoker ($2.45 in chips) 
Seat 2: NinjaNath02 ($2.07 in chips) 
Seat 3: Sedyuk108 ($0.80 in chips) 
Seat 4: bigmars1 ($0.27 in chips) 
Seat 6: fld11 ($0.74 in chips) 
Seat 7: Dorex2007 ($3.67 in chips) 
Seat 8: scofield2512 ($1.98 in chips) 
Seat 9: zpxnjp21 ($1.31 in chips) 
NinjaNath02: posts small blind $0.01
Sedyuk108: posts big blind $0.02
Talmy2: sits out 
*** HOLE CARDS ***
Dealt to Dorex2007 [Ac Ks]
bigmars1: folds 
fld11: folds 
Dorex2007: raises $0.04 to $0.06
scofield2512: calls $0.06
zpxnjp21: folds 
MuraBesPoker: folds 
NinjaNath02: folds 
Sedyuk108: calls $0.04
*** FLOP *** [9c 8h Th]
Sedyuk108: checks 
Dorex2007: bets $0.09
scofield2512: calls $0.09
Sedyuk108: calls $0.09
*** TURN *** [9c 8h Th] [Ts]
Sedyuk108: checks 
Dorex2007: checks 
scofield2512: bets $0.20
Sedyuk108: calls $0.20
Dorex2007: folds 
*** RIVER *** [9c 8h Th Ts] [7d]
Sedyuk108: checks 
scofield2512: checks 
*** SHOW DOWN ***
Sedyuk108: shows [Tc 2c] (three of a kind, Tens)
scofield2512: mucks hand 
Sedyuk108 collected $0.83 from pot
*** SUMMARY ***
Total pot $0.86 | Rake $0.03 
Board [9c 8h Th Ts 7d]
Seat 1: MuraBesPoker (button) folded before Flop (didn't bet)
Seat 2: NinjaNath02 (small blind) folded before Flop
Seat 3: Sedyuk108 (big blind) showed [Tc 2c] and won ($0.83) with three of a kind, Tens
Seat 4: bigmars1 folded before Flop (didn't bet)
Seat 6: fld11 folded before Flop (didn't bet)
Seat 7: Dorex2007 folded on the Turn
Seat 8: scofield2512 mucked [Qs 9s]
Seat 9: zpxnjp21 folded before Flop (didn't bet)



PokerStars Hand #224297717677:  Hold'em No Limit ($0.01/$0.02 USD) - 2021/02/27 19:30:52 PT [2021/02/27 22:30:52 ET]
Table 'Wendeline' 9-max Seat #2 is the button
Seat 1: MuraBesPoker ($2.45 in chips) 
Seat 2: NinjaNath02 ($2.06 in chips) 
Seat 3: Sedyuk108 ($1.28 in chips) 
Seat 4: bigmars1 ($0.27 in chips) 
Seat 6: fld11 ($0.74 in chips) 
Seat 7: Dorex2007 ($3.52 in chips) 
Seat 8: scofield2512 ($1.63 in chips) 
Seat 9: zpxnjp21 ($1.31 in chips) 
Sedyuk108: posts small blind $0.01
bigmars1: posts big blind $0.02
Talmy2: sits out 
*** HOLE CARDS ***
Dealt to Dorex2007 [9d 9s]
fld11: calls $0.02
Dorex2007: calls $0.02
scofield2512: calls $0.02
zpxnjp21: folds 
MuraBesPoker: calls $0.02
NinjaNath02: folds 
Sedyuk108: calls $0.01
bigmars1: checks 
*** FLOP *** [4d 7h 5h]
Sedyuk108: checks 
bigmars1: checks 
fld11: checks 
Dorex2007: bets $0.12
scofield2512: folds 
MuraBesPoker: folds 
Sedyuk108: folds 
Sedyuk108 leaves the table
bigmars1: calls $0.12
fld11: folds 
*** TURN *** [4d 7h 5h] [3c]
bigmars1: checks 
Dorex2007: bets $0.35
bigmars1: calls $0.13 and is all-in
Uncalled bet ($0.22) returned to Dorex2007
*** RIVER *** [4d 7h 5h 3c] [3s]
*** SHOW DOWN ***
bigmars1: shows [7s Qc] (two pair, Sevens and Threes)
Dorex2007: shows [9d 9s] (two pair, Nines and Threes)
Dorex2007 collected $0.60 from pot
Zonbbch4 joins the table at seat #3 
*** SUMMARY ***
Total pot $0.62 | Rake $0.02 
Board [4d 7h 5h 3c 3s]
Seat 1: MuraBesPoker folded on the Flop
Seat 2: NinjaNath02 (button) folded before Flop (didn't bet)
Seat 3: Sedyuk108 (small blind) folded on the Flop
Seat 4: bigmars1 (big blind) showed [7s Qc] and lost with two pair, Sevens and Threes
Seat 6: fld11 folded on the Flop
Seat 7: Dorex2007 showed [9d 9s] and won ($0.60) with two pair, Nines and Threes
Seat 8: scofield2512 folded on the Flop
Seat 9: zpxnjp21 folded before Flop (didn't bet)



PokerStars Hand #224297736101:  Hold'em No Limit ($0.01/$0.02 USD) - 2021/02/27 19:31:51 PT [2021/02/27 22:31:51 ET]
Table 'Wendeline' 9-max Seat #6 is the button
Seat 1: MuraBesPoker ($2.43 in chips) 
Seat 2: NinjaNath02 ($2.06 in chips) 
Seat 6: fld11 ($0.72 in chips) 
Seat 7: Dorex2007 ($3.85 in chips) 
Seat 8: scofield2512 ($1.61 in chips) 
Seat 9: zpxnjp21 ($1.31 in chips) 
Dorex2007: posts small blind $0.01
scofield2512: posts big blind $0.02
Zonbbch4: sits out 
Talmy2: sits out 
*** HOLE CARDS ***
Dealt to Dorex2007 [Ks 8s]
zpxnjp21: folds 
MuraBesPoker: folds 
NinjaNath02: folds 
fld11: calls $0.02
Dorex2007: calls $0.01
scofield2512: checks 
*** FLOP *** [9d 5d Js]
Dorex2007: checks 
scofield2512: checks 
fld11: checks 
*** TURN *** [9d 5d Js] [Qc]
bigmars1 leaves the table
Dorex2007: checks 
scofield2512: checks 
fld11: checks 
*** RIVER *** [9d 5d Js Qc] [Td]
kolyasik2401 joins the table at seat #4 
Dorex2007: bets $0.05
scofield2512: folds 
fld11: folds 
Uncalled bet ($0.05) returned to Dorex2007
Dorex2007 collected $0.06 from pot
Dorex2007: doesn't show hand 
*** SUMMARY ***
Total pot $0.06 | Rake $0 
Board [9d 5d Js Qc Td]
Seat 1: MuraBesPoker folded before Flop (didn't bet)
Seat 2: NinjaNath02 folded before Flop (didn't bet)
Seat 6: fld11 (button) folded on the River
Seat 7: Dorex2007 (small blind) collected ($0.06)
Seat 8: scofield2512 (big blind) folded on the River
Seat 9: zpxnjp21 folded before Flop (didn't bet)



PokerStars Hand #224297750843:  Hold'em No Limit ($0.01/$0.02 USD) - 2021/02/27 19:32:39 PT [2021/02/27 22:32:39 ET]
Table 'Wendeline' 9-max Seat #7 is the button
Seat 1: MuraBesPoker ($2.43 in chips) 
Seat 2: NinjaNath02 ($2.06 in chips) 
Seat 3: Zonbbch4 ($2 in chips) 
Seat 5: Talmy2 ($2 in chips) 
Seat 6: fld11 ($0.70 in chips) 
Seat 7: Dorex2007 ($3.89 in chips) 
Seat 8: scofield2512 ($1.59 in chips) 
Seat 9: zpxnjp21 ($1.31 in chips) 
scofield2512: posts small blind $0.01
zpxnjp21: posts big blind $0.02
Zonbbch4: posts big blind $0.02
kolyasik2401: sits out 
Talmy2: posts big blind $0.02
*** HOLE CARDS ***
Dealt to Dorex2007 [6s 4s]
MuraBesPoker: folds 
NinjaNath02: folds 
Zonbbch4: raises $0.04 to $0.06
Talmy2: folds 
fld11: folds 
Dorex2007: folds 
scofield2512: raises $0.04 to $0.10
zpxnjp21: folds 
Zonbbch4: calls $0.04
*** FLOP *** [5s 3d 7d]
scofield2512: bets $0.10
Zonbbch4: calls $0.10
*** TURN *** [5s 3d 7d] [5d]
scofield2512: bets $0.18
Zonbbch4: calls $0.18
*** RIVER *** [5s 3d 7d 5d] [4h]
scofield2512: checks 
Zonbbch4: bets $1.62 and is all-in
scofield2512: calls $1.21 and is all-in
Uncalled bet ($0.41) returned to Zonbbch4
*** SHOW DOWN ***
Zonbbch4: shows [Jh Ad] (a pair of Fives)
scofield2512: shows [Kh Ah] (a pair of Fives - Ace+King kicker)
scofield2512 collected $3.11 from pot
*** SUMMARY ***
Total pot $3.22 | Rake $0.11 
Board [5s 3d 7d 5d 4h]
Seat 1: MuraBesPoker folded before Flop (didn't bet)
Seat 2: NinjaNath02 folded before Flop (didn't bet)
Seat 3: Zonbbch4 showed [Jh Ad] and lost with a pair of Fives
Seat 5: Talmy2 folded before Flop (didn't bet)
Seat 6: fld11 folded before Flop (didn't bet)
Seat 7: Dorex2007 (button) folded before Flop (didn't bet)
Seat 8: scofield2512 (small blind) showed [Kh Ah] and won ($3.11) with a pair of Fives
Seat 9: zpxnjp21 (big blind) folded before Flop



PokerStars Hand #224297775900:  Hold'em No Limit ($0.01/$0.02 USD) - 2021/02/27 19:33:59 PT [2021/02/27 22:33:59 ET]
Table 'Wendeline' 9-max Seat #8 is the button
Seat 1: MuraBesPoker ($2.43 in chips) 
Seat 2: NinjaNath02 ($2.06 in chips) 
Seat 3: Zonbbch4 ($0.41 in chips) 
Seat 5: Talmy2 ($1.98 in chips) 
Seat 6: fld11 ($0.70 in chips) 
Seat 7: Dorex2007 ($3.89 in chips) 
Seat 8: scofield2512 ($3.11 in chips) 
Seat 9: zpxnjp21 ($1.29 in chips) 
zpxnjp21: posts small blind $0.01
MuraBesPoker: posts big blind $0.02
kolyasik2401: sits out 
*** HOLE CARDS ***
Dealt to Dorex2007 [Ts 3s]
NinjaNath02: folds 
Zonbbch4: calls $0.02
Talmy2: folds 
fld11: folds 
Dorex2007: folds 
scofield2512: folds 
zpxnjp21: folds 
MuraBesPoker: checks 
*** FLOP *** [5s 4s 7h]
MuraBesPoker: checks 
Zonbbch4: bets $0.10
MuraBesPoker: folds 
Uncalled bet ($0.10) returned to Zonbbch4
Zonbbch4 collected $0.05 from pot
Zonbbch4: doesn't show hand 
*** SUMMARY ***
Total pot $0.05 | Rake $0 
Board [5s 4s 7h]
Seat 1: MuraBesPoker (big blind) folded on the Flop
Seat 2: NinjaNath02 folded before Flop (didn't bet)
Seat 3: Zonbbch4 collected ($0.05)
Seat 5: Talmy2 folded before Flop (didn't bet)
Seat 6: fld11 folded before Flop (didn't bet)
Seat 7: Dorex2007 folded before Flop (didn't bet)
Seat 8: scofield2512 (button) folded before Flop (didn't bet)
Seat 9: zpxnjp21 (small blind) folded before Flop



PokerStars Hand #224297789041:  Hold'em No Limit ($0.01/$0.02 USD) - 2021/02/27 19:34:41 PT [2021/02/27 22:34:41 ET]
Table 'Wendeline' 9-max Seat #9 is the button
Seat 1: MuraBesPoker ($2.41 in chips) 
Seat 2: NinjaNath02 ($2.06 in chips) 
Seat 3: Zonbbch4 ($0.44 in chips) 
Seat 5: Talmy2 ($1.98 in chips) 
Seat 6: fld11 ($0.70 in chips) 
Seat 7: Dorex2007 ($3.89 in chips) 
Seat 8: scofield2512 ($3.11 in chips) 
Seat 9: zpxnjp21 ($1.28 in chips) 
MuraBesPoker: posts small blind $0.01
NinjaNath02: posts big blind $0.02
kolyasik2401: sits out 
*** HOLE CARDS ***
Dealt to Dorex2007 [Ad 8s]
Zonbbch4: raises $0.06 to $0.08
Talmy2: folds 
fld11: folds 
Dorex2007: folds 
scofield2512: folds 
zpxnjp21: folds 
MuraBesPoker: folds 
NinjaNath02: folds 
Uncalled bet ($0.06) returned to Zonbbch4
Zonbbch4 collected $0.05 from pot
*** SUMMARY ***
Total pot $0.05 | Rake $0 
Seat 1: MuraBesPoker (small blind) folded before Flop
Seat 2: NinjaNath02 (big blind) folded before Flop
Seat 3: Zonbbch4 collected ($0.05)
Seat 5: Talmy2 folded before Flop (didn't bet)
Seat 6: fld11 folded before Flop (didn't bet)
Seat 7: Dorex2007 folded before Flop (didn't bet)
Seat 8: scofield2512 folded before Flop (didn't bet)
Seat 9: zpxnjp21 (button) folded before Flop (didn't bet)



PokerStars Hand #224297794877:  Hold'em No Limit ($0.01/$0.02 USD) - 2021/02/27 19:35:00 PT [2021/02/27 22:35:00 ET]
Table 'Wendeline' 9-max Seat #1 is the button
Seat 1: MuraBesPoker ($2.40 in chips) 
Seat 2: NinjaNath02 ($2.04 in chips) 
Seat 3: Zonbbch4 ($0.47 in chips) 
Seat 5: Talmy2 ($1.98 in chips) 
Seat 6: fld11 ($0.70 in chips) 
Seat 7: Dorex2007 ($3.89 in chips) 
Seat 8: scofield2512 ($3.11 in chips) 
Seat 9: zpxnjp21 ($1.28 in chips) 
NinjaNath02: posts small blind $0.01
Zonbbch4: posts big blind $0.02
kolyasik2401: sits out 
*** HOLE CARDS ***
Dealt to Dorex2007 [Kc 5s]
Talmy2: folds 
fld11: folds 
Dorex2007: folds 
scofield2512: folds 
zpxnjp21: raises $0.04 to $0.06
MuraBesPoker: folds 
NinjaNath02: raises $0.12 to $0.18
Zonbbch4: folds 
zpxnjp21: folds 
Uncalled bet ($0.12) returned to NinjaNath02
NinjaNath02 collected $0.14 from pot
NinjaNath02: doesn't show hand 
*** SUMMARY ***
Total pot $0.14 | Rake $0 
Seat 1: MuraBesPoker (button) folded before Flop (didn't bet)
Seat 2: NinjaNath02 (small blind) collected ($0.14)
Seat 3: Zonbbch4 (big blind) folded before Flop
Seat 5: Talmy2 folded before Flop (didn't bet)
Seat 6: fld11 folded before Flop (didn't bet)
Seat 7: Dorex2007 folded before Flop (didn't bet)
Seat 8: scofield2512 folded before Flop (didn't bet)
Seat 9: zpxnjp21 folded before Flop



PokerStars Hand #224297801317:  Hold'em No Limit ($0.01/$0.02 USD) - 2021/02/27 19:35:21 PT [2021/02/27 22:35:21 ET]
Table 'Wendeline' 9-max Seat #2 is the button
Seat 1: MuraBesPoker ($2.40 in chips) 
Seat 2: NinjaNath02 ($2.12 in chips) 
Seat 3: Zonbbch4 ($0.45 in chips) 
Seat 4: kolyasik2401 ($2 in chips) 
Seat 5: Talmy2 ($1.98 in chips) 
Seat 6: fld11 ($0.70 in chips) 
Seat 7: Dorex2007 ($3.89 in chips) 
Seat 8: scofield2512 ($3.11 in chips) 
Seat 9: zpxnjp21 ($1.22 in chips) 
Zonbbch4: posts small blind $0.01
kolyasik2401: posts big blind $0.02
*** HOLE CARDS ***
Dealt to Dorex2007 [6s Td]
Talmy2: calls $0.02
fld11: folds 
Dorex2007: folds 
scofield2512: folds 
zpxnjp21: folds 
MuraBesPoker: folds 
NinjaNath02: raises $0.06 to $0.08
Zonbbch4: calls $0.07
kolyasik2401: raises $0.32 to $0.40
Talmy2: folds 
NinjaNath02: folds 
Zonbbch4: calls $0.32
*** FLOP *** [7c 2h Jd]
Zonbbch4: checks 
kolyasik2401: checks 
*** TURN *** [7c 2h Jd] [7h]
Zonbbch4: bets $0.05 and is all-in
kolyasik2401: calls $0.05
*** RIVER *** [7c 2h Jd 7h] [3s]
*** SHOW DOWN ***
Zonbbch4: shows [Ts Qs] (a pair of Sevens)
kolyasik2401: shows [Kd Ac] (a pair of Sevens - Ace kicker)
kolyasik2401 collected $0.96 from pot
*** SUMMARY ***
Total pot $1 | Rake $0.04 
Board [7c 2h Jd 7h 3s]
Seat 1: MuraBesPoker folded before Flop (didn't bet)
Seat 2: NinjaNath02 (button) folded before Flop
Seat 3: Zonbbch4 (small blind) showed [Ts Qs] and lost with a pair of Sevens
Seat 4: kolyasik2401 (big blind) showed [Kd Ac] and won ($0.96) with a pair of Sevens
Seat 5: Talmy2 folded before Flop
Seat 6: fld11 folded before Flop (didn't bet)
Seat 7: Dorex2007 folded before Flop (didn't bet)
Seat 8: scofield2512 folded before Flop (didn't bet)
Seat 9: zpxnjp21 folded before Flop (didn't bet)



PokerStars Hand #224297821866:  Hold'em No Limit ($0.01/$0.02 USD) - 2021/02/27 19:36:28 PT [2021/02/27 22:36:28 ET]
Table 'Wendeline' 9-max Seat #4 is the button
Seat 1: MuraBesPoker ($2.40 in chips) 
Seat 2: NinjaNath02 ($2.04 in chips) 
Seat 4: kolyasik2401 ($2.51 in chips) 
Seat 5: Talmy2 ($1.96 in chips) 
Seat 6: fld11 ($0.70 in chips) 
Seat 7: Dorex2007 ($3.89 in chips) 
Seat 8: scofield2512 ($3.11 in chips) 
Seat 9: zpxnjp21 ($1.22 in chips) 
Talmy2: posts small blind $0.01
fld11: posts big blind $0.02
*** HOLE CARDS ***
Dealt to Dorex2007 [4h Kh]
Dorex2007: folds 
scofield2512: folds 
zpxnjp21: folds 
MuraBesPoker: folds 
NinjaNath02: folds 
kolyasik2401: folds 
Talmy2: calls $0.01
fld11: checks 
*** FLOP *** [Ts 4c Ah]
Talmy2: checks 
fld11: checks 
*** TURN *** [Ts 4c Ah] [Th]
Talmy2: checks 
fld11: checks 
*** RIVER *** [Ts 4c Ah Th] [6c]
Talmy2: checks 
fld11: checks 
*** SHOW DOWN ***
Talmy2: shows [7d 8h] (a pair of Tens)
fld11: shows [2d 6h] (two pair, Tens and Sixes)
fld11 collected $0.04 from pot
*** SUMMARY ***
Total pot $0.04 | Rake $0 
Board [Ts 4c Ah Th 6c]
Seat 1: MuraBesPoker folded before Flop (didn't bet)
Seat 2: NinjaNath02 folded before Flop (didn't bet)
Seat 4: kolyasik2401 (button) folded before Flop (didn't bet)
Seat 5: Talmy2 (small blind) showed [7d 8h] and lost with a pair of Tens
Seat 6: fld11 (big blind) showed [2d 6h] and won ($0.04) with two pair, Tens and Sixes
Seat 7: Dorex2007 folded before Flop (didn't bet)
Seat 8: scofield2512 folded before Flop (didn't bet)
Seat 9: zpxnjp21 folded before Flop (didn't bet)



PokerStars Hand #224297831246:  Hold'em No Limit ($0.01/$0.02 USD) - 2021/02/27 19:36:59 PT [2021/02/27 22:36:59 ET]
Table 'Wendeline' 9-max Seat #5 is the button
Seat 1: MuraBesPoker ($2.40 in chips) 
Seat 2: NinjaNath02 ($2.04 in chips) 
Seat 3: Zonbbch4 ($2 in chips) 
Seat 4: kolyasik2401 ($2.51 in chips) 
Seat 5: Talmy2 ($1.94 in chips) 
Seat 6: fld11 ($0.72 in chips) 
Seat 7: Dorex2007 ($3.89 in chips) 
Seat 8: scofield2512 ($3.11 in chips) 
Seat 9: zpxnjp21 ($1.22 in chips) 
fld11: posts small blind $0.01
Dorex2007: posts big blind $0.02
*** HOLE CARDS ***
Dealt to Dorex2007 [Jc Qc]
scofield2512: folds 
zpxnjp21: raises $0.04 to $0.06
MuraBesPoker: folds 
NinjaNath02: folds 
scofield2512 leaves the table
Zonbbch4: folds 
kolyasik2401: folds 
Talmy2: calls $0.06
fld11: folds 
Dorex2007: calls $0.04
*** FLOP *** [8d 9s 9d]
Giorno73 joins the table at seat #8 
Dorex2007: checks 
zpxnjp21: checks 
Talmy2: checks 
*** TURN *** [8d 9s 9d] [4h]
Dorex2007: bets $0.14
zpxnjp21: folds 
Talmy2: folds 
Uncalled bet ($0.14) returned to Dorex2007
Dorex2007 collected $0.18 from pot
Dorex2007: doesn't show hand 
*** SUMMARY ***
Total pot $0.19 | Rake $0.01 
Board [8d 9s 9d 4h]
Seat 1: MuraBesPoker folded before Flop (didn't bet)
Seat 2: NinjaNath02 folded before Flop (didn't bet)
Seat 3: Zonbbch4 folded before Flop (didn't bet)
Seat 4: kolyasik2401 folded before Flop (didn't bet)
Seat 5: Talmy2 (button) folded on the Turn
Seat 6: fld11 (small blind) folded before Flop
Seat 7: Dorex2007 (big blind) collected ($0.18)
Seat 8: scofield2512 folded before Flop (didn't bet)
Seat 9: zpxnjp21 folded on the Turn



PokerStars Hand #224297865738:  Hold'em No Limit ($0.01/$0.02 USD) - 2021/02/27 19:37:58 PT [2021/02/27 22:37:58 ET]
Table 'Wendeline' 9-max Seat #6 is the button
Seat 1: MuraBesPoker ($2.40 in chips) 
Seat 2: NinjaNath02 ($2.04 in chips) 
Seat 3: Zonbbch4 ($2 in chips) 
Seat 4: kolyasik2401 ($2.51 in chips) 
Seat 5: Talmy2 ($1.88 in chips) 
Seat 6: fld11 ($0.71 in chips) 
Seat 7: Dorex2007 ($4.01 in chips) 
Seat 8: Giorno73 ($2 in chips) 
Seat 9: zpxnjp21 ($1.16 in chips) 
Dorex2007: posts small blind $0.01
Giorno73: posts big blind $0.02
*** HOLE CARDS ***
Dealt to Dorex2007 [3d 6h]
zpxnjp21: folds 
MuraBesPoker: folds 
NinjaNath02: folds 
Zonbbch4: raises $0.06 to $0.08
kolyasik2401: folds 
Talmy2: folds 
fld11: folds 
Dorex2007: folds 
Giorno73: calls $0.06
*** FLOP *** [Qh 4c Ac]
Giorno73: checks 
Zonbbch4: bets $0.06
Giorno73: calls $0.06
*** TURN *** [Qh 4c Ac] [6s]
Giorno73: checks 
Zonbbch4: bets $0.14
Giorno73: calls $0.14
*** RIVER *** [Qh 4c Ac 6s] [Js]
Giorno73: checks 
Zonbbch4: bets $0.18
Giorno73: folds 
Uncalled bet ($0.18) returned to Zonbbch4
Zonbbch4 collected $0.55 from pot
Zonbbch4: doesn't show hand 
*** SUMMARY ***
Total pot $0.57 | Rake $0.02 
Board [Qh 4c Ac 6s Js]
Seat 1: MuraBesPoker folded before Flop (didn't bet)
Seat 2: NinjaNath02 folded before Flop (didn't bet)
Seat 3: Zonbbch4 collected ($0.55)
Seat 4: kolyasik2401 folded before Flop (didn't bet)
Seat 5: Talmy2 folded before Flop (didn't bet)
Seat 6: fld11 (button) folded before Flop (didn't bet)
Seat 7: Dorex2007 (small blind) folded before Flop
Seat 8: Giorno73 (big blind) folded on the River
Seat 9: zpxnjp21 folded before Flop (didn't bet)



PokerStars Hand #224297887604:  Hold'em No Limit ($0.01/$0.02 USD) - 2021/02/27 19:39:10 PT [2021/02/27 22:39:10 ET]
Table 'Wendeline' 9-max Seat #7 is the button
Seat 1: MuraBesPoker ($2.40 in chips) 
Seat 2: NinjaNath02 ($2.04 in chips) 
Seat 3: Zonbbch4 ($2.27 in chips) 
Seat 4: kolyasik2401 ($2.51 in chips) 
Seat 5: Talmy2 ($1.88 in chips) 
Seat 6: fld11 ($0.71 in chips) 
Seat 7: Dorex2007 ($4 in chips) 
Seat 8: Giorno73 ($2 in chips) 
Seat 9: zpxnjp21 ($1.16 in chips) 
Giorno73: posts small blind $0.01
zpxnjp21: posts big blind $0.02
*** HOLE CARDS ***
Dealt to Dorex2007 [8h 5c]
MuraBesPoker: folds 
NinjaNath02: folds 
Zonbbch4: raises $0.06 to $0.08
kolyasik2401: folds 
Talmy2: folds 
fld11: folds 
Dorex2007: folds 
Giorno73: folds 
zpxnjp21: folds 
Uncalled bet ($0.06) returned to Zonbbch4
Zonbbch4 collected $0.05 from pot
*** SUMMARY ***
Total pot $0.05 | Rake $0 
Seat 1: MuraBesPoker folded before Flop (didn't bet)
Seat 2: NinjaNath02 folded before Flop (didn't bet)
Seat 3: Zonbbch4 collected ($0.05)
Seat 4: kolyasik2401 folded before Flop (didn't bet)
Seat 5: Talmy2 folded before Flop (didn't bet)
Seat 6: fld11 folded before Flop (didn't bet)
Seat 7: Dorex2007 (button) folded before Flop (didn't bet)
Seat 8: Giorno73 (small blind) folded before Flop
Seat 9: zpxnjp21 (big blind) folded before Flop



PokerStars Hand #224297894607:  Hold'em No Limit ($0.01/$0.02 USD) - 2021/02/27 19:39:34 PT [2021/02/27 22:39:34 ET]
Table 'Wendeline' 9-max Seat #8 is the button
Seat 1: MuraBesPoker ($2.40 in chips) 
Seat 2: NinjaNath02 ($2.04 in chips) 
Seat 3: Zonbbch4 ($2.30 in chips) 
Seat 4: kolyasik2401 ($2.51 in chips) 
Seat 5: Talmy2 ($1.88 in chips) 
Seat 6: fld11 ($0.71 in chips) 
Seat 7: Dorex2007 ($4 in chips) 
Seat 8: Giorno73 ($2 in chips) 
Seat 9: zpxnjp21 ($1.14 in chips) 
zpxnjp21: posts small blind $0.01
MuraBesPoker: posts big blind $0.02
*** HOLE CARDS ***
Dealt to Dorex2007 [5c Kc]
NinjaNath02: folds 
Zonbbch4: calls $0.02
kolyasik2401: folds 
Talmy2: folds 
fld11: folds 
Dorex2007: folds 
Giorno73: calls $0.02
zpxnjp21: folds 
MuraBesPoker: checks 
*** FLOP *** [5s 8s 4s]
MuraBesPoker: checks 
Zonbbch4: bets $0.04
Giorno73: folds 
MuraBesPoker: calls $0.04
*** TURN *** [5s 8s 4s] [Ad]
MuraBesPoker: checks 
Zonbbch4: checks 
*** RIVER *** [5s 8s 4s Ad] [Ks]
MuraBesPoker: bets $0.07
Zonbbch4: folds 
Uncalled bet ($0.07) returned to MuraBesPoker
MuraBesPoker collected $0.14 from pot
*** SUMMARY ***
Total pot $0.15 | Rake $0.01 
Board [5s 8s 4s Ad Ks]
Seat 1: MuraBesPoker (big blind) collected ($0.14)
Seat 2: NinjaNath02 folded before Flop (didn't bet)
Seat 3: Zonbbch4 folded on the River
Seat 4: kolyasik2401 folded before Flop (didn't bet)
Seat 5: Talmy2 folded before Flop (didn't bet)
Seat 6: fld11 folded before Flop (didn't bet)
Seat 7: Dorex2007 folded before Flop (didn't bet)
Seat 8: Giorno73 (button) folded on the Flop
Seat 9: zpxnjp21 (small blind) folded before Flop



PokerStars Hand #224297961457:  Hold'em No Limit ($0.01/$0.02 USD) - 2021/02/27 19:43:19 PT [2021/02/27 22:43:19 ET]
Table 'Wendeline' 9-max Seat #5 is the button
Seat 1: MuraBesPoker ($2.56 in chips) 
Seat 2: NinjaNath02 ($2.01 in chips) 
Seat 3: Zonbbch4 ($2.20 in chips) 
Seat 4: kolyasik2401 ($2.44 in chips) 
Seat 5: Talmy2 ($1.82 in chips) 
Seat 6: fld11 ($0.63 in chips) 
Seat 7: Dorex2007 ($4 in chips) 
Seat 8: Giorno73 ($2.13 in chips) 
Seat 9: zpxnjp21 ($1.18 in chips) 
fld11: posts small blind $0.01
Dorex2007: posts big blind $0.02
*** HOLE CARDS ***
Dealt to Dorex2007 [9s Qc]
Giorno73: folds 
zpxnjp21: folds 
MuraBesPoker: folds 
NinjaNath02: folds 
Zonbbch4: folds 
kolyasik2401: folds 
Talmy2: folds 
fld11: folds 
Uncalled bet ($0.01) returned to Dorex2007
Dorex2007 collected $0.02 from pot
Dorex2007: doesn't show hand 
*** SUMMARY ***
Total pot $0.02 | Rake $0 
Seat 1: MuraBesPoker folded before Flop (didn't bet)
Seat 2: NinjaNath02 folded before Flop (didn't bet)
Seat 3: Zonbbch4 folded before Flop (didn't bet)
Seat 4: kolyasik2401 folded before Flop (didn't bet)
Seat 5: Talmy2 (button) folded before Flop (didn't bet)
Seat 6: fld11 (small blind) folded before Flop
Seat 7: Dorex2007 (big blind) collected ($0.02)
Seat 8: Giorno73 folded before Flop (didn't bet)
Seat 9: zpxnjp21 folded before Flop (didn't bet)



PokerStars Hand #224297970359:  Hold'em No Limit ($0.01/$0.02 USD) - 2021/02/27 19:43:36 PT [2021/02/27 22:43:36 ET]
Table 'Wendeline' 9-max Seat #6 is the button
Seat 1: MuraBesPoker ($2.56 in chips) 
Seat 2: NinjaNath02 ($2.01 in chips) 
Seat 3: Zonbbch4 ($2.20 in chips) 
Seat 4: kolyasik2401 ($2.44 in chips) 
Seat 5: Talmy2 ($1.82 in chips) 
Seat 6: fld11 ($0.62 in chips) 
Seat 7: Dorex2007 ($4.01 in chips) 
Seat 8: Giorno73 ($2.13 in chips) 
Seat 9: zpxnjp21 ($1.18 in chips) 
Dorex2007: posts small blind $0.01
Giorno73: posts big blind $0.02
*** HOLE CARDS ***
Dealt to Dorex2007 [Ts 9d]
zpxnjp21: folds 
MuraBesPoker: folds 
NinjaNath02: raises $0.04 to $0.06
Zonbbch4: folds 
kolyasik2401: folds 
Talmy2: folds 
fld11: folds 
Dorex2007: folds 
Giorno73: folds 
Uncalled bet ($0.04) returned to NinjaNath02
NinjaNath02 collected $0.05 from pot
NinjaNath02: doesn't show hand 
*** SUMMARY ***
Total pot $0.05 | Rake $0 
Seat 1: MuraBesPoker folded before Flop (didn't bet)
Seat 2: NinjaNath02 collected ($0.05)
Seat 3: Zonbbch4 folded before Flop (didn't bet)
Seat 4: kolyasik2401 folded before Flop (didn't bet)
Seat 5: Talmy2 folded before Flop (didn't bet)
Seat 6: fld11 (button) folded before Flop (didn't bet)
Seat 7: Dorex2007 (small blind) folded before Flop
Seat 8: Giorno73 (big blind) folded before Flop
Seat 9: zpxnjp21 folded before Flop (didn't bet)



PokerStars Hand #224297977175:  Hold'em No Limit ($0.01/$0.02 USD) - 2021/02/27 19:43:58 PT [2021/02/27 22:43:58 ET]
Table 'Wendeline' 9-max Seat #7 is the button
Seat 1: MuraBesPoker ($2.56 in chips) 
Seat 2: NinjaNath02 ($2.04 in chips) 
Seat 3: Zonbbch4 ($2.20 in chips) 
Seat 4: kolyasik2401 ($2.44 in chips) 
Seat 5: Talmy2 ($1.82 in chips) 
Seat 6: fld11 ($0.62 in chips) 
Seat 7: Dorex2007 ($4 in chips) 
Seat 8: Giorno73 ($2.11 in chips) 
Seat 9: zpxnjp21 ($1.18 in chips) 
Giorno73: posts small blind $0.01
zpxnjp21: posts big blind $0.02
*** HOLE CARDS ***
Dealt to Dorex2007 [6c Ts]
MuraBesPoker: folds 
NinjaNath02: folds 
Zonbbch4: folds 
kolyasik2401: raises $0.02 to $0.04
Talmy2: folds 
fld11: calls $0.04
Dorex2007: folds 
Giorno73: folds 
zpxnjp21: folds 
*** FLOP *** [5s 3h 2d]
kolyasik2401: bets $0.05
fld11: calls $0.05
*** TURN *** [5s 3h 2d] [Th]
kolyasik2401: checks 
fld11: checks 
*** RIVER *** [5s 3h 2d Th] [3s]
kolyasik2401: bets $0.10
fld11: calls $0.10
*** SHOW DOWN ***
kolyasik2401: shows [7d 7h] (two pair, Sevens and Threes)
fld11: mucks hand 
kolyasik2401 collected $0.40 from pot
*** SUMMARY ***
Total pot $0.41 | Rake $0.01 
Board [5s 3h 2d Th 3s]
Seat 1: MuraBesPoker folded before Flop (didn't bet)
Seat 2: NinjaNath02 folded before Flop (didn't bet)
Seat 3: Zonbbch4 folded before Flop (didn't bet)
Seat 4: kolyasik2401 showed [7d 7h] and won ($0.40) with two pair, Sevens and Threes
Seat 5: Talmy2 folded before Flop (didn't bet)
Seat 6: fld11 mucked [Ad Jd]
Seat 7: Dorex2007 (button) folded before Flop (didn't bet)
Seat 8: Giorno73 (small blind) folded before Flop
Seat 9: zpxnjp21 (big blind) folded before Flop



PokerStars Hand #224297990207:  Hold'em No Limit ($0.01/$0.02 USD) - 2021/02/27 19:44:42 PT [2021/02/27 22:44:42 ET]
Table 'Wendeline' 9-max Seat #8 is the button
Seat 1: MuraBesPoker ($2.56 in chips) 
Seat 2: NinjaNath02 ($2.04 in chips) 
Seat 3: Zonbbch4 ($2.20 in chips) 
Seat 4: kolyasik2401 ($2.65 in chips) 
Seat 5: Talmy2 ($1.82 in chips) 
Seat 6: fld11 ($0.43 in chips) 
Seat 7: Dorex2007 ($4 in chips) 
Seat 8: Giorno73 ($2.10 in chips) 
Seat 9: zpxnjp21 ($1.16 in chips) 
zpxnjp21: posts small blind $0.01
MuraBesPoker: posts big blind $0.02
*** HOLE CARDS ***
Dealt to Dorex2007 [4c 7h]
NinjaNath02: folds 
Zonbbch4: calls $0.02
kolyasik2401: folds 
Talmy2: raises $0.04 to $0.06
fld11: folds 
Dorex2007: folds 
Giorno73: folds 
zpxnjp21: folds 
MuraBesPoker: folds 
Zonbbch4: calls $0.04
*** FLOP *** [8h 6d Qs]
Zonbbch4: checks 
Talmy2: bets $0.10
Zonbbch4: folds 
Uncalled bet ($0.10) returned to Talmy2
Talmy2 collected $0.14 from pot
Talmy2: doesn't show hand 
*** SUMMARY ***
Total pot $0.15 | Rake $0.01 
Board [8h 6d Qs]
Seat 1: MuraBesPoker (big blind) folded before Flop
Seat 2: NinjaNath02 folded before Flop (didn't bet)
Seat 3: Zonbbch4 folded on the Flop
Seat 4: kolyasik2401 folded before Flop (didn't bet)
Seat 5: Talmy2 collected ($0.14)
Seat 6: fld11 folded before Flop (didn't bet)
Seat 7: Dorex2007 folded before Flop (didn't bet)
Seat 8: Giorno73 (button) folded before Flop (didn't bet)
Seat 9: zpxnjp21 (small blind) folded before Flop



PokerStars Hand #224298000584:  Hold'em No Limit ($0.01/$0.02 USD) - 2021/02/27 19:45:17 PT [2021/02/27 22:45:17 ET]
Table 'Wendeline' 9-max Seat #9 is the button
Seat 1: MuraBesPoker ($2.54 in chips) 
Seat 2: NinjaNath02 ($2.04 in chips) 
Seat 3: Zonbbch4 ($2.14 in chips) 
Seat 4: kolyasik2401 ($2.65 in chips) 
Seat 5: Talmy2 ($1.90 in chips) 
Seat 6: fld11 ($0.43 in chips) 
Seat 7: Dorex2007 ($4 in chips) 
Seat 8: Giorno73 ($2.10 in chips) 
Seat 9: zpxnjp21 ($1.15 in chips) 
MuraBesPoker: posts small blind $0.01
NinjaNath02: posts big blind $0.02
*** HOLE CARDS ***
Dealt to Dorex2007 [3d 2c]
Zonbbch4: calls $0.02
kolyasik2401: folds 
Talmy2: folds 
fld11: folds 
Dorex2007: folds 
Giorno73: folds 
zpxnjp21: folds 
MuraBesPoker: folds 
NinjaNath02: checks 
*** FLOP *** [3c Qh Js]
NinjaNath02: checks 
Zonbbch4: checks 
*** TURN *** [3c Qh Js] [Jh]
NinjaNath02: checks 
Zonbbch4: checks 
*** RIVER *** [3c Qh Js Jh] [5h]
NinjaNath02: bets $0.05
Zonbbch4: folds 
Uncalled bet ($0.05) returned to NinjaNath02
NinjaNath02 collected $0.05 from pot
NinjaNath02: doesn't show hand 
*** SUMMARY ***
Total pot $0.05 | Rake $0 
Board [3c Qh Js Jh 5h]
Seat 1: MuraBesPoker (small blind) folded before Flop
Seat 2: NinjaNath02 (big blind) collected ($0.05)
Seat 3: Zonbbch4 folded on the River
Seat 4: kolyasik2401 folded before Flop (didn't bet)
Seat 5: Talmy2 folded before Flop (didn't bet)
Seat 6: fld11 folded before Flop (didn't bet)
Seat 7: Dorex2007 folded before Flop (didn't bet)
Seat 8: Giorno73 folded before Flop (didn't bet)
Seat 9: zpxnjp21 (button) folded before Flop (didn't bet)



PokerStars Hand #224298014024:  Hold'em No Limit ($0.01/$0.02 USD) - 2021/02/27 19:46:03 PT [2021/02/27 22:46:03 ET]
Table 'Wendeline' 9-max Seat #1 is the button
Seat 1: MuraBesPoker ($2.53 in chips) 
Seat 2: NinjaNath02 ($2.07 in chips) 
Seat 3: Zonbbch4 ($2.12 in chips) 
Seat 4: kolyasik2401 ($2.65 in chips) 
Seat 5: Talmy2 ($1.90 in chips) 
Seat 6: fld11 ($0.43 in chips) 
Seat 7: Dorex2007 ($4 in chips) 
Seat 8: Giorno73 ($2.10 in chips) 
Seat 9: zpxnjp21 ($1.15 in chips) 
NinjaNath02: posts small blind $0.01
Zonbbch4: posts big blind $0.02
*** HOLE CARDS ***
Dealt to Dorex2007 [9s 8d]
kolyasik2401: folds 
Talmy2: calls $0.02
fld11: calls $0.02
Dorex2007: folds 
Giorno73: folds 
zpxnjp21: folds 
MuraBesPoker: folds 
NinjaNath02: folds 
Zonbbch4: raises $0.04 to $0.06
Talmy2: calls $0.04
fld11: calls $0.04
*** FLOP *** [7d 5c 7h]
Zonbbch4: checks 
Talmy2: checks 
fld11: checks 
*** TURN *** [7d 5c 7h] [3d]
Zonbbch4: checks 
Talmy2: bets $0.06
fld11: calls $0.06
Zonbbch4: folds 
*** RIVER *** [7d 5c 7h 3d] [4h]
Talmy2: bets $0.30
fld11: folds 
Uncalled bet ($0.30) returned to Talmy2
Talmy2 collected $0.30 from pot
Talmy2: doesn't show hand 
*** SUMMARY ***
Total pot $0.31 | Rake $0.01 
Board [7d 5c 7h 3d 4h]
Seat 1: MuraBesPoker (button) folded before Flop (didn't bet)
Seat 2: NinjaNath02 (small blind) folded before Flop
Seat 3: Zonbbch4 (big blind) folded on the Turn
Seat 4: kolyasik2401 folded before Flop (didn't bet)
Seat 5: Talmy2 collected ($0.30)
Seat 6: fld11 folded on the River
Seat 7: Dorex2007 folded before Flop (didn't bet)
Seat 8: Giorno73 folded before Flop (didn't bet)
Seat 9: zpxnjp21 folded before Flop (didn't bet)



PokerStars Hand #224298035084:  Hold'em No Limit ($0.01/$0.02 USD) - 2021/02/27 19:47:14 PT [2021/02/27 22:47:14 ET]
Table 'Wendeline' 9-max Seat #2 is the button
Seat 1: MuraBesPoker ($2.53 in chips) 
Seat 2: NinjaNath02 ($2.06 in chips) 
Seat 3: Zonbbch4 ($2.06 in chips) 
Seat 4: kolyasik2401 ($2.65 in chips) 
Seat 5: Talmy2 ($2.08 in chips) 
Seat 6: fld11 ($0.31 in chips) 
Seat 7: Dorex2007 ($4 in chips) 
Seat 8: Giorno73 ($2.10 in chips) 
Seat 9: zpxnjp21 ($1.15 in chips) 
Zonbbch4: posts small blind $0.01
kolyasik2401: posts big blind $0.02
*** HOLE CARDS ***
Dealt to Dorex2007 [Ac Qc]
Talmy2: folds 
fld11: calls $0.02
Dorex2007: raises $0.04 to $0.06
Giorno73: folds 
zpxnjp21: folds 
MuraBesPoker: folds 
NinjaNath02: folds 
Zonbbch4: calls $0.05
kolyasik2401: folds 
fld11: calls $0.04
*** FLOP *** [Jc 3h 8d]
Zonbbch4: checks 
fld11: checks 
Dorex2007: bets $0.14
Zonbbch4: folds 
fld11: folds 
Uncalled bet ($0.14) returned to Dorex2007
Dorex2007 collected $0.19 from pot
Dorex2007: doesn't show hand 
*** SUMMARY ***
Total pot $0.20 | Rake $0.01 
Board [Jc 3h 8d]
Seat 1: MuraBesPoker folded before Flop (didn't bet)
Seat 2: NinjaNath02 (button) folded before Flop (didn't bet)
Seat 3: Zonbbch4 (small blind) folded on the Flop
Seat 4: kolyasik2401 (big blind) folded before Flop
Seat 5: Talmy2 folded before Flop (didn't bet)
Seat 6: fld11 folded on the Flop
Seat 7: Dorex2007 collected ($0.19)
Seat 8: Giorno73 folded before Flop (didn't bet)
Seat 9: zpxnjp21 folded before Flop (didn't bet)



PokerStars Hand #224298046218:  Hold'em No Limit ($0.01/$0.02 USD) - 2021/02/27 19:47:52 PT [2021/02/27 22:47:52 ET]
Table 'Wendeline' 9-max Seat #3 is the button
Seat 1: MuraBesPoker ($2.53 in chips) 
Seat 2: NinjaNath02 ($2.06 in chips) 
Seat 3: Zonbbch4 ($2 in chips) 
Seat 4: kolyasik2401 ($2.63 in chips) 
Seat 5: Talmy2 ($2.08 in chips) 
Seat 6: fld11 ($0.25 in chips) 
Seat 7: Dorex2007 ($4.13 in chips) 
Seat 8: Giorno73 ($2.10 in chips) 
Seat 9: zpxnjp21 ($1.15 in chips) 
kolyasik2401: posts small blind $0.01
Talmy2: posts big blind $0.02
*** HOLE CARDS ***
Dealt to Dorex2007 [4d 7h]
fld11: calls $0.02
Dorex2007: folds 
Giorno73: folds 
zpxnjp21: raises $0.07 to $0.09
MuraBesPoker: folds 
NinjaNath02: folds 
Zonbbch4: calls $0.09
kolyasik2401: folds 
Talmy2: folds 
fld11: calls $0.07
*** FLOP *** [6d 5s Kh]
fld11: checks 
zpxnjp21: checks 
Zonbbch4: bets $0.08
fld11: calls $0.08
zpxnjp21: folds 
*** TURN *** [6d 5s Kh] [3h]
fld11: bets $0.02
Zonbbch4: raises $0.18 to $0.20
fld11: calls $0.06 and is all-in
Uncalled bet ($0.12) returned to Zonbbch4
*** RIVER *** [6d 5s Kh 3h] [Kd]
*** SHOW DOWN ***
fld11: shows [9h Ah] (a pair of Kings)
Zonbbch4: shows [9s Jd] (a pair of Kings - lower kicker)
fld11 collected $0.60 from pot
*** SUMMARY ***
Total pot $0.62 | Rake $0.02 
Board [6d 5s Kh 3h Kd]
Seat 1: MuraBesPoker folded before Flop (didn't bet)
Seat 2: NinjaNath02 folded before Flop (didn't bet)
Seat 3: Zonbbch4 (button) showed [9s Jd] and lost with a pair of Kings
Seat 4: kolyasik2401 (small blind) folded before Flop
Seat 5: Talmy2 (big blind) folded before Flop
Seat 6: fld11 showed [9h Ah] and won ($0.60) with a pair of Kings
Seat 7: Dorex2007 folded before Flop (didn't bet)
Seat 8: Giorno73 folded before Flop (didn't bet)
Seat 9: zpxnjp21 folded on the Flop



PokerStars Hand #224298073606:  Hold'em No Limit ($0.01/$0.02 USD) - 2021/02/27 19:49:00 PT [2021/02/27 22:49:00 ET]
Table 'Wendeline' 9-max Seat #4 is the button
Seat 1: MuraBesPoker ($2.53 in chips) 
Seat 2: NinjaNath02 ($2.06 in chips) 
Seat 3: Zonbbch4 ($1.75 in chips) 
Seat 4: kolyasik2401 ($2.62 in chips) 
Seat 5: Talmy2 ($2.06 in chips) 
Seat 6: fld11 ($0.60 in chips) 
Seat 7: Dorex2007 ($4.13 in chips) 
Seat 8: Giorno73 ($2.10 in chips) 
Seat 9: zpxnjp21 ($1.06 in chips) 
Talmy2: posts small blind $0.01
fld11: posts big blind $0.02
*** HOLE CARDS ***
Dealt to Dorex2007 [2h 7c]
Dorex2007: folds 
Giorno73: folds 
zpxnjp21: folds 
MuraBesPoker: calls $0.02
NinjaNath02: folds 
Zonbbch4: calls $0.02
kolyasik2401: folds 
Talmy2: calls $0.01
fld11: checks 
*** FLOP *** [Jh Td Ah]
Talmy2: checks 
fld11: checks 
MuraBesPoker: checks 
Zonbbch4: checks 
*** TURN *** [Jh Td Ah] [9s]
Talmy2: checks 
fld11: checks 
MuraBesPoker: checks 
Zonbbch4: checks 
*** RIVER *** [Jh Td Ah 9s] [6h]
Talmy2: checks 
fld11: checks 
MuraBesPoker: checks 
Zonbbch4: checks 
*** SHOW DOWN ***
Talmy2: shows [2c 8d] (high card Ace)
fld11: shows [Kc Kd] (a pair of Kings)
MuraBesPoker: mucks hand 
Zonbbch4: mucks hand 
fld11 collected $0.08 from pot
*** SUMMARY ***
Total pot $0.08 | Rake $0 
Board [Jh Td Ah 9s 6h]
Seat 1: MuraBesPoker mucked [4s 4d]
Seat 2: NinjaNath02 folded before Flop (didn't bet)
Seat 3: Zonbbch4 mucked [3d 5d]
Seat 4: kolyasik2401 (button) folded before Flop (didn't bet)
Seat 5: Talmy2 (small blind) showed [2c 8d] and lost with high card Ace
Seat 6: fld11 (big blind) showed [Kc Kd] and won ($0.08) with a pair of Kings
Seat 7: Dorex2007 folded before Flop (didn't bet)
Seat 8: Giorno73 folded before Flop (didn't bet)
Seat 9: zpxnjp21 folded before Flop (didn't bet)



PokerStars Hand #224298094155:  Hold'em No Limit ($0.01/$0.02 USD) - 2021/02/27 19:50:11 PT [2021/02/27 22:50:11 ET]
Table 'Wendeline' 9-max Seat #5 is the button
Seat 1: MuraBesPoker ($2.51 in chips) 
Seat 2: NinjaNath02 ($2.06 in chips) 
Seat 3: Zonbbch4 ($1.73 in chips) 
Seat 4: kolyasik2401 ($2.62 in chips) 
Seat 5: Talmy2 ($2.04 in chips) 
Seat 6: fld11 ($0.66 in chips) 
Seat 7: Dorex2007 ($4.13 in chips) 
Seat 8: Giorno73 ($2.10 in chips) 
Seat 9: zpxnjp21 ($1.06 in chips) 
fld11: posts small blind $0.01
Dorex2007: posts big blind $0.02
*** HOLE CARDS ***
Dealt to Dorex2007 [Ac Jd]
Giorno73: folds 
zpxnjp21: raises $0.04 to $0.06
MuraBesPoker: folds 
NinjaNath02: folds 
Zonbbch4: folds 
kolyasik2401: folds 
Talmy2: folds 
fld11: calls $0.05
Dorex2007: calls $0.04
*** FLOP *** [4c 6s 5d]
fld11: checks 
Dorex2007: checks 
zpxnjp21: checks 
*** TURN *** [4c 6s 5d] [3h]
fld11: bets $0.02
Dorex2007: calls $0.02
zpxnjp21: calls $0.02
*** RIVER *** [4c 6s 5d 3h] [9h]
fld11: bets $0.02
Dorex2007: folds 
zpxnjp21: folds 
Uncalled bet ($0.02) returned to fld11
fld11 collected $0.23 from pot
fld11: doesn't show hand 
*** SUMMARY ***
Total pot $0.24 | Rake $0.01 
Board [4c 6s 5d 3h 9h]
Seat 1: MuraBesPoker folded before Flop (didn't bet)
Seat 2: NinjaNath02 folded before Flop (didn't bet)
Seat 3: Zonbbch4 folded before Flop (didn't bet)
Seat 4: kolyasik2401 folded before Flop (didn't bet)
Seat 5: Talmy2 (button) folded before Flop (didn't bet)
Seat 6: fld11 (small blind) collected ($0.23)
Seat 7: Dorex2007 (big blind) folded on the River
Seat 8: Giorno73 folded before Flop (didn't bet)
Seat 9: zpxnjp21 folded on the River



PokerStars Hand #224298111409:  Hold'em No Limit ($0.01/$0.02 USD) - 2021/02/27 19:51:11 PT [2021/02/27 22:51:11 ET]
Table 'Wendeline' 9-max Seat #6 is the button
Seat 1: MuraBesPoker ($2.51 in chips) 
Seat 2: NinjaNath02 ($2.06 in chips) 
Seat 3: Zonbbch4 ($1.73 in chips) 
Seat 4: kolyasik2401 ($2.62 in chips) 
Seat 5: Talmy2 ($2.04 in chips) 
Seat 6: fld11 ($0.81 in chips) 
Seat 7: Dorex2007 ($4.05 in chips) 
Seat 8: Giorno73 ($2.10 in chips) 
Seat 9: zpxnjp21 ($0.98 in chips) 
Dorex2007: posts small blind $0.01
Giorno73: posts big blind $0.02
*** HOLE CARDS ***
Dealt to Dorex2007 [Qh Tc]
zpxnjp21: folds 
MuraBesPoker: folds 
NinjaNath02: raises $0.04 to $0.06
Zonbbch4: folds 
kolyasik2401: folds 
Talmy2: folds 
fld11: folds 
Dorex2007: calls $0.05
Giorno73: folds 
*** FLOP *** [3s Ad 8s]
Dorex2007: bets $0.07
NinjaNath02: raises $0.13 to $0.20
Dorex2007: folds 
Uncalled bet ($0.13) returned to NinjaNath02
NinjaNath02 collected $0.27 from pot
NinjaNath02: doesn't show hand 
*** SUMMARY ***
Total pot $0.28 | Rake $0.01 
Board [3s Ad 8s]
Seat 1: MuraBesPoker folded before Flop (didn't bet)
Seat 2: NinjaNath02 collected ($0.27)
Seat 3: Zonbbch4 folded before Flop (didn't bet)
Seat 4: kolyasik2401 folded before Flop (didn't bet)
Seat 5: Talmy2 folded before Flop (didn't bet)
Seat 6: fld11 (button) folded before Flop (didn't bet)
Seat 7: Dorex2007 (small blind) folded on the Flop
Seat 8: Giorno73 (big blind) folded before Flop
Seat 9: zpxnjp21 folded before Flop (didn't bet)



PokerStars Hand #224298126670:  Hold'em No Limit ($0.01/$0.02 USD) - 2021/02/27 19:52:04 PT [2021/02/27 22:52:04 ET]
Table 'Wendeline' 9-max Seat #7 is the button
Seat 1: MuraBesPoker ($2.51 in chips) 
Seat 2: NinjaNath02 ($2.20 in chips) 
Seat 3: Zonbbch4 ($1.73 in chips) 
Seat 4: kolyasik2401 ($2.62 in chips) 
Seat 5: Talmy2 ($2.04 in chips) 
Seat 6: fld11 ($0.81 in chips) 
Seat 7: Dorex2007 ($3.92 in chips) 
Seat 8: Giorno73 ($2.08 in chips) 
Seat 9: zpxnjp21 ($0.98 in chips) 
Giorno73: posts small blind $0.01
zpxnjp21: posts big blind $0.02
*** HOLE CARDS ***
Dealt to Dorex2007 [Ah 2c]
MuraBesPoker: folds 
NinjaNath02: folds 
Zonbbch4: raises $0.02 to $0.04
kolyasik2401: folds 
Talmy2: folds 
fld11: calls $0.04
Dorex2007: folds 
Giorno73: folds 
zpxnjp21: folds 
*** FLOP *** [4s Ac 5d]
Zonbbch4: checks 
fld11: checks 
*** TURN *** [4s Ac 5d] [7c]
Zonbbch4: checks 
fld11: checks 
*** RIVER *** [4s Ac 5d 7c] [Ts]
Zonbbch4: checks 
fld11: checks 
*** SHOW DOWN ***
Zonbbch4: shows [8s 5s] (a pair of Fives)
fld11: shows [6h 6d] (a pair of Sixes)
fld11 collected $0.11 from pot
*** SUMMARY ***
Total pot $0.11 | Rake $0 
Board [4s Ac 5d 7c Ts]
Seat 1: MuraBesPoker folded before Flop (didn't bet)
Seat 2: NinjaNath02 folded before Flop (didn't bet)
Seat 3: Zonbbch4 showed [8s 5s] and lost with a pair of Fives
Seat 4: kolyasik2401 folded before Flop (didn't bet)
Seat 5: Talmy2 folded before Flop (didn't bet)
Seat 6: fld11 showed [6h 6d] and won ($0.11) with a pair of Sixes
Seat 7: Dorex2007 (button) folded before Flop (didn't bet)
Seat 8: Giorno73 (small blind) folded before Flop
Seat 9: zpxnjp21 (big blind) folded before Flop



PokerStars Hand #224298144665:  Hold'em No Limit ($0.01/$0.02 USD) - 2021/02/27 19:53:07 PT [2021/02/27 22:53:07 ET]
Table 'Wendeline' 9-max Seat #8 is the button
Seat 1: MuraBesPoker ($2.51 in chips) 
Seat 2: NinjaNath02 ($2.20 in chips) 
Seat 3: Zonbbch4 ($1.69 in chips) 
Seat 4: kolyasik2401 ($2.62 in chips) 
Seat 5: Talmy2 ($2.04 in chips) 
Seat 6: fld11 ($0.88 in chips) 
Seat 7: Dorex2007 ($3.92 in chips) 
Seat 8: Giorno73 ($2.07 in chips) 
Seat 9: zpxnjp21 ($0.96 in chips) 
zpxnjp21: posts small blind $0.01
MuraBesPoker: posts big blind $0.02
*** HOLE CARDS ***
Dealt to Dorex2007 [9s 2c]
NinjaNath02: folds 
Zonbbch4: folds 
kolyasik2401: folds 
Talmy2: raises $0.04 to $0.06
fld11: folds 
Dorex2007: folds 
Giorno73: calls $0.06
zpxnjp21: folds 
MuraBesPoker: folds 
*** FLOP *** [Ks 8c 7d]
Talmy2: checks 
Giorno73: bets $0.06
Talmy2: calls $0.06
*** TURN *** [Ks 8c 7d] [Qs]
Talmy2: checks 
Giorno73: checks 
*** RIVER *** [Ks 8c 7d Qs] [7c]
Talmy2: checks 
Giorno73: checks 
*** SHOW DOWN ***
Talmy2: shows [Qc Jc] (two pair, Queens and Sevens)
Giorno73: mucks hand 
Talmy2 collected $0.26 from pot
*** SUMMARY ***
Total pot $0.27 | Rake $0.01 
Board [Ks 8c 7d Qs 7c]
Seat 1: MuraBesPoker (big blind) folded before Flop
Seat 2: NinjaNath02 folded before Flop (didn't bet)
Seat 3: Zonbbch4 folded before Flop (didn't bet)
Seat 4: kolyasik2401 folded before Flop (didn't bet)
Seat 5: Talmy2 showed [Qc Jc] and won ($0.26) with two pair, Queens and Sevens
Seat 6: fld11 folded before Flop (didn't bet)
Seat 7: Dorex2007 folded before Flop (didn't bet)
Seat 8: Giorno73 (button) mucked [Tc Th]
Seat 9: zpxnjp21 (small blind) folded before Flop



PokerStars Hand #224298158501:  Hold'em No Limit ($0.01/$0.02 USD) - 2021/02/27 19:53:55 PT [2021/02/27 22:53:55 ET]
Table 'Wendeline' 9-max Seat #9 is the button
Seat 1: MuraBesPoker ($2.49 in chips) 
Seat 2: NinjaNath02 ($2.20 in chips) 
Seat 3: Zonbbch4 ($1.69 in chips) 
Seat 4: kolyasik2401 ($2.62 in chips) 
Seat 5: Talmy2 ($2.18 in chips) 
Seat 6: fld11 ($0.88 in chips) 
Seat 7: Dorex2007 ($3.92 in chips) 
Seat 8: Giorno73 ($2 in chips) 
Seat 9: zpxnjp21 ($0.95 in chips) 
MuraBesPoker: posts small blind $0.01
NinjaNath02: posts big blind $0.02
*** HOLE CARDS ***
Dealt to Dorex2007 [Qd 4h]
Zonbbch4: folds 
kolyasik2401: folds 
Talmy2: folds 
fld11: folds 
Dorex2007: folds 
Giorno73: folds 
zpxnjp21: folds 
MuraBesPoker: folds 
Uncalled bet ($0.01) returned to NinjaNath02
NinjaNath02 collected $0.02 from pot
NinjaNath02: doesn't show hand 
*** SUMMARY ***
Total pot $0.02 | Rake $0 
Seat 1: MuraBesPoker (small blind) folded before Flop
Seat 2: NinjaNath02 (big blind) collected ($0.02)
Seat 3: Zonbbch4 folded before Flop (didn't bet)
Seat 4: kolyasik2401 folded before Flop (didn't bet)
Seat 5: Talmy2 folded before Flop (didn't bet)
Seat 6: fld11 folded before Flop (didn't bet)
Seat 7: Dorex2007 folded before Flop (didn't bet)
Seat 8: Giorno73 folded before Flop (didn't bet)
Seat 9: zpxnjp21 (button) folded before Flop (didn't bet)



PokerStars Hand #224298164868:  Hold'em No Limit ($0.01/$0.02 USD) - 2021/02/27 19:54:17 PT [2021/02/27 22:54:17 ET]
Table 'Wendeline' 9-max Seat #1 is the button
Seat 1: MuraBesPoker ($2.48 in chips) 
Seat 2: NinjaNath02 ($2.21 in chips) 
Seat 3: Zonbbch4 ($1.69 in chips) 
Seat 4: kolyasik2401 ($2.62 in chips) 
Seat 5: Talmy2 ($2.18 in chips) 
Seat 6: fld11 ($0.88 in chips) 
Seat 7: Dorex2007 ($3.92 in chips) 
Seat 8: Giorno73 ($2 in chips) 
Seat 9: zpxnjp21 ($0.95 in chips) 
NinjaNath02: posts small blind $0.01
Zonbbch4: posts big blind $0.02
*** HOLE CARDS ***
Dealt to Dorex2007 [Ah 3s]
kolyasik2401: folds 
Talmy2: folds 
fld11: folds 
Dorex2007: folds 
Giorno73: folds 
zpxnjp21: raises $0.02 to $0.04
MuraBesPoker: folds 
NinjaNath02: folds 
Zonbbch4: calls $0.02
*** FLOP *** [Qh 8s 5s]
Zonbbch4: checks 
zpxnjp21: bets $0.05
Zonbbch4: calls $0.05
*** TURN *** [Qh 8s 5s] [Td]
Zonbbch4: checks 
zpxnjp21: bets $0.86 and is all-in
Zonbbch4: folds 
Uncalled bet ($0.86) returned to zpxnjp21
zpxnjp21 collected $0.18 from pot
zpxnjp21: doesn't show hand 
*** SUMMARY ***
Total pot $0.19 | Rake $0.01 
Board [Qh 8s 5s Td]
Seat 1: MuraBesPoker (button) folded before Flop (didn't bet)
Seat 2: NinjaNath02 (small blind) folded before Flop
Seat 3: Zonbbch4 (big blind) folded on the Turn
Seat 4: kolyasik2401 folded before Flop (didn't bet)
Seat 5: Talmy2 folded before Flop (didn't bet)
Seat 6: fld11 folded before Flop (didn't bet)
Seat 7: Dorex2007 folded before Flop (didn't bet)
Seat 8: Giorno73 folded before Flop (didn't bet)
Seat 9: zpxnjp21 collected ($0.18)



PokerStars Hand #224298181740:  Hold'em No Limit ($0.01/$0.02 USD) - 2021/02/27 19:55:18 PT [2021/02/27 22:55:18 ET]
Table 'Wendeline' 9-max Seat #2 is the button
Seat 1: MuraBesPoker ($2.48 in chips) 
Seat 2: NinjaNath02 ($2.20 in chips) 
Seat 3: Zonbbch4 ($1.60 in chips) 
Seat 4: kolyasik2401 ($2.62 in chips) 
Seat 5: Talmy2 ($2.18 in chips) 
Seat 6: fld11 ($0.88 in chips) 
Seat 7: Dorex2007 ($3.92 in chips) 
Seat 8: Giorno73 ($2 in chips) 
Seat 9: zpxnjp21 ($1.04 in chips) 
Zonbbch4: posts small blind $0.01
kolyasik2401: posts big blind $0.02
*** HOLE CARDS ***
Dealt to Dorex2007 [9c Jc]
Talmy2: folds 
fld11: folds 
Dorex2007: folds 
Giorno73: folds 
zpxnjp21: folds 
MuraBesPoker: folds 
NinjaNath02: raises $0.04 to $0.06
Zonbbch4: calls $0.05
kolyasik2401: calls $0.04
*** FLOP *** [4h 7s 8h]
Zonbbch4: checks 
kolyasik2401: checks 
NinjaNath02: bets $0.12
Zonbbch4: folds 
kolyasik2401: calls $0.12
*** TURN *** [4h 7s 8h] [2s]
kolyasik2401: checks 
NinjaNath02: bets $0.30
kolyasik2401: folds 
Uncalled bet ($0.30) returned to NinjaNath02
NinjaNath02 collected $0.41 from pot
NinjaNath02: doesn't show hand 
*** SUMMARY ***
Total pot $0.42 | Rake $0.01 
Board [4h 7s 8h 2s]
Seat 1: MuraBesPoker folded before Flop (didn't bet)
Seat 2: NinjaNath02 (button) collected ($0.41)
Seat 3: Zonbbch4 (small blind) folded on the Flop
Seat 4: kolyasik2401 (big blind) folded on the Turn
Seat 5: Talmy2 folded before Flop (didn't bet)
Seat 6: fld11 folded before Flop (didn't bet)
Seat 7: Dorex2007 folded before Flop (didn't bet)
Seat 8: Giorno73 folded before Flop (didn't bet)
Seat 9: zpxnjp21 folded before Flop (didn't bet)



PokerStars Hand #224298202576:  Hold'em No Limit ($0.01/$0.02 USD) - 2021/02/27 19:56:40 PT [2021/02/27 22:56:40 ET]
Table 'Wendeline' 9-max Seat #3 is the button
Seat 1: MuraBesPoker ($2.48 in chips) 
Seat 2: NinjaNath02 ($2.43 in chips) 
Seat 3: Zonbbch4 ($1.54 in chips) 
Seat 4: kolyasik2401 ($2.44 in chips) 
Seat 5: Talmy2 ($2.18 in chips) 
Seat 6: fld11 ($0.88 in chips) 
Seat 7: Dorex2007 ($3.92 in chips) 
Seat 8: Giorno73 ($2 in chips) 
Seat 9: zpxnjp21 ($1.04 in chips) 
kolyasik2401: posts small blind $0.01
Talmy2: posts big blind $0.02
*** HOLE CARDS ***
Dealt to Dorex2007 [Td As]
fld11: calls $0.02
Dorex2007: calls $0.02
Giorno73: raises $0.04 to $0.06
zpxnjp21: folds 
MuraBesPoker: folds 
NinjaNath02: folds 
Zonbbch4: folds 
kolyasik2401: folds 
Talmy2: calls $0.04
fld11: calls $0.04
Dorex2007: calls $0.04
*** FLOP *** [Ah Kd 3h]
Talmy2: checks 
fld11: checks 
Dorex2007: checks 
Giorno73: bets $0.10
Talmy2: calls $0.10
fld11: folds 
Dorex2007: calls $0.10
*** TURN *** [Ah Kd 3h] [4s]
Talmy2: checks 
Dorex2007: checks 
Giorno73: checks 
*** RIVER *** [Ah Kd 3h 4s] [Ks]
Talmy2: checks 
Dorex2007: bets $0.27
Giorno73: folds 
Talmy2: folds 
Uncalled bet ($0.27) returned to Dorex2007
Dorex2007 collected $0.53 from pot
Dorex2007: doesn't show hand 
*** SUMMARY ***
Total pot $0.55 | Rake $0.02 
Board [Ah Kd 3h 4s Ks]
Seat 1: MuraBesPoker folded before Flop (didn't bet)
Seat 2: NinjaNath02 folded before Flop (didn't bet)
Seat 3: Zonbbch4 (button) folded before Flop (didn't bet)
Seat 4: kolyasik2401 (small blind) folded before Flop
Seat 5: Talmy2 (big blind) folded on the River
Seat 6: fld11 folded on the Flop
Seat 7: Dorex2007 collected ($0.53)
Seat 8: Giorno73 folded on the River
Seat 9: zpxnjp21 folded before Flop (didn't bet)



PokerStars Hand #224298215026:  Hold'em No Limit ($0.01/$0.02 USD) - 2021/02/27 19:57:36 PT [2021/02/27 22:57:36 ET]
Table 'Wendeline' 9-max Seat #4 is the button
Seat 1: MuraBesPoker ($2.48 in chips) 
Seat 2: NinjaNath02 ($2.43 in chips) 
Seat 3: Zonbbch4 ($1.54 in chips) 
Seat 4: kolyasik2401 ($2.43 in chips) 
Seat 5: Talmy2 ($2.02 in chips) 
Seat 7: Dorex2007 ($4.29 in chips) 
Seat 8: Giorno73 ($2 in chips) 
Seat 9: zpxnjp21 ($1.04 in chips) 
Talmy2: posts small blind $0.01
fld11: is sitting out 
Dorex2007: posts big blind $0.02
*** HOLE CARDS ***
Dealt to Dorex2007 [6d 2s]
Giorno73: folds 
zpxnjp21: folds 
MuraBesPoker: folds 
NinjaNath02: folds 
Zonbbch4: folds 
fld11 leaves the table
kolyasik2401: raises $0.02 to $0.04
Talmy2: calls $0.03
Dorex2007: folds 
*** FLOP *** [5h Ac Qh]
Talmy2: checks 
kolyasik2401: bets $0.07
Talmy2: calls $0.07
*** TURN *** [5h Ac Qh] [8d]
Talmy2: checks 
kolyasik2401: bets $0.17
mihabearn joins the table at seat #6 
Talmy2: folds 
Uncalled bet ($0.17) returned to kolyasik2401
kolyasik2401 collected $0.23 from pot
kolyasik2401: doesn't show hand 
*** SUMMARY ***
Total pot $0.24 | Rake $0.01 
Board [5h Ac Qh 8d]
Seat 1: MuraBesPoker folded before Flop (didn't bet)
Seat 2: NinjaNath02 folded before Flop (didn't bet)
Seat 3: Zonbbch4 folded before Flop (didn't bet)
Seat 4: kolyasik2401 (button) collected ($0.23)
Seat 5: Talmy2 (small blind) folded on the Turn
Seat 7: Dorex2007 (big blind) folded before Flop
Seat 8: Giorno73 folded before Flop (didn't bet)
Seat 9: zpxnjp21 folded before Flop (didn't bet)



PokerStars Hand #224298225903:  Hold'em No Limit ($0.01/$0.02 USD) - 2021/02/27 19:58:26 PT [2021/02/27 22:58:26 ET]
Table 'Wendeline' 9-max Seat #5 is the button
Seat 1: MuraBesPoker ($2.48 in chips) 
Seat 2: NinjaNath02 ($2.43 in chips) 
Seat 3: Zonbbch4 ($1.54 in chips) 
Seat 4: kolyasik2401 ($2.55 in chips) 
Seat 5: Talmy2 ($1.91 in chips) 
Seat 7: Dorex2007 ($4.27 in chips) 
Seat 8: Giorno73 ($2 in chips) 
Seat 9: zpxnjp21 ($1.04 in chips) 
Dorex2007: posts small blind $0.01
Giorno73: posts big blind $0.02
*** HOLE CARDS ***
Dealt to Dorex2007 [2s 5d]
zpxnjp21: folds 
MuraBesPoker: folds 
NinjaNath02: raises $0.04 to $0.06
Zonbbch4: calls $0.06
kolyasik2401: folds 
Talmy2: calls $0.06
Dorex2007: folds 
Giorno73: calls $0.04
*** FLOP *** [5s Ad Jd]
Giorno73: checks 
NinjaNath02: bets $0.17
Zonbbch4: folds 
Talmy2: calls $0.17
Giorno73: folds 
*** TURN *** [5s Ad Jd] [6d]
NinjaNath02: checks 
Talmy2: checks 
*** RIVER *** [5s Ad Jd 6d] [3s]
NinjaNath02: bets $0.20
Talmy2: calls $0.20
*** SHOW DOWN ***
NinjaNath02: shows [7c Ac] (a pair of Aces)
Talmy2: shows [Th Ah] (a pair of Aces - Jack+Ten kicker)
Talmy2 collected $0.96 from pot
*** SUMMARY ***
Total pot $0.99 | Rake $0.03 
Board [5s Ad Jd 6d 3s]
Seat 1: MuraBesPoker folded before Flop (didn't bet)
Seat 2: NinjaNath02 showed [7c Ac] and lost with a pair of Aces
Seat 3: Zonbbch4 folded on the Flop
Seat 4: kolyasik2401 folded before Flop (didn't bet)
Seat 5: Talmy2 (button) showed [Th Ah] and won ($0.96) with a pair of Aces
Seat 7: Dorex2007 (small blind) folded before Flop
Seat 8: Giorno73 (big blind) folded on the Flop
Seat 9: zpxnjp21 folded before Flop (didn't bet)



PokerStars Hand #224298238687:  Hold'em No Limit ($0.01/$0.02 USD) - 2021/02/27 19:59:24 PT [2021/02/27 22:59:24 ET]
Table 'Wendeline' 9-max Seat #7 is the button
Seat 1: MuraBesPoker ($2.48 in chips) 
Seat 2: NinjaNath02 ($2 in chips) 
Seat 3: Zonbbch4 ($1.48 in chips) 
Seat 4: kolyasik2401 ($2.55 in chips) 
Seat 5: Talmy2 ($2.44 in chips) 
Seat 7: Dorex2007 ($4.26 in chips) 
Seat 8: Giorno73 ($2 in chips) 
Seat 9: zpxnjp21 ($1.04 in chips) 
Giorno73: posts small blind $0.01
zpxnjp21: posts big blind $0.02
mihabearn: sits out 
*** HOLE CARDS ***
Dealt to Dorex2007 [Js Jc]
MuraBesPoker: folds 
NinjaNath02: folds 
NinjaNath02 leaves the table
Zonbbch4: raises $0.04 to $0.06
kolyasik2401: folds 
Talmy2: folds 
Dorex2007: raises $0.12 to $0.18
Giorno73: folds 
zpxnjp21: folds 
Zonbbch4: calls $0.12
*** FLOP *** [Jd Tc Qh]
Zonbbch4: checks 
Dorex2007: bets $4.08 and is all-in
Zonbbch4: calls $1.30 and is all-in
Uncalled bet ($2.78) returned to Dorex2007
*** TURN *** [Jd Tc Qh] [5h]
*** RIVER *** [Jd Tc Qh 5h] [7d]
*** SHOW DOWN ***
Zonbbch4: shows [9d 8d] (a straight, Eight to Queen)
Dorex2007: shows [Js Jc] (three of a kind, Jacks)
Zonbbch4 collected $2.89 from pot
*** SUMMARY ***
Total pot $2.99 | Rake $0.10 
Board [Jd Tc Qh 5h 7d]
Seat 1: MuraBesPoker folded before Flop (didn't bet)
Seat 2: NinjaNath02 folded before Flop (didn't bet)
Seat 3: Zonbbch4 showed [9d 8d] and won ($2.89) with a straight, Eight to Queen
Seat 4: kolyasik2401 folded before Flop (didn't bet)
Seat 5: Talmy2 folded before Flop (didn't bet)
Seat 7: Dorex2007 (button) showed [Js Jc] and lost with three of a kind, Jacks
Seat 8: Giorno73 (small blind) folded before Flop
Seat 9: zpxnjp21 (big blind) folded before Flop



PokerStars Hand #224298250371:  Hold'em No Limit ($0.01/$0.02 USD) - 2021/02/27 20:00:14 PT [2021/02/27 23:00:14 ET]
Table 'Wendeline' 9-max Seat #8 is the button
Seat 1: MuraBesPoker ($2.48 in chips) 
Seat 3: Zonbbch4 ($2.89 in chips) 
Seat 4: kolyasik2401 ($2.55 in chips) 
Seat 5: Talmy2 ($2.44 in chips) 
Seat 7: Dorex2007 ($2.78 in chips) 
Seat 8: Giorno73 ($2 in chips) 
Seat 9: zpxnjp21 ($1.02 in chips) 
zpxnjp21: posts small blind $0.01
MuraBesPoker: posts big blind $0.02
mihabearn: sits out 
*** HOLE CARDS ***
Dealt to Dorex2007 [As Kh]
Zonbbch4: folds 
kolyasik2401: folds 
Talmy2: folds 
Dorex2007: raises $0.04 to $0.06
Giorno73: calls $0.06
zpxnjp21: folds 
MuraBesPoker: folds 
*** FLOP *** [4s Ts Th]
Dorex2007: checks 
Giorno73: checks 
*** TURN *** [4s Ts Th] [Qs]
Dorex2007: checks 
Giorno73: bets $0.06
Dorex2007: calls $0.06
*** RIVER *** [4s Ts Th Qs] [Ah]
Dorex2007: checks 
dobedoobiedo joins the table at seat #2 
Giorno73: checks 
*** SHOW DOWN ***
Dorex2007: shows [As Kh] (two pair, Aces and Tens)
Giorno73: mucks hand 
Dorex2007 collected $0.26 from pot
*** SUMMARY ***
Total pot $0.27 | Rake $0.01 
Board [4s Ts Th Qs Ah]
Seat 1: MuraBesPoker (big blind) folded before Flop
Seat 3: Zonbbch4 folded before Flop (didn't bet)
Seat 4: kolyasik2401 folded before Flop (didn't bet)
Seat 5: Talmy2 folded before Flop (didn't bet)
Seat 7: Dorex2007 showed [As Kh] and won ($0.26) with two pair, Aces and Tens
Seat 8: Giorno73 (button) mucked [5h 7h]
Seat 9: zpxnjp21 (small blind) folded before Flop



PokerStars Hand #224298263557:  Hold'em No Limit ($0.01/$0.02 USD) - 2021/02/27 20:01:03 PT [2021/02/27 23:01:03 ET]
Table 'Wendeline' 9-max Seat #9 is the button
Seat 1: MuraBesPoker ($2.46 in chips) 
Seat 2: dobedoobiedo ($2 in chips) 
Seat 3: Zonbbch4 ($2.89 in chips) 
Seat 4: kolyasik2401 ($2.55 in chips) 
Seat 5: Talmy2 ($2.44 in chips) 
Seat 7: Dorex2007 ($2.92 in chips) 
Seat 8: Giorno73 ($2 in chips) 
Seat 9: zpxnjp21 ($1.01 in chips) 
MuraBesPoker: posts small blind $0.01
dobedoobiedo: posts big blind $0.02
mihabearn: sits out 
*** HOLE CARDS ***
Dealt to Dorex2007 [2h Qc]
Zonbbch4: raises $0.04 to $0.06
kolyasik2401: folds 
Talmy2: calls $0.06
Dorex2007: folds 
Giorno73: folds 
zpxnjp21: folds 
MuraBesPoker: folds 
dobedoobiedo: folds 
*** FLOP *** [9s 2d 5d]
Zonbbch4: checks 
Talmy2: checks 
*** TURN *** [9s 2d 5d] [8s]
Zonbbch4: checks 
Talmy2: checks 
*** RIVER *** [9s 2d 5d 8s] [Ah]
Zonbbch4: bets $0.08
Talmy2: folds 
Uncalled bet ($0.08) returned to Zonbbch4
Zonbbch4 collected $0.14 from pot
Zonbbch4: doesn't show hand 
*** SUMMARY ***
Total pot $0.15 | Rake $0.01 
Board [9s 2d 5d 8s Ah]
Seat 1: MuraBesPoker (small blind) folded before Flop
Seat 2: dobedoobiedo (big blind) folded before Flop
Seat 3: Zonbbch4 collected ($0.14)
Seat 4: kolyasik2401 folded before Flop (didn't bet)
Seat 5: Talmy2 folded on the River
Seat 7: Dorex2007 folded before Flop (didn't bet)
Seat 8: Giorno73 folded before Flop (didn't bet)
Seat 9: zpxnjp21 (button) folded before Flop (didn't bet)



PokerStars Hand #224298276260:  Hold'em No Limit ($0.01/$0.02 USD) - 2021/02/27 20:01:32 PT [2021/02/27 23:01:32 ET]
Table 'Wendeline' 9-max Seat #1 is the button
Seat 1: MuraBesPoker ($2.45 in chips) 
Seat 2: dobedoobiedo ($1.98 in chips) 
Seat 3: Zonbbch4 ($2.97 in chips) 
Seat 4: kolyasik2401 ($2.55 in chips) 
Seat 5: Talmy2 ($2.38 in chips) 
Seat 7: Dorex2007 ($2.92 in chips) 
Seat 8: Giorno73 ($2 in chips) 
Seat 9: zpxnjp21 ($1.01 in chips) 
dobedoobiedo: posts small blind $0.01
Zonbbch4: posts big blind $0.02
mihabearn: sits out 
*** HOLE CARDS ***
Dealt to Dorex2007 [As Kd]
kolyasik2401: folds 
Talmy2: folds 
Dorex2007: raises $0.04 to $0.06
Giorno73: folds 
zpxnjp21: folds 
MuraBesPoker: folds 
dobedoobiedo: folds 
Zonbbch4: calls $0.04
*** FLOP *** [4c 9h 3c]
Zonbbch4: checks 
Dorex2007: bets $0.10
Zonbbch4: raises $0.10 to $0.20
Dorex2007: calls $0.10
*** TURN *** [4c 9h 3c] [Qc]
Zonbbch4: bets $0.06
Dorex2007: raises $0.32 to $0.38
Zonbbch4: calls $0.32
*** RIVER *** [4c 9h 3c Qc] [8c]
Zonbbch4: checks 
Dorex2007: checks 
*** SHOW DOWN ***
Zonbbch4: shows [9d 9s] (three of a kind, Nines)
Dorex2007: mucks hand 
Zonbbch4 collected $1.24 from pot
*** SUMMARY ***
Total pot $1.29 | Rake $0.05 
Board [4c 9h 3c Qc 8c]
Seat 1: MuraBesPoker (button) folded before Flop (didn't bet)
Seat 2: dobedoobiedo (small blind) folded before Flop
Seat 3: Zonbbch4 (big blind) showed [9d 9s] and won ($1.24) with three of a kind, Nines
Seat 4: kolyasik2401 folded before Flop (didn't bet)
Seat 5: Talmy2 folded before Flop (didn't bet)
Seat 7: Dorex2007 mucked [As Kd]
Seat 8: Giorno73 folded before Flop (didn't bet)
Seat 9: zpxnjp21 folded before Flop (didn't bet)



PokerStars Hand #224298298595:  Hold'em No Limit ($0.01/$0.02 USD) - 2021/02/27 20:02:49 PT [2021/02/27 23:02:49 ET]
Table 'Wendeline' 9-max Seat #2 is the button
Seat 1: MuraBesPoker ($2.45 in chips) 
Seat 2: dobedoobiedo ($1.97 in chips) 
Seat 3: Zonbbch4 ($3.57 in chips) 
Seat 4: kolyasik2401 ($2.55 in chips) 
Seat 5: Talmy2 ($2.38 in chips) 
Seat 7: Dorex2007 ($2.28 in chips) 
Seat 8: Giorno73 ($2 in chips) 
Seat 9: zpxnjp21 ($1.01 in chips) 
Zonbbch4: posts small blind $0.01
kolyasik2401: posts big blind $0.02
mihabearn: sits out 
*** HOLE CARDS ***
Dealt to Dorex2007 [3h 2h]
Talmy2: raises $0.04 to $0.06
Dorex2007: folds 
Giorno73: folds 
zpxnjp21: folds 
MuraBesPoker: folds 
dobedoobiedo: folds 
Zonbbch4: raises $0.04 to $0.10
kolyasik2401: folds 
Talmy2: calls $0.04
*** FLOP *** [6c Jd 5d]
Zonbbch4: bets $0.12
Talmy2: folds 
Uncalled bet ($0.12) returned to Zonbbch4
Zonbbch4 collected $0.21 from pot
Zonbbch4: doesn't show hand 
*** SUMMARY ***
Total pot $0.22 | Rake $0.01 
Board [6c Jd 5d]
Seat 1: MuraBesPoker folded before Flop (didn't bet)
Seat 2: dobedoobiedo (button) folded before Flop (didn't bet)
Seat 3: Zonbbch4 (small blind) collected ($0.21)
Seat 4: kolyasik2401 (big blind) folded before Flop
Seat 5: Talmy2 folded on the Flop
Seat 7: Dorex2007 folded before Flop (didn't bet)
Seat 8: Giorno73 folded before Flop (didn't bet)
Seat 9: zpxnjp21 folded before Flop (didn't bet)



PokerStars Hand #224298310748:  Hold'em No Limit ($0.01/$0.02 USD) - 2021/02/27 20:03:32 PT [2021/02/27 23:03:32 ET]
Table 'Wendeline' 9-max Seat #3 is the button
Seat 1: MuraBesPoker ($2.45 in chips) 
Seat 2: dobedoobiedo ($1.97 in chips) 
Seat 3: Zonbbch4 ($3.68 in chips) 
Seat 4: kolyasik2401 ($2.53 in chips) 
Seat 5: Talmy2 ($2.28 in chips) 
Seat 7: Dorex2007 ($2.28 in chips) 
Seat 8: Giorno73 ($2 in chips) 
Seat 9: zpxnjp21 ($1.01 in chips) 
kolyasik2401: posts small blind $0.01
Talmy2: posts big blind $0.02
mihabearn: sits out 
*** HOLE CARDS ***
Dealt to Dorex2007 [2s 4h]
Dorex2007: folds 
Giorno73: folds 
zpxnjp21: folds 
MuraBesPoker: folds 
dobedoobiedo: calls $0.02
Zonbbch4: folds 
kolyasik2401: calls $0.01
Talmy2: checks 
*** FLOP *** [Th 7h Ks]
kolyasik2401: checks 
Talmy2: checks 
dobedoobiedo: bets $0.02
kolyasik2401: folds 
Talmy2: folds 
Uncalled bet ($0.02) returned to dobedoobiedo
dobedoobiedo collected $0.06 from pot
dobedoobiedo: doesn't show hand 
*** SUMMARY ***
Total pot $0.06 | Rake $0 
Board [Th 7h Ks]
Seat 1: MuraBesPoker folded before Flop (didn't bet)
Seat 2: dobedoobiedo collected ($0.06)
Seat 3: Zonbbch4 (button) folded before Flop (didn't bet)
Seat 4: kolyasik2401 (small blind) folded on the Flop
Seat 5: Talmy2 (big blind) folded on the Flop
Seat 7: Dorex2007 folded before Flop (didn't bet)
Seat 8: Giorno73 folded before Flop (didn't bet)
Seat 9: zpxnjp21 folded before Flop (didn't bet)



PokerStars Hand #224298327303:  Hold'em No Limit ($0.01/$0.02 USD) - 2021/02/27 20:04:05 PT [2021/02/27 23:04:05 ET]
Table 'Wendeline' 9-max Seat #4 is the button
Seat 1: MuraBesPoker ($2.45 in chips) 
Seat 2: dobedoobiedo ($2.01 in chips) 
Seat 3: Zonbbch4 ($3.68 in chips) 
Seat 4: kolyasik2401 ($2.51 in chips) 
Seat 5: Talmy2 ($2.26 in chips) 
Seat 6: mihabearn ($2 in chips) 
Seat 7: Dorex2007 ($2.28 in chips) 
Seat 8: Giorno73 ($2 in chips) 
Seat 9: zpxnjp21 ($1.01 in chips) 
Talmy2: posts small blind $0.01
mihabearn: posts big blind $0.02
*** HOLE CARDS ***
Dealt to Dorex2007 [Qh 4h]
Dorex2007: folds 
Giorno73: folds 
zpxnjp21: raises $0.04 to $0.06
MuraBesPoker: folds 
dobedoobiedo: folds 
Zonbbch4: calls $0.06
kolyasik2401: folds 
Talmy2: folds 
mihabearn: folds 
*** FLOP *** [5c Kd 3c]
zpxnjp21: bets $0.09
Zonbbch4: calls $0.09
*** TURN *** [5c Kd 3c] [Ac]
zpxnjp21: checks 
Zonbbch4: bets $0.28
zpxnjp21: calls $0.28
*** RIVER *** [5c Kd 3c Ac] [Kh]
dobedoobiedo is disconnected 
zpxnjp21: checks 
Zonbbch4: checks 
*** SHOW DOWN ***
zpxnjp21: shows [Ah As] (a full house, Aces full of Kings)
Zonbbch4: mucks hand 
zpxnjp21 collected $0.86 from pot
*** SUMMARY ***
Total pot $0.89 | Rake $0.03 
Board [5c Kd 3c Ac Kh]
Seat 1: MuraBesPoker folded before Flop (didn't bet)
Seat 2: dobedoobiedo folded before Flop (didn't bet)
Seat 3: Zonbbch4 mucked [Qs 5s]
Seat 4: kolyasik2401 (button) folded before Flop (didn't bet)
Seat 5: Talmy2 (small blind) folded before Flop
Seat 6: mihabearn (big blind) folded before Flop
Seat 7: Dorex2007 folded before Flop (didn't bet)
Seat 8: Giorno73 folded before Flop (didn't bet)
Seat 9: zpxnjp21 showed [Ah As] and won ($0.86) with a full house, Aces full of Kings



PokerStars Hand #224298342461:  Hold'em No Limit ($0.01/$0.02 USD) - 2021/02/27 20:05:00 PT [2021/02/27 23:05:00 ET]
Table 'Wendeline' 9-max Seat #5 is the button
Seat 1: MuraBesPoker ($2.45 in chips) 
Seat 2: dobedoobiedo ($2.01 in chips) 
Seat 3: Zonbbch4 ($3.25 in chips) 
Seat 4: kolyasik2401 ($2.51 in chips) 
Seat 5: Talmy2 ($2.25 in chips) 
Seat 6: mihabearn ($2 in chips) 
Seat 7: Dorex2007 ($2.28 in chips) 
Seat 8: Giorno73 ($2 in chips) 
Seat 9: zpxnjp21 ($1.44 in chips) 
mihabearn: posts small blind $0.01
Dorex2007: posts big blind $0.02
*** HOLE CARDS ***
Dealt to Dorex2007 [9d Jd]
Giorno73: folds 
zpxnjp21: raises $0.02 to $0.04
MuraBesPoker: folds 
dobedoobiedo has timed out while disconnected
dobedoobiedo: folds 
Zonbbch4: raises $0.04 to $0.08
kolyasik2401 has timed out
kolyasik2401: folds 
Talmy2: folds 
mihabearn: folds 
Dorex2007: folds 
zpxnjp21: calls $0.04
*** FLOP *** [Ts 4s Qh]
zpxnjp21: checks 
Zonbbch4: bets $0.09
zpxnjp21: calls $0.09
*** TURN *** [Ts 4s Qh] [Tc]
zpxnjp21: checks 
Zonbbch4: bets $0.18
zpxnjp21: folds 
Uncalled bet ($0.18) returned to Zonbbch4
Zonbbch4 collected $0.36 from pot
Zonbbch4: doesn't show hand 
*** SUMMARY ***
Total pot $0.37 | Rake $0.01 
Board [Ts 4s Qh Tc]
Seat 1: MuraBesPoker folded before Flop (didn't bet)
Seat 2: dobedoobiedo folded before Flop (didn't bet)
Seat 3: Zonbbch4 collected ($0.36)
Seat 4: kolyasik2401 folded before Flop (didn't bet)
Seat 5: Talmy2 (button) folded before Flop (didn't bet)
Seat 6: mihabearn (small blind) folded before Flop
Seat 7: Dorex2007 (big blind) folded before Flop
Seat 8: Giorno73 folded before Flop (didn't bet)
Seat 9: zpxnjp21 folded on the Turn



PokerStars Hand #224298365967:  Hold'em No Limit ($0.01/$0.02 USD) - 2021/02/27 20:06:09 PT [2021/02/27 23:06:09 ET]
Table 'Wendeline' 9-max Seat #6 is the button
Seat 1: MuraBesPoker ($2.45 in chips) 
Seat 2: dobedoobiedo ($2.01 in chips) 
Seat 3: Zonbbch4 ($3.44 in chips) 
Seat 4: kolyasik2401 ($2.51 in chips) 
Seat 5: Talmy2 ($2.25 in chips) 
Seat 6: mihabearn ($2 in chips) 
Seat 7: Dorex2007 ($2.26 in chips) 
Seat 8: Giorno73 ($2 in chips) 
Seat 9: zpxnjp21 ($1.27 in chips) 
Dorex2007: posts small blind $0.01
Giorno73: posts big blind $0.02
*** HOLE CARDS ***
Dealt to Dorex2007 [Kc 6s]
zpxnjp21: folds 
MuraBesPoker: folds 
dobedoobiedo: folds 
Zonbbch4: raises $0.04 to $0.06
kolyasik2401: folds 
Talmy2: calls $0.06
mihabearn: folds 
Dorex2007: folds 
Giorno73: calls $0.04
*** FLOP *** [2s 6c Ad]
Giorno73: checks 
Zonbbch4: bets $0.06
Talmy2: calls $0.06
Giorno73: folds 
*** TURN *** [2s 6c Ad] [3d]
Zonbbch4: bets $0.06
Talmy2: raises $0.06 to $0.12
Zonbbch4: folds 
Uncalled bet ($0.06) returned to Talmy2
Talmy2 collected $0.41 from pot
Talmy2: doesn't show hand 
*** SUMMARY ***
Total pot $0.43 | Rake $0.02 
Board [2s 6c Ad 3d]
Seat 1: MuraBesPoker folded before Flop (didn't bet)
Seat 2: dobedoobiedo folded before Flop (didn't bet)
Seat 3: Zonbbch4 folded on the Turn
Seat 4: kolyasik2401 folded before Flop (didn't bet)
Seat 5: Talmy2 collected ($0.41)
Seat 6: mihabearn (button) folded before Flop (didn't bet)
Seat 7: Dorex2007 (small blind) folded before Flop
Seat 8: Giorno73 (big blind) folded on the Flop
Seat 9: zpxnjp21 folded before Flop (didn't bet)



PokerStars Hand #224298380620:  Hold'em No Limit ($0.01/$0.02 USD) - 2021/02/27 20:07:03 PT [2021/02/27 23:07:03 ET]
Table 'Wendeline' 9-max Seat #7 is the button
Seat 1: MuraBesPoker ($2.45 in chips) 
Seat 2: dobedoobiedo ($2.01 in chips) 
Seat 3: Zonbbch4 ($3.26 in chips) 
Seat 4: kolyasik2401 ($2.51 in chips) 
Seat 5: Talmy2 ($2.48 in chips) 
Seat 6: mihabearn ($2 in chips) 
Seat 7: Dorex2007 ($2.25 in chips) 
Seat 8: Giorno73 ($2 in chips) 
Seat 9: zpxnjp21 ($1.27 in chips) 
Giorno73: posts small blind $0.01
zpxnjp21: posts big blind $0.02
*** HOLE CARDS ***
Dealt to Dorex2007 [Tc 2s]
MuraBesPoker: folds 
dobedoobiedo: folds 
Zonbbch4: folds 
kolyasik2401: folds 
Talmy2: folds 
mihabearn: folds 
Dorex2007: folds 
Giorno73: raises $0.04 to $0.06
zpxnjp21: folds 
Uncalled bet ($0.04) returned to Giorno73
Giorno73 collected $0.04 from pot
Giorno73: doesn't show hand 
*** SUMMARY ***
Total pot $0.04 | Rake $0 
Seat 1: MuraBesPoker folded before Flop (didn't bet)
Seat 2: dobedoobiedo folded before Flop (didn't bet)
Seat 3: Zonbbch4 folded before Flop (didn't bet)
Seat 4: kolyasik2401 folded before Flop (didn't bet)
Seat 5: Talmy2 folded before Flop (didn't bet)
Seat 6: mihabearn folded before Flop (didn't bet)
Seat 7: Dorex2007 (button) folded before Flop (didn't bet)
Seat 8: Giorno73 (small blind) collected ($0.04)
Seat 9: zpxnjp21 (big blind) folded before Flop



PokerStars Hand #224298387518:  Hold'em No Limit ($0.01/$0.02 USD) - 2021/02/27 20:07:27 PT [2021/02/27 23:07:27 ET]
Table 'Wendeline' 9-max Seat #8 is the button
Seat 1: MuraBesPoker ($2.45 in chips) 
Seat 2: dobedoobiedo ($2.01 in chips) 
Seat 3: Zonbbch4 ($3.26 in chips) 
Seat 4: kolyasik2401 ($2.51 in chips) 
Seat 5: Talmy2 ($2.48 in chips) 
Seat 6: mihabearn ($2 in chips) 
Seat 7: Dorex2007 ($2.25 in chips) 
Seat 8: Giorno73 ($2.02 in chips) 
Seat 9: zpxnjp21 ($1.25 in chips) 
zpxnjp21: posts small blind $0.01
MuraBesPoker: posts big blind $0.02
*** HOLE CARDS ***
Dealt to Dorex2007 [6d 8d]
dobedoobiedo: calls $0.02
Zonbbch4: calls $0.02
kolyasik2401: folds 
Talmy2: folds 
mihabearn: folds 
Dorex2007: folds 
Giorno73: calls $0.02
zpxnjp21: raises $0.10 to $0.12
MuraBesPoker: folds 
dobedoobiedo: calls $0.10
Zonbbch4: calls $0.10
Giorno73: folds 
*** FLOP *** [3d 7h 3h]
zpxnjp21: bets $1.13 and is all-in
dobedoobiedo: folds 
Zonbbch4: folds 
Uncalled bet ($1.13) returned to zpxnjp21
zpxnjp21 collected $0.39 from pot
zpxnjp21: doesn't show hand 
*** SUMMARY ***
Total pot $0.40 | Rake $0.01 
Board [3d 7h 3h]
Seat 1: MuraBesPoker (big blind) folded before Flop
Seat 2: dobedoobiedo folded on the Flop
Seat 3: Zonbbch4 folded on the Flop
Seat 4: kolyasik2401 folded before Flop (didn't bet)
Seat 5: Talmy2 folded before Flop (didn't bet)
Seat 6: mihabearn folded before Flop (didn't bet)
Seat 7: Dorex2007 folded before Flop (didn't bet)
Seat 8: Giorno73 (button) folded before Flop
Seat 9: zpxnjp21 (small blind) collected ($0.39)



PokerStars Hand #224298400481:  Hold'em No Limit ($0.01/$0.02 USD) - 2021/02/27 20:08:15 PT [2021/02/27 23:08:15 ET]
Table 'Wendeline' 9-max Seat #9 is the button
Seat 1: MuraBesPoker ($2.43 in chips) 
Seat 2: dobedoobiedo ($1.89 in chips) 
Seat 3: Zonbbch4 ($3.14 in chips) 
Seat 4: kolyasik2401 ($2.51 in chips) 
Seat 5: Talmy2 ($2.48 in chips) 
Seat 6: mihabearn ($2 in chips) 
Seat 7: Dorex2007 ($2.25 in chips) 
Seat 8: Giorno73 ($2 in chips) 
Seat 9: zpxnjp21 ($1.52 in chips) 
MuraBesPoker: posts small blind $0.01
dobedoobiedo: posts big blind $0.02
*** HOLE CARDS ***
Dealt to Dorex2007 [Ad 5s]
Zonbbch4: folds 
kolyasik2401: folds 
Talmy2: raises $0.04 to $0.06
mihabearn: folds 
Dorex2007: folds 
Giorno73: calls $0.06
zpxnjp21: folds 
MuraBesPoker: calls $0.05
dobedoobiedo: calls $0.04
*** FLOP *** [3d 6h Jh]
MuraBesPoker: bets $0.15
dobedoobiedo: calls $0.15
Talmy2: folds 
Giorno73: folds 
*** TURN *** [3d 6h Jh] [3h]
MuraBesPoker: checks 
dobedoobiedo: checks 
*** RIVER *** [3d 6h Jh 3h] [9d]
MuraBesPoker: bets $0.26
dobedoobiedo: folds 
Uncalled bet ($0.26) returned to MuraBesPoker
MuraBesPoker collected $0.52 from pot
*** SUMMARY ***
Total pot $0.54 | Rake $0.02 
Board [3d 6h Jh 3h 9d]
Seat 1: MuraBesPoker (small blind) collected ($0.52)
Seat 2: dobedoobiedo (big blind) folded on the River
Seat 3: Zonbbch4 folded before Flop (didn't bet)
Seat 4: kolyasik2401 folded before Flop (didn't bet)
Seat 5: Talmy2 folded on the Flop
Seat 6: mihabearn folded before Flop (didn't bet)
Seat 7: Dorex2007 folded before Flop (didn't bet)
Seat 8: Giorno73 folded on the Flop
Seat 9: zpxnjp21 (button) folded before Flop (didn't bet)



PokerStars Hand #224298418769:  Hold'em No Limit ($0.01/$0.02 USD) - 2021/02/27 20:09:05 PT [2021/02/27 23:09:05 ET]
Table 'Wendeline' 9-max Seat #1 is the button
Seat 1: MuraBesPoker ($2.74 in chips) 
Seat 2: dobedoobiedo ($1.68 in chips) 
Seat 3: Zonbbch4 ($3.14 in chips) 
Seat 4: kolyasik2401 ($2.51 in chips) 
Seat 5: Talmy2 ($2.42 in chips) 
Seat 6: mihabearn ($2 in chips) 
Seat 7: Dorex2007 ($2.25 in chips) 
Seat 8: Giorno73 ($2 in chips) 
Seat 9: zpxnjp21 ($1.52 in chips) 
dobedoobiedo: posts small blind $0.01
Zonbbch4: posts big blind $0.02
*** HOLE CARDS ***
Dealt to Dorex2007 [9d 2d]
kolyasik2401: folds 
Talmy2: raises $0.04 to $0.06
mihabearn: calls $0.06
Dorex2007: folds 
Giorno73: calls $0.06
zpxnjp21: folds 
MuraBesPoker: folds 
dobedoobiedo: folds 
Zonbbch4: raises $0.10 to $0.16
Talmy2: calls $0.10
mihabearn: folds 
Giorno73: calls $0.10
*** FLOP *** [8c Kh 8h]
Zonbbch4: checks 
Talmy2: checks 
Giorno73: checks 
*** TURN *** [8c Kh 8h] [5c]
Zonbbch4: bets $0.27
Talmy2: calls $0.27
Giorno73: raises $0.27 to $0.54
Zonbbch4: folds 
Talmy2: folds 
Uncalled bet ($0.27) returned to Giorno73
Giorno73 collected $1.31 from pot
Giorno73: doesn't show hand 
*** SUMMARY ***
Total pot $1.36 | Rake $0.05 
Board [8c Kh 8h 5c]
Seat 1: MuraBesPoker (button) folded before Flop (didn't bet)
Seat 2: dobedoobiedo (small blind) folded before Flop
Seat 3: Zonbbch4 (big blind) folded on the Turn
Seat 4: kolyasik2401 folded before Flop (didn't bet)
Seat 5: Talmy2 folded on the Turn
Seat 6: mihabearn folded before Flop
Seat 7: Dorex2007 folded before Flop (didn't bet)
Seat 8: Giorno73 collected ($1.31)
Seat 9: zpxnjp21 folded before Flop (didn't bet)



PokerStars Hand #224298444511:  Hold'em No Limit ($0.01/$0.02 USD) - 2021/02/27 20:10:39 PT [2021/02/27 23:10:39 ET]
Table 'Wendeline' 9-max Seat #2 is the button
Seat 1: MuraBesPoker ($2.74 in chips) 
Seat 2: dobedoobiedo ($1.67 in chips) 
Seat 3: Zonbbch4 ($2.71 in chips) 
Seat 4: kolyasik2401 ($2.51 in chips) 
Seat 5: Talmy2 ($1.99 in chips) 
Seat 6: mihabearn ($2 in chips) 
Seat 7: Dorex2007 ($2.25 in chips) 
Seat 8: Giorno73 ($2.88 in chips) 
Seat 9: zpxnjp21 ($1.52 in chips) 
Zonbbch4: posts small blind $0.01
kolyasik2401: posts big blind $0.02
*** HOLE CARDS ***
Dealt to Dorex2007 [Kd 2d]
Talmy2: folds 
mihabearn: folds 
Dorex2007: folds 
Giorno73: folds 
zpxnjp21: raises $0.04 to $0.06
MuraBesPoker: folds 
dobedoobiedo: calls $0.06
Giorno73 leaves the table
Zonbbch4: calls $0.05
kolyasik2401: folds 
*** FLOP *** [Ts 6s 9s]
Zonbbch4: checks 
zpxnjp21: checks 
dobedoobiedo: bets $0.02
Zonbbch4: folds 
zpxnjp21: calls $0.02
*** TURN *** [Ts 6s 9s] [Jc]
zpxnjp21: bets $0.15
dobedoobiedo: calls $0.15
*** RIVER *** [Ts 6s 9s Jc] [3h]
fld11 joins the table at seat #8 
zpxnjp21: bets $0.30
dobedoobiedo: folds 
Uncalled bet ($0.30) returned to zpxnjp21
zpxnjp21 collected $0.52 from pot
zpxnjp21: doesn't show hand 
*** SUMMARY ***
Total pot $0.54 | Rake $0.02 
Board [Ts 6s 9s Jc 3h]
Seat 1: MuraBesPoker folded before Flop (didn't bet)
Seat 2: dobedoobiedo (button) folded on the River
Seat 3: Zonbbch4 (small blind) folded on the Flop
Seat 4: kolyasik2401 (big blind) folded before Flop
Seat 5: Talmy2 folded before Flop (didn't bet)
Seat 6: mihabearn folded before Flop (didn't bet)
Seat 7: Dorex2007 folded before Flop (didn't bet)
Seat 8: Giorno73 folded before Flop (didn't bet)
Seat 9: zpxnjp21 collected ($0.52)



PokerStars Hand #224298461608:  Hold'em No Limit ($0.01/$0.02 USD) - 2021/02/27 20:11:42 PT [2021/02/27 23:11:42 ET]
Table 'Wendeline' 9-max Seat #3 is the button
Seat 1: MuraBesPoker ($2.74 in chips) 
Seat 2: dobedoobiedo ($1.44 in chips) 
Seat 3: Zonbbch4 ($2.65 in chips) 
Seat 4: kolyasik2401 ($2.49 in chips) 
Seat 5: Talmy2 ($1.99 in chips) 
Seat 6: mihabearn ($2 in chips) 
Seat 7: Dorex2007 ($2.25 in chips) 
Seat 8: fld11 ($0.82 in chips) 
Seat 9: zpxnjp21 ($1.81 in chips) 
kolyasik2401: posts small blind $0.01
Talmy2: posts big blind $0.02
fld11: posts big blind $0.02
*** HOLE CARDS ***
Dealt to Dorex2007 [As Tc]
mihabearn: folds 
Dorex2007: raises $0.02 to $0.04
fld11: folds 
zpxnjp21: folds 
MuraBesPoker: folds 
dobedoobiedo: raises $0.05 to $0.09
Zonbbch4: calls $0.09
kolyasik2401: folds 
Talmy2: calls $0.07
Dorex2007: calls $0.05
*** FLOP *** [5d Kh Ad]
Talmy2: checks 
Dorex2007: checks 
dobedoobiedo: bets $0.09
Zonbbch4: calls $0.09
Talmy2: calls $0.09
Dorex2007: calls $0.09
*** TURN *** [5d Kh Ad] [4s]
Talmy2: checks 
Dorex2007: checks 
dobedoobiedo: checks 
Zonbbch4: checks 
*** RIVER *** [5d Kh Ad 4s] [2h]
Talmy2: checks 
Dorex2007: checks 
dobedoobiedo: checks 
Zonbbch4: bets $0.36
Talmy2: folds 
Dorex2007: calls $0.36
dobedoobiedo: folds 
*** SHOW DOWN ***
Zonbbch4: shows [9d 3d] (a straight, Ace to Five)
Dorex2007: mucks hand 
Zonbbch4 collected $1.42 from pot
*** SUMMARY ***
Total pot $1.47 | Rake $0.05 
Board [5d Kh Ad 4s 2h]
Seat 1: MuraBesPoker folded before Flop (didn't bet)
Seat 2: dobedoobiedo folded on the River
Seat 3: Zonbbch4 (button) showed [9d 3d] and won ($1.42) with a straight, Ace to Five
Seat 4: kolyasik2401 (small blind) folded before Flop
Seat 5: Talmy2 (big blind) folded on the River
Seat 6: mihabearn folded before Flop (didn't bet)
Seat 7: Dorex2007 mucked [As Tc]
Seat 8: fld11 folded before Flop (didn't bet)
Seat 9: zpxnjp21 folded before Flop (didn't bet)



PokerStars Hand #224298484362:  Hold'em No Limit ($0.01/$0.02 USD) - 2021/02/27 20:13:06 PT [2021/02/27 23:13:06 ET]
Table 'Wendeline' 9-max Seat #4 is the button
Seat 1: MuraBesPoker ($2.74 in chips) 
Seat 2: dobedoobiedo ($1.26 in chips) 
Seat 3: Zonbbch4 ($3.53 in chips) 
Seat 4: kolyasik2401 ($2.48 in chips) 
Seat 5: Talmy2 ($1.81 in chips) 
Seat 7: Dorex2007 ($1.71 in chips) 
Seat 8: fld11 ($0.80 in chips) 
Seat 9: zpxnjp21 ($1.81 in chips) 
Talmy2: posts small blind $0.01
mihabearn: is sitting out 
mihabearn leaves the table
Dorex2007: posts big blind $0.02
*** HOLE CARDS ***
Dealt to Dorex2007 [Qd Jc]
fld11: folds 
zpxnjp21: folds 
MuraBesPoker: folds 
blac_jac 71 joins the table at seat #6 
dobedoobiedo: calls $0.02
Zonbbch4: raises $0.02 to $0.04
kolyasik2401: folds 
Talmy2: calls $0.03
Dorex2007: calls $0.02
dobedoobiedo: calls $0.02
*** FLOP *** [3h Ad 4s]
Talmy2: checks 
Dorex2007: checks 
dobedoobiedo: checks 
Zonbbch4: checks 
*** TURN *** [3h Ad 4s] [Kh]
Talmy2: checks 
Dorex2007: checks 
dobedoobiedo: checks 
Zonbbch4: bets $0.10
Talmy2: folds 
Dorex2007: calls $0.10
dobedoobiedo: folds 
*** RIVER *** [3h Ad 4s Kh] [2c]
Dorex2007: checks 
Zonbbch4: bets $0.26
kolyasik2401 is disconnected 
Dorex2007: raises $1.31 to $1.57 and is all-in
Zonbbch4: calls $1.31
*** SHOW DOWN ***
Dorex2007: shows [Qd Jc] (high card Ace)
Zonbbch4: shows [Ks 5s] (a straight, Ace to Five)
Zonbbch4 collected $3.38 from pot
*** SUMMARY ***
Total pot $3.50 | Rake $0.12 
Board [3h Ad 4s Kh 2c]
Seat 1: MuraBesPoker folded before Flop (didn't bet)
Seat 2: dobedoobiedo folded on the Turn
Seat 3: Zonbbch4 showed [Ks 5s] and won ($3.38) with a straight, Ace to Five
Seat 4: kolyasik2401 (button) folded before Flop (didn't bet)
Seat 5: Talmy2 (small blind) folded on the Turn
Seat 7: Dorex2007 (big blind) showed [Qd Jc] and lost with high card Ace
Seat 8: fld11 folded before Flop (didn't bet)
Seat 9: zpxnjp21 folded before Flop (didn't bet)



PokerStars Hand #224298519148:  Hold'em No Limit ($0.01/$0.02 USD) - 2021/02/27 20:15:13 PT [2021/02/27 23:15:13 ET]
Table 'Wendeline' 9-max Seat #8 is the button
Seat 1: MuraBesPoker ($2.82 in chips) 
Seat 2: dobedoobiedo ($1.14 in chips) 
Seat 3: Zonbbch4 ($5.20 in chips) 
Seat 5: Talmy2 ($1.77 in chips) 
Seat 7: Dorex2007 ($2 in chips) 
Seat 8: fld11 ($0.79 in chips) 
MuraBesPoker: posts small blind $0.01
dobedoobiedo: posts big blind $0.02
blac_jac 71: sits out 
Dorex2007: posts small blind $0.01
*** HOLE CARDS ***
Dealt to Dorex2007 [8c 4c]
Zonbbch4: folds 
Talmy2: folds 
Dorex2007: folds 
fld11 has timed out
fld11: folds 
MuraBesPoker: folds 
Uncalled bet ($0.01) returned to dobedoobiedo
dobedoobiedo collected $0.03 from pot
dobedoobiedo: doesn't show hand 
*** SUMMARY ***
Total pot $0.03 | Rake $0 
Seat 1: MuraBesPoker (small blind) folded before Flop
Seat 2: dobedoobiedo (big blind) collected ($0.03)
Seat 3: Zonbbch4 folded before Flop (didn't bet)
Seat 5: Talmy2 folded before Flop (didn't bet)
Seat 7: Dorex2007 folded before Flop (didn't bet)
Seat 8: fld11 (button) folded before Flop (didn't bet)



PokerStars Hand #224298524886:  Hold'em No Limit ($0.01/$0.02 USD) - 2021/02/27 20:15:34 PT [2021/02/27 23:15:34 ET]
Table 'Wendeline' 9-max Seat #1 is the button
Seat 1: MuraBesPoker ($2.81 in chips) 
Seat 2: dobedoobiedo ($1.16 in chips) 
Seat 3: Zonbbch4 ($5.20 in chips) 
Seat 5: Talmy2 ($1.77 in chips) 
Seat 7: Dorex2007 ($1.99 in chips) 
Seat 8: fld11 ($0.79 in chips) 
dobedoobiedo: posts small blind $0.01
Zonbbch4: posts big blind $0.02
blac_jac 71: sits out 
*** HOLE CARDS ***
Dealt to Dorex2007 [Qh 7d]
Talmy2: folds 
Dorex2007: folds 
fld11: folds 
MuraBesPoker: raises $0.04 to $0.06
dobedoobiedo: folds 
Zonbbch4: calls $0.04
*** FLOP *** [4h 3d 4s]
Zonbbch4: checks 
MuraBesPoker: bets $0.09
Zonbbch4: calls $0.09
*** TURN *** [4h 3d 4s] [6s]
Zonbbch4: checks 
MuraBesPoker: bets $0.15
Zonbbch4: folds 
Uncalled bet ($0.15) returned to MuraBesPoker
MuraBesPoker collected $0.30 from pot
*** SUMMARY ***
Total pot $0.31 | Rake $0.01 
Board [4h 3d 4s 6s]
Seat 1: MuraBesPoker (button) collected ($0.30)
Seat 2: dobedoobiedo (small blind) folded before Flop
Seat 3: Zonbbch4 (big blind) folded on the Turn
Seat 5: Talmy2 folded before Flop (didn't bet)
Seat 7: Dorex2007 folded before Flop (didn't bet)
Seat 8: fld11 folded before Flop (didn't bet)



PokerStars Hand #224298543517:  Hold'em No Limit ($0.01/$0.02 USD) - 2021/02/27 20:16:24 PT [2021/02/27 23:16:24 ET]
Table 'Wendeline' 9-max Seat #2 is the button
Seat 1: MuraBesPoker ($2.96 in chips) 
Seat 2: dobedoobiedo ($1.15 in chips) 
Seat 3: Zonbbch4 ($5.05 in chips) 
Seat 5: Talmy2 ($1.77 in chips) 
Seat 7: Dorex2007 ($1.99 in chips) 
Seat 8: fld11 ($0.79 in chips) 
Zonbbch4: posts small blind $0.01
Talmy2: posts big blind $0.02
blac_jac 71: sits out 
*** HOLE CARDS ***
Dealt to Dorex2007 [Ad 5d]
Dorex2007: calls $0.02
fld11: folds 
MuraBesPoker: folds 
dobedoobiedo: calls $0.02
Zonbbch4: raises $0.04 to $0.06
Talmy2: folds 
Dorex2007: calls $0.04
dobedoobiedo: calls $0.04
*** FLOP *** [8h 6h 9d]
Zonbbch4: bets $0.06
Dorex2007: folds 
dobedoobiedo: raises $0.10 to $0.16
Zonbbch4: calls $0.10
*** TURN *** [8h 6h 9d] [Td]
Zonbbch4: checks 
dobedoobiedo: bets $0.93 and is all-in
Zonbbch4: folds 
Uncalled bet ($0.93) returned to dobedoobiedo
dobedoobiedo collected $0.50 from pot
dobedoobiedo: doesn't show hand 
*** SUMMARY ***
Total pot $0.52 | Rake $0.02 
Board [8h 6h 9d Td]
Seat 1: MuraBesPoker folded before Flop (didn't bet)
Seat 2: dobedoobiedo (button) collected ($0.50)
Seat 3: Zonbbch4 (small blind) folded on the Turn
Seat 5: Talmy2 (big blind) folded before Flop
Seat 7: Dorex2007 folded on the Flop
Seat 8: fld11 folded before Flop (didn't bet)



PokerStars Hand #224298562152:  Hold'em No Limit ($0.01/$0.02 USD) - 2021/02/27 20:17:33 PT [2021/02/27 23:17:33 ET]
Table 'Wendeline' 9-max Seat #3 is the button
Seat 1: MuraBesPoker ($2.96 in chips) 
Seat 2: dobedoobiedo ($1.43 in chips) 
Seat 3: Zonbbch4 ($4.83 in chips) 
Seat 5: Talmy2 ($1.75 in chips) 
Seat 6: blac_jac 71 ($1.60 in chips) 
Seat 7: Dorex2007 ($1.93 in chips) 
Seat 8: fld11 ($0.79 in chips) 
Talmy2: posts small blind $0.01
blac_jac 71: posts big blind $0.02
*** HOLE CARDS ***
Dealt to Dorex2007 [5s Jd]
Dorex2007: folds 
fld11: folds 
MuraBesPoker: folds 
dobedoobiedo: raises $0.02 to $0.04
Zonbbch4: calls $0.04
Talmy2: calls $0.03
blac_jac 71: folds 
*** FLOP *** [As 3c Jh]
Talmy2: checks 
dobedoobiedo: bets $0.02
Zonbbch4: calls $0.02
Talmy2: calls $0.02
*** TURN *** [As 3c Jh] [9c]
Talmy2: checks 
dobedoobiedo: bets $0.06
Zonbbch4: calls $0.06
Talmy2: calls $0.06
*** RIVER *** [As 3c Jh 9c] [2c]
Talmy2: checks 
dobedoobiedo: checks 
Zonbbch4: bets $0.19
Talmy2: folds 
dobedoobiedo: folds 
Uncalled bet ($0.19) returned to Zonbbch4
Zonbbch4 collected $0.37 from pot
*** SUMMARY ***
Total pot $0.38 | Rake $0.01 
Board [As 3c Jh 9c 2c]
Seat 1: MuraBesPoker folded before Flop (didn't bet)
Seat 2: dobedoobiedo folded on the River
Seat 3: Zonbbch4 (button) collected ($0.37)
Seat 5: Talmy2 (small blind) folded on the River
Seat 6: blac_jac 71 (big blind) folded before Flop
Seat 7: Dorex2007 folded before Flop (didn't bet)
Seat 8: fld11 folded before Flop (didn't bet)



PokerStars Hand #224298583869:  Hold'em No Limit ($0.01/$0.02 USD) - 2021/02/27 20:18:34 PT [2021/02/27 23:18:34 ET]
Table 'Wendeline' 9-max Seat #5 is the button
Seat 1: MuraBesPoker ($2.96 in chips) 
Seat 2: dobedoobiedo ($1.31 in chips) 
Seat 3: Zonbbch4 ($5.08 in chips) 
Seat 5: Talmy2 ($1.63 in chips) 
Seat 6: blac_jac 71 ($1.58 in chips) 
Seat 7: Dorex2007 ($1.93 in chips) 
Seat 8: fld11 ($0.79 in chips) 
blac_jac 71: posts small blind $0.01
Dorex2007: posts big blind $0.02
*** HOLE CARDS ***
Dealt to Dorex2007 [Kc Jc]
fld11: calls $0.02
MuraBesPoker: folds 
dobedoobiedo: folds 
Zonbbch4: folds 
Talmy2: raises $0.04 to $0.06
blac_jac 71: folds 
Dorex2007: calls $0.04
fld11: calls $0.04
*** FLOP *** [4h 7c 5d]
Dorex2007: checks 
fld11: checks 
Talmy2: checks 
*** TURN *** [4h 7c 5d] [9s]
Dorex2007: checks 
fld11: checks 
Talmy2: bets $0.10
Dorex2007: calls $0.10
fld11: calls $0.10
*** RIVER *** [4h 7c 5d 9s] [4d]
Dorex2007: checks 
fld11: checks 
Talmy2: checks 
*** SHOW DOWN ***
Dorex2007: shows [Kc Jc] (a pair of Fours)
fld11: shows [6h 6c] (two pair, Sixes and Fours)
Talmy2: shows [9h Ac] (two pair, Nines and Fours)
Talmy2 collected $0.47 from pot
*** SUMMARY ***
Total pot $0.49 | Rake $0.02 
Board [4h 7c 5d 9s 4d]
Seat 1: MuraBesPoker folded before Flop (didn't bet)
Seat 2: dobedoobiedo folded before Flop (didn't bet)
Seat 3: Zonbbch4 folded before Flop (didn't bet)
Seat 5: Talmy2 (button) showed [9h Ac] and won ($0.47) with two pair, Nines and Fours
Seat 6: blac_jac 71 (small blind) folded before Flop
Seat 7: Dorex2007 (big blind) showed [Kc Jc] and lost with a pair of Fours
Seat 8: fld11 showed [6h 6c] and lost with two pair, Sixes and Fours



PokerStars Hand #224298594712:  Hold'em No Limit ($0.01/$0.02 USD) - 2021/02/27 20:19:15 PT [2021/02/27 23:19:15 ET]
Table 'Wendeline' 9-max Seat #6 is the button
Seat 1: MuraBesPoker ($2.96 in chips) 
Seat 2: dobedoobiedo ($1.31 in chips) 
Seat 3: Zonbbch4 ($5.08 in chips) 
Seat 5: Talmy2 ($1.94 in chips) 
Seat 6: blac_jac 71 ($1.57 in chips) 
Seat 7: Dorex2007 ($1.77 in chips) 
Seat 8: fld11 ($0.63 in chips) 
Dorex2007: posts small blind $0.01
fld11: posts big blind $0.02
*** HOLE CARDS ***
Dealt to Dorex2007 [Td 2c]
MuraBesPoker: folds 
dobedoobiedo: folds 
Zonbbch4: calls $0.02
Talmy2: raises $0.04 to $0.06
blac_jac 71: folds 
Dorex2007: folds 
fld11: calls $0.04
Zonbbch4: calls $0.04
*** FLOP *** [Qc 6h Qh]
fld11: checks 
Zonbbch4: checks 
Talmy2: checks 
*** TURN *** [Qc 6h Qh] [9s]
fld11: checks 
Zonbbch4: checks 
Talmy2: bets $0.04
fld11: folds 
Zonbbch4: calls $0.04
*** RIVER *** [Qc 6h Qh 9s] [Kh]
Zonbbch4: checks 
Talmy2: bets $0.20
Zonbbch4: folds 
Uncalled bet ($0.20) returned to Talmy2
Talmy2 collected $0.26 from pot
Talmy2: doesn't show hand 
*** SUMMARY ***
Total pot $0.27 | Rake $0.01 
Board [Qc 6h Qh 9s Kh]
Seat 1: MuraBesPoker folded before Flop (didn't bet)
Seat 2: dobedoobiedo folded before Flop (didn't bet)
Seat 3: Zonbbch4 folded on the River
Seat 5: Talmy2 collected ($0.26)
Seat 6: blac_jac 71 (button) folded before Flop (didn't bet)
Seat 7: Dorex2007 (small blind) folded before Flop
Seat 8: fld11 (big blind) folded on the Turn



PokerStars Hand #224298606794:  Hold'em No Limit ($0.01/$0.02 USD) - 2021/02/27 20:19:59 PT [2021/02/27 23:19:59 ET]
Table 'Wendeline' 9-max Seat #7 is the button
Seat 1: MuraBesPoker ($2.96 in chips) 
Seat 2: dobedoobiedo ($1.31 in chips) 
Seat 3: Zonbbch4 ($4.98 in chips) 
Seat 5: Talmy2 ($2.10 in chips) 
Seat 6: blac_jac 71 ($1.57 in chips) 
Seat 7: Dorex2007 ($1.99 in chips) 
Seat 8: fld11 ($0.57 in chips) 
fld11: posts small blind $0.01
MuraBesPoker: posts big blind $0.02
*** HOLE CARDS ***
Dealt to Dorex2007 [4h 9h]
dobedoobiedo: calls $0.02
Zonbbch4: folds 
Talmy2: calls $0.02
blac_jac 71: folds 
Dorex2007: folds 
fld11: folds 
MuraBesPoker: checks 
*** FLOP *** [6c 7s 6s]
MuraBesPoker: checks 
dobedoobiedo: bets $0.07
Talmy2: calls $0.07
MuraBesPoker: folds 
*** TURN *** [6c 7s 6s] [6d]
dobedoobiedo: checks 
Talmy2: bets $0.10
dobedoobiedo: folds 
Uncalled bet ($0.10) returned to Talmy2
Talmy2 collected $0.20 from pot
Talmy2: doesn't show hand 
*** SUMMARY ***
Total pot $0.21 | Rake $0.01 
Board [6c 7s 6s 6d]
Seat 1: MuraBesPoker (big blind) folded on the Flop
Seat 2: dobedoobiedo folded on the Turn
Seat 3: Zonbbch4 folded before Flop (didn't bet)
Seat 5: Talmy2 collected ($0.20)
Seat 6: blac_jac 71 folded before Flop (didn't bet)
Seat 7: Dorex2007 (button) folded before Flop (didn't bet)
Seat 8: fld11 (small blind) folded before Flop



PokerStars Hand #224298620434:  Hold'em No Limit ($0.01/$0.02 USD) - 2021/02/27 20:20:50 PT [2021/02/27 23:20:50 ET]
Table 'Wendeline' 9-max Seat #8 is the button
Seat 1: MuraBesPoker ($2.94 in chips) 
Seat 2: dobedoobiedo ($1.22 in chips) 
Seat 3: Zonbbch4 ($4.98 in chips) 
Seat 5: Talmy2 ($2.21 in chips) 
Seat 6: blac_jac 71 ($1.57 in chips) 
Seat 7: Dorex2007 ($1.99 in chips) 
Seat 8: fld11 ($0.56 in chips) 
MuraBesPoker: posts small blind $0.01
dobedoobiedo: posts big blind $0.02
*** HOLE CARDS ***
Dealt to Dorex2007 [4h Kc]
Zonbbch4: raises $0.04 to $0.06
Talmy2: folds 
blac_jac 71: folds 
Dorex2007: folds 
fld11: folds 
MuraBesPoker: folds 
dobedoobiedo: folds 
Uncalled bet ($0.04) returned to Zonbbch4
Zonbbch4 collected $0.05 from pot
*** SUMMARY ***
Total pot $0.05 | Rake $0 
Seat 1: MuraBesPoker (small blind) folded before Flop
Seat 2: dobedoobiedo (big blind) folded before Flop
Seat 3: Zonbbch4 collected ($0.05)
Seat 5: Talmy2 folded before Flop (didn't bet)
Seat 6: blac_jac 71 folded before Flop (didn't bet)
Seat 7: Dorex2007 folded before Flop (didn't bet)
Seat 8: fld11 (button) folded before Flop (didn't bet)



PokerStars Hand #224298627451:  Hold'em No Limit ($0.01/$0.02 USD) - 2021/02/27 20:21:16 PT [2021/02/27 23:21:16 ET]
Table 'Wendeline' 9-max Seat #1 is the button
Seat 1: MuraBesPoker ($2.93 in chips) 
Seat 2: dobedoobiedo ($1.20 in chips) 
Seat 3: Zonbbch4 ($5.01 in chips) 
Seat 5: Talmy2 ($2.21 in chips) 
Seat 6: blac_jac 71 ($1.57 in chips) 
Seat 7: Dorex2007 ($1.99 in chips) 
Seat 8: fld11 ($0.56 in chips) 
dobedoobiedo: posts small blind $0.01
Zonbbch4: posts big blind $0.02
*** HOLE CARDS ***
Dealt to Dorex2007 [2d Js]
Talmy2: folds 
blac_jac 71: folds 
Dorex2007: folds 
fld11: calls $0.02
MuraBesPoker: folds 
dobedoobiedo: calls $0.01
Zonbbch4: checks 
*** FLOP *** [7s Qc Kc]
dobedoobiedo: checks 
Zonbbch4: checks 
fld11: checks 
*** TURN *** [7s Qc Kc] [7c]
dobedoobiedo: checks 
Zonbbch4: checks 
fld11: checks 
*** RIVER *** [7s Qc Kc 7c] [3h]
dobedoobiedo: checks 
Zonbbch4: checks 
fld11: checks 
*** SHOW DOWN ***
dobedoobiedo: shows [5d Jh] (a pair of Sevens)
Zonbbch4: mucks hand 
fld11: shows [Qd As] (two pair, Queens and Sevens)
fld11 collected $0.06 from pot
*** SUMMARY ***
Total pot $0.06 | Rake $0 
Board [7s Qc Kc 7c 3h]
Seat 1: MuraBesPoker (button) folded before Flop (didn't bet)
Seat 2: dobedoobiedo (small blind) showed [5d Jh] and lost with a pair of Sevens
Seat 3: Zonbbch4 (big blind) mucked [2h 9s]
Seat 5: Talmy2 folded before Flop (didn't bet)
Seat 6: blac_jac 71 folded before Flop (didn't bet)
Seat 7: Dorex2007 folded before Flop (didn't bet)
Seat 8: fld11 showed [Qd As] and won ($0.06) with two pair, Queens and Sevens



PokerStars Hand #224298645791:  Hold'em No Limit ($0.01/$0.02 USD) - 2021/02/27 20:22:24 PT [2021/02/27 23:22:24 ET]
Table 'Wendeline' 9-max Seat #2 is the button
Seat 1: MuraBesPoker ($2.93 in chips) 
Seat 2: dobedoobiedo ($1.18 in chips) 
Seat 3: Zonbbch4 ($4.99 in chips) 
Seat 5: Talmy2 ($2.21 in chips) 
Seat 6: blac_jac 71 ($1.57 in chips) 
Seat 7: Dorex2007 ($1.99 in chips) 
Seat 8: fld11 ($0.60 in chips) 
Zonbbch4: posts small blind $0.01
Talmy2: posts big blind $0.02
zpxnjp21: sits out 
*** HOLE CARDS ***
Dealt to Dorex2007 [9h Qh]
blac_jac 71: folds 
Dorex2007: calls $0.02
fld11: calls $0.02
MuraBesPoker: folds 
dobedoobiedo: folds 
Zonbbch4: folds 
Talmy2: checks 
*** FLOP *** [Ks 2d 8s]
Talmy2: checks 
Dorex2007: checks 
fld11: checks 
*** TURN *** [Ks 2d 8s] [Ad]
Talmy2: checks 
Dorex2007: checks 
fld11: checks 
*** RIVER *** [Ks 2d 8s Ad] [6s]
Talmy2: checks 
Dorex2007: checks 
fld11: checks 
*** SHOW DOWN ***
Talmy2: shows [Kc 4s] (a pair of Kings)
Dorex2007: mucks hand 
fld11: mucks hand 
Talmy2 collected $0.07 from pot
*** SUMMARY ***
Total pot $0.07 | Rake $0 
Board [Ks 2d 8s Ad 6s]
Seat 1: MuraBesPoker folded before Flop (didn't bet)
Seat 2: dobedoobiedo (button) folded before Flop (didn't bet)
Seat 3: Zonbbch4 (small blind) folded before Flop
Seat 5: Talmy2 (big blind) showed [Kc 4s] and won ($0.07) with a pair of Kings
Seat 6: blac_jac 71 folded before Flop (didn't bet)
Seat 7: Dorex2007 mucked [9h Qh]
Seat 8: fld11 mucked [7h 7s]



PokerStars Hand #224298656588:  Hold'em No Limit ($0.01/$0.02 USD) - 2021/02/27 20:23:04 PT [2021/02/27 23:23:04 ET]
Table 'Wendeline' 9-max Seat #3 is the button
Seat 1: MuraBesPoker ($2.93 in chips) 
Seat 2: dobedoobiedo ($1.18 in chips) 
Seat 3: Zonbbch4 ($4.98 in chips) 
Seat 5: Talmy2 ($2.26 in chips) 
Seat 6: blac_jac 71 ($1.57 in chips) 
Seat 7: Dorex2007 ($1.97 in chips) 
Seat 8: fld11 ($0.58 in chips) 
Talmy2: posts small blind $0.01
blac_jac 71: posts big blind $0.02
zpxnjp21: sits out 
*** HOLE CARDS ***
Dealt to Dorex2007 [Jc 4h]
Dorex2007: folds 
fld11: folds 
MuraBesPoker: folds 
dobedoobiedo: folds 
Zonbbch4: calls $0.02
Talmy2: raises $0.04 to $0.06
blac_jac 71 has timed out
blac_jac 71: folds 
Zonbbch4: calls $0.04
*** FLOP *** [Td 6c 7d]
Talmy2: bets $0.10
Zonbbch4: folds 
Uncalled bet ($0.10) returned to Talmy2
Talmy2 collected $0.14 from pot
Talmy2: doesn't show hand 
*** SUMMARY ***
Total pot $0.14 | Rake $0 
Board [Td 6c 7d]
Seat 1: MuraBesPoker folded before Flop (didn't bet)
Seat 2: dobedoobiedo folded before Flop (didn't bet)
Seat 3: Zonbbch4 (button) folded on the Flop
Seat 5: Talmy2 (small blind) collected ($0.14)
Seat 6: blac_jac 71 (big blind) folded before Flop
Seat 7: Dorex2007 folded before Flop (didn't bet)
Seat 8: fld11 folded before Flop (didn't bet)



PokerStars Hand #224298671182:  Hold'em No Limit ($0.01/$0.02 USD) - 2021/02/27 20:23:59 PT [2021/02/27 23:23:59 ET]
Table 'Wendeline' 9-max Seat #5 is the button
Seat 1: MuraBesPoker ($2.93 in chips) 
Seat 2: dobedoobiedo ($1.18 in chips) 
Seat 3: Zonbbch4 ($4.92 in chips) 
Seat 5: Talmy2 ($2.34 in chips) 
Seat 6: blac_jac 71 ($1.55 in chips) 
Seat 7: Dorex2007 ($1.97 in chips) 
Seat 8: fld11 ($0.58 in chips) 
blac_jac 71: posts small blind $0.01
Dorex2007: posts big blind $0.02
zpxnjp21: sits out 
kolyasik2401: sits out 
*** HOLE CARDS ***
Dealt to Dorex2007 [7d 4c]
fld11: folds 
MuraBesPoker: folds 
dobedoobiedo: raises $0.02 to $0.04
Zonbbch4: calls $0.04
Talmy2: folds 
blac_jac 71 has timed out
blac_jac 71: folds 
Dorex2007: folds 
*** FLOP *** [Kh 2d Td]
dobedoobiedo: bets $0.02
Zonbbch4: calls $0.02
*** TURN *** [Kh 2d Td] [9c]
dobedoobiedo: checks 
Zonbbch4: checks 
*** RIVER *** [Kh 2d Td 9c] [6s]
dobedoobiedo: checks 
Zonbbch4: checks 
*** SHOW DOWN ***
dobedoobiedo: shows [3s 5h] (high card King)
Zonbbch4: shows [2s As] (a pair of Deuces)
Zonbbch4 collected $0.14 from pot
*** SUMMARY ***
Total pot $0.15 | Rake $0.01 
Board [Kh 2d Td 9c 6s]
Seat 1: MuraBesPoker folded before Flop (didn't bet)
Seat 2: dobedoobiedo showed [3s 5h] and lost with high card King
Seat 3: Zonbbch4 showed [2s As] and won ($0.14) with a pair of Deuces
Seat 5: Talmy2 (button) folded before Flop (didn't bet)
Seat 6: blac_jac 71 (small blind) folded before Flop
Seat 7: Dorex2007 (big blind) folded before Flop
Seat 8: fld11 folded before Flop (didn't bet)



PokerStars Hand #224298685159:  Hold'em No Limit ($0.01/$0.02 USD) - 2021/02/27 20:24:47 PT [2021/02/27 23:24:47 ET]
Table 'Wendeline' 9-max Seat #6 is the button
Seat 1: MuraBesPoker ($2.93 in chips) 
Seat 2: dobedoobiedo ($1.12 in chips) 
Seat 3: Zonbbch4 ($5 in chips) 
Seat 5: Talmy2 ($2.34 in chips) 
Seat 6: blac_jac 71 ($1.54 in chips) 
Seat 7: Dorex2007 ($1.95 in chips) 
Seat 8: fld11 ($0.58 in chips) 
Dorex2007: posts small blind $0.01
fld11: posts big blind $0.02
zpxnjp21: sits out 
kolyasik2401: sits out 
*** HOLE CARDS ***
Dealt to Dorex2007 [9c 8h]
MuraBesPoker: folds 
dobedoobiedo: raises $0.02 to $0.04
Zonbbch4: calls $0.04
Talmy2: folds 
blac_jac 71: folds 
Dorex2007: folds 
fld11: folds 
*** FLOP *** [9h 5s 2h]
dobedoobiedo: bets $0.02
Zonbbch4: calls $0.02
*** TURN *** [9h 5s 2h] [4c]
dobedoobiedo: checks 
Zonbbch4: bets $0.08
dobedoobiedo: calls $0.08
*** RIVER *** [9h 5s 2h 4c] [3d]
dobedoobiedo: checks 
Zonbbch4: checks 
*** SHOW DOWN ***
dobedoobiedo: shows [7h 8d] (high card Nine)
Zonbbch4: shows [4s Ks] (a pair of Fours)
Zonbbch4 collected $0.30 from pot
*** SUMMARY ***
Total pot $0.31 | Rake $0.01 
Board [9h 5s 2h 4c 3d]
Seat 1: MuraBesPoker folded before Flop (didn't bet)
Seat 2: dobedoobiedo showed [7h 8d] and lost with high card Nine
Seat 3: Zonbbch4 showed [4s Ks] and won ($0.30) with a pair of Fours
Seat 5: Talmy2 folded before Flop (didn't bet)
Seat 6: blac_jac 71 (button) folded before Flop (didn't bet)
Seat 7: Dorex2007 (small blind) folded before Flop
Seat 8: fld11 (big blind) folded before Flop



PokerStars Hand #224298697225:  Hold'em No Limit ($0.01/$0.02 USD) - 2021/02/27 20:25:22 PT [2021/02/27 23:25:22 ET]
Table 'Wendeline' 9-max Seat #7 is the button
Seat 1: MuraBesPoker ($2.93 in chips) 
Seat 2: dobedoobiedo ($0.98 in chips) 
Seat 3: Zonbbch4 ($5.16 in chips) 
Seat 5: Talmy2 ($2.34 in chips) 
Seat 6: blac_jac 71 ($1.54 in chips) 
Seat 7: Dorex2007 ($1.94 in chips) 
Seat 8: fld11 ($0.56 in chips) 
Seat 9: zpxnjp21 ($1.81 in chips) 
fld11: posts small blind $0.01
zpxnjp21: posts big blind $0.02
kolyasik2401: sits out 
*** HOLE CARDS ***
Dealt to Dorex2007 [9s 6s]
MuraBesPoker: folds 
dobedoobiedo: raises $0.02 to $0.04
Zonbbch4: calls $0.04
Talmy2: folds 
blac_jac 71: folds 
Dorex2007: folds 
fld11: folds 
zpxnjp21: folds 
*** FLOP *** [2h 9d Td]
dobedoobiedo: bets $0.04
Zonbbch4: folds 
Uncalled bet ($0.04) returned to dobedoobiedo
dobedoobiedo collected $0.11 from pot
dobedoobiedo: doesn't show hand 
*** SUMMARY ***
Total pot $0.11 | Rake $0 
Board [2h 9d Td]
Seat 1: MuraBesPoker folded before Flop (didn't bet)
Seat 2: dobedoobiedo collected ($0.11)
Seat 3: Zonbbch4 folded on the Flop
Seat 5: Talmy2 folded before Flop (didn't bet)
Seat 6: blac_jac 71 folded before Flop (didn't bet)
Seat 7: Dorex2007 (button) folded before Flop (didn't bet)
Seat 8: fld11 (small blind) folded before Flop
Seat 9: zpxnjp21 (big blind) folded before Flop



PokerStars Hand #224298707417:  Hold'em No Limit ($0.01/$0.02 USD) - 2021/02/27 20:26:00 PT [2021/02/27 23:26:00 ET]
Table 'Wendeline' 9-max Seat #8 is the button
Seat 1: MuraBesPoker ($2.93 in chips) 
Seat 2: dobedoobiedo ($1.05 in chips) 
Seat 3: Zonbbch4 ($5.12 in chips) 
Seat 5: Talmy2 ($2.34 in chips) 
Seat 6: blac_jac 71 ($1.54 in chips) 
Seat 7: Dorex2007 ($1.94 in chips) 
Seat 8: fld11 ($0.55 in chips) 
Seat 9: zpxnjp21 ($1.79 in chips) 
zpxnjp21: posts small blind $0.01
MuraBesPoker: posts big blind $0.02
kolyasik2401: sits out 
*** HOLE CARDS ***
Dealt to Dorex2007 [Td As]
dobedoobiedo: raises $0.02 to $0.04
Zonbbch4: calls $0.04
Talmy2: calls $0.04
blac_jac 71: folds 
Dorex2007: calls $0.04
fld11: folds 
zpxnjp21: folds 
MuraBesPoker: folds 
*** FLOP *** [Ts 3s Ks]
dobedoobiedo: bets $0.02
Zonbbch4: folds 
Talmy2: calls $0.02
Dorex2007: raises $0.18 to $0.20
dobedoobiedo: calls $0.18
Talmy2: folds 
*** TURN *** [Ts 3s Ks] [Qh]
dobedoobiedo: bets $0.81 and is all-in
Dorex2007: calls $0.81
*** RIVER *** [Ts 3s Ks Qh] [Js]
*** SHOW DOWN ***
dobedoobiedo: shows [Kc 6h] (a pair of Kings)
Dorex2007: shows [Td As] (a flush, Ace high)
Dorex2007 collected $2.15 from pot
*** SUMMARY ***
Total pot $2.23 | Rake $0.08 
Board [Ts 3s Ks Qh Js]
Seat 1: MuraBesPoker (big blind) folded before Flop
Seat 2: dobedoobiedo showed [Kc 6h] and lost with a pair of Kings
Seat 3: Zonbbch4 folded on the Flop
Seat 5: Talmy2 folded on the Flop
Seat 6: blac_jac 71 folded before Flop (didn't bet)
Seat 7: Dorex2007 showed [Td As] and won ($2.15) with a flush, Ace high
Seat 8: fld11 (button) folded before Flop (didn't bet)
Seat 9: zpxnjp21 (small blind) folded before Flop



PokerStars Hand #224298729501:  Hold'em No Limit ($0.01/$0.02 USD) - 2021/02/27 20:26:50 PT [2021/02/27 23:26:50 ET]
Table 'Wendeline' 9-max Seat #9 is the button
Seat 1: MuraBesPoker ($2.91 in chips) 
Seat 3: Zonbbch4 ($5.08 in chips) 
Seat 5: Talmy2 ($2.28 in chips) 
Seat 6: blac_jac 71 ($1.54 in chips) 
Seat 7: Dorex2007 ($3.04 in chips) 
Seat 8: fld11 ($0.55 in chips) 
Seat 9: zpxnjp21 ($1.78 in chips) 
MuraBesPoker: posts small blind $0.01
Zonbbch4: posts big blind $0.02
kolyasik2401: sits out 
*** HOLE CARDS ***
Dealt to Dorex2007 [Th Ah]
Talmy2: folds 
blac_jac 71: folds 
Dorex2007: raises $0.02 to $0.04
fld11: folds 
zpxnjp21: raises $0.10 to $0.14
MuraBesPoker: folds 
Zonbbch4: folds 
Dorex2007: calls $0.10
*** FLOP *** [Tc 9c Ad]
Dorex2007: checks 
zpxnjp21: bets $0.20
dobedoobiedo is disconnected 
Dorex2007: raises $2.70 to $2.90 and is all-in
zpxnjp21: folds 
Uncalled bet ($2.70) returned to Dorex2007
Dorex2007 collected $0.69 from pot
Dorex2007: doesn't show hand 
*** SUMMARY ***
Total pot $0.71 | Rake $0.02 
Board [Tc 9c Ad]
Seat 1: MuraBesPoker (small blind) folded before Flop
Seat 3: Zonbbch4 (big blind) folded before Flop
Seat 5: Talmy2 folded before Flop (didn't bet)
Seat 6: blac_jac 71 folded before Flop (didn't bet)
Seat 7: Dorex2007 collected ($0.69)
Seat 8: fld11 folded before Flop (didn't bet)
Seat 9: zpxnjp21 (button) folded on the Flop



PokerStars Hand #224298750207:  Hold'em No Limit ($0.01/$0.02 USD) - 2021/02/27 20:27:47 PT [2021/02/27 23:27:47 ET]
Table 'Wendeline' 9-max Seat #1 is the button
Seat 1: MuraBesPoker ($2.90 in chips) 
Seat 3: Zonbbch4 ($5.06 in chips) 
Seat 4: kolyasik2401 ($2.48 in chips) 
Seat 5: Talmy2 ($2.28 in chips) 
Seat 6: blac_jac 71 ($1.54 in chips) 
Seat 7: Dorex2007 ($3.39 in chips) 
Seat 8: fld11 ($0.55 in chips) 
Seat 9: zpxnjp21 ($1.44 in chips) 
Zonbbch4: posts small blind $0.01
kolyasik2401: posts big blind $0.02
*** HOLE CARDS ***
Dealt to Dorex2007 [Ad Tc]
Talmy2: folds 
blac_jac 71: raises $0.02 to $0.04
Dorex2007: folds 
fld11: folds 
zpxnjp21: folds 
MuraBesPoker: folds 
Zonbbch4: calls $0.03
kolyasik2401: folds 
*** FLOP *** [Js 2s Kh]
Zonbbch4: checks 
blac_jac 71: bets $0.02
Zonbbch4: folds 
Uncalled bet ($0.02) returned to blac_jac 71
blac_jac 71 collected $0.10 from pot
blac_jac 71: doesn't show hand 
*** SUMMARY ***
Total pot $0.10 | Rake $0 
Board [Js 2s Kh]
Seat 1: MuraBesPoker (button) folded before Flop (didn't bet)
Seat 3: Zonbbch4 (small blind) folded on the Flop
Seat 4: kolyasik2401 (big blind) folded before Flop
Seat 5: Talmy2 folded before Flop (didn't bet)
Seat 6: blac_jac 71 collected ($0.10)
Seat 7: Dorex2007 folded before Flop (didn't bet)
Seat 8: fld11 folded before Flop (didn't bet)
Seat 9: zpxnjp21 folded before Flop (didn't bet)



PokerStars Hand #224298761740:  Hold'em No Limit ($0.01/$0.02 USD) - 2021/02/27 20:28:31 PT [2021/02/27 23:28:31 ET]
Table 'Wendeline' 9-max Seat #3 is the button
Seat 1: MuraBesPoker ($2.90 in chips) 
Seat 3: Zonbbch4 ($5.02 in chips) 
Seat 4: kolyasik2401 ($2.46 in chips) 
Seat 5: Talmy2 ($2.28 in chips) 
Seat 6: blac_jac 71 ($1.60 in chips) 
Seat 7: Dorex2007 ($3.39 in chips) 
Seat 8: fld11 ($0.55 in chips) 
Seat 9: zpxnjp21 ($1.44 in chips) 
kolyasik2401: posts small blind $0.01
Talmy2: posts big blind $0.02
*** HOLE CARDS ***
Dealt to Dorex2007 [As 7c]
blac_jac 71: folds 
Dorex2007: folds 
fld11: folds 
zpxnjp21: folds 
MuraBesPoker: folds 
Zonbbch4: folds 
kolyasik2401: folds 
Uncalled bet ($0.01) returned to Talmy2
Talmy2 collected $0.02 from pot
Talmy2: doesn't show hand 
*** SUMMARY ***
Total pot $0.02 | Rake $0 
Seat 1: MuraBesPoker folded before Flop (didn't bet)
Seat 3: Zonbbch4 (button) folded before Flop (didn't bet)
Seat 4: kolyasik2401 (small blind) folded before Flop
Seat 5: Talmy2 (big blind) collected ($0.02)
Seat 6: blac_jac 71 folded before Flop (didn't bet)
Seat 7: Dorex2007 folded before Flop (didn't bet)
Seat 8: fld11 folded before Flop (didn't bet)
Seat 9: zpxnjp21 folded before Flop (didn't bet)



PokerStars Hand #224298765832:  Hold'em No Limit ($0.01/$0.02 USD) - 2021/02/27 20:28:47 PT [2021/02/27 23:28:47 ET]
Table 'Wendeline' 9-max Seat #4 is the button
Seat 1: MuraBesPoker ($2.90 in chips) 
Seat 3: Zonbbch4 ($5.02 in chips) 
Seat 4: kolyasik2401 ($2.45 in chips) 
Seat 5: Talmy2 ($2.29 in chips) 
Seat 6: blac_jac 71 ($1.60 in chips) 
Seat 7: Dorex2007 ($3.39 in chips) 
Seat 8: fld11 ($0.55 in chips) 
Seat 9: zpxnjp21 ($1.44 in chips) 
Talmy2: posts small blind $0.01
blac_jac 71: posts big blind $0.02
*** HOLE CARDS ***
Dealt to Dorex2007 [3h As]
Dorex2007: folds 
fld11 has timed out
fld11: folds 
zpxnjp21: folds 
MuraBesPoker: folds 
Zonbbch4: folds 
kolyasik2401: folds 
Talmy2: calls $0.01
blac_jac 71: checks 
*** FLOP *** [6d Ad Ac]
Talmy2: checks 
blac_jac 71: checks 
*** TURN *** [6d Ad Ac] [Kh]
Talmy2: bets $0.02
blac_jac 71: folds 
Uncalled bet ($0.02) returned to Talmy2
Talmy2 collected $0.04 from pot
Talmy2: doesn't show hand 
*** SUMMARY ***
Total pot $0.04 | Rake $0 
Board [6d Ad Ac Kh]
Seat 1: MuraBesPoker folded before Flop (didn't bet)
Seat 3: Zonbbch4 folded before Flop (didn't bet)
Seat 4: kolyasik2401 (button) folded before Flop (didn't bet)
Seat 5: Talmy2 (small blind) collected ($0.04)
Seat 6: blac_jac 71 (big blind) folded on the Turn
Seat 7: Dorex2007 folded before Flop (didn't bet)
Seat 8: fld11 folded before Flop (didn't bet)
Seat 9: zpxnjp21 folded before Flop (didn't bet)



PokerStars Hand #224298776346:  Hold'em No Limit ($0.01/$0.02 USD) - 2021/02/27 20:29:27 PT [2021/02/27 23:29:27 ET]
Table 'Wendeline' 9-max Seat #5 is the button
Seat 1: MuraBesPoker ($2.90 in chips) 
Seat 3: Zonbbch4 ($5.02 in chips) 
Seat 4: kolyasik2401 ($2.45 in chips) 
Seat 5: Talmy2 ($2.31 in chips) 
Seat 6: blac_jac 71 ($1.58 in chips) 
Seat 7: Dorex2007 ($3.39 in chips) 
Seat 8: fld11 ($0.55 in chips) 
Seat 9: zpxnjp21 ($1.44 in chips) 
blac_jac 71: posts small blind $0.01
Dorex2007: posts big blind $0.02
*** HOLE CARDS ***
Dealt to Dorex2007 [8h 5h]
fld11: folds 
zpxnjp21: folds 
MuraBesPoker: folds 
Zonbbch4 has timed out
Zonbbch4: folds 
kolyasik2401: folds 
Talmy2: raises $0.04 to $0.06
blac_jac 71: folds 
Dorex2007: folds 
Uncalled bet ($0.04) returned to Talmy2
Talmy2 collected $0.05 from pot
Talmy2: doesn't show hand 
*** SUMMARY ***
Total pot $0.05 | Rake $0 
Seat 1: MuraBesPoker folded before Flop (didn't bet)
Seat 3: Zonbbch4 folded before Flop (didn't bet)
Seat 4: kolyasik2401 folded before Flop (didn't bet)
Seat 5: Talmy2 (button) collected ($0.05)
Seat 6: blac_jac 71 (small blind) folded before Flop
Seat 7: Dorex2007 (big blind) folded before Flop
Seat 8: fld11 folded before Flop (didn't bet)
Seat 9: zpxnjp21 folded before Flop (didn't bet)



PokerStars Hand #224298785436:  Hold'em No Limit ($0.01/$0.02 USD) - 2021/02/27 20:30:02 PT [2021/02/27 23:30:02 ET]
Table 'Wendeline' 9-max Seat #6 is the button
Seat 1: MuraBesPoker ($2.90 in chips) 
Seat 4: kolyasik2401 ($2.45 in chips) 
Seat 5: Talmy2 ($2.34 in chips) 
Seat 6: blac_jac 71 ($1.57 in chips) 
Seat 7: Dorex2007 ($3.37 in chips) 
Seat 8: fld11 ($0.55 in chips) 
Seat 9: zpxnjp21 ($1.44 in chips) 
Dorex2007: posts small blind $0.01
fld11: posts big blind $0.02
*** HOLE CARDS ***
Dealt to Dorex2007 [6h 6s]
zpxnjp21: folds 
MuraBesPoker: folds 
kolyasik2401: folds 
Talmy2: folds 
blac_jac 71: calls $0.02
Dorex2007: calls $0.01
fld11: checks 
*** FLOP *** [8d Kd Ac]
Dorex2007: checks 
fld11: checks 
blac_jac 71: checks 
*** TURN *** [8d Kd Ac] [3h]
Dorex2007: checks 
fld11: checks 
blac_jac 71: checks 
*** RIVER *** [8d Kd Ac 3h] [4s]
Dorex2007: bets $0.05
fld11: folds 
blac_jac 71: folds 
Uncalled bet ($0.05) returned to Dorex2007
Dorex2007 collected $0.06 from pot
Dorex2007: doesn't show hand 
*** SUMMARY ***
Total pot $0.06 | Rake $0 
Board [8d Kd Ac 3h 4s]
Seat 1: MuraBesPoker folded before Flop (didn't bet)
Seat 4: kolyasik2401 folded before Flop (didn't bet)
Seat 5: Talmy2 folded before Flop (didn't bet)
Seat 6: blac_jac 71 (button) folded on the River
Seat 7: Dorex2007 (small blind) collected ($0.06)
Seat 8: fld11 (big blind) folded on the River
Seat 9: zpxnjp21 folded before Flop (didn't bet)



PokerStars Hand #224298801692:  Hold'em No Limit ($0.01/$0.02 USD) - 2021/02/27 20:31:04 PT [2021/02/27 23:31:04 ET]
Table 'Wendeline' 9-max Seat #7 is the button
Seat 1: MuraBesPoker ($2.90 in chips) 
Seat 4: kolyasik2401 ($2.45 in chips) 
Seat 5: Talmy2 ($2.34 in chips) 
Seat 6: blac_jac 71 ($1.55 in chips) 
Seat 7: Dorex2007 ($3.41 in chips) 
Seat 8: fld11 ($0.53 in chips) 
Seat 9: zpxnjp21 ($1.44 in chips) 
fld11: posts small blind $0.01
zpxnjp21: posts big blind $0.02
*** HOLE CARDS ***
Dealt to Dorex2007 [9s 5d]
MuraBesPoker: folds 
kolyasik2401 has timed out
kolyasik2401: folds 
Talmy2: folds 
blac_jac 71: folds 
Dorex2007: folds 
fld11: folds 
Uncalled bet ($0.01) returned to zpxnjp21
zpxnjp21 collected $0.02 from pot
zpxnjp21: doesn't show hand 
*** SUMMARY ***
Total pot $0.02 | Rake $0 
Seat 1: MuraBesPoker folded before Flop (didn't bet)
Seat 4: kolyasik2401 folded before Flop (didn't bet)
Seat 5: Talmy2 folded before Flop (didn't bet)
Seat 6: blac_jac 71 folded before Flop (didn't bet)
Seat 7: Dorex2007 (button) folded before Flop (didn't bet)
Seat 8: fld11 (small blind) folded before Flop
Seat 9: zpxnjp21 (big blind) collected ($0.02)



PokerStars Hand #224298808313:  Hold'em No Limit ($0.01/$0.02 USD) - 2021/02/27 20:31:30 PT [2021/02/27 23:31:30 ET]
Table 'Wendeline' 9-max Seat #8 is the button
Seat 1: MuraBesPoker ($2.90 in chips) 
Seat 3: Zonbbch4 ($5.02 in chips) 
Seat 4: kolyasik2401 ($2.45 in chips) 
Seat 5: Talmy2 ($2.34 in chips) 
Seat 6: blac_jac 71 ($1.55 in chips) 
Seat 7: Dorex2007 ($3.41 in chips) 
Seat 8: fld11 ($0.52 in chips) 
Seat 9: zpxnjp21 ($1.45 in chips) 
zpxnjp21: posts small blind $0.01
MuraBesPoker: posts big blind $0.02
*** HOLE CARDS ***
Dealt to Dorex2007 [9s 4h]
Zonbbch4: raises $0.02 to $0.04
kolyasik2401: folds 
Talmy2: folds 
blac_jac 71: folds 
Dorex2007: folds 
fld11: folds 
zpxnjp21: folds 
MuraBesPoker: folds 
Uncalled bet ($0.02) returned to Zonbbch4
Zonbbch4 collected $0.05 from pot
*** SUMMARY ***
Total pot $0.05 | Rake $0 
Seat 1: MuraBesPoker (big blind) folded before Flop
Seat 3: Zonbbch4 collected ($0.05)
Seat 4: kolyasik2401 folded before Flop (didn't bet)
Seat 5: Talmy2 folded before Flop (didn't bet)
Seat 6: blac_jac 71 folded before Flop (didn't bet)
Seat 7: Dorex2007 folded before Flop (didn't bet)
Seat 8: fld11 (button) folded before Flop (didn't bet)
Seat 9: zpxnjp21 (small blind) folded before Flop



PokerStars Hand #224298818349:  Hold'em No Limit ($0.01/$0.02 USD) - 2021/02/27 20:32:08 PT [2021/02/27 23:32:08 ET]
Table 'Wendeline' 9-max Seat #9 is the button
Seat 1: MuraBesPoker ($2.88 in chips) 
Seat 3: Zonbbch4 ($5.05 in chips) 
Seat 4: kolyasik2401 ($2.45 in chips) 
Seat 5: Talmy2 ($2.34 in chips) 
Seat 6: blac_jac 71 ($1.55 in chips) 
Seat 7: Dorex2007 ($3.41 in chips) 
Seat 8: fld11 ($0.52 in chips) 
Seat 9: zpxnjp21 ($1.44 in chips) 
MuraBesPoker: posts small blind $0.01
Zonbbch4: posts big blind $0.02
*** HOLE CARDS ***
Dealt to Dorex2007 [3s 8c]
kolyasik2401 has timed out
kolyasik2401: folds 
Talmy2: folds 
blac_jac 71: calls $0.02
Dorex2007: folds 
fld11: folds 
zpxnjp21: folds 
MuraBesPoker: folds 
Zonbbch4: raises $0.02 to $0.04
blac_jac 71: calls $0.02
*** FLOP *** [5d 9h Kd]
Zonbbch4: bets $0.06
blac_jac 71: folds 
Uncalled bet ($0.06) returned to Zonbbch4
Zonbbch4 collected $0.09 from pot
Zonbbch4: doesn't show hand 
*** SUMMARY ***
Total pot $0.09 | Rake $0 
Board [5d 9h Kd]
Seat 1: MuraBesPoker (small blind) folded before Flop
Seat 3: Zonbbch4 (big blind) collected ($0.09)
Seat 4: kolyasik2401 folded before Flop (didn't bet)
Seat 5: Talmy2 folded before Flop (didn't bet)
Seat 6: blac_jac 71 folded on the Flop
Seat 7: Dorex2007 folded before Flop (didn't bet)
Seat 8: fld11 folded before Flop (didn't bet)
Seat 9: zpxnjp21 (button) folded before Flop (didn't bet)



PokerStars Hand #224298827882:  Hold'em No Limit ($0.01/$0.02 USD) - 2021/02/27 20:32:45 PT [2021/02/27 23:32:45 ET]
Table 'Wendeline' 9-max Seat #1 is the button
Seat 1: MuraBesPoker ($2.87 in chips) 
Seat 3: Zonbbch4 ($5.10 in chips) 
Seat 4: kolyasik2401 ($2.45 in chips) 
Seat 5: Talmy2 ($2.34 in chips) 
Seat 6: blac_jac 71 ($1.51 in chips) 
Seat 7: Dorex2007 ($3.41 in chips) 
Seat 8: fld11 ($0.52 in chips) 
Seat 9: zpxnjp21 ($1.44 in chips) 
Zonbbch4: posts small blind $0.01
kolyasik2401: posts big blind $0.02
*** HOLE CARDS ***
Dealt to Dorex2007 [5s 8h]
Talmy2: folds 
blac_jac 71: folds 
Dorex2007: folds 
fld11: folds 
zpxnjp21: folds 
MuraBesPoker: folds 
Zonbbch4: calls $0.01
kolyasik2401: checks 
*** FLOP *** [Td 2c 3h]
Zonbbch4: bets $0.04
kolyasik2401: folds 
Uncalled bet ($0.04) returned to Zonbbch4
Zonbbch4 collected $0.04 from pot
*** SUMMARY ***
Total pot $0.04 | Rake $0 
Board [Td 2c 3h]
Seat 1: MuraBesPoker (button) folded before Flop (didn't bet)
Seat 3: Zonbbch4 (small blind) collected ($0.04)
Seat 4: kolyasik2401 (big blind) folded on the Flop
Seat 5: Talmy2 folded before Flop (didn't bet)
Seat 6: blac_jac 71 folded before Flop (didn't bet)
Seat 7: Dorex2007 folded before Flop (didn't bet)
Seat 8: fld11 folded before Flop (didn't bet)
Seat 9: zpxnjp21 folded before Flop (didn't bet)



PokerStars Hand #224298838412:  Hold'em No Limit ($0.01/$0.02 USD) - 2021/02/27 20:33:26 PT [2021/02/27 23:33:26 ET]
Table 'Wendeline' 9-max Seat #3 is the button
Seat 1: MuraBesPoker ($2.87 in chips) 
Seat 3: Zonbbch4 ($5.12 in chips) 
Seat 4: kolyasik2401 ($2.43 in chips) 
Seat 5: Talmy2 ($2.34 in chips) 
Seat 6: blac_jac 71 ($1.51 in chips) 
Seat 7: Dorex2007 ($3.41 in chips) 
Seat 8: fld11 ($0.52 in chips) 
Seat 9: zpxnjp21 ($1.44 in chips) 
kolyasik2401: posts small blind $0.01
Talmy2: posts big blind $0.02
*** HOLE CARDS ***
Dealt to Dorex2007 [Qd 6c]
blac_jac 71 has timed out
blac_jac 71: folds 
Dorex2007: folds 
fld11: folds 
zpxnjp21: folds 
MuraBesPoker: folds 
Zonbbch4: raises $0.04 to $0.06
kolyasik2401: folds 
Talmy2: folds 
Uncalled bet ($0.04) returned to Zonbbch4
Zonbbch4 collected $0.05 from pot
*** SUMMARY ***
Total pot $0.05 | Rake $0 
Seat 1: MuraBesPoker folded before Flop (didn't bet)
Seat 3: Zonbbch4 (button) collected ($0.05)
Seat 4: kolyasik2401 (small blind) folded before Flop
Seat 5: Talmy2 (big blind) folded before Flop
Seat 6: blac_jac 71 folded before Flop (didn't bet)
Seat 7: Dorex2007 folded before Flop (didn't bet)
Seat 8: fld11 folded before Flop (didn't bet)
Seat 9: zpxnjp21 folded before Flop (didn't bet)



PokerStars Hand #224298846608:  Hold'em No Limit ($0.01/$0.02 USD) - 2021/02/27 20:33:58 PT [2021/02/27 23:33:58 ET]
Table 'Wendeline' 9-max Seat #4 is the button
Seat 1: MuraBesPoker ($2.87 in chips) 
Seat 3: Zonbbch4 ($5.15 in chips) 
Seat 4: kolyasik2401 ($2.42 in chips) 
Seat 5: Talmy2 ($2.32 in chips) 
Seat 6: blac_jac 71 ($1.51 in chips) 
Seat 7: Dorex2007 ($3.41 in chips) 
Seat 8: fld11 ($0.52 in chips) 
Seat 9: zpxnjp21 ($1.44 in chips) 
Talmy2: posts small blind $0.01
blac_jac 71: posts big blind $0.02
*** HOLE CARDS ***
Dealt to Dorex2007 [4s 3c]
Dorex2007: folds 
fld11: calls $0.02
zpxnjp21: folds 
MuraBesPoker: folds 
Zonbbch4: calls $0.02
kolyasik2401: folds 
Talmy2: calls $0.01
blac_jac 71: checks 
*** FLOP *** [Kh 8h 7s]
Talmy2: checks 
blac_jac 71: bets $0.04
fld11: folds 
Zonbbch4: folds 
Talmy2: calls $0.04
*** TURN *** [Kh 8h 7s] [Ad]
Talmy2: checks 
blac_jac 71: checks 
*** RIVER *** [Kh 8h 7s Ad] [4h]
Talmy2: checks 
blac_jac 71: bets $0.04
Talmy2: calls $0.04
*** SHOW DOWN ***
blac_jac 71: shows [Kd 9h] (a pair of Kings)
Talmy2: mucks hand 
blac_jac 71 collected $0.23 from pot
*** SUMMARY ***
Total pot $0.24 | Rake $0.01 
Board [Kh 8h 7s Ad 4h]
Seat 1: MuraBesPoker folded before Flop (didn't bet)
Seat 3: Zonbbch4 folded on the Flop
Seat 4: kolyasik2401 (button) folded before Flop (didn't bet)
Seat 5: Talmy2 (small blind) mucked [7h 5s]
Seat 6: blac_jac 71 (big blind) showed [Kd 9h] and won ($0.23) with a pair of Kings
Seat 7: Dorex2007 folded before Flop (didn't bet)
Seat 8: fld11 folded on the Flop
Seat 9: zpxnjp21 folded before Flop (didn't bet)



PokerStars Hand #224298857682:  Hold'em No Limit ($0.01/$0.02 USD) - 2021/02/27 20:34:41 PT [2021/02/27 23:34:41 ET]
Table 'Wendeline' 9-max Seat #5 is the button
Seat 1: MuraBesPoker ($2.87 in chips) 
Seat 3: Zonbbch4 ($5.13 in chips) 
Seat 4: kolyasik2401 ($2.42 in chips) 
Seat 5: Talmy2 ($2.22 in chips) 
Seat 6: blac_jac 71 ($1.64 in chips) 
Seat 7: Dorex2007 ($3.41 in chips) 
Seat 8: fld11 ($0.50 in chips) 
Seat 9: zpxnjp21 ($1.44 in chips) 
blac_jac 71: posts small blind $0.01
Dorex2007: posts big blind $0.02
*** HOLE CARDS ***
Dealt to Dorex2007 [6d 7d]
fld11: folds 
zpxnjp21: folds 
MuraBesPoker: folds 
Zonbbch4: raises $0.04 to $0.06
kolyasik2401: folds 
Talmy2: calls $0.06
blac_jac 71: folds 
Dorex2007: folds 
*** FLOP *** [As Js 5s]
Zonbbch4: checks 
Talmy2: checks 
*** TURN *** [As Js 5s] [3c]
Zonbbch4: checks 
Talmy2: bets $0.07
Zonbbch4: calls $0.07
*** RIVER *** [As Js 5s 3c] [Td]
Zonbbch4: checks 
Talmy2: bets $0.14
Zonbbch4: calls $0.14
*** SHOW DOWN ***
Talmy2: shows [7h Ad] (a pair of Aces)
Zonbbch4: mucks hand 
Talmy2 collected $0.55 from pot
*** SUMMARY ***
Total pot $0.57 | Rake $0.02 
Board [As Js 5s 3c Td]
Seat 1: MuraBesPoker folded before Flop (didn't bet)
Seat 3: Zonbbch4 mucked [Qs Tc]
Seat 4: kolyasik2401 folded before Flop (didn't bet)
Seat 5: Talmy2 (button) showed [7h Ad] and won ($0.55) with a pair of Aces
Seat 6: blac_jac 71 (small blind) folded before Flop
Seat 7: Dorex2007 (big blind) folded before Flop
Seat 8: fld11 folded before Flop (didn't bet)
Seat 9: zpxnjp21 folded before Flop (didn't bet)



PokerStars Hand #224298872989:  Hold'em No Limit ($0.01/$0.02 USD) - 2021/02/27 20:35:40 PT [2021/02/27 23:35:40 ET]
Table 'Wendeline' 9-max Seat #6 is the button
Seat 1: MuraBesPoker ($2.87 in chips) 
Seat 3: Zonbbch4 ($4.86 in chips) 
Seat 4: kolyasik2401 ($2.42 in chips) 
Seat 5: Talmy2 ($2.50 in chips) 
Seat 6: blac_jac 71 ($1.63 in chips) 
Seat 7: Dorex2007 ($3.39 in chips) 
Seat 8: fld11 ($0.50 in chips) 
Seat 9: zpxnjp21 ($1.44 in chips) 
Dorex2007: posts small blind $0.01
fld11: posts big blind $0.02
*** HOLE CARDS ***
Dealt to Dorex2007 [Th 9d]
zpxnjp21: folds 
MuraBesPoker: folds 
Zonbbch4: calls $0.02
kolyasik2401: folds 
Talmy2: folds 
blac_jac 71: folds 
Dorex2007: folds 
fld11: checks 
*** FLOP *** [8c Jh Qh]
fld11: checks 
Zonbbch4: bets $0.06
fld11: folds 
Uncalled bet ($0.06) returned to Zonbbch4
Zonbbch4 collected $0.05 from pot
Zonbbch4: doesn't show hand 
*** SUMMARY ***
Total pot $0.05 | Rake $0 
Board [8c Jh Qh]
Seat 1: MuraBesPoker folded before Flop (didn't bet)
Seat 3: Zonbbch4 collected ($0.05)
Seat 4: kolyasik2401 folded before Flop (didn't bet)
Seat 5: Talmy2 folded before Flop (didn't bet)
Seat 6: blac_jac 71 (button) folded before Flop (didn't bet)
Seat 7: Dorex2007 (small blind) folded before Flop
Seat 8: fld11 (big blind) folded on the Flop
Seat 9: zpxnjp21 folded before Flop (didn't bet)



PokerStars Hand #224298883321:  Hold'em No Limit ($0.01/$0.02 USD) - 2021/02/27 20:36:21 PT [2021/02/27 23:36:21 ET]
Table 'Wendeline' 9-max Seat #7 is the button
Seat 1: MuraBesPoker ($2.87 in chips) 
Seat 3: Zonbbch4 ($4.89 in chips) 
Seat 4: kolyasik2401 ($2.42 in chips) 
Seat 5: Talmy2 ($2.50 in chips) 
Seat 6: blac_jac 71 ($1.63 in chips) 
Seat 7: Dorex2007 ($3.38 in chips) 
Seat 8: fld11 ($0.48 in chips) 
Seat 9: zpxnjp21 ($1.44 in chips) 
fld11: posts small blind $0.01
zpxnjp21: posts big blind $0.02
*** HOLE CARDS ***
Dealt to Dorex2007 [As 9d]
MuraBesPoker: folds 
Zonbbch4: raises $0.04 to $0.06
kolyasik2401: folds 
Talmy2: folds 
blac_jac 71: folds 
Dorex2007: folds 
fld11: folds 
zpxnjp21: folds 
Uncalled bet ($0.04) returned to Zonbbch4
Zonbbch4 collected $0.05 from pot
Zonbbch4: doesn't show hand 
*** SUMMARY ***
Total pot $0.05 | Rake $0 
Seat 1: MuraBesPoker folded before Flop (didn't bet)
Seat 3: Zonbbch4 collected ($0.05)
Seat 4: kolyasik2401 folded before Flop (didn't bet)
Seat 5: Talmy2 folded before Flop (didn't bet)
Seat 6: blac_jac 71 folded before Flop (didn't bet)
Seat 7: Dorex2007 (button) folded before Flop (didn't bet)
Seat 8: fld11 (small blind) folded before Flop
Seat 9: zpxnjp21 (big blind) folded before Flop



PokerStars Hand #224298889878:  Hold'em No Limit ($0.01/$0.02 USD) - 2021/02/27 20:36:46 PT [2021/02/27 23:36:46 ET]
Table 'Wendeline' 9-max Seat #8 is the button
Seat 1: MuraBesPoker ($2.87 in chips) 
Seat 3: Zonbbch4 ($4.92 in chips) 
Seat 4: kolyasik2401 ($2.42 in chips) 
Seat 5: Talmy2 ($2.50 in chips) 
Seat 6: blac_jac 71 ($1.63 in chips) 
Seat 7: Dorex2007 ($3.38 in chips) 
Seat 8: fld11 ($0.47 in chips) 
Seat 9: zpxnjp21 ($1.42 in chips) 
zpxnjp21: posts small blind $0.01
MuraBesPoker: posts big blind $0.02
*** HOLE CARDS ***
Dealt to Dorex2007 [7h 3c]
Zonbbch4: calls $0.02
kolyasik2401: folds 
Talmy2: folds 
blac_jac 71: calls $0.02
Dorex2007: folds 
fld11: calls $0.02
zpxnjp21: folds 
MuraBesPoker: checks 
*** FLOP *** [Ac 2s As]
MuraBesPoker: checks 
Zonbbch4: checks 
blac_jac 71: bets $0.04
fld11: raises $0.41 to $0.45 and is all-in
dobedoobiedo was removed from the table for failing to post
dobedoobiedo leaves the table
MuraBesPoker: folds 
Zonbbch4: folds 
blac_jac 71: folds 
Uncalled bet ($0.41) returned to fld11
fld11 collected $0.16 from pot
fld11: doesn't show hand 
*** SUMMARY ***
Total pot $0.17 | Rake $0.01 
Board [Ac 2s As]
Seat 1: MuraBesPoker (big blind) folded on the Flop
Seat 3: Zonbbch4 folded on the Flop
Seat 4: kolyasik2401 folded before Flop (didn't bet)
Seat 5: Talmy2 folded before Flop (didn't bet)
Seat 6: blac_jac 71 folded on the Flop
Seat 7: Dorex2007 folded before Flop (didn't bet)
Seat 8: fld11 (button) collected ($0.16)
Seat 9: zpxnjp21 (small blind) folded before Flop



PokerStars Hand #224299035077:  Hold'em No Limit ($0.01/$0.02 USD) - 2021/02/27 20:45:19 PT [2021/02/27 23:45:19 ET]
Table 'Wendeline' 9-max Seat #5 is the button
Seat 3: Zonbbch4 ($5.45 in chips) 
Seat 4: Nick.Siloff ($2 in chips) 
Seat 5: Talmy2 ($1.59 in chips) 
Seat 6: blac_jac 71 ($1.57 in chips) 
Seat 7: Dorex2007 ($3.38 in chips) 
Seat 8: fld11 ($0.54 in chips) 
Seat 9: zpxnjp21 ($1.48 in chips) 
blac_jac 71: posts small blind $0.01
Dorex2007: posts big blind $0.02
Xulepa82: sits out 
Nick.Siloff: posts big blind $0.02
*** HOLE CARDS ***
Dealt to Dorex2007 [Jd 5s]
fld11: folds 
zpxnjp21: folds 
Zonbbch4: folds 
Nick.Siloff: checks 
Talmy2: folds 
blac_jac 71: folds 
Dorex2007: checks 
*** FLOP *** [9d Ks 4s]
Dorex2007: checks 
Nick.Siloff: checks 
*** TURN *** [9d Ks 4s] [4h]
Dorex2007: checks 
Nick.Siloff: checks 
*** RIVER *** [9d Ks 4s 4h] [3s]
Dorex2007: checks 
Nick.Siloff: checks 
*** SHOW DOWN ***
Dorex2007: shows [Jd 5s] (a pair of Fours)
Nick.Siloff: shows [Jh 3d] (two pair, Fours and Threes)
Nick.Siloff collected $0.05 from pot
*** SUMMARY ***
Total pot $0.05 | Rake $0 
Board [9d Ks 4s 4h 3s]
Seat 3: Zonbbch4 folded before Flop (didn't bet)
Seat 4: Nick.Siloff showed [Jh 3d] and won ($0.05) with two pair, Fours and Threes
Seat 5: Talmy2 (button) folded before Flop (didn't bet)
Seat 6: blac_jac 71 (small blind) folded before Flop
Seat 7: Dorex2007 (big blind) showed [Jd 5s] and lost with a pair of Fours
Seat 8: fld11 folded before Flop (didn't bet)
Seat 9: zpxnjp21 folded before Flop (didn't bet)



PokerStars Hand #224299049050:  Hold'em No Limit ($0.01/$0.02 USD) - 2021/02/27 20:46:16 PT [2021/02/27 23:46:16 ET]
Table 'Wendeline' 9-max Seat #6 is the button
Seat 3: Zonbbch4 ($5.45 in chips) 
Seat 4: Nick.Siloff ($2.03 in chips) 
Seat 5: Talmy2 ($1.59 in chips) 
Seat 6: blac_jac 71 ($1.56 in chips) 
Seat 7: Dorex2007 ($3.36 in chips) 
Seat 8: fld11 ($0.54 in chips) 
Seat 9: zpxnjp21 ($1.48 in chips) 
Dorex2007: posts small blind $0.01
fld11: posts big blind $0.02
Xulepa82: sits out 
*** HOLE CARDS ***
Dealt to Dorex2007 [Th 8s]
zpxnjp21: folds 
Zonbbch4: calls $0.02
Nick.Siloff: folds 
Talmy2: raises $0.04 to $0.06
blac_jac 71: calls $0.06
Dorex2007: folds 
fld11: raises $0.04 to $0.10
Zonbbch4: folds 
Talmy2: calls $0.04
blac_jac 71: calls $0.04
*** FLOP *** [3c 6c 5h]
fld11: bets $0.44 and is all-in
Talmy2: folds 
blac_jac 71: folds 
Uncalled bet ($0.44) returned to fld11
fld11 collected $0.32 from pot
fld11: doesn't show hand 
*** SUMMARY ***
Total pot $0.33 | Rake $0.01 
Board [3c 6c 5h]
Seat 3: Zonbbch4 folded before Flop
Seat 4: Nick.Siloff folded before Flop (didn't bet)
Seat 5: Talmy2 folded on the Flop
Seat 6: blac_jac 71 (button) folded on the Flop
Seat 7: Dorex2007 (small blind) folded before Flop
Seat 8: fld11 (big blind) collected ($0.32)
Seat 9: zpxnjp21 folded before Flop (didn't bet)



PokerStars Hand #224299060360:  Hold'em No Limit ($0.01/$0.02 USD) - 2021/02/27 20:47:01 PT [2021/02/27 23:47:01 ET]
Table 'Wendeline' 9-max Seat #7 is the button
Seat 2: Mtosha ($2 in chips) 
Seat 3: Zonbbch4 ($5.43 in chips) 
Seat 4: Nick.Siloff ($2.03 in chips) 
Seat 5: Talmy2 ($1.49 in chips) 
Seat 6: blac_jac 71 ($1.46 in chips) 
Seat 7: Dorex2007 ($3.35 in chips) 
Seat 8: fld11 ($0.76 in chips) 
Seat 9: zpxnjp21 ($1.48 in chips) 
fld11: posts small blind $0.01
zpxnjp21: posts big blind $0.02
Xulepa82: sits out 
*** HOLE CARDS ***
Dealt to Dorex2007 [Qc 6s]
Mtosha has timed out
Mtosha: folds 
Zonbbch4: raises $0.04 to $0.06
Nick.Siloff: folds 
Talmy2: folds 
Mtosha leaves the table
blac_jac 71: folds 
Dorex2007: folds 
fld11: folds 
zpxnjp21: folds 
Uncalled bet ($0.04) returned to Zonbbch4
Zonbbch4 collected $0.05 from pot
*** SUMMARY ***
Total pot $0.05 | Rake $0 
Seat 2: Mtosha folded before Flop (didn't bet)
Seat 3: Zonbbch4 collected ($0.05)
Seat 4: Nick.Siloff folded before Flop (didn't bet)
Seat 5: Talmy2 folded before Flop (didn't bet)
Seat 6: blac_jac 71 folded before Flop (didn't bet)
Seat 7: Dorex2007 (button) folded before Flop (didn't bet)
Seat 8: fld11 (small blind) folded before Flop
Seat 9: zpxnjp21 (big blind) folded before Flop



PokerStars Hand #224299069938:  Hold'em No Limit ($0.01/$0.02 USD) - 2021/02/27 20:47:40 PT [2021/02/27 23:47:40 ET]
Table 'Wendeline' 9-max Seat #8 is the button
Seat 1: Xulepa82 ($2 in chips) 
Seat 3: Zonbbch4 ($5.46 in chips) 
Seat 4: Nick.Siloff ($2.03 in chips) 
Seat 5: Talmy2 ($1.49 in chips) 
Seat 6: blac_jac 71 ($1.46 in chips) 
Seat 7: Dorex2007 ($3.35 in chips) 
Seat 8: fld11 ($0.75 in chips) 
Seat 9: zpxnjp21 ($1.46 in chips) 
zpxnjp21: posts small blind $0.01
Xulepa82: posts big blind $0.02
*** HOLE CARDS ***
Dealt to Dorex2007 [Qd 4d]
Zonbbch4: raises $0.04 to $0.06
Nick.Siloff: folds 
Talmy2: calls $0.06
blac_jac 71: folds 
Dorex2007: folds 
fld11: folds 
zpxnjp21: folds 
Xulepa82: folds 
*** FLOP *** [Jh Ah 5s]
Zonbbch4: checks 
QcDream joins the table at seat #2 
Talmy2: bets $0.07
Zonbbch4: calls $0.07
*** TURN *** [Jh Ah 5s] [9h]
Zonbbch4: checks 
Talmy2: bets $0.14
Zonbbch4: calls $0.14
*** RIVER *** [Jh Ah 5s 9h] [4h]
Zonbbch4: checks 
Talmy2: bets $0.30
Zonbbch4: calls $0.30
*** SHOW DOWN ***
Talmy2: shows [Kh Kc] (a flush, Ace high)
Zonbbch4: mucks hand 
Talmy2 collected $1.13 from pot
*** SUMMARY ***
Total pot $1.17 | Rake $0.04 
Board [Jh Ah 5s 9h 4h]
Seat 1: Xulepa82 (big blind) folded before Flop
Seat 3: Zonbbch4 mucked [Jd Jc]
Seat 4: Nick.Siloff folded before Flop (didn't bet)
Seat 5: Talmy2 showed [Kh Kc] and won ($1.13) with a flush, Ace high
Seat 6: blac_jac 71 folded before Flop (didn't bet)
Seat 7: Dorex2007 folded before Flop (didn't bet)
Seat 8: fld11 (button) folded before Flop (didn't bet)
Seat 9: zpxnjp21 (small blind) folded before Flop



PokerStars Hand #224299091736:  Hold'em No Limit ($0.01/$0.02 USD) - 2021/02/27 20:48:38 PT [2021/02/27 23:48:38 ET]
Table 'Wendeline' 9-max Seat #9 is the button
Seat 1: Xulepa82 ($2 in chips) 
Seat 2: QcDream ($0.84 in chips) 
Seat 3: Zonbbch4 ($4.89 in chips) 
Seat 4: Nick.Siloff ($2.03 in chips) 
Seat 5: Talmy2 ($2.05 in chips) 
Seat 6: blac_jac 71 ($1.46 in chips) 
Seat 7: Dorex2007 ($3.35 in chips) 
Seat 8: fld11 ($0.75 in chips) 
Seat 9: zpxnjp21 ($1.45 in chips) 
Xulepa82: posts small blind $0.01
QcDream: posts big blind $0.02
*** HOLE CARDS ***
Dealt to Dorex2007 [As 2s]
Zonbbch4: calls $0.02
Nick.Siloff: folds 
Talmy2: folds 
blac_jac 71: folds 
Dorex2007 said, "ouch"
Dorex2007: folds 
fld11: folds 
zpxnjp21: folds 
Xulepa82: folds 
QcDream: checks 
*** FLOP *** [Th 2c 7c]
QcDream: checks 
Zonbbch4: bets $0.06
QcDream: folds 
Uncalled bet ($0.06) returned to Zonbbch4
Zonbbch4 collected $0.05 from pot
*** SUMMARY ***
Total pot $0.05 | Rake $0 
Board [Th 2c 7c]
Seat 1: Xulepa82 (small blind) folded before Flop
Seat 2: QcDream (big blind) folded on the Flop
Seat 3: Zonbbch4 collected ($0.05)
Seat 4: Nick.Siloff folded before Flop (didn't bet)
Seat 5: Talmy2 folded before Flop (didn't bet)
Seat 6: blac_jac 71 folded before Flop (didn't bet)
Seat 7: Dorex2007 folded before Flop (didn't bet)
Seat 8: fld11 folded before Flop (didn't bet)
Seat 9: zpxnjp21 (button) folded before Flop (didn't bet)



PokerStars Hand #224299102063:  Hold'em No Limit ($0.01/$0.02 USD) - 2021/02/27 20:49:20 PT [2021/02/27 23:49:20 ET]
Table 'Wendeline' 9-max Seat #1 is the button
Seat 1: Xulepa82 ($2 in chips) 
Seat 2: QcDream ($0.82 in chips) 
Seat 3: Zonbbch4 ($4.92 in chips) 
Seat 4: Nick.Siloff ($2.03 in chips) 
Seat 5: Talmy2 ($2.05 in chips) 
Seat 6: blac_jac 71 ($1.46 in chips) 
Seat 7: Dorex2007 ($3.35 in chips) 
Seat 8: fld11 ($0.75 in chips) 
Seat 9: zpxnjp21 ($1.45 in chips) 
QcDream: posts small blind $0.01
Zonbbch4: posts big blind $0.02
*** HOLE CARDS ***
Dealt to Dorex2007 [Jd 3h]
Nick.Siloff: folds 
Talmy2: folds 
blac_jac 71: folds 
Dorex2007: folds 
fld11: folds 
zpxnjp21: folds 
Xulepa82: folds 
QcDream: folds 
Uncalled bet ($0.01) returned to Zonbbch4
Zonbbch4 collected $0.02 from pot
*** SUMMARY ***
Total pot $0.02 | Rake $0 
Seat 1: Xulepa82 (button) folded before Flop (didn't bet)
Seat 2: QcDream (small blind) folded before Flop
Seat 3: Zonbbch4 (big blind) collected ($0.02)
Seat 4: Nick.Siloff folded before Flop (didn't bet)
Seat 5: Talmy2 folded before Flop (didn't bet)
Seat 6: blac_jac 71 folded before Flop (didn't bet)
Seat 7: Dorex2007 folded before Flop (didn't bet)
Seat 8: fld11 folded before Flop (didn't bet)
Seat 9: zpxnjp21 folded before Flop (didn't bet)



PokerStars Hand #224299105687:  Hold'em No Limit ($0.01/$0.02 USD) - 2021/02/27 20:49:34 PT [2021/02/27 23:49:34 ET]
Table 'Wendeline' 9-max Seat #2 is the button
Seat 1: Xulepa82 ($2 in chips) 
Seat 2: QcDream ($0.81 in chips) 
Seat 3: Zonbbch4 ($4.93 in chips) 
Seat 4: Nick.Siloff ($2.03 in chips) 
Seat 5: Talmy2 ($2.05 in chips) 
Seat 6: blac_jac 71 ($1.46 in chips) 
Seat 7: Dorex2007 ($3.35 in chips) 
Seat 8: fld11 ($0.75 in chips) 
Seat 9: zpxnjp21 ($1.45 in chips) 
Zonbbch4: posts small blind $0.01
Nick.Siloff: posts big blind $0.02
*** HOLE CARDS ***
Dealt to Dorex2007 [5c Jd]
Talmy2: folds 
blac_jac 71: folds 
Dorex2007: folds 
fld11: calls $0.02
zpxnjp21: folds 
Talmy2 leaves the table
Xulepa82: folds 
QcDream: folds 
Zonbbch4: raises $0.02 to $0.04
Nick.Siloff: raises $0.10 to $0.14
fld11: calls $0.12
Zonbbch4: folds 
*** FLOP *** [3d Tc 5h]
Nick.Siloff: bets $0.21
fld11: raises $0.40 to $0.61 and is all-in
Nick.Siloff: calls $0.40
*** TURN *** [3d Tc 5h] [As]
Tavrus32 joins the table at seat #5 
*** RIVER *** [3d Tc 5h As] [Js]
*** SHOW DOWN ***
Nick.Siloff: shows [Qd Qh] (a pair of Queens)
fld11: shows [Kd Kh] (a pair of Kings)
fld11 collected $1.49 from pot
*** SUMMARY ***
Total pot $1.54 | Rake $0.05 
Board [3d Tc 5h As Js]
Seat 1: Xulepa82 folded before Flop (didn't bet)
Seat 2: QcDream (button) folded before Flop (didn't bet)
Seat 3: Zonbbch4 (small blind) folded before Flop
Seat 4: Nick.Siloff (big blind) showed [Qd Qh] and lost with a pair of Queens
Seat 5: Talmy2 folded before Flop (didn't bet)
Seat 6: blac_jac 71 folded before Flop (didn't bet)
Seat 7: Dorex2007 folded before Flop (didn't bet)
Seat 8: fld11 showed [Kd Kh] and won ($1.49) with a pair of Kings
Seat 9: zpxnjp21 folded before Flop (didn't bet)



PokerStars Hand #224299117836:  Hold'em No Limit ($0.01/$0.02 USD) - 2021/02/27 20:50:23 PT [2021/02/27 23:50:23 ET]
Table 'Wendeline' 9-max Seat #3 is the button
Seat 1: Xulepa82 ($2 in chips) 
Seat 2: QcDream ($0.81 in chips) 
Seat 3: Zonbbch4 ($4.89 in chips) 
Seat 4: Nick.Siloff ($2 in chips) 
Seat 5: Tavrus32 ($2 in chips) 
Seat 6: blac_jac 71 ($1.46 in chips) 
Seat 7: Dorex2007 ($3.35 in chips) 
Seat 8: fld11 ($1.49 in chips) 
Seat 9: zpxnjp21 ($1.45 in chips) 
Nick.Siloff: posts small blind $0.01
Tavrus32: posts big blind $0.02
*** HOLE CARDS ***
Dealt to Dorex2007 [5c 6h]
blac_jac 71: raises $0.02 to $0.04
Dorex2007: folds 
fld11: calls $0.04
zpxnjp21: folds 
Xulepa82: folds 
QcDream: calls $0.04
Zonbbch4: calls $0.04
Nick.Siloff: folds 
Tavrus32: calls $0.02
*** FLOP *** [2h 3s 2s]
Tavrus32: checks 
blac_jac 71: checks 
fld11: checks 
QcDream: checks 
Zonbbch4: checks 
*** TURN *** [2h 3s 2s] [4c]
Tavrus32: checks 
blac_jac 71: checks 
fld11: checks 
QcDream: bets $0.04
Zonbbch4: calls $0.04
Tavrus32: folds 
blac_jac 71: calls $0.04
fld11: folds 
*** RIVER *** [2h 3s 2s 4c] [Jd]
blac_jac 71: checks 
QcDream: checks 
Zonbbch4: checks 
*** SHOW DOWN ***
blac_jac 71: shows [Jh Ac] (two pair, Jacks and Deuces)
QcDream: mucks hand 
Zonbbch4: mucks hand 
blac_jac 71 collected $0.32 from pot
*** SUMMARY ***
Total pot $0.33 | Rake $0.01 
Board [2h 3s 2s 4c Jd]
Seat 1: Xulepa82 folded before Flop (didn't bet)
Seat 2: QcDream mucked [8s 8c]
Seat 3: Zonbbch4 (button) mucked [5d Td]
Seat 4: Nick.Siloff (small blind) folded before Flop
Seat 5: Tavrus32 (big blind) folded on the Turn
Seat 6: blac_jac 71 showed [Jh Ac] and won ($0.32) with two pair, Jacks and Deuces
Seat 7: Dorex2007 folded before Flop (didn't bet)
Seat 8: fld11 folded on the Turn
Seat 9: zpxnjp21 folded before Flop (didn't bet)



PokerStars Hand #224299137256:  Hold'em No Limit ($0.01/$0.02 USD) - 2021/02/27 20:51:42 PT [2021/02/27 23:51:42 ET]
Table 'Wendeline' 9-max Seat #4 is the button
Seat 1: Xulepa82 ($2 in chips) 
Seat 2: QcDream ($0.73 in chips) 
Seat 3: Zonbbch4 ($4.81 in chips) 
Seat 4: Nick.Siloff ($2 in chips) 
Seat 5: Tavrus32 ($2 in chips) 
Seat 6: blac_jac 71 ($1.70 in chips) 
Seat 7: Dorex2007 ($3.35 in chips) 
Seat 8: fld11 ($1.45 in chips) 
Seat 9: zpxnjp21 ($1.45 in chips) 
Tavrus32: posts small blind $0.01
blac_jac 71: posts big blind $0.02
*** HOLE CARDS ***
Dealt to Dorex2007 [2s 5s]
Dorex2007: folds 
fld11: folds 
zpxnjp21: folds 
Xulepa82: folds 
QcDream: folds 
Zonbbch4: raises $0.06 to $0.08
Nick.Siloff: folds 
Tavrus32: folds 
blac_jac 71: folds 
Uncalled bet ($0.06) returned to Zonbbch4
Zonbbch4 collected $0.05 from pot
*** SUMMARY ***
Total pot $0.05 | Rake $0 
Seat 1: Xulepa82 folded before Flop (didn't bet)
Seat 2: QcDream folded before Flop (didn't bet)
Seat 3: Zonbbch4 collected ($0.05)
Seat 4: Nick.Siloff (button) folded before Flop (didn't bet)
Seat 5: Tavrus32 (small blind) folded before Flop
Seat 6: blac_jac 71 (big blind) folded before Flop
Seat 7: Dorex2007 folded before Flop (didn't bet)
Seat 8: fld11 folded before Flop (didn't bet)
Seat 9: zpxnjp21 folded before Flop (didn't bet)



PokerStars Hand #224299144916:  Hold'em No Limit ($0.01/$0.02 USD) - 2021/02/27 20:52:13 PT [2021/02/27 23:52:13 ET]
Table 'Wendeline' 9-max Seat #5 is the button
Seat 1: Xulepa82 ($2 in chips) 
Seat 2: QcDream ($0.73 in chips) 
Seat 3: Zonbbch4 ($4.84 in chips) 
Seat 4: Nick.Siloff ($2 in chips) 
Seat 5: Tavrus32 ($2 in chips) 
Seat 6: blac_jac 71 ($1.68 in chips) 
Seat 7: Dorex2007 ($3.35 in chips) 
Seat 8: fld11 ($1.45 in chips) 
Seat 9: zpxnjp21 ($1.45 in chips) 
blac_jac 71: posts small blind $0.01
Dorex2007: posts big blind $0.02
*** HOLE CARDS ***
Dealt to Dorex2007 [Ah 5s]
fld11: folds 
zpxnjp21: folds 
Xulepa82: folds 
QcDream: folds 
Zonbbch4: folds 
Nick.Siloff: folds 
Tavrus32: raises $0.04 to $0.06
blac_jac 71: calls $0.05
Dorex2007: calls $0.04
*** FLOP *** [Qh Jd 4h]
blac_jac 71: checks 
Dorex2007: checks 
Tavrus32: checks 
*** TURN *** [Qh Jd 4h] [9d]
blac_jac 71: checks 
Dorex2007: checks 
Tavrus32: checks 
*** RIVER *** [Qh Jd 4h 9d] [3d]
blac_jac 71: checks 
Dorex2007: checks 
Tavrus32: checks 
*** SHOW DOWN ***
blac_jac 71: shows [9s 8s] (a pair of Nines)
Dorex2007: mucks hand 
Tavrus32: mucks hand 
blac_jac 71 collected $0.17 from pot
*** SUMMARY ***
Total pot $0.18 | Rake $0.01 
Board [Qh Jd 4h 9d 3d]
Seat 1: Xulepa82 folded before Flop (didn't bet)
Seat 2: QcDream folded before Flop (didn't bet)
Seat 3: Zonbbch4 folded before Flop (didn't bet)
Seat 4: Nick.Siloff folded before Flop (didn't bet)
Seat 5: Tavrus32 (button) mucked [7h 8c]
Seat 6: blac_jac 71 (small blind) showed [9s 8s] and won ($0.17) with a pair of Nines
Seat 7: Dorex2007 (big blind) mucked [Ah 5s]
Seat 8: fld11 folded before Flop (didn't bet)
Seat 9: zpxnjp21 folded before Flop (didn't bet)



PokerStars Hand #224299158439:  Hold'em No Limit ($0.01/$0.02 USD) - 2021/02/27 20:53:08 PT [2021/02/27 23:53:08 ET]
Table 'Wendeline' 9-max Seat #6 is the button
Seat 1: Xulepa82 ($2 in chips) 
Seat 2: QcDream ($0.73 in chips) 
Seat 3: Zonbbch4 ($4.84 in chips) 
Seat 4: Nick.Siloff ($2 in chips) 
Seat 5: Tavrus32 ($2 in chips) 
Seat 6: blac_jac 71 ($1.79 in chips) 
Seat 7: Dorex2007 ($3.29 in chips) 
Seat 8: fld11 ($1.45 in chips) 
Seat 9: zpxnjp21 ($1.45 in chips) 
Dorex2007: posts small blind $0.01
fld11: posts big blind $0.02
*** HOLE CARDS ***
Dealt to Dorex2007 [Kh Td]
zpxnjp21: folds 
Xulepa82: raises $0.04 to $0.06
QcDream: calls $0.06
Zonbbch4: calls $0.06
Nick.Siloff: folds 
Tavrus32: folds 
blac_jac 71: folds 
Dorex2007: calls $0.05
fld11: folds 
*** FLOP *** [7c Jd 7h]
Dorex2007: checks 
Xulepa82: checks 
QcDream: checks 
Zonbbch4: checks 
*** TURN *** [7c Jd 7h] [9c]
Dorex2007: checks 
Xulepa82: checks 
QcDream: checks 
Zonbbch4: checks 
*** RIVER *** [7c Jd 7h 9c] [8h]
Dorex2007: bets $0.19
Xulepa82: raises $0.37 to $0.56
QcDream: raises $0.11 to $0.67 and is all-in
Zonbbch4: folds 
Dorex2007: calls $0.48
Xulepa82: calls $0.11
*** SHOW DOWN ***
QcDream: shows [Th Tc] (a straight, Seven to Jack)
Dorex2007: shows [Kh Td] (a straight, Seven to Jack)
Xulepa82: shows [Ts Qs] (a straight, Eight to Queen)
Xulepa82 collected $2.19 from pot
*** SUMMARY ***
Total pot $2.27 | Rake $0.08 
Board [7c Jd 7h 9c 8h]
Seat 1: Xulepa82 showed [Ts Qs] and won ($2.19) with a straight, Eight to Queen
Seat 2: QcDream showed [Th Tc] and lost with a straight, Seven to Jack
Seat 3: Zonbbch4 folded on the River
Seat 4: Nick.Siloff folded before Flop (didn't bet)
Seat 5: Tavrus32 folded before Flop (didn't bet)
Seat 6: blac_jac 71 (button) folded before Flop (didn't bet)
Seat 7: Dorex2007 (small blind) showed [Kh Td] and lost with a straight, Seven to Jack
Seat 8: fld11 (big blind) folded before Flop
Seat 9: zpxnjp21 folded before Flop (didn't bet)



PokerStars Hand #224299180579:  Hold'em No Limit ($0.01/$0.02 USD) - 2021/02/27 20:54:41 PT [2021/02/27 23:54:41 ET]
Table 'Wendeline' 9-max Seat #7 is the button
Seat 1: Xulepa82 ($3.46 in chips) 
Seat 3: Zonbbch4 ($4.78 in chips) 
Seat 4: Nick.Siloff ($2 in chips) 
Seat 5: Tavrus32 ($2 in chips) 
Seat 6: blac_jac 71 ($1.79 in chips) 
Seat 7: Dorex2007 ($2.56 in chips) 
Seat 8: fld11 ($1.43 in chips) 
Seat 9: zpxnjp21 ($1.45 in chips) 
fld11: posts small blind $0.01
zpxnjp21: posts big blind $0.02
*** HOLE CARDS ***
Dealt to Dorex2007 [Ts 6c]
Xulepa82: folds 
QcDream leaves the table
Zonbbch4: folds 
Nick.Siloff: folds 
Tavrus32: folds 
blac_jac 71: folds 
Dorex2007: folds 
fld11: calls $0.01
zpxnjp21: checks 
*** FLOP *** [Kh 2h Qs]
fld11: checks 
zpxnjp21: checks 
*** TURN *** [Kh 2h Qs] [7h]
prostotolik7 joins the table at seat #2 
fld11: bets $0.02
zpxnjp21: folds 
Uncalled bet ($0.02) returned to fld11
fld11 collected $0.04 from pot
fld11: doesn't show hand 
*** SUMMARY ***
Total pot $0.04 | Rake $0 
Board [Kh 2h Qs 7h]
Seat 1: Xulepa82 folded before Flop (didn't bet)
Seat 3: Zonbbch4 folded before Flop (didn't bet)
Seat 4: Nick.Siloff folded before Flop (didn't bet)
Seat 5: Tavrus32 folded before Flop (didn't bet)
Seat 6: blac_jac 71 folded before Flop (didn't bet)
Seat 7: Dorex2007 (button) folded before Flop (didn't bet)
Seat 8: fld11 (small blind) collected ($0.04)
Seat 9: zpxnjp21 (big blind) folded on the Turn



PokerStars Hand #224299196716:  Hold'em No Limit ($0.01/$0.02 USD) - 2021/02/27 20:55:16 PT [2021/02/27 23:55:16 ET]
Table 'Wendeline' 9-max Seat #8 is the button
Seat 1: Xulepa82 ($3.46 in chips) 
Seat 3: Zonbbch4 ($4.78 in chips) 
Seat 4: Nick.Siloff ($2 in chips) 
Seat 5: Tavrus32 ($2 in chips) 
Seat 6: blac_jac 71 ($1.79 in chips) 
Seat 7: Dorex2007 ($2.56 in chips) 
Seat 8: fld11 ($1.45 in chips) 
Seat 9: zpxnjp21 ($1.43 in chips) 
zpxnjp21: posts small blind $0.01
Xulepa82: posts big blind $0.02
prostotolik7: sits out 
*** HOLE CARDS ***
Dealt to Dorex2007 [6c 2d]
Zonbbch4: folds 
Nick.Siloff: folds 
Tavrus32: folds 
blac_jac 71: raises $0.02 to $0.04
Dorex2007: folds 
fld11: calls $0.04
zpxnjp21: folds 
Xulepa82: calls $0.02
*** FLOP *** [3d Kh 6d]
Xulepa82: checks 
blac_jac 71: checks 
fld11: bets $0.07
Xulepa82: calls $0.07
blac_jac 71: folds 
*** TURN *** [3d Kh 6d] [2s]
Xulepa82: checks 
fld11: checks 
*** RIVER *** [3d Kh 6d 2s] [Jd]
Xulepa82: bets $0.14
fld11: calls $0.14
*** SHOW DOWN ***
Xulepa82: shows [8d Kc] (a pair of Kings)
fld11: shows [Kd Ac] (a pair of Kings - Ace kicker)
fld11 collected $0.53 from pot
*** SUMMARY ***
Total pot $0.55 | Rake $0.02 
Board [3d Kh 6d 2s Jd]
Seat 1: Xulepa82 (big blind) showed [8d Kc] and lost with a pair of Kings
Seat 3: Zonbbch4 folded before Flop (didn't bet)
Seat 4: Nick.Siloff folded before Flop (didn't bet)
Seat 5: Tavrus32 folded before Flop (didn't bet)
Seat 6: blac_jac 71 folded on the Flop
Seat 7: Dorex2007 folded before Flop (didn't bet)
Seat 8: fld11 (button) showed [Kd Ac] and won ($0.53) with a pair of Kings
Seat 9: zpxnjp21 (small blind) folded before Flop



