PokerStars Hand #226962394351:  Hold'em No Limit ($0.01/$0.02 USD) - 2021/05/21 23:40:24 PT [2021/05/22 2:40:24 ET]
Table 'Wild II' 9-max Seat #2 is the button
Seat 1: Wabrss ($2.44 in chips) 
Seat 2: Donenko345 ($2.20 in chips) 
Seat 3: vagoneta16 ($2 in chips) 
Seat 4: Dorex2007 ($2 in chips) 
Seat 5: Vitiiok ($1.98 in chips) 
Seat 6: ReshetovOne ($1.13 in chips) 
Seat 7: Vadon 30 ($1.92 in chips) 
Seat 8: X_MEX-ANTRAX ($2.90 in chips) 
Seat 9: alisakrysa ($1.49 in chips) 
vagoneta16: posts small blind $0.01
Dorex2007: posts big blind $0.02
*** HOLE CARDS ***
Dealt to Dorex2007 [7d 9s]
Vitiiok: folds 
ReshetovOne: folds 
Vadon 30: calls $0.02
X_MEX-ANTRAX: folds 
alisakrysa: folds 
Wabrss: folds 
Donenko345: raises $0.03 to $0.05
Vitiiok leaves the table
vagoneta16: folds 
Dorex2007: folds 
Vadon 30: calls $0.03
*** FLOP *** [Th Td Jh]
Vadon 30: checks 
Donenko345: bets $0.05
Vadon 30: calls $0.05
*** TURN *** [Th Td Jh] [6h]
Vadon 30: checks 
Donenko345: checks 
*** RIVER *** [Th Td Jh 6h] [8s]
Vadon 30: checks 
Donenko345: checks 
*** SHOW DOWN ***
Vadon 30: shows [Kd Qc] (a pair of Tens)
Donenko345: shows [Qd Jd] (two pair, Jacks and Tens)
Donenko345 collected $0.22 from pot
*** SUMMARY ***
Total pot $0.23 | Rake $0.01 
Board [Th Td Jh 6h 8s]
Seat 1: Wabrss folded before Flop (didn't bet)
Seat 2: Donenko345 (button) showed [Qd Jd] and won ($0.22) with two pair, Jacks and Tens
Seat 3: vagoneta16 (small blind) folded before Flop
Seat 4: Dorex2007 (big blind) folded before Flop
Seat 5: Vitiiok folded before Flop (didn't bet)
Seat 6: ReshetovOne folded before Flop (didn't bet)
Seat 7: Vadon 30 showed [Kd Qc] and lost with a pair of Tens
Seat 8: X_MEX-ANTRAX folded before Flop (didn't bet)
Seat 9: alisakrysa folded before Flop (didn't bet)



PokerStars Hand #226962405756:  Hold'em No Limit ($0.01/$0.02 USD) - 2021/05/21 23:41:27 PT [2021/05/22 2:41:27 ET]
Table 'Wild II' 9-max Seat #3 is the button
Seat 1: Wabrss ($2.44 in chips) 
Seat 2: Donenko345 ($2.32 in chips) 
Seat 3: vagoneta16 ($2 in chips) 
Seat 4: Dorex2007 ($1.98 in chips) 
Seat 6: ReshetovOne ($1.13 in chips) 
Seat 7: Vadon 30 ($1.82 in chips) 
Seat 8: X_MEX-ANTRAX ($2.90 in chips) 
Seat 9: alisakrysa ($1.49 in chips) 
Dorex2007: posts small blind $0.01
prguitar joins the table at seat #5 
ReshetovOne: posts big blind $0.02
*** HOLE CARDS ***
Dealt to Dorex2007 [Kh 9h]
Vadon 30: folds 
X_MEX-ANTRAX: folds 
alisakrysa: folds 
Wabrss: folds 
Donenko345: folds 
Wabrss leaves the table
vagoneta16: folds 
Dorex2007: calls $0.01
ReshetovOne: checks 
*** FLOP *** [Ah 8c Qd]
mickmo78 joins the table at seat #1 
Dorex2007: checks 
ReshetovOne: checks 
*** TURN *** [Ah 8c Qd] [Tc]
Dorex2007: checks 
ReshetovOne: checks 
*** RIVER *** [Ah 8c Qd Tc] [2h]
Dorex2007: bets $0.04
ReshetovOne: folds 
Uncalled bet ($0.04) returned to Dorex2007
Dorex2007 collected $0.04 from pot
Dorex2007: doesn't show hand 
*** SUMMARY ***
Total pot $0.04 | Rake $0 
Board [Ah 8c Qd Tc 2h]
Seat 1: Wabrss folded before Flop (didn't bet)
Seat 2: Donenko345 folded before Flop (didn't bet)
Seat 3: vagoneta16 (button) folded before Flop (didn't bet)
Seat 4: Dorex2007 (small blind) collected ($0.04)
Seat 6: ReshetovOne (big blind) folded on the River
Seat 7: Vadon 30 folded before Flop (didn't bet)
Seat 8: X_MEX-ANTRAX folded before Flop (didn't bet)
Seat 9: alisakrysa folded before Flop (didn't bet)



PokerStars Hand #226962415744:  Hold'em No Limit ($0.01/$0.02 USD) - 2021/05/21 23:42:22 PT [2021/05/22 2:42:22 ET]
Table 'Wild II' 9-max Seat #4 is the button
Seat 1: mickmo78 ($2 in chips) 
Seat 2: Donenko345 ($2.32 in chips) 
Seat 3: vagoneta16 ($2 in chips) 
Seat 4: Dorex2007 ($2 in chips) 
Seat 6: ReshetovOne ($1.11 in chips) 
Seat 7: Vadon 30 ($1.82 in chips) 
Seat 8: X_MEX-ANTRAX ($2.90 in chips) 
Seat 9: alisakrysa ($1.49 in chips) 
ReshetovOne: posts small blind $0.01
Vadon 30: posts big blind $0.02
mickmo78: posts big blind $0.02
*** HOLE CARDS ***
Dealt to Dorex2007 [Kh 2h]
X_MEX-ANTRAX: calls $0.02
alisakrysa: folds 
mickmo78: checks 
Donenko345: folds 
vagoneta16: raises $0.09 to $0.11
Dorex2007: folds 
ReshetovOne: raises $0.09 to $0.20
Vadon 30: folds 
X_MEX-ANTRAX: folds 
mickmo78: folds 
vagoneta16: calls $0.09
*** FLOP *** [Jh 4d 5h]
ReshetovOne: bets $0.44
vagoneta16: raises $0.44 to $0.88
ReshetovOne: raises $0.03 to $0.91 and is all-in
vagoneta16: calls $0.03
*** TURN *** [Jh 4d 5h] [Kd]
*** RIVER *** [Jh 4d 5h Kd] [9h]
*** SHOW DOWN ***
ReshetovOne: shows [Kc Jc] (two pair, Kings and Jacks)
vagoneta16: shows [Js Jd] (three of a kind, Jacks)
vagoneta16 collected $2.20 from pot
ReshetovOne cashed out the hand for $0.01
*** SUMMARY ***
Total pot $2.28 | Rake $0.08 
Board [Jh 4d 5h Kd 9h]
Seat 1: mickmo78 folded before Flop (didn't bet)
Seat 2: Donenko345 folded before Flop (didn't bet)
Seat 3: vagoneta16 showed [Js Jd] and won ($2.20) with three of a kind, Jacks
Seat 4: Dorex2007 (button) folded before Flop (didn't bet)
Seat 6: ReshetovOne (small blind) showed [Kc Jc] and lost with two pair, Kings and Jacks (cashed out).
Seat 7: Vadon 30 (big blind) folded before Flop
Seat 8: X_MEX-ANTRAX folded before Flop
Seat 9: alisakrysa folded before Flop (didn't bet)



PokerStars Hand #226962431735:  Hold'em No Limit ($0.01/$0.02 USD) - 2021/05/21 23:43:21 PT [2021/05/22 2:43:21 ET]
Table 'Wild II' 9-max Seat #7 is the button
Seat 1: mickmo78 ($1.98 in chips) 
Seat 2: Donenko345 ($2.32 in chips) 
Seat 3: vagoneta16 ($3.09 in chips) 
Seat 4: Dorex2007 ($2 in chips) 
Seat 5: prguitar ($1.60 in chips) 
Seat 7: Vadon 30 ($1.80 in chips) 
Seat 8: X_MEX-ANTRAX ($2.88 in chips) 
Seat 9: alisakrysa ($1.49 in chips) 
X_MEX-ANTRAX: posts small blind $0.01
alisakrysa: posts big blind $0.02
prguitar: posts big blind $0.02
*** HOLE CARDS ***
Dealt to Dorex2007 [Kd Kh]
mickmo78: folds 
Donenko345: folds 
vagoneta16: folds 
ReshetovOne leaves the table
Dorex2007: raises $0.04 to $0.06
prguitar: folds 
Vadon 30: folds 
X_MEX-ANTRAX: folds 
alisakrysa: folds 
Uncalled bet ($0.04) returned to Dorex2007
Dorex2007 collected $0.07 from pot
Dorex2007: doesn't show hand 
*** SUMMARY ***
Total pot $0.07 | Rake $0 
Seat 1: mickmo78 folded before Flop (didn't bet)
Seat 2: Donenko345 folded before Flop (didn't bet)
Seat 3: vagoneta16 folded before Flop (didn't bet)
Seat 4: Dorex2007 collected ($0.07)
Seat 5: prguitar folded before Flop (didn't bet)
Seat 7: Vadon 30 (button) folded before Flop (didn't bet)
Seat 8: X_MEX-ANTRAX (small blind) folded before Flop
Seat 9: alisakrysa (big blind) folded before Flop



PokerStars Hand #226962436231:  Hold'em No Limit ($0.01/$0.02 USD) - 2021/05/21 23:43:46 PT [2021/05/22 2:43:46 ET]
Table 'Wild II' 9-max Seat #8 is the button
Seat 1: mickmo78 ($1.98 in chips) 
Seat 2: Donenko345 ($2.32 in chips) 
Seat 3: vagoneta16 ($3.09 in chips) 
Seat 4: Dorex2007 ($2.05 in chips) 
Seat 5: prguitar ($1.58 in chips) 
Seat 7: Vadon 30 ($1.80 in chips) 
Seat 8: X_MEX-ANTRAX ($2.87 in chips) 
Seat 9: alisakrysa ($1.47 in chips) 
alisakrysa: posts small blind $0.01
mickmo78: posts big blind $0.02
*** HOLE CARDS ***
Dealt to Dorex2007 [9h Td]
Donenko345: folds 
vagoneta16: folds 
Dorex2007: folds 
prguitar: folds 
Vadon 30: calls $0.02
X_MEX-ANTRAX: calls $0.02
lookzorrr joins the table at seat #6 
alisakrysa: calls $0.01
mickmo78: checks 
*** FLOP *** [9s Kc 9c]
alisakrysa: bets $0.05
mickmo78: folds 
Vadon 30: folds 
X_MEX-ANTRAX: calls $0.05
*** TURN *** [9s Kc 9c] [3h]
alisakrysa: bets $0.07
X_MEX-ANTRAX: calls $0.07
*** RIVER *** [9s Kc 9c 3h] [3d]
alisakrysa: checks 
X_MEX-ANTRAX: checks 
*** SHOW DOWN ***
alisakrysa: shows [Th Kh] (two pair, Kings and Nines)
X_MEX-ANTRAX: mucks hand 
alisakrysa collected $0.31 from pot
*** SUMMARY ***
Total pot $0.32 | Rake $0.01 
Board [9s Kc 9c 3h 3d]
Seat 1: mickmo78 (big blind) folded on the Flop
Seat 2: Donenko345 folded before Flop (didn't bet)
Seat 3: vagoneta16 folded before Flop (didn't bet)
Seat 4: Dorex2007 folded before Flop (didn't bet)
Seat 5: prguitar folded before Flop (didn't bet)
Seat 7: Vadon 30 folded on the Flop
Seat 8: X_MEX-ANTRAX (button) mucked [Kd 8d]
Seat 9: alisakrysa (small blind) showed [Th Kh] and won ($0.31) with two pair, Kings and Nines



PokerStars Hand #226962449388:  Hold'em No Limit ($0.01/$0.02 USD) - 2021/05/21 23:44:58 PT [2021/05/22 2:44:58 ET]
Table 'Wild II' 9-max Seat #9 is the button
Seat 1: mickmo78 ($1.96 in chips) 
Seat 2: Donenko345 ($2.32 in chips) 
Seat 3: vagoneta16 ($3.09 in chips) 
Seat 4: Dorex2007 ($2.05 in chips) 
Seat 5: prguitar ($1.58 in chips) 
Seat 7: Vadon 30 ($1.78 in chips) 
Seat 8: X_MEX-ANTRAX ($2.73 in chips) 
Seat 9: alisakrysa ($1.64 in chips) 
mickmo78: posts small blind $0.01
Donenko345: posts big blind $0.02
lookzorrr: sits out 
*** HOLE CARDS ***
Dealt to Dorex2007 [3h 5h]
vagoneta16: folds 
Dorex2007: folds 
prguitar: folds 
Vadon 30: folds 
X_MEX-ANTRAX: raises $0.03 to $0.05
alisakrysa: folds 
mickmo78: folds 
Donenko345: folds 
Uncalled bet ($0.03) returned to X_MEX-ANTRAX
X_MEX-ANTRAX collected $0.05 from pot
X_MEX-ANTRAX: doesn't show hand 
*** SUMMARY ***
Total pot $0.05 | Rake $0 
Seat 1: mickmo78 (small blind) folded before Flop
Seat 2: Donenko345 (big blind) folded before Flop
Seat 3: vagoneta16 folded before Flop (didn't bet)
Seat 4: Dorex2007 folded before Flop (didn't bet)
Seat 5: prguitar folded before Flop (didn't bet)
Seat 7: Vadon 30 folded before Flop (didn't bet)
Seat 8: X_MEX-ANTRAX collected ($0.05)
Seat 9: alisakrysa (button) folded before Flop (didn't bet)



PokerStars Hand #226962451960:  Hold'em No Limit ($0.01/$0.02 USD) - 2021/05/21 23:45:12 PT [2021/05/22 2:45:12 ET]
Table 'Wild II' 9-max Seat #1 is the button
Seat 1: mickmo78 ($1.95 in chips) 
Seat 2: Donenko345 ($2.30 in chips) 
Seat 3: vagoneta16 ($3.09 in chips) 
Seat 4: Dorex2007 ($2.05 in chips) 
Seat 5: prguitar ($1.58 in chips) 
Seat 7: Vadon 30 ($1.78 in chips) 
Seat 8: X_MEX-ANTRAX ($2.76 in chips) 
Seat 9: alisakrysa ($1.64 in chips) 
Donenko345: posts small blind $0.01
vagoneta16: posts big blind $0.02
lookzorrr: sits out 
*** HOLE CARDS ***
Dealt to Dorex2007 [9c Jd]
Dorex2007: folds 
prguitar: folds 
Vadon 30: folds 
X_MEX-ANTRAX: folds 
alisakrysa: folds 
mickmo78: folds 
Donenko345: folds 
Uncalled bet ($0.01) returned to vagoneta16
vagoneta16 collected $0.02 from pot
vagoneta16: doesn't show hand 
*** SUMMARY ***
Total pot $0.02 | Rake $0 
Seat 1: mickmo78 (button) folded before Flop (didn't bet)
Seat 2: Donenko345 (small blind) folded before Flop
Seat 3: vagoneta16 (big blind) collected ($0.02)
Seat 4: Dorex2007 folded before Flop (didn't bet)
Seat 5: prguitar folded before Flop (didn't bet)
Seat 7: Vadon 30 folded before Flop (didn't bet)
Seat 8: X_MEX-ANTRAX folded before Flop (didn't bet)
Seat 9: alisakrysa folded before Flop (didn't bet)



PokerStars Hand #226962454666:  Hold'em No Limit ($0.01/$0.02 USD) - 2021/05/21 23:45:27 PT [2021/05/22 2:45:27 ET]
Table 'Wild II' 9-max Seat #2 is the button
Seat 1: mickmo78 ($1.95 in chips) 
Seat 2: Donenko345 ($2.29 in chips) 
Seat 3: vagoneta16 ($3.10 in chips) 
Seat 4: Dorex2007 ($2.05 in chips) 
Seat 5: prguitar ($1.58 in chips) 
Seat 7: Vadon 30 ($1.78 in chips) 
Seat 8: X_MEX-ANTRAX ($2.76 in chips) 
Seat 9: alisakrysa ($1.64 in chips) 
vagoneta16: posts small blind $0.01
Dorex2007: posts big blind $0.02
lookzorrr: sits out 
*** HOLE CARDS ***
Dealt to Dorex2007 [Kd Jd]
prguitar: folds 
Vadon 30: folds 
X_MEX-ANTRAX: folds 
alisakrysa: folds 
mickmo78: calls $0.02
Donenko345: folds 
vagoneta16: folds 
Dorex2007: raises $0.04 to $0.06
mickmo78: calls $0.04
*** FLOP *** [4s Js 2d]
Dorex2007: bets $0.13
mickmo78: folds 
Uncalled bet ($0.13) returned to Dorex2007
Dorex2007 collected $0.13 from pot
Dorex2007: doesn't show hand 
*** SUMMARY ***
Total pot $0.13 | Rake $0 
Board [4s Js 2d]
Seat 1: mickmo78 folded on the Flop
Seat 2: Donenko345 (button) folded before Flop (didn't bet)
Seat 3: vagoneta16 (small blind) folded before Flop
Seat 4: Dorex2007 (big blind) collected ($0.13)
Seat 5: prguitar folded before Flop (didn't bet)
Seat 7: Vadon 30 folded before Flop (didn't bet)
Seat 8: X_MEX-ANTRAX folded before Flop (didn't bet)
Seat 9: alisakrysa folded before Flop (didn't bet)



PokerStars Hand #226962459596:  Hold'em No Limit ($0.01/$0.02 USD) - 2021/05/21 23:45:54 PT [2021/05/22 2:45:54 ET]
Table 'Wild II' 9-max Seat #3 is the button
Seat 1: mickmo78 ($1.89 in chips) 
Seat 2: Donenko345 ($2.29 in chips) 
Seat 3: vagoneta16 ($3.09 in chips) 
Seat 4: Dorex2007 ($2.12 in chips) 
Seat 5: prguitar ($1.58 in chips) 
Seat 7: Vadon 30 ($1.78 in chips) 
Seat 8: X_MEX-ANTRAX ($2.76 in chips) 
Seat 9: alisakrysa ($1.64 in chips) 
Dorex2007: posts small blind $0.01
prguitar: posts big blind $0.02
lookzorrr: sits out 
*** HOLE CARDS ***
Dealt to Dorex2007 [As 4d]
Vadon 30: calls $0.02
X_MEX-ANTRAX: folds 
alisakrysa: folds 
mickmo78: folds 
Donenko345: folds 
vagoneta16 has timed out
vagoneta16: folds 
Dorex2007: folds 
prguitar: raises $0.05 to $0.07
Vadon 30: folds 
Uncalled bet ($0.05) returned to prguitar
prguitar collected $0.05 from pot
prguitar: doesn't show hand 
*** SUMMARY ***
Total pot $0.05 | Rake $0 
Seat 1: mickmo78 folded before Flop (didn't bet)
Seat 2: Donenko345 folded before Flop (didn't bet)
Seat 3: vagoneta16 (button) folded before Flop (didn't bet)
Seat 4: Dorex2007 (small blind) folded before Flop
Seat 5: prguitar (big blind) collected ($0.05)
Seat 7: Vadon 30 folded before Flop
Seat 8: X_MEX-ANTRAX folded before Flop (didn't bet)
Seat 9: alisakrysa folded before Flop (didn't bet)



PokerStars Hand #226962465192:  Hold'em No Limit ($0.01/$0.02 USD) - 2021/05/21 23:46:25 PT [2021/05/22 2:46:25 ET]
Table 'Wild II' 9-max Seat #4 is the button
Seat 1: mickmo78 ($1.89 in chips) 
Seat 2: Donenko345 ($2.29 in chips) 
Seat 4: Dorex2007 ($2.11 in chips) 
Seat 5: prguitar ($1.61 in chips) 
Seat 6: lookzorrr ($2 in chips) 
Seat 7: Vadon 30 ($1.76 in chips) 
Seat 8: X_MEX-ANTRAX ($2.76 in chips) 
Seat 9: alisakrysa ($1.64 in chips) 
prguitar: posts small blind $0.01
lookzorrr: posts big blind $0.02
*** HOLE CARDS ***
Dealt to Dorex2007 [Ad Qc]
Vadon 30: folds 
X_MEX-ANTRAX: calls $0.02
alisakrysa: folds 
mickmo78: folds 
Donenko345: folds 
Dorex2007: raises $0.04 to $0.06
prguitar: folds 
lookzorrr: raises $0.12 to $0.18
X_MEX-ANTRAX: folds 
Dorex2007: calls $0.12
*** FLOP *** [Td 5h 7d]
lookzorrr: bets $0.16
Dorex2007: calls $0.16
*** TURN *** [Td 5h 7d] [Jc]
lookzorrr: checks 
Dorex2007: checks 
*** RIVER *** [Td 5h 7d Jc] [9d]
lookzorrr: checks 
Dorex2007: bets $0.69
lookzorrr: folds 
Uncalled bet ($0.69) returned to Dorex2007
Dorex2007 collected $0.69 from pot
Dorex2007: doesn't show hand 
*** SUMMARY ***
Total pot $0.71 | Rake $0.02 
Board [Td 5h 7d Jc 9d]
Seat 1: mickmo78 folded before Flop (didn't bet)
Seat 2: Donenko345 folded before Flop (didn't bet)
Seat 4: Dorex2007 (button) collected ($0.69)
Seat 5: prguitar (small blind) folded before Flop
Seat 6: lookzorrr (big blind) folded on the River
Seat 7: Vadon 30 folded before Flop (didn't bet)
Seat 8: X_MEX-ANTRAX folded before Flop
Seat 9: alisakrysa folded before Flop (didn't bet)



PokerStars Hand #226962490230:  Hold'em No Limit ($0.01/$0.02 USD) - 2021/05/21 23:48:04 PT [2021/05/22 2:48:04 ET]
Table 'Wild II' 9-max Seat #5 is the button
Seat 1: mickmo78 ($1.89 in chips) 
Seat 2: Donenko345 ($2.29 in chips) 
Seat 3: vagoneta16 ($3.09 in chips) 
Seat 4: Dorex2007 ($2.46 in chips) 
Seat 5: prguitar ($1.60 in chips) 
Seat 6: lookzorrr ($1.66 in chips) 
Seat 7: Vadon 30 ($1.76 in chips) 
Seat 8: X_MEX-ANTRAX ($2.74 in chips) 
Seat 9: alisakrysa ($1.64 in chips) 
lookzorrr: posts small blind $0.01
Vadon 30: posts big blind $0.02
*** HOLE CARDS ***
Dealt to Dorex2007 [Th Jd]
X_MEX-ANTRAX: raises $0.03 to $0.05
alisakrysa: folds 
mickmo78: folds 
Donenko345: folds 
vagoneta16: folds 
Dorex2007: folds 
prguitar: folds 
lookzorrr: folds 
Vadon 30: folds 
Uncalled bet ($0.03) returned to X_MEX-ANTRAX
X_MEX-ANTRAX collected $0.05 from pot
X_MEX-ANTRAX: doesn't show hand 
*** SUMMARY ***
Total pot $0.05 | Rake $0 
Seat 1: mickmo78 folded before Flop (didn't bet)
Seat 2: Donenko345 folded before Flop (didn't bet)
Seat 3: vagoneta16 folded before Flop (didn't bet)
Seat 4: Dorex2007 folded before Flop (didn't bet)
Seat 5: prguitar (button) folded before Flop (didn't bet)
Seat 6: lookzorrr (small blind) folded before Flop
Seat 7: Vadon 30 (big blind) folded before Flop
Seat 8: X_MEX-ANTRAX collected ($0.05)
Seat 9: alisakrysa folded before Flop (didn't bet)



PokerStars Hand #226962496471:  Hold'em No Limit ($0.01/$0.02 USD) - 2021/05/21 23:48:39 PT [2021/05/22 2:48:39 ET]
Table 'Wild II' 9-max Seat #6 is the button
Seat 1: mickmo78 ($1.89 in chips) 
Seat 2: Donenko345 ($2.29 in chips) 
Seat 3: vagoneta16 ($3.09 in chips) 
Seat 4: Dorex2007 ($2.46 in chips) 
Seat 5: prguitar ($1.60 in chips) 
Seat 6: lookzorrr ($1.99 in chips) 
Seat 7: Vadon 30 ($1.74 in chips) 
Seat 8: X_MEX-ANTRAX ($2.77 in chips) 
Seat 9: alisakrysa ($1.64 in chips) 
Vadon 30: posts small blind $0.01
X_MEX-ANTRAX: posts big blind $0.02
*** HOLE CARDS ***
Dealt to Dorex2007 [Kd 9c]
alisakrysa: folds 
mickmo78: folds 
Donenko345: folds 
vagoneta16: folds 
Dorex2007: folds 
prguitar: calls $0.02
lookzorrr: folds 
Vadon 30: calls $0.01
X_MEX-ANTRAX: checks 
*** FLOP *** [Jd 5s Ad]
Vadon 30: checks 
X_MEX-ANTRAX: checks 
prguitar: bets $0.06
Vadon 30: folds 
X_MEX-ANTRAX: folds 
Uncalled bet ($0.06) returned to prguitar
prguitar collected $0.06 from pot
prguitar: doesn't show hand 
*** SUMMARY ***
Total pot $0.06 | Rake $0 
Board [Jd 5s Ad]
Seat 1: mickmo78 folded before Flop (didn't bet)
Seat 2: Donenko345 folded before Flop (didn't bet)
Seat 3: vagoneta16 folded before Flop (didn't bet)
Seat 4: Dorex2007 folded before Flop (didn't bet)
Seat 5: prguitar collected ($0.06)
Seat 6: lookzorrr (button) folded before Flop (didn't bet)
Seat 7: Vadon 30 (small blind) folded on the Flop
Seat 8: X_MEX-ANTRAX (big blind) folded on the Flop
Seat 9: alisakrysa folded before Flop (didn't bet)



PokerStars Hand #226962503884:  Hold'em No Limit ($0.01/$0.02 USD) - 2021/05/21 23:49:20 PT [2021/05/22 2:49:20 ET]
Table 'Wild II' 9-max Seat #7 is the button
Seat 1: mickmo78 ($1.89 in chips) 
Seat 2: Donenko345 ($2.29 in chips) 
Seat 3: vagoneta16 ($3.09 in chips) 
Seat 4: Dorex2007 ($2.46 in chips) 
Seat 5: prguitar ($1.64 in chips) 
Seat 6: lookzorrr ($1.99 in chips) 
Seat 7: Vadon 30 ($1.72 in chips) 
Seat 9: alisakrysa ($1.64 in chips) 
alisakrysa: posts small blind $0.01
mickmo78: posts big blind $0.02
*** HOLE CARDS ***
Dealt to Dorex2007 [8c Qd]
X_MEX-ANTRAX leaves the table
Donenko345: folds 
vagoneta16: folds 
Dorex2007: folds 
prguitar: folds 
lookzorrr: folds 
Vadon 30: folds 
alisakrysa: calls $0.01
mickmo78: checks 
*** FLOP *** [Jc 9c 4h]
Anatolii_56 joins the table at seat #8 
alisakrysa: bets $0.05
mickmo78: folds 
Uncalled bet ($0.05) returned to alisakrysa
alisakrysa collected $0.04 from pot
alisakrysa: doesn't show hand 
*** SUMMARY ***
Total pot $0.04 | Rake $0 
Board [Jc 9c 4h]
Seat 1: mickmo78 (big blind) folded on the Flop
Seat 2: Donenko345 folded before Flop (didn't bet)
Seat 3: vagoneta16 folded before Flop (didn't bet)
Seat 4: Dorex2007 folded before Flop (didn't bet)
Seat 5: prguitar folded before Flop (didn't bet)
Seat 6: lookzorrr folded before Flop (didn't bet)
Seat 7: Vadon 30 (button) folded before Flop (didn't bet)
Seat 9: alisakrysa (small blind) collected ($0.04)



PokerStars Hand #226962508958:  Hold'em No Limit ($0.01/$0.02 USD) - 2021/05/21 23:49:48 PT [2021/05/22 2:49:48 ET]
Table 'Wild II' 9-max Seat #9 is the button
Seat 1: mickmo78 ($1.87 in chips) 
Seat 2: Donenko345 ($2.29 in chips) 
Seat 3: vagoneta16 ($3.09 in chips) 
Seat 4: Dorex2007 ($2.46 in chips) 
Seat 5: prguitar ($1.64 in chips) 
Seat 6: lookzorrr ($1.99 in chips) 
Seat 7: Vadon 30 ($1.72 in chips) 
Seat 9: alisakrysa ($1.66 in chips) 
mickmo78: posts small blind $0.01
Donenko345: posts big blind $0.02
Anatolii_56: sits out 
*** HOLE CARDS ***
Dealt to Dorex2007 [3c Jc]
vagoneta16: folds 
Dorex2007: folds 
prguitar: folds 
lookzorrr: raises $0.03 to $0.05
Vadon 30: folds 
alisakrysa: folds 
mickmo78: calls $0.04
Donenko345: folds 
*** FLOP *** [7c Kh 2s]
mickmo78: bets $0.07
lookzorrr: calls $0.07
*** TURN *** [7c Kh 2s] [6c]
mickmo78: bets $0.10
lookzorrr: calls $0.10
*** RIVER *** [7c Kh 2s 6c] [Qs]
mickmo78: bets $1.65 and is all-in
lookzorrr: folds 
Uncalled bet ($1.65) returned to mickmo78
mickmo78 collected $0.44 from pot
mickmo78: doesn't show hand 
*** SUMMARY ***
Total pot $0.46 | Rake $0.02 
Board [7c Kh 2s 6c Qs]
Seat 1: mickmo78 (small blind) collected ($0.44)
Seat 2: Donenko345 (big blind) folded before Flop
Seat 3: vagoneta16 folded before Flop (didn't bet)
Seat 4: Dorex2007 folded before Flop (didn't bet)
Seat 5: prguitar folded before Flop (didn't bet)
Seat 6: lookzorrr folded on the River
Seat 7: Vadon 30 folded before Flop (didn't bet)
Seat 9: alisakrysa (button) folded before Flop (didn't bet)



PokerStars Hand #226962519745:  Hold'em No Limit ($0.01/$0.02 USD) - 2021/05/21 23:50:50 PT [2021/05/22 2:50:50 ET]
Table 'Wild II' 9-max Seat #1 is the button
Seat 1: mickmo78 ($2.09 in chips) 
Seat 2: Donenko345 ($2.27 in chips) 
Seat 3: vagoneta16 ($3.09 in chips) 
Seat 4: Dorex2007 ($2.46 in chips) 
Seat 5: prguitar ($1.64 in chips) 
Seat 6: lookzorrr ($1.77 in chips) 
Seat 7: Vadon 30 ($1.72 in chips) 
Seat 9: alisakrysa ($1.66 in chips) 
Donenko345: posts small blind $0.01
vagoneta16: posts big blind $0.02
Anatolii_56: sits out 
*** HOLE CARDS ***
Dealt to Dorex2007 [Qc As]
Dorex2007: raises $0.04 to $0.06
prguitar: folds 
lookzorrr: folds 
Vadon 30: folds 
alisakrysa: folds 
mickmo78: calls $0.06
Donenko345: folds 
alisakrysa leaves the table
vagoneta16: calls $0.04
*** FLOP *** [6h Ks Ac]
vagoneta16: checks 
Dorex2007: bets $0.18
mickmo78: folds 
vagoneta16: calls $0.18
*** TURN *** [6h Ks Ac] [Ts]
vagoneta16: checks 
Dorex2007: checks 
*** RIVER *** [6h Ks Ac Ts] [3s]
vagoneta16: bets $0.53
dimonv joins the table at seat #9 
Dorex2007: calls $0.53
*** SHOW DOWN ***
vagoneta16: shows [6d 6s] (three of a kind, Sixes)
Dorex2007: mucks hand 
vagoneta16 collected $1.55 from pot
*** SUMMARY ***
Total pot $1.61 | Rake $0.06 
Board [6h Ks Ac Ts 3s]
Seat 1: mickmo78 (button) folded on the Flop
Seat 2: Donenko345 (small blind) folded before Flop
Seat 3: vagoneta16 (big blind) showed [6d 6s] and won ($1.55) with three of a kind, Sixes
Seat 4: Dorex2007 mucked [Qc As]
Seat 5: prguitar folded before Flop (didn't bet)
Seat 6: lookzorrr folded before Flop (didn't bet)
Seat 7: Vadon 30 folded before Flop (didn't bet)
Seat 9: alisakrysa folded before Flop (didn't bet)



PokerStars Hand #226962533165:  Hold'em No Limit ($0.01/$0.02 USD) - 2021/05/21 23:52:05 PT [2021/05/22 2:52:05 ET]
Table 'Wild II' 9-max Seat #2 is the button
Seat 1: mickmo78 ($2.03 in chips) 
Seat 2: Donenko345 ($2.26 in chips) 
Seat 3: vagoneta16 ($3.87 in chips) 
Seat 4: Dorex2007 ($1.69 in chips) 
Seat 5: prguitar ($1.64 in chips) 
Seat 6: lookzorrr ($2 in chips) 
Seat 7: Vadon 30 ($1.72 in chips) 
vagoneta16: posts small blind $0.01
Dorex2007: posts big blind $0.02
Anatolii_56: sits out 
dimonv: sits out 
*** HOLE CARDS ***
Dealt to Dorex2007 [Qc Qh]
prguitar: folds 
lookzorrr: folds 
Vadon 30: calls $0.02
mickmo78: calls $0.02
Donenko345: folds 
vagoneta16: calls $0.01
Dorex2007: raises $0.04 to $0.06
Vadon 30: folds 
mickmo78: calls $0.04
vagoneta16: calls $0.04
*** FLOP *** [9h As 2s]
vagoneta16: checks 
Dorex2007: bets $0.10
mickmo78: folds 
vagoneta16: calls $0.10
*** TURN *** [9h As 2s] [Th]
vagoneta16: checks 
Dorex2007: checks 
*** RIVER *** [9h As 2s Th] [Jh]
vagoneta16: bets $0.39
Dorex2007: folds 
Uncalled bet ($0.39) returned to vagoneta16
vagoneta16 collected $0.39 from pot
vagoneta16: doesn't show hand 
*** SUMMARY ***
Total pot $0.40 | Rake $0.01 
Board [9h As 2s Th Jh]
Seat 1: mickmo78 folded on the Flop
Seat 2: Donenko345 (button) folded before Flop (didn't bet)
Seat 3: vagoneta16 (small blind) collected ($0.39)
Seat 4: Dorex2007 (big blind) folded on the River
Seat 5: prguitar folded before Flop (didn't bet)
Seat 6: lookzorrr folded before Flop (didn't bet)
Seat 7: Vadon 30 folded before Flop



PokerStars Hand #226962561677:  Hold'em No Limit ($0.01/$0.02 USD) - 2021/05/21 23:53:50 PT [2021/05/22 2:53:50 ET]
Table 'Wild II' 9-max Seat #3 is the button
Seat 1: mickmo78 ($1.97 in chips) 
Seat 2: Donenko345 ($2.26 in chips) 
Seat 3: vagoneta16 ($4.10 in chips) 
Seat 4: Dorex2007 ($1.53 in chips) 
Seat 5: prguitar ($1.64 in chips) 
Seat 6: lookzorrr ($2 in chips) 
Seat 7: Vadon 30 ($1.70 in chips) 
Dorex2007: posts small blind $0.01
prguitar: posts big blind $0.02
Anatolii_56: sits out 
dimonv: sits out 
*** HOLE CARDS ***
Dealt to Dorex2007 [5s 3d]
lookzorrr: folds 
Vadon 30: calls $0.02
mickmo78: folds 
Donenko345: folds 
vagoneta16: folds 
Dorex2007: folds 
prguitar: raises $0.05 to $0.07
Vadon 30: calls $0.05
*** FLOP *** [8c 8h 8s]
prguitar: bets $0.14
Vadon 30: calls $0.14
*** TURN *** [8c 8h 8s] [Tc]
prguitar: checks 
Vadon 30: bets $0.06
prguitar: folds 
Uncalled bet ($0.06) returned to Vadon 30
Vadon 30 collected $0.41 from pot
Vadon 30: doesn't show hand 
*** SUMMARY ***
Total pot $0.43 | Rake $0.02 
Board [8c 8h 8s Tc]
Seat 1: mickmo78 folded before Flop (didn't bet)
Seat 2: Donenko345 folded before Flop (didn't bet)
Seat 3: vagoneta16 (button) folded before Flop (didn't bet)
Seat 4: Dorex2007 (small blind) folded before Flop
Seat 5: prguitar (big blind) folded on the Turn
Seat 6: lookzorrr folded before Flop (didn't bet)
Seat 7: Vadon 30 collected ($0.41)



PokerStars Hand #226962568422:  Hold'em No Limit ($0.01/$0.02 USD) - 2021/05/21 23:54:28 PT [2021/05/22 2:54:28 ET]
Table 'Wild II' 9-max Seat #4 is the button
Seat 1: mickmo78 ($1.97 in chips) 
Seat 2: Donenko345 ($2.26 in chips) 
Seat 3: vagoneta16 ($4.10 in chips) 
Seat 4: Dorex2007 ($1.52 in chips) 
Seat 5: prguitar ($1.43 in chips) 
Seat 6: lookzorrr ($2 in chips) 
Seat 7: Vadon 30 ($1.90 in chips) 
prguitar: posts small blind $0.01
lookzorrr: posts big blind $0.02
Anatolii_56: sits out 
dimonv: sits out 
*** HOLE CARDS ***
Dealt to Dorex2007 [9h As]
Vadon 30: calls $0.02
mickmo78: folds 
Donenko345: folds 
vagoneta16: raises $0.07 to $0.09
Dorex2007: folds 
prguitar: folds 
lookzorrr: raises $1.91 to $2 and is all-in
Vadon 30: folds 
vagoneta16: calls $1.91
*** FLOP *** [Td Kh 3s]
*** TURN *** [Td Kh 3s] [5h]
*** RIVER *** [Td Kh 3s 5h] [Ac]
*** SHOW DOWN ***
lookzorrr: shows [Qc Qd] (a pair of Queens)
vagoneta16: shows [Ad Kd] (two pair, Aces and Kings)
vagoneta16 collected $3.89 from pot
lookzorrr cashed out the hand for $2.09 | Cash Out Fee $0.02
*** SUMMARY ***
Total pot $4.03 | Rake $0.14 
Board [Td Kh 3s 5h Ac]
Seat 1: mickmo78 folded before Flop (didn't bet)
Seat 2: Donenko345 folded before Flop (didn't bet)
Seat 3: vagoneta16 showed [Ad Kd] and won ($3.89) with two pair, Aces and Kings
Seat 4: Dorex2007 (button) folded before Flop (didn't bet)
Seat 5: prguitar (small blind) folded before Flop
Seat 6: lookzorrr (big blind) showed [Qc Qd] and lost with a pair of Queens (cashed out).
Seat 7: Vadon 30 folded before Flop



PokerStars Hand #226962577233:  Hold'em No Limit ($0.01/$0.02 USD) - 2021/05/21 23:55:20 PT [2021/05/22 2:55:20 ET]
Table 'Wild II' 9-max Seat #5 is the button
Seat 1: mickmo78 ($1.97 in chips) 
Seat 2: Donenko345 ($2.26 in chips) 
Seat 3: vagoneta16 ($5.99 in chips) 
Seat 4: Dorex2007 ($1.52 in chips) 
Seat 5: prguitar ($1.42 in chips) 
Seat 6: lookzorrr ($2.09 in chips) 
Seat 7: Vadon 30 ($1.88 in chips) 
lookzorrr: posts small blind $0.01
Vadon 30: posts big blind $0.02
Anatolii_56: sits out 
dimonv: sits out 
*** HOLE CARDS ***
Dealt to Dorex2007 [Ts 7c]
mickmo78: folds 
Donenko345: folds 
vagoneta16: folds 
Dorex2007: folds 
prguitar: folds 
lookzorrr: folds 
Uncalled bet ($0.01) returned to Vadon 30
Vadon 30 collected $0.02 from pot
Vadon 30: doesn't show hand 
*** SUMMARY ***
Total pot $0.02 | Rake $0 
Seat 1: mickmo78 folded before Flop (didn't bet)
Seat 2: Donenko345 folded before Flop (didn't bet)
Seat 3: vagoneta16 folded before Flop (didn't bet)
Seat 4: Dorex2007 folded before Flop (didn't bet)
Seat 5: prguitar (button) folded before Flop (didn't bet)
Seat 6: lookzorrr (small blind) folded before Flop
Seat 7: Vadon 30 (big blind) collected ($0.02)



PokerStars Hand #226962579412:  Hold'em No Limit ($0.01/$0.02 USD) - 2021/05/21 23:55:34 PT [2021/05/22 2:55:34 ET]
Table 'Wild II' 9-max Seat #6 is the button
Seat 1: mickmo78 ($1.97 in chips) 
Seat 2: Donenko345 ($2.26 in chips) 
Seat 3: vagoneta16 ($5.99 in chips) 
Seat 4: Dorex2007 ($1.52 in chips) 
Seat 5: prguitar ($1.42 in chips) 
Seat 6: lookzorrr ($2.08 in chips) 
Seat 7: Vadon 30 ($1.89 in chips) 
Seat 8: Anatolii_56 ($0.80 in chips) 
Vadon 30: posts small blind $0.01
Anatolii_56: posts big blind $0.02
dimonv: sits out 
*** HOLE CARDS ***
Dealt to Dorex2007 [Jc Qc]
mickmo78: folds 
Donenko345: folds 
vagoneta16: folds 
Dorex2007: raises $0.04 to $0.06
prguitar: folds 
lookzorrr: folds 
Vadon 30: folds 
Anatolii_56: calls $0.04
*** FLOP *** [Jh 9s Qs]
Anatolii_56: checks 
Dorex2007: checks 
*** TURN *** [Jh 9s Qs] [5h]
Anatolii_56: bets $0.06
Dorex2007: raises $0.06 to $0.12
Anatolii_56: calls $0.06
*** RIVER *** [Jh 9s Qs 5h] [5s]
Anatolii_56: bets $0.06
Dorex2007: raises $0.08 to $0.14
Anatolii_56: folds 
Uncalled bet ($0.08) returned to Dorex2007
Dorex2007 collected $0.47 from pot
Dorex2007: doesn't show hand 
*** SUMMARY ***
Total pot $0.49 | Rake $0.02 
Board [Jh 9s Qs 5h 5s]
Seat 1: mickmo78 folded before Flop (didn't bet)
Seat 2: Donenko345 folded before Flop (didn't bet)
Seat 3: vagoneta16 folded before Flop (didn't bet)
Seat 4: Dorex2007 collected ($0.47)
Seat 5: prguitar folded before Flop (didn't bet)
Seat 6: lookzorrr (button) folded before Flop (didn't bet)
Seat 7: Vadon 30 (small blind) folded before Flop
Seat 8: Anatolii_56 (big blind) folded on the River



PokerStars Hand #226962588803:  Hold'em No Limit ($0.01/$0.02 USD) - 2021/05/21 23:56:35 PT [2021/05/22 2:56:35 ET]
Table 'Wild II' 9-max Seat #7 is the button
Seat 1: mickmo78 ($1.97 in chips) 
Seat 2: Donenko345 ($2.26 in chips) 
Seat 3: vagoneta16 ($5.99 in chips) 
Seat 4: Dorex2007 ($1.75 in chips) 
Seat 5: prguitar ($1.42 in chips) 
Seat 6: lookzorrr ($2.08 in chips) 
Seat 7: Vadon 30 ($1.88 in chips) 
Seat 8: Anatolii_56 ($0.56 in chips) 
Seat 9: dimonv ($0.80 in chips) 
Anatolii_56: posts small blind $0.01
dimonv: posts big blind $0.02
*** HOLE CARDS ***
Dealt to Dorex2007 [Ks 7s]
mickmo78 has timed out
mickmo78: folds 
Donenko345: folds 
vagoneta16: folds 
Dorex2007: folds 
prguitar: folds 
lookzorrr: raises $0.03 to $0.05
Vadon 30: folds 
Anatolii_56: folds 
dimonv: folds 
Uncalled bet ($0.03) returned to lookzorrr
lookzorrr collected $0.05 from pot
*** SUMMARY ***
Total pot $0.05 | Rake $0 
Seat 1: mickmo78 folded before Flop (didn't bet)
Seat 2: Donenko345 folded before Flop (didn't bet)
Seat 3: vagoneta16 folded before Flop (didn't bet)
Seat 4: Dorex2007 folded before Flop (didn't bet)
Seat 5: prguitar folded before Flop (didn't bet)
Seat 6: lookzorrr collected ($0.05)
Seat 7: Vadon 30 (button) folded before Flop (didn't bet)
Seat 8: Anatolii_56 (small blind) folded before Flop
Seat 9: dimonv (big blind) folded before Flop



PokerStars Hand #226962593119:  Hold'em No Limit ($0.01/$0.02 USD) - 2021/05/21 23:57:04 PT [2021/05/22 2:57:04 ET]
Table 'Wild II' 9-max Seat #8 is the button
Seat 1: mickmo78 ($1.97 in chips) 
Seat 2: Donenko345 ($2.26 in chips) 
Seat 3: vagoneta16 ($5.99 in chips) 
Seat 4: Dorex2007 ($1.75 in chips) 
Seat 5: prguitar ($1.42 in chips) 
Seat 6: lookzorrr ($2.11 in chips) 
Seat 7: Vadon 30 ($1.88 in chips) 
Seat 8: Anatolii_56 ($0.55 in chips) 
Seat 9: dimonv ($0.80 in chips) 
dimonv: posts small blind $0.01
mickmo78: posts big blind $0.02
*** HOLE CARDS ***
Dealt to Dorex2007 [3s 6c]
Donenko345: folds 
vagoneta16: folds 
Dorex2007: folds 
prguitar: folds 
lookzorrr: raises $0.03 to $0.05
Vadon 30: folds 
Anatolii_56: calls $0.05
dimonv: folds 
mickmo78: folds 
*** FLOP *** [Jd 4h 3h]
lookzorrr: checks 
Anatolii_56: checks 
*** TURN *** [Jd 4h 3h] [4s]
lookzorrr: checks 
Anatolii_56: bets $0.04
lookzorrr: folds 
Uncalled bet ($0.04) returned to Anatolii_56
Anatolii_56 collected $0.13 from pot
*** SUMMARY ***
Total pot $0.13 | Rake $0 
Board [Jd 4h 3h 4s]
Seat 1: mickmo78 (big blind) folded before Flop
Seat 2: Donenko345 folded before Flop (didn't bet)
Seat 3: vagoneta16 folded before Flop (didn't bet)
Seat 4: Dorex2007 folded before Flop (didn't bet)
Seat 5: prguitar folded before Flop (didn't bet)
Seat 6: lookzorrr folded on the Turn
Seat 7: Vadon 30 folded before Flop (didn't bet)
Seat 8: Anatolii_56 (button) collected ($0.13)
Seat 9: dimonv (small blind) folded before Flop



PokerStars Hand #226962599756:  Hold'em No Limit ($0.01/$0.02 USD) - 2021/05/21 23:57:46 PT [2021/05/22 2:57:46 ET]
Table 'Wild II' 9-max Seat #9 is the button
Seat 1: mickmo78 ($1.95 in chips) 
Seat 2: Donenko345 ($2.26 in chips) 
Seat 3: vagoneta16 ($5.99 in chips) 
Seat 4: Dorex2007 ($1.75 in chips) 
Seat 5: prguitar ($1.42 in chips) 
Seat 6: lookzorrr ($2.06 in chips) 
Seat 7: Vadon 30 ($1.88 in chips) 
Seat 8: Anatolii_56 ($0.63 in chips) 
Seat 9: dimonv ($0.80 in chips) 
mickmo78: posts small blind $0.01
Donenko345: posts big blind $0.02
*** HOLE CARDS ***
Dealt to Dorex2007 [9s 8h]
vagoneta16: folds 
Dorex2007: folds 
prguitar: folds 
lookzorrr: folds 
Vadon 30: folds 
Anatolii_56: calls $0.02
dimonv: calls $0.02
mickmo78: calls $0.01
Donenko345: checks 
*** FLOP *** [2c 5s Tc]
mickmo78: checks 
Donenko345: checks 
Anatolii_56: bets $0.04
dimonv: calls $0.04
mickmo78: folds 
Donenko345: folds 
*** TURN *** [2c 5s Tc] [Ad]
Anatolii_56: checks 
dimonv: checks 
*** RIVER *** [2c 5s Tc Ad] [Jh]
Anatolii_56: bets $0.04
dimonv: calls $0.04
*** SHOW DOWN ***
Anatolii_56: shows [5h 4c] (a pair of Fives)
dimonv: shows [9c Td] (a pair of Tens)
dimonv collected $0.23 from pot
*** SUMMARY ***
Total pot $0.24 | Rake $0.01 
Board [2c 5s Tc Ad Jh]
Seat 1: mickmo78 (small blind) folded on the Flop
Seat 2: Donenko345 (big blind) folded on the Flop
Seat 3: vagoneta16 folded before Flop (didn't bet)
Seat 4: Dorex2007 folded before Flop (didn't bet)
Seat 5: prguitar folded before Flop (didn't bet)
Seat 6: lookzorrr folded before Flop (didn't bet)
Seat 7: Vadon 30 folded before Flop (didn't bet)
Seat 8: Anatolii_56 showed [5h 4c] and lost with a pair of Fives
Seat 9: dimonv (button) showed [9c Td] and won ($0.23) with a pair of Tens



PokerStars Hand #226962610222:  Hold'em No Limit ($0.01/$0.02 USD) - 2021/05/21 23:58:54 PT [2021/05/22 2:58:54 ET]
Table 'Wild II' 9-max Seat #1 is the button
Seat 1: mickmo78 ($1.93 in chips) 
Seat 2: Donenko345 ($2.24 in chips) 
Seat 3: vagoneta16 ($5.99 in chips) 
Seat 4: Dorex2007 ($1.75 in chips) 
Seat 5: prguitar ($1.42 in chips) 
Seat 6: lookzorrr ($2.06 in chips) 
Seat 7: Vadon 30 ($1.88 in chips) 
Seat 8: Anatolii_56 ($0.53 in chips) 
Seat 9: dimonv ($0.93 in chips) 
Donenko345: posts small blind $0.01
vagoneta16: posts big blind $0.02
*** HOLE CARDS ***
Dealt to Dorex2007 [Jc Qs]
Dorex2007: folds 
prguitar: folds 
lookzorrr: folds 
Vadon 30: calls $0.02
Anatolii_56: folds 
dimonv: folds 
mickmo78: folds 
Donenko345: folds 
vagoneta16: checks 
*** FLOP *** [5s 6s Ts]
vagoneta16: checks 
Vadon 30: checks 
*** TURN *** [5s 6s Ts] [2h]
vagoneta16: checks 
Vadon 30: checks 
*** RIVER *** [5s 6s Ts 2h] [5h]
vagoneta16: checks 
Vadon 30: checks 
*** SHOW DOWN ***
vagoneta16: shows [4c 2s] (two pair, Fives and Deuces)
Vadon 30: mucks hand 
vagoneta16 collected $0.05 from pot
*** SUMMARY ***
Total pot $0.05 | Rake $0 
Board [5s 6s Ts 2h 5h]
Seat 1: mickmo78 (button) folded before Flop (didn't bet)
Seat 2: Donenko345 (small blind) folded before Flop
Seat 3: vagoneta16 (big blind) showed [4c 2s] and won ($0.05) with two pair, Fives and Deuces
Seat 4: Dorex2007 folded before Flop (didn't bet)
Seat 5: prguitar folded before Flop (didn't bet)
Seat 6: lookzorrr folded before Flop (didn't bet)
Seat 7: Vadon 30 mucked [9s Ad]
Seat 8: Anatolii_56 folded before Flop (didn't bet)
Seat 9: dimonv folded before Flop (didn't bet)



PokerStars Hand #226962616744:  Hold'em No Limit ($0.01/$0.02 USD) - 2021/05/21 23:59:36 PT [2021/05/22 2:59:36 ET]
Table 'Wild II' 9-max Seat #2 is the button
Seat 1: mickmo78 ($1.93 in chips) 
Seat 2: Donenko345 ($2.23 in chips) 
Seat 3: vagoneta16 ($6.02 in chips) 
Seat 4: Dorex2007 ($1.75 in chips) 
Seat 5: prguitar ($1.42 in chips) 
Seat 6: lookzorrr ($2.06 in chips) 
Seat 7: Vadon 30 ($1.86 in chips) 
Seat 8: Anatolii_56 ($0.53 in chips) 
Seat 9: dimonv ($0.93 in chips) 
vagoneta16: posts small blind $0.01
Dorex2007: posts big blind $0.02
*** HOLE CARDS ***
Dealt to Dorex2007 [3c Jh]
prguitar: folds 
lookzorrr: folds 
Vadon 30: folds 
Anatolii_56: calls $0.02
dimonv: folds 
mickmo78: folds 
Donenko345: folds 
vagoneta16: folds 
Dorex2007: checks 
*** FLOP *** [Ac Qs 6c]
Dorex2007: checks 
Anatolii_56: checks 
*** TURN *** [Ac Qs 6c] [8s]
Dorex2007: checks 
Anatolii_56: bets $0.05
prguitar leaves the table
Dorex2007: folds 
Uncalled bet ($0.05) returned to Anatolii_56
Anatolii_56 collected $0.05 from pot
*** SUMMARY ***
Total pot $0.05 | Rake $0 
Board [Ac Qs 6c 8s]
Seat 1: mickmo78 folded before Flop (didn't bet)
Seat 2: Donenko345 (button) folded before Flop (didn't bet)
Seat 3: vagoneta16 (small blind) folded before Flop
Seat 4: Dorex2007 (big blind) folded on the Turn
Seat 5: prguitar folded before Flop (didn't bet)
Seat 6: lookzorrr folded before Flop (didn't bet)
Seat 7: Vadon 30 folded before Flop (didn't bet)
Seat 8: Anatolii_56 collected ($0.05)
Seat 9: dimonv folded before Flop (didn't bet)



PokerStars Hand #226962629256:  Hold'em No Limit ($0.01/$0.02 USD) - 2021/05/22 0:00:52 PT [2021/05/22 3:00:52 ET]
Table 'Wild II' 9-max Seat #3 is the button
Seat 1: mickmo78 ($1.93 in chips) 
Seat 2: Donenko345 ($2.23 in chips) 
Seat 3: vagoneta16 ($6.01 in chips) 
Seat 4: Dorex2007 ($1.73 in chips) 
Seat 6: lookzorrr ($2.06 in chips) 
Seat 7: Vadon 30 ($1.86 in chips) 
Seat 8: Anatolii_56 ($0.56 in chips) 
Seat 9: dimonv ($0.93 in chips) 
Dorex2007: posts small blind $0.01
lookzorrr: posts big blind $0.02
*** HOLE CARDS ***
Dealt to Dorex2007 [5c Js]
islandlake204 joins the table at seat #5 
Vadon 30: folds 
Anatolii_56: folds 
dimonv: folds 
mickmo78: folds 
Donenko345: folds 
vagoneta16: folds 
Dorex2007: folds 
Uncalled bet ($0.01) returned to lookzorrr
lookzorrr collected $0.02 from pot
*** SUMMARY ***
Total pot $0.02 | Rake $0 
Seat 1: mickmo78 folded before Flop (didn't bet)
Seat 2: Donenko345 folded before Flop (didn't bet)
Seat 3: vagoneta16 (button) folded before Flop (didn't bet)
Seat 4: Dorex2007 (small blind) folded before Flop
Seat 6: lookzorrr (big blind) collected ($0.02)
Seat 7: Vadon 30 folded before Flop (didn't bet)
Seat 8: Anatolii_56 folded before Flop (didn't bet)
Seat 9: dimonv folded before Flop (didn't bet)



PokerStars Hand #226962632618:  Hold'em No Limit ($0.01/$0.02 USD) - 2021/05/22 0:01:11 PT [2021/05/22 3:01:11 ET]
Table 'Wild II' 9-max Seat #4 is the button
Seat 1: mickmo78 ($1.93 in chips) 
Seat 2: Donenko345 ($2.23 in chips) 
Seat 3: vagoneta16 ($6.01 in chips) 
Seat 4: Dorex2007 ($1.72 in chips) 
Seat 6: lookzorrr ($2.07 in chips) 
Seat 7: Vadon 30 ($1.86 in chips) 
Seat 8: Anatolii_56 ($0.56 in chips) 
Seat 9: dimonv ($0.93 in chips) 
lookzorrr: posts small blind $0.01
Vadon 30: posts big blind $0.02
*** HOLE CARDS ***
Dealt to Dorex2007 [Qc Tc]
Anatolii_56: calls $0.02
dimonv: folds 
mickmo78: folds 
Donenko345: folds 
vagoneta16: folds 
Dorex2007: raises $0.04 to $0.06
lookzorrr: folds 
Vadon 30: folds 
Anatolii_56: calls $0.04
*** FLOP *** [9c As 5s]
Anatolii_56: checks 
Dorex2007: checks 
*** TURN *** [9c As 5s] [3c]
Anatolii_56: checks 
Dorex2007: bets $0.14
Anatolii_56: folds 
Uncalled bet ($0.14) returned to Dorex2007
Dorex2007 collected $0.14 from pot
Dorex2007: doesn't show hand 
*** SUMMARY ***
Total pot $0.15 | Rake $0.01 
Board [9c As 5s 3c]
Seat 1: mickmo78 folded before Flop (didn't bet)
Seat 2: Donenko345 folded before Flop (didn't bet)
Seat 3: vagoneta16 folded before Flop (didn't bet)
Seat 4: Dorex2007 (button) collected ($0.14)
Seat 6: lookzorrr (small blind) folded before Flop
Seat 7: Vadon 30 (big blind) folded before Flop
Seat 8: Anatolii_56 folded on the Turn
Seat 9: dimonv folded before Flop (didn't bet)



PokerStars Hand #226962642379:  Hold'em No Limit ($0.01/$0.02 USD) - 2021/05/22 0:02:05 PT [2021/05/22 3:02:05 ET]
Table 'Wild II' 9-max Seat #6 is the button
Seat 1: mickmo78 ($1.93 in chips) 
Seat 2: Donenko345 ($2.23 in chips) 
Seat 3: vagoneta16 ($6.01 in chips) 
Seat 4: Dorex2007 ($1.80 in chips) 
Seat 6: lookzorrr ($2.06 in chips) 
Seat 7: Vadon 30 ($1.84 in chips) 
Seat 8: Anatolii_56 ($0.50 in chips) 
Seat 9: dimonv ($0.93 in chips) 
Vadon 30: posts small blind $0.01
Anatolii_56: posts big blind $0.02
*** HOLE CARDS ***
Dealt to Dorex2007 [Ks 4c]
dimonv: folds 
mickmo78: folds 
Donenko345: raises $0.03 to $0.05
vagoneta16: folds 
Dorex2007: folds 
lookzorrr: folds 
Vadon 30: folds 
Anatolii_56: folds 
Uncalled bet ($0.03) returned to Donenko345
Donenko345 collected $0.05 from pot
Donenko345: doesn't show hand 
*** SUMMARY ***
Total pot $0.05 | Rake $0 
Seat 1: mickmo78 folded before Flop (didn't bet)
Seat 2: Donenko345 collected ($0.05)
Seat 3: vagoneta16 folded before Flop (didn't bet)
Seat 4: Dorex2007 folded before Flop (didn't bet)
Seat 6: lookzorrr (button) folded before Flop (didn't bet)
Seat 7: Vadon 30 (small blind) folded before Flop
Seat 8: Anatolii_56 (big blind) folded before Flop
Seat 9: dimonv folded before Flop (didn't bet)



PokerStars Hand #226962645026:  Hold'em No Limit ($0.01/$0.02 USD) - 2021/05/22 0:02:21 PT [2021/05/22 3:02:21 ET]
Table 'Wild II' 9-max Seat #7 is the button
Seat 1: mickmo78 ($1.93 in chips) 
Seat 2: Donenko345 ($2.26 in chips) 
Seat 3: vagoneta16 ($6.01 in chips) 
Seat 4: Dorex2007 ($1.80 in chips) 
Seat 6: lookzorrr ($2.06 in chips) 
Seat 7: Vadon 30 ($1.83 in chips) 
Seat 8: Anatolii_56 ($0.48 in chips) 
Seat 9: dimonv ($0.93 in chips) 
Anatolii_56: posts small blind $0.01
dimonv: posts big blind $0.02
*** HOLE CARDS ***
Dealt to Dorex2007 [6c 8h]
mickmo78: folds 
Donenko345: folds 
vagoneta16: folds 
Dorex2007: folds 
lookzorrr: folds 
Vadon 30: calls $0.02
Anatolii_56: folds 
dimonv: checks 
*** FLOP *** [9c Th Kd]
dimonv: checks 
Vadon 30: bets $0.02
dimonv: folds 
Uncalled bet ($0.02) returned to Vadon 30
Vadon 30 collected $0.05 from pot
Vadon 30: doesn't show hand 
*** SUMMARY ***
Total pot $0.05 | Rake $0 
Board [9c Th Kd]
Seat 1: mickmo78 folded before Flop (didn't bet)
Seat 2: Donenko345 folded before Flop (didn't bet)
Seat 3: vagoneta16 folded before Flop (didn't bet)
Seat 4: Dorex2007 folded before Flop (didn't bet)
Seat 6: lookzorrr folded before Flop (didn't bet)
Seat 7: Vadon 30 (button) collected ($0.05)
Seat 8: Anatolii_56 (small blind) folded before Flop
Seat 9: dimonv (big blind) folded on the Flop



PokerStars Hand #226962651904:  Hold'em No Limit ($0.01/$0.02 USD) - 2021/05/22 0:02:59 PT [2021/05/22 3:02:59 ET]
Table 'Wild II' 9-max Seat #8 is the button
Seat 1: mickmo78 ($1.93 in chips) 
Seat 2: Donenko345 ($2.26 in chips) 
Seat 3: vagoneta16 ($6.01 in chips) 
Seat 4: Dorex2007 ($1.80 in chips) 
Seat 6: lookzorrr ($2.06 in chips) 
Seat 7: Vadon 30 ($1.86 in chips) 
Seat 8: Anatolii_56 ($0.47 in chips) 
Seat 9: dimonv ($0.91 in chips) 
dimonv: posts small blind $0.01
mickmo78: posts big blind $0.02
*** HOLE CARDS ***
Dealt to Dorex2007 [Qs 9s]
Donenko345: folds 
vagoneta16: folds 
Dorex2007: raises $0.04 to $0.06
lookzorrr: folds 
Vadon 30: calls $0.06
Anatolii_56: folds 
dimonv: folds 
mickmo78: calls $0.04
*** FLOP *** [5s 5d Ad]
mickmo78: checks 
Dorex2007: checks 
Vadon 30: checks 
*** TURN *** [5s 5d Ad] [6c]
mickmo78: checks 
Dorex2007: checks 
Vadon 30: checks 
*** RIVER *** [5s 5d Ad 6c] [Tc]
mickmo78: checks 
Dorex2007: bets $0.09
Vadon 30: calls $0.09
mickmo78: folds 
mickmo78 leaves the table
*** SHOW DOWN ***
Dorex2007: shows [Qs 9s] (a pair of Fives)
Vadon 30: shows [4c 4s] (two pair, Fives and Fours)
Vadon 30 collected $0.36 from pot
*** SUMMARY ***
Total pot $0.37 | Rake $0.01 
Board [5s 5d Ad 6c Tc]
Seat 1: mickmo78 (big blind) folded on the River
Seat 2: Donenko345 folded before Flop (didn't bet)
Seat 3: vagoneta16 folded before Flop (didn't bet)
Seat 4: Dorex2007 showed [Qs 9s] and lost with a pair of Fives
Seat 6: lookzorrr folded before Flop (didn't bet)
Seat 7: Vadon 30 showed [4c 4s] and won ($0.36) with two pair, Fives and Fours
Seat 8: Anatolii_56 (button) folded before Flop (didn't bet)
Seat 9: dimonv (small blind) folded before Flop



PokerStars Hand #226962664013:  Hold'em No Limit ($0.01/$0.02 USD) - 2021/05/22 0:04:07 PT [2021/05/22 3:04:07 ET]
Table 'Wild II' 9-max Seat #9 is the button
Seat 2: Donenko345 ($2.26 in chips) 
Seat 3: vagoneta16 ($6.01 in chips) 
Seat 4: Dorex2007 ($1.65 in chips) 
Seat 6: lookzorrr ($2.06 in chips) 
Seat 7: Vadon 30 ($2.07 in chips) 
Seat 8: Anatolii_56 ($0.47 in chips) 
Seat 9: dimonv ($0.90 in chips) 
Donenko345: posts small blind $0.01
vagoneta16: posts big blind $0.02
*** HOLE CARDS ***
Dealt to Dorex2007 [5c Kh]
Nhük50 joins the table at seat #1 
Dorex2007: folds 
lookzorrr: folds 
Vadon 30: folds 
Anatolii_56: folds 
dimonv: raises $0.05 to $0.07
Donenko345: folds 
vagoneta16: folds 
Uncalled bet ($0.05) returned to dimonv
dimonv collected $0.05 from pot
dimonv: doesn't show hand 
*** SUMMARY ***
Total pot $0.05 | Rake $0 
Seat 2: Donenko345 (small blind) folded before Flop
Seat 3: vagoneta16 (big blind) folded before Flop
Seat 4: Dorex2007 folded before Flop (didn't bet)
Seat 6: lookzorrr folded before Flop (didn't bet)
Seat 7: Vadon 30 folded before Flop (didn't bet)
Seat 8: Anatolii_56 folded before Flop (didn't bet)
Seat 9: dimonv (button) collected ($0.05)



PokerStars Hand #226962668513:  Hold'em No Limit ($0.01/$0.02 USD) - 2021/05/22 0:04:32 PT [2021/05/22 3:04:32 ET]
Table 'Wild II' 9-max Seat #2 is the button
Seat 1: Nhük50 ($1.60 in chips) 
Seat 2: Donenko345 ($2.25 in chips) 
Seat 3: vagoneta16 ($5.99 in chips) 
Seat 4: Dorex2007 ($1.65 in chips) 
Seat 6: lookzorrr ($2.06 in chips) 
Seat 7: Vadon 30 ($2.07 in chips) 
Seat 8: Anatolii_56 ($0.47 in chips) 
Seat 9: dimonv ($0.93 in chips) 
vagoneta16: posts small blind $0.01
Dorex2007: posts big blind $0.02
Nhük50: posts big blind $0.02
*** HOLE CARDS ***
Dealt to Dorex2007 [Th 8s]
lookzorrr: folds 
Vadon 30: folds 
Anatolii_56: calls $0.02
dimonv: folds 
Nhük50: raises $0.02 to $0.04
Donenko345: folds 
vagoneta16: folds 
Dorex2007: folds 
Anatolii_56: calls $0.02
*** FLOP *** [2c Ad 5c]
Anatolii_56: checks 
Nhük50: bets $0.06
Anatolii_56: calls $0.06
*** TURN *** [2c Ad 5c] [2d]
Anatolii_56: checks 
Nhük50: checks 
*** RIVER *** [2c Ad 5c 2d] [7d]
Anatolii_56: bets $0.22
Nhük50: folds 
Uncalled bet ($0.22) returned to Anatolii_56
Anatolii_56 collected $0.22 from pot
*** SUMMARY ***
Total pot $0.23 | Rake $0.01 
Board [2c Ad 5c 2d 7d]
Seat 1: Nhük50 folded on the River
Seat 2: Donenko345 (button) folded before Flop (didn't bet)
Seat 3: vagoneta16 (small blind) folded before Flop
Seat 4: Dorex2007 (big blind) folded before Flop
Seat 6: lookzorrr folded before Flop (didn't bet)
Seat 7: Vadon 30 folded before Flop (didn't bet)
Seat 8: Anatolii_56 collected ($0.22)
Seat 9: dimonv folded before Flop (didn't bet)



PokerStars Hand #226962675537:  Hold'em No Limit ($0.01/$0.02 USD) - 2021/05/22 0:05:12 PT [2021/05/22 3:05:12 ET]
Table 'Wild II' 9-max Seat #3 is the button
Seat 1: Nhük50 ($1.50 in chips) 
Seat 2: Donenko345 ($2.25 in chips) 
Seat 3: vagoneta16 ($5.98 in chips) 
Seat 4: Dorex2007 ($1.63 in chips) 
Seat 6: lookzorrr ($2.06 in chips) 
Seat 7: Vadon 30 ($2.07 in chips) 
Seat 8: Anatolii_56 ($0.59 in chips) 
Seat 9: dimonv ($0.93 in chips) 
Dorex2007: posts small blind $0.01
lookzorrr: posts big blind $0.02
*** HOLE CARDS ***
Dealt to Dorex2007 [Th As]
Vadon 30: calls $0.02
Anatolii_56: folds 
dimonv: folds 
Nhük50: raises $0.04 to $0.06
Donenko345: folds 
vagoneta16: folds 
Dorex2007: calls $0.05
lookzorrr: folds 
Vadon 30: folds 
*** FLOP *** [2s Ks 7s]
Dorex2007: checks 
Nhük50: checks 
*** TURN *** [2s Ks 7s] [4s]
Dorex2007: checks 
Nhük50: checks 
*** RIVER *** [2s Ks 7s 4s] [Ad]
Dorex2007: bets $0.15
Nhük50: folds 
Uncalled bet ($0.15) returned to Dorex2007
Dorex2007 collected $0.15 from pot
Dorex2007: doesn't show hand 
*** SUMMARY ***
Total pot $0.16 | Rake $0.01 
Board [2s Ks 7s 4s Ad]
Seat 1: Nhük50 folded on the River
Seat 2: Donenko345 folded before Flop (didn't bet)
Seat 3: vagoneta16 (button) folded before Flop (didn't bet)
Seat 4: Dorex2007 (small blind) collected ($0.15)
Seat 6: lookzorrr (big blind) folded before Flop
Seat 7: Vadon 30 folded before Flop
Seat 8: Anatolii_56 folded before Flop (didn't bet)
Seat 9: dimonv folded before Flop (didn't bet)



PokerStars Hand #226962684902:  Hold'em No Limit ($0.01/$0.02 USD) - 2021/05/22 0:06:04 PT [2021/05/22 3:06:04 ET]
Table 'Wild II' 9-max Seat #4 is the button
Seat 1: Nhük50 ($1.44 in chips) 
Seat 2: Donenko345 ($2.25 in chips) 
Seat 3: vagoneta16 ($5.98 in chips) 
Seat 4: Dorex2007 ($1.72 in chips) 
Seat 6: lookzorrr ($2.04 in chips) 
Seat 7: Vadon 30 ($2.05 in chips) 
Seat 8: Anatolii_56 ($0.59 in chips) 
Seat 9: dimonv ($0.93 in chips) 
lookzorrr: posts small blind $0.01
Vadon 30: posts big blind $0.02
*** HOLE CARDS ***
Dealt to Dorex2007 [7d 8c]
Anatolii_56: folds 
dimonv: folds 
Nhük50: folds 
Donenko345 has timed out
Donenko345: folds 
vagoneta16: raises $0.03 to $0.05
Dorex2007: folds 
lookzorrr: folds 
Vadon 30: folds 
Uncalled bet ($0.03) returned to vagoneta16
vagoneta16 collected $0.05 from pot
vagoneta16: doesn't show hand 
*** SUMMARY ***
Total pot $0.05 | Rake $0 
Seat 1: Nhük50 folded before Flop (didn't bet)
Seat 2: Donenko345 folded before Flop (didn't bet)
Seat 3: vagoneta16 collected ($0.05)
Seat 4: Dorex2007 (button) folded before Flop (didn't bet)
Seat 6: lookzorrr (small blind) folded before Flop
Seat 7: Vadon 30 (big blind) folded before Flop
Seat 8: Anatolii_56 folded before Flop (didn't bet)
Seat 9: dimonv folded before Flop (didn't bet)



PokerStars Hand #226962690258:  Hold'em No Limit ($0.01/$0.02 USD) - 2021/05/22 0:06:34 PT [2021/05/22 3:06:34 ET]
Table 'Wild II' 9-max Seat #6 is the button
Seat 1: Nhük50 ($1.44 in chips) 
Seat 2: Donenko345 ($2.25 in chips) 
Seat 3: vagoneta16 ($6.01 in chips) 
Seat 4: Dorex2007 ($1.72 in chips) 
Seat 6: lookzorrr ($2.03 in chips) 
Seat 7: Vadon 30 ($2.03 in chips) 
Seat 8: Anatolii_56 ($0.59 in chips) 
Seat 9: dimonv ($0.93 in chips) 
Vadon 30: posts small blind $0.01
Anatolii_56: posts big blind $0.02
*** HOLE CARDS ***
Dealt to Dorex2007 [5d 2h]
dimonv: folds 
Nhük50: folds 
Donenko345: folds 
vagoneta16: folds 
Dorex2007: folds 
lookzorrr: folds 
Vadon 30: calls $0.01
Anatolii_56: checks 
*** FLOP *** [5c Jd 2d]
Vadon 30: checks 
Anatolii_56: bets $0.04
Vadon 30: folds 
Uncalled bet ($0.04) returned to Anatolii_56
Anatolii_56 collected $0.04 from pot
*** SUMMARY ***
Total pot $0.04 | Rake $0 
Board [5c Jd 2d]
Seat 1: Nhük50 folded before Flop (didn't bet)
Seat 2: Donenko345 folded before Flop (didn't bet)
Seat 3: vagoneta16 folded before Flop (didn't bet)
Seat 4: Dorex2007 folded before Flop (didn't bet)
Seat 6: lookzorrr (button) folded before Flop (didn't bet)
Seat 7: Vadon 30 (small blind) folded on the Flop
Seat 8: Anatolii_56 (big blind) collected ($0.04)
Seat 9: dimonv folded before Flop (didn't bet)



PokerStars Hand #226962694871:  Hold'em No Limit ($0.01/$0.02 USD) - 2021/05/22 0:07:00 PT [2021/05/22 3:07:00 ET]
Table 'Wild II' 9-max Seat #7 is the button
Seat 1: Nhük50 ($1.44 in chips) 
Seat 2: Donenko345 ($2.25 in chips) 
Seat 3: vagoneta16 ($6.01 in chips) 
Seat 4: Dorex2007 ($1.72 in chips) 
Seat 6: lookzorrr ($2.03 in chips) 
Seat 7: Vadon 30 ($2.01 in chips) 
Seat 8: Anatolii_56 ($0.61 in chips) 
Seat 9: dimonv ($0.93 in chips) 
Anatolii_56: posts small blind $0.01
dimonv: posts big blind $0.02
*** HOLE CARDS ***
Dealt to Dorex2007 [6c 5c]
Nhük50: folds 
Donenko345: folds 
vagoneta16: raises $0.03 to $0.05
Dorex2007: raises $0.05 to $0.10
lookzorrr: folds 
Vadon 30: folds 
Anatolii_56: folds 
dimonv: folds 
vagoneta16: calls $0.05
*** FLOP *** [As 8h 7c]
vagoneta16: checks 
Dorex2007: bets $0.22
vagoneta16: folds 
Uncalled bet ($0.22) returned to Dorex2007
Dorex2007 collected $0.22 from pot
Dorex2007: doesn't show hand 
*** SUMMARY ***
Total pot $0.23 | Rake $0.01 
Board [As 8h 7c]
Seat 1: Nhük50 folded before Flop (didn't bet)
Seat 2: Donenko345 folded before Flop (didn't bet)
Seat 3: vagoneta16 folded on the Flop
Seat 4: Dorex2007 collected ($0.22)
Seat 6: lookzorrr folded before Flop (didn't bet)
Seat 7: Vadon 30 (button) folded before Flop (didn't bet)
Seat 8: Anatolii_56 (small blind) folded before Flop
Seat 9: dimonv (big blind) folded before Flop



PokerStars Hand #226962704536:  Hold'em No Limit ($0.01/$0.02 USD) - 2021/05/22 0:07:54 PT [2021/05/22 3:07:54 ET]
Table 'Wild II' 9-max Seat #8 is the button
Seat 1: Nhük50 ($1.44 in chips) 
Seat 2: Donenko345 ($2.25 in chips) 
Seat 3: vagoneta16 ($5.91 in chips) 
Seat 4: Dorex2007 ($1.84 in chips) 
Seat 6: lookzorrr ($2.03 in chips) 
Seat 8: Anatolii_56 ($0.60 in chips) 
Seat 9: dimonv ($0.91 in chips) 
dimonv: posts small blind $0.01
Nhük50: posts big blind $0.02
*** HOLE CARDS ***
Dealt to Dorex2007 [4s Jc]
Donenko345: folds 
vagoneta16: folds 
Dorex2007: folds 
lookzorrr: raises $0.03 to $0.05
Anatolii_56: folds 
dimonv: folds 
Nhük50: folds 
Uncalled bet ($0.03) returned to lookzorrr
lookzorrr collected $0.05 from pot
*** SUMMARY ***
Total pot $0.05 | Rake $0 
Seat 1: Nhük50 (big blind) folded before Flop
Seat 2: Donenko345 folded before Flop (didn't bet)
Seat 3: vagoneta16 folded before Flop (didn't bet)
Seat 4: Dorex2007 folded before Flop (didn't bet)
Seat 6: lookzorrr collected ($0.05)
Seat 8: Anatolii_56 (button) folded before Flop (didn't bet)
Seat 9: dimonv (small blind) folded before Flop



PokerStars Hand #226962708945:  Hold'em No Limit ($0.01/$0.02 USD) - 2021/05/22 0:08:19 PT [2021/05/22 3:08:19 ET]
Table 'Wild II' 9-max Seat #9 is the button
Seat 1: Nhük50 ($1.42 in chips) 
Seat 2: Donenko345 ($2.25 in chips) 
Seat 3: vagoneta16 ($5.91 in chips) 
Seat 4: Dorex2007 ($1.84 in chips) 
Seat 6: lookzorrr ($2.06 in chips) 
Seat 8: Anatolii_56 ($0.60 in chips) 
Seat 9: dimonv ($0.90 in chips) 
Nhük50: posts small blind $0.01
Donenko345: posts big blind $0.02
*** HOLE CARDS ***
Dealt to Dorex2007 [Qc 9h]
vagoneta16: folds 
Dorex2007: folds 
lookzorrr: folds 
Anatolii_56: calls $0.02
dimonv: calls $0.02
Nhük50: calls $0.01
Donenko345: checks 
*** FLOP *** [Kh 4d 3h]
Nhük50: checks 
Donenko345: checks 
Anatolii_56: bets $0.08
dimonv: folds 
Nhük50: folds 
Donenko345: folds 
Uncalled bet ($0.08) returned to Anatolii_56
Anatolii_56 collected $0.08 from pot
*** SUMMARY ***
Total pot $0.08 | Rake $0 
Board [Kh 4d 3h]
Seat 1: Nhük50 (small blind) folded on the Flop
Seat 2: Donenko345 (big blind) folded on the Flop
Seat 3: vagoneta16 folded before Flop (didn't bet)
Seat 4: Dorex2007 folded before Flop (didn't bet)
Seat 6: lookzorrr folded before Flop (didn't bet)
Seat 8: Anatolii_56 collected ($0.08)
Seat 9: dimonv (button) folded on the Flop



PokerStars Hand #226962715759:  Hold'em No Limit ($0.01/$0.02 USD) - 2021/05/22 0:08:57 PT [2021/05/22 3:08:57 ET]
Table 'Wild II' 9-max Seat #1 is the button
Seat 1: Nhük50 ($1.40 in chips) 
Seat 2: Donenko345 ($2.23 in chips) 
Seat 4: Dorex2007 ($1.84 in chips) 
Seat 6: lookzorrr ($2.06 in chips) 
Seat 8: Anatolii_56 ($0.66 in chips) 
Seat 9: dimonv ($0.88 in chips) 
Donenko345: posts small blind $0.01
vagoneta16: is sitting out 
Dorex2007: posts big blind $0.02
*** HOLE CARDS ***
Dealt to Dorex2007 [Ah 9h]
lookzorrr: folds 
Anatolii_56: folds 
dimonv: folds 
Nhük50: folds 
Donenko345: folds 
Uncalled bet ($0.01) returned to Dorex2007
Dorex2007 collected $0.02 from pot
Dorex2007: doesn't show hand 
*** SUMMARY ***
Total pot $0.02 | Rake $0 
Seat 1: Nhük50 (button) folded before Flop (didn't bet)
Seat 2: Donenko345 (small blind) folded before Flop
Seat 4: Dorex2007 (big blind) collected ($0.02)
Seat 6: lookzorrr folded before Flop (didn't bet)
Seat 8: Anatolii_56 folded before Flop (didn't bet)
Seat 9: dimonv folded before Flop (didn't bet)



PokerStars Hand #226962717792:  Hold'em No Limit ($0.01/$0.02 USD) - 2021/05/22 0:09:08 PT [2021/05/22 3:09:08 ET]
Table 'Wild II' 9-max Seat #2 is the button
Seat 1: Nhük50 ($1.40 in chips) 
Seat 2: Donenko345 ($2.22 in chips) 
Seat 4: Dorex2007 ($1.85 in chips) 
Seat 6: lookzorrr ($2.06 in chips) 
Seat 8: Anatolii_56 ($0.66 in chips) 
Seat 9: dimonv ($0.88 in chips) 
Dorex2007: posts small blind $0.01
lookzorrr: posts big blind $0.02
*** HOLE CARDS ***
Dealt to Dorex2007 [9s Th]
Anatolii_56: folds 
dimonv: folds 
Nhük50: folds 
Donenko345: folds 
Dorex2007: calls $0.01
lookzorrr: checks 
*** FLOP *** [7h 8h 9h]
Dorex2007: bets $0.04
lookzorrr: calls $0.04
*** TURN *** [7h 8h 9h] [Qc]
Dorex2007: checks 
lookzorrr: checks 
*** RIVER *** [7h 8h 9h Qc] [3c]
Dorex2007: bets $0.06
lookzorrr: raises $0.12 to $0.18
vagoneta16 leaves the table
JahRush11 joins the table at seat #3 
Dorex2007: folds 
Uncalled bet ($0.12) returned to lookzorrr
lookzorrr collected $0.23 from pot
*** SUMMARY ***
Total pot $0.24 | Rake $0.01 
Board [7h 8h 9h Qc 3c]
Seat 1: Nhük50 folded before Flop (didn't bet)
Seat 2: Donenko345 (button) folded before Flop (didn't bet)
Seat 4: Dorex2007 (small blind) folded on the River
Seat 6: lookzorrr (big blind) collected ($0.23)
Seat 8: Anatolii_56 folded before Flop (didn't bet)
Seat 9: dimonv folded before Flop (didn't bet)



PokerStars Hand #226962728931:  Hold'em No Limit ($0.01/$0.02 USD) - 2021/05/22 0:10:10 PT [2021/05/22 3:10:10 ET]
Table 'Wild II' 9-max Seat #4 is the button
Seat 1: Nhük50 ($1.40 in chips) 
Seat 2: Donenko345 ($2.22 in chips) 
Seat 3: JahRush11 ($1 in chips) 
Seat 4: Dorex2007 ($1.73 in chips) 
Seat 6: lookzorrr ($2.17 in chips) 
Seat 7: Vadon 30 ($2.01 in chips) 
Seat 8: Anatolii_56 ($0.66 in chips) 
Seat 9: dimonv ($0.88 in chips) 
lookzorrr: posts small blind $0.01
Vadon 30: posts big blind $0.02
JahRush11: posts big blind $0.02
*** HOLE CARDS ***
Dealt to Dorex2007 [Kc 8c]
Anatolii_56: folds 
dimonv: folds 
Nhük50: calls $0.02
Donenko345: folds 
JahRush11: checks 
Dorex2007: calls $0.02
lookzorrr: folds 
Vadon 30: checks 
*** FLOP *** [2s 9c 5s]
Vadon 30: checks 
Nhük50: checks 
JahRush11: checks 
Dorex2007: checks 
*** TURN *** [2s 9c 5s] [6d]
Vadon 30: checks 
Nhük50: checks 
JahRush11: checks 
Dorex2007: checks 
*** RIVER *** [2s 9c 5s 6d] [Qh]
Vadon 30: checks 
Nhük50: checks 
JahRush11: checks 
Dorex2007: bets $0.09
Vadon 30: folds 
Nhük50: folds 
JahRush11: folds 
Uncalled bet ($0.09) returned to Dorex2007
Dorex2007 collected $0.09 from pot
Dorex2007: doesn't show hand 
*** SUMMARY ***
Total pot $0.09 | Rake $0 
Board [2s 9c 5s 6d Qh]
Seat 1: Nhük50 folded on the River
Seat 2: Donenko345 folded before Flop (didn't bet)
Seat 3: JahRush11 folded on the River (didn't bet)
Seat 4: Dorex2007 (button) collected ($0.09)
Seat 6: lookzorrr (small blind) folded before Flop
Seat 7: Vadon 30 (big blind) folded on the River
Seat 8: Anatolii_56 folded before Flop (didn't bet)
Seat 9: dimonv folded before Flop (didn't bet)



PokerStars Hand #226962738879:  Hold'em No Limit ($0.01/$0.02 USD) - 2021/05/22 0:11:05 PT [2021/05/22 3:11:05 ET]
Table 'Wild II' 9-max Seat #6 is the button
Seat 1: Nhük50 ($1.38 in chips) 
Seat 2: Donenko345 ($2.22 in chips) 
Seat 3: JahRush11 ($0.98 in chips) 
Seat 4: Dorex2007 ($1.80 in chips) 
Seat 6: lookzorrr ($2.16 in chips) 
Seat 7: Vadon 30 ($1.99 in chips) 
Seat 8: Anatolii_56 ($0.66 in chips) 
Seat 9: dimonv ($0.88 in chips) 
Vadon 30: posts small blind $0.01
Anatolii_56: posts big blind $0.02
*** HOLE CARDS ***
Dealt to Dorex2007 [3c Kc]
dimonv: folds 
Nhük50: calls $0.02
Donenko345: folds 
JahRush11: folds 
Dorex2007: folds 
lookzorrr: calls $0.02
Vadon 30: calls $0.01
Anatolii_56: checks 
*** FLOP *** [Jh Kd 9h]
Vadon 30: checks 
Anatolii_56: checks 
Nhük50: bets $0.04
lookzorrr: calls $0.04
Vadon 30: folds 
Anatolii_56: calls $0.04
*** TURN *** [Jh Kd 9h] [9c]
Anatolii_56: checks 
Nhük50: checks 
lookzorrr: checks 
*** RIVER *** [Jh Kd 9h 9c] [9d]
Anatolii_56: checks 
Nhük50: checks 
lookzorrr: checks 
*** SHOW DOWN ***
Anatolii_56: shows [Th 2c] (three of a kind, Nines)
Nhük50: shows [Qh 2h] (three of a kind, Nines - King+Queen kicker)
lookzorrr: shows [Qc Jd] (a full house, Nines full of Jacks)
lookzorrr collected $0.19 from pot
*** SUMMARY ***
Total pot $0.20 | Rake $0.01 
Board [Jh Kd 9h 9c 9d]
Seat 1: Nhük50 showed [Qh 2h] and lost with three of a kind, Nines
Seat 2: Donenko345 folded before Flop (didn't bet)
Seat 3: JahRush11 folded before Flop (didn't bet)
Seat 4: Dorex2007 folded before Flop (didn't bet)
Seat 6: lookzorrr (button) showed [Qc Jd] and won ($0.19) with a full house, Nines full of Jacks
Seat 7: Vadon 30 (small blind) folded on the Flop
Seat 8: Anatolii_56 (big blind) showed [Th 2c] and lost with three of a kind, Nines
Seat 9: dimonv folded before Flop (didn't bet)



PokerStars Hand #226962746590:  Hold'em No Limit ($0.01/$0.02 USD) - 2021/05/22 0:11:48 PT [2021/05/22 3:11:48 ET]
Table 'Wild II' 9-max Seat #7 is the button
Seat 1: Nhük50 ($1.32 in chips) 
Seat 2: Donenko345 ($2.22 in chips) 
Seat 3: JahRush11 ($0.98 in chips) 
Seat 4: Dorex2007 ($1.80 in chips) 
Seat 6: lookzorrr ($2.29 in chips) 
Seat 7: Vadon 30 ($1.97 in chips) 
Seat 8: Anatolii_56 ($0.60 in chips) 
Seat 9: dimonv ($0.88 in chips) 
Anatolii_56: posts small blind $0.01
dimonv: posts big blind $0.02
*** HOLE CARDS ***
Dealt to Dorex2007 [Tc Qh]
Nhük50: folds 
Donenko345: raises $0.03 to $0.05
JahRush11: folds 
Dorex2007: folds 
lookzorrr: calls $0.05
Vadon 30: folds 
Anatolii_56: folds 
dimonv: folds 
*** FLOP *** [5h Ah Qs]
Donenko345: bets $0.07
lookzorrr: folds 
Uncalled bet ($0.07) returned to Donenko345
Donenko345 collected $0.13 from pot
Donenko345: doesn't show hand 
*** SUMMARY ***
Total pot $0.13 | Rake $0 
Board [5h Ah Qs]
Seat 1: Nhük50 folded before Flop (didn't bet)
Seat 2: Donenko345 collected ($0.13)
Seat 3: JahRush11 folded before Flop (didn't bet)
Seat 4: Dorex2007 folded before Flop (didn't bet)
Seat 6: lookzorrr folded on the Flop
Seat 7: Vadon 30 (button) folded before Flop (didn't bet)
Seat 8: Anatolii_56 (small blind) folded before Flop
Seat 9: dimonv (big blind) folded before Flop



PokerStars Hand #226962752741:  Hold'em No Limit ($0.01/$0.02 USD) - 2021/05/22 0:12:23 PT [2021/05/22 3:12:23 ET]
Table 'Wild II' 9-max Seat #8 is the button
Seat 1: Nhük50 ($1.32 in chips) 
Seat 2: Donenko345 ($2.30 in chips) 
Seat 3: JahRush11 ($0.98 in chips) 
Seat 4: Dorex2007 ($1.80 in chips) 
Seat 6: lookzorrr ($2.24 in chips) 
Seat 7: Vadon 30 ($1.97 in chips) 
Seat 8: Anatolii_56 ($0.59 in chips) 
Seat 9: dimonv ($0.86 in chips) 
dimonv: posts small blind $0.01
Nhük50: posts big blind $0.02
islandlake204: sits out 
*** HOLE CARDS ***
Dealt to Dorex2007 [2h 2s]
Donenko345: folds 
JahRush11: folds 
Dorex2007: folds 
lookzorrr: folds 
Vadon 30: calls $0.02
Anatolii_56: folds 
dimonv: calls $0.01
Nhük50: checks 
*** FLOP *** [Qc Th 5s]
dimonv: checks 
Nhük50: checks 
Vadon 30: checks 
*** TURN *** [Qc Th 5s] [9h]
dimonv: checks 
Nhük50: bets $0.02
Vadon 30: calls $0.02
dimonv: folds 
*** RIVER *** [Qc Th 5s 9h] [9d]
Nhük50: bets $0.02
Vadon 30: calls $0.02
*** SHOW DOWN ***
Nhük50: shows [6d Td] (two pair, Tens and Nines)
Vadon 30: mucks hand 
Nhük50 collected $0.14 from pot
*** SUMMARY ***
Total pot $0.14 | Rake $0 
Board [Qc Th 5s 9h 9d]
Seat 1: Nhük50 (big blind) showed [6d Td] and won ($0.14) with two pair, Tens and Nines
Seat 2: Donenko345 folded before Flop (didn't bet)
Seat 3: JahRush11 folded before Flop (didn't bet)
Seat 4: Dorex2007 folded before Flop (didn't bet)
Seat 6: lookzorrr folded before Flop (didn't bet)
Seat 7: Vadon 30 mucked [3d 3c]
Seat 8: Anatolii_56 (button) folded before Flop (didn't bet)
Seat 9: dimonv (small blind) folded on the Turn



PokerStars Hand #226962763336:  Hold'em No Limit ($0.01/$0.02 USD) - 2021/05/22 0:13:22 PT [2021/05/22 3:13:22 ET]
Table 'Wild II' 9-max Seat #9 is the button
Seat 1: Nhük50 ($1.40 in chips) 
Seat 2: Donenko345 ($2.30 in chips) 
Seat 3: JahRush11 ($0.98 in chips) 
Seat 4: Dorex2007 ($1.80 in chips) 
Seat 6: lookzorrr ($2.24 in chips) 
Seat 7: Vadon 30 ($1.91 in chips) 
Seat 8: Anatolii_56 ($0.59 in chips) 
Seat 9: dimonv ($0.84 in chips) 
Nhük50: posts small blind $0.01
Donenko345: posts big blind $0.02
islandlake204: sits out 
*** HOLE CARDS ***
Dealt to Dorex2007 [5h Th]
JahRush11: folds 
Dorex2007: folds 
lookzorrr: folds 
Vadon 30: calls $0.02
Anatolii_56: folds 
dimonv: folds 
Nhük50: calls $0.01
Donenko345: checks 
*** FLOP *** [7d 5s 5d]
Nhük50: checks 
Donenko345: checks 
Vadon 30: checks 
*** TURN *** [7d 5s 5d] [2h]
Nhük50: checks 
Donenko345: checks 
Vadon 30: checks 
*** RIVER *** [7d 5s 5d 2h] [4c]
Nhük50: checks 
Donenko345: checks 
Vadon 30: checks 
*** SHOW DOWN ***
Nhük50: shows [Td 8h] (a pair of Fives)
Donenko345: shows [2d 6h] (two pair, Fives and Deuces)
Vadon 30: mucks hand 
Donenko345 collected $0.06 from pot
*** SUMMARY ***
Total pot $0.06 | Rake $0 
Board [7d 5s 5d 2h 4c]
Seat 1: Nhük50 (small blind) showed [Td 8h] and lost with a pair of Fives
Seat 2: Donenko345 (big blind) showed [2d 6h] and won ($0.06) with two pair, Fives and Deuces
Seat 3: JahRush11 folded before Flop (didn't bet)
Seat 4: Dorex2007 folded before Flop (didn't bet)
Seat 6: lookzorrr folded before Flop (didn't bet)
Seat 7: Vadon 30 mucked [Js Ah]
Seat 8: Anatolii_56 folded before Flop (didn't bet)
Seat 9: dimonv (button) folded before Flop (didn't bet)



PokerStars Hand #226962769656:  Hold'em No Limit ($0.01/$0.02 USD) - 2021/05/22 0:13:57 PT [2021/05/22 3:13:57 ET]
Table 'Wild II' 9-max Seat #1 is the button
Seat 1: Nhük50 ($1.38 in chips) 
Seat 2: Donenko345 ($2.34 in chips) 
Seat 3: JahRush11 ($0.98 in chips) 
Seat 4: Dorex2007 ($1.80 in chips) 
Seat 6: lookzorrr ($2.24 in chips) 
Seat 7: Vadon 30 ($1.89 in chips) 
Seat 8: Anatolii_56 ($0.59 in chips) 
Seat 9: dimonv ($0.84 in chips) 
Donenko345: posts small blind $0.01
JahRush11: posts big blind $0.02
islandlake204: sits out 
*** HOLE CARDS ***
Dealt to Dorex2007 [3d 4h]
Dorex2007: folds 
lookzorrr: folds 
Vadon 30: folds 
Anatolii_56: folds 
dimonv: folds 
Nhük50: raises $0.04 to $0.06
Donenko345: calls $0.05
JahRush11: calls $0.04
*** FLOP *** [9d 2h Kd]
Donenko345: checks 
JahRush11: checks 
Nhük50: checks 
*** TURN *** [9d 2h Kd] [6h]
Donenko345: bets $0.05
JahRush11: folds 
Nhük50: folds 
Uncalled bet ($0.05) returned to Donenko345
Donenko345 collected $0.17 from pot
Donenko345: doesn't show hand 
*** SUMMARY ***
Total pot $0.18 | Rake $0.01 
Board [9d 2h Kd 6h]
Seat 1: Nhük50 (button) folded on the Turn
Seat 2: Donenko345 (small blind) collected ($0.17)
Seat 3: JahRush11 (big blind) folded on the Turn
Seat 4: Dorex2007 folded before Flop (didn't bet)
Seat 6: lookzorrr folded before Flop (didn't bet)
Seat 7: Vadon 30 folded before Flop (didn't bet)
Seat 8: Anatolii_56 folded before Flop (didn't bet)
Seat 9: dimonv folded before Flop (didn't bet)



PokerStars Hand #226962776019:  Hold'em No Limit ($0.01/$0.02 USD) - 2021/05/22 0:14:32 PT [2021/05/22 3:14:32 ET]
Table 'Wild II' 9-max Seat #2 is the button
Seat 1: Nhük50 ($1.32 in chips) 
Seat 2: Donenko345 ($2.45 in chips) 
Seat 3: JahRush11 ($0.92 in chips) 
Seat 4: Dorex2007 ($1.80 in chips) 
Seat 6: lookzorrr ($2.24 in chips) 
Seat 7: Vadon 30 ($1.89 in chips) 
Seat 8: Anatolii_56 ($0.59 in chips) 
Seat 9: dimonv ($0.84 in chips) 
JahRush11: posts small blind $0.01
Dorex2007: posts big blind $0.02
islandlake204: sits out 
*** HOLE CARDS ***
Dealt to Dorex2007 [Qs 7s]
lookzorrr: folds 
Vadon 30: calls $0.02
Anatolii_56: calls $0.02
dimonv: folds 
Nhük50: calls $0.02
Donenko345: folds 
JahRush11: calls $0.01
Dorex2007: checks 
*** FLOP *** [6c 5d 5c]
JahRush11: checks 
Dorex2007: checks 
Vadon 30: checks 
Anatolii_56: bets $0.04
Nhük50: folds 
JahRush11: calls $0.04
Dorex2007: folds 
Vadon 30: calls $0.04
*** TURN *** [6c 5d 5c] [Kh]
JahRush11: checks 
Vadon 30: checks 
Anatolii_56: bets $0.04
JahRush11: folds 
Vadon 30: calls $0.04
*** RIVER *** [6c 5d 5c Kh] [Ks]
Vadon 30: checks 
Anatolii_56: bets $0.29
Vadon 30: folds 
Uncalled bet ($0.29) returned to Anatolii_56
Anatolii_56 collected $0.29 from pot
*** SUMMARY ***
Total pot $0.30 | Rake $0.01 
Board [6c 5d 5c Kh Ks]
Seat 1: Nhük50 folded on the Flop
Seat 2: Donenko345 (button) folded before Flop (didn't bet)
Seat 3: JahRush11 (small blind) folded on the Turn
Seat 4: Dorex2007 (big blind) folded on the Flop
Seat 6: lookzorrr folded before Flop (didn't bet)
Seat 7: Vadon 30 folded on the River
Seat 8: Anatolii_56 collected ($0.29)
Seat 9: dimonv folded before Flop (didn't bet)



PokerStars Hand #226962791024:  Hold'em No Limit ($0.01/$0.02 USD) - 2021/05/22 0:15:55 PT [2021/05/22 3:15:55 ET]
Table 'Wild II' 9-max Seat #3 is the button
Seat 1: Nhük50 ($1.30 in chips) 
Seat 2: Donenko345 ($2.45 in chips) 
Seat 3: JahRush11 ($0.86 in chips) 
Seat 4: Dorex2007 ($1.78 in chips) 
Seat 5: islandlake204 ($0.80 in chips) 
Seat 6: lookzorrr ($2.24 in chips) 
Seat 7: Vadon 30 ($1.79 in chips) 
Seat 8: Anatolii_56 ($0.78 in chips) 
Seat 9: dimonv ($0.84 in chips) 
Dorex2007: posts small blind $0.01
islandlake204: posts big blind $0.02
*** HOLE CARDS ***
Dealt to Dorex2007 [5d 4h]
lookzorrr: folds 
Vadon 30: calls $0.02
Anatolii_56 has timed out
Anatolii_56: folds 
dimonv: folds 
Nhük50: calls $0.02
Donenko345: folds 
JahRush11: folds 
Dorex2007: folds 
islandlake204: checks 
*** FLOP *** [3c Ts Ks]
islandlake204: checks 
Vadon 30: checks 
Nhük50: checks 
*** TURN *** [3c Ts Ks] [Qs]
islandlake204: bets $0.02
Vadon 30: calls $0.02
Nhük50: folds 
*** RIVER *** [3c Ts Ks Qs] [7h]
islandlake204: bets $0.11
Vadon 30: calls $0.11
*** SHOW DOWN ***
islandlake204: shows [9s 7s] (a flush, King high)
Vadon 30: mucks hand 
islandlake204 collected $0.32 from pot
*** SUMMARY ***
Total pot $0.33 | Rake $0.01 
Board [3c Ts Ks Qs 7h]
Seat 1: Nhük50 folded on the Turn
Seat 2: Donenko345 folded before Flop (didn't bet)
Seat 3: JahRush11 (button) folded before Flop (didn't bet)
Seat 4: Dorex2007 (small blind) folded before Flop
Seat 5: islandlake204 (big blind) showed [9s 7s] and won ($0.32) with a flush, King high
Seat 6: lookzorrr folded before Flop (didn't bet)
Seat 7: Vadon 30 mucked [Qh Kc]
Seat 8: Anatolii_56 folded before Flop (didn't bet)
Seat 9: dimonv folded before Flop (didn't bet)



PokerStars Hand #226962799790:  Hold'em No Limit ($0.01/$0.02 USD) - 2021/05/22 0:16:44 PT [2021/05/22 3:16:44 ET]
Table 'Wild II' 9-max Seat #4 is the button
Seat 1: Nhük50 ($1.28 in chips) 
Seat 2: Donenko345 ($2.45 in chips) 
Seat 3: JahRush11 ($0.86 in chips) 
Seat 4: Dorex2007 ($1.77 in chips) 
Seat 5: islandlake204 ($0.97 in chips) 
Seat 6: lookzorrr ($2.24 in chips) 
Seat 7: Vadon 30 ($1.64 in chips) 
Seat 8: Anatolii_56 ($0.78 in chips) 
Seat 9: dimonv ($0.84 in chips) 
islandlake204: posts small blind $0.01
lookzorrr: posts big blind $0.02
*** HOLE CARDS ***
Dealt to Dorex2007 [4d 5s]
Vadon 30: calls $0.02
Anatolii_56: folds 
dimonv: folds 
Nhük50: folds 
Donenko345: folds 
JahRush11: folds 
Dorex2007: folds 
islandlake204: calls $0.01
lookzorrr: checks 
*** FLOP *** [8d Td 9d]
islandlake204: checks 
lookzorrr: checks 
Vadon 30: checks 
*** TURN *** [8d Td 9d] [Ks]
islandlake204: bets $0.02
lookzorrr: folds 
Vadon 30: folds 
Uncalled bet ($0.02) returned to islandlake204
islandlake204 collected $0.06 from pot
islandlake204: doesn't show hand 
*** SUMMARY ***
Total pot $0.06 | Rake $0 
Board [8d Td 9d Ks]
Seat 1: Nhük50 folded before Flop (didn't bet)
Seat 2: Donenko345 folded before Flop (didn't bet)
Seat 3: JahRush11 folded before Flop (didn't bet)
Seat 4: Dorex2007 (button) folded before Flop (didn't bet)
Seat 5: islandlake204 (small blind) collected ($0.06)
Seat 6: lookzorrr (big blind) folded on the Turn
Seat 7: Vadon 30 folded on the Turn
Seat 8: Anatolii_56 folded before Flop (didn't bet)
Seat 9: dimonv folded before Flop (didn't bet)



PokerStars Hand #226962805876:  Hold'em No Limit ($0.01/$0.02 USD) - 2021/05/22 0:17:19 PT [2021/05/22 3:17:19 ET]
Table 'Wild II' 9-max Seat #5 is the button
Seat 1: Nhük50 ($1.28 in chips) 
Seat 2: Donenko345 ($2.45 in chips) 
Seat 3: JahRush11 ($0.86 in chips) 
Seat 4: Dorex2007 ($1.77 in chips) 
Seat 5: islandlake204 ($1.01 in chips) 
Seat 6: lookzorrr ($2.22 in chips) 
Seat 7: Vadon 30 ($1.62 in chips) 
Seat 8: Anatolii_56 ($0.78 in chips) 
Seat 9: dimonv ($0.84 in chips) 
lookzorrr: posts small blind $0.01
Vadon 30: posts big blind $0.02
*** HOLE CARDS ***
Dealt to Dorex2007 [3c 7s]
Anatolii_56: calls $0.02
dimonv: folds 
Nhük50: folds 
Donenko345: folds 
JahRush11: folds 
Dorex2007: folds 
islandlake204: calls $0.02
lookzorrr: calls $0.01
Vadon 30: checks 
*** FLOP *** [5s 6d 9c]
lookzorrr: checks 
Vadon 30: checks 
Anatolii_56: bets $0.04
islandlake204: folds 
lookzorrr: calls $0.04
Vadon 30: calls $0.04
*** TURN *** [5s 6d 9c] [Ad]
lookzorrr: checks 
Vadon 30: checks 
Anatolii_56: bets $0.04
lookzorrr: calls $0.04
Vadon 30: calls $0.04
*** RIVER *** [5s 6d 9c Ad] [Qd]
lookzorrr: checks 
Vadon 30: checks 
Anatolii_56: checks 
*** SHOW DOWN ***
lookzorrr: shows [9d Ts] (a pair of Nines)
Vadon 30: mucks hand 
Anatolii_56: shows [Kh Kc] (a pair of Kings)
Anatolii_56 collected $0.31 from pot
*** SUMMARY ***
Total pot $0.32 | Rake $0.01 
Board [5s 6d 9c Ad Qd]
Seat 1: Nhük50 folded before Flop (didn't bet)
Seat 2: Donenko345 folded before Flop (didn't bet)
Seat 3: JahRush11 folded before Flop (didn't bet)
Seat 4: Dorex2007 folded before Flop (didn't bet)
Seat 5: islandlake204 (button) folded on the Flop
Seat 6: lookzorrr (small blind) showed [9d Ts] and lost with a pair of Nines
Seat 7: Vadon 30 (big blind) mucked [7h Th]
Seat 8: Anatolii_56 showed [Kh Kc] and won ($0.31) with a pair of Kings
Seat 9: dimonv folded before Flop (didn't bet)



PokerStars Hand #226962815022:  Hold'em No Limit ($0.01/$0.02 USD) - 2021/05/22 0:18:10 PT [2021/05/22 3:18:10 ET]
Table 'Wild II' 9-max Seat #6 is the button
Seat 1: Nhük50 ($1.28 in chips) 
Seat 2: Donenko345 ($2.45 in chips) 
Seat 3: JahRush11 ($0.86 in chips) 
Seat 4: Dorex2007 ($1.77 in chips) 
Seat 5: islandlake204 ($0.99 in chips) 
Seat 6: lookzorrr ($2.12 in chips) 
Seat 7: Vadon 30 ($1.52 in chips) 
Seat 8: Anatolii_56 ($0.99 in chips) 
Seat 9: dimonv ($0.84 in chips) 
Vadon 30: posts small blind $0.01
Anatolii_56: posts big blind $0.02
*** HOLE CARDS ***
Dealt to Dorex2007 [Qd 4d]
dimonv: folds 
Nhük50: folds 
Donenko345: folds 
JahRush11: folds 
Dorex2007: folds 
islandlake204: folds 
lookzorrr: raises $0.03 to $0.05
Vadon 30: folds 
Anatolii_56: calls $0.03
*** FLOP *** [9d 4h 9c]
Anatolii_56: checks 
lookzorrr: bets $0.04
Anatolii_56: calls $0.04
*** TURN *** [9d 4h 9c] [Kc]
Anatolii_56: checks 
lookzorrr: checks 
*** RIVER *** [9d 4h 9c Kc] [Jh]
Anatolii_56: bets $0.18
lookzorrr: calls $0.18
*** SHOW DOWN ***
Anatolii_56: shows [Qc 9s] (three of a kind, Nines)
lookzorrr: mucks hand 
Anatolii_56 collected $0.53 from pot
*** SUMMARY ***
Total pot $0.55 | Rake $0.02 
Board [9d 4h 9c Kc Jh]
Seat 1: Nhük50 folded before Flop (didn't bet)
Seat 2: Donenko345 folded before Flop (didn't bet)
Seat 3: JahRush11 folded before Flop (didn't bet)
Seat 4: Dorex2007 folded before Flop (didn't bet)
Seat 5: islandlake204 folded before Flop (didn't bet)
Seat 6: lookzorrr (button) mucked [5h Kh]
Seat 7: Vadon 30 (small blind) folded before Flop
Seat 8: Anatolii_56 (big blind) showed [Qc 9s] and won ($0.53) with three of a kind, Nines
Seat 9: dimonv folded before Flop (didn't bet)



PokerStars Hand #226962823418:  Hold'em No Limit ($0.01/$0.02 USD) - 2021/05/22 0:18:56 PT [2021/05/22 3:18:56 ET]
Table 'Wild II' 9-max Seat #7 is the button
Seat 1: Nhük50 ($1.28 in chips) 
Seat 2: Donenko345 ($2.45 in chips) 
Seat 3: JahRush11 ($0.86 in chips) 
Seat 4: Dorex2007 ($1.77 in chips) 
Seat 5: islandlake204 ($0.99 in chips) 
Seat 6: lookzorrr ($1.85 in chips) 
Seat 7: Vadon 30 ($1.51 in chips) 
Seat 8: Anatolii_56 ($1.25 in chips) 
Anatolii_56: posts small blind $0.01
dimonv: is sitting out 
Nhük50: posts big blind $0.02
*** HOLE CARDS ***
Dealt to Dorex2007 [5d Ac]
Donenko345: folds 
JahRush11: folds 
Dorex2007: folds 
islandlake204: folds 
lookzorrr: folds 
Vadon 30: folds 
Anatolii_56: calls $0.01
Nhük50: checks 
*** FLOP *** [3s 4s Ks]
Anatolii_56: checks 
Nhük50: checks 
*** TURN *** [3s 4s Ks] [Ah]
Anatolii_56: bets $0.04
Nhük50: calls $0.04
*** RIVER *** [3s 4s Ks Ah] [Ts]
Anatolii_56: bets $0.04
Nhük50: raises $0.04 to $0.08
Anatolii_56: calls $0.04
*** SHOW DOWN ***
Nhük50: shows [Js 3c] (a flush, King high)
Anatolii_56: mucks hand 
Nhük50 collected $0.27 from pot
*** SUMMARY ***
Total pot $0.28 | Rake $0.01 
Board [3s 4s Ks Ah Ts]
Seat 1: Nhük50 (big blind) showed [Js 3c] and won ($0.27) with a flush, King high
Seat 2: Donenko345 folded before Flop (didn't bet)
Seat 3: JahRush11 folded before Flop (didn't bet)
Seat 4: Dorex2007 folded before Flop (didn't bet)
Seat 5: islandlake204 folded before Flop (didn't bet)
Seat 6: lookzorrr folded before Flop (didn't bet)
Seat 7: Vadon 30 (button) folded before Flop (didn't bet)
Seat 8: Anatolii_56 (small blind) mucked [Kh 3d]



PokerStars Hand #226962834882:  Hold'em No Limit ($0.01/$0.02 USD) - 2021/05/22 0:19:59 PT [2021/05/22 3:19:59 ET]
Table 'Wild II' 9-max Seat #8 is the button
Seat 1: Nhük50 ($1.41 in chips) 
Seat 3: JahRush11 ($0.86 in chips) 
Seat 4: Dorex2007 ($1.77 in chips) 
Seat 5: islandlake204 ($0.99 in chips) 
Seat 6: lookzorrr ($1.85 in chips) 
Seat 7: Vadon 30 ($1.51 in chips) 
Seat 8: Anatolii_56 ($1.11 in chips) 
Nhük50: posts small blind $0.01
Donenko345: is sitting out 
JahRush11: posts big blind $0.02
*** HOLE CARDS ***
Dealt to Dorex2007 [8h Qd]
Donenko345 leaves the table
Dorex2007: folds 
islandlake204: calls $0.02
lookzorrr: folds 
Vadon 30: folds 
Anatolii_56: calls $0.02
bukomet joins the table at seat #2 
Nhük50: calls $0.01
JahRush11: checks 
*** FLOP *** [5s Ah 4d]
Nhük50: checks 
JahRush11: checks 
islandlake204: checks 
Anatolii_56: checks 
*** TURN *** [5s Ah 4d] [9d]
Nhük50: checks 
JahRush11: bets $0.02
islandlake204: folds 
Anatolii_56: folds 
Nhük50: calls $0.02
*** RIVER *** [5s Ah 4d 9d] [Ac]
Nhük50: checks 
JahRush11: bets $0.06
Nhük50: folds 
Uncalled bet ($0.06) returned to JahRush11
JahRush11 collected $0.12 from pot
*** SUMMARY ***
Total pot $0.12 | Rake $0 
Board [5s Ah 4d 9d Ac]
Seat 1: Nhük50 (small blind) folded on the River
Seat 3: JahRush11 (big blind) collected ($0.12)
Seat 4: Dorex2007 folded before Flop (didn't bet)
Seat 5: islandlake204 folded on the Turn
Seat 6: lookzorrr folded before Flop (didn't bet)
Seat 7: Vadon 30 folded before Flop (didn't bet)
Seat 8: Anatolii_56 (button) folded on the Turn



PokerStars Hand #226962843695:  Hold'em No Limit ($0.01/$0.02 USD) - 2021/05/22 0:20:48 PT [2021/05/22 3:20:48 ET]
Table 'Wild II' 9-max Seat #1 is the button
Seat 1: Nhük50 ($1.37 in chips) 
Seat 3: JahRush11 ($0.94 in chips) 
Seat 4: Dorex2007 ($1.77 in chips) 
Seat 5: islandlake204 ($0.97 in chips) 
Seat 6: lookzorrr ($1.85 in chips) 
Seat 7: Vadon 30 ($1.51 in chips) 
Seat 8: Anatolii_56 ($1.09 in chips) 
JahRush11: posts small blind $0.01
Dorex2007: posts big blind $0.02
*** HOLE CARDS ***
Dealt to Dorex2007 [Qd 9h]
islandlake204 has timed out
islandlake204: folds 
lookzorrr: folds 
Vadon 30: folds 
Anatolii_56: calls $0.02
Nhük50: raises $0.08 to $0.10
JahRush11: folds 
Dorex2007: folds 
Anatolii_56: folds 
Uncalled bet ($0.08) returned to Nhük50
Anatolii_56 leaves the table
Nhük50 collected $0.07 from pot
*** SUMMARY ***
Total pot $0.07 | Rake $0 
Seat 1: Nhük50 (button) collected ($0.07)
Seat 3: JahRush11 (small blind) folded before Flop
Seat 4: Dorex2007 (big blind) folded before Flop
Seat 5: islandlake204 folded before Flop (didn't bet)
Seat 6: lookzorrr folded before Flop (didn't bet)
Seat 7: Vadon 30 folded before Flop (didn't bet)
Seat 8: Anatolii_56 folded before Flop



PokerStars Hand #226962849120:  Hold'em No Limit ($0.01/$0.02 USD) - 2021/05/22 0:21:18 PT [2021/05/22 3:21:18 ET]
Table 'Wild II' 9-max Seat #3 is the button
Seat 1: Nhük50 ($1.42 in chips) 
Seat 2: bukomet ($0.80 in chips) 
Seat 3: JahRush11 ($0.93 in chips) 
Seat 4: Dorex2007 ($1.75 in chips) 
Seat 5: islandlake204 ($0.97 in chips) 
Seat 6: lookzorrr ($1.85 in chips) 
Seat 7: Vadon 30 ($1.51 in chips) 
Dorex2007: posts small blind $0.01
islandlake204: posts big blind $0.02
bukomet: posts big blind $0.02
*** HOLE CARDS ***
Dealt to Dorex2007 [Qc 5h]
lookzorrr: folds 
Vadon 30: folds 
Nhük50: calls $0.02
bukomet: checks 
JahRush11: folds 
Dorex2007: calls $0.01
yummy1985 joins the table at seat #8 
islandlake204: checks 
*** FLOP *** [Ah 4h 7d]
Dorex2007: checks 
islandlake204: checks 
Nhük50: checks 
bukomet: checks 
*** TURN *** [Ah 4h 7d] [9h]
Dorex2007: checks 
islandlake204: bets $0.02
Nhük50: folds 
bukomet: folds 
Dorex2007: folds 
Uncalled bet ($0.02) returned to islandlake204
islandlake204 collected $0.08 from pot
islandlake204: doesn't show hand 
*** SUMMARY ***
Total pot $0.08 | Rake $0 
Board [Ah 4h 7d 9h]
Seat 1: Nhük50 folded on the Turn
Seat 2: bukomet folded on the Turn (didn't bet)
Seat 3: JahRush11 (button) folded before Flop (didn't bet)
Seat 4: Dorex2007 (small blind) folded on the Turn
Seat 5: islandlake204 (big blind) collected ($0.08)
Seat 6: lookzorrr folded before Flop (didn't bet)
Seat 7: Vadon 30 folded before Flop (didn't bet)



PokerStars Hand #226962856773:  Hold'em No Limit ($0.01/$0.02 USD) - 2021/05/22 0:22:00 PT [2021/05/22 3:22:00 ET]
Table 'Wild II' 9-max Seat #4 is the button
Seat 1: Nhük50 ($1.40 in chips) 
Seat 2: bukomet ($0.78 in chips) 
Seat 3: JahRush11 ($0.93 in chips) 
Seat 4: Dorex2007 ($1.73 in chips) 
Seat 5: islandlake204 ($1.03 in chips) 
Seat 6: lookzorrr ($1.85 in chips) 
Seat 7: Vadon 30 ($1.51 in chips) 
islandlake204: posts small blind $0.01
lookzorrr: posts big blind $0.02
yummy1985: sits out 
*** HOLE CARDS ***
Dealt to Dorex2007 [2d 5s]
Vadon 30: calls $0.02
Nhük50: folds 
bukomet: folds 
JahRush11: folds 
Dorex2007: folds 
islandlake204: folds 
lookzorrr: checks 
*** FLOP *** [9h Tc Ad]
lookzorrr: checks 
Vadon 30: checks 
*** TURN *** [9h Tc Ad] [7c]
lookzorrr: checks 
Vadon 30: checks 
*** RIVER *** [9h Tc Ad 7c] [5c]
lookzorrr: checks 
Vadon 30: checks 
*** SHOW DOWN ***
lookzorrr: shows [3c Jh] (high card Ace)
Vadon 30: shows [9d Ks] (a pair of Nines)
Vadon 30 collected $0.05 from pot
*** SUMMARY ***
Total pot $0.05 | Rake $0 
Board [9h Tc Ad 7c 5c]
Seat 1: Nhük50 folded before Flop (didn't bet)
Seat 2: bukomet folded before Flop (didn't bet)
Seat 3: JahRush11 folded before Flop (didn't bet)
Seat 4: Dorex2007 (button) folded before Flop (didn't bet)
Seat 5: islandlake204 (small blind) folded before Flop
Seat 6: lookzorrr (big blind) showed [3c Jh] and lost with high card Ace
Seat 7: Vadon 30 showed [9d Ks] and won ($0.05) with a pair of Nines



PokerStars Hand #226962861552:  Hold'em No Limit ($0.01/$0.02 USD) - 2021/05/22 0:22:27 PT [2021/05/22 3:22:27 ET]
Table 'Wild II' 9-max Seat #5 is the button
Seat 1: Nhük50 ($1.40 in chips) 
Seat 2: bukomet ($0.78 in chips) 
Seat 3: JahRush11 ($0.93 in chips) 
Seat 4: Dorex2007 ($1.73 in chips) 
Seat 5: islandlake204 ($1.02 in chips) 
Seat 6: lookzorrr ($1.83 in chips) 
Seat 7: Vadon 30 ($1.54 in chips) 
lookzorrr: posts small blind $0.01
Vadon 30: posts big blind $0.02
yummy1985: sits out 
*** HOLE CARDS ***
Dealt to Dorex2007 [Kc 7c]
Nhük50: folds 
bukomet: raises $0.06 to $0.08
JahRush11: raises $0.06 to $0.14
Dorex2007: folds 
islandlake204: folds 
lookzorrr: folds 
Vadon 30: folds 
bukomet: raises $0.14 to $0.28
JahRush11: raises $0.65 to $0.93 and is all-in
bukomet: calls $0.50 and is all-in
Uncalled bet ($0.15) returned to JahRush11
*** FLOP *** [9s 3c 8h]
*** TURN *** [9s 3c 8h] [8s]
*** RIVER *** [9s 3c 8h 8s] [Qh]
*** SHOW DOWN ***
bukomet: shows [Jc Js] (two pair, Jacks and Eights)
JahRush11: shows [Qs Qd] (a full house, Queens full of Eights)
JahRush11 collected $1.53 from pot
*** SUMMARY ***
Total pot $1.59 | Rake $0.06 
Board [9s 3c 8h 8s Qh]
Seat 1: Nhük50 folded before Flop (didn't bet)
Seat 2: bukomet showed [Jc Js] and lost with two pair, Jacks and Eights
Seat 3: JahRush11 showed [Qs Qd] and won ($1.53) with a full house, Queens full of Eights
Seat 4: Dorex2007 folded before Flop (didn't bet)
Seat 5: islandlake204 (button) folded before Flop (didn't bet)
Seat 6: lookzorrr (small blind) folded before Flop
Seat 7: Vadon 30 (big blind) folded before Flop



PokerStars Hand #226962868598:  Hold'em No Limit ($0.01/$0.02 USD) - 2021/05/22 0:23:06 PT [2021/05/22 3:23:06 ET]
Table 'Wild II' 9-max Seat #6 is the button
Seat 1: Nhük50 ($1.40 in chips) 
Seat 3: JahRush11 ($1.68 in chips) 
Seat 4: Dorex2007 ($1.73 in chips) 
Seat 5: islandlake204 ($1.02 in chips) 
Seat 6: lookzorrr ($1.99 in chips) 
Seat 7: Vadon 30 ($1.52 in chips) 
Seat 8: yummy1985 ($2 in chips) 
Vadon 30: posts small blind $0.01
yummy1985: posts big blind $0.02
*** HOLE CARDS ***
Dealt to Dorex2007 [6d 3h]
Nhük50: folds 
JahRush11: folds 
Dorex2007: folds 
islandlake204: folds 
bukomet leaves the table
lookzorrr: raises $0.03 to $0.05
Vadon 30: folds 
yummy1985: calls $0.03
*** FLOP *** [Kh 9d 8c]
evle_1987_ joins the table at seat #2 
yummy1985: bets $0.03
lookzorrr: calls $0.03
*** TURN *** [Kh 9d 8c] [Qc]
yummy1985: checks 
lookzorrr: checks 
*** RIVER *** [Kh 9d 8c Qc] [Ac]
yummy1985: checks 
lookzorrr: bets $0.06
yummy1985: folds 
Uncalled bet ($0.06) returned to lookzorrr
lookzorrr collected $0.16 from pot
*** SUMMARY ***
Total pot $0.17 | Rake $0.01 
Board [Kh 9d 8c Qc Ac]
Seat 1: Nhük50 folded before Flop (didn't bet)
Seat 3: JahRush11 folded before Flop (didn't bet)
Seat 4: Dorex2007 folded before Flop (didn't bet)
Seat 5: islandlake204 folded before Flop (didn't bet)
Seat 6: lookzorrr (button) collected ($0.16)
Seat 7: Vadon 30 (small blind) folded before Flop
Seat 8: yummy1985 (big blind) folded on the River



PokerStars Hand #226962876578:  Hold'em No Limit ($0.01/$0.02 USD) - 2021/05/22 0:23:50 PT [2021/05/22 3:23:50 ET]
Table 'Wild II' 9-max Seat #7 is the button
Seat 1: Nhük50 ($1.40 in chips) 
Seat 3: JahRush11 ($1.68 in chips) 
Seat 4: Dorex2007 ($1.73 in chips) 
Seat 5: islandlake204 ($1.02 in chips) 
Seat 6: lookzorrr ($2.07 in chips) 
Seat 7: Vadon 30 ($1.51 in chips) 
Seat 8: yummy1985 ($2 in chips) 
yummy1985: posts small blind $0.01
Nhük50: posts big blind $0.02
evle_1987_: sits out 
*** HOLE CARDS ***
Dealt to Dorex2007 [6s Qd]
JahRush11: calls $0.02
Dorex2007: folds 
islandlake204: calls $0.02
lookzorrr: raises $0.06 to $0.08
Vadon 30: folds 
yummy1985: folds 
Nhük50: folds 
JahRush11: calls $0.06
islandlake204: calls $0.06
*** FLOP *** [6h 6c 4s]
JahRush11: checks 
islandlake204: checks 
lookzorrr: bets $0.09
JahRush11: folds 
islandlake204: folds 
Uncalled bet ($0.09) returned to lookzorrr
lookzorrr collected $0.26 from pot
*** SUMMARY ***
Total pot $0.27 | Rake $0.01 
Board [6h 6c 4s]
Seat 1: Nhük50 (big blind) folded before Flop
Seat 3: JahRush11 folded on the Flop
Seat 4: Dorex2007 folded before Flop (didn't bet)
Seat 5: islandlake204 folded on the Flop
Seat 6: lookzorrr collected ($0.26)
Seat 7: Vadon 30 (button) folded before Flop (didn't bet)
Seat 8: yummy1985 (small blind) folded before Flop



PokerStars Hand #226962885839:  Hold'em No Limit ($0.01/$0.02 USD) - 2021/05/22 0:24:41 PT [2021/05/22 3:24:41 ET]
Table 'Wild II' 9-max Seat #8 is the button
Seat 1: Nhük50 ($1.38 in chips) 
Seat 2: evle_1987_ ($1.60 in chips) 
Seat 3: JahRush11 ($1.60 in chips) 
Seat 4: Dorex2007 ($1.73 in chips) 
Seat 5: islandlake204 ($0.94 in chips) 
Seat 6: lookzorrr ($2.25 in chips) 
Seat 7: Vadon 30 ($1.51 in chips) 
Seat 8: yummy1985 ($2 in chips) 
Nhük50: posts small blind $0.01
evle_1987_: posts big blind $0.02
*** HOLE CARDS ***
Dealt to Dorex2007 [9h 2s]
JahRush11: folds 
Dorex2007: folds 
islandlake204: folds 
lookzorrr: raises $0.03 to $0.05
Vadon 30: folds 
yummy1985: folds 
Nhük50: folds 
evle_1987_: folds 
Uncalled bet ($0.03) returned to lookzorrr
lookzorrr collected $0.05 from pot
*** SUMMARY ***
Total pot $0.05 | Rake $0 
Seat 1: Nhük50 (small blind) folded before Flop
Seat 2: evle_1987_ (big blind) folded before Flop
Seat 3: JahRush11 folded before Flop (didn't bet)
Seat 4: Dorex2007 folded before Flop (didn't bet)
Seat 5: islandlake204 folded before Flop (didn't bet)
Seat 6: lookzorrr collected ($0.05)
Seat 7: Vadon 30 folded before Flop (didn't bet)
Seat 8: yummy1985 (button) folded before Flop (didn't bet)



PokerStars Hand #226962889112:  Hold'em No Limit ($0.01/$0.02 USD) - 2021/05/22 0:24:59 PT [2021/05/22 3:24:59 ET]
Table 'Wild II' 9-max Seat #1 is the button
Seat 1: Nhük50 ($1.37 in chips) 
Seat 2: evle_1987_ ($1.58 in chips) 
Seat 3: JahRush11 ($1.60 in chips) 
Seat 4: Dorex2007 ($1.73 in chips) 
Seat 5: islandlake204 ($0.94 in chips) 
Seat 6: lookzorrr ($2.28 in chips) 
Seat 7: Vadon 30 ($1.51 in chips) 
Seat 8: yummy1985 ($2 in chips) 
evle_1987_: posts small blind $0.01
JahRush11: posts big blind $0.02
dimonv: sits out 
*** HOLE CARDS ***
Dealt to Dorex2007 [4d Qd]
Dorex2007: folds 
islandlake204: folds 
lookzorrr: folds 
Vadon 30: folds 
yummy1985: raises $0.03 to $0.05
Nhük50: folds 
evle_1987_: raises $0.10 to $0.15
JahRush11: folds 
yummy1985: calls $0.10
*** FLOP *** [Ad 2s 6s]
evle_1987_: bets $0.10
yummy1985: folds 
Uncalled bet ($0.10) returned to evle_1987_
evle_1987_ collected $0.31 from pot
evle_1987_: doesn't show hand 
*** SUMMARY ***
Total pot $0.32 | Rake $0.01 
Board [Ad 2s 6s]
Seat 1: Nhük50 (button) folded before Flop (didn't bet)
Seat 2: evle_1987_ (small blind) collected ($0.31)
Seat 3: JahRush11 (big blind) folded before Flop
Seat 4: Dorex2007 folded before Flop (didn't bet)
Seat 5: islandlake204 folded before Flop (didn't bet)
Seat 6: lookzorrr folded before Flop (didn't bet)
Seat 7: Vadon 30 folded before Flop (didn't bet)
Seat 8: yummy1985 folded on the Flop



PokerStars Hand #226962896333:  Hold'em No Limit ($0.01/$0.02 USD) - 2021/05/22 0:25:39 PT [2021/05/22 3:25:39 ET]
Table 'Wild II' 9-max Seat #2 is the button
Seat 1: Nhük50 ($1.37 in chips) 
Seat 2: evle_1987_ ($1.74 in chips) 
Seat 3: JahRush11 ($1.58 in chips) 
Seat 4: Dorex2007 ($1.73 in chips) 
Seat 5: islandlake204 ($0.94 in chips) 
Seat 6: lookzorrr ($2.28 in chips) 
Seat 7: Vadon 30 ($1.51 in chips) 
Seat 8: yummy1985 ($2 in chips) 
JahRush11: posts small blind $0.01
Dorex2007: posts big blind $0.02
dimonv: sits out 
*** HOLE CARDS ***
Dealt to Dorex2007 [Qc 3d]
islandlake204: calls $0.02
lookzorrr: folds 
Vadon 30: folds 
yummy1985: raises $0.02 to $0.04
Nhük50: calls $0.04
evle_1987_: folds 
JahRush11: folds 
Dorex2007: folds 
islandlake204: calls $0.02
*** FLOP *** [8d 8s Qh]
islandlake204: checks 
yummy1985: bets $0.08
Nhük50: calls $0.08
islandlake204: calls $0.08
*** TURN *** [8d 8s Qh] [Kd]
islandlake204: checks 
yummy1985: checks 
Nhük50: bets $0.12
islandlake204: calls $0.12
yummy1985: folds 
*** RIVER *** [8d 8s Qh Kd] [4h]
islandlake204: checks 
Nhük50: bets $0.14
islandlake204: raises $0.56 to $0.70 and is all-in
Nhük50: calls $0.56
*** SHOW DOWN ***
islandlake204: shows [8c Kc] (a full house, Eights full of Kings)
Nhük50: shows [8h 6h] (three of a kind, Eights)
islandlake204 collected $1.96 from pot
*** SUMMARY ***
Total pot $2.03 | Rake $0.07 
Board [8d 8s Qh Kd 4h]
Seat 1: Nhük50 showed [8h 6h] and lost with three of a kind, Eights
Seat 2: evle_1987_ (button) folded before Flop (didn't bet)
Seat 3: JahRush11 (small blind) folded before Flop
Seat 4: Dorex2007 (big blind) folded before Flop
Seat 5: islandlake204 showed [8c Kc] and won ($1.96) with a full house, Eights full of Kings
Seat 6: lookzorrr folded before Flop (didn't bet)
Seat 7: Vadon 30 folded before Flop (didn't bet)
Seat 8: yummy1985 folded on the Turn



PokerStars Hand #226962910777:  Hold'em No Limit ($0.01/$0.02 USD) - 2021/05/22 0:27:00 PT [2021/05/22 3:27:00 ET]
Table 'Wild II' 9-max Seat #3 is the button
Seat 1: Nhük50 ($0.43 in chips) 
Seat 2: evle_1987_ ($1.74 in chips) 
Seat 3: JahRush11 ($1.57 in chips) 
Seat 4: Dorex2007 ($1.71 in chips) 
Seat 5: islandlake204 ($1.96 in chips) 
Seat 6: lookzorrr ($2.28 in chips) 
Seat 7: Vadon 30 ($1.51 in chips) 
Seat 8: yummy1985 ($2 in chips) 
Dorex2007: posts small blind $0.01
islandlake204: posts big blind $0.02
dimonv: sits out 
*** HOLE CARDS ***
Dealt to Dorex2007 [7d 5s]
lookzorrr: folds 
Vadon 30: calls $0.02
yummy1985: folds 
Nhük50: calls $0.02
evle_1987_: folds 
JahRush11: calls $0.02
Dorex2007: folds 
islandlake204: checks 
*** FLOP *** [Ts Kh 2d]
islandlake204: checks 
Vadon 30: checks 
Nhük50: checks 
JahRush11: checks 
*** TURN *** [Ts Kh 2d] [9h]
islandlake204: checks 
Vadon 30: checks 
Nhük50: checks 
JahRush11: checks 
*** RIVER *** [Ts Kh 2d 9h] [Ah]
islandlake204: checks 
Vadon 30: checks 
Nhük50: checks 
JahRush11: bets $0.02
islandlake204: folds 
Vadon 30: calls $0.02
Nhük50: folds 
Nhük50 leaves the table
*** SHOW DOWN ***
JahRush11: shows [Ad 8c] (a pair of Aces)
Vadon 30: shows [Ac Jh] (a pair of Aces - King+Jack kicker)
Vadon 30 collected $0.13 from pot
*** SUMMARY ***
Total pot $0.13 | Rake $0 
Board [Ts Kh 2d 9h Ah]
Seat 1: Nhük50 folded on the River
Seat 2: evle_1987_ folded before Flop (didn't bet)
Seat 3: JahRush11 (button) showed [Ad 8c] and lost with a pair of Aces
Seat 4: Dorex2007 (small blind) folded before Flop
Seat 5: islandlake204 (big blind) folded on the River
Seat 6: lookzorrr folded before Flop (didn't bet)
Seat 7: Vadon 30 showed [Ac Jh] and won ($0.13) with a pair of Aces
Seat 8: yummy1985 folded before Flop (didn't bet)



PokerStars Hand #226962920380:  Hold'em No Limit ($0.01/$0.02 USD) - 2021/05/22 0:27:53 PT [2021/05/22 3:27:53 ET]
Table 'Wild II' 9-max Seat #4 is the button
Seat 2: evle_1987_ ($1.74 in chips) 
Seat 3: JahRush11 ($1.53 in chips) 
Seat 4: Dorex2007 ($1.70 in chips) 
Seat 6: lookzorrr ($2.28 in chips) 
Seat 7: Vadon 30 ($1.60 in chips) 
Seat 8: yummy1985 ($2 in chips) 
lookzorrr: posts small blind $0.01
Vadon 30: posts big blind $0.02
dimonv: sits out 
*** HOLE CARDS ***
Dealt to Dorex2007 [Jc 2c]
yummy1985: raises $0.02 to $0.04
evle_1987_: folds 
JahRush11: calls $0.04
Dorex2007: folds 
lookzorrr: folds 
bigcjmitch joins the table at seat #1 
Vadon 30: folds 
*** FLOP *** [Ad 3h Qc]
yummy1985: checks 
JahRush11: bets $0.02
yummy1985: calls $0.02
*** TURN *** [Ad 3h Qc] [Qs]
yummy1985: checks 
JahRush11: bets $0.02
yummy1985: calls $0.02
*** RIVER *** [Ad 3h Qc Qs] [7h]
yummy1985: checks 
JahRush11: bets $0.02
yummy1985: folds 
Uncalled bet ($0.02) returned to JahRush11
JahRush11 collected $0.18 from pot
JahRush11: doesn't show hand 
*** SUMMARY ***
Total pot $0.19 | Rake $0.01 
Board [Ad 3h Qc Qs 7h]
Seat 2: evle_1987_ folded before Flop (didn't bet)
Seat 3: JahRush11 collected ($0.18)
Seat 4: Dorex2007 (button) folded before Flop (didn't bet)
Seat 6: lookzorrr (small blind) folded before Flop
Seat 7: Vadon 30 (big blind) folded before Flop
Seat 8: yummy1985 folded on the River



PokerStars Hand #226962926210:  Hold'em No Limit ($0.01/$0.02 USD) - 2021/05/22 0:28:26 PT [2021/05/22 3:28:26 ET]
Table 'Wild II' 9-max Seat #6 is the button
Seat 1: bigcjmitch ($2 in chips) 
Seat 2: evle_1987_ ($1.74 in chips) 
Seat 3: JahRush11 ($1.63 in chips) 
Seat 4: Dorex2007 ($1.70 in chips) 
Seat 6: lookzorrr ($2.27 in chips) 
Seat 7: Vadon 30 ($1.58 in chips) 
Seat 8: yummy1985 ($2 in chips) 
Vadon 30: posts small blind $0.01
yummy1985: posts big blind $0.02
dimonv: sits out 
bigcjmitch: posts big blind $0.02
*** HOLE CARDS ***
Dealt to Dorex2007 [5s Td]
bigcjmitch: checks 
evle_1987_: folds 
JahRush11: calls $0.02
Dorex2007: folds 
lookzorrr: folds 
Vadon 30: calls $0.01
yummy1985: checks 
*** FLOP *** [3s 5d 2d]
Vadon 30: checks 
yummy1985: checks 
bigcjmitch: bets $0.08
JahRush11: folds 
Vadon 30: calls $0.08
yummy1985: folds 
*** TURN *** [3s 5d 2d] [8s]
Vadon 30: checks 
bigcjmitch: bets $0.23
Vadon 30: folds 
Uncalled bet ($0.23) returned to bigcjmitch
bigcjmitch collected $0.23 from pot
bigcjmitch: doesn't show hand 
*** SUMMARY ***
Total pot $0.24 | Rake $0.01 
Board [3s 5d 2d 8s]
Seat 1: bigcjmitch collected ($0.23)
Seat 2: evle_1987_ folded before Flop (didn't bet)
Seat 3: JahRush11 folded on the Flop
Seat 4: Dorex2007 folded before Flop (didn't bet)
Seat 6: lookzorrr (button) folded before Flop (didn't bet)
Seat 7: Vadon 30 (small blind) folded on the Turn
Seat 8: yummy1985 (big blind) folded on the Flop



PokerStars Hand #226962934006:  Hold'em No Limit ($0.01/$0.02 USD) - 2021/05/22 0:29:10 PT [2021/05/22 3:29:10 ET]
Table 'Wild II' 9-max Seat #7 is the button
Seat 1: bigcjmitch ($2.13 in chips) 
Seat 2: evle_1987_ ($1.74 in chips) 
Seat 3: JahRush11 ($1.61 in chips) 
Seat 4: Dorex2007 ($1.70 in chips) 
Seat 6: lookzorrr ($2.27 in chips) 
Seat 7: Vadon 30 ($1.48 in chips) 
Seat 8: yummy1985 ($2 in chips) 
Seat 9: dimonv ($0.84 in chips) 
yummy1985: posts small blind $0.01
dimonv: posts big blind $0.02
*** HOLE CARDS ***
Dealt to Dorex2007 [Kh 2c]
bigcjmitch: calls $0.02
evle_1987_: folds 
JahRush11: folds 
Dorex2007: folds 
lookzorrr: folds 
Vadon 30: calls $0.02
yummy1985: raises $0.04 to $0.06
dimonv: folds 
bigcjmitch: calls $0.04
Vadon 30: folds 
*** FLOP *** [Ad Ts 7h]
yummy1985: bets $0.09
bigcjmitch: raises $0.17 to $0.26
yummy1985: calls $0.17
*** TURN *** [Ad Ts 7h] [4h]
yummy1985: checks 
bigcjmitch: bets $1.81 and is all-in
yummy1985: folds 
Uncalled bet ($1.81) returned to bigcjmitch
bigcjmitch collected $0.66 from pot
bigcjmitch: doesn't show hand 
*** SUMMARY ***
Total pot $0.68 | Rake $0.02 
Board [Ad Ts 7h 4h]
Seat 1: bigcjmitch collected ($0.66)
Seat 2: evle_1987_ folded before Flop (didn't bet)
Seat 3: JahRush11 folded before Flop (didn't bet)
Seat 4: Dorex2007 folded before Flop (didn't bet)
Seat 6: lookzorrr folded before Flop (didn't bet)
Seat 7: Vadon 30 (button) folded before Flop
Seat 8: yummy1985 (small blind) folded on the Turn
Seat 9: dimonv (big blind) folded before Flop



PokerStars Hand #226962945388:  Hold'em No Limit ($0.01/$0.02 USD) - 2021/05/22 0:30:13 PT [2021/05/22 3:30:13 ET]
Table 'Wild II' 9-max Seat #8 is the button
Seat 1: bigcjmitch ($2.47 in chips) 
Seat 2: evle_1987_ ($1.74 in chips) 
Seat 3: JahRush11 ($1.61 in chips) 
Seat 4: Dorex2007 ($1.70 in chips) 
Seat 6: lookzorrr ($2.27 in chips) 
Seat 7: Vadon 30 ($1.46 in chips) 
Seat 8: yummy1985 ($2 in chips) 
Seat 9: dimonv ($0.82 in chips) 
dimonv: posts small blind $0.01
bigcjmitch: posts big blind $0.02
islandlake204: sits out 
*** HOLE CARDS ***
Dealt to Dorex2007 [Th 6h]
evle_1987_: folds 
JahRush11: folds 
Dorex2007: folds 
lookzorrr: folds 
Vadon 30: folds 
yummy1985: raises $0.02 to $0.04
dimonv: folds 
bigcjmitch: calls $0.02
*** FLOP *** [Ac 9d 9s]
bigcjmitch: checks 
yummy1985: checks 
*** TURN *** [Ac 9d 9s] [8s]
bigcjmitch: checks 
yummy1985: bets $0.05
bigcjmitch: calls $0.05
*** RIVER *** [Ac 9d 9s 8s] [8d]
bigcjmitch: bets $0.18
yummy1985: calls $0.18
*** SHOW DOWN ***
bigcjmitch: shows [8c Kc] (a full house, Eights full of Nines)
yummy1985: mucks hand 
bigcjmitch collected $0.53 from pot
*** SUMMARY ***
Total pot $0.55 | Rake $0.02 
Board [Ac 9d 9s 8s 8d]
Seat 1: bigcjmitch (big blind) showed [8c Kc] and won ($0.53) with a full house, Eights full of Nines
Seat 2: evle_1987_ folded before Flop (didn't bet)
Seat 3: JahRush11 folded before Flop (didn't bet)
Seat 4: Dorex2007 folded before Flop (didn't bet)
Seat 6: lookzorrr folded before Flop (didn't bet)
Seat 7: Vadon 30 folded before Flop (didn't bet)
Seat 8: yummy1985 (button) mucked [Js Kh]
Seat 9: dimonv (small blind) folded before Flop



PokerStars Hand #226962955115:  Hold'em No Limit ($0.01/$0.02 USD) - 2021/05/22 0:31:07 PT [2021/05/22 3:31:07 ET]
Table 'Wild II' 9-max Seat #9 is the button
Seat 1: bigcjmitch ($2.73 in chips) 
Seat 2: evle_1987_ ($1.74 in chips) 
Seat 3: JahRush11 ($1.61 in chips) 
Seat 4: Dorex2007 ($1.70 in chips) 
Seat 6: lookzorrr ($2.27 in chips) 
Seat 7: Vadon 30 ($1.46 in chips) 
Seat 8: yummy1985 ($2 in chips) 
Seat 9: dimonv ($0.81 in chips) 
bigcjmitch: posts small blind $0.01
evle_1987_: posts big blind $0.02
islandlake204: sits out 
*** HOLE CARDS ***
Dealt to Dorex2007 [Ks 4c]
JahRush11: raises $0.02 to $0.04
Dorex2007: folds 
lookzorrr: folds 
Vadon 30: folds 
yummy1985: folds 
dimonv: folds 
bigcjmitch: folds 
evle_1987_: calls $0.02
*** FLOP *** [Ts Tc 5h]
evle_1987_: checks 
JahRush11: bets $0.02
evle_1987_: folds 
Uncalled bet ($0.02) returned to JahRush11
JahRush11 collected $0.09 from pot
*** SUMMARY ***
Total pot $0.09 | Rake $0 
Board [Ts Tc 5h]
Seat 1: bigcjmitch (small blind) folded before Flop
Seat 2: evle_1987_ (big blind) folded on the Flop
Seat 3: JahRush11 collected ($0.09)
Seat 4: Dorex2007 folded before Flop (didn't bet)
Seat 6: lookzorrr folded before Flop (didn't bet)
Seat 7: Vadon 30 folded before Flop (didn't bet)
Seat 8: yummy1985 folded before Flop (didn't bet)
Seat 9: dimonv (button) folded before Flop (didn't bet)



PokerStars Hand #226962960615:  Hold'em No Limit ($0.01/$0.02 USD) - 2021/05/22 0:31:38 PT [2021/05/22 3:31:38 ET]
Table 'Wild II' 9-max Seat #1 is the button
Seat 1: bigcjmitch ($2.72 in chips) 
Seat 2: evle_1987_ ($1.70 in chips) 
Seat 3: JahRush11 ($1.66 in chips) 
Seat 4: Dorex2007 ($1.70 in chips) 
Seat 6: lookzorrr ($2.27 in chips) 
Seat 7: Vadon 30 ($1.46 in chips) 
Seat 8: yummy1985 ($2 in chips) 
Seat 9: dimonv ($0.81 in chips) 
evle_1987_: posts small blind $0.01
JahRush11: posts big blind $0.02
islandlake204: sits out 
*** HOLE CARDS ***
Dealt to Dorex2007 [5s 3s]
Dorex2007: folds 
lookzorrr: folds 
Vadon 30: folds 
yummy1985: folds 
dimonv: raises $0.04 to $0.06
bigcjmitch: folds 
evle_1987_: folds 
JahRush11: folds 
Uncalled bet ($0.04) returned to dimonv
dimonv collected $0.05 from pot
dimonv: doesn't show hand 
*** SUMMARY ***
Total pot $0.05 | Rake $0 
Seat 1: bigcjmitch (button) folded before Flop (didn't bet)
Seat 2: evle_1987_ (small blind) folded before Flop
Seat 3: JahRush11 (big blind) folded before Flop
Seat 4: Dorex2007 folded before Flop (didn't bet)
Seat 6: lookzorrr folded before Flop (didn't bet)
Seat 7: Vadon 30 folded before Flop (didn't bet)
Seat 8: yummy1985 folded before Flop (didn't bet)
Seat 9: dimonv collected ($0.05)



PokerStars Hand #226962965017:  Hold'em No Limit ($0.01/$0.02 USD) - 2021/05/22 0:32:02 PT [2021/05/22 3:32:02 ET]
Table 'Wild II' 9-max Seat #2 is the button
Seat 1: bigcjmitch ($2.72 in chips) 
Seat 2: evle_1987_ ($1.69 in chips) 
Seat 3: JahRush11 ($1.64 in chips) 
Seat 4: Dorex2007 ($1.70 in chips) 
Seat 6: lookzorrr ($2.27 in chips) 
Seat 7: Vadon 30 ($1.46 in chips) 
Seat 8: yummy1985 ($2 in chips) 
Seat 9: dimonv ($0.84 in chips) 
JahRush11: posts small blind $0.01
Dorex2007: posts big blind $0.02
islandlake204: sits out 
*** HOLE CARDS ***
Dealt to Dorex2007 [9c 3h]
lookzorrr: folds 
Vadon 30: calls $0.02
yummy1985: folds 
dimonv: folds 
bigcjmitch: calls $0.02
evle_1987_: folds 
JahRush11: raises $0.02 to $0.04
Dorex2007: folds 
Vadon 30: raises $0.04 to $0.08
bigcjmitch: folds 
JahRush11: raises $0.04 to $0.12
Vadon 30: calls $0.04
*** FLOP *** [Kd As Jh]
JahRush11: bets $0.05
Vadon 30: calls $0.05
*** TURN *** [Kd As Jh] [9h]
JahRush11: bets $0.10
Vadon 30: calls $0.10
*** RIVER *** [Kd As Jh 9h] [2h]
JahRush11: bets $0.10
Vadon 30: calls $0.10
*** SHOW DOWN ***
JahRush11: shows [Ad Ac] (three of a kind, Aces)
Vadon 30: mucks hand 
JahRush11 collected $0.75 from pot
*** SUMMARY ***
Total pot $0.78 | Rake $0.03 
Board [Kd As Jh 9h 2h]
Seat 1: bigcjmitch folded before Flop
Seat 2: evle_1987_ (button) folded before Flop (didn't bet)
Seat 3: JahRush11 (small blind) showed [Ad Ac] and won ($0.75) with three of a kind, Aces
Seat 4: Dorex2007 (big blind) folded before Flop
Seat 6: lookzorrr folded before Flop (didn't bet)
Seat 7: Vadon 30 mucked [Js Jc]
Seat 8: yummy1985 folded before Flop (didn't bet)
Seat 9: dimonv folded before Flop (didn't bet)



PokerStars Hand #226962975736:  Hold'em No Limit ($0.01/$0.02 USD) - 2021/05/22 0:33:02 PT [2021/05/22 3:33:02 ET]
Table 'Wild II' 9-max Seat #3 is the button
Seat 1: bigcjmitch ($2.70 in chips) 
Seat 2: evle_1987_ ($1.69 in chips) 
Seat 3: JahRush11 ($2.02 in chips) 
Seat 4: Dorex2007 ($1.68 in chips) 
Seat 5: islandlake204 ($1.94 in chips) 
Seat 6: lookzorrr ($2.27 in chips) 
Seat 7: Vadon 30 ($1.09 in chips) 
Seat 8: yummy1985 ($2 in chips) 
Seat 9: dimonv ($0.84 in chips) 
Dorex2007: posts small blind $0.01
islandlake204: posts big blind $0.02
*** HOLE CARDS ***
Dealt to Dorex2007 [Jd Jc]
lookzorrr: folds 
Vadon 30: folds 
yummy1985: folds 
dimonv: folds 
bigcjmitch: folds 
evle_1987_: folds 
JahRush11: folds 
JahRush11 leaves the table
Dorex2007: raises $0.04 to $0.06
islandlake204: folds 
Uncalled bet ($0.04) returned to Dorex2007
Dorex2007 collected $0.04 from pot
Dorex2007: doesn't show hand 
*** SUMMARY ***
Total pot $0.04 | Rake $0 
Seat 1: bigcjmitch folded before Flop (didn't bet)
Seat 2: evle_1987_ folded before Flop (didn't bet)
Seat 3: JahRush11 (button) folded before Flop (didn't bet)
Seat 4: Dorex2007 (small blind) collected ($0.04)
Seat 5: islandlake204 (big blind) folded before Flop
Seat 6: lookzorrr folded before Flop (didn't bet)
Seat 7: Vadon 30 folded before Flop (didn't bet)
Seat 8: yummy1985 folded before Flop (didn't bet)
Seat 9: dimonv folded before Flop (didn't bet)



PokerStars Hand #226962980961:  Hold'em No Limit ($0.01/$0.02 USD) - 2021/05/22 0:33:31 PT [2021/05/22 3:33:31 ET]
Table 'Wild II' 9-max Seat #4 is the button
Seat 1: bigcjmitch ($2.70 in chips) 
Seat 2: evle_1987_ ($1.69 in chips) 
Seat 4: Dorex2007 ($1.70 in chips) 
Seat 5: islandlake204 ($1.92 in chips) 
Seat 6: lookzorrr ($2.27 in chips) 
Seat 7: Vadon 30 ($1.09 in chips) 
Seat 8: yummy1985 ($2 in chips) 
Seat 9: dimonv ($0.84 in chips) 
islandlake204: posts small blind $0.01
lookzorrr: posts big blind $0.02
*** HOLE CARDS ***
Dealt to Dorex2007 [Kd Jc]
Vadon 30: folds 
Vadon 30 leaves the table
yummy1985: folds 
dimonv: folds 
HANSBROEDER joins the table at seat #3 
bigcjmitch: raises $0.02 to $0.04
evle_1987_: folds 
donskoykazak170 joins the table at seat #7 
Dorex2007: calls $0.04
islandlake204: folds 
lookzorrr: calls $0.02
*** FLOP *** [5h Ks Kc]
lookzorrr: checks 
bigcjmitch: checks 
Dorex2007: checks 
*** TURN *** [5h Ks Kc] [2d]
lookzorrr: checks 
bigcjmitch: bets $0.13
Dorex2007: calls $0.13
lookzorrr: folds 
*** RIVER *** [5h Ks Kc 2d] [8s]
bigcjmitch: bets $0.19
Dorex2007: raises $0.38 to $0.57
bigcjmitch: folds 
Uncalled bet ($0.38) returned to Dorex2007
Dorex2007 collected $0.74 from pot
Dorex2007: doesn't show hand 
*** SUMMARY ***
Total pot $0.77 | Rake $0.03 
Board [5h Ks Kc 2d 8s]
Seat 1: bigcjmitch folded on the River
Seat 2: evle_1987_ folded before Flop (didn't bet)
Seat 4: Dorex2007 (button) collected ($0.74)
Seat 5: islandlake204 (small blind) folded before Flop
Seat 6: lookzorrr (big blind) folded on the Turn
Seat 7: Vadon 30 folded before Flop (didn't bet)
Seat 8: yummy1985 folded before Flop (didn't bet)
Seat 9: dimonv folded before Flop (didn't bet)



PokerStars Hand #226962992730:  Hold'em No Limit ($0.01/$0.02 USD) - 2021/05/22 0:34:36 PT [2021/05/22 3:34:36 ET]
Table 'Wild II' 9-max Seat #5 is the button
Seat 1: bigcjmitch ($2.34 in chips) 
Seat 2: evle_1987_ ($1.69 in chips) 
Seat 3: HANSBROEDER ($1.60 in chips) 
Seat 4: Dorex2007 ($2.08 in chips) 
Seat 5: islandlake204 ($1.91 in chips) 
Seat 6: lookzorrr ($2.23 in chips) 
Seat 7: donskoykazak170 ($2 in chips) 
Seat 8: yummy1985 ($2 in chips) 
Seat 9: dimonv ($0.84 in chips) 
lookzorrr: posts small blind $0.01
donskoykazak170: posts big blind $0.02
HANSBROEDER: posts big blind $0.02
*** HOLE CARDS ***
Dealt to Dorex2007 [7h 3c]
yummy1985: folds 
dimonv: folds 
bigcjmitch: calls $0.02
evle_1987_: folds 
HANSBROEDER: checks 
Dorex2007: folds 
islandlake204: calls $0.02
lookzorrr: folds 
donskoykazak170: checks 
*** FLOP *** [Jd 6d As]
donskoykazak170: checks 
bigcjmitch: checks 
HANSBROEDER: checks 
islandlake204: checks 
*** TURN *** [Jd 6d As] [Ad]
donskoykazak170: checks 
bigcjmitch: bets $0.09
HANSBROEDER: folds 
islandlake204: folds 
donskoykazak170: folds 
Uncalled bet ($0.09) returned to bigcjmitch
bigcjmitch collected $0.09 from pot
bigcjmitch: doesn't show hand 
*** SUMMARY ***
Total pot $0.09 | Rake $0 
Board [Jd 6d As Ad]
Seat 1: bigcjmitch collected ($0.09)
Seat 2: evle_1987_ folded before Flop (didn't bet)
Seat 3: HANSBROEDER folded on the Turn (didn't bet)
Seat 4: Dorex2007 folded before Flop (didn't bet)
Seat 5: islandlake204 (button) folded on the Turn
Seat 6: lookzorrr (small blind) folded before Flop
Seat 7: donskoykazak170 (big blind) folded on the Turn
Seat 8: yummy1985 folded before Flop (didn't bet)
Seat 9: dimonv folded before Flop (didn't bet)



PokerStars Hand #226962999199:  Hold'em No Limit ($0.01/$0.02 USD) - 2021/05/22 0:35:12 PT [2021/05/22 3:35:12 ET]
Table 'Wild II' 9-max Seat #6 is the button
Seat 1: bigcjmitch ($2.41 in chips) 
Seat 2: evle_1987_ ($1.69 in chips) 
Seat 3: HANSBROEDER ($1.58 in chips) 
Seat 4: Dorex2007 ($2.08 in chips) 
Seat 5: islandlake204 ($1.89 in chips) 
Seat 6: lookzorrr ($2.22 in chips) 
Seat 7: donskoykazak170 ($1.98 in chips) 
Seat 8: yummy1985 ($2 in chips) 
Seat 9: dimonv ($0.84 in chips) 
donskoykazak170: posts small blind $0.01
yummy1985: posts big blind $0.02
*** HOLE CARDS ***
Dealt to Dorex2007 [Jh 6h]
dimonv: folds 
bigcjmitch: calls $0.02
evle_1987_: folds 
HANSBROEDER: folds 
Dorex2007: folds 
islandlake204: folds 
lookzorrr: folds 
donskoykazak170: folds 
yummy1985: checks 
*** FLOP *** [9c As 8d]
yummy1985: checks 
bigcjmitch: checks 
*** TURN *** [9c As 8d] [Th]
yummy1985: checks 
bigcjmitch: checks 
*** RIVER *** [9c As 8d Th] [2h]
yummy1985: bets $0.02
bigcjmitch: calls $0.02
*** SHOW DOWN ***
yummy1985: shows [Qc 2c] (a pair of Deuces)
bigcjmitch: mucks hand 
yummy1985 collected $0.09 from pot
*** SUMMARY ***
Total pot $0.09 | Rake $0 
Board [9c As 8d Th 2h]
Seat 1: bigcjmitch mucked [Ks 3h]
Seat 2: evle_1987_ folded before Flop (didn't bet)
Seat 3: HANSBROEDER folded before Flop (didn't bet)
Seat 4: Dorex2007 folded before Flop (didn't bet)
Seat 5: islandlake204 folded before Flop (didn't bet)
Seat 6: lookzorrr (button) folded before Flop (didn't bet)
Seat 7: donskoykazak170 (small blind) folded before Flop
Seat 8: yummy1985 (big blind) showed [Qc 2c] and won ($0.09) with a pair of Deuces
Seat 9: dimonv folded before Flop (didn't bet)



PokerStars Hand #226963008470:  Hold'em No Limit ($0.01/$0.02 USD) - 2021/05/22 0:36:04 PT [2021/05/22 3:36:04 ET]
Table 'Wild II' 9-max Seat #7 is the button
Seat 1: bigcjmitch ($2.37 in chips) 
Seat 2: evle_1987_ ($1.69 in chips) 
Seat 3: HANSBROEDER ($1.58 in chips) 
Seat 4: Dorex2007 ($2.08 in chips) 
Seat 5: islandlake204 ($1.89 in chips) 
Seat 6: lookzorrr ($2.22 in chips) 
Seat 7: donskoykazak170 ($1.97 in chips) 
Seat 8: yummy1985 ($2.05 in chips) 
Seat 9: dimonv ($0.84 in chips) 
yummy1985: posts small blind $0.01
dimonv: posts big blind $0.02
*** HOLE CARDS ***
Dealt to Dorex2007 [Qc 5s]
bigcjmitch: calls $0.02
evle_1987_: folds 
HANSBROEDER: folds 
Dorex2007: folds 
islandlake204: folds 
lookzorrr: folds 
donskoykazak170: folds 
yummy1985: folds 
dimonv: raises $0.05 to $0.07
bigcjmitch: folds 
Uncalled bet ($0.05) returned to dimonv
dimonv collected $0.05 from pot
dimonv: doesn't show hand 
*** SUMMARY ***
Total pot $0.05 | Rake $0 
Seat 1: bigcjmitch folded before Flop
Seat 2: evle_1987_ folded before Flop (didn't bet)
Seat 3: HANSBROEDER folded before Flop (didn't bet)
Seat 4: Dorex2007 folded before Flop (didn't bet)
Seat 5: islandlake204 folded before Flop (didn't bet)
Seat 6: lookzorrr folded before Flop (didn't bet)
Seat 7: donskoykazak170 (button) folded before Flop (didn't bet)
Seat 8: yummy1985 (small blind) folded before Flop
Seat 9: dimonv (big blind) collected ($0.05)



PokerStars Hand #226963013850:  Hold'em No Limit ($0.01/$0.02 USD) - 2021/05/22 0:36:34 PT [2021/05/22 3:36:34 ET]
Table 'Wild II' 9-max Seat #8 is the button
Seat 1: bigcjmitch ($2.35 in chips) 
Seat 2: evle_1987_ ($1.69 in chips) 
Seat 3: HANSBROEDER ($1.58 in chips) 
Seat 4: Dorex2007 ($2.08 in chips) 
Seat 5: islandlake204 ($1.89 in chips) 
Seat 6: lookzorrr ($2.22 in chips) 
Seat 7: donskoykazak170 ($1.97 in chips) 
Seat 8: yummy1985 ($2.04 in chips) 
Seat 9: dimonv ($0.87 in chips) 
dimonv: posts small blind $0.01
bigcjmitch: posts big blind $0.02
*** HOLE CARDS ***
Dealt to Dorex2007 [Td 6c]
evle_1987_: folds 
HANSBROEDER has timed out
HANSBROEDER: folds 
Dorex2007: folds 
islandlake204: calls $0.02
lookzorrr: folds 
donskoykazak170: folds 
yummy1985: calls $0.02
dimonv: folds 
bigcjmitch: checks 
*** FLOP *** [Kd 2c Jd]
bigcjmitch: checks 
islandlake204: checks 
yummy1985: checks 
*** TURN *** [Kd 2c Jd] [9c]
bigcjmitch: checks 
islandlake204: checks 
yummy1985: checks 
*** RIVER *** [Kd 2c Jd 9c] [Qh]
bigcjmitch: checks 
islandlake204: checks 
yummy1985: checks 
*** SHOW DOWN ***
bigcjmitch: shows [7c 2h] (a pair of Deuces)
islandlake204: shows [3s 3d] (a pair of Threes)
yummy1985: mucks hand 
islandlake204 collected $0.07 from pot
*** SUMMARY ***
Total pot $0.07 | Rake $0 
Board [Kd 2c Jd 9c Qh]
Seat 1: bigcjmitch (big blind) showed [7c 2h] and lost with a pair of Deuces
Seat 2: evle_1987_ folded before Flop (didn't bet)
Seat 3: HANSBROEDER folded before Flop (didn't bet)
Seat 4: Dorex2007 folded before Flop (didn't bet)
Seat 5: islandlake204 showed [3s 3d] and won ($0.07) with a pair of Threes
Seat 6: lookzorrr folded before Flop (didn't bet)
Seat 7: donskoykazak170 folded before Flop (didn't bet)
Seat 8: yummy1985 (button) mucked [4s 5d]
Seat 9: dimonv (small blind) folded before Flop



PokerStars Hand #226963021981:  Hold'em No Limit ($0.01/$0.02 USD) - 2021/05/22 0:37:17 PT [2021/05/22 3:37:17 ET]
Table 'Wild II' 9-max Seat #9 is the button
Seat 1: bigcjmitch ($2.33 in chips) 
Seat 2: evle_1987_ ($1.69 in chips) 
Seat 3: HANSBROEDER ($1.58 in chips) 
Seat 4: Dorex2007 ($2.08 in chips) 
Seat 5: islandlake204 ($1.94 in chips) 
Seat 6: lookzorrr ($2.22 in chips) 
Seat 7: donskoykazak170 ($1.97 in chips) 
Seat 8: yummy1985 ($2.02 in chips) 
Seat 9: dimonv ($0.86 in chips) 
bigcjmitch: posts small blind $0.01
evle_1987_: posts big blind $0.02
*** HOLE CARDS ***
Dealt to Dorex2007 [Jc Kd]
HANSBROEDER: folds 
Dorex2007: folds 
islandlake204: calls $0.02
lookzorrr: folds 
donskoykazak170: calls $0.02
yummy1985: folds 
dimonv: calls $0.02
bigcjmitch: calls $0.01
evle_1987_: checks 
*** FLOP *** [9c 9h 6s]
bigcjmitch: checks 
evle_1987_: checks 
islandlake204: checks 
donskoykazak170: checks 
dimonv: bets $0.06
bigcjmitch: folds 
evle_1987_: folds 
islandlake204: folds 
donskoykazak170: folds 
Uncalled bet ($0.06) returned to dimonv
dimonv collected $0.10 from pot
dimonv: doesn't show hand 
*** SUMMARY ***
Total pot $0.10 | Rake $0 
Board [9c 9h 6s]
Seat 1: bigcjmitch (small blind) folded on the Flop
Seat 2: evle_1987_ (big blind) folded on the Flop
Seat 3: HANSBROEDER folded before Flop (didn't bet)
Seat 4: Dorex2007 folded before Flop (didn't bet)
Seat 5: islandlake204 folded on the Flop
Seat 6: lookzorrr folded before Flop (didn't bet)
Seat 7: donskoykazak170 folded on the Flop
Seat 8: yummy1985 folded before Flop (didn't bet)
Seat 9: dimonv (button) collected ($0.10)



PokerStars Hand #226963031505:  Hold'em No Limit ($0.01/$0.02 USD) - 2021/05/22 0:38:09 PT [2021/05/22 3:38:09 ET]
Table 'Wild II' 9-max Seat #1 is the button
Seat 1: bigcjmitch ($2.31 in chips) 
Seat 2: evle_1987_ ($1.67 in chips) 
Seat 3: HANSBROEDER ($1.58 in chips) 
Seat 4: Dorex2007 ($2.08 in chips) 
Seat 5: islandlake204 ($1.92 in chips) 
Seat 6: lookzorrr ($2.22 in chips) 
Seat 7: donskoykazak170 ($1.95 in chips) 
Seat 8: yummy1985 ($2.02 in chips) 
Seat 9: dimonv ($0.94 in chips) 
evle_1987_: posts small blind $0.01
HANSBROEDER: posts big blind $0.02
*** HOLE CARDS ***
Dealt to Dorex2007 [Ah 7c]
Dorex2007: folds 
islandlake204: folds 
lookzorrr: folds 
donskoykazak170: folds 
yummy1985: folds 
dimonv: raises $0.04 to $0.06
bigcjmitch: folds 
evle_1987_: folds 
HANSBROEDER: folds 
Uncalled bet ($0.04) returned to dimonv
dimonv collected $0.05 from pot
dimonv: doesn't show hand 
*** SUMMARY ***
Total pot $0.05 | Rake $0 
Seat 1: bigcjmitch (button) folded before Flop (didn't bet)
Seat 2: evle_1987_ (small blind) folded before Flop
Seat 3: HANSBROEDER (big blind) folded before Flop
Seat 4: Dorex2007 folded before Flop (didn't bet)
Seat 5: islandlake204 folded before Flop (didn't bet)
Seat 6: lookzorrr folded before Flop (didn't bet)
Seat 7: donskoykazak170 folded before Flop (didn't bet)
Seat 8: yummy1985 folded before Flop (didn't bet)
Seat 9: dimonv collected ($0.05)



PokerStars Hand #226963034917:  Hold'em No Limit ($0.01/$0.02 USD) - 2021/05/22 0:38:28 PT [2021/05/22 3:38:28 ET]
Table 'Wild II' 9-max Seat #2 is the button
Seat 1: bigcjmitch ($2.31 in chips) 
Seat 2: evle_1987_ ($1.66 in chips) 
Seat 3: HANSBROEDER ($1.56 in chips) 
Seat 4: Dorex2007 ($2.08 in chips) 
Seat 5: islandlake204 ($1.92 in chips) 
Seat 6: lookzorrr ($2.22 in chips) 
Seat 7: donskoykazak170 ($1.95 in chips) 
Seat 8: yummy1985 ($2.02 in chips) 
Seat 9: dimonv ($0.97 in chips) 
HANSBROEDER: posts small blind $0.01
Dorex2007: posts big blind $0.02
*** HOLE CARDS ***
Dealt to Dorex2007 [4c 7c]
islandlake204: folds 
lookzorrr: folds 
donskoykazak170: calls $0.02
yummy1985: raises $0.03 to $0.05
dimonv: folds 
bigcjmitch: folds 
evle_1987_: calls $0.05
HANSBROEDER: folds 
Dorex2007: folds 
donskoykazak170: calls $0.03
*** FLOP *** [2c Js 6s]
donskoykazak170: checks 
yummy1985: bets $0.05
evle_1987_: folds 
donskoykazak170: folds 
Uncalled bet ($0.05) returned to yummy1985
yummy1985 collected $0.17 from pot
yummy1985: doesn't show hand 
*** SUMMARY ***
Total pot $0.18 | Rake $0.01 
Board [2c Js 6s]
Seat 1: bigcjmitch folded before Flop (didn't bet)
Seat 2: evle_1987_ (button) folded on the Flop
Seat 3: HANSBROEDER (small blind) folded before Flop
Seat 4: Dorex2007 (big blind) folded before Flop
Seat 5: islandlake204 folded before Flop (didn't bet)
Seat 6: lookzorrr folded before Flop (didn't bet)
Seat 7: donskoykazak170 folded on the Flop
Seat 8: yummy1985 collected ($0.17)
Seat 9: dimonv folded before Flop (didn't bet)



PokerStars Hand #226963050247:  Hold'em No Limit ($0.01/$0.02 USD) - 2021/05/22 0:39:14 PT [2021/05/22 3:39:14 ET]
Table 'Wild II' 9-max Seat #3 is the button
Seat 1: bigcjmitch ($2.31 in chips) 
Seat 2: evle_1987_ ($1.61 in chips) 
Seat 3: HANSBROEDER ($1.55 in chips) 
Seat 4: Dorex2007 ($2.06 in chips) 
Seat 5: islandlake204 ($1.92 in chips) 
Seat 6: lookzorrr ($2.22 in chips) 
Seat 7: donskoykazak170 ($1.90 in chips) 
Seat 8: yummy1985 ($2.14 in chips) 
Seat 9: dimonv ($0.97 in chips) 
Dorex2007: posts small blind $0.01
islandlake204: posts big blind $0.02
*** HOLE CARDS ***
Dealt to Dorex2007 [5s 2c]
lookzorrr: folds 
donskoykazak170: folds 
yummy1985: folds 
dimonv: folds 
bigcjmitch: raises $0.02 to $0.04
evle_1987_: folds 
HANSBROEDER: calls $0.04
Dorex2007: folds 
islandlake204: calls $0.02
*** FLOP *** [Jd 5c Ad]
islandlake204: checks 
bigcjmitch: bets $0.06
HANSBROEDER: folds 
islandlake204: calls $0.06
*** TURN *** [Jd 5c Ad] [5d]
islandlake204: checks 
bigcjmitch: checks 
*** RIVER *** [Jd 5c Ad 5d] [7h]
islandlake204: bets $0.02
bigcjmitch: calls $0.02
*** SHOW DOWN ***
islandlake204: shows [Ac Ts] (two pair, Aces and Fives)
bigcjmitch: mucks hand 
islandlake204 collected $0.28 from pot
*** SUMMARY ***
Total pot $0.29 | Rake $0.01 
Board [Jd 5c Ad 5d 7h]
Seat 1: bigcjmitch mucked [Kd Ks]
Seat 2: evle_1987_ folded before Flop (didn't bet)
Seat 3: HANSBROEDER (button) folded on the Flop
Seat 4: Dorex2007 (small blind) folded before Flop
Seat 5: islandlake204 (big blind) showed [Ac Ts] and won ($0.28) with two pair, Aces and Fives
Seat 6: lookzorrr folded before Flop (didn't bet)
Seat 7: donskoykazak170 folded before Flop (didn't bet)
Seat 8: yummy1985 folded before Flop (didn't bet)
Seat 9: dimonv folded before Flop (didn't bet)



PokerStars Hand #226963056753:  Hold'em No Limit ($0.01/$0.02 USD) - 2021/05/22 0:39:51 PT [2021/05/22 3:39:51 ET]
Table 'Wild II' 9-max Seat #4 is the button
Seat 1: bigcjmitch ($2.19 in chips) 
Seat 2: evle_1987_ ($1.61 in chips) 
Seat 3: HANSBROEDER ($1.51 in chips) 
Seat 4: Dorex2007 ($2.05 in chips) 
Seat 5: islandlake204 ($2.08 in chips) 
Seat 6: lookzorrr ($2.22 in chips) 
Seat 7: donskoykazak170 ($1.90 in chips) 
Seat 8: yummy1985 ($2.14 in chips) 
Seat 9: dimonv ($0.97 in chips) 
islandlake204: posts small blind $0.01
lookzorrr: posts big blind $0.02
*** HOLE CARDS ***
Dealt to Dorex2007 [Jc 9c]
donskoykazak170: folds 
yummy1985: folds 
dimonv: folds 
bigcjmitch: calls $0.02
evle_1987_: folds 
HANSBROEDER: folds 
Dorex2007: raises $0.04 to $0.06
islandlake204: calls $0.05
lookzorrr: raises $0.20 to $0.26
bigcjmitch: folds 
Dorex2007: folds 
islandlake204: folds 
Uncalled bet ($0.20) returned to lookzorrr
lookzorrr collected $0.20 from pot
*** SUMMARY ***
Total pot $0.20 | Rake $0 
Seat 1: bigcjmitch folded before Flop
Seat 2: evle_1987_ folded before Flop (didn't bet)
Seat 3: HANSBROEDER folded before Flop (didn't bet)
Seat 4: Dorex2007 (button) folded before Flop
Seat 5: islandlake204 (small blind) folded before Flop
Seat 6: lookzorrr (big blind) collected ($0.20)
Seat 7: donskoykazak170 folded before Flop (didn't bet)
Seat 8: yummy1985 folded before Flop (didn't bet)
Seat 9: dimonv folded before Flop (didn't bet)



PokerStars Hand #226963061357:  Hold'em No Limit ($0.01/$0.02 USD) - 2021/05/22 0:40:17 PT [2021/05/22 3:40:17 ET]
Table 'Wild II' 9-max Seat #5 is the button
Seat 1: bigcjmitch ($2.17 in chips) 
Seat 2: evle_1987_ ($1.61 in chips) 
Seat 3: HANSBROEDER ($1.51 in chips) 
Seat 4: Dorex2007 ($1.99 in chips) 
Seat 5: islandlake204 ($2.02 in chips) 
Seat 6: lookzorrr ($2.36 in chips) 
Seat 7: donskoykazak170 ($1.90 in chips) 
Seat 8: yummy1985 ($2.14 in chips) 
Seat 9: dimonv ($0.97 in chips) 
lookzorrr: posts small blind $0.01
donskoykazak170: posts big blind $0.02
*** HOLE CARDS ***
Dealt to Dorex2007 [5s 2d]
yummy1985: folds 
dimonv: folds 
bigcjmitch: calls $0.02
evle_1987_: folds 
HANSBROEDER: folds 
Dorex2007: folds 
islandlake204: folds 
lookzorrr: folds 
donskoykazak170: checks 
*** FLOP *** [3s As Js]
donskoykazak170: checks 
bigcjmitch: bets $0.05
donskoykazak170: calls $0.05
*** TURN *** [3s As Js] [6c]
donskoykazak170: checks 
bigcjmitch: checks 
*** RIVER *** [3s As Js 6c] [Qh]
donskoykazak170: checks 
bigcjmitch: checks 
*** SHOW DOWN ***
donskoykazak170: shows [Ad 4h] (a pair of Aces)
bigcjmitch: mucks hand 
donskoykazak170 collected $0.14 from pot
*** SUMMARY ***
Total pot $0.15 | Rake $0.01 
Board [3s As Js 6c Qh]
Seat 1: bigcjmitch mucked [Kc 8s]
Seat 2: evle_1987_ folded before Flop (didn't bet)
Seat 3: HANSBROEDER folded before Flop (didn't bet)
Seat 4: Dorex2007 folded before Flop (didn't bet)
Seat 5: islandlake204 (button) folded before Flop (didn't bet)
Seat 6: lookzorrr (small blind) folded before Flop
Seat 7: donskoykazak170 (big blind) showed [Ad 4h] and won ($0.14) with a pair of Aces
Seat 8: yummy1985 folded before Flop (didn't bet)
Seat 9: dimonv folded before Flop (didn't bet)



PokerStars Hand #226963069434:  Hold'em No Limit ($0.01/$0.02 USD) - 2021/05/22 0:41:02 PT [2021/05/22 3:41:02 ET]
Table 'Wild II' 9-max Seat #6 is the button
Seat 1: bigcjmitch ($2.10 in chips) 
Seat 2: evle_1987_ ($1.61 in chips) 
Seat 3: HANSBROEDER ($1.51 in chips) 
Seat 4: Dorex2007 ($1.99 in chips) 
Seat 5: islandlake204 ($2.02 in chips) 
Seat 6: lookzorrr ($2.35 in chips) 
Seat 7: donskoykazak170 ($1.97 in chips) 
Seat 8: yummy1985 ($2.14 in chips) 
Seat 9: dimonv ($0.97 in chips) 
donskoykazak170: posts small blind $0.01
yummy1985: posts big blind $0.02
*** HOLE CARDS ***
Dealt to Dorex2007 [4s Kc]
dimonv: folds 
bigcjmitch: calls $0.02
evle_1987_: folds 
HANSBROEDER: folds 
Dorex2007: folds 
islandlake204: calls $0.02
lookzorrr has timed out
lookzorrr: folds 
donskoykazak170: calls $0.01
yummy1985: checks 
*** FLOP *** [Kd 6s Ac]
donskoykazak170: checks 
yummy1985: checks 
bigcjmitch: bets $0.08
islandlake204: folds 
donskoykazak170: folds 
yummy1985: folds 
Uncalled bet ($0.08) returned to bigcjmitch
bigcjmitch collected $0.08 from pot
bigcjmitch: doesn't show hand 
*** SUMMARY ***
Total pot $0.08 | Rake $0 
Board [Kd 6s Ac]
Seat 1: bigcjmitch collected ($0.08)
Seat 2: evle_1987_ folded before Flop (didn't bet)
Seat 3: HANSBROEDER folded before Flop (didn't bet)
Seat 4: Dorex2007 folded before Flop (didn't bet)
Seat 5: islandlake204 folded on the Flop
Seat 6: lookzorrr (button) folded before Flop (didn't bet)
Seat 7: donskoykazak170 (small blind) folded on the Flop
Seat 8: yummy1985 (big blind) folded on the Flop
Seat 9: dimonv folded before Flop (didn't bet)



PokerStars Hand #226963078922:  Hold'em No Limit ($0.01/$0.02 USD) - 2021/05/22 0:41:55 PT [2021/05/22 3:41:55 ET]
Table 'Wild II' 9-max Seat #7 is the button
Seat 1: bigcjmitch ($2.16 in chips) 
Seat 2: evle_1987_ ($1.61 in chips) 
Seat 3: HANSBROEDER ($1.51 in chips) 
Seat 4: Dorex2007 ($1.99 in chips) 
Seat 5: islandlake204 ($2 in chips) 
Seat 6: lookzorrr ($2.35 in chips) 
Seat 7: donskoykazak170 ($1.95 in chips) 
Seat 8: yummy1985 ($2.12 in chips) 
Seat 9: dimonv ($0.97 in chips) 
yummy1985: posts small blind $0.01
dimonv: posts big blind $0.02
*** HOLE CARDS ***
Dealt to Dorex2007 [9h 6s]
bigcjmitch: folds 
evle_1987_: folds 
HANSBROEDER: folds 
Dorex2007: folds 
islandlake204: calls $0.02
lookzorrr: folds 
donskoykazak170: folds 
yummy1985: raises $0.02 to $0.04
dimonv: folds 
islandlake204: calls $0.02
*** FLOP *** [8c Jd Ah]
yummy1985: checks 
islandlake204: checks 
*** TURN *** [8c Jd Ah] [5c]
yummy1985: bets $0.03
islandlake204: calls $0.03
*** RIVER *** [8c Jd Ah 5c] [Jc]
yummy1985: checks 
islandlake204: bets $0.02
yummy1985: folds 
Uncalled bet ($0.02) returned to islandlake204
islandlake204 collected $0.15 from pot
islandlake204: doesn't show hand 
*** SUMMARY ***
Total pot $0.16 | Rake $0.01 
Board [8c Jd Ah 5c Jc]
Seat 1: bigcjmitch folded before Flop (didn't bet)
Seat 2: evle_1987_ folded before Flop (didn't bet)
Seat 3: HANSBROEDER folded before Flop (didn't bet)
Seat 4: Dorex2007 folded before Flop (didn't bet)
Seat 5: islandlake204 collected ($0.15)
Seat 6: lookzorrr folded before Flop (didn't bet)
Seat 7: donskoykazak170 (button) folded before Flop (didn't bet)
Seat 8: yummy1985 (small blind) folded on the River
Seat 9: dimonv (big blind) folded before Flop



PokerStars Hand #226963087644:  Hold'em No Limit ($0.01/$0.02 USD) - 2021/05/22 0:42:43 PT [2021/05/22 3:42:43 ET]
Table 'Wild II' 9-max Seat #8 is the button
Seat 1: bigcjmitch ($2.16 in chips) 
Seat 2: evle_1987_ ($1.61 in chips) 
Seat 3: HANSBROEDER ($1.51 in chips) 
Seat 4: Dorex2007 ($1.99 in chips) 
Seat 5: islandlake204 ($2.08 in chips) 
Seat 6: lookzorrr ($2.35 in chips) 
Seat 7: donskoykazak170 ($1.95 in chips) 
Seat 8: yummy1985 ($2.05 in chips) 
Seat 9: dimonv ($0.95 in chips) 
dimonv: posts small blind $0.01
bigcjmitch: posts big blind $0.02
*** HOLE CARDS ***
Dealt to Dorex2007 [4s Tc]
evle_1987_: folds 
HANSBROEDER: calls $0.02
Dorex2007: folds 
islandlake204: folds 
lookzorrr: folds 
donskoykazak170: folds 
yummy1985: calls $0.02
dimonv: folds 
bigcjmitch: checks 
*** FLOP *** [As 7h 5d]
bigcjmitch: checks 
HANSBROEDER: checks 
yummy1985: checks 
*** TURN *** [As 7h 5d] [3c]
bigcjmitch: checks 
HANSBROEDER: checks 
yummy1985: checks 
*** RIVER *** [As 7h 5d 3c] [Th]
bigcjmitch: checks 
HANSBROEDER: checks 
yummy1985: checks 
*** SHOW DOWN ***
bigcjmitch: shows [9c 6d] (high card Ace)
HANSBROEDER: shows [Kc Qc] (high card Ace - King kicker)
yummy1985: mucks hand 
HANSBROEDER collected $0.07 from pot
*** SUMMARY ***
Total pot $0.07 | Rake $0 
Board [As 7h 5d 3c Th]
Seat 1: bigcjmitch (big blind) showed [9c 6d] and lost with high card Ace
Seat 2: evle_1987_ folded before Flop (didn't bet)
Seat 3: HANSBROEDER showed [Kc Qc] and won ($0.07) with high card Ace
Seat 4: Dorex2007 folded before Flop (didn't bet)
Seat 5: islandlake204 folded before Flop (didn't bet)
Seat 6: lookzorrr folded before Flop (didn't bet)
Seat 7: donskoykazak170 folded before Flop (didn't bet)
Seat 8: yummy1985 (button) mucked [Qh 4h]
Seat 9: dimonv (small blind) folded before Flop



PokerStars Hand #226963095659:  Hold'em No Limit ($0.01/$0.02 USD) - 2021/05/22 0:43:27 PT [2021/05/22 3:43:27 ET]
Table 'Wild II' 9-max Seat #9 is the button
Seat 1: bigcjmitch ($2.14 in chips) 
Seat 2: evle_1987_ ($1.61 in chips) 
Seat 3: HANSBROEDER ($1.56 in chips) 
Seat 4: Dorex2007 ($1.99 in chips) 
Seat 5: islandlake204 ($2.08 in chips) 
Seat 6: lookzorrr ($2.35 in chips) 
Seat 7: donskoykazak170 ($1.95 in chips) 
Seat 8: yummy1985 ($2.03 in chips) 
Seat 9: dimonv ($0.94 in chips) 
bigcjmitch: posts small blind $0.01
evle_1987_: posts big blind $0.02
*** HOLE CARDS ***
Dealt to Dorex2007 [Ad 2d]
HANSBROEDER: folds 
Dorex2007: folds 
islandlake204: calls $0.02
lookzorrr: folds 
donskoykazak170: folds 
yummy1985: folds 
dimonv: folds 
bigcjmitch: calls $0.01
evle_1987_: checks 
*** FLOP *** [4s 8h Td]
bigcjmitch: checks 
evle_1987_: checks 
islandlake204: checks 
*** TURN *** [4s 8h Td] [Qh]
bigcjmitch: checks 
evle_1987_: checks 
islandlake204: checks 
*** RIVER *** [4s 8h Td Qh] [Ah]
bigcjmitch: checks 
evle_1987_: checks 
islandlake204: checks 
*** SHOW DOWN ***
bigcjmitch: shows [Js 6c] (high card Ace)
evle_1987_: shows [8d 6s] (a pair of Eights)
islandlake204: mucks hand 
evle_1987_ collected $0.06 from pot
*** SUMMARY ***
Total pot $0.06 | Rake $0 
Board [4s 8h Td Qh Ah]
Seat 1: bigcjmitch (small blind) showed [Js 6c] and lost with high card Ace
Seat 2: evle_1987_ (big blind) showed [8d 6s] and won ($0.06) with a pair of Eights
Seat 3: HANSBROEDER folded before Flop (didn't bet)
Seat 4: Dorex2007 folded before Flop (didn't bet)
Seat 5: islandlake204 mucked [5d 4d]
Seat 6: lookzorrr folded before Flop (didn't bet)
Seat 7: donskoykazak170 folded before Flop (didn't bet)
Seat 8: yummy1985 folded before Flop (didn't bet)
Seat 9: dimonv (button) folded before Flop (didn't bet)



PokerStars Hand #226963103635:  Hold'em No Limit ($0.01/$0.02 USD) - 2021/05/22 0:44:11 PT [2021/05/22 3:44:11 ET]
Table 'Wild II' 9-max Seat #1 is the button
Seat 1: bigcjmitch ($2.12 in chips) 
Seat 2: evle_1987_ ($1.65 in chips) 
Seat 3: HANSBROEDER ($1.56 in chips) 
Seat 4: Dorex2007 ($1.99 in chips) 
Seat 5: islandlake204 ($2.06 in chips) 
Seat 6: lookzorrr ($2.35 in chips) 
Seat 7: donskoykazak170 ($1.95 in chips) 
Seat 8: yummy1985 ($2.03 in chips) 
Seat 9: dimonv ($0.94 in chips) 
evle_1987_: posts small blind $0.01
HANSBROEDER: posts big blind $0.02
*** HOLE CARDS ***
Dealt to Dorex2007 [3s Qc]
Dorex2007: folds 
islandlake204: folds 
lookzorrr: folds 
donskoykazak170: folds 
yummy1985: folds 
dimonv: raises $0.04 to $0.06
bigcjmitch: folds 
evle_1987_: folds 
HANSBROEDER: folds 
Uncalled bet ($0.04) returned to dimonv
dimonv collected $0.05 from pot
dimonv: doesn't show hand 
*** SUMMARY ***
Total pot $0.05 | Rake $0 
Seat 1: bigcjmitch (button) folded before Flop (didn't bet)
Seat 2: evle_1987_ (small blind) folded before Flop
Seat 3: HANSBROEDER (big blind) folded before Flop
Seat 4: Dorex2007 folded before Flop (didn't bet)
Seat 5: islandlake204 folded before Flop (didn't bet)
Seat 6: lookzorrr folded before Flop (didn't bet)
Seat 7: donskoykazak170 folded before Flop (didn't bet)
Seat 8: yummy1985 folded before Flop (didn't bet)
Seat 9: dimonv collected ($0.05)



PokerStars Hand #226963109406:  Hold'em No Limit ($0.01/$0.02 USD) - 2021/05/22 0:44:43 PT [2021/05/22 3:44:43 ET]
Table 'Wild II' 9-max Seat #2 is the button
Seat 1: bigcjmitch ($2.12 in chips) 
Seat 2: evle_1987_ ($1.64 in chips) 
Seat 3: HANSBROEDER ($1.54 in chips) 
Seat 4: Dorex2007 ($1.99 in chips) 
Seat 5: islandlake204 ($2.06 in chips) 
Seat 6: lookzorrr ($2.35 in chips) 
Seat 7: donskoykazak170 ($1.95 in chips) 
Seat 8: yummy1985 ($2.03 in chips) 
Seat 9: dimonv ($0.97 in chips) 
HANSBROEDER: posts small blind $0.01
Dorex2007: posts big blind $0.02
*** HOLE CARDS ***
Dealt to Dorex2007 [4d Kh]
islandlake204: calls $0.02
lookzorrr: folds 
donskoykazak170: calls $0.02
yummy1985: calls $0.02
dimonv: raises $0.12 to $0.14
bigcjmitch: folds 
evle_1987_: folds 
HANSBROEDER: folds 
Dorex2007: folds 
islandlake204: folds 
donskoykazak170: folds 
yummy1985: folds 
Uncalled bet ($0.12) returned to dimonv
dimonv collected $0.11 from pot
dimonv: doesn't show hand 
*** SUMMARY ***
Total pot $0.11 | Rake $0 
Seat 1: bigcjmitch folded before Flop (didn't bet)
Seat 2: evle_1987_ (button) folded before Flop (didn't bet)
Seat 3: HANSBROEDER (small blind) folded before Flop
Seat 4: Dorex2007 (big blind) folded before Flop
Seat 5: islandlake204 folded before Flop
Seat 6: lookzorrr folded before Flop (didn't bet)
Seat 7: donskoykazak170 folded before Flop
Seat 8: yummy1985 folded before Flop
Seat 9: dimonv collected ($0.11)



PokerStars Hand #226963117133:  Hold'em No Limit ($0.01/$0.02 USD) - 2021/05/22 0:45:25 PT [2021/05/22 3:45:25 ET]
Table 'Wild II' 9-max Seat #3 is the button
Seat 1: bigcjmitch ($2.12 in chips) 
Seat 2: evle_1987_ ($1.64 in chips) 
Seat 3: HANSBROEDER ($1.53 in chips) 
Seat 4: Dorex2007 ($1.97 in chips) 
Seat 5: islandlake204 ($2.04 in chips) 
Seat 6: lookzorrr ($2.35 in chips) 
Seat 7: donskoykazak170 ($1.93 in chips) 
Seat 8: yummy1985 ($2.01 in chips) 
Seat 9: dimonv ($1.06 in chips) 
Dorex2007: posts small blind $0.01
islandlake204: posts big blind $0.02
*** HOLE CARDS ***
Dealt to Dorex2007 [Ah 2d]
lookzorrr: folds 
donskoykazak170: folds 
yummy1985: folds 
dimonv: folds 
bigcjmitch: calls $0.02
evle_1987_: folds 
HANSBROEDER: calls $0.02
Dorex2007: calls $0.01
islandlake204: checks 
*** FLOP *** [As 2c 5s]
Dorex2007: checks 
islandlake204: checks 
bigcjmitch: checks 
HANSBROEDER: bets $0.02
Dorex2007: calls $0.02
islandlake204: folds 
bigcjmitch: folds 
*** TURN *** [As 2c 5s] [4s]
Dorex2007: checks 
HANSBROEDER: bets $0.02
Dorex2007: calls $0.02
*** RIVER *** [As 2c 5s 4s] [3d]
Dorex2007: bets $0.08
HANSBROEDER: calls $0.08
*** SHOW DOWN ***
Dorex2007: shows [Ah 2d] (a straight, Ace to Five)
HANSBROEDER: shows [8d Ad] (a straight, Ace to Five)
Dorex2007 collected $0.16 from pot
HANSBROEDER collected $0.15 from pot
*** SUMMARY ***
Total pot $0.32 | Rake $0.01 
Board [As 2c 5s 4s 3d]
Seat 1: bigcjmitch folded on the Flop
Seat 2: evle_1987_ folded before Flop (didn't bet)
Seat 3: HANSBROEDER (button) showed [8d Ad] and won ($0.15) with a straight, Ace to Five
Seat 4: Dorex2007 (small blind) showed [Ah 2d] and won ($0.16) with a straight, Ace to Five
Seat 5: islandlake204 (big blind) folded on the Flop
Seat 6: lookzorrr folded before Flop (didn't bet)
Seat 7: donskoykazak170 folded before Flop (didn't bet)
Seat 8: yummy1985 folded before Flop (didn't bet)
Seat 9: dimonv folded before Flop (didn't bet)



PokerStars Hand #226963125604:  Hold'em No Limit ($0.01/$0.02 USD) - 2021/05/22 0:46:12 PT [2021/05/22 3:46:12 ET]
Table 'Wild II' 9-max Seat #4 is the button
Seat 1: bigcjmitch ($2.10 in chips) 
Seat 2: evle_1987_ ($1.64 in chips) 
Seat 3: HANSBROEDER ($1.54 in chips) 
Seat 4: Dorex2007 ($1.99 in chips) 
Seat 5: islandlake204 ($2.02 in chips) 
Seat 6: lookzorrr ($2.35 in chips) 
Seat 7: donskoykazak170 ($1.93 in chips) 
Seat 8: yummy1985 ($2.01 in chips) 
islandlake204: posts small blind $0.01
lookzorrr: posts big blind $0.02
*** HOLE CARDS ***
Dealt to Dorex2007 [7d 6s]
donskoykazak170: folds 
yummy1985: folds 
bigcjmitch: calls $0.02
evle_1987_: folds 
HANSBROEDER: folds 
Dorex2007: folds 
islandlake204: folds 
lookzorrr: checks 
*** FLOP *** [9c Ks 3s]
lookzorrr: checks 
bigcjmitch: checks 
*** TURN *** [9c Ks 3s] [Ts]
lookzorrr: checks 
bigcjmitch: checks 
*** RIVER *** [9c Ks 3s Ts] [4s]
lookzorrr: checks 
bigcjmitch: bets $0.05
lookzorrr: folds 
Uncalled bet ($0.05) returned to bigcjmitch
bigcjmitch collected $0.05 from pot
bigcjmitch: doesn't show hand 
*** SUMMARY ***
Total pot $0.05 | Rake $0 
Board [9c Ks 3s Ts 4s]
Seat 1: bigcjmitch collected ($0.05)
Seat 2: evle_1987_ folded before Flop (didn't bet)
Seat 3: HANSBROEDER folded before Flop (didn't bet)
Seat 4: Dorex2007 (button) folded before Flop (didn't bet)
Seat 5: islandlake204 (small blind) folded before Flop
Seat 6: lookzorrr (big blind) folded on the River
Seat 7: donskoykazak170 folded before Flop (didn't bet)
Seat 8: yummy1985 folded before Flop (didn't bet)



PokerStars Hand #226963131734:  Hold'em No Limit ($0.01/$0.02 USD) - 2021/05/22 0:46:46 PT [2021/05/22 3:46:46 ET]
Table 'Wild II' 9-max Seat #5 is the button
Seat 1: bigcjmitch ($2.13 in chips) 
Seat 2: evle_1987_ ($1.64 in chips) 
Seat 3: HANSBROEDER ($1.54 in chips) 
Seat 4: Dorex2007 ($1.99 in chips) 
Seat 5: islandlake204 ($2.01 in chips) 
Seat 6: lookzorrr ($2.33 in chips) 
Seat 7: donskoykazak170 ($1.93 in chips) 
Seat 8: yummy1985 ($2.01 in chips) 
lookzorrr: posts small blind $0.01
donskoykazak170: posts big blind $0.02
*** HOLE CARDS ***
Dealt to Dorex2007 [Jh 8s]
yummy1985: folds 
bigcjmitch: calls $0.02
evle_1987_: folds 
HANSBROEDER: folds 
Dorex2007: folds 
islandlake204: folds 
lookzorrr: folds 
donskoykazak170: checks 
*** FLOP *** [5d 4d Kd]
donskoykazak170: checks 
bigcjmitch: checks 
*** TURN *** [5d 4d Kd] [Ks]
donskoykazak170: checks 
bigcjmitch: bets $0.05
donskoykazak170: folds 
Uncalled bet ($0.05) returned to bigcjmitch
bigcjmitch collected $0.05 from pot
bigcjmitch: doesn't show hand 
*** SUMMARY ***
Total pot $0.05 | Rake $0 
Board [5d 4d Kd Ks]
Seat 1: bigcjmitch collected ($0.05)
Seat 2: evle_1987_ folded before Flop (didn't bet)
Seat 3: HANSBROEDER folded before Flop (didn't bet)
Seat 4: Dorex2007 folded before Flop (didn't bet)
Seat 5: islandlake204 (button) folded before Flop (didn't bet)
Seat 6: lookzorrr (small blind) folded before Flop
Seat 7: donskoykazak170 (big blind) folded on the Turn
Seat 8: yummy1985 folded before Flop (didn't bet)



PokerStars Hand #226963139515:  Hold'em No Limit ($0.01/$0.02 USD) - 2021/05/22 0:47:29 PT [2021/05/22 3:47:29 ET]
Table 'Wild II' 9-max Seat #6 is the button
Seat 1: bigcjmitch ($2.16 in chips) 
Seat 2: evle_1987_ ($1.64 in chips) 
Seat 3: HANSBROEDER ($1.54 in chips) 
Seat 4: Dorex2007 ($1.99 in chips) 
Seat 5: islandlake204 ($2.01 in chips) 
Seat 6: lookzorrr ($2.32 in chips) 
Seat 7: donskoykazak170 ($1.91 in chips) 
Seat 8: yummy1985 ($2.01 in chips) 
donskoykazak170: posts small blind $0.01
yummy1985: posts big blind $0.02
*** HOLE CARDS ***
Dealt to Dorex2007 [3h 2d]
bigcjmitch: folds 
evle_1987_: folds 
HANSBROEDER: calls $0.02
Dorex2007: folds 
islandlake204: folds 
lookzorrr: folds 
donskoykazak170: folds 
yummy1985: checks 
*** FLOP *** [6c Ks Qd]
bigcjmitch leaves the table
yummy1985: checks 
HANSBROEDER: checks 
*** TURN *** [6c Ks Qd] [6d]
yummy1985: checks 
HANSBROEDER: checks 
*** RIVER *** [6c Ks Qd 6d] [Ah]
yummy1985: bets $0.04
HANSBROEDER: folds 
Uncalled bet ($0.04) returned to yummy1985
yummy1985 collected $0.05 from pot
yummy1985: doesn't show hand 
*** SUMMARY ***
Total pot $0.05 | Rake $0 
Board [6c Ks Qd 6d Ah]
Seat 1: bigcjmitch folded before Flop (didn't bet)
Seat 2: evle_1987_ folded before Flop (didn't bet)
Seat 3: HANSBROEDER folded on the River
Seat 4: Dorex2007 folded before Flop (didn't bet)
Seat 5: islandlake204 folded before Flop (didn't bet)
Seat 6: lookzorrr (button) folded before Flop (didn't bet)
Seat 7: donskoykazak170 (small blind) folded before Flop
Seat 8: yummy1985 (big blind) collected ($0.05)



PokerStars Hand #226963145501:  Hold'em No Limit ($0.01/$0.02 USD) - 2021/05/22 0:48:02 PT [2021/05/22 3:48:02 ET]
Table 'Wild II' 9-max Seat #7 is the button
Seat 2: evle_1987_ ($1.64 in chips) 
Seat 3: HANSBROEDER ($1.52 in chips) 
Seat 4: Dorex2007 ($1.99 in chips) 
Seat 5: islandlake204 ($2.01 in chips) 
Seat 6: lookzorrr ($2.32 in chips) 
Seat 7: donskoykazak170 ($1.90 in chips) 
Seat 8: yummy1985 ($2.04 in chips) 
yummy1985: posts small blind $0.01
evle_1987_: posts big blind $0.02
*** HOLE CARDS ***
Dealt to Dorex2007 [2s 5d]
HANSBROEDER: folds 
Dorex2007: folds 
islandlake204 has timed out
islandlake204: folds 
lookzorrr: folds 
donskoykazak170: folds 
yummy1985: raises $0.02 to $0.04
evle_1987_: raises $0.08 to $0.12
yummy1985: calls $0.08
*** FLOP *** [4d 7d Ad]
yummy1985: bets $0.14
evle_1987_: calls $0.14
*** TURN *** [4d 7d Ad] [Qd]
yummy1985: checks 
evle_1987_: bets $0.26
yummy1985: folds 
Uncalled bet ($0.26) returned to evle_1987_
evle_1987_ collected $0.50 from pot
evle_1987_: doesn't show hand 
*** SUMMARY ***
Total pot $0.52 | Rake $0.02 
Board [4d 7d Ad Qd]
Seat 2: evle_1987_ (big blind) collected ($0.50)
Seat 3: HANSBROEDER folded before Flop (didn't bet)
Seat 4: Dorex2007 folded before Flop (didn't bet)
Seat 5: islandlake204 folded before Flop (didn't bet)
Seat 6: lookzorrr folded before Flop (didn't bet)
Seat 7: donskoykazak170 (button) folded before Flop (didn't bet)
Seat 8: yummy1985 (small blind) folded on the Turn



PokerStars Hand #226963157668:  Hold'em No Limit ($0.01/$0.02 USD) - 2021/05/22 0:49:09 PT [2021/05/22 3:49:09 ET]
Table 'Wild II' 9-max Seat #8 is the button
Seat 2: evle_1987_ ($1.88 in chips) 
Seat 3: HANSBROEDER ($1.52 in chips) 
Seat 4: Dorex2007 ($1.99 in chips) 
Seat 6: lookzorrr ($2.32 in chips) 
Seat 7: donskoykazak170 ($1.90 in chips) 
Seat 8: yummy1985 ($2 in chips) 
evle_1987_: posts small blind $0.01
HANSBROEDER: posts big blind $0.02
*** HOLE CARDS ***
Dealt to Dorex2007 [Th Qs]
Dorex2007: folds 
lookzorrr: folds 
donskoykazak170: folds 
evle_1987_ said, "<'))><"
yummy1985: raises $0.02 to $0.04
evle_1987_: raises $0.11 to $0.15
HANSBROEDER: folds 
yummy1985: folds 
Uncalled bet ($0.11) returned to evle_1987_
evle_1987_ collected $0.10 from pot
evle_1987_: doesn't show hand 
*** SUMMARY ***
Total pot $0.10 | Rake $0 
Seat 2: evle_1987_ (small blind) collected ($0.10)
Seat 3: HANSBROEDER (big blind) folded before Flop
Seat 4: Dorex2007 folded before Flop (didn't bet)
Seat 6: lookzorrr folded before Flop (didn't bet)
Seat 7: donskoykazak170 folded before Flop (didn't bet)
Seat 8: yummy1985 (button) folded before Flop



PokerStars Hand #226963163204:  Hold'em No Limit ($0.01/$0.02 USD) - 2021/05/22 0:49:40 PT [2021/05/22 3:49:40 ET]
Table 'Wild II' 9-max Seat #2 is the button
Seat 2: evle_1987_ ($1.94 in chips) 
Seat 3: HANSBROEDER ($1.50 in chips) 
Seat 4: Dorex2007 ($1.99 in chips) 
Seat 5: islandlake204 ($2.01 in chips) 
Seat 6: lookzorrr ($2.32 in chips) 
Seat 7: donskoykazak170 ($1.90 in chips) 
Seat 8: yummy1985 ($2 in chips) 
HANSBROEDER: posts small blind $0.01
Dorex2007: posts big blind $0.02
*** HOLE CARDS ***
Dealt to Dorex2007 [4c Kh]
cino34 joins the table at seat #1 
islandlake204 has timed out
islandlake204: folds 
lookzorrr: folds 
donskoykazak170: folds 
yummy1985: folds 
evle_1987_: raises $0.02 to $0.04
HANSBROEDER: calls $0.03
Dorex2007: calls $0.02
*** FLOP *** [7c 4s 7h]
HANSBROEDER: checks 
yummy1985 said, "lol 80 bb non full stack"
Dorex2007: checks 
evle_1987_: bets $0.03
dimonv leaves the table
HANSBROEDER: folds 
Dorex2007: calls $0.03
*** TURN *** [7c 4s 7h] [Kd]
Dorex2007: bets $0.17
evle_1987_: folds 
Uncalled bet ($0.17) returned to Dorex2007
Dorex2007 collected $0.17 from pot
bbespalov joins the table at seat #9 
Dorex2007: doesn't show hand 
*** SUMMARY ***
Total pot $0.18 | Rake $0.01 
Board [7c 4s 7h Kd]
Seat 2: evle_1987_ (button) folded on the Turn
Seat 3: HANSBROEDER (small blind) folded on the Flop
Seat 4: Dorex2007 (big blind) collected ($0.17)
Seat 5: islandlake204 folded before Flop (didn't bet)
Seat 6: lookzorrr folded before Flop (didn't bet)
Seat 7: donskoykazak170 folded before Flop (didn't bet)
Seat 8: yummy1985 folded before Flop (didn't bet)



PokerStars Hand #226963178535:  Hold'em No Limit ($0.01/$0.02 USD) - 2021/05/22 0:51:05 PT [2021/05/22 3:51:05 ET]
Table 'Wild II' 9-max Seat #3 is the button
Seat 1: cino34 ($2 in chips) 
Seat 2: evle_1987_ ($1.87 in chips) 
Seat 3: HANSBROEDER ($1.46 in chips) 
Seat 4: Dorex2007 ($2.09 in chips) 
Seat 5: islandlake204 ($2.01 in chips) 
Seat 6: lookzorrr ($2.32 in chips) 
Seat 7: donskoykazak170 ($1.90 in chips) 
Seat 8: yummy1985 ($2 in chips) 
Dorex2007: posts small blind $0.01
islandlake204: posts big blind $0.02
bbespalov is connected 
bbespalov: sits out 
cino34: posts big blind $0.02
*** HOLE CARDS ***
Dealt to Dorex2007 [Kc 3c]
lookzorrr: folds 
donskoykazak170: folds 
yummy1985: folds 
cino34: checks 
evle_1987_: folds 
HANSBROEDER: folds 
Dorex2007: calls $0.01
islandlake204: checks 
*** FLOP *** [9s 8c 3s]
Dorex2007: checks 
islandlake204: checks 
cino34: checks 
*** TURN *** [9s 8c 3s] [8h]
Dorex2007: bets $0.03
islandlake204: folds 
cino34: folds 
Uncalled bet ($0.03) returned to Dorex2007
Dorex2007 collected $0.06 from pot
Dorex2007: doesn't show hand 
*** SUMMARY ***
Total pot $0.06 | Rake $0 
Board [9s 8c 3s 8h]
Seat 1: cino34 folded on the Turn (didn't bet)
Seat 2: evle_1987_ folded before Flop (didn't bet)
Seat 3: HANSBROEDER (button) folded before Flop (didn't bet)
Seat 4: Dorex2007 (small blind) collected ($0.06)
Seat 5: islandlake204 (big blind) folded on the Turn
Seat 6: lookzorrr folded before Flop (didn't bet)
Seat 7: donskoykazak170 folded before Flop (didn't bet)
Seat 8: yummy1985 folded before Flop (didn't bet)



PokerStars Hand #226963183910:  Hold'em No Limit ($0.01/$0.02 USD) - 2021/05/22 0:51:34 PT [2021/05/22 3:51:34 ET]
Table 'Wild II' 9-max Seat #4 is the button
Seat 1: cino34 ($1.98 in chips) 
Seat 2: evle_1987_ ($1.87 in chips) 
Seat 3: HANSBROEDER ($1.46 in chips) 
Seat 4: Dorex2007 ($2.13 in chips) 
Seat 5: islandlake204 ($1.99 in chips) 
Seat 6: lookzorrr ($2.32 in chips) 
Seat 7: donskoykazak170 ($1.90 in chips) 
Seat 8: yummy1985 ($2 in chips) 
islandlake204: posts small blind $0.01
lookzorrr: posts big blind $0.02
bbespalov: sits out 
*** HOLE CARDS ***
Dealt to Dorex2007 [8d Qc]
donskoykazak170: folds 
yummy1985: folds 
cino34: folds 
evle_1987_: folds 
HANSBROEDER: folds 
Dorex2007: folds 
islandlake204: folds 
Uncalled bet ($0.01) returned to lookzorrr
lookzorrr collected $0.02 from pot
*** SUMMARY ***
Total pot $0.02 | Rake $0 
Seat 1: cino34 folded before Flop (didn't bet)
Seat 2: evle_1987_ folded before Flop (didn't bet)
Seat 3: HANSBROEDER folded before Flop (didn't bet)
Seat 4: Dorex2007 (button) folded before Flop (didn't bet)
Seat 5: islandlake204 (small blind) folded before Flop
Seat 6: lookzorrr (big blind) collected ($0.02)
Seat 7: donskoykazak170 folded before Flop (didn't bet)
Seat 8: yummy1985 folded before Flop (didn't bet)



PokerStars Hand #226963188327:  Hold'em No Limit ($0.01/$0.02 USD) - 2021/05/22 0:51:58 PT [2021/05/22 3:51:58 ET]
Table 'Wild II' 9-max Seat #5 is the button
Seat 1: cino34 ($1.98 in chips) 
Seat 2: evle_1987_ ($1.87 in chips) 
Seat 3: HANSBROEDER ($1.46 in chips) 
Seat 4: Dorex2007 ($2.13 in chips) 
Seat 5: islandlake204 ($1.98 in chips) 
Seat 6: lookzorrr ($2.33 in chips) 
Seat 7: donskoykazak170 ($1.90 in chips) 
Seat 8: yummy1985 ($2 in chips) 
lookzorrr: posts small blind $0.01
donskoykazak170: posts big blind $0.02
bbespalov: sits out 
*** HOLE CARDS ***
Dealt to Dorex2007 [7d 6d]
yummy1985: raises $0.03 to $0.05
cino34: folds 
evle_1987_: calls $0.05
HANSBROEDER: folds 
Dorex2007: folds 
islandlake204: calls $0.05
lookzorrr: calls $0.04
donskoykazak170: calls $0.03
*** FLOP *** [5h 6s Th]
lookzorrr: checks 
donskoykazak170: checks 
yummy1985: checks 
evle_1987_: checks 
islandlake204: checks 
*** TURN *** [5h 6s Th] [3c]
lookzorrr: checks 
donskoykazak170: checks 
yummy1985: checks 
evle_1987_: checks 
islandlake204: checks 
*** RIVER *** [5h 6s Th 3c] [3h]
lookzorrr: checks 
donskoykazak170: bets $0.12
yummy1985: folds 
evle_1987_: folds 
islandlake204: folds 
lookzorrr: folds 
Uncalled bet ($0.12) returned to donskoykazak170
donskoykazak170 collected $0.24 from pot
donskoykazak170: doesn't show hand 
*** SUMMARY ***
Total pot $0.25 | Rake $0.01 
Board [5h 6s Th 3c 3h]
Seat 1: cino34 folded before Flop (didn't bet)
Seat 2: evle_1987_ folded on the River
Seat 3: HANSBROEDER folded before Flop (didn't bet)
Seat 4: Dorex2007 folded before Flop (didn't bet)
Seat 5: islandlake204 (button) folded on the River
Seat 6: lookzorrr (small blind) folded on the River
Seat 7: donskoykazak170 (big blind) collected ($0.24)
Seat 8: yummy1985 folded on the River



PokerStars Hand #226963204816:  Hold'em No Limit ($0.01/$0.02 USD) - 2021/05/22 0:53:28 PT [2021/05/22 3:53:28 ET]
Table 'Wild II' 9-max Seat #6 is the button
Seat 1: cino34 ($1.98 in chips) 
Seat 2: evle_1987_ ($1.82 in chips) 
Seat 3: HANSBROEDER ($1.46 in chips) 
Seat 4: Dorex2007 ($2.13 in chips) 
Seat 5: islandlake204 ($1.93 in chips) 
Seat 6: lookzorrr ($2.28 in chips) 
Seat 7: donskoykazak170 ($2.09 in chips) 
Seat 8: yummy1985 ($2 in chips) 
donskoykazak170: posts small blind $0.01
yummy1985: posts big blind $0.02
bbespalov: sits out 
*** HOLE CARDS ***
Dealt to Dorex2007 [Ts Qh]
cino34: folds 
evle_1987_: raises $0.02 to $0.04
HANSBROEDER: folds 
Dorex2007: folds 
islandlake204: folds 
lookzorrr: folds 
donskoykazak170: folds 
yummy1985: folds 
Uncalled bet ($0.02) returned to evle_1987_
evle_1987_ collected $0.05 from pot
evle_1987_: doesn't show hand 
*** SUMMARY ***
Total pot $0.05 | Rake $0 
Seat 1: cino34 folded before Flop (didn't bet)
Seat 2: evle_1987_ collected ($0.05)
Seat 3: HANSBROEDER folded before Flop (didn't bet)
Seat 4: Dorex2007 folded before Flop (didn't bet)
Seat 5: islandlake204 folded before Flop (didn't bet)
Seat 6: lookzorrr (button) folded before Flop (didn't bet)
Seat 7: donskoykazak170 (small blind) folded before Flop
Seat 8: yummy1985 (big blind) folded before Flop



PokerStars Hand #226963209102:  Hold'em No Limit ($0.01/$0.02 USD) - 2021/05/22 0:53:51 PT [2021/05/22 3:53:51 ET]
Table 'Wild II' 9-max Seat #7 is the button
Seat 1: cino34 ($1.98 in chips) 
Seat 2: evle_1987_ ($1.85 in chips) 
Seat 3: HANSBROEDER ($1.46 in chips) 
Seat 4: Dorex2007 ($2.13 in chips) 
Seat 5: islandlake204 ($1.93 in chips) 
Seat 6: lookzorrr ($2.28 in chips) 
Seat 7: donskoykazak170 ($2.08 in chips) 
Seat 8: yummy1985 ($2 in chips) 
Seat 9: bbespalov ($2 in chips) 
yummy1985: posts small blind $0.01
bbespalov: posts big blind $0.02
*** HOLE CARDS ***
Dealt to Dorex2007 [8d 4h]
cino34: folds 
evle_1987_: folds 
HANSBROEDER: folds 
Dorex2007: folds 
islandlake204: folds 
lookzorrr: raises $0.03 to $0.05
donskoykazak170: folds 
yummy1985: calls $0.04
bbespalov: calls $0.03
*** FLOP *** [6c 6s Js]
yummy1985: bets $0.04
bbespalov: folds 
lookzorrr: folds 
Uncalled bet ($0.04) returned to yummy1985
yummy1985 collected $0.14 from pot
yummy1985: doesn't show hand 
*** SUMMARY ***
Total pot $0.15 | Rake $0.01 
Board [6c 6s Js]
Seat 1: cino34 folded before Flop (didn't bet)
Seat 2: evle_1987_ folded before Flop (didn't bet)
Seat 3: HANSBROEDER folded before Flop (didn't bet)
Seat 4: Dorex2007 folded before Flop (didn't bet)
Seat 5: islandlake204 folded before Flop (didn't bet)
Seat 6: lookzorrr folded on the Flop
Seat 7: donskoykazak170 (button) folded before Flop (didn't bet)
Seat 8: yummy1985 (small blind) collected ($0.14)
Seat 9: bbespalov (big blind) folded on the Flop



PokerStars Hand #226963217788:  Hold'em No Limit ($0.01/$0.02 USD) - 2021/05/22 0:54:38 PT [2021/05/22 3:54:38 ET]
Table 'Wild II' 9-max Seat #8 is the button
Seat 1: cino34 ($1.98 in chips) 
Seat 2: evle_1987_ ($1.85 in chips) 
Seat 3: HANSBROEDER ($1.46 in chips) 
Seat 4: Dorex2007 ($2.13 in chips) 
Seat 5: islandlake204 ($1.93 in chips) 
Seat 6: lookzorrr ($2.23 in chips) 
Seat 7: donskoykazak170 ($2.08 in chips) 
Seat 8: yummy1985 ($2.09 in chips) 
Seat 9: bbespalov ($1.95 in chips) 
bbespalov: posts small blind $0.01
cino34: posts big blind $0.02
*** HOLE CARDS ***
Dealt to Dorex2007 [9c 4d]
evle_1987_: folds 
HANSBROEDER: folds 
Dorex2007: folds 
HANSBROEDER leaves the table
islandlake204 has timed out
islandlake204: folds 
lookzorrr: folds 
donskoykazak170: folds 
yummy1985: calls $0.02
bbespalov: calls $0.01
cino34: raises $0.06 to $0.08
evle_1987_ leaves the table
yummy1985: calls $0.06
bbespalov: folds 
*** FLOP *** [3s Jh 3d]
cino34: checks 
yummy1985: checks 
*** TURN *** [3s Jh 3d] [As]
cino34: checks 
yummy1985: checks 
*** RIVER *** [3s Jh 3d As] [6h]
lookzorrr leaves the table
cino34: bets $0.11
yummy1985: calls $0.11
*** SHOW DOWN ***
cino34: shows [Ac Ah] (a full house, Aces full of Threes)
yummy1985: mucks hand 
cino34 collected $0.39 from pot
*** SUMMARY ***
Total pot $0.40 | Rake $0.01 
Board [3s Jh 3d As 6h]
Seat 1: cino34 (big blind) showed [Ac Ah] and won ($0.39) with a full house, Aces full of Threes
Seat 2: evle_1987_ folded before Flop (didn't bet)
Seat 3: HANSBROEDER folded before Flop (didn't bet)
Seat 4: Dorex2007 folded before Flop (didn't bet)
Seat 5: islandlake204 folded before Flop (didn't bet)
Seat 6: lookzorrr folded before Flop (didn't bet)
Seat 7: donskoykazak170 folded before Flop (didn't bet)
Seat 8: yummy1985 (button) mucked [Qc 6c]
Seat 9: bbespalov (small blind) folded before Flop



PokerStars Hand #226963226336:  Hold'em No Limit ($0.01/$0.02 USD) - 2021/05/22 0:55:29 PT [2021/05/22 3:55:29 ET]
Table 'Wild II' 9-max Seat #9 is the button
Seat 1: cino34 ($2.18 in chips) 
Seat 4: Dorex2007 ($2.13 in chips) 
Seat 7: donskoykazak170 ($2.08 in chips) 
Seat 8: yummy1985 ($2 in chips) 
Seat 9: bbespalov ($1.93 in chips) 
cino34: posts small blind $0.01
Dorex2007: posts big blind $0.02
*** HOLE CARDS ***
Dealt to Dorex2007 [8h 6d]
donskoykazak170: folds 
yummy1985: calls $0.02
bbespalov: folds 
cino34: folds 
Dorex2007: checks 
*** FLOP *** [7d 3d Qc]
Dorex2007: checks 
yummy1985: bets $0.03
Dorex2007: folds 
Uncalled bet ($0.03) returned to yummy1985
yummy1985 collected $0.05 from pot
yummy1985: doesn't show hand 
*** SUMMARY ***
Total pot $0.05 | Rake $0 
Board [7d 3d Qc]
Seat 1: cino34 (small blind) folded before Flop
Seat 4: Dorex2007 (big blind) folded on the Flop
Seat 7: donskoykazak170 folded before Flop (didn't bet)
Seat 8: yummy1985 collected ($0.05)
Seat 9: bbespalov (button) folded before Flop (didn't bet)



PokerStars Hand #226963232435:  Hold'em No Limit ($0.01/$0.02 USD) - 2021/05/22 0:56:08 PT [2021/05/22 3:56:08 ET]
Table 'Wild II' 9-max Seat #1 is the button
Seat 1: cino34 ($2.17 in chips) 
Seat 4: Dorex2007 ($2.11 in chips) 
Seat 7: donskoykazak170 ($2.08 in chips) 
Seat 8: yummy1985 ($2.03 in chips) 
Seat 9: bbespalov ($1.93 in chips) 
Dorex2007: posts small blind $0.01
donskoykazak170: posts big blind $0.02
*** HOLE CARDS ***
Dealt to Dorex2007 [5h 5d]
yummy1985: raises $2.01 to $2.03 and is all-in
bbespalov: folds 
cino34: folds 
Dorex2007: folds 
donskoykazak170: folds 
Uncalled bet ($2.01) returned to yummy1985
yummy1985 collected $0.05 from pot
yummy1985: doesn't show hand 
*** SUMMARY ***
Total pot $0.05 | Rake $0 
Seat 1: cino34 (button) folded before Flop (didn't bet)
Seat 4: Dorex2007 (small blind) folded before Flop
Seat 7: donskoykazak170 (big blind) folded before Flop
Seat 8: yummy1985 collected ($0.05)
Seat 9: bbespalov folded before Flop (didn't bet)



PokerStars Hand #226963234368:  Hold'em No Limit ($0.01/$0.02 USD) - 2021/05/22 0:56:20 PT [2021/05/22 3:56:20 ET]
Table 'Wild II' 9-max Seat #4 is the button
Seat 1: cino34 ($2.17 in chips) 
Seat 4: Dorex2007 ($2.10 in chips) 
Seat 7: donskoykazak170 ($2.06 in chips) 
Seat 9: bbespalov ($1.93 in chips) 
donskoykazak170: posts small blind $0.01
bbespalov: posts big blind $0.02
*** HOLE CARDS ***
Dealt to Dorex2007 [6d Qd]
cino34: folds 
Dorex2007: folds 
yummy1985 leaves the table
cino34 leaves the table
donskoykazak170: calls $0.01
bbespalov: checks 
*** FLOP *** [2c Qc Js]
donskoykazak170: checks 
bbespalov: bets $0.02
donskoykazak170: folds 
Uncalled bet ($0.02) returned to bbespalov
bbespalov collected $0.04 from pot
bbespalov: doesn't show hand 
*** SUMMARY ***
Total pot $0.04 | Rake $0 
Board [2c Qc Js]
Seat 1: cino34 folded before Flop (didn't bet)
Seat 4: Dorex2007 (button) folded before Flop (didn't bet)
Seat 7: donskoykazak170 (small blind) folded on the Flop
Seat 9: bbespalov (big blind) collected ($0.04)



PokerStars Hand #226963238859:  Hold'em No Limit ($0.01/$0.02 USD) - 2021/05/22 0:56:49 PT [2021/05/22 3:56:49 ET]
Table 'Wild II' 9-max Seat #7 is the button
Seat 4: Dorex2007 ($2.10 in chips) 
Seat 7: donskoykazak170 ($2.04 in chips) 
Seat 9: bbespalov ($1.95 in chips) 
bbespalov: posts small blind $0.01
Dorex2007: posts big blind $0.02
*** HOLE CARDS ***
Dealt to Dorex2007 [2h 3s]
donskoykazak170: folds 
bbespalov: raises $0.05 to $0.07
Dorex2007: folds 
Uncalled bet ($0.05) returned to bbespalov
bbespalov collected $0.04 from pot
bbespalov: doesn't show hand 
*** SUMMARY ***
Total pot $0.04 | Rake $0 
Seat 4: Dorex2007 (big blind) folded before Flop
Seat 7: donskoykazak170 (button) folded before Flop (didn't bet)
Seat 9: bbespalov (small blind) collected ($0.04)



PokerStars Hand #226963240726:  Hold'em No Limit ($0.01/$0.02 USD) - 2021/05/22 0:57:01 PT [2021/05/22 3:57:01 ET]
Table 'Wild II' 9-max Seat #9 is the button
Seat 4: Dorex2007 ($2.08 in chips) 
Seat 7: donskoykazak170 ($2.04 in chips) 
Seat 9: bbespalov ($1.97 in chips) 
Dorex2007: posts small blind $0.01
donskoykazak170: posts big blind $0.02
*** HOLE CARDS ***
Dealt to Dorex2007 [7s Js]
bbespalov: folds 
Dorex2007: folds 
Uncalled bet ($0.01) returned to donskoykazak170
donskoykazak170 collected $0.02 from pot
donskoykazak170: doesn't show hand 
*** SUMMARY ***
Total pot $0.02 | Rake $0 
Seat 4: Dorex2007 (small blind) folded before Flop
Seat 7: donskoykazak170 (big blind) collected ($0.02)
Seat 9: bbespalov (button) folded before Flop (didn't bet)



PokerStars Hand #226963241861:  Hold'em No Limit ($0.01/$0.02 USD) - 2021/05/22 0:57:08 PT [2021/05/22 3:57:08 ET]
Table 'Wild II' 9-max Seat #4 is the button
Seat 4: Dorex2007 ($2.07 in chips) 
Seat 7: donskoykazak170 ($2.05 in chips) 
Seat 9: bbespalov ($1.97 in chips) 
donskoykazak170: posts small blind $0.01
bbespalov: posts big blind $0.02
*** HOLE CARDS ***
Dealt to Dorex2007 [3c Jc]
Dorex2007: folds 
donskoykazak170: folds 
Uncalled bet ($0.01) returned to bbespalov
donskoykazak170 leaves the table
Krol165 joins the table at seat #6 
bbespalov collected $0.02 from pot
bbespalov: doesn't show hand 
*** SUMMARY ***
Total pot $0.02 | Rake $0 
Seat 4: Dorex2007 (button) folded before Flop (didn't bet)
Seat 7: donskoykazak170 (small blind) folded before Flop
Seat 9: bbespalov (big blind) collected ($0.02)



