PokerStars Hand #223828033834:  Hold'em No Limit ($0.01/$0.02 USD) - 2021/02/14 17:32:48 PT [2021/02/14 20:32:48 ET]
Table 'Zanaih III' 9-max Seat #6 is the button
Seat 1: Dorex2007 ($1.50 in chips) 
Seat 2: dppkr102 ($2.75 in chips) 
Seat 4: G_E_M_P_S_A ($0.66 in chips) 
Seat 6: CptnAhab777 ($3.14 in chips) 
Seat 7: haibaneden ($2.08 in chips) 
Seat 8: Mirror830 ($3.71 in chips) 
Seat 9: European1000 ($2.19 in chips) 
haibaneden: posts small blind $0.01
Mirror830: posts big blind $0.02
Dorex2007: posts big blind $0.02
*** HOLE CARDS ***
Dealt to Dorex2007 [Kd Th]
European1000: folds 
Dorex2007: checks 
dppkr102: folds 
G_E_M_P_S_A: raises $0.64 to $0.66 and is all-in
CptnAhab777: folds 
haibaneden: folds 
Mirror830: folds 
Dorex2007: folds 
Uncalled bet ($0.64) returned to G_E_M_P_S_A
G_E_M_P_S_A collected $0.07 from pot
G_E_M_P_S_A: doesn't show hand 
*** SUMMARY ***
Total pot $0.07 | Rake $0 
Seat 1: Dorex2007 folded before Flop (didn't bet)
Seat 2: dppkr102 folded before Flop (didn't bet)
Seat 4: G_E_M_P_S_A collected ($0.07)
Seat 6: CptnAhab777 (button) folded before Flop (didn't bet)
Seat 7: haibaneden (small blind) folded before Flop
Seat 8: Mirror830 (big blind) folded before Flop
Seat 9: European1000 folded before Flop (didn't bet)



PokerStars Hand #223828040583:  Hold'em No Limit ($0.01/$0.02 USD) - 2021/02/14 17:33:07 PT [2021/02/14 20:33:07 ET]
Table 'Zanaih III' 9-max Seat #7 is the button
Seat 1: Dorex2007 ($1.48 in chips) 
Seat 2: dppkr102 ($2.75 in chips) 
Seat 4: G_E_M_P_S_A ($0.71 in chips) 
Seat 6: CptnAhab777 ($3.14 in chips) 
Seat 7: haibaneden ($2.07 in chips) 
Seat 8: Mirror830 ($3.69 in chips) 
Seat 9: European1000 ($2.19 in chips) 
Mirror830: posts small blind $0.01
European1000: posts big blind $0.02
*** HOLE CARDS ***
Dealt to Dorex2007 [7d 3s]
Dorex2007 has timed out
Dorex2007: folds 
dppkr102: folds 
G_E_M_P_S_A: raises $0.06 to $0.08
CptnAhab777: calls $0.08
haibaneden: folds 
Mirror830: folds 
European1000: folds 
*** FLOP *** [5s Qc 8c]
G_E_M_P_S_A: checks 
CptnAhab777: bets $0.08
G_E_M_P_S_A: calls $0.08
*** TURN *** [5s Qc 8c] [4c]
G_E_M_P_S_A: checks 
CptnAhab777: bets $0.18
G_E_M_P_S_A: calls $0.18
*** RIVER *** [5s Qc 8c 4c] [4d]
G_E_M_P_S_A: checks 
CptnAhab777: bets $0.38
G_E_M_P_S_A: folds 
Uncalled bet ($0.38) returned to CptnAhab777
CptnAhab777 collected $0.69 from pot
*** SUMMARY ***
Total pot $0.71 | Rake $0.02 
Board [5s Qc 8c 4c 4d]
Seat 1: Dorex2007 folded before Flop (didn't bet)
Seat 2: dppkr102 folded before Flop (didn't bet)
Seat 4: G_E_M_P_S_A folded on the River
Seat 6: CptnAhab777 collected ($0.69)
Seat 7: haibaneden (button) folded before Flop (didn't bet)
Seat 8: Mirror830 (small blind) folded before Flop
Seat 9: European1000 (big blind) folded before Flop



PokerStars Hand #223828064968:  Hold'em No Limit ($0.01/$0.02 USD) - 2021/02/14 17:34:18 PT [2021/02/14 20:34:18 ET]
Table 'Zanaih III' 9-max Seat #8 is the button
Seat 1: Dorex2007 ($1.48 in chips) 
Seat 2: dppkr102 ($2.75 in chips) 
Seat 4: G_E_M_P_S_A ($0.37 in chips) 
Seat 6: CptnAhab777 ($3.49 in chips) 
Seat 7: haibaneden ($2.07 in chips) 
Seat 8: Mirror830 ($3.68 in chips) 
Seat 9: European1000 ($2.17 in chips) 
European1000: posts small blind $0.01
Dorex2007: posts big blind $0.02
*** HOLE CARDS ***
Dealt to Dorex2007 [9s 8s]
dppkr102: raises $0.04 to $0.06
G_E_M_P_S_A: folds 
CptnAhab777: folds 
haibaneden: folds 
Mirror830: folds 
European1000: folds 
Dorex2007: folds 
Uncalled bet ($0.04) returned to dppkr102
dppkr102 collected $0.05 from pot
dppkr102: doesn't show hand 
*** SUMMARY ***
Total pot $0.05 | Rake $0 
Seat 1: Dorex2007 (big blind) folded before Flop
Seat 2: dppkr102 collected ($0.05)
Seat 4: G_E_M_P_S_A folded before Flop (didn't bet)
Seat 6: CptnAhab777 folded before Flop (didn't bet)
Seat 7: haibaneden folded before Flop (didn't bet)
Seat 8: Mirror830 (button) folded before Flop (didn't bet)
Seat 9: European1000 (small blind) folded before Flop



PokerStars Hand #223828069698:  Hold'em No Limit ($0.01/$0.02 USD) - 2021/02/14 17:34:32 PT [2021/02/14 20:34:32 ET]
Table 'Zanaih III' 9-max Seat #9 is the button
Seat 1: Dorex2007 ($1.46 in chips) 
Seat 2: dppkr102 ($2.78 in chips) 
Seat 4: G_E_M_P_S_A ($0.37 in chips) 
Seat 6: CptnAhab777 ($3.49 in chips) 
Seat 7: haibaneden ($2.07 in chips) 
Seat 8: Mirror830 ($3.68 in chips) 
Seat 9: European1000 ($2.16 in chips) 
Dorex2007: posts small blind $0.01
dppkr102: posts big blind $0.02
*** HOLE CARDS ***
Dealt to Dorex2007 [2s 5s]
G_E_M_P_S_A: folds 
CptnAhab777: folds 
haibaneden: folds 
Mirror830: folds 
European1000: folds 
Dorex2007: folds 
Uncalled bet ($0.01) returned to dppkr102
dppkr102 collected $0.02 from pot
dppkr102: doesn't show hand 
*** SUMMARY ***
Total pot $0.02 | Rake $0 
Seat 1: Dorex2007 (small blind) folded before Flop
Seat 2: dppkr102 (big blind) collected ($0.02)
Seat 4: G_E_M_P_S_A folded before Flop (didn't bet)
Seat 6: CptnAhab777 folded before Flop (didn't bet)
Seat 7: haibaneden folded before Flop (didn't bet)
Seat 8: Mirror830 folded before Flop (didn't bet)
Seat 9: European1000 (button) folded before Flop (didn't bet)



PokerStars Hand #223828076599:  Hold'em No Limit ($0.01/$0.02 USD) - 2021/02/14 17:34:52 PT [2021/02/14 20:34:52 ET]
Table 'Zanaih III' 9-max Seat #1 is the button
Seat 1: Dorex2007 ($1.45 in chips) 
Seat 2: dppkr102 ($2.79 in chips) 
Seat 4: G_E_M_P_S_A ($0.37 in chips) 
Seat 6: CptnAhab777 ($3.49 in chips) 
Seat 7: haibaneden ($2.07 in chips) 
Seat 8: Mirror830 ($3.68 in chips) 
Seat 9: European1000 ($2.16 in chips) 
dppkr102: posts small blind $0.01
G_E_M_P_S_A: posts big blind $0.02
*** HOLE CARDS ***
Dealt to Dorex2007 [5h 9s]
CptnAhab777: folds 
haibaneden: folds 
Mirror830: folds 
European1000: folds 
Dorex2007: folds 
dppkr102: raises $0.04 to $0.06
G_E_M_P_S_A: calls $0.04
*** FLOP *** [9c 2s Jh]
dppkr102: bets $0.09
G_E_M_P_S_A: folds 
Uncalled bet ($0.09) returned to dppkr102
dppkr102 collected $0.12 from pot
dppkr102: doesn't show hand 
*** SUMMARY ***
Total pot $0.12 | Rake $0 
Board [9c 2s Jh]
Seat 1: Dorex2007 (button) folded before Flop (didn't bet)
Seat 2: dppkr102 (small blind) collected ($0.12)
Seat 4: G_E_M_P_S_A (big blind) folded on the Flop
Seat 6: CptnAhab777 folded before Flop (didn't bet)
Seat 7: haibaneden folded before Flop (didn't bet)
Seat 8: Mirror830 folded before Flop (didn't bet)
Seat 9: European1000 folded before Flop (didn't bet)



PokerStars Hand #223828087471:  Hold'em No Limit ($0.01/$0.02 USD) - 2021/02/14 17:35:24 PT [2021/02/14 20:35:24 ET]
Table 'Zanaih III' 9-max Seat #2 is the button
Seat 1: Dorex2007 ($1.45 in chips) 
Seat 2: dppkr102 ($2.85 in chips) 
Seat 4: G_E_M_P_S_A ($0.31 in chips) 
Seat 6: CptnAhab777 ($3.49 in chips) 
Seat 7: haibaneden ($2.07 in chips) 
Seat 8: Mirror830 ($3.68 in chips) 
Seat 9: European1000 ($2.16 in chips) 
G_E_M_P_S_A: posts small blind $0.01
CptnAhab777: posts big blind $0.02
*** HOLE CARDS ***
Dealt to Dorex2007 [7h Th]
haibaneden: folds 
Mirror830: raises $0.04 to $0.06
European1000: folds 
Dorex2007: folds 
dppkr102: folds 
G_E_M_P_S_A: folds 
CptnAhab777: folds 
Uncalled bet ($0.04) returned to Mirror830
Mirror830 collected $0.05 from pot
Mirror830: doesn't show hand 
*** SUMMARY ***
Total pot $0.05 | Rake $0 
Seat 1: Dorex2007 folded before Flop (didn't bet)
Seat 2: dppkr102 (button) folded before Flop (didn't bet)
Seat 4: G_E_M_P_S_A (small blind) folded before Flop
Seat 6: CptnAhab777 (big blind) folded before Flop
Seat 7: haibaneden folded before Flop (didn't bet)
Seat 8: Mirror830 collected ($0.05)
Seat 9: European1000 folded before Flop (didn't bet)



PokerStars Hand #223828094882:  Hold'em No Limit ($0.01/$0.02 USD) - 2021/02/14 17:35:45 PT [2021/02/14 20:35:45 ET]
Table 'Zanaih III' 9-max Seat #4 is the button
Seat 1: Dorex2007 ($1.45 in chips) 
Seat 2: dppkr102 ($2.85 in chips) 
Seat 4: G_E_M_P_S_A ($0.30 in chips) 
Seat 6: CptnAhab777 ($3.47 in chips) 
Seat 7: haibaneden ($2.07 in chips) 
Seat 8: Mirror830 ($3.71 in chips) 
Seat 9: European1000 ($2.16 in chips) 
CptnAhab777: posts small blind $0.01
haibaneden: posts big blind $0.02
FERNANDO428: sits out 
*** HOLE CARDS ***
Dealt to Dorex2007 [3d 5h]
Mirror830: folds 
European1000: folds 
Dorex2007: folds 
dppkr102: folds 
G_E_M_P_S_A: folds 
CptnAhab777: raises $0.04 to $0.06
haibaneden: folds 
Uncalled bet ($0.04) returned to CptnAhab777
CptnAhab777 collected $0.04 from pot
*** SUMMARY ***
Total pot $0.04 | Rake $0 
Seat 1: Dorex2007 folded before Flop (didn't bet)
Seat 2: dppkr102 folded before Flop (didn't bet)
Seat 4: G_E_M_P_S_A (button) folded before Flop (didn't bet)
Seat 6: CptnAhab777 (small blind) collected ($0.04)
Seat 7: haibaneden (big blind) folded before Flop
Seat 8: Mirror830 folded before Flop (didn't bet)
Seat 9: European1000 folded before Flop (didn't bet)



PokerStars Hand #223828104167:  Hold'em No Limit ($0.01/$0.02 USD) - 2021/02/14 17:36:12 PT [2021/02/14 20:36:12 ET]
Table 'Zanaih III' 9-max Seat #6 is the button
Seat 1: Dorex2007 ($1.45 in chips) 
Seat 2: dppkr102 ($2.85 in chips) 
Seat 4: G_E_M_P_S_A ($0.30 in chips) 
Seat 6: CptnAhab777 ($3.49 in chips) 
Seat 7: haibaneden ($2.05 in chips) 
Seat 8: Mirror830 ($3.71 in chips) 
Seat 9: European1000 ($2.16 in chips) 
haibaneden: posts small blind $0.01
Mirror830: posts big blind $0.02
FERNANDO428: sits out 
*** HOLE CARDS ***
Dealt to Dorex2007 [2s 3d]
European1000: folds 
Dorex2007: folds 
dppkr102: folds 
G_E_M_P_S_A: folds 
CptnAhab777: folds 
haibaneden: raises $0.03 to $0.05
Mirror830: calls $0.03
*** FLOP *** [5h 9h 3h]
haibaneden: checks 
Mirror830: bets $0.03
haibaneden: folds 
Uncalled bet ($0.03) returned to Mirror830
Mirror830 collected $0.10 from pot
Mirror830: doesn't show hand 
*** SUMMARY ***
Total pot $0.10 | Rake $0 
Board [5h 9h 3h]
Seat 1: Dorex2007 folded before Flop (didn't bet)
Seat 2: dppkr102 folded before Flop (didn't bet)
Seat 4: G_E_M_P_S_A folded before Flop (didn't bet)
Seat 6: CptnAhab777 (button) folded before Flop (didn't bet)
Seat 7: haibaneden (small blind) folded on the Flop
Seat 8: Mirror830 (big blind) collected ($0.10)
Seat 9: European1000 folded before Flop (didn't bet)



PokerStars Hand #223828116183:  Hold'em No Limit ($0.01/$0.02 USD) - 2021/02/14 17:36:47 PT [2021/02/14 20:36:47 ET]
Table 'Zanaih III' 9-max Seat #7 is the button
Seat 1: Dorex2007 ($1.45 in chips) 
Seat 2: dppkr102 ($2.85 in chips) 
Seat 4: G_E_M_P_S_A ($0.30 in chips) 
Seat 6: CptnAhab777 ($3.49 in chips) 
Seat 7: haibaneden ($2 in chips) 
Seat 8: Mirror830 ($3.76 in chips) 
Seat 9: European1000 ($2.16 in chips) 
Mirror830: posts small blind $0.01
European1000: posts big blind $0.02
FERNANDO428: sits out 
*** HOLE CARDS ***
Dealt to Dorex2007 [Tc 7d]
Dorex2007: folds 
dppkr102: folds 
G_E_M_P_S_A: folds 
CptnAhab777: folds 
haibaneden: folds 
Mirror830: folds 
Uncalled bet ($0.01) returned to European1000
European1000 collected $0.02 from pot
European1000: doesn't show hand 
*** SUMMARY ***
Total pot $0.02 | Rake $0 
Seat 1: Dorex2007 folded before Flop (didn't bet)
Seat 2: dppkr102 folded before Flop (didn't bet)
Seat 4: G_E_M_P_S_A folded before Flop (didn't bet)
Seat 6: CptnAhab777 folded before Flop (didn't bet)
Seat 7: haibaneden (button) folded before Flop (didn't bet)
Seat 8: Mirror830 (small blind) folded before Flop
Seat 9: European1000 (big blind) collected ($0.02)



PokerStars Hand #223828121109:  Hold'em No Limit ($0.01/$0.02 USD) - 2021/02/14 17:37:01 PT [2021/02/14 20:37:01 ET]
Table 'Zanaih III' 9-max Seat #8 is the button
Seat 1: Dorex2007 ($1.45 in chips) 
Seat 2: dppkr102 ($2.85 in chips) 
Seat 4: G_E_M_P_S_A ($0.30 in chips) 
Seat 6: CptnAhab777 ($3.49 in chips) 
Seat 7: haibaneden ($2 in chips) 
Seat 8: Mirror830 ($3.75 in chips) 
Seat 9: European1000 ($2.17 in chips) 
European1000: posts small blind $0.01
Dorex2007: posts big blind $0.02
FERNANDO428: sits out 
*** HOLE CARDS ***
Dealt to Dorex2007 [2c Ad]
dppkr102: folds 
G_E_M_P_S_A: raises $0.06 to $0.08
CptnAhab777: folds 
haibaneden: folds 
Mirror830: folds 
European1000: folds 
Dorex2007: folds 
Uncalled bet ($0.06) returned to G_E_M_P_S_A
G_E_M_P_S_A collected $0.05 from pot
G_E_M_P_S_A: doesn't show hand 
*** SUMMARY ***
Total pot $0.05 | Rake $0 
Seat 1: Dorex2007 (big blind) folded before Flop
Seat 2: dppkr102 folded before Flop (didn't bet)
Seat 4: G_E_M_P_S_A collected ($0.05)
Seat 6: CptnAhab777 folded before Flop (didn't bet)
Seat 7: haibaneden folded before Flop (didn't bet)
Seat 8: Mirror830 (button) folded before Flop (didn't bet)
Seat 9: European1000 (small blind) folded before Flop



PokerStars Hand #223828131413:  Hold'em No Limit ($0.01/$0.02 USD) - 2021/02/14 17:37:17 PT [2021/02/14 20:37:17 ET]
Table 'Zanaih III' 9-max Seat #9 is the button
Seat 1: Dorex2007 ($1.43 in chips) 
Seat 2: dppkr102 ($2.85 in chips) 
Seat 4: G_E_M_P_S_A ($0.33 in chips) 
Seat 6: CptnAhab777 ($3.49 in chips) 
Seat 7: haibaneden ($2 in chips) 
Seat 8: Mirror830 ($3.75 in chips) 
Seat 9: European1000 ($2.16 in chips) 
Dorex2007: posts small blind $0.01
dppkr102: posts big blind $0.02
FERNANDO428: sits out 
*** HOLE CARDS ***
Dealt to Dorex2007 [9s 3s]
G_E_M_P_S_A: folds 
CptnAhab777: folds 
haibaneden: folds 
Mirror830: raises $0.04 to $0.06
European1000: folds 
Dorex2007: folds 
dppkr102: folds 
Uncalled bet ($0.04) returned to Mirror830
Mirror830 collected $0.05 from pot
Mirror830: doesn't show hand 
*** SUMMARY ***
Total pot $0.05 | Rake $0 
Seat 1: Dorex2007 (small blind) folded before Flop
Seat 2: dppkr102 (big blind) folded before Flop
Seat 4: G_E_M_P_S_A folded before Flop (didn't bet)
Seat 6: CptnAhab777 folded before Flop (didn't bet)
Seat 7: haibaneden folded before Flop (didn't bet)
Seat 8: Mirror830 collected ($0.05)
Seat 9: European1000 (button) folded before Flop (didn't bet)



PokerStars Hand #223828145481:  Hold'em No Limit ($0.01/$0.02 USD) - 2021/02/14 17:37:58 PT [2021/02/14 20:37:58 ET]
Table 'Zanaih III' 9-max Seat #1 is the button
Seat 1: Dorex2007 ($1.42 in chips) 
Seat 2: dppkr102 ($2.83 in chips) 
Seat 3: FERNANDO428 ($2.78 in chips) 
Seat 4: G_E_M_P_S_A ($0.33 in chips) 
Seat 6: CptnAhab777 ($3.49 in chips) 
Seat 7: haibaneden ($2 in chips) 
Seat 8: Mirror830 ($3.78 in chips) 
Seat 9: European1000 ($2.16 in chips) 
dppkr102: posts small blind $0.01
FERNANDO428: posts big blind $0.02
*** HOLE CARDS ***
Dealt to Dorex2007 [9d 7s]
G_E_M_P_S_A: folds 
CptnAhab777: folds 
haibaneden: folds 
Mirror830: raises $0.04 to $0.06
European1000: folds 
Dorex2007: folds 
dppkr102: folds 
FERNANDO428: folds 
Uncalled bet ($0.04) returned to Mirror830
Mirror830 collected $0.05 from pot
Mirror830: doesn't show hand 
*** SUMMARY ***
Total pot $0.05 | Rake $0 
Seat 1: Dorex2007 (button) folded before Flop (didn't bet)
Seat 2: dppkr102 (small blind) folded before Flop
Seat 3: FERNANDO428 (big blind) folded before Flop
Seat 4: G_E_M_P_S_A folded before Flop (didn't bet)
Seat 6: CptnAhab777 folded before Flop (didn't bet)
Seat 7: haibaneden folded before Flop (didn't bet)
Seat 8: Mirror830 collected ($0.05)
Seat 9: European1000 folded before Flop (didn't bet)



PokerStars Hand #223828187920:  Hold'em No Limit ($0.01/$0.02 USD) - 2021/02/14 17:40:05 PT [2021/02/14 20:40:05 ET]
Table 'Zanaih III' 9-max Seat #4 is the button
Seat 1: Dorex2007 ($1.42 in chips) 
Seat 2: dppkr102 ($2.82 in chips) 
Seat 3: FERNANDO428 ($2.75 in chips) 
Seat 4: G_E_M_P_S_A ($0.29 in chips) 
Seat 6: CptnAhab777 ($3.46 in chips) 
Seat 7: haibaneden ($2 in chips) 
Seat 8: Mirror830 ($3.81 in chips) 
Seat 9: European1000 ($2.24 in chips) 
CptnAhab777: posts small blind $0.01
haibaneden: posts big blind $0.02
*** HOLE CARDS ***
Dealt to Dorex2007 [Ah 3d]
Mirror830: folds 
European1000: folds 
Dorex2007: calls $0.02
dppkr102: folds 
FERNANDO428: calls $0.02
G_E_M_P_S_A: folds 
CptnAhab777: calls $0.01
haibaneden: raises $0.26 to $0.28
Dorex2007: folds 
FERNANDO428: folds 
CptnAhab777: folds 
Uncalled bet ($0.26) returned to haibaneden
haibaneden collected $0.08 from pot
haibaneden: doesn't show hand 
*** SUMMARY ***
Total pot $0.08 | Rake $0 
Seat 1: Dorex2007 folded before Flop
Seat 2: dppkr102 folded before Flop (didn't bet)
Seat 3: FERNANDO428 folded before Flop
Seat 4: G_E_M_P_S_A (button) folded before Flop (didn't bet)
Seat 6: CptnAhab777 (small blind) folded before Flop
Seat 7: haibaneden (big blind) collected ($0.08)
Seat 8: Mirror830 folded before Flop (didn't bet)
Seat 9: European1000 folded before Flop (didn't bet)



PokerStars Hand #223828197545:  Hold'em No Limit ($0.01/$0.02 USD) - 2021/02/14 17:40:33 PT [2021/02/14 20:40:33 ET]
Table 'Zanaih III' 9-max Seat #6 is the button
Seat 1: Dorex2007 ($1.40 in chips) 
Seat 2: dppkr102 ($2.82 in chips) 
Seat 3: FERNANDO428 ($2.73 in chips) 
Seat 4: G_E_M_P_S_A ($0.29 in chips) 
Seat 6: CptnAhab777 ($3.44 in chips) 
Seat 7: haibaneden ($2.06 in chips) 
Seat 8: Mirror830 ($3.81 in chips) 
haibaneden: posts small blind $0.01
Mirror830: posts big blind $0.02
*** HOLE CARDS ***
Dealt to Dorex2007 [8c As]
Dorex2007: folds 
dppkr102: folds 
FERNANDO428: folds 
G_E_M_P_S_A: folds 
CptnAhab777: folds 
haibaneden: folds 
Uncalled bet ($0.01) returned to Mirror830
Mirror830 collected $0.02 from pot
Mirror830: doesn't show hand 
*** SUMMARY ***
Total pot $0.02 | Rake $0 
Seat 1: Dorex2007 folded before Flop (didn't bet)
Seat 2: dppkr102 folded before Flop (didn't bet)
Seat 3: FERNANDO428 folded before Flop (didn't bet)
Seat 4: G_E_M_P_S_A folded before Flop (didn't bet)
Seat 6: CptnAhab777 (button) folded before Flop (didn't bet)
Seat 7: haibaneden (small blind) folded before Flop
Seat 8: Mirror830 (big blind) collected ($0.02)



PokerStars Hand #223828203117:  Hold'em No Limit ($0.01/$0.02 USD) - 2021/02/14 17:40:50 PT [2021/02/14 20:40:50 ET]
Table 'Zanaih III' 9-max Seat #7 is the button
Seat 1: Dorex2007 ($1.40 in chips) 
Seat 2: dppkr102 ($2.82 in chips) 
Seat 3: FERNANDO428 ($2.73 in chips) 
Seat 4: G_E_M_P_S_A ($0.29 in chips) 
Seat 6: CptnAhab777 ($3.44 in chips) 
Seat 7: haibaneden ($2.05 in chips) 
Seat 8: Mirror830 ($3.82 in chips) 
Mirror830: posts small blind $0.01
Dorex2007: posts big blind $0.02
*** HOLE CARDS ***
Dealt to Dorex2007 [8h Jd]
dppkr102: folds 
FERNANDO428: folds 
G_E_M_P_S_A: folds 
CptnAhab777: raises $0.04 to $0.06
haibaneden: folds 
Mirror830: folds 
Dorex2007: folds 
Uncalled bet ($0.04) returned to CptnAhab777
CptnAhab777 collected $0.05 from pot
*** SUMMARY ***
Total pot $0.05 | Rake $0 
Seat 1: Dorex2007 (big blind) folded before Flop
Seat 2: dppkr102 folded before Flop (didn't bet)
Seat 3: FERNANDO428 folded before Flop (didn't bet)
Seat 4: G_E_M_P_S_A folded before Flop (didn't bet)
Seat 6: CptnAhab777 collected ($0.05)
Seat 7: haibaneden (button) folded before Flop (didn't bet)
Seat 8: Mirror830 (small blind) folded before Flop



PokerStars Hand #223828211813:  Hold'em No Limit ($0.01/$0.02 USD) - 2021/02/14 17:41:16 PT [2021/02/14 20:41:16 ET]
Table 'Zanaih III' 9-max Seat #8 is the button
Seat 1: Dorex2007 ($1.38 in chips) 
Seat 2: dppkr102 ($2.82 in chips) 
Seat 3: FERNANDO428 ($2.73 in chips) 
Seat 4: G_E_M_P_S_A ($0.29 in chips) 
Seat 6: CptnAhab777 ($3.47 in chips) 
Seat 7: haibaneden ($2.05 in chips) 
Seat 8: Mirror830 ($3.81 in chips) 
Dorex2007: posts small blind $0.01
dppkr102: posts big blind $0.02
*** HOLE CARDS ***
Dealt to Dorex2007 [Ah As]
POLLO ISRA75 is disconnected 
FERNANDO428: calls $0.02
G_E_M_P_S_A: folds 
CptnAhab777: folds 
haibaneden: folds 
Mirror830: folds 
Dorex2007: raises $0.04 to $0.06
dppkr102: folds 
FERNANDO428: calls $0.04
*** FLOP *** [2c 3h 6h]
Dorex2007: checks 
FERNANDO428: checks 
*** TURN *** [2c 3h 6h] [9h]
Dorex2007: bets $0.07
FERNANDO428: calls $0.07
*** RIVER *** [2c 3h 6h 9h] [6c]
Dorex2007: bets $0.14
FERNANDO428: calls $0.14
*** SHOW DOWN ***
Dorex2007: shows [Ah As] (two pair, Aces and Sixes)
FERNANDO428: mucks hand 
Dorex2007 collected $0.54 from pot
*** SUMMARY ***
Total pot $0.56 | Rake $0.02 
Board [2c 3h 6h 9h 6c]
Seat 1: Dorex2007 (small blind) showed [Ah As] and won ($0.54) with two pair, Aces and Sixes
Seat 2: dppkr102 (big blind) folded before Flop
Seat 3: FERNANDO428 mucked [Ac Tc]
Seat 4: G_E_M_P_S_A folded before Flop (didn't bet)
Seat 6: CptnAhab777 folded before Flop (didn't bet)
Seat 7: haibaneden folded before Flop (didn't bet)
Seat 8: Mirror830 (button) folded before Flop (didn't bet)



PokerStars Hand #223828237773:  Hold'em No Limit ($0.01/$0.02 USD) - 2021/02/14 17:42:08 PT [2021/02/14 20:42:08 ET]
Table 'Zanaih III' 9-max Seat #1 is the button
Seat 1: Dorex2007 ($1.65 in chips) 
Seat 2: dppkr102 ($2.80 in chips) 
Seat 3: FERNANDO428 ($2.46 in chips) 
Seat 4: G_E_M_P_S_A ($0.29 in chips) 
Seat 6: CptnAhab777 ($3.47 in chips) 
Seat 7: haibaneden ($2.05 in chips) 
Seat 8: Mirror830 ($3.81 in chips) 
Seat 9: European1000 ($2.24 in chips) 
dppkr102: posts small blind $0.01
FERNANDO428: posts big blind $0.02
European1000: posts small & big blinds $0.03
*** HOLE CARDS ***
Dealt to Dorex2007 [Qs 5s]
G_E_M_P_S_A: folds 
CptnAhab777: folds 
haibaneden: raises $0.16 to $0.18
Mirror830: folds 
European1000: folds 
Dorex2007: folds 
dppkr102: folds 
FERNANDO428: calls $0.16
*** FLOP *** [4s 3s As]
FERNANDO428: checks 
haibaneden: bets $0.22
FERNANDO428: calls $0.22
*** TURN *** [4s 3s As] [Td]
FERNANDO428: checks 
haibaneden: checks 
*** RIVER *** [4s 3s As Td] [2c]
FERNANDO428: checks 
haibaneden: checks 
*** SHOW DOWN ***
FERNANDO428: shows [Qh Qd] (a pair of Queens)
haibaneden: shows [Kh Kd] (a pair of Kings)
haibaneden collected $0.81 from pot
*** SUMMARY ***
Total pot $0.84 | Rake $0.03 
Board [4s 3s As Td 2c]
Seat 1: Dorex2007 (button) folded before Flop (didn't bet)
Seat 2: dppkr102 (small blind) folded before Flop
Seat 3: FERNANDO428 (big blind) showed [Qh Qd] and lost with a pair of Queens
Seat 4: G_E_M_P_S_A folded before Flop (didn't bet)
Seat 6: CptnAhab777 folded before Flop (didn't bet)
Seat 7: haibaneden showed [Kh Kd] and won ($0.81) with a pair of Kings
Seat 8: Mirror830 folded before Flop (didn't bet)
Seat 9: European1000 folded before Flop (didn't bet)



PokerStars Hand #223828250327:  Hold'em No Limit ($0.01/$0.02 USD) - 2021/02/14 17:42:45 PT [2021/02/14 20:42:45 ET]
Table 'Zanaih III' 9-max Seat #2 is the button
Seat 1: Dorex2007 ($1.65 in chips) 
Seat 2: dppkr102 ($2.79 in chips) 
Seat 3: FERNANDO428 ($2.06 in chips) 
Seat 4: G_E_M_P_S_A ($0.29 in chips) 
Seat 6: CptnAhab777 ($3.47 in chips) 
Seat 7: haibaneden ($2.46 in chips) 
Seat 8: Mirror830 ($3.81 in chips) 
Seat 9: European1000 ($2.21 in chips) 
FERNANDO428: posts small blind $0.01
G_E_M_P_S_A: posts big blind $0.02
*** HOLE CARDS ***
Dealt to Dorex2007 [3h 9d]
CptnAhab777: folds 
haibaneden: folds 
Mirror830: folds 
European1000: folds 
Dorex2007: folds 
dppkr102: folds 
FERNANDO428: folds 
Uncalled bet ($0.01) returned to G_E_M_P_S_A
G_E_M_P_S_A collected $0.02 from pot
G_E_M_P_S_A: doesn't show hand 
*** SUMMARY ***
Total pot $0.02 | Rake $0 
Seat 1: Dorex2007 folded before Flop (didn't bet)
Seat 2: dppkr102 (button) folded before Flop (didn't bet)
Seat 3: FERNANDO428 (small blind) folded before Flop
Seat 4: G_E_M_P_S_A (big blind) collected ($0.02)
Seat 6: CptnAhab777 folded before Flop (didn't bet)
Seat 7: haibaneden folded before Flop (didn't bet)
Seat 8: Mirror830 folded before Flop (didn't bet)
Seat 9: European1000 folded before Flop (didn't bet)



PokerStars Hand #223828254639:  Hold'em No Limit ($0.01/$0.02 USD) - 2021/02/14 17:42:58 PT [2021/02/14 20:42:58 ET]
Table 'Zanaih III' 9-max Seat #3 is the button
Seat 1: Dorex2007 ($1.65 in chips) 
Seat 2: dppkr102 ($2.79 in chips) 
Seat 3: FERNANDO428 ($2.05 in chips) 
Seat 4: G_E_M_P_S_A ($0.30 in chips) 
Seat 6: CptnAhab777 ($3.47 in chips) 
Seat 7: haibaneden ($2.46 in chips) 
Seat 8: Mirror830 ($3.81 in chips) 
Seat 9: European1000 ($2.21 in chips) 
G_E_M_P_S_A: posts small blind $0.01
CptnAhab777: posts big blind $0.02
*** HOLE CARDS ***
Dealt to Dorex2007 [7s 5h]
haibaneden: folds 
Mirror830: folds 
European1000: calls $0.02
Dorex2007: folds 
dppkr102: folds 
FERNANDO428: folds 
G_E_M_P_S_A: folds 
CptnAhab777: checks 
*** FLOP *** [Ks 9h 3h]
CptnAhab777: bets $0.05
European1000: calls $0.05
*** TURN *** [Ks 9h 3h] [Th]
CptnAhab777: bets $0.14
FERNANDO428 leaves the table
European1000: folds 
Uncalled bet ($0.14) returned to CptnAhab777
CptnAhab777 collected $0.14 from pot
POLLO ISRA75 was removed from the table for failing to post
POLLO ISRA75 leaves the table
*** SUMMARY ***
Total pot $0.15 | Rake $0.01 
Board [Ks 9h 3h Th]
Seat 1: Dorex2007 folded before Flop (didn't bet)
Seat 2: dppkr102 folded before Flop (didn't bet)
Seat 3: FERNANDO428 (button) folded before Flop (didn't bet)
Seat 4: G_E_M_P_S_A (small blind) folded before Flop
Seat 6: CptnAhab777 (big blind) collected ($0.14)
Seat 7: haibaneden folded before Flop (didn't bet)
Seat 8: Mirror830 folded before Flop (didn't bet)
Seat 9: European1000 folded on the Turn



PokerStars Hand #223828272401:  Hold'em No Limit ($0.01/$0.02 USD) - 2021/02/14 17:43:51 PT [2021/02/14 20:43:51 ET]
Table 'Zanaih III' 9-max Seat #4 is the button
Seat 1: Dorex2007 ($1.65 in chips) 
Seat 2: dppkr102 ($2.79 in chips) 
Seat 4: G_E_M_P_S_A ($0.29 in chips) 
Seat 6: CptnAhab777 ($3.54 in chips) 
Seat 7: haibaneden ($2.46 in chips) 
Seat 8: Mirror830 ($3.81 in chips) 
Seat 9: European1000 ($2.14 in chips) 
CptnAhab777: posts small blind $0.01
haibaneden: posts big blind $0.02
*** HOLE CARDS ***
Dealt to Dorex2007 [7c Kd]
Mirror830: folds 
European1000: folds 
nkvni joins the table at seat #3 
Dorex2007: folds 
dppkr102: folds 
G_E_M_P_S_A: folds 
CptnAhab777: folds 
Uncalled bet ($0.01) returned to haibaneden
haibaneden collected $0.02 from pot
haibaneden: doesn't show hand 
*** SUMMARY ***
Total pot $0.02 | Rake $0 
Seat 1: Dorex2007 folded before Flop (didn't bet)
Seat 2: dppkr102 folded before Flop (didn't bet)
Seat 4: G_E_M_P_S_A (button) folded before Flop (didn't bet)
Seat 6: CptnAhab777 (small blind) folded before Flop
Seat 7: haibaneden (big blind) collected ($0.02)
Seat 8: Mirror830 folded before Flop (didn't bet)
Seat 9: European1000 folded before Flop (didn't bet)



PokerStars Hand #223828279614:  Hold'em No Limit ($0.01/$0.02 USD) - 2021/02/14 17:44:13 PT [2021/02/14 20:44:13 ET]
Table 'Zanaih III' 9-max Seat #6 is the button
Seat 1: Dorex2007 ($1.65 in chips) 
Seat 2: dppkr102 ($2.79 in chips) 
Seat 3: nkvni ($2 in chips) 
Seat 4: G_E_M_P_S_A ($0.29 in chips) 
Seat 6: CptnAhab777 ($3.53 in chips) 
Seat 7: haibaneden ($2.47 in chips) 
Seat 8: Mirror830 ($3.81 in chips) 
Seat 9: European1000 ($2.14 in chips) 
haibaneden: posts small blind $0.01
Mirror830: posts big blind $0.02
nkvni: posts big blind $0.02
*** HOLE CARDS ***
Dealt to Dorex2007 [3s Th]
European1000: folds 
Dorex2007: folds 
dppkr102: raises $0.06 to $0.08
nkvni: folds 
G_E_M_P_S_A: folds 
CptnAhab777: folds 
haibaneden: folds 
Mirror830: folds 
Uncalled bet ($0.06) returned to dppkr102
dppkr102 collected $0.07 from pot
dppkr102: doesn't show hand 
*** SUMMARY ***
Total pot $0.07 | Rake $0 
Seat 1: Dorex2007 folded before Flop (didn't bet)
Seat 2: dppkr102 collected ($0.07)
Seat 3: nkvni folded before Flop (didn't bet)
Seat 4: G_E_M_P_S_A folded before Flop (didn't bet)
Seat 6: CptnAhab777 (button) folded before Flop (didn't bet)
Seat 7: haibaneden (small blind) folded before Flop
Seat 8: Mirror830 (big blind) folded before Flop
Seat 9: European1000 folded before Flop (didn't bet)



PokerStars Hand #223828292950:  Hold'em No Limit ($0.01/$0.02 USD) - 2021/02/14 17:44:36 PT [2021/02/14 20:44:36 ET]
Table 'Zanaih III' 9-max Seat #7 is the button
Seat 1: Dorex2007 ($1.65 in chips) 
Seat 2: dppkr102 ($2.84 in chips) 
Seat 3: nkvni ($1.98 in chips) 
Seat 4: G_E_M_P_S_A ($0.29 in chips) 
Seat 6: CptnAhab777 ($3.53 in chips) 
Seat 7: haibaneden ($2.46 in chips) 
Seat 8: Mirror830 ($3.79 in chips) 
Seat 9: European1000 ($2.14 in chips) 
Mirror830: posts small blind $0.01
European1000: posts big blind $0.02
*** HOLE CARDS ***
Dealt to Dorex2007 [9c 4d]
Dorex2007: folds 
dppkr102: folds 
nkvni: folds 
G_E_M_P_S_A: folds 
CptnAhab777: folds 
haibaneden: raises $0.03 to $0.05
Mirror830: folds 
European1000: calls $0.03
*** FLOP *** [6h Kd Ts]
European1000: checks 
haibaneden: bets $0.07
European1000: folds 
Uncalled bet ($0.07) returned to haibaneden
haibaneden collected $0.11 from pot
haibaneden: doesn't show hand 
*** SUMMARY ***
Total pot $0.11 | Rake $0 
Board [6h Kd Ts]
Seat 1: Dorex2007 folded before Flop (didn't bet)
Seat 2: dppkr102 folded before Flop (didn't bet)
Seat 3: nkvni folded before Flop (didn't bet)
Seat 4: G_E_M_P_S_A folded before Flop (didn't bet)
Seat 6: CptnAhab777 folded before Flop (didn't bet)
Seat 7: haibaneden (button) collected ($0.11)
Seat 8: Mirror830 (small blind) folded before Flop
Seat 9: European1000 (big blind) folded on the Flop



PokerStars Hand #223828305220:  Hold'em No Limit ($0.01/$0.02 USD) - 2021/02/14 17:45:13 PT [2021/02/14 20:45:13 ET]
Table 'Zanaih III' 9-max Seat #8 is the button
Seat 1: Dorex2007 ($1.65 in chips) 
Seat 2: dppkr102 ($2.84 in chips) 
Seat 3: nkvni ($1.98 in chips) 
Seat 4: G_E_M_P_S_A ($0.29 in chips) 
Seat 6: CptnAhab777 ($3.53 in chips) 
Seat 7: haibaneden ($2.52 in chips) 
Seat 8: Mirror830 ($3.78 in chips) 
Seat 9: European1000 ($2.09 in chips) 
European1000: posts small blind $0.01
Dorex2007: posts big blind $0.02
*** HOLE CARDS ***
Dealt to Dorex2007 [Qh As]
dppkr102: folds 
WashRamos joins the table at seat #5 
nkvni: folds 
G_E_M_P_S_A: folds 
CptnAhab777: folds 
haibaneden: folds 
Mirror830: folds 
European1000: calls $0.01
Dorex2007: checks 
*** FLOP *** [3s Qs 8d]
WashRamos leaves the table
European1000: bets $0.02
Dorex2007: raises $0.02 to $0.04
European1000: calls $0.02
*** TURN *** [3s Qs 8d] [2s]
European1000: bets $0.06
Dorex2007: calls $0.06
*** RIVER *** [3s Qs 8d 2s] [6c]
manixleking joins the table at seat #5 
European1000: checks 
Dorex2007: checks 
*** SHOW DOWN ***
European1000: shows [5s Ah] (high card Ace)
Dorex2007: shows [Qh As] (a pair of Queens)
Dorex2007 collected $0.23 from pot
*** SUMMARY ***
Total pot $0.24 | Rake $0.01 
Board [3s Qs 8d 2s 6c]
Seat 1: Dorex2007 (big blind) showed [Qh As] and won ($0.23) with a pair of Queens
Seat 2: dppkr102 folded before Flop (didn't bet)
Seat 3: nkvni folded before Flop (didn't bet)
Seat 4: G_E_M_P_S_A folded before Flop (didn't bet)
Seat 6: CptnAhab777 folded before Flop (didn't bet)
Seat 7: haibaneden folded before Flop (didn't bet)
Seat 8: Mirror830 (button) folded before Flop (didn't bet)
Seat 9: European1000 (small blind) showed [5s Ah] and lost with high card Ace



PokerStars Hand #223828319859:  Hold'em No Limit ($0.01/$0.02 USD) - 2021/02/14 17:45:57 PT [2021/02/14 20:45:57 ET]
Table 'Zanaih III' 9-max Seat #9 is the button
Seat 1: Dorex2007 ($1.76 in chips) 
Seat 2: dppkr102 ($2.84 in chips) 
Seat 3: nkvni ($1.98 in chips) 
Seat 4: G_E_M_P_S_A ($0.29 in chips) 
Seat 6: CptnAhab777 ($3.53 in chips) 
Seat 7: haibaneden ($2.52 in chips) 
Seat 8: Mirror830 ($3.78 in chips) 
Seat 9: European1000 ($1.97 in chips) 
Dorex2007: posts small blind $0.01
dppkr102: posts big blind $0.02
manixleking: sits out 
*** HOLE CARDS ***
Dealt to Dorex2007 [Ad 6d]
nkvni: folds 
G_E_M_P_S_A: raises $0.06 to $0.08
CptnAhab777: folds 
haibaneden: folds 
Mirror830: folds 
European1000: folds 
Dorex2007: folds 
dppkr102: folds 
Uncalled bet ($0.06) returned to G_E_M_P_S_A
G_E_M_P_S_A collected $0.05 from pot
G_E_M_P_S_A: doesn't show hand 
*** SUMMARY ***
Total pot $0.05 | Rake $0 
Seat 1: Dorex2007 (small blind) folded before Flop
Seat 2: dppkr102 (big blind) folded before Flop
Seat 3: nkvni folded before Flop (didn't bet)
Seat 4: G_E_M_P_S_A collected ($0.05)
Seat 6: CptnAhab777 folded before Flop (didn't bet)
Seat 7: haibaneden folded before Flop (didn't bet)
Seat 8: Mirror830 folded before Flop (didn't bet)
Seat 9: European1000 (button) folded before Flop (didn't bet)



PokerStars Hand #223828327033:  Hold'em No Limit ($0.01/$0.02 USD) - 2021/02/14 17:46:18 PT [2021/02/14 20:46:18 ET]
Table 'Zanaih III' 9-max Seat #1 is the button
Seat 1: Dorex2007 ($1.75 in chips) 
Seat 2: dppkr102 ($2.82 in chips) 
Seat 3: nkvni ($1.98 in chips) 
Seat 4: G_E_M_P_S_A ($0.32 in chips) 
Seat 6: CptnAhab777 ($3.53 in chips) 
Seat 7: haibaneden ($2.52 in chips) 
Seat 8: Mirror830 ($3.78 in chips) 
Seat 9: European1000 ($1.97 in chips) 
dppkr102: posts small blind $0.01
nkvni: posts big blind $0.02
manixleking: sits out 
*** HOLE CARDS ***
Dealt to Dorex2007 [9c Qd]
G_E_M_P_S_A: folds 
CptnAhab777: folds 
haibaneden: folds 
Mirror830: folds 
European1000: folds 
Dorex2007 has timed out
Dorex2007: folds 
dppkr102: raises $0.04 to $0.06
nkvni: calls $0.04
*** FLOP *** [9d 8h 2s]
dppkr102: checks 
nkvni: checks 
*** TURN *** [9d 8h 2s] [4c]
dppkr102: checks 
nkvni: checks 
*** RIVER *** [9d 8h 2s 4c] [Kd]
dppkr102: checks 
nkvni: checks 
*** SHOW DOWN ***
dppkr102: shows [As 7c] (high card Ace)
nkvni: mucks hand 
dppkr102 collected $0.12 from pot
*** SUMMARY ***
Total pot $0.12 | Rake $0 
Board [9d 8h 2s 4c Kd]
Seat 1: Dorex2007 (button) folded before Flop (didn't bet)
Seat 2: dppkr102 (small blind) showed [As 7c] and won ($0.12) with high card Ace
Seat 3: nkvni (big blind) mucked [5s 3s]
Seat 4: G_E_M_P_S_A folded before Flop (didn't bet)
Seat 6: CptnAhab777 folded before Flop (didn't bet)
Seat 7: haibaneden folded before Flop (didn't bet)
Seat 8: Mirror830 folded before Flop (didn't bet)
Seat 9: European1000 folded before Flop (didn't bet)



PokerStars Hand #223828543750:  Hold'em No Limit ($0.01/$0.02 USD) - 2021/02/14 17:57:44 PT [2021/02/14 20:57:44 ET]
Table 'Zanaih III' 9-max Seat #8 is the button
Seat 1: Dorex2007 ($1.75 in chips) 
Seat 2: dppkr102 ($3.85 in chips) 
Seat 3: nkvni ($1.82 in chips) 
Seat 4: G_E_M_P_S_A ($0.89 in chips) 
Seat 5: manixleking ($2.65 in chips) 
Seat 6: CptnAhab777 ($3.47 in chips) 
Seat 7: haibaneden ($2.01 in chips) 
Seat 8: Sonyland ($1.35 in chips) 
Seat 9: edmurperuibe ($1.92 in chips) 
edmurperuibe: posts small blind $0.01
Dorex2007: posts big blind $0.02
*** HOLE CARDS ***
Dealt to Dorex2007 [Ac Qc]
dppkr102: raises $0.04 to $0.06
nkvni: folds 
G_E_M_P_S_A: folds 
manixleking: calls $0.06
CptnAhab777: folds 
haibaneden: folds 
Sonyland: folds 
edmurperuibe: folds 
Dorex2007: calls $0.04
*** FLOP *** [Jh 2d 2h]
Dorex2007: checks 
Sonyland leaves the table
dppkr102: bets $0.12
manixleking: folds 
Dorex2007: folds 
Uncalled bet ($0.12) returned to dppkr102
dppkr102 collected $0.18 from pot
dppkr102: doesn't show hand 
*** SUMMARY ***
Total pot $0.19 | Rake $0.01 
Board [Jh 2d 2h]
Seat 1: Dorex2007 (big blind) folded on the Flop
Seat 2: dppkr102 collected ($0.18)
Seat 3: nkvni folded before Flop (didn't bet)
Seat 4: G_E_M_P_S_A folded before Flop (didn't bet)
Seat 5: manixleking folded on the Flop
Seat 6: CptnAhab777 folded before Flop (didn't bet)
Seat 7: haibaneden folded before Flop (didn't bet)
Seat 8: Sonyland (button) folded before Flop (didn't bet)
Seat 9: edmurperuibe (small blind) folded before Flop



PokerStars Hand #223828551932:  Hold'em No Limit ($0.01/$0.02 USD) - 2021/02/14 17:58:17 PT [2021/02/14 20:58:17 ET]
Table 'Zanaih III' 9-max Seat #9 is the button
Seat 1: Dorex2007 ($1.69 in chips) 
Seat 2: dppkr102 ($3.97 in chips) 
Seat 3: nkvni ($1.82 in chips) 
Seat 4: G_E_M_P_S_A ($0.89 in chips) 
Seat 5: manixleking ($2.59 in chips) 
Seat 6: CptnAhab777 ($3.47 in chips) 
Seat 7: haibaneden ($2.01 in chips) 
Seat 9: edmurperuibe ($1.91 in chips) 
Dorex2007: posts small blind $0.01
dppkr102: posts big blind $0.02
*** HOLE CARDS ***
Dealt to Dorex2007 [Kc 2d]
nkvni: raises $0.04 to $0.06
G_E_M_P_S_A: folds 
manixleking: folds 
CptnAhab777: folds 
trueJamaican joins the table at seat #8 
haibaneden: folds 
edmurperuibe: folds 
Dorex2007: folds 
dppkr102: folds 
Uncalled bet ($0.04) returned to nkvni
nkvni collected $0.05 from pot
nkvni: doesn't show hand 
*** SUMMARY ***
Total pot $0.05 | Rake $0 
Seat 1: Dorex2007 (small blind) folded before Flop
Seat 2: dppkr102 (big blind) folded before Flop
Seat 3: nkvni collected ($0.05)
Seat 4: G_E_M_P_S_A folded before Flop (didn't bet)
Seat 5: manixleking folded before Flop (didn't bet)
Seat 6: CptnAhab777 folded before Flop (didn't bet)
Seat 7: haibaneden folded before Flop (didn't bet)
Seat 9: edmurperuibe (button) folded before Flop (didn't bet)



PokerStars Hand #223828557225:  Hold'em No Limit ($0.01/$0.02 USD) - 2021/02/14 17:58:39 PT [2021/02/14 20:58:39 ET]
Table 'Zanaih III' 9-max Seat #1 is the button
Seat 1: Dorex2007 ($1.68 in chips) 
Seat 2: dppkr102 ($3.95 in chips) 
Seat 3: nkvni ($1.85 in chips) 
Seat 4: G_E_M_P_S_A ($0.89 in chips) 
Seat 5: manixleking ($2.59 in chips) 
Seat 6: CptnAhab777 ($3.47 in chips) 
Seat 7: haibaneden ($2.01 in chips) 
Seat 9: edmurperuibe ($1.91 in chips) 
dppkr102: posts small blind $0.01
nkvni: posts big blind $0.02
trueJamaican: sits out 
*** HOLE CARDS ***
Dealt to Dorex2007 [3s Jd]
G_E_M_P_S_A: folds 
manixleking: raises $0.08 to $0.10
CptnAhab777: folds 
haibaneden: folds 
edmurperuibe: folds 
Dorex2007: folds 
dppkr102: folds 
nkvni: calls $0.08
*** FLOP *** [8s As 6c]
nkvni: checks 
manixleking: checks 
*** TURN *** [8s As 6c] [Js]
nkvni: bets $0.10
manixleking: calls $0.10
*** RIVER *** [8s As 6c Js] [4s]
nkvni: bets $0.20
manixleking: folds 
Uncalled bet ($0.20) returned to nkvni
nkvni collected $0.40 from pot
nkvni: doesn't show hand 
*** SUMMARY ***
Total pot $0.41 | Rake $0.01 
Board [8s As 6c Js 4s]
Seat 1: Dorex2007 (button) folded before Flop (didn't bet)
Seat 2: dppkr102 (small blind) folded before Flop
Seat 3: nkvni (big blind) collected ($0.40)
Seat 4: G_E_M_P_S_A folded before Flop (didn't bet)
Seat 5: manixleking folded on the River
Seat 6: CptnAhab777 folded before Flop (didn't bet)
Seat 7: haibaneden folded before Flop (didn't bet)
Seat 9: edmurperuibe folded before Flop (didn't bet)



PokerStars Hand #223828565734:  Hold'em No Limit ($0.01/$0.02 USD) - 2021/02/14 17:59:15 PT [2021/02/14 20:59:15 ET]
Table 'Zanaih III' 9-max Seat #2 is the button
Seat 1: Dorex2007 ($1.68 in chips) 
Seat 2: dppkr102 ($3.94 in chips) 
Seat 3: nkvni ($2.05 in chips) 
Seat 4: G_E_M_P_S_A ($0.89 in chips) 
Seat 5: manixleking ($2.39 in chips) 
Seat 6: CptnAhab777 ($3.47 in chips) 
Seat 7: haibaneden ($2.01 in chips) 
Seat 9: edmurperuibe ($1.91 in chips) 
nkvni: posts small blind $0.01
G_E_M_P_S_A: posts big blind $0.02
trueJamaican: sits out 
*** HOLE CARDS ***
Dealt to Dorex2007 [6d 3c]
manixleking: raises $0.08 to $0.10
CptnAhab777: folds 
haibaneden: folds 
edmurperuibe: folds 
Dorex2007: folds 
dppkr102: folds 
nkvni: folds 
G_E_M_P_S_A: folds 
Uncalled bet ($0.08) returned to manixleking
manixleking collected $0.05 from pot
manixleking: doesn't show hand 
*** SUMMARY ***
Total pot $0.05 | Rake $0 
Seat 1: Dorex2007 folded before Flop (didn't bet)
Seat 2: dppkr102 (button) folded before Flop (didn't bet)
Seat 3: nkvni (small blind) folded before Flop
Seat 4: G_E_M_P_S_A (big blind) folded before Flop
Seat 5: manixleking collected ($0.05)
Seat 6: CptnAhab777 folded before Flop (didn't bet)
Seat 7: haibaneden folded before Flop (didn't bet)
Seat 9: edmurperuibe folded before Flop (didn't bet)



PokerStars Hand #223828573158:  Hold'em No Limit ($0.01/$0.02 USD) - 2021/02/14 17:59:34 PT [2021/02/14 20:59:34 ET]
Table 'Zanaih III' 9-max Seat #3 is the button
Seat 1: Dorex2007 ($1.68 in chips) 
Seat 2: dppkr102 ($3.94 in chips) 
Seat 3: nkvni ($2.04 in chips) 
Seat 4: G_E_M_P_S_A ($0.87 in chips) 
Seat 5: manixleking ($2.42 in chips) 
Seat 6: CptnAhab777 ($3.47 in chips) 
Seat 7: haibaneden ($2.01 in chips) 
Seat 9: edmurperuibe ($1.91 in chips) 
G_E_M_P_S_A: posts small blind $0.01
manixleking: posts big blind $0.02
trueJamaican: sits out 
*** HOLE CARDS ***
Dealt to Dorex2007 [2s 7s]
CptnAhab777: folds 
haibaneden: folds 
edmurperuibe: folds 
Dorex2007: folds 
dppkr102: raises $0.04 to $0.06
nkvni: calls $0.06
G_E_M_P_S_A: folds 
manixleking: raises $0.19 to $0.25
dppkr102: calls $0.19
nkvni: calls $0.19
*** FLOP *** [Kh 2c 5h]
manixleking: checks 
dppkr102: checks 
nkvni: bets $0.73
manixleking: folds 
dppkr102: folds 
Uncalled bet ($0.73) returned to nkvni
nkvni collected $0.73 from pot
nkvni: doesn't show hand 
*** SUMMARY ***
Total pot $0.76 | Rake $0.03 
Board [Kh 2c 5h]
Seat 1: Dorex2007 folded before Flop (didn't bet)
Seat 2: dppkr102 folded on the Flop
Seat 3: nkvni (button) collected ($0.73)
Seat 4: G_E_M_P_S_A (small blind) folded before Flop
Seat 5: manixleking (big blind) folded on the Flop
Seat 6: CptnAhab777 folded before Flop (didn't bet)
Seat 7: haibaneden folded before Flop (didn't bet)
Seat 9: edmurperuibe folded before Flop (didn't bet)



PokerStars Hand #223828589648:  Hold'em No Limit ($0.01/$0.02 USD) - 2021/02/14 18:00:39 PT [2021/02/14 21:00:39 ET]
Table 'Zanaih III' 9-max Seat #4 is the button
Seat 1: Dorex2007 ($1.68 in chips) 
Seat 2: dppkr102 ($3.69 in chips) 
Seat 3: nkvni ($2.52 in chips) 
Seat 4: G_E_M_P_S_A ($0.86 in chips) 
Seat 5: manixleking ($2.17 in chips) 
Seat 6: CptnAhab777 ($3.47 in chips) 
Seat 7: haibaneden ($2.01 in chips) 
Seat 9: edmurperuibe ($1.91 in chips) 
manixleking: posts small blind $0.01
CptnAhab777: posts big blind $0.02
trueJamaican: sits out 
*** HOLE CARDS ***
Dealt to Dorex2007 [3h Kd]
haibaneden: raises $0.04 to $0.06
edmurperuibe: folds 
Dorex2007: folds 
dppkr102: folds 
nkvni: calls $0.06
G_E_M_P_S_A: folds 
manixleking: calls $0.05
CptnAhab777: folds 
*** FLOP *** [Qd 5d Th]
manixleking: checks 
haibaneden: bets $0.10
nkvni: calls $0.10
manixleking: folds 
*** TURN *** [Qd 5d Th] [Jh]
haibaneden: bets $0.29
nkvni: calls $0.29
*** RIVER *** [Qd 5d Th Jh] [4s]
haibaneden: bets $1.56 and is all-in
nkvni: calls $1.56
*** SHOW DOWN ***
haibaneden: shows [Kc Ah] (a straight, Ten to Ace)
nkvni: shows [Jc Js] (three of a kind, Jacks)
haibaneden collected $3.96 from pot
*** SUMMARY ***
Total pot $4.10 | Rake $0.14 
Board [Qd 5d Th Jh 4s]
Seat 1: Dorex2007 folded before Flop (didn't bet)
Seat 2: dppkr102 folded before Flop (didn't bet)
Seat 3: nkvni showed [Jc Js] and lost with three of a kind, Jacks
Seat 4: G_E_M_P_S_A (button) folded before Flop (didn't bet)
Seat 5: manixleking (small blind) folded on the Flop
Seat 6: CptnAhab777 (big blind) folded before Flop
Seat 7: haibaneden showed [Kc Ah] and won ($3.96) with a straight, Ten to Ace
Seat 9: edmurperuibe folded before Flop (didn't bet)



PokerStars Hand #223828602948:  Hold'em No Limit ($0.01/$0.02 USD) - 2021/02/14 18:01:25 PT [2021/02/14 21:01:25 ET]
Table 'Zanaih III' 9-max Seat #5 is the button
Seat 1: Dorex2007 ($1.68 in chips) 
Seat 2: dppkr102 ($3.69 in chips) 
Seat 3: nkvni ($0.51 in chips) 
Seat 4: G_E_M_P_S_A ($0.86 in chips) 
Seat 5: manixleking ($2.11 in chips) 
Seat 6: CptnAhab777 ($3.45 in chips) 
Seat 7: haibaneden ($3.96 in chips) 
Seat 9: edmurperuibe ($1.91 in chips) 
CptnAhab777: posts small blind $0.01
haibaneden: posts big blind $0.02
trueJamaican: sits out 
*** HOLE CARDS ***
Dealt to Dorex2007 [9s Ad]
edmurperuibe: folds 
Dorex2007: folds 
dppkr102: folds 
nkvni: folds 
G_E_M_P_S_A: folds 
manixleking: raises $0.08 to $0.10
CptnAhab777: folds 
haibaneden: calls $0.08
*** FLOP *** [2h 4c Qd]
haibaneden: checks 
manixleking: bets $0.10
haibaneden: folds 
Uncalled bet ($0.10) returned to manixleking
manixleking collected $0.20 from pot
manixleking: doesn't show hand 
*** SUMMARY ***
Total pot $0.21 | Rake $0.01 
Board [2h 4c Qd]
Seat 1: Dorex2007 folded before Flop (didn't bet)
Seat 2: dppkr102 folded before Flop (didn't bet)
Seat 3: nkvni folded before Flop (didn't bet)
Seat 4: G_E_M_P_S_A folded before Flop (didn't bet)
Seat 5: manixleking (button) collected ($0.20)
Seat 6: CptnAhab777 (small blind) folded before Flop
Seat 7: haibaneden (big blind) folded on the Flop
Seat 9: edmurperuibe folded before Flop (didn't bet)



PokerStars Hand #223828617635:  Hold'em No Limit ($0.01/$0.02 USD) - 2021/02/14 18:02:13 PT [2021/02/14 21:02:13 ET]
Table 'Zanaih III' 9-max Seat #6 is the button
Seat 1: Dorex2007 ($1.68 in chips) 
Seat 2: dppkr102 ($3.69 in chips) 
Seat 3: nkvni ($0.51 in chips) 
Seat 4: G_E_M_P_S_A ($0.86 in chips) 
Seat 5: manixleking ($2.21 in chips) 
Seat 6: CptnAhab777 ($3.44 in chips) 
Seat 7: haibaneden ($3.86 in chips) 
Seat 8: trueJamaican ($2 in chips) 
Seat 9: edmurperuibe ($1.91 in chips) 
haibaneden: posts small blind $0.01
trueJamaican: posts big blind $0.02
*** HOLE CARDS ***
Dealt to Dorex2007 [7c 2s]
edmurperuibe: calls $0.02
Dorex2007: folds 
dppkr102: folds 
nkvni: calls $0.02
G_E_M_P_S_A: folds 
manixleking: folds 
CptnAhab777: folds 
haibaneden: folds 
trueJamaican: checks 
*** FLOP *** [Jc Ad 2h]
trueJamaican: checks 
edmurperuibe: checks 
nkvni: bets $0.04
trueJamaican: calls $0.04
edmurperuibe: folds 
*** TURN *** [Jc Ad 2h] [4c]
trueJamaican: checks 
nkvni: bets $0.14
trueJamaican: folds 
Uncalled bet ($0.14) returned to nkvni
nkvni collected $0.14 from pot
nkvni: doesn't show hand 
*** SUMMARY ***
Total pot $0.15 | Rake $0.01 
Board [Jc Ad 2h 4c]
Seat 1: Dorex2007 folded before Flop (didn't bet)
Seat 2: dppkr102 folded before Flop (didn't bet)
Seat 3: nkvni collected ($0.14)
Seat 4: G_E_M_P_S_A folded before Flop (didn't bet)
Seat 5: manixleking folded before Flop (didn't bet)
Seat 6: CptnAhab777 (button) folded before Flop (didn't bet)
Seat 7: haibaneden (small blind) folded before Flop
Seat 8: trueJamaican (big blind) folded on the Turn
Seat 9: edmurperuibe folded on the Flop



PokerStars Hand #223828691604:  Hold'em No Limit ($0.01/$0.02 USD) - 2021/02/14 18:05:30 PT [2021/02/14 21:05:30 ET]
Table 'Zanaih III' 9-max Seat #6 is the button
Seat 1: Dorex2007 ($1.68 in chips) 
Seat 2: dppkr102 ($3.44 in chips) 
Seat 3: nkvni ($0.59 in chips) 
Seat 4: Bollexa2010 ($0.80 in chips) 
Seat 5: olivierflush ($2 in chips) 
Seat 6: CptnAhab777 ($3.37 in chips) 
Seat 7: haibaneden ($3.83 in chips) 
Seat 8: trueJamaican ($2.05 in chips) 
Seat 9: edmurperuibe ($2.04 in chips) 
haibaneden: posts small blind $0.01
trueJamaican: posts big blind $0.02
Dorex2007: posts small & big blinds $0.03
Bollexa2010: posts big blind $0.02
olivierflush: posts big blind $0.02
*** HOLE CARDS ***
Dealt to Dorex2007 [Qs 3c]
edmurperuibe: calls $0.02
Dorex2007: checks 
dppkr102: calls $0.02
nkvni: raises $0.04 to $0.06
Bollexa2010: folds 
olivierflush: calls $0.04
CptnAhab777: folds 
haibaneden: folds 
trueJamaican: folds 
edmurperuibe: calls $0.04
Dorex2007: folds 
dppkr102: calls $0.04
*** FLOP *** [3d As 2d]
edmurperuibe: checks 
dppkr102: checks 
nkvni: bets $0.53 and is all-in
olivierflush: calls $0.53
edmurperuibe: folds 
dppkr102: folds 
*** TURN *** [3d As 2d] [9s]
*** RIVER *** [3d As 2d 9s] [5s]
*** SHOW DOWN ***
nkvni: shows [Ks Ah] (a pair of Aces)
olivierflush: shows [Jc Js] (a pair of Jacks)
nkvni cashed out the hand for $1.20 | Cash Out Fee $0.01
*** SUMMARY ***
Total pot $1.38 | Rake $0.05 
Board [3d As 2d 9s 5s]
Seat 1: Dorex2007 folded before Flop (didn't bet)
Seat 2: dppkr102 folded on the Flop
Seat 3: nkvni showed [Ks Ah] and won ($1.33) with a pair of Aces (pot not awarded as player cashed out)
Seat 4: Bollexa2010 folded before Flop (didn't bet)
Seat 5: olivierflush showed [Jc Js] and lost with a pair of Jacks
Seat 6: CptnAhab777 (button) folded before Flop (didn't bet)
Seat 7: haibaneden (small blind) folded before Flop
Seat 8: trueJamaican (big blind) folded before Flop
Seat 9: edmurperuibe folded on the Flop



PokerStars Hand #223828710434:  Hold'em No Limit ($0.01/$0.02 USD) - 2021/02/14 18:06:31 PT [2021/02/14 21:06:31 ET]
Table 'Zanaih III' 9-max Seat #7 is the button
Seat 1: Dorex2007 ($1.65 in chips) 
Seat 2: dppkr102 ($3.38 in chips) 
Seat 3: nkvni ($1.20 in chips) 
Seat 4: Bollexa2010 ($0.78 in chips) 
Seat 5: olivierflush ($1.41 in chips) 
Seat 6: CptnAhab777 ($3.37 in chips) 
Seat 7: haibaneden ($3.82 in chips) 
Seat 8: trueJamaican ($2.03 in chips) 
Seat 9: edmurperuibe ($1.98 in chips) 
trueJamaican: posts small blind $0.01
edmurperuibe: posts big blind $0.02
*** HOLE CARDS ***
Dealt to Dorex2007 [8d 3d]
Dorex2007 has timed out
Dorex2007: folds 
dppkr102: folds 
nkvni: raises $0.04 to $0.06
Bollexa2010: folds 
olivierflush: folds 
CptnAhab777: folds 
haibaneden: raises $0.12 to $0.18
trueJamaican: folds 
edmurperuibe: folds 
nkvni: calls $0.12
*** FLOP *** [Qs 5h 7c]
nkvni: checks 
haibaneden: bets $0.20
nkvni: folds 
Uncalled bet ($0.20) returned to haibaneden
haibaneden collected $0.38 from pot
haibaneden: doesn't show hand 
*** SUMMARY ***
Total pot $0.39 | Rake $0.01 
Board [Qs 5h 7c]
Seat 1: Dorex2007 folded before Flop (didn't bet)
Seat 2: dppkr102 folded before Flop (didn't bet)
Seat 3: nkvni folded on the Flop
Seat 4: Bollexa2010 folded before Flop (didn't bet)
Seat 5: olivierflush folded before Flop (didn't bet)
Seat 6: CptnAhab777 folded before Flop (didn't bet)
Seat 7: haibaneden (button) collected ($0.38)
Seat 8: trueJamaican (small blind) folded before Flop
Seat 9: edmurperuibe (big blind) folded before Flop



PokerStars Hand #223828732615:  Hold'em No Limit ($0.01/$0.02 USD) - 2021/02/14 18:07:41 PT [2021/02/14 21:07:41 ET]
Table 'Zanaih III' 9-max Seat #2 is the button
Seat 1: Dorex2007 ($1.65 in chips) 
Seat 2: dppkr102 ($3.35 in chips) 
Seat 3: nkvni ($1.03 in chips) 
Seat 4: Bollexa2010 ($0.81 in chips) 
Seat 5: olivierflush ($1.41 in chips) 
Seat 6: CptnAhab777 ($3.37 in chips) 
Seat 7: haibaneden ($4.02 in chips) 
Seat 8: trueJamaican ($2.02 in chips) 
Seat 9: edmurperuibe ($1.95 in chips) 
nkvni: posts small blind $0.01
Bollexa2010: posts big blind $0.02
Dorex2007: posts small & big blinds $0.03
*** HOLE CARDS ***
Dealt to Dorex2007 [3c Ks]
olivierflush: calls $0.02
CptnAhab777: folds 
haibaneden: folds 
trueJamaican: raises $0.06 to $0.08
edmurperuibe: folds 
Dorex2007: folds 
dppkr102: folds 
nkvni: folds 
Bollexa2010: folds 
olivierflush: calls $0.06
*** FLOP *** [2c 3d 2h]
olivierflush: checks 
trueJamaican: checks 
*** TURN *** [2c 3d 2h] [8c]
olivierflush: checks 
trueJamaican: checks 
*** RIVER *** [2c 3d 2h 8c] [2s]
olivierflush: checks 
trueJamaican: checks 
*** SHOW DOWN ***
olivierflush: shows [Tc 9d] (three of a kind, Deuces)
trueJamaican: shows [Ad Js] (three of a kind, Deuces - Ace kicker)
trueJamaican collected $0.21 from pot
*** SUMMARY ***
Total pot $0.22 | Rake $0.01 
Board [2c 3d 2h 8c 2s]
Seat 1: Dorex2007 folded before Flop (didn't bet)
Seat 2: dppkr102 (button) folded before Flop (didn't bet)
Seat 3: nkvni (small blind) folded before Flop
Seat 4: Bollexa2010 (big blind) folded before Flop
Seat 5: olivierflush showed [Tc 9d] and lost with three of a kind, Deuces
Seat 6: CptnAhab777 folded before Flop (didn't bet)
Seat 7: haibaneden folded before Flop (didn't bet)
Seat 8: trueJamaican showed [Ad Js] and won ($0.21) with three of a kind, Deuces
Seat 9: edmurperuibe folded before Flop (didn't bet)



PokerStars Hand #223828762645:  Hold'em No Limit ($0.01/$0.02 USD) - 2021/02/14 18:08:33 PT [2021/02/14 21:08:33 ET]
Table 'Zanaih III' 9-max Seat #3 is the button
Seat 1: Dorex2007 ($1.62 in chips) 
Seat 2: dppkr102 ($3.35 in chips) 
Seat 3: nkvni ($1.02 in chips) 
Seat 4: Bollexa2010 ($0.79 in chips) 
Seat 5: olivierflush ($1.33 in chips) 
Seat 6: CptnAhab777 ($3.37 in chips) 
Seat 7: haibaneden ($4.02 in chips) 
Seat 8: trueJamaican ($2.15 in chips) 
Seat 9: edmurperuibe ($1.95 in chips) 
Bollexa2010: posts small blind $0.01
olivierflush: posts big blind $0.02
*** HOLE CARDS ***
Dealt to Dorex2007 [7c Jc]
CptnAhab777: folds 
haibaneden: folds 
trueJamaican: raises $0.04 to $0.06
edmurperuibe: folds 
Dorex2007 has timed out
Dorex2007: folds 
dppkr102: folds 
nkvni: folds 
Bollexa2010: folds 
olivierflush: folds 
Uncalled bet ($0.04) returned to trueJamaican
trueJamaican collected $0.05 from pot
*** SUMMARY ***
Total pot $0.05 | Rake $0 
Seat 1: Dorex2007 folded before Flop (didn't bet)
Seat 2: dppkr102 folded before Flop (didn't bet)
Seat 3: nkvni (button) folded before Flop (didn't bet)
Seat 4: Bollexa2010 (small blind) folded before Flop
Seat 5: olivierflush (big blind) folded before Flop
Seat 6: CptnAhab777 folded before Flop (didn't bet)
Seat 7: haibaneden folded before Flop (didn't bet)
Seat 8: trueJamaican collected ($0.05)
Seat 9: edmurperuibe folded before Flop (didn't bet)



PokerStars Hand #223831175395:  Hold'em No Limit ($0.01/$0.02 USD) - 2021/02/14 20:33:36 PT [2021/02/14 23:33:36 ET]
Table 'Zanaih III' 9-max Seat #7 is the button
Seat 1: WilliamJBF ($2.32 in chips) 
Seat 3: shakal-22 ($2 in chips) 
Seat 4: Dorex2007 ($1.50 in chips) 
Seat 5: olivierflush ($3.26 in chips) 
Seat 6: voshod999 ($1.68 in chips) 
Seat 7: Culprud ($4.16 in chips) 
Seat 8: PAMEGERA ($2.08 in chips) 
Seat 9: MarkAvrelij ($2 in chips) 
PAMEGERA: posts small blind $0.01
MarkAvrelij: posts big blind $0.02
pavluha13: sits out 
Dorex2007: posts big blind $0.02
*** HOLE CARDS ***
Dealt to Dorex2007 [Qh Ks]
WilliamJBF: folds 
shakal-22: folds 
Dorex2007: checks 
olivierflush: folds 
voshod999: folds 
Culprud: folds 
PAMEGERA: raises $0.08 to $0.10
MarkAvrelij: folds 
Dorex2007: calls $0.08
*** FLOP *** [7h 8h 3s]
PAMEGERA: bets $0.10
Dorex2007: calls $0.10
*** TURN *** [7h 8h 3s] [6d]
PAMEGERA: checks 
Dorex2007: checks 
*** RIVER *** [7h 8h 3s 6d] [8d]
PAMEGERA: checks 
Dorex2007: checks 
*** SHOW DOWN ***
PAMEGERA: shows [Ad Td] (a pair of Eights)
Dorex2007: mucks hand 
PAMEGERA collected $0.41 from pot
*** SUMMARY ***
Total pot $0.42 | Rake $0.01 
Board [7h 8h 3s 6d 8d]
Seat 1: WilliamJBF folded before Flop (didn't bet)
Seat 3: shakal-22 folded before Flop (didn't bet)
Seat 4: Dorex2007 mucked [Qh Ks]
Seat 5: olivierflush folded before Flop (didn't bet)
Seat 6: voshod999 folded before Flop (didn't bet)
Seat 7: Culprud (button) folded before Flop (didn't bet)
Seat 8: PAMEGERA (small blind) showed [Ad Td] and won ($0.41) with a pair of Eights
Seat 9: MarkAvrelij (big blind) folded before Flop



PokerStars Hand #223831188286:  Hold'em No Limit ($0.01/$0.02 USD) - 2021/02/14 20:34:37 PT [2021/02/14 23:34:37 ET]
Table 'Zanaih III' 9-max Seat #8 is the button
Seat 1: WilliamJBF ($2.32 in chips) 
Seat 3: shakal-22 ($2 in chips) 
Seat 4: Dorex2007 ($1.30 in chips) 
Seat 5: olivierflush ($3.26 in chips) 
Seat 6: voshod999 ($1.68 in chips) 
Seat 7: Culprud ($4.16 in chips) 
Seat 8: PAMEGERA ($2.29 in chips) 
Seat 9: MarkAvrelij ($2 in chips) 
MarkAvrelij: posts small blind $0.01
WilliamJBF: posts big blind $0.02
pavluha13: sits out 
*** HOLE CARDS ***
Dealt to Dorex2007 [4s Qd]
shakal-22: folds 
Dorex2007: folds 
olivierflush: calls $0.02
voshod999: folds 
Culprud: folds 
PAMEGERA: raises $0.06 to $0.08
MarkAvrelij: folds 
WilliamJBF: folds 
olivierflush: calls $0.06
*** FLOP *** [5c 3d 7h]
olivierflush: checks 
PAMEGERA: bets $0.08
olivierflush: folds 
Uncalled bet ($0.08) returned to PAMEGERA
PAMEGERA collected $0.18 from pot
PAMEGERA: doesn't show hand 
*** SUMMARY ***
Total pot $0.19 | Rake $0.01 
Board [5c 3d 7h]
Seat 1: WilliamJBF (big blind) folded before Flop
Seat 3: shakal-22 folded before Flop (didn't bet)
Seat 4: Dorex2007 folded before Flop (didn't bet)
Seat 5: olivierflush folded on the Flop
Seat 6: voshod999 folded before Flop (didn't bet)
Seat 7: Culprud folded before Flop (didn't bet)
Seat 8: PAMEGERA (button) collected ($0.18)
Seat 9: MarkAvrelij (small blind) folded before Flop



PokerStars Hand #223831198274:  Hold'em No Limit ($0.01/$0.02 USD) - 2021/02/14 20:35:25 PT [2021/02/14 23:35:25 ET]
Table 'Zanaih III' 9-max Seat #9 is the button
Seat 1: WilliamJBF ($2.30 in chips) 
Seat 2: pavluha13 ($1 in chips) 
Seat 3: shakal-22 ($2 in chips) 
Seat 4: Dorex2007 ($1.30 in chips) 
Seat 5: olivierflush ($3.18 in chips) 
Seat 6: voshod999 ($1.68 in chips) 
Seat 7: Culprud ($4.16 in chips) 
Seat 8: PAMEGERA ($2.39 in chips) 
Seat 9: MarkAvrelij ($2 in chips) 
WilliamJBF: posts small blind $0.01
pavluha13: posts big blind $0.02
*** HOLE CARDS ***
Dealt to Dorex2007 [As 9h]
shakal-22: folds 
Dorex2007: folds 
olivierflush: calls $0.02
voshod999: calls $0.02
Culprud: folds 
PAMEGERA: folds 
MarkAvrelij: folds 
WilliamJBF: calls $0.01
pavluha13: checks 
*** FLOP *** [6h Ks 2h]
WilliamJBF: bets $0.06
pavluha13: calls $0.06
olivierflush: folds 
voshod999: folds 
*** TURN *** [6h Ks 2h] [Ah]
WilliamJBF: checks 
pavluha13: checks 
*** RIVER *** [6h Ks 2h Ah] [4d]
WilliamJBF: checks 
pavluha13: checks 
*** SHOW DOWN ***
WilliamJBF: shows [Qh Kc] (a pair of Kings)
pavluha13: mucks hand 
WilliamJBF collected $0.19 from pot
*** SUMMARY ***
Total pot $0.20 | Rake $0.01 
Board [6h Ks 2h Ah 4d]
Seat 1: WilliamJBF (small blind) showed [Qh Kc] and won ($0.19) with a pair of Kings
Seat 2: pavluha13 (big blind) mucked [Tc Kh]
Seat 3: shakal-22 folded before Flop (didn't bet)
Seat 4: Dorex2007 folded before Flop (didn't bet)
Seat 5: olivierflush folded on the Flop
Seat 6: voshod999 folded on the Flop
Seat 7: Culprud folded before Flop (didn't bet)
Seat 8: PAMEGERA folded before Flop (didn't bet)
Seat 9: MarkAvrelij (button) folded before Flop (didn't bet)



PokerStars Hand #223831209687:  Hold'em No Limit ($0.01/$0.02 USD) - 2021/02/14 20:36:19 PT [2021/02/14 23:36:19 ET]
Table 'Zanaih III' 9-max Seat #1 is the button
Seat 1: WilliamJBF ($2.41 in chips) 
Seat 2: pavluha13 ($0.92 in chips) 
Seat 4: Dorex2007 ($1.30 in chips) 
Seat 5: olivierflush ($3.16 in chips) 
Seat 6: voshod999 ($1.66 in chips) 
Seat 7: Culprud ($4.16 in chips) 
Seat 8: PAMEGERA ($2.39 in chips) 
Seat 9: MarkAvrelij ($2 in chips) 
pavluha13: posts small blind $0.01
shakal-22: is sitting out 
Dorex2007: posts big blind $0.02
*** HOLE CARDS ***
Dealt to Dorex2007 [4h 6s]
olivierflush has timed out
olivierflush: folds 
voshod999: folds 
Culprud: folds 
PAMEGERA: folds 
MarkAvrelij: folds 
WilliamJBF: raises $0.02 to $0.04
pavluha13: folds 
Dorex2007: calls $0.02
*** FLOP *** [Jd 9c 4d]
Dorex2007: checks 
WilliamJBF: bets $0.06
Dorex2007: calls $0.06
*** TURN *** [Jd 9c 4d] [7h]
Dorex2007: bets $0.20
WilliamJBF: calls $0.20
*** RIVER *** [Jd 9c 4d 7h] [2c]
Dorex2007: checks 
WilliamJBF: checks 
*** SHOW DOWN ***
Dorex2007: shows [4h 6s] (a pair of Fours)
WilliamJBF: mucks hand 
Dorex2007 collected $0.59 from pot
*** SUMMARY ***
Total pot $0.61 | Rake $0.02 
Board [Jd 9c 4d 7h 2c]
Seat 1: WilliamJBF (button) mucked [Ad Td]
Seat 2: pavluha13 (small blind) folded before Flop
Seat 4: Dorex2007 (big blind) showed [4h 6s] and won ($0.59) with a pair of Fours
Seat 5: olivierflush folded before Flop (didn't bet)
Seat 6: voshod999 folded before Flop (didn't bet)
Seat 7: Culprud folded before Flop (didn't bet)
Seat 8: PAMEGERA folded before Flop (didn't bet)
Seat 9: MarkAvrelij folded before Flop (didn't bet)



PokerStars Hand #223831221104:  Hold'em No Limit ($0.01/$0.02 USD) - 2021/02/14 20:37:14 PT [2021/02/14 23:37:14 ET]
Table 'Zanaih III' 9-max Seat #2 is the button
Seat 1: WilliamJBF ($2.11 in chips) 
Seat 2: pavluha13 ($0.91 in chips) 
Seat 4: Dorex2007 ($1.59 in chips) 
Seat 5: olivierflush ($3.16 in chips) 
Seat 6: voshod999 ($1.66 in chips) 
Seat 7: Culprud ($4.16 in chips) 
Seat 8: PAMEGERA ($2.39 in chips) 
Seat 9: MarkAvrelij ($2 in chips) 
Dorex2007: posts small blind $0.01
olivierflush: posts big blind $0.02
*** HOLE CARDS ***
Dealt to Dorex2007 [2c 4c]
shakal-22 leaves the table
voshod999: raises $0.05 to $0.07
Culprud: calls $0.07
PAMEGERA: folds 
MarkAvrelij: folds 
WilliamJBF: folds 
pavluha13: calls $0.07
Dorex2007: folds 
olivierflush: calls $0.05
*** FLOP *** [3c Th 6s]
olivierflush: checks 
voshod999: checks 
Culprud: checks 
pavluha13: checks 
*** TURN *** [3c Th 6s] [9d]
olivierflush: bets $0.28
voshod999: folds 
voshod999 leaves the table
Culprud: calls $0.28
pavluha13: folds 
*** RIVER *** [3c Th 6s 9d] [6d]
olivierflush: checks 
Culprud: checks 
*** SHOW DOWN ***
olivierflush: shows [Qd Ts] (two pair, Tens and Sixes)
Culprud: mucks hand 
olivierflush collected $0.82 from pot
*** SUMMARY ***
Total pot $0.85 | Rake $0.03 
Board [3c Th 6s 9d 6d]
Seat 1: WilliamJBF folded before Flop (didn't bet)
Seat 2: pavluha13 (button) folded on the Turn
Seat 4: Dorex2007 (small blind) folded before Flop
Seat 5: olivierflush (big blind) showed [Qd Ts] and won ($0.82) with two pair, Tens and Sixes
Seat 6: voshod999 folded on the Turn
Seat 7: Culprud mucked [7d 5d]
Seat 8: PAMEGERA folded before Flop (didn't bet)
Seat 9: MarkAvrelij folded before Flop (didn't bet)



PokerStars Hand #223831235219:  Hold'em No Limit ($0.01/$0.02 USD) - 2021/02/14 20:38:22 PT [2021/02/14 23:38:22 ET]
Table 'Zanaih III' 9-max Seat #4 is the button
Seat 1: WilliamJBF ($2.11 in chips) 
Seat 2: pavluha13 ($0.84 in chips) 
Seat 4: Dorex2007 ($1.58 in chips) 
Seat 5: olivierflush ($3.63 in chips) 
Seat 7: Culprud ($3.81 in chips) 
Seat 8: PAMEGERA ($2.39 in chips) 
Seat 9: MarkAvrelij ($2 in chips) 
olivierflush: posts small blind $0.01
Culprud: posts big blind $0.02
*** HOLE CARDS ***
Dealt to Dorex2007 [4h Ad]
PAMEGERA: folds 
MarkAvrelij: folds 
WilliamJBF: folds 
pavluha13: folds 
Dorex2007: calls $0.02
olivierflush: raises $0.06 to $0.08
Culprud: folds 
Dorex2007: folds 
Uncalled bet ($0.06) returned to olivierflush
olivierflush collected $0.06 from pot
olivierflush: doesn't show hand 
*** SUMMARY ***
Total pot $0.06 | Rake $0 
Seat 1: WilliamJBF folded before Flop (didn't bet)
Seat 2: pavluha13 folded before Flop (didn't bet)
Seat 4: Dorex2007 (button) folded before Flop
Seat 5: olivierflush (small blind) collected ($0.06)
Seat 7: Culprud (big blind) folded before Flop
Seat 8: PAMEGERA folded before Flop (didn't bet)
Seat 9: MarkAvrelij folded before Flop (didn't bet)



PokerStars Hand #223831241092:  Hold'em No Limit ($0.01/$0.02 USD) - 2021/02/14 20:38:51 PT [2021/02/14 23:38:51 ET]
Table 'Zanaih III' 9-max Seat #5 is the button
Seat 1: WilliamJBF ($2.11 in chips) 
Seat 2: pavluha13 ($0.84 in chips) 
Seat 4: Dorex2007 ($1.56 in chips) 
Seat 5: olivierflush ($3.67 in chips) 
Seat 7: Culprud ($3.79 in chips) 
Seat 8: PAMEGERA ($2.39 in chips) 
Seat 9: MarkAvrelij ($2 in chips) 
Culprud: posts small blind $0.01
PAMEGERA: posts big blind $0.02
*** HOLE CARDS ***
Dealt to Dorex2007 [7s 4s]
MarkAvrelij: folds 
WilliamJBF: raises $0.02 to $0.04
pavluha13: folds 
Dorex2007: folds 
olivierflush: calls $0.04
Culprud: folds 
PAMEGERA: calls $0.02
*** FLOP *** [7h 3d 7d]
PAMEGERA: checks 
WilliamJBF: checks 
olivierflush: checks 
*** TURN *** [7h 3d 7d] [Ad]
PAMEGERA: checks 
WilliamJBF: checks 
olivierflush: checks 
*** RIVER *** [7h 3d 7d Ad] [7c]
PAMEGERA: bets $0.18
WilliamJBF: folds 
olivierflush: folds 
Uncalled bet ($0.18) returned to PAMEGERA
PAMEGERA collected $0.13 from pot
PAMEGERA: doesn't show hand 
*** SUMMARY ***
Total pot $0.13 | Rake $0 
Board [7h 3d 7d Ad 7c]
Seat 1: WilliamJBF folded on the River
Seat 2: pavluha13 folded before Flop (didn't bet)
Seat 4: Dorex2007 folded before Flop (didn't bet)
Seat 5: olivierflush (button) folded on the River
Seat 7: Culprud (small blind) folded before Flop
Seat 8: PAMEGERA (big blind) collected ($0.13)
Seat 9: MarkAvrelij folded before Flop (didn't bet)



PokerStars Hand #223831253266:  Hold'em No Limit ($0.01/$0.02 USD) - 2021/02/14 20:39:50 PT [2021/02/14 23:39:50 ET]
Table 'Zanaih III' 9-max Seat #7 is the button
Seat 1: WilliamJBF ($2.07 in chips) 
Seat 2: pavluha13 ($0.84 in chips) 
Seat 4: Dorex2007 ($1.56 in chips) 
Seat 5: olivierflush ($3.63 in chips) 
Seat 7: Culprud ($3.78 in chips) 
Seat 8: PAMEGERA ($2.48 in chips) 
Seat 9: MarkAvrelij ($2 in chips) 
PAMEGERA: posts small blind $0.01
MarkAvrelij: posts big blind $0.02
*** HOLE CARDS ***
Dealt to Dorex2007 [Jd 9h]
WilliamJBF: folds 
pavluha13: raises $0.04 to $0.06
Dorex2007: folds 
JOHN LOIKO joins the table at seat #3 
olivierflush: folds 
Culprud: calls $0.06
PAMEGERA: folds 
MedvePUDsoli joins the table at seat #6 
MarkAvrelij: folds 
*** FLOP *** [5h 6s 3s]
pavluha13: bets $0.06
Culprud: calls $0.06
*** TURN *** [5h 6s 3s] [8d]
pavluha13: bets $0.10
Culprud: folds 
Uncalled bet ($0.10) returned to pavluha13
pavluha13 collected $0.26 from pot
*** SUMMARY ***
Total pot $0.27 | Rake $0.01 
Board [5h 6s 3s 8d]
Seat 1: WilliamJBF folded before Flop (didn't bet)
Seat 2: pavluha13 collected ($0.26)
Seat 4: Dorex2007 folded before Flop (didn't bet)
Seat 5: olivierflush folded before Flop (didn't bet)
Seat 7: Culprud (button) folded on the Turn
Seat 8: PAMEGERA (small blind) folded before Flop
Seat 9: MarkAvrelij (big blind) folded before Flop



PokerStars Hand #223831266681:  Hold'em No Limit ($0.01/$0.02 USD) - 2021/02/14 20:40:37 PT [2021/02/14 23:40:37 ET]
Table 'Zanaih III' 9-max Seat #8 is the button
Seat 1: WilliamJBF ($2.07 in chips) 
Seat 2: pavluha13 ($0.98 in chips) 
Seat 4: Dorex2007 ($1.56 in chips) 
Seat 5: olivierflush ($3.63 in chips) 
Seat 7: Culprud ($3.66 in chips) 
Seat 8: PAMEGERA ($2.47 in chips) 
Seat 9: MarkAvrelij ($2 in chips) 
MarkAvrelij: posts small blind $0.01
WilliamJBF: posts big blind $0.02
JOHN LOIKO: sits out 
MedvePUDsoli: sits out 
*** HOLE CARDS ***
Dealt to Dorex2007 [Ks 7h]
pavluha13: folds 
Dorex2007: folds 
olivierflush: calls $0.02
Culprud: folds 
PAMEGERA: raises $0.06 to $0.08
MarkAvrelij: folds 
WilliamJBF: folds 
olivierflush: calls $0.06
*** FLOP *** [9s Jc 6s]
olivierflush: bets $0.18
PAMEGERA: folds 
Uncalled bet ($0.18) returned to olivierflush
olivierflush collected $0.18 from pot
olivierflush: doesn't show hand 
*** SUMMARY ***
Total pot $0.19 | Rake $0.01 
Board [9s Jc 6s]
Seat 1: WilliamJBF (big blind) folded before Flop
Seat 2: pavluha13 folded before Flop (didn't bet)
Seat 4: Dorex2007 folded before Flop (didn't bet)
Seat 5: olivierflush collected ($0.18)
Seat 7: Culprud folded before Flop (didn't bet)
Seat 8: PAMEGERA (button) folded on the Flop
Seat 9: MarkAvrelij (small blind) folded before Flop



PokerStars Hand #223831274098:  Hold'em No Limit ($0.01/$0.02 USD) - 2021/02/14 20:41:13 PT [2021/02/14 23:41:13 ET]
Table 'Zanaih III' 9-max Seat #9 is the button
Seat 1: WilliamJBF ($2.05 in chips) 
Seat 2: pavluha13 ($0.98 in chips) 
Seat 4: Dorex2007 ($1.56 in chips) 
Seat 5: olivierflush ($3.73 in chips) 
Seat 7: Culprud ($3.66 in chips) 
Seat 8: PAMEGERA ($2.39 in chips) 
Seat 9: MarkAvrelij ($2 in chips) 
WilliamJBF: posts small blind $0.01
pavluha13: posts big blind $0.02
JOHN LOIKO: sits out 
MedvePUDsoli: sits out 
*** HOLE CARDS ***
Dealt to Dorex2007 [Kc 2c]
Dorex2007: folds 
olivierflush: calls $0.02
Culprud: raises $0.04 to $0.06
PAMEGERA: calls $0.06
MarkAvrelij: folds 
WilliamJBF: folds 
pavluha13: folds 
olivierflush: calls $0.04
*** FLOP *** [6d Ts Jc]
olivierflush: checks 
Culprud: checks 
PAMEGERA: checks 
*** TURN *** [6d Ts Jc] [As]
olivierflush: checks 
Culprud: checks 
PAMEGERA: bets $0.08
olivierflush: calls $0.08
Culprud: folds 
*** RIVER *** [6d Ts Jc As] [4s]
olivierflush: checks 
PAMEGERA: checks 
*** SHOW DOWN ***
olivierflush: shows [9c Qc] (high card Ace)
PAMEGERA: shows [6c 7c] (a pair of Sixes)
PAMEGERA collected $0.36 from pot
*** SUMMARY ***
Total pot $0.37 | Rake $0.01 
Board [6d Ts Jc As 4s]
Seat 1: WilliamJBF (small blind) folded before Flop
Seat 2: pavluha13 (big blind) folded before Flop
Seat 4: Dorex2007 folded before Flop (didn't bet)
Seat 5: olivierflush showed [9c Qc] and lost with high card Ace
Seat 7: Culprud folded on the Turn
Seat 8: PAMEGERA showed [6c 7c] and won ($0.36) with a pair of Sixes
Seat 9: MarkAvrelij (button) folded before Flop (didn't bet)



PokerStars Hand #223831291798:  Hold'em No Limit ($0.01/$0.02 USD) - 2021/02/14 20:42:39 PT [2021/02/14 23:42:39 ET]
Table 'Zanaih III' 9-max Seat #1 is the button
Seat 1: WilliamJBF ($2.04 in chips) 
Seat 2: pavluha13 ($0.96 in chips) 
Seat 3: JOHN LOIKO ($2 in chips) 
Seat 4: Dorex2007 ($1.56 in chips) 
Seat 5: olivierflush ($3.59 in chips) 
Seat 7: Culprud ($3.60 in chips) 
Seat 8: PAMEGERA ($2.61 in chips) 
Seat 9: MarkAvrelij ($2 in chips) 
pavluha13: posts small blind $0.01
JOHN LOIKO: posts big blind $0.02
MedvePUDsoli: sits out 
*** HOLE CARDS ***
Dealt to Dorex2007 [Ah Ac]
Dorex2007: raises $0.04 to $0.06
olivierflush: calls $0.06
Culprud: calls $0.06
PAMEGERA: folds 
MarkAvrelij: folds 
WilliamJBF: folds 
pavluha13: folds 
JOHN LOIKO: folds 
*** FLOP *** [6d 4s 5s]
Dorex2007: checks 
olivierflush: checks 
Culprud: bets $0.10
Dorex2007: calls $0.10
olivierflush: folds 
*** TURN *** [6d 4s 5s] [Td]
Dorex2007: checks 
Culprud: checks 
*** RIVER *** [6d 4s 5s Td] [Ks]
Dorex2007: bets $0.20
Culprud: folds [4h]
Uncalled bet ($0.20) returned to Dorex2007
Dorex2007 collected $0.40 from pot
Dorex2007: doesn't show hand 
*** SUMMARY ***
Total pot $0.41 | Rake $0.01 
Board [6d 4s 5s Td Ks]
Seat 1: WilliamJBF (button) folded before Flop (didn't bet)
Seat 2: pavluha13 (small blind) folded before Flop
Seat 3: JOHN LOIKO (big blind) folded before Flop
Seat 4: Dorex2007 collected ($0.40)
Seat 5: olivierflush folded on the Flop
Seat 7: Culprud folded on the River
Seat 8: PAMEGERA folded before Flop (didn't bet)
Seat 9: MarkAvrelij folded before Flop (didn't bet)



PokerStars Hand #223831302421:  Hold'em No Limit ($0.01/$0.02 USD) - 2021/02/14 20:43:30 PT [2021/02/14 23:43:30 ET]
Table 'Zanaih III' 9-max Seat #2 is the button
Seat 1: WilliamJBF ($2.04 in chips) 
Seat 2: pavluha13 ($0.95 in chips) 
Seat 3: JOHN LOIKO ($2 in chips) 
Seat 4: Dorex2007 ($1.80 in chips) 
Seat 5: olivierflush ($3.53 in chips) 
Seat 7: Culprud ($3.44 in chips) 
Seat 8: PAMEGERA ($2.61 in chips) 
Seat 9: MarkAvrelij ($2 in chips) 
JOHN LOIKO: posts small blind $0.01
Dorex2007: posts big blind $0.02
MedvePUDsoli: sits out 
*** HOLE CARDS ***
Dealt to Dorex2007 [Ad Jh]
olivierflush: folds 
Culprud: folds 
PAMEGERA: folds 
MarkAvrelij: folds 
WilliamJBF: folds 
pavluha13: folds 
JOHN LOIKO: folds 
Uncalled bet ($0.01) returned to Dorex2007
Dorex2007 collected $0.02 from pot
Dorex2007: doesn't show hand 
*** SUMMARY ***
Total pot $0.02 | Rake $0 
Seat 1: WilliamJBF folded before Flop (didn't bet)
Seat 2: pavluha13 (button) folded before Flop (didn't bet)
Seat 3: JOHN LOIKO (small blind) folded before Flop
Seat 4: Dorex2007 (big blind) collected ($0.02)
Seat 5: olivierflush folded before Flop (didn't bet)
Seat 7: Culprud folded before Flop (didn't bet)
Seat 8: PAMEGERA folded before Flop (didn't bet)
Seat 9: MarkAvrelij folded before Flop (didn't bet)



PokerStars Hand #223831305942:  Hold'em No Limit ($0.01/$0.02 USD) - 2021/02/14 20:43:47 PT [2021/02/14 23:43:47 ET]
Table 'Zanaih III' 9-max Seat #3 is the button
Seat 1: WilliamJBF ($2.04 in chips) 
Seat 2: pavluha13 ($0.95 in chips) 
Seat 3: JOHN LOIKO ($2 in chips) 
Seat 4: Dorex2007 ($1.81 in chips) 
Seat 5: olivierflush ($3.53 in chips) 
Seat 7: Culprud ($3.44 in chips) 
Seat 8: PAMEGERA ($2.61 in chips) 
Seat 9: MarkAvrelij ($2 in chips) 
Dorex2007: posts small blind $0.01
olivierflush: posts big blind $0.02
MedvePUDsoli: sits out 
*** HOLE CARDS ***
Dealt to Dorex2007 [Jc 6s]
Culprud: folds 
PAMEGERA: raises $0.03 to $0.05
MarkAvrelij: folds 
WilliamJBF: folds 
pavluha13: folds 
JOHN LOIKO: folds 
Dorex2007: folds 
olivierflush: folds 
Uncalled bet ($0.03) returned to PAMEGERA
PAMEGERA collected $0.05 from pot
PAMEGERA: doesn't show hand 
*** SUMMARY ***
Total pot $0.05 | Rake $0 
Seat 1: WilliamJBF folded before Flop (didn't bet)
Seat 2: pavluha13 folded before Flop (didn't bet)
Seat 3: JOHN LOIKO (button) folded before Flop (didn't bet)
Seat 4: Dorex2007 (small blind) folded before Flop
Seat 5: olivierflush (big blind) folded before Flop
Seat 7: Culprud folded before Flop (didn't bet)
Seat 8: PAMEGERA collected ($0.05)
Seat 9: MarkAvrelij folded before Flop (didn't bet)



PokerStars Hand #223831310336:  Hold'em No Limit ($0.01/$0.02 USD) - 2021/02/14 20:44:08 PT [2021/02/14 23:44:08 ET]
Table 'Zanaih III' 9-max Seat #4 is the button
Seat 1: WilliamJBF ($2.04 in chips) 
Seat 2: pavluha13 ($0.95 in chips) 
Seat 3: JOHN LOIKO ($2 in chips) 
Seat 4: Dorex2007 ($1.80 in chips) 
Seat 5: olivierflush ($3.51 in chips) 
Seat 6: MedvePUDsoli ($2 in chips) 
Seat 7: Culprud ($3.44 in chips) 
Seat 8: PAMEGERA ($2.64 in chips) 
Seat 9: MarkAvrelij ($2 in chips) 
olivierflush: posts small blind $0.01
MedvePUDsoli: posts big blind $0.02
*** HOLE CARDS ***
Dealt to Dorex2007 [Qs 8d]
Culprud: raises $0.02 to $0.04
PAMEGERA: folds 
MarkAvrelij: folds 
WilliamJBF: folds 
pavluha13: folds 
JOHN LOIKO: folds 
Dorex2007: folds 
WilliamJBF leaves the table
olivierflush: calls $0.03
MedvePUDsoli: folds 
*** FLOP *** [2c Tc Ts]
olivierflush: checks 
Culprud: bets $0.06
olivierflush: folds 
Uncalled bet ($0.06) returned to Culprud
Culprud collected $0.10 from pot
*** SUMMARY ***
Total pot $0.10 | Rake $0 
Board [2c Tc Ts]
Seat 1: WilliamJBF folded before Flop (didn't bet)
Seat 2: pavluha13 folded before Flop (didn't bet)
Seat 3: JOHN LOIKO folded before Flop (didn't bet)
Seat 4: Dorex2007 (button) folded before Flop (didn't bet)
Seat 5: olivierflush (small blind) folded on the Flop
Seat 6: MedvePUDsoli (big blind) folded before Flop
Seat 7: Culprud collected ($0.10)
Seat 8: PAMEGERA folded before Flop (didn't bet)
Seat 9: MarkAvrelij folded before Flop (didn't bet)



PokerStars Hand #223831316454:  Hold'em No Limit ($0.01/$0.02 USD) - 2021/02/14 20:44:37 PT [2021/02/14 23:44:37 ET]
Table 'Zanaih III' 9-max Seat #5 is the button
Seat 2: pavluha13 ($0.95 in chips) 
Seat 3: JOHN LOIKO ($2 in chips) 
Seat 4: Dorex2007 ($1.80 in chips) 
Seat 5: olivierflush ($3.47 in chips) 
Seat 6: MedvePUDsoli ($2 in chips) 
Seat 8: PAMEGERA ($2.64 in chips) 
Seat 9: MarkAvrelij ($2 in chips) 
MedvePUDsoli: posts small blind $0.01
Culprud: is sitting out 
PAMEGERA: posts big blind $0.02
*** HOLE CARDS ***
Dealt to Dorex2007 [Qs Qc]
MarkAvrelij: folds 
Culprud leaves the table
frosa9397 joins the table at seat #1 
pavluha13: calls $0.02
JOHN LOIKO: raises $0.06 to $0.08
Dorex2007: calls $0.08
olivierflush: folds 
snshneray joins the table at seat #7 
MedvePUDsoli: folds 
PAMEGERA: folds 
pavluha13: folds 
*** FLOP *** [Kh 2s 3h]
JOHN LOIKO: bets $0.15
Dorex2007: calls $0.15
*** TURN *** [Kh 2s 3h] [2d]
JOHN LOIKO: checks 
Dorex2007: checks 
*** RIVER *** [Kh 2s 3h 2d] [9s]
JOHN LOIKO: bets $0.25
Dorex2007: folds 
Uncalled bet ($0.25) returned to JOHN LOIKO
JOHN LOIKO collected $0.49 from pot
JOHN LOIKO: doesn't show hand 
*** SUMMARY ***
Total pot $0.51 | Rake $0.02 
Board [Kh 2s 3h 2d 9s]
Seat 2: pavluha13 folded before Flop
Seat 3: JOHN LOIKO collected ($0.49)
Seat 4: Dorex2007 folded on the River
Seat 5: olivierflush (button) folded before Flop (didn't bet)
Seat 6: MedvePUDsoli (small blind) folded before Flop
Seat 8: PAMEGERA (big blind) folded before Flop
Seat 9: MarkAvrelij folded before Flop (didn't bet)



PokerStars Hand #223831326135:  Hold'em No Limit ($0.01/$0.02 USD) - 2021/02/14 20:45:24 PT [2021/02/14 23:45:24 ET]
Table 'Zanaih III' 9-max Seat #6 is the button
Seat 2: pavluha13 ($0.93 in chips) 
Seat 3: JOHN LOIKO ($2.26 in chips) 
Seat 4: Dorex2007 ($1.57 in chips) 
Seat 5: olivierflush ($3.47 in chips) 
Seat 6: MedvePUDsoli ($2 in chips) 
Seat 8: PAMEGERA ($2.62 in chips) 
Seat 9: MarkAvrelij ($2 in chips) 
PAMEGERA: posts small blind $0.01
MarkAvrelij: posts big blind $0.02
frosa9397: sits out 
*** HOLE CARDS ***
Dealt to Dorex2007 [Jd 2c]
pavluha13: folds 
JOHN LOIKO: folds 
Dorex2007: folds 
olivierflush: folds 
MedvePUDsoli: raises $0.02 to $0.04
PAMEGERA: folds 
MarkAvrelij: folds 
Uncalled bet ($0.02) returned to MedvePUDsoli
MedvePUDsoli collected $0.05 from pot
MedvePUDsoli: doesn't show hand 
*** SUMMARY ***
Total pot $0.05 | Rake $0 
Seat 2: pavluha13 folded before Flop (didn't bet)
Seat 3: JOHN LOIKO folded before Flop (didn't bet)
Seat 4: Dorex2007 folded before Flop (didn't bet)
Seat 5: olivierflush folded before Flop (didn't bet)
Seat 6: MedvePUDsoli (button) collected ($0.05)
Seat 8: PAMEGERA (small blind) folded before Flop
Seat 9: MarkAvrelij (big blind) folded before Flop



PokerStars Hand #223831331271:  Hold'em No Limit ($0.01/$0.02 USD) - 2021/02/14 20:45:49 PT [2021/02/14 23:45:49 ET]
Table 'Zanaih III' 9-max Seat #8 is the button
Seat 1: frosa9397 ($2 in chips) 
Seat 2: pavluha13 ($0.93 in chips) 
Seat 3: JOHN LOIKO ($2.26 in chips) 
Seat 4: Dorex2007 ($1.57 in chips) 
Seat 5: olivierflush ($3.47 in chips) 
Seat 6: MedvePUDsoli ($2.03 in chips) 
Seat 7: snshneray ($1.61 in chips) 
Seat 8: PAMEGERA ($2.61 in chips) 
Seat 9: MarkAvrelij ($2 in chips) 
MarkAvrelij: posts small blind $0.01
frosa9397: posts big blind $0.02
snshneray: posts big blind $0.02
*** HOLE CARDS ***
Dealt to Dorex2007 [Kh 4d]
pavluha13: folds 
JOHN LOIKO: folds 
Dorex2007: folds 
olivierflush: folds 
MedvePUDsoli: folds 
snshneray: checks 
PAMEGERA: raises $0.06 to $0.08
MarkAvrelij: folds 
frosa9397: calls $0.06
snshneray: folds 
*** FLOP *** [Ah 9s 5d]
frosa9397: checks 
PAMEGERA: bets $0.12
frosa9397: folds 
Uncalled bet ($0.12) returned to PAMEGERA
PAMEGERA collected $0.18 from pot
PAMEGERA: doesn't show hand 
*** SUMMARY ***
Total pot $0.19 | Rake $0.01 
Board [Ah 9s 5d]
Seat 1: frosa9397 (big blind) folded on the Flop
Seat 2: pavluha13 folded before Flop (didn't bet)
Seat 3: JOHN LOIKO folded before Flop (didn't bet)
Seat 4: Dorex2007 folded before Flop (didn't bet)
Seat 5: olivierflush folded before Flop (didn't bet)
Seat 6: MedvePUDsoli folded before Flop (didn't bet)
Seat 7: snshneray folded before Flop (didn't bet)
Seat 8: PAMEGERA (button) collected ($0.18)
Seat 9: MarkAvrelij (small blind) folded before Flop



PokerStars Hand #223831339141:  Hold'em No Limit ($0.01/$0.02 USD) - 2021/02/14 20:46:27 PT [2021/02/14 23:46:27 ET]
Table 'Zanaih III' 9-max Seat #9 is the button
Seat 1: frosa9397 ($1.92 in chips) 
Seat 2: pavluha13 ($0.93 in chips) 
Seat 3: JOHN LOIKO ($2.26 in chips) 
Seat 4: Dorex2007 ($1.57 in chips) 
Seat 5: olivierflush ($3.47 in chips) 
Seat 6: MedvePUDsoli ($2.03 in chips) 
Seat 7: snshneray ($1.59 in chips) 
Seat 8: PAMEGERA ($2.71 in chips) 
Seat 9: MarkAvrelij ($2 in chips) 
frosa9397: posts small blind $0.01
pavluha13: posts big blind $0.02
*** HOLE CARDS ***
Dealt to Dorex2007 [2h 5h]
JOHN LOIKO: folds 
Dorex2007: folds 
olivierflush: calls $0.02
MedvePUDsoli: folds 
snshneray: folds 
PAMEGERA: calls $0.02
MarkAvrelij: folds 
frosa9397: folds 
pavluha13: raises $0.06 to $0.08
olivierflush: calls $0.06
PAMEGERA: calls $0.06
*** FLOP *** [7d Tc 3c]
pavluha13: checks 
olivierflush: checks 
PAMEGERA: bets $0.10
pavluha13: folds 
olivierflush: calls $0.10
*** TURN *** [7d Tc 3c] [Ah]
olivierflush: checks 
PAMEGERA: checks 
*** RIVER *** [7d Tc 3c Ah] [Th]
olivierflush: checks 
PAMEGERA: checks 
*** SHOW DOWN ***
olivierflush: shows [7h Ad] (two pair, Aces and Tens)
PAMEGERA: mucks hand 
olivierflush collected $0.43 from pot
*** SUMMARY ***
Total pot $0.45 | Rake $0.02 
Board [7d Tc 3c Ah Th]
Seat 1: frosa9397 (small blind) folded before Flop
Seat 2: pavluha13 (big blind) folded on the Flop
Seat 3: JOHN LOIKO folded before Flop (didn't bet)
Seat 4: Dorex2007 folded before Flop (didn't bet)
Seat 5: olivierflush showed [7h Ad] and won ($0.43) with two pair, Aces and Tens
Seat 6: MedvePUDsoli folded before Flop (didn't bet)
Seat 7: snshneray folded before Flop (didn't bet)
Seat 8: PAMEGERA mucked [4h 4c]
Seat 9: MarkAvrelij (button) folded before Flop (didn't bet)



PokerStars Hand #223831366530:  Hold'em No Limit ($0.01/$0.02 USD) - 2021/02/14 20:47:56 PT [2021/02/14 23:47:56 ET]
Table 'Zanaih III' 9-max Seat #1 is the button
Seat 1: frosa9397 ($1.91 in chips) 
Seat 2: pavluha13 ($0.85 in chips) 
Seat 3: JOHN LOIKO ($2.26 in chips) 
Seat 4: Dorex2007 ($1.57 in chips) 
Seat 5: olivierflush ($3.72 in chips) 
Seat 6: MedvePUDsoli ($2.03 in chips) 
Seat 7: snshneray ($1.59 in chips) 
Seat 8: PAMEGERA ($2.53 in chips) 
Seat 9: MarkAvrelij ($2 in chips) 
pavluha13: posts small blind $0.01
JOHN LOIKO: posts big blind $0.02
*** HOLE CARDS ***
Dealt to Dorex2007 [Ac 3h]
Dorex2007: folds 
olivierflush: folds 
MedvePUDsoli: folds 
snshneray: folds 
PAMEGERA: folds 
MarkAvrelij: raises $0.03 to $0.05
frosa9397: folds 
pavluha13: raises $0.05 to $0.10
JOHN LOIKO: folds 
MarkAvrelij: calls $0.05
*** FLOP *** [9c Qs 4c]
pavluha13: bets $0.06
MarkAvrelij: folds 
Uncalled bet ($0.06) returned to pavluha13
pavluha13 collected $0.21 from pot
*** SUMMARY ***
Total pot $0.22 | Rake $0.01 
Board [9c Qs 4c]
Seat 1: frosa9397 (button) folded before Flop (didn't bet)
Seat 2: pavluha13 (small blind) collected ($0.21)
Seat 3: JOHN LOIKO (big blind) folded before Flop
Seat 4: Dorex2007 folded before Flop (didn't bet)
Seat 5: olivierflush folded before Flop (didn't bet)
Seat 6: MedvePUDsoli folded before Flop (didn't bet)
Seat 7: snshneray folded before Flop (didn't bet)
Seat 8: PAMEGERA folded before Flop (didn't bet)
Seat 9: MarkAvrelij folded on the Flop



PokerStars Hand #223831374302:  Hold'em No Limit ($0.01/$0.02 USD) - 2021/02/14 20:48:35 PT [2021/02/14 23:48:35 ET]
Table 'Zanaih III' 9-max Seat #2 is the button
Seat 1: frosa9397 ($1.91 in chips) 
Seat 2: pavluha13 ($0.96 in chips) 
Seat 3: JOHN LOIKO ($2.24 in chips) 
Seat 4: Dorex2007 ($1.57 in chips) 
Seat 5: olivierflush ($3.72 in chips) 
Seat 6: MedvePUDsoli ($2.03 in chips) 
Seat 7: snshneray ($1.59 in chips) 
Seat 8: PAMEGERA ($2.53 in chips) 
Seat 9: MarkAvrelij ($2 in chips) 
JOHN LOIKO: posts small blind $0.01
Dorex2007: posts big blind $0.02
*** HOLE CARDS ***
Dealt to Dorex2007 [Ks Ac]
olivierflush: folds 
MedvePUDsoli: folds 
snshneray: raises $0.04 to $0.06
PAMEGERA: folds 
MarkAvrelij: folds 
frosa9397: folds 
pavluha13: folds 
JOHN LOIKO: folds 
Dorex2007: raises $0.06 to $0.12
snshneray: folds 
Uncalled bet ($0.06) returned to Dorex2007
Dorex2007 collected $0.13 from pot
Dorex2007: doesn't show hand 
*** SUMMARY ***
Total pot $0.13 | Rake $0 
Seat 1: frosa9397 folded before Flop (didn't bet)
Seat 2: pavluha13 (button) folded before Flop (didn't bet)
Seat 3: JOHN LOIKO (small blind) folded before Flop
Seat 4: Dorex2007 (big blind) collected ($0.13)
Seat 5: olivierflush folded before Flop (didn't bet)
Seat 6: MedvePUDsoli folded before Flop (didn't bet)
Seat 7: snshneray folded before Flop
Seat 8: PAMEGERA folded before Flop (didn't bet)
Seat 9: MarkAvrelij folded before Flop (didn't bet)



PokerStars Hand #223831383518:  Hold'em No Limit ($0.01/$0.02 USD) - 2021/02/14 20:49:21 PT [2021/02/14 23:49:21 ET]
Table 'Zanaih III' 9-max Seat #3 is the button
Seat 1: frosa9397 ($1.91 in chips) 
Seat 2: pavluha13 ($0.96 in chips) 
Seat 3: JOHN LOIKO ($2.23 in chips) 
Seat 4: Dorex2007 ($1.64 in chips) 
Seat 5: olivierflush ($3.72 in chips) 
Seat 6: MedvePUDsoli ($2.03 in chips) 
Seat 7: snshneray ($1.53 in chips) 
Seat 8: PAMEGERA ($2.53 in chips) 
Seat 9: MarkAvrelij ($2 in chips) 
Dorex2007: posts small blind $0.01
olivierflush: posts big blind $0.02
*** HOLE CARDS ***
Dealt to Dorex2007 [4c Ad]
MedvePUDsoli: folds 
snshneray: folds 
PAMEGERA: folds 
MarkAvrelij: folds 
frosa9397: raises $0.05 to $0.07
snshneray leaves the table
pavluha13: folds 
JOHN LOIKO: folds 
Dorex2007: folds 
olivierflush: raises $0.15 to $0.22
frosa9397: folds 
Uncalled bet ($0.15) returned to olivierflush
olivierflush collected $0.15 from pot
olivierflush: doesn't show hand 
*** SUMMARY ***
Total pot $0.15 | Rake $0 
Seat 1: frosa9397 folded before Flop
Seat 2: pavluha13 folded before Flop (didn't bet)
Seat 3: JOHN LOIKO (button) folded before Flop (didn't bet)
Seat 4: Dorex2007 (small blind) folded before Flop
Seat 5: olivierflush (big blind) collected ($0.15)
Seat 6: MedvePUDsoli folded before Flop (didn't bet)
Seat 7: snshneray folded before Flop (didn't bet)
Seat 8: PAMEGERA folded before Flop (didn't bet)
Seat 9: MarkAvrelij folded before Flop (didn't bet)



PokerStars Hand #223831388932:  Hold'em No Limit ($0.01/$0.02 USD) - 2021/02/14 20:49:48 PT [2021/02/14 23:49:48 ET]
Table 'Zanaih III' 9-max Seat #4 is the button
Seat 1: frosa9397 ($1.84 in chips) 
Seat 2: pavluha13 ($0.96 in chips) 
Seat 3: JOHN LOIKO ($2.23 in chips) 
Seat 4: Dorex2007 ($1.63 in chips) 
Seat 5: olivierflush ($3.80 in chips) 
Seat 6: MedvePUDsoli ($2.03 in chips) 
Seat 8: PAMEGERA ($2.53 in chips) 
Seat 9: MarkAvrelij ($2 in chips) 
olivierflush: posts small blind $0.01
MedvePUDsoli: posts big blind $0.02
*** HOLE CARDS ***
Dealt to Dorex2007 [4h 9c]
PAMEGERA: folds 
MarkAvrelij: folds 
frosa9397: folds 
pavluha13: folds 
JOHN LOIKO: folds 
Dorex2007: folds 
olivierflush: folds 
Uncalled bet ($0.01) returned to MedvePUDsoli
MedvePUDsoli collected $0.02 from pot
MedvePUDsoli: doesn't show hand 
*** SUMMARY ***
Total pot $0.02 | Rake $0 
Seat 1: frosa9397 folded before Flop (didn't bet)
Seat 2: pavluha13 folded before Flop (didn't bet)
Seat 3: JOHN LOIKO folded before Flop (didn't bet)
Seat 4: Dorex2007 (button) folded before Flop (didn't bet)
Seat 5: olivierflush (small blind) folded before Flop
Seat 6: MedvePUDsoli (big blind) collected ($0.02)
Seat 8: PAMEGERA folded before Flop (didn't bet)
Seat 9: MarkAvrelij folded before Flop (didn't bet)



PokerStars Hand #223831392952:  Hold'em No Limit ($0.01/$0.02 USD) - 2021/02/14 20:50:09 PT [2021/02/14 23:50:09 ET]
Table 'Zanaih III' 9-max Seat #5 is the button
Seat 1: frosa9397 ($1.84 in chips) 
Seat 2: pavluha13 ($0.96 in chips) 
Seat 3: JOHN LOIKO ($2.23 in chips) 
Seat 4: Dorex2007 ($1.63 in chips) 
Seat 5: olivierflush ($3.79 in chips) 
Seat 6: MedvePUDsoli ($2.04 in chips) 
Seat 8: PAMEGERA ($2.53 in chips) 
Seat 9: MarkAvrelij ($2 in chips) 
MedvePUDsoli: posts small blind $0.01
PAMEGERA: posts big blind $0.02
*** HOLE CARDS ***
Dealt to Dorex2007 [6d 6h]
MarkAvrelij: folds 
frosa9397: folds 
pavluha13: folds 
JOHN LOIKO: folds 
Dorex2007: calls $0.02
olivierflush: calls $0.02
MedvePUDsoli: folds 
PAMEGERA: raises $0.18 to $0.20
Dorex2007: folds 
olivierflush: folds 
Uncalled bet ($0.18) returned to PAMEGERA
PAMEGERA collected $0.07 from pot
PAMEGERA: doesn't show hand 
*** SUMMARY ***
Total pot $0.07 | Rake $0 
Seat 1: frosa9397 folded before Flop (didn't bet)
Seat 2: pavluha13 folded before Flop (didn't bet)
Seat 3: JOHN LOIKO folded before Flop (didn't bet)
Seat 4: Dorex2007 folded before Flop
Seat 5: olivierflush (button) folded before Flop
Seat 6: MedvePUDsoli (small blind) folded before Flop
Seat 8: PAMEGERA (big blind) collected ($0.07)
Seat 9: MarkAvrelij folded before Flop (didn't bet)



PokerStars Hand #223831399948:  Hold'em No Limit ($0.01/$0.02 USD) - 2021/02/14 20:50:44 PT [2021/02/14 23:50:44 ET]
Table 'Zanaih III' 9-max Seat #6 is the button
Seat 1: frosa9397 ($1.84 in chips) 
Seat 2: pavluha13 ($0.96 in chips) 
Seat 3: JOHN LOIKO ($2.23 in chips) 
Seat 4: Dorex2007 ($1.61 in chips) 
Seat 5: olivierflush ($3.77 in chips) 
Seat 6: MedvePUDsoli ($2.03 in chips) 
Seat 8: PAMEGERA ($2.58 in chips) 
Seat 9: MarkAvrelij ($2 in chips) 
PAMEGERA: posts small blind $0.01
MarkAvrelij: posts big blind $0.02
*** HOLE CARDS ***
Dealt to Dorex2007 [Qc Qs]
frosa9397: calls $0.02
pavluha13: folds 
JOHN LOIKO: folds 
Dorex2007: raises $0.04 to $0.06
olivierflush: folds 
MedvePUDsoli: folds 
PAMEGERA: calls $0.05
MarkAvrelij: folds 
frosa9397: folds 
*** FLOP *** [Ah Jh 9s]
PAMEGERA: checks 
Dorex2007: bets $0.08
PAMEGERA: calls $0.08
*** TURN *** [Ah Jh 9s] [9h]
PAMEGERA: checks 
Dorex2007: checks 
*** RIVER *** [Ah Jh 9s 9h] [Qh]
PAMEGERA: checks 
Dorex2007: bets $0.31
PAMEGERA: folds 
Uncalled bet ($0.31) returned to Dorex2007
Dorex2007 collected $0.31 from pot
Dorex2007: doesn't show hand 
*** SUMMARY ***
Total pot $0.32 | Rake $0.01 
Board [Ah Jh 9s 9h Qh]
Seat 1: frosa9397 folded before Flop
Seat 2: pavluha13 folded before Flop (didn't bet)
Seat 3: JOHN LOIKO folded before Flop (didn't bet)
Seat 4: Dorex2007 collected ($0.31)
Seat 5: olivierflush folded before Flop (didn't bet)
Seat 6: MedvePUDsoli (button) folded before Flop (didn't bet)
Seat 8: PAMEGERA (small blind) folded on the River
Seat 9: MarkAvrelij (big blind) folded before Flop



PokerStars Hand #223831417289:  Hold'em No Limit ($0.01/$0.02 USD) - 2021/02/14 20:51:36 PT [2021/02/14 23:51:36 ET]
Table 'Zanaih III' 9-max Seat #8 is the button
Seat 1: frosa9397 ($1.82 in chips) 
Seat 2: pavluha13 ($0.96 in chips) 
Seat 3: JOHN LOIKO ($2.23 in chips) 
Seat 4: Dorex2007 ($1.78 in chips) 
Seat 5: olivierflush ($3.77 in chips) 
Seat 6: MedvePUDsoli ($2.03 in chips) 
Seat 8: PAMEGERA ($2.44 in chips) 
Seat 9: MarkAvrelij ($2 in chips) 
MarkAvrelij: posts small blind $0.01
frosa9397: posts big blind $0.02
*** HOLE CARDS ***
Dealt to Dorex2007 [Ac 7d]
pavluha13: folds 
JOHN LOIKO: raises $0.04 to $0.06
Dorex2007: folds 
olivierflush: folds 
MedvePUDsoli: folds 
PAMEGERA: folds 
MarkAvrelij: folds 
frosa9397: folds 
Uncalled bet ($0.04) returned to JOHN LOIKO
JOHN LOIKO collected $0.05 from pot
JOHN LOIKO: doesn't show hand 
*** SUMMARY ***
Total pot $0.05 | Rake $0 
Seat 1: frosa9397 (big blind) folded before Flop
Seat 2: pavluha13 folded before Flop (didn't bet)
Seat 3: JOHN LOIKO collected ($0.05)
Seat 4: Dorex2007 folded before Flop (didn't bet)
Seat 5: olivierflush folded before Flop (didn't bet)
Seat 6: MedvePUDsoli folded before Flop (didn't bet)
Seat 8: PAMEGERA (button) folded before Flop (didn't bet)
Seat 9: MarkAvrelij (small blind) folded before Flop



PokerStars Hand #223831422462:  Hold'em No Limit ($0.01/$0.02 USD) - 2021/02/14 20:52:02 PT [2021/02/14 23:52:02 ET]
Table 'Zanaih III' 9-max Seat #9 is the button
Seat 1: frosa9397 ($1.80 in chips) 
Seat 2: pavluha13 ($0.96 in chips) 
Seat 3: JOHN LOIKO ($2.26 in chips) 
Seat 4: Dorex2007 ($1.78 in chips) 
Seat 5: olivierflush ($3.77 in chips) 
Seat 6: MedvePUDsoli ($2.03 in chips) 
Seat 8: PAMEGERA ($2.44 in chips) 
Seat 9: MarkAvrelij ($2 in chips) 
frosa9397: posts small blind $0.01
pavluha13: posts big blind $0.02
*** HOLE CARDS ***
Dealt to Dorex2007 [Qh 8s]
JOHN LOIKO: folds 
Dorex2007: folds 
olivierflush: folds 
MedvePUDsoli: folds 
PAMEGERA: raises $0.02 to $0.04
MarkAvrelij: folds 
frosa9397: folds 
pavluha13: folds 
Uncalled bet ($0.02) returned to PAMEGERA
PAMEGERA collected $0.05 from pot
PAMEGERA: doesn't show hand 
*** SUMMARY ***
Total pot $0.05 | Rake $0 
Seat 1: frosa9397 (small blind) folded before Flop
Seat 2: pavluha13 (big blind) folded before Flop
Seat 3: JOHN LOIKO folded before Flop (didn't bet)
Seat 4: Dorex2007 folded before Flop (didn't bet)
Seat 5: olivierflush folded before Flop (didn't bet)
Seat 6: MedvePUDsoli folded before Flop (didn't bet)
Seat 8: PAMEGERA collected ($0.05)
Seat 9: MarkAvrelij (button) folded before Flop (didn't bet)



PokerStars Hand #223831427898:  Hold'em No Limit ($0.01/$0.02 USD) - 2021/02/14 20:52:30 PT [2021/02/14 23:52:30 ET]
Table 'Zanaih III' 9-max Seat #1 is the button
Seat 1: frosa9397 ($1.79 in chips) 
Seat 2: pavluha13 ($0.94 in chips) 
Seat 3: JOHN LOIKO ($2.26 in chips) 
Seat 4: Dorex2007 ($1.78 in chips) 
Seat 5: olivierflush ($3.77 in chips) 
Seat 6: MedvePUDsoli ($2.03 in chips) 
Seat 8: PAMEGERA ($2.47 in chips) 
Seat 9: MarkAvrelij ($2 in chips) 
pavluha13: posts small blind $0.01
JOHN LOIKO: posts big blind $0.02
*** HOLE CARDS ***
Dealt to Dorex2007 [4s Qh]
Dorex2007: folds 
olivierflush: folds 
MedvePUDsoli: folds 
PAMEGERA: folds 
MarkAvrelij: folds 
frosa9397 has timed out
frosa9397: folds 
pavluha13: folds 
Uncalled bet ($0.01) returned to JOHN LOIKO
JOHN LOIKO collected $0.02 from pot
JOHN LOIKO: doesn't show hand 
*** SUMMARY ***
Total pot $0.02 | Rake $0 
Seat 1: frosa9397 (button) folded before Flop (didn't bet)
Seat 2: pavluha13 (small blind) folded before Flop
Seat 3: JOHN LOIKO (big blind) collected ($0.02)
Seat 4: Dorex2007 folded before Flop (didn't bet)
Seat 5: olivierflush folded before Flop (didn't bet)
Seat 6: MedvePUDsoli folded before Flop (didn't bet)
Seat 8: PAMEGERA folded before Flop (didn't bet)
Seat 9: MarkAvrelij folded before Flop (didn't bet)



PokerStars Hand #223831433907:  Hold'em No Limit ($0.01/$0.02 USD) - 2021/02/14 20:53:00 PT [2021/02/14 23:53:00 ET]
Table 'Zanaih III' 9-max Seat #2 is the button
Seat 1: frosa9397 ($1.79 in chips) 
Seat 2: pavluha13 ($0.93 in chips) 
Seat 3: JOHN LOIKO ($2.27 in chips) 
Seat 4: Dorex2007 ($1.78 in chips) 
Seat 5: olivierflush ($3.77 in chips) 
Seat 6: MedvePUDsoli ($2.03 in chips) 
Seat 8: PAMEGERA ($2.47 in chips) 
Seat 9: MarkAvrelij ($2 in chips) 
JOHN LOIKO: posts small blind $0.01
Dorex2007: posts big blind $0.02
*** HOLE CARDS ***
Dealt to Dorex2007 [Qc 4s]
olivierflush: folds 
MedvePUDsoli: folds 
PAMEGERA: folds 
MarkAvrelij: folds 
frosa9397: folds 
pavluha13: folds 
JOHN LOIKO: raises $0.04 to $0.06
Dorex2007: folds 
Uncalled bet ($0.04) returned to JOHN LOIKO
JOHN LOIKO collected $0.04 from pot
JOHN LOIKO: doesn't show hand 
*** SUMMARY ***
Total pot $0.04 | Rake $0 
Seat 1: frosa9397 folded before Flop (didn't bet)
Seat 2: pavluha13 (button) folded before Flop (didn't bet)
Seat 3: JOHN LOIKO (small blind) collected ($0.04)
Seat 4: Dorex2007 (big blind) folded before Flop
Seat 5: olivierflush folded before Flop (didn't bet)
Seat 6: MedvePUDsoli folded before Flop (didn't bet)
Seat 8: PAMEGERA folded before Flop (didn't bet)
Seat 9: MarkAvrelij folded before Flop (didn't bet)



PokerStars Hand #223831438311:  Hold'em No Limit ($0.01/$0.02 USD) - 2021/02/14 20:53:23 PT [2021/02/14 23:53:23 ET]
Table 'Zanaih III' 9-max Seat #3 is the button
Seat 1: frosa9397 ($1.79 in chips) 
Seat 2: pavluha13 ($0.93 in chips) 
Seat 3: JOHN LOIKO ($2.29 in chips) 
Seat 4: Dorex2007 ($1.76 in chips) 
Seat 5: olivierflush ($3.77 in chips) 
Seat 6: MedvePUDsoli ($2.03 in chips) 
Seat 8: PAMEGERA ($2.47 in chips) 
Seat 9: MarkAvrelij ($2 in chips) 
Dorex2007: posts small blind $0.01
olivierflush: posts big blind $0.02
*** HOLE CARDS ***
Dealt to Dorex2007 [Js 9d]
MedvePUDsoli: folds 
PAMEGERA: folds 
MarkAvrelij: folds 
frosa9397: folds 
pavluha13: folds 
JOHN LOIKO: folds 
Dorex2007: folds 
Uncalled bet ($0.01) returned to olivierflush
olivierflush collected $0.02 from pot
olivierflush: doesn't show hand 
*** SUMMARY ***
Total pot $0.02 | Rake $0 
Seat 1: frosa9397 folded before Flop (didn't bet)
Seat 2: pavluha13 folded before Flop (didn't bet)
Seat 3: JOHN LOIKO (button) folded before Flop (didn't bet)
Seat 4: Dorex2007 (small blind) folded before Flop
Seat 5: olivierflush (big blind) collected ($0.02)
Seat 6: MedvePUDsoli folded before Flop (didn't bet)
Seat 8: PAMEGERA folded before Flop (didn't bet)
Seat 9: MarkAvrelij folded before Flop (didn't bet)



