PokerStars Hand #224577609056:  Hold'em No Limit ($0.01/$0.02 USD) - 2021/03/07 16:05:56 PT [2021/03/07 19:05:56 ET]
Table 'Luthera II' 9-max Seat #8 is the button
Seat 1: Dorex2007 ($1.50 in chips) 
Seat 2: Stapler2000 ($2.81 in chips) 
Seat 3: Rabb1st ($2 in chips) 
Seat 4: UIPzavestUEP ($1.58 in chips) 
Seat 5: buggspray ($3.53 in chips) 
Seat 6: kvzonx100pre ($1.94 in chips) 
Seat 7: AnandaLe ($3.03 in chips) 
Seat 8: 85plechi ($0.14 in chips) 
Seat 9: MySoulInDark ($1.97 in chips) 
MySoulInDark: posts small blind $0.01
Dorex2007: posts big blind $0.02
*** HOLE CARDS ***
Dealt to Dorex2007 [2d Jd]
Stapler2000: folds 
Rabb1st: folds 
UIPzavestUEP: calls $0.02
buggspray: folds 
kvzonx100pre: folds 
AnandaLe: folds 
85plechi: folds 
MySoulInDark: raises $0.02 to $0.04
Dorex2007: folds 
UIPzavestUEP: calls $0.02
*** FLOP *** [5h Kd 3s]
MySoulInDark: bets $0.05
UIPzavestUEP: calls $0.05
*** TURN *** [5h Kd 3s] [7h]
MySoulInDark: bets $0.09
UIPzavestUEP: calls $0.09
*** RIVER *** [5h Kd 3s 7h] [Ac]
MySoulInDark: bets $0.37
UIPzavestUEP: folds 
Uncalled bet ($0.37) returned to MySoulInDark
MySoulInDark collected $0.37 from pot
MySoulInDark: doesn't show hand 
*** SUMMARY ***
Total pot $0.38 | Rake $0.01 
Board [5h Kd 3s 7h Ac]
Seat 1: Dorex2007 (big blind) folded before Flop
Seat 2: Stapler2000 folded before Flop (didn't bet)
Seat 3: Rabb1st folded before Flop (didn't bet)
Seat 4: UIPzavestUEP folded on the River
Seat 5: buggspray folded before Flop (didn't bet)
Seat 6: kvzonx100pre folded before Flop (didn't bet)
Seat 7: AnandaLe folded before Flop (didn't bet)
Seat 8: 85plechi (button) folded before Flop (didn't bet)
Seat 9: MySoulInDark (small blind) collected ($0.37)



PokerStars Hand #224577650731:  Hold'em No Limit ($0.01/$0.02 USD) - 2021/03/07 16:07:05 PT [2021/03/07 19:07:05 ET]
Table 'Luthera II' 9-max Seat #9 is the button
Seat 1: Dorex2007 ($1.48 in chips) 
Seat 2: Stapler2000 ($2.81 in chips) 
Seat 3: Rabb1st ($2 in chips) 
Seat 4: UIPzavestUEP ($1.40 in chips) 
Seat 5: buggspray ($3.53 in chips) 
Seat 6: kvzonx100pre ($1.94 in chips) 
Seat 7: AnandaLe ($3.03 in chips) 
Seat 8: 85plechi ($0.14 in chips) 
Seat 9: MySoulInDark ($2.16 in chips) 
Dorex2007: posts small blind $0.01
Stapler2000: posts big blind $0.02
*** HOLE CARDS ***
Dealt to Dorex2007 [8s Ac]
Rabb1st: folds 
UIPzavestUEP: calls $0.02
buggspray: folds 
kvzonx100pre: folds 
AnandaLe: folds 
85plechi: calls $0.02
MySoulInDark: raises $0.02 to $0.04
Dorex2007: folds 
Stapler2000: calls $0.02
UIPzavestUEP: calls $0.02
85plechi: calls $0.02
*** FLOP *** [5s Kh 8d]
Stapler2000: checks 
UIPzavestUEP: checks 
85plechi: checks 
MySoulInDark: bets $0.08
Stapler2000: calls $0.08
UIPzavestUEP: folds 
85plechi: folds 
*** TURN *** [5s Kh 8d] [8h]
Stapler2000: bets $0.16
MySoulInDark: folds 
Uncalled bet ($0.16) returned to Stapler2000
Stapler2000 collected $0.32 from pot
Stapler2000: doesn't show hand 
*** SUMMARY ***
Total pot $0.33 | Rake $0.01 
Board [5s Kh 8d 8h]
Seat 1: Dorex2007 (small blind) folded before Flop
Seat 2: Stapler2000 (big blind) collected ($0.32)
Seat 3: Rabb1st folded before Flop (didn't bet)
Seat 4: UIPzavestUEP folded on the Flop
Seat 5: buggspray folded before Flop (didn't bet)
Seat 6: kvzonx100pre folded before Flop (didn't bet)
Seat 7: AnandaLe folded before Flop (didn't bet)
Seat 8: 85plechi folded on the Flop
Seat 9: MySoulInDark (button) folded on the Turn



PokerStars Hand #224577682449:  Hold'em No Limit ($0.01/$0.02 USD) - 2021/03/07 16:08:06 PT [2021/03/07 19:08:06 ET]
Table 'Luthera II' 9-max Seat #1 is the button
Seat 1: Dorex2007 ($1.47 in chips) 
Seat 2: Stapler2000 ($3.01 in chips) 
Seat 3: Rabb1st ($2 in chips) 
Seat 4: UIPzavestUEP ($1.36 in chips) 
Seat 5: buggspray ($3.53 in chips) 
Seat 6: kvzonx100pre ($1.94 in chips) 
Seat 7: AnandaLe ($3.03 in chips) 
Seat 8: 85plechi ($0.10 in chips) 
Seat 9: MySoulInDark ($2.04 in chips) 
Stapler2000: posts small blind $0.01
Rabb1st: posts big blind $0.02
*** HOLE CARDS ***
Dealt to Dorex2007 [7h 5d]
UIPzavestUEP: folds 
buggspray: folds 
kvzonx100pre: folds 
AnandaLe: folds 
85plechi: calls $0.02
MySoulInDark: calls $0.02
Dorex2007: folds 
Stapler2000: folds 
Rabb1st: checks 
*** FLOP *** [3c Jh Ts]
Rabb1st: checks 
85plechi: checks 
MySoulInDark: checks 
*** TURN *** [3c Jh Ts] [Th]
Rabb1st: checks 
85plechi: checks 
MySoulInDark: checks 
*** RIVER *** [3c Jh Ts Th] [4h]
Rabb1st: checks 
85plechi: bets $0.08 and is all-in
MySoulInDark: folds 
Rabb1st: folds 
Uncalled bet ($0.08) returned to 85plechi
85plechi collected $0.07 from pot
*** SUMMARY ***
Total pot $0.07 | Rake $0 
Board [3c Jh Ts Th 4h]
Seat 1: Dorex2007 (button) folded before Flop (didn't bet)
Seat 2: Stapler2000 (small blind) folded before Flop
Seat 3: Rabb1st (big blind) folded on the River
Seat 4: UIPzavestUEP folded before Flop (didn't bet)
Seat 5: buggspray folded before Flop (didn't bet)
Seat 6: kvzonx100pre folded before Flop (didn't bet)
Seat 7: AnandaLe folded before Flop (didn't bet)
Seat 8: 85plechi collected ($0.07)
Seat 9: MySoulInDark folded on the River



PokerStars Hand #224577703548:  Hold'em No Limit ($0.01/$0.02 USD) - 2021/03/07 16:08:52 PT [2021/03/07 19:08:52 ET]
Table 'Luthera II' 9-max Seat #2 is the button
Seat 1: Dorex2007 ($1.47 in chips) 
Seat 2: Stapler2000 ($3 in chips) 
Seat 3: Rabb1st ($2 in chips) 
Seat 4: UIPzavestUEP ($2 in chips) 
Seat 5: buggspray ($3.53 in chips) 
Seat 6: kvzonx100pre ($1.94 in chips) 
Seat 7: AnandaLe ($3.03 in chips) 
Seat 8: 85plechi ($0.15 in chips) 
Seat 9: MySoulInDark ($2.02 in chips) 
Rabb1st: posts small blind $0.01
UIPzavestUEP: posts big blind $0.02
*** HOLE CARDS ***
Dealt to Dorex2007 [Ac 6s]
buggspray: folds 
kvzonx100pre: folds 
AnandaLe: folds 
85plechi: folds 
MySoulInDark: calls $0.02
Dorex2007: folds 
Stapler2000: raises $0.08 to $0.10
Rabb1st: folds 
UIPzavestUEP: folds 
MySoulInDark: calls $0.08
*** FLOP *** [4h 3c Qd]
MySoulInDark: checks 
Stapler2000: bets $0.14
MySoulInDark: calls $0.14
*** TURN *** [4h 3c Qd] [9c]
MySoulInDark: checks 
Stapler2000: bets $0.49
MySoulInDark: calls $0.49
*** RIVER *** [4h 3c Qd 9c] [8s]
MySoulInDark: checks 
Stapler2000: bets $1.30
MySoulInDark: calls $1.29 and is all-in
Uncalled bet ($0.01) returned to Stapler2000
*** SHOW DOWN ***
Stapler2000: shows [9h 9d] (three of a kind, Nines)
MySoulInDark: shows [Qc 7h] (a pair of Queens)
Stapler2000 collected $3.93 from pot
*** SUMMARY ***
Total pot $4.07 | Rake $0.14 
Board [4h 3c Qd 9c 8s]
Seat 1: Dorex2007 folded before Flop (didn't bet)
Seat 2: Stapler2000 (button) showed [9h 9d] and won ($3.93) with three of a kind, Nines
Seat 3: Rabb1st (small blind) folded before Flop
Seat 4: UIPzavestUEP (big blind) folded before Flop
Seat 5: buggspray folded before Flop (didn't bet)
Seat 6: kvzonx100pre folded before Flop (didn't bet)
Seat 7: AnandaLe folded before Flop (didn't bet)
Seat 8: 85plechi folded before Flop (didn't bet)
Seat 9: MySoulInDark showed [Qc 7h] and lost with a pair of Queens



PokerStars Hand #224577730973:  Hold'em No Limit ($0.01/$0.02 USD) - 2021/03/07 16:09:51 PT [2021/03/07 19:09:51 ET]
Table 'Luthera II' 9-max Seat #3 is the button
Seat 1: Dorex2007 ($1.47 in chips) 
Seat 2: Stapler2000 ($4.91 in chips) 
Seat 3: Rabb1st ($2 in chips) 
Seat 4: UIPzavestUEP ($1.98 in chips) 
Seat 5: buggspray ($3.53 in chips) 
Seat 6: kvzonx100pre ($1.94 in chips) 
Seat 7: AnandaLe ($3.03 in chips) 
Seat 8: 85plechi ($0.15 in chips) 
UIPzavestUEP: posts small blind $0.01
buggspray: posts big blind $0.02
*** HOLE CARDS ***
Dealt to Dorex2007 [8s 3h]
kvzonx100pre: folds 
AnandaLe: folds 
MySoulInDark leaves the table
85plechi: calls $0.02
Dorex2007: folds 
Stapler2000: folds 
Rabb1st: folds 
UIPzavestUEP: calls $0.01
buggspray: checks 
*** FLOP *** [3d Qc 3s]
UIPzavestUEP: checks 
buggspray: checks 
85plechi: checks 
*** TURN *** [3d Qc 3s] [Ks]
UIPzavestUEP: checks 
buggspray: checks 
85plechi: bets $0.13 and is all-in
UIPzavestUEP: folds 
buggspray: folds 
Uncalled bet ($0.13) returned to 85plechi
85plechi collected $0.06 from pot
*** SUMMARY ***
Total pot $0.06 | Rake $0 
Board [3d Qc 3s Ks]
Seat 1: Dorex2007 folded before Flop (didn't bet)
Seat 2: Stapler2000 folded before Flop (didn't bet)
Seat 3: Rabb1st (button) folded before Flop (didn't bet)
Seat 4: UIPzavestUEP (small blind) folded on the Turn
Seat 5: buggspray (big blind) folded on the Turn
Seat 6: kvzonx100pre folded before Flop (didn't bet)
Seat 7: AnandaLe folded before Flop (didn't bet)
Seat 8: 85plechi collected ($0.06)



PokerStars Hand #224577753360:  Hold'em No Limit ($0.01/$0.02 USD) - 2021/03/07 16:10:39 PT [2021/03/07 19:10:39 ET]
Table 'Luthera II' 9-max Seat #4 is the button
Seat 1: Dorex2007 ($2 in chips) 
Seat 2: Stapler2000 ($4.91 in chips) 
Seat 3: Rabb1st ($2 in chips) 
Seat 4: UIPzavestUEP ($1.96 in chips) 
Seat 5: buggspray ($3.51 in chips) 
Seat 6: kvzonx100pre ($1.94 in chips) 
Seat 7: AnandaLe ($3.03 in chips) 
Seat 8: 85plechi ($0.19 in chips) 
buggspray: posts small blind $0.01
kvzonx100pre: posts big blind $0.02
*** HOLE CARDS ***
Dealt to Dorex2007 [4h Th]
AnandaLe: folds 
85plechi: folds 
Dorex2007: folds 
Stapler2000: folds 
Rabb1st: folds 
UIPzavestUEP: folds 
buggspray: raises $0.04 to $0.06
kvzonx100pre: folds 
Uncalled bet ($0.04) returned to buggspray
buggspray collected $0.04 from pot
buggspray: doesn't show hand 
*** SUMMARY ***
Total pot $0.04 | Rake $0 
Seat 1: Dorex2007 folded before Flop (didn't bet)
Seat 2: Stapler2000 folded before Flop (didn't bet)
Seat 3: Rabb1st folded before Flop (didn't bet)
Seat 4: UIPzavestUEP (button) folded before Flop (didn't bet)
Seat 5: buggspray (small blind) collected ($0.04)
Seat 6: kvzonx100pre (big blind) folded before Flop
Seat 7: AnandaLe folded before Flop (didn't bet)
Seat 8: 85plechi folded before Flop (didn't bet)



PokerStars Hand #224577764430:  Hold'em No Limit ($0.01/$0.02 USD) - 2021/03/07 16:11:04 PT [2021/03/07 19:11:04 ET]
Table 'Luthera II' 9-max Seat #5 is the button
Seat 1: Dorex2007 ($2 in chips) 
Seat 2: Stapler2000 ($4.91 in chips) 
Seat 3: Rabb1st ($2 in chips) 
Seat 4: UIPzavestUEP ($1.96 in chips) 
Seat 5: buggspray ($3.53 in chips) 
Seat 6: kvzonx100pre ($1.92 in chips) 
Seat 7: AnandaLe ($3.03 in chips) 
Seat 8: 85plechi ($0.19 in chips) 
kvzonx100pre: posts small blind $0.01
AnandaLe: posts big blind $0.02
*** HOLE CARDS ***
Dealt to Dorex2007 [7c Jd]
85plechi: calls $0.02
Jicó joins the table at seat #9 
Dorex2007: folds 
Stapler2000: folds 
Rabb1st: raises $0.06 to $0.08
UIPzavestUEP: calls $0.08
buggspray: folds 
kvzonx100pre: folds 
AnandaLe: raises $0.27 to $0.35
85plechi: calls $0.17 and is all-in
Rabb1st: folds 
UIPzavestUEP: folds 
Uncalled bet ($0.16) returned to AnandaLe
*** FLOP *** [Kc 7h 2d]
*** TURN *** [Kc 7h 2d] [Tc]
*** RIVER *** [Kc 7h 2d Tc] [2h]
*** SHOW DOWN ***
AnandaLe: shows [Qs Ad] (a pair of Deuces)
85plechi: shows [As 9d] (a pair of Deuces - lower kicker)
AnandaLe collected $0.53 from pot
*** SUMMARY ***
Total pot $0.55 | Rake $0.02 
Board [Kc 7h 2d Tc 2h]
Seat 1: Dorex2007 folded before Flop (didn't bet)
Seat 2: Stapler2000 folded before Flop (didn't bet)
Seat 3: Rabb1st folded before Flop
Seat 4: UIPzavestUEP folded before Flop
Seat 5: buggspray (button) folded before Flop (didn't bet)
Seat 6: kvzonx100pre (small blind) folded before Flop
Seat 7: AnandaLe (big blind) showed [Qs Ad] and won ($0.53) with a pair of Deuces
Seat 8: 85plechi showed [As 9d] and lost with a pair of Deuces



PokerStars Hand #224577789792:  Hold'em No Limit ($0.01/$0.02 USD) - 2021/03/07 16:11:59 PT [2021/03/07 19:11:59 ET]
Table 'Luthera II' 9-max Seat #6 is the button
Seat 1: Dorex2007 ($2 in chips) 
Seat 2: Stapler2000 ($4.91 in chips) 
Seat 3: Rabb1st ($2 in chips) 
Seat 4: UIPzavestUEP ($1.88 in chips) 
Seat 5: buggspray ($3.53 in chips) 
Seat 6: kvzonx100pre ($1.91 in chips) 
Seat 7: AnandaLe ($3.37 in chips) 
Seat 9: Jicó ($2 in chips) 
AnandaLe: posts small blind $0.01
Jicó: posts big blind $0.02
*** HOLE CARDS ***
Dealt to Dorex2007 [Js 9c]
Dorex2007: folds 
Stapler2000: folds 
Rabb1st: folds 
UIPzavestUEP: folds 
buggspray: folds 
kvzonx100pre: folds 
AnandaLe: calls $0.01
85plechi leaves the table
Jicó: checks 
*** FLOP *** [7h 5s 6c]
AnandaLe: bets $0.10
Jicó: calls $0.10
*** TURN *** [7h 5s 6c] [4d]
AnandaLe: bets $0.12
Jicó: calls $0.12
*** RIVER *** [7h 5s 6c 4d] [Qc]
EmulationX joins the table at seat #8 
AnandaLe: bets $0.23
Jicó: raises $0.92 to $1.15
AnandaLe: folds 
Uncalled bet ($0.92) returned to Jicó
Jicó collected $0.91 from pot
Jicó: doesn't show hand 
*** SUMMARY ***
Total pot $0.94 | Rake $0.03 
Board [7h 5s 6c 4d Qc]
Seat 1: Dorex2007 folded before Flop (didn't bet)
Seat 2: Stapler2000 folded before Flop (didn't bet)
Seat 3: Rabb1st folded before Flop (didn't bet)
Seat 4: UIPzavestUEP folded before Flop (didn't bet)
Seat 5: buggspray folded before Flop (didn't bet)
Seat 6: kvzonx100pre (button) folded before Flop (didn't bet)
Seat 7: AnandaLe (small blind) folded on the River
Seat 9: Jicó (big blind) collected ($0.91)



PokerStars Hand #224577814377:  Hold'em No Limit ($0.01/$0.02 USD) - 2021/03/07 16:12:53 PT [2021/03/07 19:12:53 ET]
Table 'Luthera II' 9-max Seat #7 is the button
Seat 1: Dorex2007 ($2 in chips) 
Seat 2: Stapler2000 ($4.91 in chips) 
Seat 3: Rabb1st ($2 in chips) 
Seat 4: UIPzavestUEP ($1.88 in chips) 
Seat 5: buggspray ($3.53 in chips) 
Seat 6: kvzonx100pre ($1.91 in chips) 
Seat 7: AnandaLe ($2.90 in chips) 
Seat 9: Jicó ($2.44 in chips) 
Jicó: posts small blind $0.01
Dorex2007: posts big blind $0.02
*** HOLE CARDS ***
Dealt to Dorex2007 [Kc Js]
Stapler2000: folds 
Rabb1st: folds 
UIPzavestUEP: folds 
buggspray: folds 
kvzonx100pre: folds 
AnandaLe: folds 
Jicó: raises $0.04 to $0.06
Dorex2007: raises $0.12 to $0.18
Jicó: raises $0.36 to $0.54
Dorex2007: calls $0.36
*** FLOP *** [7h Ks Qd]
Jicó: checks 
Dorex2007: bets $1.46 and is all-in
Jicó: folds 
Uncalled bet ($1.46) returned to Dorex2007
Dorex2007 collected $1.04 from pot
Dorex2007: doesn't show hand 
*** SUMMARY ***
Total pot $1.08 | Rake $0.04 
Board [7h Ks Qd]
Seat 1: Dorex2007 (big blind) collected ($1.04)
Seat 2: Stapler2000 folded before Flop (didn't bet)
Seat 3: Rabb1st folded before Flop (didn't bet)
Seat 4: UIPzavestUEP folded before Flop (didn't bet)
Seat 5: buggspray folded before Flop (didn't bet)
Seat 6: kvzonx100pre folded before Flop (didn't bet)
Seat 7: AnandaLe (button) folded before Flop (didn't bet)
Seat 9: Jicó (small blind) folded on the Flop



PokerStars Hand #224577841371:  Hold'em No Limit ($0.01/$0.02 USD) - 2021/03/07 16:13:53 PT [2021/03/07 19:13:53 ET]
Table 'Luthera II' 9-max Seat #9 is the button
Seat 1: Dorex2007 ($2.50 in chips) 
Seat 2: Stapler2000 ($4.91 in chips) 
Seat 3: Rabb1st ($2 in chips) 
Seat 4: UIPzavestUEP ($1.88 in chips) 
Seat 5: buggspray ($3.53 in chips) 
Seat 6: kvzonx100pre ($1.91 in chips) 
Seat 7: AnandaLe ($2.90 in chips) 
Seat 9: Jicó ($1.90 in chips) 
Dorex2007: posts small blind $0.01
Stapler2000: posts big blind $0.02
EmulationX: sits out 
*** HOLE CARDS ***
Dealt to Dorex2007 [9d Jh]
Rabb1st: folds 
UIPzavestUEP: folds 
buggspray: folds 
kvzonx100pre: folds 
AnandaLe: raises $0.04 to $0.06
Jicó: calls $0.06
Dorex2007: folds 
Stapler2000: folds 
*** FLOP *** [Ad 3c 5d]
AnandaLe: bets $0.09
Jicó: calls $0.09
*** TURN *** [Ad 3c 5d] [9s]
AnandaLe: bets $0.25
Jicó: folds 
Uncalled bet ($0.25) returned to AnandaLe
AnandaLe collected $0.32 from pot
AnandaLe: doesn't show hand 
*** SUMMARY ***
Total pot $0.33 | Rake $0.01 
Board [Ad 3c 5d 9s]
Seat 1: Dorex2007 (small blind) folded before Flop
Seat 2: Stapler2000 (big blind) folded before Flop
Seat 3: Rabb1st folded before Flop (didn't bet)
Seat 4: UIPzavestUEP folded before Flop (didn't bet)
Seat 5: buggspray folded before Flop (didn't bet)
Seat 6: kvzonx100pre folded before Flop (didn't bet)
Seat 7: AnandaLe collected ($0.32)
Seat 9: Jicó (button) folded on the Turn



PokerStars Hand #224577869996:  Hold'em No Limit ($0.01/$0.02 USD) - 2021/03/07 16:14:56 PT [2021/03/07 19:14:56 ET]
Table 'Luthera II' 9-max Seat #1 is the button
Seat 1: Dorex2007 ($2.49 in chips) 
Seat 2: Stapler2000 ($4.89 in chips) 
Seat 3: Rabb1st ($2 in chips) 
Seat 4: UIPzavestUEP ($1.88 in chips) 
Seat 5: buggspray ($3.53 in chips) 
Seat 6: kvzonx100pre ($1.91 in chips) 
Seat 7: AnandaLe ($3.07 in chips) 
Seat 9: Jicó ($1.75 in chips) 
Stapler2000: posts small blind $0.01
Rabb1st: posts big blind $0.02
EmulationX: sits out 
*** HOLE CARDS ***
Dealt to Dorex2007 [6c 7s]
UIPzavestUEP: folds 
buggspray: folds 
kvzonx100pre: folds 
AnandaLe: folds 
Jicó: calls $0.02
Dorex2007: folds 
Stapler2000: folds 
Rabb1st: raises $0.06 to $0.08
Jicó: calls $0.06
*** FLOP *** [Ks 7c 4c]
Rabb1st: bets $0.10
Jicó: folds 
Uncalled bet ($0.10) returned to Rabb1st
Rabb1st collected $0.16 from pot
Rabb1st: doesn't show hand 
*** SUMMARY ***
Total pot $0.17 | Rake $0.01 
Board [Ks 7c 4c]
Seat 1: Dorex2007 (button) folded before Flop (didn't bet)
Seat 2: Stapler2000 (small blind) folded before Flop
Seat 3: Rabb1st (big blind) collected ($0.16)
Seat 4: UIPzavestUEP folded before Flop (didn't bet)
Seat 5: buggspray folded before Flop (didn't bet)
Seat 6: kvzonx100pre folded before Flop (didn't bet)
Seat 7: AnandaLe folded before Flop (didn't bet)
Seat 9: Jicó folded on the Flop



PokerStars Hand #224577884665:  Hold'em No Limit ($0.01/$0.02 USD) - 2021/03/07 16:15:29 PT [2021/03/07 19:15:29 ET]
Table 'Luthera II' 9-max Seat #2 is the button
Seat 1: Dorex2007 ($2.49 in chips) 
Seat 2: Stapler2000 ($4.88 in chips) 
Seat 3: Rabb1st ($2.08 in chips) 
Seat 4: UIPzavestUEP ($1.88 in chips) 
Seat 5: buggspray ($3.53 in chips) 
Seat 6: kvzonx100pre ($1.91 in chips) 
Seat 7: AnandaLe ($3.07 in chips) 
Seat 9: Jicó ($1.67 in chips) 
Rabb1st: posts small blind $0.01
UIPzavestUEP: posts big blind $0.02
EmulationX: sits out 
*** HOLE CARDS ***
Dealt to Dorex2007 [5h Qh]
buggspray: folds 
kvzonx100pre: raises $0.04 to $0.06
AnandaLe: folds 
Jicó: calls $0.06
Dorex2007: folds 
Stapler2000: folds 
Rabb1st: folds 
UIPzavestUEP: calls $0.04
*** FLOP *** [6s Jc 3c]
UIPzavestUEP: checks 
kvzonx100pre: checks 
Jicó: bets $0.18
UIPzavestUEP: folds 
kvzonx100pre: calls $0.18
*** TURN *** [6s Jc 3c] [Tc]
kvzonx100pre: checks 
Jicó: bets $0.53
kvzonx100pre: raises $1.14 to $1.67 and is all-in
Jicó: calls $0.90 and is all-in
Uncalled bet ($0.24) returned to kvzonx100pre
*** RIVER *** [6s Jc 3c Tc] [2h]
*** SHOW DOWN ***
kvzonx100pre: shows [Ac 7c] (a flush, Ace high)
Jicó: shows [8c Jd] (a pair of Jacks)
kvzonx100pre collected $3.29 from pot
*** SUMMARY ***
Total pot $3.41 | Rake $0.12 
Board [6s Jc 3c Tc 2h]
Seat 1: Dorex2007 folded before Flop (didn't bet)
Seat 2: Stapler2000 (button) folded before Flop (didn't bet)
Seat 3: Rabb1st (small blind) folded before Flop
Seat 4: UIPzavestUEP (big blind) folded on the Flop
Seat 5: buggspray folded before Flop (didn't bet)
Seat 6: kvzonx100pre showed [Ac 7c] and won ($3.29) with a flush, Ace high
Seat 7: AnandaLe folded before Flop (didn't bet)
Seat 9: Jicó showed [8c Jd] and lost with a pair of Jacks



PokerStars Hand #224577924076:  Hold'em No Limit ($0.01/$0.02 USD) - 2021/03/07 16:16:36 PT [2021/03/07 19:16:36 ET]
Table 'Luthera II' 9-max Seat #3 is the button
Seat 1: Dorex2007 ($2.49 in chips) 
Seat 2: Stapler2000 ($4.88 in chips) 
Seat 3: Rabb1st ($2.07 in chips) 
Seat 4: UIPzavestUEP ($1.82 in chips) 
Seat 5: buggspray ($3.53 in chips) 
Seat 6: kvzonx100pre ($3.53 in chips) 
Seat 7: AnandaLe ($3.07 in chips) 
UIPzavestUEP: posts small blind $0.01
buggspray: posts big blind $0.02
EmulationX: sits out 
*** HOLE CARDS ***
Dealt to Dorex2007 [6d Ah]
kvzonx100pre: folds 
AnandaLe: raises $0.04 to $0.06
Dorex2007: folds 
Stapler2000: folds 
Rabb1st: folds 
UIPzavestUEP: calls $0.05
buggspray: calls $0.04
*** FLOP *** [4h As 8h]
UIPzavestUEP: checks 
buggspray: checks 
AnandaLe: checks 
*** TURN *** [4h As 8h] [4d]
UIPzavestUEP: bets $0.09
buggspray: folds 
AnandaLe: folds 
Uncalled bet ($0.09) returned to UIPzavestUEP
UIPzavestUEP collected $0.17 from pot
UIPzavestUEP: doesn't show hand 
*** SUMMARY ***
Total pot $0.18 | Rake $0.01 
Board [4h As 8h 4d]
Seat 1: Dorex2007 folded before Flop (didn't bet)
Seat 2: Stapler2000 folded before Flop (didn't bet)
Seat 3: Rabb1st (button) folded before Flop (didn't bet)
Seat 4: UIPzavestUEP (small blind) collected ($0.17)
Seat 5: buggspray (big blind) folded on the Turn
Seat 6: kvzonx100pre folded before Flop (didn't bet)
Seat 7: AnandaLe folded on the Turn



PokerStars Hand #224577943200:  Hold'em No Limit ($0.01/$0.02 USD) - 2021/03/07 16:17:20 PT [2021/03/07 19:17:20 ET]
Table 'Luthera II' 9-max Seat #4 is the button
Seat 1: Dorex2007 ($2.49 in chips) 
Seat 2: Stapler2000 ($4.88 in chips) 
Seat 3: Rabb1st ($2.07 in chips) 
Seat 4: UIPzavestUEP ($1.93 in chips) 
Seat 5: buggspray ($3.47 in chips) 
Seat 6: kvzonx100pre ($3.53 in chips) 
Seat 7: AnandaLe ($3.01 in chips) 
Seat 9: Jicó ($2 in chips) 
buggspray: posts small blind $0.01
kvzonx100pre: posts big blind $0.02
EmulationX: sits out 
*** HOLE CARDS ***
Dealt to Dorex2007 [9d Jd]
AnandaLe: folds 
Jicó: calls $0.02
Dorex2007: folds 
Stapler2000: folds 
Rabb1st: folds 
UIPzavestUEP: calls $0.02
buggspray: raises $0.14 to $0.16
kvzonx100pre: folds 
Jicó: calls $0.14
UIPzavestUEP: folds 
*** FLOP *** [2c Ts 3d]
buggspray: checks 
Jicó: bets $0.35
buggspray: calls $0.35
*** TURN *** [2c Ts 3d] [3c]
buggspray: checks 
Jicó: bets $1.49 and is all-in
buggspray: calls $1.49
*** RIVER *** [2c Ts 3d 3c] [9c]
*** SHOW DOWN ***
buggspray: shows [Ks Ad] (a pair of Threes)
Jicó: shows [Th Ac] (two pair, Tens and Threes)
Jicó collected $3.90 from pot
buggspray cashed out the hand for $0.27
*** SUMMARY ***
Total pot $4.04 | Rake $0.14 
Board [2c Ts 3d 3c 9c]
Seat 1: Dorex2007 folded before Flop (didn't bet)
Seat 2: Stapler2000 folded before Flop (didn't bet)
Seat 3: Rabb1st folded before Flop (didn't bet)
Seat 4: UIPzavestUEP (button) folded before Flop
Seat 5: buggspray (small blind) showed [Ks Ad] and lost with a pair of Threes (cashed out).
Seat 6: kvzonx100pre (big blind) folded before Flop
Seat 7: AnandaLe folded before Flop (didn't bet)
Seat 9: Jicó showed [Th Ac] and won ($3.90) with two pair, Tens and Threes



PokerStars Hand #224577974634:  Hold'em No Limit ($0.01/$0.02 USD) - 2021/03/07 16:18:31 PT [2021/03/07 19:18:31 ET]
Table 'Luthera II' 9-max Seat #5 is the button
Seat 1: Dorex2007 ($2.49 in chips) 
Seat 2: Stapler2000 ($4.88 in chips) 
Seat 3: Rabb1st ($2.07 in chips) 
Seat 4: UIPzavestUEP ($1.91 in chips) 
Seat 5: buggspray ($1.74 in chips) 
Seat 6: kvzonx100pre ($3.51 in chips) 
Seat 7: AnandaLe ($3.01 in chips) 
Seat 9: Jicó ($3.90 in chips) 
kvzonx100pre: posts small blind $0.01
AnandaLe: posts big blind $0.02
EmulationX: sits out 
*** HOLE CARDS ***
Dealt to Dorex2007 [Ad Jd]
Jicó: calls $0.02
Dorex2007: raises $0.06 to $0.08
Stapler2000: folds 
Rabb1st: folds 
UIPzavestUEP: folds 
buggspray: folds 
kvzonx100pre: folds 
AnandaLe: folds 
Jicó: calls $0.06
*** FLOP *** [3d 6d 8s]
Jicó: checks 
Dorex2007: bets $0.20
Jicó: folds 
Uncalled bet ($0.20) returned to Dorex2007
Dorex2007 collected $0.18 from pot
Dorex2007: doesn't show hand 
*** SUMMARY ***
Total pot $0.19 | Rake $0.01 
Board [3d 6d 8s]
Seat 1: Dorex2007 collected ($0.18)
Seat 2: Stapler2000 folded before Flop (didn't bet)
Seat 3: Rabb1st folded before Flop (didn't bet)
Seat 4: UIPzavestUEP folded before Flop (didn't bet)
Seat 5: buggspray (button) folded before Flop (didn't bet)
Seat 6: kvzonx100pre (small blind) folded before Flop
Seat 7: AnandaLe (big blind) folded before Flop
Seat 9: Jicó folded on the Flop



PokerStars Hand #224577993951:  Hold'em No Limit ($0.01/$0.02 USD) - 2021/03/07 16:19:15 PT [2021/03/07 19:19:15 ET]
Table 'Luthera II' 9-max Seat #6 is the button
Seat 1: Dorex2007 ($2.59 in chips) 
Seat 2: Stapler2000 ($4.88 in chips) 
Seat 3: Rabb1st ($2.07 in chips) 
Seat 4: UIPzavestUEP ($1.91 in chips) 
Seat 5: buggspray ($1.74 in chips) 
Seat 6: kvzonx100pre ($3.50 in chips) 
Seat 7: AnandaLe ($2.99 in chips) 
Seat 8: EmulationX ($2 in chips) 
Seat 9: Jicó ($3.82 in chips) 
AnandaLe: posts small blind $0.01
EmulationX: posts big blind $0.02
*** HOLE CARDS ***
Dealt to Dorex2007 [Ac 6h]
Jicó: calls $0.02
Dorex2007: folds 
Stapler2000: folds 
Rabb1st: folds 
UIPzavestUEP: folds 
buggspray: folds 
kvzonx100pre: folds 
AnandaLe: raises $0.06 to $0.08
EmulationX: folds 
Jicó: calls $0.06
*** FLOP *** [Jh Ts 3c]
AnandaLe: bets $0.10
Jicó: calls $0.10
*** TURN *** [Jh Ts 3c] [3h]
AnandaLe: bets $0.22
Jicó: calls $0.22
*** RIVER *** [Jh Ts 3c 3h] [Td]
AnandaLe: checks 
Jicó: bets $1.08
UIPzavestUEP leaves the table
AnandaLe: folds 
Uncalled bet ($1.08) returned to Jicó
Jicó collected $0.79 from pot
Jicó: doesn't show hand 
*** SUMMARY ***
Total pot $0.82 | Rake $0.03 
Board [Jh Ts 3c 3h Td]
Seat 1: Dorex2007 folded before Flop (didn't bet)
Seat 2: Stapler2000 folded before Flop (didn't bet)
Seat 3: Rabb1st folded before Flop (didn't bet)
Seat 4: UIPzavestUEP folded before Flop (didn't bet)
Seat 5: buggspray folded before Flop (didn't bet)
Seat 6: kvzonx100pre (button) folded before Flop (didn't bet)
Seat 7: AnandaLe (small blind) folded on the River
Seat 8: EmulationX (big blind) folded before Flop
Seat 9: Jicó collected ($0.79)



PokerStars Hand #224578024200:  Hold'em No Limit ($0.01/$0.02 USD) - 2021/03/07 16:20:24 PT [2021/03/07 19:20:24 ET]
Table 'Luthera II' 9-max Seat #7 is the button
Seat 1: Dorex2007 ($2.59 in chips) 
Seat 2: Stapler2000 ($4.88 in chips) 
Seat 3: Rabb1st ($2.07 in chips) 
Seat 5: buggspray ($1.74 in chips) 
Seat 6: kvzonx100pre ($3.50 in chips) 
Seat 7: AnandaLe ($2.59 in chips) 
Seat 8: EmulationX ($2 in chips) 
Seat 9: Jicó ($4.21 in chips) 
EmulationX: posts small blind $0.01
Jicó: posts big blind $0.02
*** HOLE CARDS ***
Dealt to Dorex2007 [2h 9h]
Dorex2007: folds 
Stapler2000: folds 
Rabb1st: folds 
buggspray: folds 
kvzonx100pre: folds 
AnandaLe: raises $0.04 to $0.06
EmulationX: folds 
Jicó: calls $0.04
*** FLOP *** [Qs Ah 9d]
Jicó: checks 
AnandaLe: checks 
*** TURN *** [Qs Ah 9d] [3h]
Jicó: checks 
Davi_bolooo joins the table at seat #4 
AnandaLe: bets $0.13
Jicó: calls $0.13
*** RIVER *** [Qs Ah 9d 3h] [Ts]
Jicó: checks 
AnandaLe: bets $0.40
Jicó: folds 
Uncalled bet ($0.40) returned to AnandaLe
AnandaLe collected $0.38 from pot
AnandaLe: doesn't show hand 
*** SUMMARY ***
Total pot $0.39 | Rake $0.01 
Board [Qs Ah 9d 3h Ts]
Seat 1: Dorex2007 folded before Flop (didn't bet)
Seat 2: Stapler2000 folded before Flop (didn't bet)
Seat 3: Rabb1st folded before Flop (didn't bet)
Seat 5: buggspray folded before Flop (didn't bet)
Seat 6: kvzonx100pre folded before Flop (didn't bet)
Seat 7: AnandaLe (button) collected ($0.38)
Seat 8: EmulationX (small blind) folded before Flop
Seat 9: Jicó (big blind) folded on the River



PokerStars Hand #224578049356:  Hold'em No Limit ($0.01/$0.02 USD) - 2021/03/07 16:21:22 PT [2021/03/07 19:21:22 ET]
Table 'Luthera II' 9-max Seat #8 is the button
Seat 1: Dorex2007 ($2.59 in chips) 
Seat 2: Stapler2000 ($4.88 in chips) 
Seat 3: Rabb1st ($2.07 in chips) 
Seat 4: Davi_bolooo ($1.60 in chips) 
Seat 5: buggspray ($1.74 in chips) 
Seat 6: kvzonx100pre ($3.50 in chips) 
Seat 7: AnandaLe ($2.78 in chips) 
Seat 8: EmulationX ($2 in chips) 
Seat 9: Jicó ($4.02 in chips) 
Jicó: posts small blind $0.01
Dorex2007: posts big blind $0.02
Davi_bolooo: posts big blind $0.02
*** HOLE CARDS ***
Dealt to Dorex2007 [7c Jd]
Stapler2000: folds 
Rabb1st: folds 
Davi_bolooo: checks 
buggspray: folds 
kvzonx100pre: folds 
AnandaLe: folds 
EmulationX: calls $0.02
Jicó: calls $0.01
Dorex2007: checks 
*** FLOP *** [Kc Ts Ah]
Jicó: checks 
Dorex2007: checks 
Davi_bolooo: checks 
EmulationX: checks 
*** TURN *** [Kc Ts Ah] [9h]
Jicó: checks 
Dorex2007: bets $0.06
Davi_bolooo: folds 
EmulationX: folds 
Jicó: folds 
Uncalled bet ($0.06) returned to Dorex2007
Dorex2007 collected $0.08 from pot
Dorex2007: doesn't show hand 
*** SUMMARY ***
Total pot $0.08 | Rake $0 
Board [Kc Ts Ah 9h]
Seat 1: Dorex2007 (big blind) collected ($0.08)
Seat 2: Stapler2000 folded before Flop (didn't bet)
Seat 3: Rabb1st folded before Flop (didn't bet)
Seat 4: Davi_bolooo folded on the Turn (didn't bet)
Seat 5: buggspray folded before Flop (didn't bet)
Seat 6: kvzonx100pre folded before Flop (didn't bet)
Seat 7: AnandaLe folded before Flop (didn't bet)
Seat 8: EmulationX (button) folded on the Turn
Seat 9: Jicó (small blind) folded on the Turn



PokerStars Hand #224578079175:  Hold'em No Limit ($0.01/$0.02 USD) - 2021/03/07 16:22:31 PT [2021/03/07 19:22:31 ET]
Table 'Luthera II' 9-max Seat #9 is the button
Seat 1: Dorex2007 ($2.65 in chips) 
Seat 2: Stapler2000 ($4.88 in chips) 
Seat 3: Rabb1st ($2.07 in chips) 
Seat 4: Davi_bolooo ($1.58 in chips) 
Seat 5: buggspray ($1.74 in chips) 
Seat 6: kvzonx100pre ($3.50 in chips) 
Seat 7: AnandaLe ($2.78 in chips) 
Seat 8: EmulationX ($2 in chips) 
Seat 9: Jicó ($4 in chips) 
Dorex2007: posts small blind $0.01
Stapler2000: posts big blind $0.02
*** HOLE CARDS ***
Dealt to Dorex2007 [Qs Qh]
Rabb1st: folds 
Davi_bolooo: folds 
buggspray: raises $0.04 to $0.06
kvzonx100pre: calls $0.06
AnandaLe: folds 
EmulationX: folds 
Jicó: raises $0.21 to $0.27
Dorex2007: raises $2.38 to $2.65 and is all-in
Stapler2000: folds 
buggspray: calls $1.68 and is all-in
kvzonx100pre: folds 
Jicó: calls $2.38
*** FLOP *** [4d 4c 7h]
*** TURN *** [4d 4c 7h] [5c]
*** RIVER *** [4d 4c 7h 5c] [6h]
*** SHOW DOWN ***
Dorex2007: shows [Qs Qh] (two pair, Queens and Fours)
Jicó: shows [Js Jc] (two pair, Jacks and Fours)
buggspray: shows [8d 8s] (a straight, Four to Eight)
Dorex2007 cashed out the hand for $4.76 | Cash Out Fee $0.05
buggspray cashed out the hand for $0.83 | Cash Out Fee $0.01
*** SUMMARY ***
Total pot $7.12 Main pot $5.11. Side pot $1.76. | Rake $0.25 
Board [4d 4c 7h 5c 6h]
Seat 1: Dorex2007 (small blind) showed [Qs Qh] and won ($1.76) with two pair, Queens and Fours (pot not awarded as player cashed out)
Seat 2: Stapler2000 (big blind) folded before Flop
Seat 3: Rabb1st folded before Flop (didn't bet)
Seat 4: Davi_bolooo folded before Flop (didn't bet)
Seat 5: buggspray showed [8d 8s] and won ($5.11) with a straight, Four to Eight (pot not awarded as player cashed out)
Seat 6: kvzonx100pre folded before Flop
Seat 7: AnandaLe folded before Flop (didn't bet)
Seat 8: EmulationX folded before Flop (didn't bet)
Seat 9: Jicó (button) showed [Js Jc] and lost with two pair, Jacks and Fours



PokerStars Hand #224578102961:  Hold'em No Limit ($0.01/$0.02 USD) - 2021/03/07 16:23:27 PT [2021/03/07 19:23:27 ET]
Table 'Luthera II' 9-max Seat #1 is the button
Seat 1: Dorex2007 ($4.76 in chips) 
Seat 2: Stapler2000 ($4.86 in chips) 
Seat 4: Davi_bolooo ($1.58 in chips) 
Seat 5: buggspray ($0.83 in chips) 
Seat 6: kvzonx100pre ($3.44 in chips) 
Seat 7: AnandaLe ($2.78 in chips) 
Seat 8: EmulationX ($2 in chips) 
Seat 9: Jicó ($1.35 in chips) 
Stapler2000: posts small blind $0.01
Rabb1st: is sitting out 
Davi_bolooo: posts big blind $0.02
*** HOLE CARDS ***
Dealt to Dorex2007 [As Qs]
Rabb1st leaves the table
buggspray: folds 
kvzonx100pre: raises $0.04 to $0.06
AnandaLe: folds 
EmulationX: folds 
Jicó: calls $0.06
Dorex2007: calls $0.06
Stapler2000: folds 
Davi_bolooo: folds 
*** FLOP *** [Ad 2h 3c]
kvzonx100pre: checks 
Jicó: checks 
Dorex2007: checks 
*** TURN *** [Ad 2h 3c] [Qc]
kvzonx100pre: checks 
Jicó: checks 
Dorex2007: bets $0.10
eT.NightDemon joins the table at seat #3 
kvzonx100pre: folds 
Jicó: calls $0.10
*** RIVER *** [Ad 2h 3c Qc] [6c]
Jicó: bets $0.20
Dorex2007: calls $0.20
*** SHOW DOWN ***
Jicó: shows [5d 4s] (a straight, Deuce to Six)
Dorex2007: mucks hand 
Jicó collected $0.78 from pot
*** SUMMARY ***
Total pot $0.81 | Rake $0.03 
Board [Ad 2h 3c Qc 6c]
Seat 1: Dorex2007 (button) mucked [As Qs]
Seat 2: Stapler2000 (small blind) folded before Flop
Seat 4: Davi_bolooo (big blind) folded before Flop
Seat 5: buggspray folded before Flop (didn't bet)
Seat 6: kvzonx100pre folded on the Turn
Seat 7: AnandaLe folded before Flop (didn't bet)
Seat 8: EmulationX folded before Flop (didn't bet)
Seat 9: Jicó showed [5d 4s] and won ($0.78) with a straight, Deuce to Six



PokerStars Hand #224578142872:  Hold'em No Limit ($0.01/$0.02 USD) - 2021/03/07 16:24:47 PT [2021/03/07 19:24:47 ET]
Table 'Luthera II' 9-max Seat #2 is the button
Seat 1: Dorex2007 ($4.40 in chips) 
Seat 2: Stapler2000 ($4.85 in chips) 
Seat 4: Davi_bolooo ($1.56 in chips) 
Seat 5: buggspray ($1.67 in chips) 
Seat 6: kvzonx100pre ($3.38 in chips) 
Seat 7: AnandaLe ($2.78 in chips) 
Seat 8: EmulationX ($2 in chips) 
Seat 9: Jicó ($1.77 in chips) 
Davi_bolooo: posts small blind $0.01
buggspray: posts big blind $0.02
*** HOLE CARDS ***
Dealt to Dorex2007 [Kc Jd]
kvzonx100pre: folds 
AnandaLe: raises $0.04 to $0.06
EmulationX: folds 
Jicó: calls $0.06
Dorex2007: calls $0.06
Stapler2000: calls $0.06
Davi_bolooo: folds 
buggspray: calls $0.04
*** FLOP *** [4h 9s Th]
buggspray: checks 
AnandaLe: bets $0.40
Jicó: calls $0.40
Dorex2007: folds 
Stapler2000: calls $0.40
buggspray: calls $0.40
*** TURN *** [4h 9s Th] [3s]
buggspray: checks 
AnandaLe: bets $2.32 and is all-in
Jicó: calls $1.31 and is all-in
Stapler2000: folds 
buggspray: folds 
Uncalled bet ($1.01) returned to AnandaLe
*** RIVER *** [4h 9s Th 3s] [Ac]
*** SHOW DOWN ***
AnandaLe: shows [Qh Jh] (high card Ace)
Jicó: shows [Tc Qs] (a pair of Tens)
Jicó collected $4.37 from pot
*** SUMMARY ***
Total pot $4.53 | Rake $0.16 
Board [4h 9s Th 3s Ac]
Seat 1: Dorex2007 folded on the Flop
Seat 2: Stapler2000 (button) folded on the Turn
Seat 4: Davi_bolooo (small blind) folded before Flop
Seat 5: buggspray (big blind) folded on the Turn
Seat 6: kvzonx100pre folded before Flop (didn't bet)
Seat 7: AnandaLe showed [Qh Jh] and lost with high card Ace
Seat 8: EmulationX folded before Flop (didn't bet)
Seat 9: Jicó showed [Tc Qs] and won ($4.37) with a pair of Tens



PokerStars Hand #224578193094:  Hold'em No Limit ($0.01/$0.02 USD) - 2021/03/07 16:26:32 PT [2021/03/07 19:26:32 ET]
Table 'Luthera II' 9-max Seat #4 is the button
Seat 1: Dorex2007 ($4.34 in chips) 
Seat 2: Stapler2000 ($4.39 in chips) 
Seat 4: Davi_bolooo ($1.55 in chips) 
Seat 5: buggspray ($1.21 in chips) 
Seat 6: kvzonx100pre ($3.38 in chips) 
Seat 7: AnandaLe ($1.01 in chips) 
Seat 8: EmulationX ($2 in chips) 
Seat 9: Jicó ($4.37 in chips) 
buggspray: posts small blind $0.01
kvzonx100pre: posts big blind $0.02
eT.NightDemon: sits out 
*** HOLE CARDS ***
Dealt to Dorex2007 [Js 3s]
AnandaLe: folds 
EmulationX: folds 
Jicó: calls $0.02
Dorex2007: folds 
Stapler2000: folds 
Davi_bolooo: folds 
buggspray: calls $0.01
kvzonx100pre: checks 
*** FLOP *** [7h 4s 3d]
buggspray: checks 
kvzonx100pre: checks 
Jicó: checks 
*** TURN *** [7h 4s 3d] [Qh]
buggspray: checks 
kvzonx100pre: checks 
Jicó: bets $0.14
buggspray: calls $0.14
kvzonx100pre: folds 
*** RIVER *** [7h 4s 3d Qh] [2c]
buggspray: checks 
Jicó: bets $0.40
buggspray: folds 
Uncalled bet ($0.40) returned to Jicó
Jicó collected $0.33 from pot
Jicó: doesn't show hand 
*** SUMMARY ***
Total pot $0.34 | Rake $0.01 
Board [7h 4s 3d Qh 2c]
Seat 1: Dorex2007 folded before Flop (didn't bet)
Seat 2: Stapler2000 folded before Flop (didn't bet)
Seat 4: Davi_bolooo (button) folded before Flop (didn't bet)
Seat 5: buggspray (small blind) folded on the River
Seat 6: kvzonx100pre (big blind) folded on the Turn
Seat 7: AnandaLe folded before Flop (didn't bet)
Seat 8: EmulationX folded before Flop (didn't bet)
Seat 9: Jicó collected ($0.33)



PokerStars Hand #224578215971:  Hold'em No Limit ($0.01/$0.02 USD) - 2021/03/07 16:27:26 PT [2021/03/07 19:27:26 ET]
Table 'Luthera II' 9-max Seat #5 is the button
Seat 1: Dorex2007 ($4.34 in chips) 
Seat 2: Stapler2000 ($4.39 in chips) 
Seat 4: Davi_bolooo ($1.55 in chips) 
Seat 5: buggspray ($1.05 in chips) 
Seat 6: kvzonx100pre ($3.36 in chips) 
Seat 7: AnandaLe ($1.01 in chips) 
Seat 8: EmulationX ($2 in chips) 
Seat 9: Jicó ($4.54 in chips) 
kvzonx100pre: posts small blind $0.01
AnandaLe: posts big blind $0.02
eT.NightDemon: sits out 
*** HOLE CARDS ***
Dealt to Dorex2007 [3s 7d]
EmulationX: calls $0.02
Jicó: folds 
Dorex2007: folds 
Stapler2000: folds 
Davi_bolooo: folds 
buggspray: folds 
kvzonx100pre: folds 
AnandaLe: checks 
*** FLOP *** [Jd 8d 5s]
AnandaLe: checks 
EmulationX: bets $0.03
AnandaLe: calls $0.03
*** TURN *** [Jd 8d 5s] [Tc]
AnandaLe: checks 
EmulationX: bets $1.95 and is all-in
AnandaLe: folds 
Uncalled bet ($1.95) returned to EmulationX
EmulationX collected $0.11 from pot
*** SUMMARY ***
Total pot $0.11 | Rake $0 
Board [Jd 8d 5s Tc]
Seat 1: Dorex2007 folded before Flop (didn't bet)
Seat 2: Stapler2000 folded before Flop (didn't bet)
Seat 4: Davi_bolooo folded before Flop (didn't bet)
Seat 5: buggspray (button) folded before Flop (didn't bet)
Seat 6: kvzonx100pre (small blind) folded before Flop
Seat 7: AnandaLe (big blind) folded on the Turn
Seat 8: EmulationX collected ($0.11)
Seat 9: Jicó folded before Flop (didn't bet)



PokerStars Hand #224578241617:  Hold'em No Limit ($0.01/$0.02 USD) - 2021/03/07 16:28:24 PT [2021/03/07 19:28:24 ET]
Table 'Luthera II' 9-max Seat #6 is the button
Seat 1: Dorex2007 ($4.34 in chips) 
Seat 2: Stapler2000 ($4.39 in chips) 
Seat 4: Davi_bolooo ($1.55 in chips) 
Seat 5: buggspray ($1.05 in chips) 
Seat 6: kvzonx100pre ($3.35 in chips) 
Seat 7: AnandaLe ($0.96 in chips) 
Seat 8: EmulationX ($2.06 in chips) 
AnandaLe: posts small blind $0.01
EmulationX: posts big blind $0.02
eT.NightDemon: sits out 
*** HOLE CARDS ***
Dealt to Dorex2007 [As 2s]
Dorex2007: folds 
Stapler2000: folds 
Jicó leaves the table
Davi_bolooo: folds 
buggspray: raises $0.02 to $0.04
kvzonx100pre: folds 
AnandaLe: calls $0.03
EmulationX: calls $0.02
*** FLOP *** [2d Ts 5s]
TheoceanO joins the table at seat #9 
AnandaLe: checks 
EmulationX: checks 
buggspray: bets $0.12
AnandaLe: folds 
EmulationX: folds 
Uncalled bet ($0.12) returned to buggspray
buggspray collected $0.12 from pot
buggspray: doesn't show hand 
*** SUMMARY ***
Total pot $0.12 | Rake $0 
Board [2d Ts 5s]
Seat 1: Dorex2007 folded before Flop (didn't bet)
Seat 2: Stapler2000 folded before Flop (didn't bet)
Seat 4: Davi_bolooo folded before Flop (didn't bet)
Seat 5: buggspray collected ($0.12)
Seat 6: kvzonx100pre (button) folded before Flop (didn't bet)
Seat 7: AnandaLe (small blind) folded on the Flop
Seat 8: EmulationX (big blind) folded on the Flop



PokerStars Hand #224578259184:  Hold'em No Limit ($0.01/$0.02 USD) - 2021/03/07 16:29:06 PT [2021/03/07 19:29:06 ET]
Table 'Luthera II' 9-max Seat #7 is the button
Seat 1: Dorex2007 ($4.34 in chips) 
Seat 2: Stapler2000 ($4.39 in chips) 
Seat 4: Davi_bolooo ($1.55 in chips) 
Seat 5: buggspray ($1.13 in chips) 
Seat 6: kvzonx100pre ($3.35 in chips) 
Seat 7: AnandaLe ($0.92 in chips) 
Seat 8: EmulationX ($2.02 in chips) 
Seat 9: TheoceanO ($2 in chips) 
EmulationX: posts small blind $0.01
TheoceanO: posts big blind $0.02
eT.NightDemon: sits out 
*** HOLE CARDS ***
Dealt to Dorex2007 [6d Ac]
Dorex2007: folds 
Stapler2000: folds 
Davi_bolooo: calls $0.02
buggspray: raises $0.06 to $0.08
kvzonx100pre: folds 
AnandaLe: folds 
EmulationX: folds 
TheoceanO: folds 
Davi_bolooo: calls $0.06
*** FLOP *** [4d 7h Qc]
Davi_bolooo: checks 
buggspray: bets $0.07
Davi_bolooo: folds 
Uncalled bet ($0.07) returned to buggspray
buggspray collected $0.18 from pot
buggspray: doesn't show hand 
*** SUMMARY ***
Total pot $0.19 | Rake $0.01 
Board [4d 7h Qc]
Seat 1: Dorex2007 folded before Flop (didn't bet)
Seat 2: Stapler2000 folded before Flop (didn't bet)
Seat 4: Davi_bolooo folded on the Flop
Seat 5: buggspray collected ($0.18)
Seat 6: kvzonx100pre folded before Flop (didn't bet)
Seat 7: AnandaLe (button) folded before Flop (didn't bet)
Seat 8: EmulationX (small blind) folded before Flop
Seat 9: TheoceanO (big blind) folded before Flop



PokerStars Hand #224578276616:  Hold'em No Limit ($0.01/$0.02 USD) - 2021/03/07 16:29:48 PT [2021/03/07 19:29:48 ET]
Table 'Luthera II' 9-max Seat #8 is the button
Seat 1: Dorex2007 ($4.34 in chips) 
Seat 2: Stapler2000 ($4.39 in chips) 
Seat 4: Davi_bolooo ($1.47 in chips) 
Seat 5: buggspray ($1.23 in chips) 
Seat 6: kvzonx100pre ($3.35 in chips) 
Seat 7: AnandaLe ($2 in chips) 
Seat 8: EmulationX ($2.01 in chips) 
Seat 9: TheoceanO ($1.98 in chips) 
TheoceanO: posts small blind $0.01
Dorex2007: posts big blind $0.02
eT.NightDemon: sits out 
*** HOLE CARDS ***
Dealt to Dorex2007 [6h 8d]
Stapler2000: folds 
Davi_bolooo: folds 
buggspray: raises $0.02 to $0.04
kvzonx100pre: folds 
AnandaLe: folds 
EmulationX: calls $0.04
AnandaLe said, "+"
TheoceanO: folds 
Dorex2007: folds 
*** FLOP *** [As Kc Jh]
buggspray: bets $0.05
EmulationX: calls $0.05
*** TURN *** [As Kc Jh] [5d]
buggspray: bets $0.20
EmulationX: folds 
Uncalled bet ($0.20) returned to buggspray
buggspray collected $0.20 from pot
buggspray: doesn't show hand 
*** SUMMARY ***
Total pot $0.21 | Rake $0.01 
Board [As Kc Jh 5d]
Seat 1: Dorex2007 (big blind) folded before Flop
Seat 2: Stapler2000 folded before Flop (didn't bet)
Seat 4: Davi_bolooo folded before Flop (didn't bet)
Seat 5: buggspray collected ($0.20)
Seat 6: kvzonx100pre folded before Flop (didn't bet)
Seat 7: AnandaLe folded before Flop (didn't bet)
Seat 8: EmulationX (button) folded on the Turn
Seat 9: TheoceanO (small blind) folded before Flop



PokerStars Hand #224578294092:  Hold'em No Limit ($0.01/$0.02 USD) - 2021/03/07 16:30:30 PT [2021/03/07 19:30:30 ET]
Table 'Luthera II' 9-max Seat #9 is the button
Seat 1: Dorex2007 ($4.32 in chips) 
Seat 3: eT.NightDemon ($0.88 in chips) 
Seat 4: Davi_bolooo ($1.47 in chips) 
Seat 5: buggspray ($1.34 in chips) 
Seat 6: kvzonx100pre ($3.35 in chips) 
Seat 7: AnandaLe ($2 in chips) 
Seat 8: EmulationX ($2 in chips) 
Seat 9: TheoceanO ($1.97 in chips) 
Dorex2007: posts small blind $0.01
Stapler2000: is sitting out 
eT.NightDemon: posts big blind $0.02
*** HOLE CARDS ***
Dealt to Dorex2007 [3d Jd]
Davi_bolooo: folds 
buggspray: folds 
kvzonx100pre: folds 
AnandaLe: folds 
EmulationX: calls $0.02
Stapler2000 leaves the table
TheoceanO: folds 
Dorex2007: calls $0.01
eT.NightDemon: checks 
*** FLOP *** [Qh 6s 3s]
Dorex2007: checks 
eT.NightDemon: bets $0.04
EmulationX: folds 
Dorex2007: folds 
Uncalled bet ($0.04) returned to eT.NightDemon
eT.NightDemon collected $0.06 from pot
eT.NightDemon: doesn't show hand 
*** SUMMARY ***
Total pot $0.06 | Rake $0 
Board [Qh 6s 3s]
Seat 1: Dorex2007 (small blind) folded on the Flop
Seat 3: eT.NightDemon (big blind) collected ($0.06)
Seat 4: Davi_bolooo folded before Flop (didn't bet)
Seat 5: buggspray folded before Flop (didn't bet)
Seat 6: kvzonx100pre folded before Flop (didn't bet)
Seat 7: AnandaLe folded before Flop (didn't bet)
Seat 8: EmulationX folded on the Flop
Seat 9: TheoceanO (button) folded before Flop (didn't bet)



PokerStars Hand #224578316311:  Hold'em No Limit ($0.01/$0.02 USD) - 2021/03/07 16:31:16 PT [2021/03/07 19:31:16 ET]
Table 'Luthera II' 9-max Seat #1 is the button
Seat 1: Dorex2007 ($4.30 in chips) 
Seat 3: eT.NightDemon ($0.92 in chips) 
Seat 4: Davi_bolooo ($1.47 in chips) 
Seat 5: buggspray ($1.34 in chips) 
Seat 6: kvzonx100pre ($3.35 in chips) 
Seat 7: AnandaLe ($2 in chips) 
Seat 8: EmulationX ($2 in chips) 
Seat 9: TheoceanO ($1.97 in chips) 
eT.NightDemon: posts small blind $0.01
Davi_bolooo: posts big blind $0.02
*** HOLE CARDS ***
Dealt to Dorex2007 [5s 6s]
buggspray: folds 
stevebmark joins the table at seat #2 
kvzonx100pre: folds 
AnandaLe: folds 
EmulationX: folds 
TheoceanO: folds 
Dorex2007: raises $0.04 to $0.06
eT.NightDemon: folds 
Davi_bolooo: folds 
Uncalled bet ($0.04) returned to Dorex2007
Dorex2007 collected $0.05 from pot
Dorex2007: doesn't show hand 
*** SUMMARY ***
Total pot $0.05 | Rake $0 
Seat 1: Dorex2007 (button) collected ($0.05)
Seat 3: eT.NightDemon (small blind) folded before Flop
Seat 4: Davi_bolooo (big blind) folded before Flop
Seat 5: buggspray folded before Flop (didn't bet)
Seat 6: kvzonx100pre folded before Flop (didn't bet)
Seat 7: AnandaLe folded before Flop (didn't bet)
Seat 8: EmulationX folded before Flop (didn't bet)
Seat 9: TheoceanO folded before Flop (didn't bet)



PokerStars Hand #224578329155:  Hold'em No Limit ($0.01/$0.02 USD) - 2021/03/07 16:31:47 PT [2021/03/07 19:31:47 ET]
Table 'Luthera II' 9-max Seat #3 is the button
Seat 1: Dorex2007 ($4.33 in chips) 
Seat 2: stevebmark ($2 in chips) 
Seat 3: eT.NightDemon ($0.91 in chips) 
Seat 4: Davi_bolooo ($1.45 in chips) 
Seat 6: kvzonx100pre ($3.35 in chips) 
Seat 7: AnandaLe ($2 in chips) 
Seat 8: EmulationX ($2 in chips) 
Seat 9: TheoceanO ($1.97 in chips) 
Davi_bolooo: posts small blind $0.01
buggspray: is sitting out 
kvzonx100pre: posts big blind $0.02
stevebmark: posts big blind $0.02
*** HOLE CARDS ***
Dealt to Dorex2007 [Qh 9s]
AnandaLe: folds 
EmulationX: folds 
TheoceanO: folds 
Dorex2007: folds 
stevebmark: checks 
eT.NightDemon: calls $0.02
Davi_bolooo: raises $0.04 to $0.06
kvzonx100pre: folds 
stevebmark: calls $0.04
eT.NightDemon: calls $0.04
*** FLOP *** [5d 4s Jc]
Davi_bolooo: bets $0.10
stevebmark: folds 
eT.NightDemon: folds 
Uncalled bet ($0.10) returned to Davi_bolooo
Davi_bolooo collected $0.19 from pot
Davi_bolooo: doesn't show hand 
*** SUMMARY ***
Total pot $0.20 | Rake $0.01 
Board [5d 4s Jc]
Seat 1: Dorex2007 folded before Flop (didn't bet)
Seat 2: stevebmark folded on the Flop
Seat 3: eT.NightDemon (button) folded on the Flop
Seat 4: Davi_bolooo (small blind) collected ($0.19)
Seat 6: kvzonx100pre (big blind) folded before Flop
Seat 7: AnandaLe folded before Flop (didn't bet)
Seat 8: EmulationX folded before Flop (didn't bet)
Seat 9: TheoceanO folded before Flop (didn't bet)



PokerStars Hand #224578350256:  Hold'em No Limit ($0.01/$0.02 USD) - 2021/03/07 16:32:39 PT [2021/03/07 19:32:39 ET]
Table 'Luthera II' 9-max Seat #4 is the button
Seat 1: Dorex2007 ($4.33 in chips) 
Seat 2: stevebmark ($1.94 in chips) 
Seat 3: eT.NightDemon ($0.85 in chips) 
Seat 4: Davi_bolooo ($1.58 in chips) 
Seat 6: kvzonx100pre ($3.33 in chips) 
Seat 7: AnandaLe ($2 in chips) 
Seat 8: EmulationX ($2 in chips) 
Seat 9: TheoceanO ($1.97 in chips) 
kvzonx100pre: posts small blind $0.01
AnandaLe: posts big blind $0.02
*** HOLE CARDS ***
Dealt to Dorex2007 [Qs 4h]
EmulationX: folds 
TheoceanO: folds 
Dorex2007: folds 
stevebmark: raises $0.02 to $0.04
eT.NightDemon: raises $0.02 to $0.06
Davi_bolooo: raises $1.52 to $1.58 and is all-in
kvzonx100pre: folds 
AnandaLe: folds 
stevebmark: folds 
eT.NightDemon: folds 
Uncalled bet ($1.52) returned to Davi_bolooo
Davi_bolooo collected $0.19 from pot
Davi_bolooo: doesn't show hand 
*** SUMMARY ***
Total pot $0.19 | Rake $0 
Seat 1: Dorex2007 folded before Flop (didn't bet)
Seat 2: stevebmark folded before Flop
Seat 3: eT.NightDemon folded before Flop
Seat 4: Davi_bolooo (button) collected ($0.19)
Seat 6: kvzonx100pre (small blind) folded before Flop
Seat 7: AnandaLe (big blind) folded before Flop
Seat 8: EmulationX folded before Flop (didn't bet)
Seat 9: TheoceanO folded before Flop (didn't bet)



PokerStars Hand #224578366691:  Hold'em No Limit ($0.01/$0.02 USD) - 2021/03/07 16:33:13 PT [2021/03/07 19:33:13 ET]
Table 'Luthera II' 9-max Seat #6 is the button
Seat 1: Dorex2007 ($4.33 in chips) 
Seat 2: stevebmark ($1.90 in chips) 
Seat 3: eT.NightDemon ($0.79 in chips) 
Seat 4: Davi_bolooo ($1.71 in chips) 
Seat 6: kvzonx100pre ($3.32 in chips) 
Seat 7: AnandaLe ($1.98 in chips) 
Seat 8: EmulationX ($2 in chips) 
Seat 9: TheoceanO ($1.97 in chips) 
AnandaLe: posts small blind $0.01
EmulationX: posts big blind $0.02
*** HOLE CARDS ***
Dealt to Dorex2007 [Ah Qh]
TheoceanO: folds 
Dorex2007: raises $0.06 to $0.08
stevebmark: folds 
eT.NightDemon: folds 
Davi_bolooo: folds 
kvzonx100pre: calls $0.08
AnandaLe: folds 
EmulationX: folds 
*** FLOP *** [8s 5c Ks]
Dorex2007: bets $0.18
kvzonx100pre: folds 
Uncalled bet ($0.18) returned to Dorex2007
Dorex2007 collected $0.18 from pot
Dorex2007: doesn't show hand 
*** SUMMARY ***
Total pot $0.19 | Rake $0.01 
Board [8s 5c Ks]
Seat 1: Dorex2007 collected ($0.18)
Seat 2: stevebmark folded before Flop (didn't bet)
Seat 3: eT.NightDemon folded before Flop (didn't bet)
Seat 4: Davi_bolooo folded before Flop (didn't bet)
Seat 6: kvzonx100pre (button) folded on the Flop
Seat 7: AnandaLe (small blind) folded before Flop
Seat 8: EmulationX (big blind) folded before Flop
Seat 9: TheoceanO folded before Flop (didn't bet)



PokerStars Hand #224578376807:  Hold'em No Limit ($0.01/$0.02 USD) - 2021/03/07 16:33:38 PT [2021/03/07 19:33:38 ET]
Table 'Luthera II' 9-max Seat #7 is the button
Seat 1: Dorex2007 ($4.43 in chips) 
Seat 2: stevebmark ($1.90 in chips) 
Seat 3: eT.NightDemon ($0.79 in chips) 
Seat 6: kvzonx100pre ($3.24 in chips) 
Seat 7: AnandaLe ($1.97 in chips) 
Seat 8: EmulationX ($2 in chips) 
Seat 9: TheoceanO ($1.97 in chips) 
EmulationX: posts small blind $0.01
TheoceanO: posts big blind $0.02
*** HOLE CARDS ***
Dealt to Dorex2007 [9c As]
Dorex2007: folds 
stevebmark: folds 
eT.NightDemon: folds 
kvzonx100pre: folds 
AnandaLe: raises $0.04 to $0.06
EmulationX: folds 
TheoceanO: calls $0.04
*** FLOP *** [Jh Ts 2h]
TheoceanO: checks 
AnandaLe: bets $0.10
TheoceanO: raises $0.28 to $0.38
AnandaLe: folds 
Uncalled bet ($0.28) returned to TheoceanO
TheoceanO collected $0.32 from pot
*** SUMMARY ***
Total pot $0.33 | Rake $0.01 
Board [Jh Ts 2h]
Seat 1: Dorex2007 folded before Flop (didn't bet)
Seat 2: stevebmark folded before Flop (didn't bet)
Seat 3: eT.NightDemon folded before Flop (didn't bet)
Seat 6: kvzonx100pre folded before Flop (didn't bet)
Seat 7: AnandaLe (button) folded on the Flop
Seat 8: EmulationX (small blind) folded before Flop
Seat 9: TheoceanO (big blind) collected ($0.32)



PokerStars Hand #224578392883:  Hold'em No Limit ($0.01/$0.02 USD) - 2021/03/07 16:34:18 PT [2021/03/07 19:34:18 ET]
Table 'Luthera II' 9-max Seat #8 is the button
Seat 1: Dorex2007 ($4.43 in chips) 
Seat 2: stevebmark ($1.90 in chips) 
Seat 6: kvzonx100pre ($3.24 in chips) 
Seat 7: AnandaLe ($1.81 in chips) 
Seat 8: EmulationX ($2 in chips) 
Seat 9: TheoceanO ($2.13 in chips) 
TheoceanO: posts small blind $0.01
Dorex2007: posts big blind $0.02
*** HOLE CARDS ***
Dealt to Dorex2007 [8d Td]
stevebmark: folds 
kvzonx100pre: folds 
AnandaLe: folds 
EmulationX: folds 
TheoceanO: folds 
Uncalled bet ($0.01) returned to Dorex2007
Dorex2007 collected $0.02 from pot
Dorex2007: doesn't show hand 
*** SUMMARY ***
Total pot $0.02 | Rake $0 
Seat 1: Dorex2007 (big blind) collected ($0.02)
Seat 2: stevebmark folded before Flop (didn't bet)
Seat 6: kvzonx100pre folded before Flop (didn't bet)
Seat 7: AnandaLe folded before Flop (didn't bet)
Seat 8: EmulationX (button) folded before Flop (didn't bet)
Seat 9: TheoceanO (small blind) folded before Flop



PokerStars Hand #224578399892:  Hold'em No Limit ($0.01/$0.02 USD) - 2021/03/07 16:34:35 PT [2021/03/07 19:34:35 ET]
Table 'Luthera II' 9-max Seat #9 is the button
Seat 1: Dorex2007 ($4.44 in chips) 
Seat 2: stevebmark ($1.90 in chips) 
Seat 6: kvzonx100pre ($3.24 in chips) 
Seat 7: AnandaLe ($1.81 in chips) 
Seat 8: EmulationX ($2 in chips) 
Seat 9: TheoceanO ($2.12 in chips) 
Dorex2007: posts small blind $0.01
stevebmark: posts big blind $0.02
*** HOLE CARDS ***
Dealt to Dorex2007 [Jc 7d]
kvzonx100pre: folds 
AnandaLe: folds 
EmulationX: folds 
TheoceanO: raises $0.04 to $0.06
Dorex2007: folds 
stevebmark: folds 
Uncalled bet ($0.04) returned to TheoceanO
TheoceanO collected $0.05 from pot
TheoceanO: doesn't show hand 
*** SUMMARY ***
Total pot $0.05 | Rake $0 
Seat 1: Dorex2007 (small blind) folded before Flop
Seat 2: stevebmark (big blind) folded before Flop
Seat 6: kvzonx100pre folded before Flop (didn't bet)
Seat 7: AnandaLe folded before Flop (didn't bet)
Seat 8: EmulationX folded before Flop (didn't bet)
Seat 9: TheoceanO (button) collected ($0.05)



PokerStars Hand #224578405895:  Hold'em No Limit ($0.01/$0.02 USD) - 2021/03/07 16:34:50 PT [2021/03/07 19:34:50 ET]
Table 'Luthera II' 9-max Seat #1 is the button
Seat 1: Dorex2007 ($4.43 in chips) 
Seat 2: stevebmark ($1.88 in chips) 
Seat 6: kvzonx100pre ($3.24 in chips) 
Seat 7: AnandaLe ($1.81 in chips) 
Seat 8: EmulationX ($2 in chips) 
Seat 9: TheoceanO ($2.15 in chips) 
stevebmark: posts small blind $0.01
kvzonx100pre: posts big blind $0.02
*** HOLE CARDS ***
Dealt to Dorex2007 [9h 7c]
AnandaLe: folds 
EmulationX: folds 
TheoceanO: raises $0.04 to $0.06
Dorex2007: folds 
stevebmark: folds 
kvzonx100pre: folds 
Uncalled bet ($0.04) returned to TheoceanO
TheoceanO collected $0.05 from pot
TheoceanO: doesn't show hand 
*** SUMMARY ***
Total pot $0.05 | Rake $0 
Seat 1: Dorex2007 (button) folded before Flop (didn't bet)
Seat 2: stevebmark (small blind) folded before Flop
Seat 6: kvzonx100pre (big blind) folded before Flop
Seat 7: AnandaLe folded before Flop (didn't bet)
Seat 8: EmulationX folded before Flop (didn't bet)
Seat 9: TheoceanO collected ($0.05)



PokerStars Hand #224578414160:  Hold'em No Limit ($0.01/$0.02 USD) - 2021/03/07 16:35:10 PT [2021/03/07 19:35:10 ET]
Table 'Luthera II' 9-max Seat #2 is the button
Seat 1: Dorex2007 ($4.43 in chips) 
Seat 2: stevebmark ($1.87 in chips) 
Seat 6: kvzonx100pre ($3.22 in chips) 
Seat 7: AnandaLe ($1.81 in chips) 
Seat 8: EmulationX ($2 in chips) 
Seat 9: TheoceanO ($2.18 in chips) 
kvzonx100pre: posts small blind $0.01
AnandaLe: posts big blind $0.02
*** HOLE CARDS ***
Dealt to Dorex2007 [3s Ks]
EmulationX: calls $0.02
TheoceanO: folds 
Dorex2007: folds 
stevebmark: folds 
kvzonx100pre: folds 
AnandaLe: checks 
*** FLOP *** [Ac Kh Tc]
AnandaLe: checks 
EmulationX: checks 
*** TURN *** [Ac Kh Tc] [5h]
AnandaLe: checks 
EmulationX: bets $0.03
AnandaLe: calls $0.03
*** RIVER *** [Ac Kh Tc 5h] [8c]
AnandaLe: checks 
EmulationX: bets $0.06
AnandaLe: folds 
Uncalled bet ($0.06) returned to EmulationX
EmulationX collected $0.11 from pot
*** SUMMARY ***
Total pot $0.11 | Rake $0 
Board [Ac Kh Tc 5h 8c]
Seat 1: Dorex2007 folded before Flop (didn't bet)
Seat 2: stevebmark (button) folded before Flop (didn't bet)
Seat 6: kvzonx100pre (small blind) folded before Flop
Seat 7: AnandaLe (big blind) folded on the River
Seat 8: EmulationX collected ($0.11)
Seat 9: TheoceanO folded before Flop (didn't bet)



PokerStars Hand #224578435527:  Hold'em No Limit ($0.01/$0.02 USD) - 2021/03/07 16:35:56 PT [2021/03/07 19:35:56 ET]
Table 'Luthera II' 9-max Seat #6 is the button
Seat 1: Dorex2007 ($4.43 in chips) 
Seat 2: stevebmark ($1.87 in chips) 
Seat 6: kvzonx100pre ($3.21 in chips) 
Seat 7: AnandaLe ($1.76 in chips) 
Seat 8: EmulationX ($2.06 in chips) 
Seat 9: TheoceanO ($2.18 in chips) 
AnandaLe: posts small blind $0.01
EmulationX: posts big blind $0.02
*** HOLE CARDS ***
Dealt to Dorex2007 [7d 9c]
TheoceanO: folds 
TheoceanO leaves the table
Dorex2007: folds 
stevebmark: raises $0.04 to $0.06
kvzonx100pre: calls $0.06
AnandaLe: folds 
EmulationX: folds 
*** FLOP *** [2s Ac 4c]
stevebmark: bets $0.08
kvzonx100pre: calls $0.08
*** TURN *** [2s Ac 4c] [Jd]
stevebmark: bets $0.15
kvzonx100pre: calls $0.15
*** RIVER *** [2s Ac 4c Jd] [Qc]
stevebmark: checks 
kvzonx100pre: checks 
*** SHOW DOWN ***
stevebmark: shows [6d 2d] (a pair of Deuces)
kvzonx100pre: shows [3s As] (a pair of Aces)
kvzonx100pre collected $0.59 from pot
*** SUMMARY ***
Total pot $0.61 | Rake $0.02 
Board [2s Ac 4c Jd Qc]
Seat 1: Dorex2007 folded before Flop (didn't bet)
Seat 2: stevebmark showed [6d 2d] and lost with a pair of Deuces
Seat 6: kvzonx100pre (button) showed [3s As] and won ($0.59) with a pair of Aces
Seat 7: AnandaLe (small blind) folded before Flop
Seat 8: EmulationX (big blind) folded before Flop
Seat 9: TheoceanO folded before Flop (didn't bet)



PokerStars Hand #224578457148:  Hold'em No Limit ($0.01/$0.02 USD) - 2021/03/07 16:36:50 PT [2021/03/07 19:36:50 ET]
Table 'Luthera II' 9-max Seat #7 is the button
Seat 1: Dorex2007 ($4.43 in chips) 
Seat 2: stevebmark ($1.58 in chips) 
Seat 6: kvzonx100pre ($3.51 in chips) 
Seat 7: AnandaLe ($1.75 in chips) 
Seat 8: EmulationX ($2.04 in chips) 
EmulationX: posts small blind $0.01
Dorex2007: posts big blind $0.02
*** HOLE CARDS ***
Dealt to Dorex2007 [7c 7d]
stevebmark: raises $0.04 to $0.06
kvzonx100pre: folds 
AnandaLe: calls $0.06
EmulationX: calls $0.05
Dorex2007: folds 
*** FLOP *** [Qh 9c Ks]
EmulationX: checks 
stevebmark: bets $0.09
AnandaLe: folds 
EmulationX: folds 
Uncalled bet ($0.09) returned to stevebmark
stevebmark collected $0.19 from pot
stevebmark: doesn't show hand 
*** SUMMARY ***
Total pot $0.20 | Rake $0.01 
Board [Qh 9c Ks]
Seat 1: Dorex2007 (big blind) folded before Flop
Seat 2: stevebmark collected ($0.19)
Seat 6: kvzonx100pre folded before Flop (didn't bet)
Seat 7: AnandaLe (button) folded on the Flop
Seat 8: EmulationX (small blind) folded on the Flop



PokerStars Hand #224578479463:  Hold'em No Limit ($0.01/$0.02 USD) - 2021/03/07 16:37:24 PT [2021/03/07 19:37:24 ET]
Table 'Luthera II' 9-max Seat #8 is the button
Seat 1: Dorex2007 ($4.41 in chips) 
Seat 2: stevebmark ($1.71 in chips) 
Seat 6: kvzonx100pre ($3.51 in chips) 
Seat 7: AnandaLe ($1.69 in chips) 
Seat 8: EmulationX ($2 in chips) 
Dorex2007: posts small blind $0.01
stevebmark: posts big blind $0.02
*** HOLE CARDS ***
Dealt to Dorex2007 [9h 5h]
kvzonx100pre: folds 
AnandaLe: calls $0.02
EmulationX: folds 
Dorex2007: folds 
stevebmark: checks 
*** FLOP *** [8c Jh Th]
stevebmark: checks 
AnandaLe: bets $0.02
stevebmark: calls $0.02
*** TURN *** [8c Jh Th] [7d]
stevebmark: checks 
AnandaLe: checks 
*** RIVER *** [8c Jh Th 7d] [7c]
stevebmark: checks 
AnandaLe: bets $0.10
stevebmark: calls $0.10
*** SHOW DOWN ***
AnandaLe: shows [3h 6h] (a pair of Sevens)
stevebmark: shows [Ad 8h] (two pair, Eights and Sevens)
stevebmark collected $0.28 from pot
*** SUMMARY ***
Total pot $0.29 | Rake $0.01 
Board [8c Jh Th 7d 7c]
Seat 1: Dorex2007 (small blind) folded before Flop
Seat 2: stevebmark (big blind) showed [Ad 8h] and won ($0.28) with two pair, Eights and Sevens
Seat 6: kvzonx100pre folded before Flop (didn't bet)
Seat 7: AnandaLe showed [3h 6h] and lost with a pair of Sevens
Seat 8: EmulationX (button) folded before Flop (didn't bet)



PokerStars Hand #224578493023:  Hold'em No Limit ($0.01/$0.02 USD) - 2021/03/07 16:37:58 PT [2021/03/07 19:37:58 ET]
Table 'Luthera II' 9-max Seat #1 is the button
Seat 1: Dorex2007 ($4.40 in chips) 
Seat 2: stevebmark ($1.85 in chips) 
Seat 6: kvzonx100pre ($3.51 in chips) 
Seat 7: AnandaLe ($1.55 in chips) 
Seat 8: EmulationX ($2 in chips) 
stevebmark: posts small blind $0.01
kvzonx100pre: posts big blind $0.02
*** HOLE CARDS ***
Dealt to Dorex2007 [4c 6d]
AnandaLe: folds 
EmulationX: folds 
Dorex2007: folds 
stevebmark: calls $0.01
kvzonx100pre: raises $0.06 to $0.08
stevebmark: folds 
Uncalled bet ($0.06) returned to kvzonx100pre
kvzonx100pre collected $0.04 from pot
kvzonx100pre: doesn't show hand 
*** SUMMARY ***
Total pot $0.04 | Rake $0 
Seat 1: Dorex2007 (button) folded before Flop (didn't bet)
Seat 2: stevebmark (small blind) folded before Flop
Seat 6: kvzonx100pre (big blind) collected ($0.04)
Seat 7: AnandaLe folded before Flop (didn't bet)
Seat 8: EmulationX folded before Flop (didn't bet)



PokerStars Hand #224578498821:  Hold'em No Limit ($0.01/$0.02 USD) - 2021/03/07 16:38:13 PT [2021/03/07 19:38:13 ET]
Table 'Luthera II' 9-max Seat #2 is the button
Seat 1: Dorex2007 ($4.40 in chips) 
Seat 2: stevebmark ($1.83 in chips) 
Seat 6: kvzonx100pre ($3.53 in chips) 
Seat 7: AnandaLe ($1.55 in chips) 
Seat 8: EmulationX ($2 in chips) 
kvzonx100pre: posts small blind $0.01
AnandaLe: posts big blind $0.02
*** HOLE CARDS ***
Dealt to Dorex2007 [Ac 9h]
EmulationX: folds 
Dorex2007: folds 
stevebmark: raises $0.04 to $0.06
kvzonx100pre: folds 
AnandaLe: calls $0.04
*** FLOP *** [Qd Jh Ah]
AnandaLe: checks 
stevebmark: bets $0.06
AnandaLe: folds 
Uncalled bet ($0.06) returned to stevebmark
stevebmark collected $0.13 from pot
stevebmark: doesn't show hand 
*** SUMMARY ***
Total pot $0.13 | Rake $0 
Board [Qd Jh Ah]
Seat 1: Dorex2007 folded before Flop (didn't bet)
Seat 2: stevebmark (button) collected ($0.13)
Seat 6: kvzonx100pre (small blind) folded before Flop
Seat 7: AnandaLe (big blind) folded on the Flop
Seat 8: EmulationX folded before Flop (didn't bet)



PokerStars Hand #224578508301:  Hold'em No Limit ($0.01/$0.02 USD) - 2021/03/07 16:38:37 PT [2021/03/07 19:38:37 ET]
Table 'Luthera II' 9-max Seat #6 is the button
Seat 1: Dorex2007 ($4.40 in chips) 
Seat 2: stevebmark ($1.90 in chips) 
Seat 6: kvzonx100pre ($3.52 in chips) 
Seat 7: AnandaLe ($1.94 in chips) 
Seat 8: EmulationX ($2 in chips) 
AnandaLe: posts small blind $0.01
EmulationX: posts big blind $0.02
*** HOLE CARDS ***
Dealt to Dorex2007 [3d 8c]
Da Newf joins the table at seat #9 
Dorex2007: folds 
stevebmark: raises $0.04 to $0.06
kvzonx100pre: folds 
AnandaLe: folds 
EmulationX: folds 
Uncalled bet ($0.04) returned to stevebmark
stevebmark collected $0.05 from pot
stevebmark: doesn't show hand 
*** SUMMARY ***
Total pot $0.05 | Rake $0 
Seat 1: Dorex2007 folded before Flop (didn't bet)
Seat 2: stevebmark collected ($0.05)
Seat 6: kvzonx100pre (button) folded before Flop (didn't bet)
Seat 7: AnandaLe (small blind) folded before Flop
Seat 8: EmulationX (big blind) folded before Flop



PokerStars Hand #224578520563:  Hold'em No Limit ($0.01/$0.02 USD) - 2021/03/07 16:38:57 PT [2021/03/07 19:38:57 ET]
Table 'Luthera II' 9-max Seat #7 is the button
Seat 1: Dorex2007 ($4.40 in chips) 
Seat 2: stevebmark ($1.93 in chips) 
Seat 6: kvzonx100pre ($3.52 in chips) 
Seat 7: AnandaLe ($1.93 in chips) 
Seat 8: EmulationX ($2 in chips) 
Seat 9: Da Newf ($0.80 in chips) 
EmulationX: posts small blind $0.01
Da Newf: posts big blind $0.02
*** HOLE CARDS ***
Dealt to Dorex2007 [Td Ts]
Dorex2007: calls $0.02
stevebmark: calls $0.02
kvzonx100pre: folds 
AnandaLe: raises $0.04 to $0.06
EmulationX: folds 
Da Newf: folds 
Dorex2007: calls $0.04
stevebmark: calls $0.04
*** FLOP *** [6d Qs 5c]
Dorex2007: bets $0.15
stevebmark: folds 
AnandaLe: calls $0.15
*** TURN *** [6d Qs 5c] [6s]
Dorex2007: checks 
AnandaLe: bets $0.30
Dorex2007: calls $0.30
*** RIVER *** [6d Qs 5c 6s] [3c]
Dorex2007: bets $1.07
AnandaLe: calls $1.07
*** SHOW DOWN ***
Dorex2007: shows [Td Ts] (two pair, Tens and Sixes)
AnandaLe: shows [9s Qh] (two pair, Queens and Sixes)
AnandaLe collected $3.14 from pot
*** SUMMARY ***
Total pot $3.25 | Rake $0.11 
Board [6d Qs 5c 6s 3c]
Seat 1: Dorex2007 showed [Td Ts] and lost with two pair, Tens and Sixes
Seat 2: stevebmark folded on the Flop
Seat 6: kvzonx100pre folded before Flop (didn't bet)
Seat 7: AnandaLe (button) showed [9s Qh] and won ($3.14) with two pair, Queens and Sixes
Seat 8: EmulationX (small blind) folded before Flop
Seat 9: Da Newf (big blind) folded before Flop



PokerStars Hand #224578546080:  Hold'em No Limit ($0.01/$0.02 USD) - 2021/03/07 16:40:01 PT [2021/03/07 19:40:01 ET]
Table 'Luthera II' 9-max Seat #8 is the button
Seat 1: Dorex2007 ($2.82 in chips) 
Seat 2: stevebmark ($1.87 in chips) 
Seat 6: kvzonx100pre ($3.52 in chips) 
Seat 7: AnandaLe ($3.49 in chips) 
Seat 8: EmulationX ($2 in chips) 
Seat 9: Da Newf ($0.78 in chips) 
Da Newf: posts small blind $0.01
Dorex2007: posts big blind $0.02
eT.NightDemon: sits out 
*** HOLE CARDS ***
Dealt to Dorex2007 [Jd 7s]
stevebmark: raises $0.04 to $0.06
kvzonx100pre: calls $0.06
AnandaLe: calls $0.06
EmulationX: calls $0.06
Da Newf: folds 
Dorex2007: folds 
*** FLOP *** [Tc 9s Kd]
stevebmark: bets $0.26
kvzonx100pre: folds 
AnandaLe: raises $0.39 to $0.65
EmulationX: folds 
stevebmark: raises $1.16 to $1.81 and is all-in
AnandaLe: calls $1.16
*** TURN *** [Tc 9s Kd] [Ts]
*** RIVER *** [Tc 9s Kd Ts] [4d]
*** SHOW DOWN ***
stevebmark: shows [Ac Kh] (two pair, Kings and Tens)
AnandaLe: shows [9d 9c] (a full house, Nines full of Tens)
AnandaLe collected $3.75 from pot
*** SUMMARY ***
Total pot $3.89 | Rake $0.14 
Board [Tc 9s Kd Ts 4d]
Seat 1: Dorex2007 (big blind) folded before Flop
Seat 2: stevebmark showed [Ac Kh] and lost with two pair, Kings and Tens
Seat 6: kvzonx100pre folded on the Flop
Seat 7: AnandaLe showed [9d 9c] and won ($3.75) with a full house, Nines full of Tens
Seat 8: EmulationX (button) folded on the Flop
Seat 9: Da Newf (small blind) folded before Flop



PokerStars Hand #224578565156:  Hold'em No Limit ($0.01/$0.02 USD) - 2021/03/07 16:40:50 PT [2021/03/07 19:40:50 ET]
Table 'Luthera II' 9-max Seat #9 is the button
Seat 1: Dorex2007 ($2.80 in chips) 
Seat 3: eT.NightDemon ($0.79 in chips) 
Seat 6: kvzonx100pre ($3.46 in chips) 
Seat 7: AnandaLe ($5.37 in chips) 
Seat 8: EmulationX ($2 in chips) 
Seat 9: Da Newf ($0.77 in chips) 
Dorex2007: posts small blind $0.01
eT.NightDemon: posts big blind $0.02
*** HOLE CARDS ***
Dealt to Dorex2007 [Ks Td]
kvzonx100pre: folds 
AnandaLe: folds 
EmulationX: folds 
Da Newf: folds 
stevebmark leaves the table
Dorex2007: folds 
Uncalled bet ($0.01) returned to eT.NightDemon
eT.NightDemon collected $0.02 from pot
eT.NightDemon: doesn't show hand 
*** SUMMARY ***
Total pot $0.02 | Rake $0 
Seat 1: Dorex2007 (small blind) folded before Flop
Seat 3: eT.NightDemon (big blind) collected ($0.02)
Seat 6: kvzonx100pre folded before Flop (didn't bet)
Seat 7: AnandaLe folded before Flop (didn't bet)
Seat 8: EmulationX folded before Flop (didn't bet)
Seat 9: Da Newf (button) folded before Flop (didn't bet)



PokerStars Hand #224578570452:  Hold'em No Limit ($0.01/$0.02 USD) - 2021/03/07 16:41:04 PT [2021/03/07 19:41:04 ET]
Table 'Luthera II' 9-max Seat #1 is the button
Seat 1: Dorex2007 ($2.79 in chips) 
Seat 3: eT.NightDemon ($0.80 in chips) 
Seat 6: kvzonx100pre ($3.46 in chips) 
Seat 7: AnandaLe ($5.37 in chips) 
Seat 8: EmulationX ($2 in chips) 
Seat 9: Da Newf ($0.77 in chips) 
eT.NightDemon: posts small blind $0.01
kvzonx100pre: posts big blind $0.02
*** HOLE CARDS ***
Dealt to Dorex2007 [Th 8d]
AnandaLe: folds 
EmulationX: folds 
Da Newf: folds 
Dorex2007: folds 
eT.NightDemon: calls $0.01
kvzonx100pre: raises $0.06 to $0.08
eT.NightDemon: folds 
Uncalled bet ($0.06) returned to kvzonx100pre
kvzonx100pre collected $0.04 from pot
buggspray leaves the table
kvzonx100pre: doesn't show hand 
*** SUMMARY ***
Total pot $0.04 | Rake $0 
Seat 1: Dorex2007 (button) folded before Flop (didn't bet)
Seat 3: eT.NightDemon (small blind) folded before Flop
Seat 6: kvzonx100pre (big blind) collected ($0.04)
Seat 7: AnandaLe folded before Flop (didn't bet)
Seat 8: EmulationX folded before Flop (didn't bet)
Seat 9: Da Newf folded before Flop (didn't bet)



PokerStars Hand #224578580650:  Hold'em No Limit ($0.01/$0.02 USD) - 2021/03/07 16:41:29 PT [2021/03/07 19:41:29 ET]
Table 'Luthera II' 9-max Seat #3 is the button
Seat 1: Dorex2007 ($2.79 in chips) 
Seat 3: eT.NightDemon ($0.78 in chips) 
Seat 6: kvzonx100pre ($3.48 in chips) 
Seat 7: AnandaLe ($5.37 in chips) 
Seat 8: EmulationX ($2 in chips) 
Seat 9: Da Newf ($0.77 in chips) 
kvzonx100pre: posts small blind $0.01
AnandaLe: posts big blind $0.02
*** HOLE CARDS ***
Dealt to Dorex2007 [4h 3c]
EmulationX: calls $0.02
Da Newf: folds 
Dorex2007: folds 
eT.NightDemon: calls $0.02
kvzonx100pre: folds 
AnandaLe: checks 
*** FLOP *** [7s Ah Qh]
AnandaLe: checks 
EmulationX: checks 
eT.NightDemon: bets $0.02
AnandaLe: folds 
EmulationX: calls $0.02
*** TURN *** [7s Ah Qh] [As]
EmulationX: checks 
eT.NightDemon: bets $0.02
EmulationX: calls $0.02
*** RIVER *** [7s Ah Qh As] [Qs]
EmulationX: checks 
CheloMc2H joins the table at seat #5 
Gustav0o330 joins the table at seat #2 
eT.NightDemon: bets $0.14
EmulationX: calls $0.14
*** SHOW DOWN ***
eT.NightDemon: shows [Td Kh] (two pair, Aces and Queens)
EmulationX: shows [9d Qd] (a full house, Queens full of Aces)
EmulationX collected $0.41 from pot
Gustav0o330 leaves the table
*** SUMMARY ***
Total pot $0.43 | Rake $0.02 
Board [7s Ah Qh As Qs]
Seat 1: Dorex2007 folded before Flop (didn't bet)
Seat 3: eT.NightDemon (button) showed [Td Kh] and lost with two pair, Aces and Queens
Seat 6: kvzonx100pre (small blind) folded before Flop
Seat 7: AnandaLe (big blind) folded on the Flop
Seat 8: EmulationX showed [9d Qd] and won ($0.41) with a full house, Queens full of Aces
Seat 9: Da Newf folded before Flop (didn't bet)



PokerStars Hand #224578609287:  Hold'em No Limit ($0.01/$0.02 USD) - 2021/03/07 16:42:42 PT [2021/03/07 19:42:42 ET]
Table 'Luthera II' 9-max Seat #6 is the button
Seat 1: Dorex2007 ($2.79 in chips) 
Seat 3: eT.NightDemon ($0.58 in chips) 
Seat 6: kvzonx100pre ($3.47 in chips) 
Seat 7: AnandaLe ($5.35 in chips) 
Seat 8: EmulationX ($2.21 in chips) 
Seat 9: Da Newf ($0.77 in chips) 
AnandaLe: posts small blind $0.01
EmulationX: posts big blind $0.02
CheloMc2H: sits out 
*** HOLE CARDS ***
Dealt to Dorex2007 [3d Ac]
Da Newf: calls $0.02
Dorex2007: folds 
eT.NightDemon: folds 
kvzonx100pre: folds 
AnandaLe: calls $0.01
shoguinho14 joins the table at seat #2 
EmulationX: checks 
*** FLOP *** [Ts 3s Qd]
AnandaLe: checks 
EmulationX: checks 
Da Newf: bets $0.06
AnandaLe: folds 
EmulationX: folds 
Uncalled bet ($0.06) returned to Da Newf
Da Newf collected $0.06 from pot
Da Newf: doesn't show hand 
*** SUMMARY ***
Total pot $0.06 | Rake $0 
Board [Ts 3s Qd]
Seat 1: Dorex2007 folded before Flop (didn't bet)
Seat 3: eT.NightDemon folded before Flop (didn't bet)
Seat 6: kvzonx100pre (button) folded before Flop (didn't bet)
Seat 7: AnandaLe (small blind) folded on the Flop
Seat 8: EmulationX (big blind) folded on the Flop
Seat 9: Da Newf collected ($0.06)



PokerStars Hand #224578622068:  Hold'em No Limit ($0.01/$0.02 USD) - 2021/03/07 16:43:15 PT [2021/03/07 19:43:15 ET]
Table 'Luthera II' 9-max Seat #7 is the button
Seat 1: Dorex2007 ($2.79 in chips) 
Seat 3: eT.NightDemon ($0.58 in chips) 
Seat 6: kvzonx100pre ($3.47 in chips) 
Seat 7: AnandaLe ($5.33 in chips) 
Seat 8: EmulationX ($2.19 in chips) 
Seat 9: Da Newf ($0.81 in chips) 
EmulationX: posts small blind $0.01
Da Newf: posts big blind $0.02
shoguinho14: sits out 
CheloMc2H: sits out 
*** HOLE CARDS ***
Dealt to Dorex2007 [Kh 3h]
Dorex2007: folds 
eT.NightDemon: folds 
kvzonx100pre: folds 
AnandaLe: folds 
EmulationX: folds 
Uncalled bet ($0.01) returned to Da Newf
Da Newf collected $0.02 from pot
Da Newf: doesn't show hand 
*** SUMMARY ***
Total pot $0.02 | Rake $0 
Seat 1: Dorex2007 folded before Flop (didn't bet)
Seat 3: eT.NightDemon folded before Flop (didn't bet)
Seat 6: kvzonx100pre folded before Flop (didn't bet)
Seat 7: AnandaLe (button) folded before Flop (didn't bet)
Seat 8: EmulationX (small blind) folded before Flop
Seat 9: Da Newf (big blind) collected ($0.02)



PokerStars Hand #224578629270:  Hold'em No Limit ($0.01/$0.02 USD) - 2021/03/07 16:43:33 PT [2021/03/07 19:43:33 ET]
Table 'Luthera II' 9-max Seat #8 is the button
Seat 1: Dorex2007 ($2.79 in chips) 
Seat 3: eT.NightDemon ($0.58 in chips) 
Seat 6: kvzonx100pre ($3.47 in chips) 
Seat 7: AnandaLe ($5.33 in chips) 
Seat 8: EmulationX ($2.18 in chips) 
Seat 9: Da Newf ($0.82 in chips) 
Da Newf: posts small blind $0.01
Dorex2007: posts big blind $0.02
shoguinho14: sits out 
CheloMc2H: sits out 
*** HOLE CARDS ***
Dealt to Dorex2007 [Js 4d]
eT.NightDemon: folds 
kvzonx100pre: folds 
AnandaLe: folds 
EmulationX: folds 
Da Newf: calls $0.01
Dorex2007: checks 
*** FLOP *** [Qd 9c Jc]
Da Newf: checks 
Dorex2007: checks 
*** TURN *** [Qd 9c Jc] [9s]
Da Newf: checks 
Dorex2007: checks 
*** RIVER *** [Qd 9c Jc 9s] [Ks]
Da Newf: checks 
Dorex2007: checks 
*** SHOW DOWN ***
Da Newf: shows [3h Kc] (two pair, Kings and Nines)
Dorex2007: mucks hand 
Da Newf collected $0.04 from pot
*** SUMMARY ***
Total pot $0.04 | Rake $0 
Board [Qd 9c Jc 9s Ks]
Seat 1: Dorex2007 (big blind) mucked [Js 4d]
Seat 3: eT.NightDemon folded before Flop (didn't bet)
Seat 6: kvzonx100pre folded before Flop (didn't bet)
Seat 7: AnandaLe folded before Flop (didn't bet)
Seat 8: EmulationX (button) folded before Flop (didn't bet)
Seat 9: Da Newf (small blind) showed [3h Kc] and won ($0.04) with two pair, Kings and Nines



PokerStars Hand #224578655565:  Hold'em No Limit ($0.01/$0.02 USD) - 2021/03/07 16:44:19 PT [2021/03/07 19:44:19 ET]
Table 'Luthera II' 9-max Seat #9 is the button
Seat 1: Dorex2007 ($2.77 in chips) 
Seat 2: shoguinho14 ($1.50 in chips) 
Seat 3: eT.NightDemon ($0.58 in chips) 
Seat 6: kvzonx100pre ($3.47 in chips) 
Seat 7: AnandaLe ($5.33 in chips) 
Seat 8: EmulationX ($2.18 in chips) 
Seat 9: Da Newf ($0.84 in chips) 
Dorex2007: posts small blind $0.01
shoguinho14: posts big blind $0.02
CheloMc2H: sits out 
*** HOLE CARDS ***
Dealt to Dorex2007 [7d Js]
eT.NightDemon: raises $0.02 to $0.04
kvzonx100pre: folds 
AnandaLe: folds 
EmulationX: folds 
Da Newf: folds 
Dorex2007: folds 
shoguinho14: folds 
Uncalled bet ($0.02) returned to eT.NightDemon
eT.NightDemon collected $0.05 from pot
eT.NightDemon: doesn't show hand 
*** SUMMARY ***
Total pot $0.05 | Rake $0 
Seat 1: Dorex2007 (small blind) folded before Flop
Seat 2: shoguinho14 (big blind) folded before Flop
Seat 3: eT.NightDemon collected ($0.05)
Seat 6: kvzonx100pre folded before Flop (didn't bet)
Seat 7: AnandaLe folded before Flop (didn't bet)
Seat 8: EmulationX folded before Flop (didn't bet)
Seat 9: Da Newf (button) folded before Flop (didn't bet)



PokerStars Hand #224578660138:  Hold'em No Limit ($0.01/$0.02 USD) - 2021/03/07 16:44:31 PT [2021/03/07 19:44:31 ET]
Table 'Luthera II' 9-max Seat #1 is the button
Seat 1: Dorex2007 ($2.76 in chips) 
Seat 2: shoguinho14 ($1.48 in chips) 
Seat 3: eT.NightDemon ($0.61 in chips) 
Seat 6: kvzonx100pre ($3.47 in chips) 
Seat 7: AnandaLe ($5.33 in chips) 
Seat 8: EmulationX ($2.18 in chips) 
Seat 9: Da Newf ($0.84 in chips) 
shoguinho14: posts small blind $0.01
eT.NightDemon: posts big blind $0.02
CheloMc2H: sits out 
*** HOLE CARDS ***
Dealt to Dorex2007 [8h 2s]
kvzonx100pre: folds 
AnandaLe: raises $0.04 to $0.06
EmulationX: folds 
Da Newf: folds 
Dorex2007: folds 
shoguinho14: folds 
eT.NightDemon: folds 
Uncalled bet ($0.04) returned to AnandaLe
AnandaLe collected $0.05 from pot
AnandaLe: doesn't show hand 
*** SUMMARY ***
Total pot $0.05 | Rake $0 
Seat 1: Dorex2007 (button) folded before Flop (didn't bet)
Seat 2: shoguinho14 (small blind) folded before Flop
Seat 3: eT.NightDemon (big blind) folded before Flop
Seat 6: kvzonx100pre folded before Flop (didn't bet)
Seat 7: AnandaLe collected ($0.05)
Seat 8: EmulationX folded before Flop (didn't bet)
Seat 9: Da Newf folded before Flop (didn't bet)



PokerStars Hand #224578669001:  Hold'em No Limit ($0.01/$0.02 USD) - 2021/03/07 16:44:54 PT [2021/03/07 19:44:54 ET]
Table 'Luthera II' 9-max Seat #2 is the button
Seat 1: Dorex2007 ($2.76 in chips) 
Seat 2: shoguinho14 ($1.47 in chips) 
Seat 3: eT.NightDemon ($0.59 in chips) 
Seat 5: CheloMc2H ($0.80 in chips) 
Seat 6: kvzonx100pre ($3.47 in chips) 
Seat 7: AnandaLe ($5.36 in chips) 
Seat 8: EmulationX ($2.18 in chips) 
Seat 9: Da Newf ($0.84 in chips) 
eT.NightDemon: posts small blind $0.01
CheloMc2H: posts big blind $0.02
*** HOLE CARDS ***
Dealt to Dorex2007 [6d Tc]
kvzonx100pre: folds 
AnandaLe: folds 
EmulationX: folds 
Da Newf: folds 
Dorex2007: folds 
shoguinho14: raises $0.02 to $0.04
eT.NightDemon: calls $0.03
CheloMc2H: calls $0.02
*** FLOP *** [Kc 9d 9c]
eT.NightDemon: checks 
CheloMc2H: checks 
shoguinho14: bets $0.06
eT.NightDemon: calls $0.06
CheloMc2H: raises $0.06 to $0.12
shoguinho14: calls $0.06
eT.NightDemon: calls $0.06
*** TURN *** [Kc 9d 9c] [6c]
eT.NightDemon: bets $0.23
CheloMc2H: raises $0.41 to $0.64 and is all-in
shoguinho14: folds 
eT.NightDemon: calls $0.20 and is all-in
Uncalled bet ($0.21) returned to CheloMc2H
*** RIVER *** [Kc 9d 9c 6c] [4h]
*** SHOW DOWN ***
eT.NightDemon: shows [9s Js] (three of a kind, Nines)
CheloMc2H: shows [9h Th] (three of a kind, Nines - lower kicker)
eT.NightDemon collected $1.29 from pot
Davi_bolooo leaves the table
CheloMc2H cashed out the hand for $0.29
*** SUMMARY ***
Total pot $1.34 | Rake $0.05 
Board [Kc 9d 9c 6c 4h]
Seat 1: Dorex2007 folded before Flop (didn't bet)
Seat 2: shoguinho14 (button) folded on the Turn
Seat 3: eT.NightDemon (small blind) showed [9s Js] and won ($1.29) with three of a kind, Nines
Seat 5: CheloMc2H (big blind) showed [9h Th] and lost with three of a kind, Nines (cashed out).
Seat 6: kvzonx100pre folded before Flop (didn't bet)
Seat 7: AnandaLe folded before Flop (didn't bet)
Seat 8: EmulationX folded before Flop (didn't bet)
Seat 9: Da Newf folded before Flop (didn't bet)



PokerStars Hand #224578701126:  Hold'em No Limit ($0.01/$0.02 USD) - 2021/03/07 16:46:17 PT [2021/03/07 19:46:17 ET]
Table 'Luthera II' 9-max Seat #3 is the button
Seat 1: Dorex2007 ($2.76 in chips) 
Seat 2: shoguinho14 ($1.31 in chips) 
Seat 3: eT.NightDemon ($1.29 in chips) 
Seat 5: CheloMc2H ($0.50 in chips) 
Seat 6: kvzonx100pre ($3.47 in chips) 
Seat 7: AnandaLe ($5.36 in chips) 
Seat 8: EmulationX ($2.18 in chips) 
Seat 9: Da Newf ($0.84 in chips) 
CheloMc2H: posts small blind $0.01
kvzonx100pre: posts big blind $0.02
*** HOLE CARDS ***
Dealt to Dorex2007 [4d Qd]
AnandaLe: calls $0.02
EmulationX: folds 
Da Newf: folds 
Dorex2007: folds 
shoguinho14: raises $0.04 to $0.06
eT.NightDemon: calls $0.06
CheloMc2H: folds 
kvzonx100pre: folds 
AnandaLe: calls $0.04
*** FLOP *** [3d 5s 4c]
McFly_288 joins the table at seat #4 
AnandaLe: checks 
shoguinho14: bets $0.10
eT.NightDemon: folds 
AnandaLe: folds 
Uncalled bet ($0.10) returned to shoguinho14
shoguinho14 collected $0.20 from pot
shoguinho14: doesn't show hand 
*** SUMMARY ***
Total pot $0.21 | Rake $0.01 
Board [3d 5s 4c]
Seat 1: Dorex2007 folded before Flop (didn't bet)
Seat 2: shoguinho14 collected ($0.20)
Seat 3: eT.NightDemon (button) folded on the Flop
Seat 5: CheloMc2H (small blind) folded before Flop
Seat 6: kvzonx100pre (big blind) folded before Flop
Seat 7: AnandaLe folded on the Flop
Seat 8: EmulationX folded before Flop (didn't bet)
Seat 9: Da Newf folded before Flop (didn't bet)



PokerStars Hand #224578715361:  Hold'em No Limit ($0.01/$0.02 USD) - 2021/03/07 16:46:54 PT [2021/03/07 19:46:54 ET]
Table 'Luthera II' 9-max Seat #5 is the button
Seat 1: Dorex2007 ($2.76 in chips) 
Seat 2: shoguinho14 ($1.45 in chips) 
Seat 3: eT.NightDemon ($1.23 in chips) 
Seat 4: McFly_288 ($2 in chips) 
Seat 5: CheloMc2H ($0.49 in chips) 
Seat 6: kvzonx100pre ($3.45 in chips) 
Seat 7: AnandaLe ($5.30 in chips) 
Seat 8: EmulationX ($2.18 in chips) 
Seat 9: Da Newf ($0.84 in chips) 
kvzonx100pre: posts small blind $0.01
AnandaLe: posts big blind $0.02
McFly_288: posts big blind $0.02
*** HOLE CARDS ***
Dealt to Dorex2007 [6h 9h]
EmulationX: calls $0.02
Da Newf: folds 
Dorex2007: folds 
shoguinho14: folds 
eT.NightDemon: raises $0.02 to $0.04
McFly_288: calls $0.02
CheloMc2H: folds 
kvzonx100pre: folds 
AnandaLe: calls $0.02
EmulationX: raises $2.14 to $2.18 and is all-in
eT.NightDemon: folds 
McFly_288: folds 
AnandaLe: folds 
Uncalled bet ($2.14) returned to EmulationX
EmulationX collected $0.17 from pot
*** SUMMARY ***
Total pot $0.17 | Rake $0 
Seat 1: Dorex2007 folded before Flop (didn't bet)
Seat 2: shoguinho14 folded before Flop (didn't bet)
Seat 3: eT.NightDemon folded before Flop
Seat 4: McFly_288 folded before Flop
Seat 5: CheloMc2H (button) folded before Flop (didn't bet)
Seat 6: kvzonx100pre (small blind) folded before Flop
Seat 7: AnandaLe (big blind) folded before Flop
Seat 8: EmulationX collected ($0.17)
Seat 9: Da Newf folded before Flop (didn't bet)



PokerStars Hand #224578736679:  Hold'em No Limit ($0.01/$0.02 USD) - 2021/03/07 16:47:49 PT [2021/03/07 19:47:49 ET]
Table 'Luthera II' 9-max Seat #6 is the button
Seat 1: Dorex2007 ($2.76 in chips) 
Seat 3: eT.NightDemon ($1.19 in chips) 
Seat 4: McFly_288 ($1.96 in chips) 
Seat 5: CheloMc2H ($0.49 in chips) 
Seat 6: kvzonx100pre ($3.44 in chips) 
Seat 7: AnandaLe ($5.26 in chips) 
Seat 8: EmulationX ($2.31 in chips) 
Seat 9: Da Newf ($0.84 in chips) 
AnandaLe: posts small blind $0.01
EmulationX: posts big blind $0.02
*** HOLE CARDS ***
Dealt to Dorex2007 [8d 3c]
Da Newf: folds 
Dorex2007: folds 
eT.NightDemon: raises $0.02 to $0.04
McFly_288: folds 
CheloMc2H: calls $0.04
kvzonx100pre: folds 
AnandaLe: folds 
EmulationX: folds 
*** FLOP *** [Tc Ks 5s]
eT.NightDemon: bets $0.04
CheloMc2H: folds 
Uncalled bet ($0.04) returned to eT.NightDemon
eT.NightDemon collected $0.11 from pot
eT.NightDemon: doesn't show hand 
*** SUMMARY ***
Total pot $0.11 | Rake $0 
Board [Tc Ks 5s]
Seat 1: Dorex2007 folded before Flop (didn't bet)
Seat 3: eT.NightDemon collected ($0.11)
Seat 4: McFly_288 folded before Flop (didn't bet)
Seat 5: CheloMc2H folded on the Flop
Seat 6: kvzonx100pre (button) folded before Flop (didn't bet)
Seat 7: AnandaLe (small blind) folded before Flop
Seat 8: EmulationX (big blind) folded before Flop
Seat 9: Da Newf folded before Flop (didn't bet)



PokerStars Hand #224578745716:  Hold'em No Limit ($0.01/$0.02 USD) - 2021/03/07 16:48:13 PT [2021/03/07 19:48:13 ET]
Table 'Luthera II' 9-max Seat #7 is the button
Seat 1: Dorex2007 ($2.76 in chips) 
Seat 2: shoguinho14 ($1.45 in chips) 
Seat 3: eT.NightDemon ($1.26 in chips) 
Seat 4: McFly_288 ($1.96 in chips) 
Seat 5: CheloMc2H ($0.45 in chips) 
Seat 6: kvzonx100pre ($3.44 in chips) 
Seat 7: AnandaLe ($5.25 in chips) 
Seat 8: EmulationX ($2.29 in chips) 
Seat 9: Da Newf ($0.84 in chips) 
EmulationX: posts small blind $0.01
Da Newf: posts big blind $0.02
*** HOLE CARDS ***
Dealt to Dorex2007 [5s 7s]
Dorex2007: folds 
shoguinho14: folds 
eT.NightDemon: folds 
McFly_288: folds 
CheloMc2H: folds 
kvzonx100pre: folds 
AnandaLe: folds 
EmulationX: folds 
Uncalled bet ($0.01) returned to Da Newf
Da Newf collected $0.02 from pot
Da Newf: doesn't show hand 
*** SUMMARY ***
Total pot $0.02 | Rake $0 
Seat 1: Dorex2007 folded before Flop (didn't bet)
Seat 2: shoguinho14 folded before Flop (didn't bet)
Seat 3: eT.NightDemon folded before Flop (didn't bet)
Seat 4: McFly_288 folded before Flop (didn't bet)
Seat 5: CheloMc2H folded before Flop (didn't bet)
Seat 6: kvzonx100pre folded before Flop (didn't bet)
Seat 7: AnandaLe (button) folded before Flop (didn't bet)
Seat 8: EmulationX (small blind) folded before Flop
Seat 9: Da Newf (big blind) collected ($0.02)



PokerStars Hand #224578751880:  Hold'em No Limit ($0.01/$0.02 USD) - 2021/03/07 16:48:29 PT [2021/03/07 19:48:29 ET]
Table 'Luthera II' 9-max Seat #8 is the button
Seat 1: Dorex2007 ($2.76 in chips) 
Seat 2: shoguinho14 ($1.45 in chips) 
Seat 3: eT.NightDemon ($1.26 in chips) 
Seat 4: McFly_288 ($1.96 in chips) 
Seat 5: CheloMc2H ($0.45 in chips) 
Seat 6: kvzonx100pre ($3.44 in chips) 
Seat 7: AnandaLe ($5.25 in chips) 
Seat 8: EmulationX ($2.28 in chips) 
Seat 9: Da Newf ($0.85 in chips) 
Da Newf: posts small blind $0.01
Dorex2007: posts big blind $0.02
*** HOLE CARDS ***
Dealt to Dorex2007 [4d Tc]
shoguinho14: folds 
eT.NightDemon: folds 
McFly_288: folds 
CheloMc2H: folds 
kvzonx100pre: folds 
AnandaLe: raises $0.04 to $0.06
EmulationX: folds 
Da Newf: folds 
Dorex2007: folds 
Uncalled bet ($0.04) returned to AnandaLe
AnandaLe collected $0.05 from pot
AnandaLe: doesn't show hand 
*** SUMMARY ***
Total pot $0.05 | Rake $0 
Seat 1: Dorex2007 (big blind) folded before Flop
Seat 2: shoguinho14 folded before Flop (didn't bet)
Seat 3: eT.NightDemon folded before Flop (didn't bet)
Seat 4: McFly_288 folded before Flop (didn't bet)
Seat 5: CheloMc2H folded before Flop (didn't bet)
Seat 6: kvzonx100pre folded before Flop (didn't bet)
Seat 7: AnandaLe collected ($0.05)
Seat 8: EmulationX (button) folded before Flop (didn't bet)
Seat 9: Da Newf (small blind) folded before Flop



PokerStars Hand #224578760822:  Hold'em No Limit ($0.01/$0.02 USD) - 2021/03/07 16:48:53 PT [2021/03/07 19:48:53 ET]
Table 'Luthera II' 9-max Seat #9 is the button
Seat 1: Dorex2007 ($2.74 in chips) 
Seat 2: shoguinho14 ($1.45 in chips) 
Seat 3: eT.NightDemon ($1.26 in chips) 
Seat 4: McFly_288 ($1.96 in chips) 
Seat 5: CheloMc2H ($0.45 in chips) 
Seat 6: kvzonx100pre ($3.44 in chips) 
Seat 7: AnandaLe ($5.28 in chips) 
Seat 8: EmulationX ($2.28 in chips) 
Seat 9: Da Newf ($0.84 in chips) 
Dorex2007: posts small blind $0.01
shoguinho14: posts big blind $0.02
*** HOLE CARDS ***
Dealt to Dorex2007 [5c 6s]
eT.NightDemon: folds 
McFly_288: folds 
CheloMc2H: calls $0.02
kvzonx100pre: folds 
AnandaLe: folds 
EmulationX: folds 
Da Newf: calls $0.02
Dorex2007: folds 
shoguinho14: checks 
*** FLOP *** [Kd Ah 2s]
shoguinho14: bets $0.04
CheloMc2H: folds 
Da Newf: folds 
Uncalled bet ($0.04) returned to shoguinho14
shoguinho14 collected $0.07 from pot
shoguinho14: doesn't show hand 
*** SUMMARY ***
Total pot $0.07 | Rake $0 
Board [Kd Ah 2s]
Seat 1: Dorex2007 (small blind) folded before Flop
Seat 2: shoguinho14 (big blind) collected ($0.07)
Seat 3: eT.NightDemon folded before Flop (didn't bet)
Seat 4: McFly_288 folded before Flop (didn't bet)
Seat 5: CheloMc2H folded on the Flop
Seat 6: kvzonx100pre folded before Flop (didn't bet)
Seat 7: AnandaLe folded before Flop (didn't bet)
Seat 8: EmulationX folded before Flop (didn't bet)
Seat 9: Da Newf (button) folded on the Flop



PokerStars Hand #224578780731:  Hold'em No Limit ($0.01/$0.02 USD) - 2021/03/07 16:49:46 PT [2021/03/07 19:49:46 ET]
Table 'Luthera II' 9-max Seat #1 is the button
Seat 1: Dorex2007 ($2.73 in chips) 
Seat 2: shoguinho14 ($1.50 in chips) 
Seat 3: eT.NightDemon ($1.26 in chips) 
Seat 4: McFly_288 ($1.96 in chips) 
Seat 5: CheloMc2H ($0.43 in chips) 
Seat 6: kvzonx100pre ($3.44 in chips) 
Seat 7: AnandaLe ($5.28 in chips) 
Seat 8: EmulationX ($2.28 in chips) 
Seat 9: Da Newf ($0.82 in chips) 
shoguinho14: posts small blind $0.01
eT.NightDemon: posts big blind $0.02
*** HOLE CARDS ***
Dealt to Dorex2007 [2h As]
McFly_288: folds 
CheloMc2H: folds 
kvzonx100pre: folds 
AnandaLe: folds 
EmulationX: folds 
Da Newf: folds 
Dorex2007: folds 
shoguinho14: calls $0.01
eT.NightDemon: checks 
*** FLOP *** [8s Tc 5h]
shoguinho14: bets $0.02
eT.NightDemon: calls $0.02
*** TURN *** [8s Tc 5h] [Qc]
shoguinho14: checks 
eT.NightDemon: bets $0.02
shoguinho14: calls $0.02
*** RIVER *** [8s Tc 5h Qc] [9h]
shoguinho14: checks 
eT.NightDemon: bets $0.02
shoguinho14: calls $0.02
*** SHOW DOWN ***
eT.NightDemon: shows [5s 3s] (a pair of Fives)
shoguinho14: shows [Ts 2s] (a pair of Tens)
shoguinho14 collected $0.15 from pot
*** SUMMARY ***
Total pot $0.16 | Rake $0.01 
Board [8s Tc 5h Qc 9h]
Seat 1: Dorex2007 (button) folded before Flop (didn't bet)
Seat 2: shoguinho14 (small blind) showed [Ts 2s] and won ($0.15) with a pair of Tens
Seat 3: eT.NightDemon (big blind) showed [5s 3s] and lost with a pair of Fives
Seat 4: McFly_288 folded before Flop (didn't bet)
Seat 5: CheloMc2H folded before Flop (didn't bet)
Seat 6: kvzonx100pre folded before Flop (didn't bet)
Seat 7: AnandaLe folded before Flop (didn't bet)
Seat 8: EmulationX folded before Flop (didn't bet)
Seat 9: Da Newf folded before Flop (didn't bet)



PokerStars Hand #224578794490:  Hold'em No Limit ($0.01/$0.02 USD) - 2021/03/07 16:50:22 PT [2021/03/07 19:50:22 ET]
Table 'Luthera II' 9-max Seat #2 is the button
Seat 1: Dorex2007 ($2.73 in chips) 
Seat 2: shoguinho14 ($1.57 in chips) 
Seat 3: eT.NightDemon ($1.18 in chips) 
Seat 4: McFly_288 ($1.96 in chips) 
Seat 5: CheloMc2H ($0.43 in chips) 
Seat 6: kvzonx100pre ($3.44 in chips) 
Seat 7: AnandaLe ($5.28 in chips) 
Seat 8: EmulationX ($2.28 in chips) 
Seat 9: Da Newf ($0.82 in chips) 
eT.NightDemon: posts small blind $0.01
McFly_288: posts big blind $0.02
*** HOLE CARDS ***
Dealt to Dorex2007 [Ts 5s]
CheloMc2H: calls $0.02
kvzonx100pre: folds 
AnandaLe: folds 
EmulationX: folds 
Da Newf: folds 
Dorex2007: folds 
shoguinho14: folds 
eT.NightDemon: calls $0.01
McFly_288: checks 
*** FLOP *** [Kc Js 5c]
eT.NightDemon: checks 
McFly_288: checks 
CheloMc2H: bets $0.06
eT.NightDemon: folds 
McFly_288: calls $0.06
*** TURN *** [Kc Js 5c] [3d]
McFly_288: checks 
CheloMc2H: bets $0.08
McFly_288: calls $0.08
*** RIVER *** [Kc Js 5c 3d] [8c]
McFly_288: checks 
CheloMc2H: checks 
*** SHOW DOWN ***
McFly_288: shows [5h 4h] (a pair of Fives)
CheloMc2H: mucks hand 
McFly_288 collected $0.33 from pot
*** SUMMARY ***
Total pot $0.34 | Rake $0.01 
Board [Kc Js 5c 3d 8c]
Seat 1: Dorex2007 folded before Flop (didn't bet)
Seat 2: shoguinho14 (button) folded before Flop (didn't bet)
Seat 3: eT.NightDemon (small blind) folded on the Flop
Seat 4: McFly_288 (big blind) showed [5h 4h] and won ($0.33) with a pair of Fives
Seat 5: CheloMc2H mucked [Ah Qh]
Seat 6: kvzonx100pre folded before Flop (didn't bet)
Seat 7: AnandaLe folded before Flop (didn't bet)
Seat 8: EmulationX folded before Flop (didn't bet)
Seat 9: Da Newf folded before Flop (didn't bet)



PokerStars Hand #224578824376:  Hold'em No Limit ($0.01/$0.02 USD) - 2021/03/07 16:51:20 PT [2021/03/07 19:51:20 ET]
Table 'Luthera II' 9-max Seat #3 is the button
Seat 1: Dorex2007 ($2.73 in chips) 
Seat 2: shoguinho14 ($1.57 in chips) 
Seat 3: eT.NightDemon ($1.16 in chips) 
Seat 4: McFly_288 ($2.13 in chips) 
Seat 5: CheloMc2H ($0.27 in chips) 
Seat 6: kvzonx100pre ($3.44 in chips) 
Seat 7: AnandaLe ($5.28 in chips) 
Seat 8: EmulationX ($2.28 in chips) 
Seat 9: Da Newf ($0.82 in chips) 
McFly_288: posts small blind $0.01
CheloMc2H: posts big blind $0.02
*** HOLE CARDS ***
Dealt to Dorex2007 [3c 8c]
kvzonx100pre: folds 
AnandaLe: raises $0.04 to $0.06
EmulationX: folds 
Da Newf: folds 
Dorex2007: folds 
shoguinho14: folds 
eT.NightDemon: folds 
McFly_288: calls $0.05
CheloMc2H: calls $0.04
*** FLOP *** [8h 9c Jd]
McFly_288: bets $0.10
CheloMc2H: raises $0.11 to $0.21 and is all-in
AnandaLe: calls $0.21
McFly_288: calls $0.11
*** TURN *** [8h 9c Jd] [9h]
McFly_288: checks 
AnandaLe: checks 
*** RIVER *** [8h 9c Jd 9h] [Ac]
McFly_288: bets $0.39
AnandaLe: calls $0.39
*** SHOW DOWN ***
McFly_288: shows [Ts Ad] (two pair, Aces and Nines)
AnandaLe: shows [Jh As] (two pair, Aces and Jacks)
AnandaLe collected $0.75 from side pot
CheloMc2H: mucks hand 
AnandaLe collected $0.78 from main pot
*** SUMMARY ***
Total pot $1.59 Main pot $0.78. Side pot $0.75. | Rake $0.06 
Board [8h 9c Jd 9h Ac]
Seat 1: Dorex2007 folded before Flop (didn't bet)
Seat 2: shoguinho14 folded before Flop (didn't bet)
Seat 3: eT.NightDemon (button) folded before Flop (didn't bet)
Seat 4: McFly_288 (small blind) showed [Ts Ad] and lost with two pair, Aces and Nines
Seat 5: CheloMc2H (big blind) mucked [Td 8d]
Seat 6: kvzonx100pre folded before Flop (didn't bet)
Seat 7: AnandaLe showed [Jh As] and won ($1.53) with two pair, Aces and Jacks
Seat 8: EmulationX folded before Flop (didn't bet)
Seat 9: Da Newf folded before Flop (didn't bet)



PokerStars Hand #224578851150:  Hold'em No Limit ($0.01/$0.02 USD) - 2021/03/07 16:52:25 PT [2021/03/07 19:52:25 ET]
Table 'Luthera II' 9-max Seat #4 is the button
Seat 1: Dorex2007 ($2.73 in chips) 
Seat 2: shoguinho14 ($1.57 in chips) 
Seat 3: eT.NightDemon ($1.16 in chips) 
Seat 4: McFly_288 ($1.47 in chips) 
Seat 6: kvzonx100pre ($3.44 in chips) 
Seat 7: AnandaLe ($6.15 in chips) 
Seat 8: EmulationX ($2.28 in chips) 
Seat 9: Da Newf ($0.82 in chips) 
kvzonx100pre: posts small blind $0.01
AnandaLe: posts big blind $0.02
*** HOLE CARDS ***
Dealt to Dorex2007 [4s 9s]
EmulationX: calls $0.02
Da Newf: folds 
CheloMc2H leaves the table
Dorex2007: folds 
shoguinho14: calls $0.02
eT.NightDemon: folds 
McFly_288: folds 
kvzonx100pre: raises $0.06 to $0.08
AnandaLe: folds 
EmulationX: folds 
shoguinho14: folds 
Uncalled bet ($0.06) returned to kvzonx100pre
kvzonx100pre collected $0.08 from pot
kvzonx100pre: doesn't show hand 
*** SUMMARY ***
Total pot $0.08 | Rake $0 
Seat 1: Dorex2007 folded before Flop (didn't bet)
Seat 2: shoguinho14 folded before Flop
Seat 3: eT.NightDemon folded before Flop (didn't bet)
Seat 4: McFly_288 (button) folded before Flop (didn't bet)
Seat 6: kvzonx100pre (small blind) collected ($0.08)
Seat 7: AnandaLe (big blind) folded before Flop
Seat 8: EmulationX folded before Flop
Seat 9: Da Newf folded before Flop (didn't bet)



PokerStars Hand #224578862042:  Hold'em No Limit ($0.01/$0.02 USD) - 2021/03/07 16:52:54 PT [2021/03/07 19:52:54 ET]
Table 'Luthera II' 9-max Seat #6 is the button
Seat 1: Dorex2007 ($2.73 in chips) 
Seat 2: shoguinho14 ($1.55 in chips) 
Seat 3: eT.NightDemon ($1.16 in chips) 
Seat 4: McFly_288 ($1.47 in chips) 
Seat 6: kvzonx100pre ($3.50 in chips) 
Seat 7: AnandaLe ($6.13 in chips) 
Seat 8: EmulationX ($2.26 in chips) 
Seat 9: Da Newf ($0.82 in chips) 
AnandaLe: posts small blind $0.01
EmulationX: posts big blind $0.02
*** HOLE CARDS ***
Dealt to Dorex2007 [4c 5h]
Da Newf: calls $0.02
Dorex2007: folds 
shoguinho14: raises $0.02 to $0.04
eT.NightDemon: folds 
McFly_288: folds 
kvzonx100pre: folds 
AnandaLe: folds 
EmulationX: folds 
Da Newf: calls $0.02
*** FLOP *** [8h 9c Th]
Da Newf: checks 
shoguinho14: bets $0.06
Da Newf: folds 
Uncalled bet ($0.06) returned to shoguinho14
shoguinho14 collected $0.11 from pot
shoguinho14: doesn't show hand 
*** SUMMARY ***
Total pot $0.11 | Rake $0 
Board [8h 9c Th]
Seat 1: Dorex2007 folded before Flop (didn't bet)
Seat 2: shoguinho14 collected ($0.11)
Seat 3: eT.NightDemon folded before Flop (didn't bet)
Seat 4: McFly_288 folded before Flop (didn't bet)
Seat 6: kvzonx100pre (button) folded before Flop (didn't bet)
Seat 7: AnandaLe (small blind) folded before Flop
Seat 8: EmulationX (big blind) folded before Flop
Seat 9: Da Newf folded on the Flop



PokerStars Hand #224578872188:  Hold'em No Limit ($0.01/$0.02 USD) - 2021/03/07 16:53:21 PT [2021/03/07 19:53:21 ET]
Table 'Luthera II' 9-max Seat #7 is the button
Seat 1: Dorex2007 ($2.73 in chips) 
Seat 2: shoguinho14 ($1.62 in chips) 
Seat 3: eT.NightDemon ($1.16 in chips) 
Seat 4: McFly_288 ($1.47 in chips) 
Seat 6: kvzonx100pre ($3.50 in chips) 
Seat 7: AnandaLe ($6.12 in chips) 
Seat 8: EmulationX ($2.24 in chips) 
Seat 9: Da Newf ($0.78 in chips) 
EmulationX: posts small blind $0.01
Da Newf: posts big blind $0.02
*** HOLE CARDS ***
Dealt to Dorex2007 [6d Ah]
Dorex2007: folds 
shoguinho14: folds 
CheloMc2H joins the table at seat #5 
eT.NightDemon: folds 
McFly_288: raises $0.18 to $0.20
kvzonx100pre: folds 
AnandaLe: folds 
EmulationX: folds 
Da Newf: folds 
Uncalled bet ($0.18) returned to McFly_288
McFly_288 collected $0.05 from pot
*** SUMMARY ***
Total pot $0.05 | Rake $0 
Seat 1: Dorex2007 folded before Flop (didn't bet)
Seat 2: shoguinho14 folded before Flop (didn't bet)
Seat 3: eT.NightDemon folded before Flop (didn't bet)
Seat 4: McFly_288 collected ($0.05)
Seat 6: kvzonx100pre folded before Flop (didn't bet)
Seat 7: AnandaLe (button) folded before Flop (didn't bet)
Seat 8: EmulationX (small blind) folded before Flop
Seat 9: Da Newf (big blind) folded before Flop



PokerStars Hand #224578893722:  Hold'em No Limit ($0.01/$0.02 USD) - 2021/03/07 16:53:58 PT [2021/03/07 19:53:58 ET]
Table 'Luthera II' 9-max Seat #8 is the button
Seat 1: Dorex2007 ($2.73 in chips) 
Seat 2: shoguinho14 ($1.62 in chips) 
Seat 3: eT.NightDemon ($1.16 in chips) 
Seat 4: McFly_288 ($1.50 in chips) 
Seat 6: kvzonx100pre ($3.50 in chips) 
Seat 7: AnandaLe ($6.12 in chips) 
Seat 8: EmulationX ($2.23 in chips) 
Seat 9: Da Newf ($0.76 in chips) 
Da Newf: posts small blind $0.01
Dorex2007: posts big blind $0.02
CheloMc2H: sits out 
*** HOLE CARDS ***
Dealt to Dorex2007 [2h 6h]
shoguinho14: raises $0.02 to $0.04
eT.NightDemon: folds 
McFly_288: calls $0.04
CheloMc2H leaves the table
kvzonx100pre: folds 
AnandaLe: calls $0.04
EmulationX: folds 
Da Newf: calls $0.03
Dorex2007: calls $0.02
*** FLOP *** [3c 9h 8d]
Da Newf: bets $0.09
Dorex2007: folds 
shoguinho14: folds 
PG big blind joins the table at seat #5 
McFly_288: calls $0.09
AnandaLe: folds 
*** TURN *** [3c 9h 8d] [6c]
Da Newf: bets $0.63 and is all-in
McFly_288: folds 
Uncalled bet ($0.63) returned to Da Newf
Da Newf collected $0.37 from pot
Da Newf: doesn't show hand 
*** SUMMARY ***
Total pot $0.38 | Rake $0.01 
Board [3c 9h 8d 6c]
Seat 1: Dorex2007 (big blind) folded on the Flop
Seat 2: shoguinho14 folded on the Flop
Seat 3: eT.NightDemon folded before Flop (didn't bet)
Seat 4: McFly_288 folded on the Turn
Seat 6: kvzonx100pre folded before Flop (didn't bet)
Seat 7: AnandaLe folded on the Flop
Seat 8: EmulationX (button) folded before Flop (didn't bet)
Seat 9: Da Newf (small blind) collected ($0.37)



PokerStars Hand #224578913668:  Hold'em No Limit ($0.01/$0.02 USD) - 2021/03/07 16:54:52 PT [2021/03/07 19:54:52 ET]
Table 'Luthera II' 9-max Seat #9 is the button
Seat 1: Dorex2007 ($2.69 in chips) 
Seat 2: shoguinho14 ($1.58 in chips) 
Seat 3: eT.NightDemon ($1.16 in chips) 
Seat 4: McFly_288 ($1.37 in chips) 
Seat 5: PG big blind ($2 in chips) 
Seat 6: kvzonx100pre ($3.50 in chips) 
Seat 7: AnandaLe ($6.08 in chips) 
Seat 8: EmulationX ($2.23 in chips) 
Seat 9: Da Newf ($1 in chips) 
Dorex2007: posts small blind $0.01
shoguinho14: posts big blind $0.02
PG big blind: posts big blind $0.02
*** HOLE CARDS ***
Dealt to Dorex2007 [7d 5d]
eT.NightDemon: folds 
McFly_288: folds 
PG big blind: checks 
kvzonx100pre: folds 
AnandaLe: raises $0.04 to $0.06
EmulationX: folds 
Da Newf: calls $0.06
Dorex2007: folds 
shoguinho14: folds 
PG big blind: folds 
*** FLOP *** [Kc 7h Jd]
AnandaLe: checks 
Da Newf: bets $0.08
AnandaLe: calls $0.08
*** TURN *** [Kc 7h Jd] [8d]
AnandaLe: bets $0.16
Da Newf: raises $0.70 to $0.86 and is all-in
AnandaLe: calls $0.70
*** RIVER *** [Kc 7h Jd 8d] [6c]
*** SHOW DOWN ***
AnandaLe: shows [9s Th] (a straight, Seven to Jack)
Da Newf: shows [Kd Kh] (three of a kind, Kings)
AnandaLe collected $1.98 from pot
Da Newf cashed out the hand for $0.45
*** SUMMARY ***
Total pot $2.05 | Rake $0.07 
Board [Kc 7h Jd 8d 6c]
Seat 1: Dorex2007 (small blind) folded before Flop
Seat 2: shoguinho14 (big blind) folded before Flop
Seat 3: eT.NightDemon folded before Flop (didn't bet)
Seat 4: McFly_288 folded before Flop (didn't bet)
Seat 5: PG big blind folded before Flop (didn't bet)
Seat 6: kvzonx100pre folded before Flop (didn't bet)
Seat 7: AnandaLe showed [9s Th] and won ($1.98) with a straight, Seven to Jack
Seat 8: EmulationX folded before Flop (didn't bet)
Seat 9: Da Newf (button) showed [Kd Kh] and lost with three of a kind, Kings (cashed out).



PokerStars Hand #224578936021:  Hold'em No Limit ($0.01/$0.02 USD) - 2021/03/07 16:55:52 PT [2021/03/07 19:55:52 ET]
Table 'Luthera II' 9-max Seat #1 is the button
Seat 1: Dorex2007 ($2.68 in chips) 
Seat 2: shoguinho14 ($1.56 in chips) 
Seat 3: eT.NightDemon ($1.16 in chips) 
Seat 4: McFly_288 ($1.37 in chips) 
Seat 5: PG big blind ($1.98 in chips) 
Seat 6: kvzonx100pre ($3.50 in chips) 
Seat 7: AnandaLe ($7.06 in chips) 
Seat 8: EmulationX ($2.23 in chips) 
Seat 9: Da Newf ($0.45 in chips) 
shoguinho14: posts small blind $0.01
eT.NightDemon: posts big blind $0.02
*** HOLE CARDS ***
Dealt to Dorex2007 [Kd 6c]
McFly_288: calls $0.02
PG big blind: calls $0.02
kvzonx100pre: folds 
AnandaLe: folds 
EmulationX: folds 
Da Newf: folds 
Dorex2007: folds 
shoguinho14: folds 
eT.NightDemon: checks 
*** FLOP *** [4d As 7d]
eT.NightDemon: checks 
McFly_288: checks 
PG big blind: checks 
*** TURN *** [4d As 7d] [7c]
eT.NightDemon: checks 
McFly_288: checks 
PG big blind: checks 
*** RIVER *** [4d As 7d 7c] [Ad]
AnandaLe leaves the table
eT.NightDemon: checks 
McFly_288: checks 
PG big blind: checks 
*** SHOW DOWN ***
eT.NightDemon: shows [Ks 9d] (two pair, Aces and Sevens)
McFly_288: mucks hand 
PG big blind: mucks hand 
eT.NightDemon collected $0.07 from pot
*** SUMMARY ***
Total pot $0.07 | Rake $0 
Board [4d As 7d 7c Ad]
Seat 1: Dorex2007 (button) folded before Flop (didn't bet)
Seat 2: shoguinho14 (small blind) folded before Flop
Seat 3: eT.NightDemon (big blind) showed [Ks 9d] and won ($0.07) with two pair, Aces and Sevens
Seat 4: McFly_288 mucked [Js 9h]
Seat 5: PG big blind mucked [8s Td]
Seat 6: kvzonx100pre folded before Flop (didn't bet)
Seat 7: AnandaLe folded before Flop (didn't bet)
Seat 8: EmulationX folded before Flop (didn't bet)
Seat 9: Da Newf folded before Flop (didn't bet)



PokerStars Hand #224578948778:  Hold'em No Limit ($0.01/$0.02 USD) - 2021/03/07 16:56:37 PT [2021/03/07 19:56:37 ET]
Table 'Luthera II' 9-max Seat #2 is the button
Seat 1: Dorex2007 ($2.68 in chips) 
Seat 2: shoguinho14 ($1.55 in chips) 
Seat 3: eT.NightDemon ($1.21 in chips) 
Seat 4: McFly_288 ($1.35 in chips) 
Seat 5: PG big blind ($1.96 in chips) 
Seat 6: kvzonx100pre ($3.50 in chips) 
Seat 8: EmulationX ($2.23 in chips) 
Seat 9: Da Newf ($0.45 in chips) 
eT.NightDemon: posts small blind $0.01
McFly_288: posts big blind $0.02
*** HOLE CARDS ***
Dealt to Dorex2007 [6d 7d]
PG big blind: calls $0.02
SpadeKoala joins the table at seat #7 
kvzonx100pre: folds 
EmulationX: folds 
Da Newf: folds 
Dorex2007: calls $0.02
shoguinho14: folds 
eT.NightDemon: raises $0.04 to $0.06
McFly_288: calls $0.04
PG big blind: calls $0.04
Dorex2007: calls $0.04
*** FLOP *** [5h Ad Kc]
eT.NightDemon: bets $0.06
McFly_288: folds 
PG big blind: calls $0.06
Dorex2007: folds 
*** TURN *** [5h Ad Kc] [8h]
eT.NightDemon: bets $0.08
PG big blind: calls $0.08
*** RIVER *** [5h Ad Kc 8h] [5c]
eT.NightDemon: bets $0.10
PG big blind: folds 
Uncalled bet ($0.10) returned to eT.NightDemon
eT.NightDemon collected $0.50 from pot
eT.NightDemon: doesn't show hand 
*** SUMMARY ***
Total pot $0.52 | Rake $0.02 
Board [5h Ad Kc 8h 5c]
Seat 1: Dorex2007 folded on the Flop
Seat 2: shoguinho14 (button) folded before Flop (didn't bet)
Seat 3: eT.NightDemon (small blind) collected ($0.50)
Seat 4: McFly_288 (big blind) folded on the Flop
Seat 5: PG big blind folded on the River
Seat 6: kvzonx100pre folded before Flop (didn't bet)
Seat 8: EmulationX folded before Flop (didn't bet)
Seat 9: Da Newf folded before Flop (didn't bet)



PokerStars Hand #224578964691:  Hold'em No Limit ($0.01/$0.02 USD) - 2021/03/07 16:57:33 PT [2021/03/07 19:57:33 ET]
Table 'Luthera II' 9-max Seat #3 is the button
Seat 1: Dorex2007 ($2.62 in chips) 
Seat 2: shoguinho14 ($1.55 in chips) 
Seat 3: eT.NightDemon ($1.51 in chips) 
Seat 4: McFly_288 ($1.29 in chips) 
Seat 5: PG big blind ($1.76 in chips) 
Seat 6: kvzonx100pre ($3.50 in chips) 
Seat 8: EmulationX ($2.23 in chips) 
Seat 9: Da Newf ($0.45 in chips) 
McFly_288: posts small blind $0.01
PG big blind: posts big blind $0.02
SpadeKoala: sits out 
*** HOLE CARDS ***
Dealt to Dorex2007 [6s Ts]
kvzonx100pre: folds 
EmulationX: calls $0.02
Da Newf: folds 
Dorex2007: folds 
shoguinho14: folds 
eT.NightDemon: raises $0.02 to $0.04
McFly_288: calls $0.03
PG big blind: folds 
EmulationX: calls $0.02
*** FLOP *** [Ah Ks Jd]
McFly_288: checks 
EmulationX: checks 
eT.NightDemon: bets $0.06
McFly_288: calls $0.06
EmulationX: calls $0.06
*** TURN *** [Ah Ks Jd] [2d]
McFly_288: checks 
EmulationX: checks 
eT.NightDemon: bets $0.08
McFly_288: folds 
EmulationX: calls $0.08
*** RIVER *** [Ah Ks Jd 2d] [7h]
EmulationX: checks 
eT.NightDemon: checks 
*** SHOW DOWN ***
EmulationX: shows [Ad 3d] (a pair of Aces)
eT.NightDemon: mucks hand 
EmulationX collected $0.46 from pot
*** SUMMARY ***
Total pot $0.48 | Rake $0.02 
Board [Ah Ks Jd 2d 7h]
Seat 1: Dorex2007 folded before Flop (didn't bet)
Seat 2: shoguinho14 folded before Flop (didn't bet)
Seat 3: eT.NightDemon (button) mucked [Kh Th]
Seat 4: McFly_288 (small blind) folded on the Turn
Seat 5: PG big blind (big blind) folded before Flop
Seat 6: kvzonx100pre folded before Flop (didn't bet)
Seat 8: EmulationX showed [Ad 3d] and won ($0.46) with a pair of Aces
Seat 9: Da Newf folded before Flop (didn't bet)



PokerStars Hand #224578978769:  Hold'em No Limit ($0.01/$0.02 USD) - 2021/03/07 16:58:22 PT [2021/03/07 19:58:22 ET]
Table 'Luthera II' 9-max Seat #4 is the button
Seat 1: Dorex2007 ($2.62 in chips) 
Seat 2: shoguinho14 ($1.55 in chips) 
Seat 3: eT.NightDemon ($1.33 in chips) 
Seat 4: McFly_288 ($1.19 in chips) 
Seat 5: PG big blind ($1.74 in chips) 
Seat 6: kvzonx100pre ($3.50 in chips) 
Seat 8: EmulationX ($2.51 in chips) 
Seat 9: Da Newf ($0.45 in chips) 
SpadeKoala said, "?"
PG big blind: posts small blind $0.01
kvzonx100pre: posts big blind $0.02
SpadeKoala: sits out 
*** HOLE CARDS ***
Dealt to Dorex2007 [4c 5d]
EmulationX: folds 
Da Newf: calls $0.02
Dorex2007: folds 
shoguinho14: folds 
eT.NightDemon: folds 
McFly_288: raises $0.16 to $0.18
PG big blind: folds 
kvzonx100pre: folds 
Da Newf: folds 
Uncalled bet ($0.16) returned to McFly_288
McFly_288 collected $0.07 from pot
McFly_288: doesn't show hand 
*** SUMMARY ***
Total pot $0.07 | Rake $0 
Seat 1: Dorex2007 folded before Flop (didn't bet)
Seat 2: shoguinho14 folded before Flop (didn't bet)
Seat 3: eT.NightDemon folded before Flop (didn't bet)
Seat 4: McFly_288 (button) collected ($0.07)
Seat 5: PG big blind (small blind) folded before Flop
Seat 6: kvzonx100pre (big blind) folded before Flop
Seat 8: EmulationX folded before Flop (didn't bet)
Seat 9: Da Newf folded before Flop



PokerStars Hand #224578985250:  Hold'em No Limit ($0.01/$0.02 USD) - 2021/03/07 16:58:44 PT [2021/03/07 19:58:44 ET]
Table 'Luthera II' 9-max Seat #5 is the button
Seat 1: Dorex2007 ($2.62 in chips) 
Seat 2: shoguinho14 ($1.55 in chips) 
Seat 3: eT.NightDemon ($1.33 in chips) 
Seat 4: McFly_288 ($1.24 in chips) 
Seat 5: PG big blind ($1.73 in chips) 
Seat 6: kvzonx100pre ($3.48 in chips) 
Seat 7: SpadeKoala ($1.91 in chips) 
Seat 8: EmulationX ($2.51 in chips) 
Seat 9: Da Newf ($0.43 in chips) 
kvzonx100pre: posts small blind $0.01
SpadeKoala: posts big blind $0.02
*** HOLE CARDS ***
Dealt to Dorex2007 [Ks Qc]
EmulationX: calls $0.02
Da Newf: folds 
Dorex2007: raises $0.06 to $0.08
shoguinho14: calls $0.08
eT.NightDemon: folds 
McFly_288: folds 
PG big blind: folds 
kvzonx100pre: folds 
SpadeKoala: folds 
EmulationX: folds 
*** FLOP *** [Jh 8h 3h]
Dorex2007: checks 
shoguinho14: checks 
*** TURN *** [Jh 8h 3h] [3d]
Dorex2007: checks 
shoguinho14: checks 
*** RIVER *** [Jh 8h 3h 3d] [5d]
Dorex2007: checks 
shoguinho14: checks 
*** SHOW DOWN ***
Dorex2007: shows [Ks Qc] (a pair of Threes)
shoguinho14: shows [Tc Ac] (a pair of Threes - Ace kicker)
shoguinho14 collected $0.20 from pot
*** SUMMARY ***
Total pot $0.21 | Rake $0.01 
Board [Jh 8h 3h 3d 5d]
Seat 1: Dorex2007 showed [Ks Qc] and lost with a pair of Threes
Seat 2: shoguinho14 showed [Tc Ac] and won ($0.20) with a pair of Threes
Seat 3: eT.NightDemon folded before Flop (didn't bet)
Seat 4: McFly_288 folded before Flop (didn't bet)
Seat 5: PG big blind (button) folded before Flop (didn't bet)
Seat 6: kvzonx100pre (small blind) folded before Flop
Seat 7: SpadeKoala (big blind) folded before Flop
Seat 8: EmulationX folded before Flop
Seat 9: Da Newf folded before Flop (didn't bet)



PokerStars Hand #224578998251:  Hold'em No Limit ($0.01/$0.02 USD) - 2021/03/07 16:59:30 PT [2021/03/07 19:59:30 ET]
Table 'Luthera II' 9-max Seat #6 is the button
Seat 1: Dorex2007 ($2.54 in chips) 
Seat 2: shoguinho14 ($1.67 in chips) 
Seat 3: eT.NightDemon ($1.33 in chips) 
Seat 4: McFly_288 ($1.24 in chips) 
Seat 5: PG big blind ($1.73 in chips) 
Seat 6: kvzonx100pre ($3.47 in chips) 
Seat 7: SpadeKoala ($1.89 in chips) 
SpadeKoala: posts small blind $0.01
EmulationX: is sitting out 
Da Newf: is sitting out 
Dorex2007: posts big blind $0.02
*** HOLE CARDS ***
Dealt to Dorex2007 [4h 8h]
shoguinho14: folds 
EmulationX leaves the table
eT.NightDemon: calls $0.02
McFly_288: folds 
PG big blind: folds 
kvzonx100pre: folds 
SpadeKoala: folds 
Dorex2007: checks 
*** FLOP *** [5c 8c 3d]
Dorex2007: checks 
Da Newf leaves the table
eT.NightDemon: checks 
*** TURN *** [5c 8c 3d] [Ah]
Dorex2007: checks 
eT.NightDemon: checks 
*** RIVER *** [5c 8c 3d Ah] [6c]
Dorex2007: checks 
eT.NightDemon: checks 
*** SHOW DOWN ***
Dorex2007: shows [4h 8h] (a pair of Eights)
eT.NightDemon: mucks hand 
Dorex2007 collected $0.05 from pot
*** SUMMARY ***
Total pot $0.05 | Rake $0 
Board [5c 8c 3d Ah 6c]
Seat 1: Dorex2007 (big blind) showed [4h 8h] and won ($0.05) with a pair of Eights
Seat 2: shoguinho14 folded before Flop (didn't bet)
Seat 3: eT.NightDemon mucked [6d Kd]
Seat 4: McFly_288 folded before Flop (didn't bet)
Seat 5: PG big blind folded before Flop (didn't bet)
Seat 6: kvzonx100pre (button) folded before Flop (didn't bet)
Seat 7: SpadeKoala (small blind) folded before Flop



PokerStars Hand #224579008215:  Hold'em No Limit ($0.01/$0.02 USD) - 2021/03/07 17:00:04 PT [2021/03/07 20:00:04 ET]
Table 'Luthera II' 9-max Seat #7 is the button
Seat 1: Dorex2007 ($2.57 in chips) 
Seat 2: shoguinho14 ($1.67 in chips) 
Seat 3: eT.NightDemon ($1.31 in chips) 
Seat 4: McFly_288 ($1.24 in chips) 
Seat 5: PG big blind ($1.73 in chips) 
Seat 6: kvzonx100pre ($3.47 in chips) 
Seat 7: SpadeKoala ($1.88 in chips) 
Dorex2007: posts small blind $0.01
shoguinho14: posts big blind $0.02
*** HOLE CARDS ***
Dealt to Dorex2007 [Td Ac]
eT.NightDemon: folds 
McFly_288: raises $0.04 to $0.06
PG big blind: raises $0.04 to $0.10
kvzonx100pre: folds 
SpadeKoala: folds 
Dorex2007: folds 
shoguinho14: folds 
McFly_288: calls $0.04
*** FLOP *** [6c 8d 8s]
McFly_288: checks 
PG big blind: bets $0.11
esta4u1988 joins the table at seat #9 
McFly_288: calls $0.11
*** TURN *** [6c 8d 8s] [3s]
McFly_288: checks 
PG big blind: checks 
*** RIVER *** [6c 8d 8s 3s] [Kh]
McFly_288: bets $0.22
PG big blind: calls $0.22
*** SHOW DOWN ***
McFly_288: shows [Ts Js] (a pair of Eights)
PG big blind: shows [Ah Ks] (two pair, Kings and Eights)
PG big blind collected $0.86 from pot
*** SUMMARY ***
Total pot $0.89 | Rake $0.03 
Board [6c 8d 8s 3s Kh]
Seat 1: Dorex2007 (small blind) folded before Flop
Seat 2: shoguinho14 (big blind) folded before Flop
Seat 3: eT.NightDemon folded before Flop (didn't bet)
Seat 4: McFly_288 showed [Ts Js] and lost with a pair of Eights
Seat 5: PG big blind showed [Ah Ks] and won ($0.86) with two pair, Kings and Eights
Seat 6: kvzonx100pre folded before Flop (didn't bet)
Seat 7: SpadeKoala (button) folded before Flop (didn't bet)



PokerStars Hand #224579026610:  Hold'em No Limit ($0.01/$0.02 USD) - 2021/03/07 17:01:03 PT [2021/03/07 20:01:03 ET]
Table 'Luthera II' 9-max Seat #1 is the button
Seat 1: Dorex2007 ($2.56 in chips) 
Seat 2: shoguinho14 ($1.65 in chips) 
Seat 3: eT.NightDemon ($1.31 in chips) 
Seat 4: McFly_288 ($0.81 in chips) 
Seat 5: PG big blind ($2.16 in chips) 
Seat 6: kvzonx100pre ($3.47 in chips) 
Seat 7: SpadeKoala ($1.88 in chips) 
Seat 9: esta4u1988 ($1.60 in chips) 
shoguinho14: posts small blind $0.01
eT.NightDemon: posts big blind $0.02
esta4u1988: posts big blind $0.02
*** HOLE CARDS ***
Dealt to Dorex2007 [7h Tc]
McFly_288: folds 
PG big blind: raises $0.04 to $0.06
kvzonx100pre: folds 
SpadeKoala: calls $0.06
esta4u1988: calls $0.04
Dorex2007: folds 
shoguinho14: folds 
eT.NightDemon: folds 
*** FLOP *** [Jc Qs Ah]
PG big blind: bets $0.02
UIPzavestUEP joins the table at seat #8 
SpadeKoala: folds 
esta4u1988: calls $0.02
*** TURN *** [Jc Qs Ah] [Js]
PG big blind: bets $0.12
esta4u1988: calls $0.12
*** RIVER *** [Jc Qs Ah Js] [Kd]
PG big blind: bets $0.23
esta4u1988: calls $0.23
*** SHOW DOWN ***
PG big blind: shows [Ad Qd] (two pair, Aces and Queens)
esta4u1988: shows [Jd 2d] (three of a kind, Jacks)
esta4u1988 collected $0.92 from pot
*** SUMMARY ***
Total pot $0.95 | Rake $0.03 
Board [Jc Qs Ah Js Kd]
Seat 1: Dorex2007 (button) folded before Flop (didn't bet)
Seat 2: shoguinho14 (small blind) folded before Flop
Seat 3: eT.NightDemon (big blind) folded before Flop
Seat 4: McFly_288 folded before Flop (didn't bet)
Seat 5: PG big blind showed [Ad Qd] and lost with two pair, Aces and Queens
Seat 6: kvzonx100pre folded before Flop (didn't bet)
Seat 7: SpadeKoala folded on the Flop
Seat 9: esta4u1988 showed [Jd 2d] and won ($0.92) with three of a kind, Jacks



PokerStars Hand #224579046101:  Hold'em No Limit ($0.01/$0.02 USD) - 2021/03/07 17:01:59 PT [2021/03/07 20:01:59 ET]
Table 'Luthera II' 9-max Seat #2 is the button
Seat 1: Dorex2007 ($2.56 in chips) 
Seat 2: shoguinho14 ($1.64 in chips) 
Seat 3: eT.NightDemon ($1.29 in chips) 
Seat 4: McFly_288 ($2 in chips) 
Seat 5: PG big blind ($1.73 in chips) 
Seat 6: kvzonx100pre ($3.47 in chips) 
Seat 7: SpadeKoala ($1.82 in chips) 
Seat 8: UIPzavestUEP ($1.91 in chips) 
Seat 9: esta4u1988 ($2.09 in chips) 
eT.NightDemon: posts small blind $0.01
McFly_288: posts big blind $0.02
UIPzavestUEP: posts big blind $0.02
*** HOLE CARDS ***
Dealt to Dorex2007 [9s Ah]
PG big blind: folds 
kvzonx100pre: folds 
SpadeKoala: raises $0.04 to $0.06
UIPzavestUEP: folds 
esta4u1988: calls $0.06
Dorex2007: folds 
shoguinho14: folds 
eT.NightDemon: folds 
McFly_288: calls $0.04
*** FLOP *** [Tc 4c 7d]
PG big blind said, "doido"
McFly_288: bets $0.10
SpadeKoala: raises $0.20 to $0.30
esta4u1988: folds 
McFly_288: calls $0.20
*** TURN *** [Tc 4c 7d] [7s]
McFly_288: checks 
SpadeKoala: checks 
*** RIVER *** [Tc 4c 7d 7s] [Qc]
McFly_288: checks 
SpadeKoala: bets $0.26
McFly_288: folds 
Uncalled bet ($0.26) returned to SpadeKoala
SpadeKoala collected $0.78 from pot
SpadeKoala: doesn't show hand 
*** SUMMARY ***
Total pot $0.81 | Rake $0.03 
Board [Tc 4c 7d 7s Qc]
Seat 1: Dorex2007 folded before Flop (didn't bet)
Seat 2: shoguinho14 (button) folded before Flop (didn't bet)
Seat 3: eT.NightDemon (small blind) folded before Flop
Seat 4: McFly_288 (big blind) folded on the River
Seat 5: PG big blind folded before Flop (didn't bet)
Seat 6: kvzonx100pre folded before Flop (didn't bet)
Seat 7: SpadeKoala collected ($0.78)
Seat 8: UIPzavestUEP folded before Flop (didn't bet)
Seat 9: esta4u1988 folded on the Flop



PokerStars Hand #224579078041:  Hold'em No Limit ($0.01/$0.02 USD) - 2021/03/07 17:03:28 PT [2021/03/07 20:03:28 ET]
Table 'Luthera II' 9-max Seat #3 is the button
Seat 1: Dorex2007 ($2.56 in chips) 
Seat 2: shoguinho14 ($1.64 in chips) 
Seat 3: eT.NightDemon ($1.28 in chips) 
Seat 4: McFly_288 ($1.64 in chips) 
Seat 5: PG big blind ($1.73 in chips) 
Seat 6: kvzonx100pre ($3.47 in chips) 
Seat 7: SpadeKoala ($2.24 in chips) 
Seat 8: UIPzavestUEP ($1.89 in chips) 
Seat 9: esta4u1988 ($2.03 in chips) 
McFly_288: posts small blind $0.01
PG big blind: posts big blind $0.02
*** HOLE CARDS ***
Dealt to Dorex2007 [9h 8h]
kvzonx100pre: folds 
SpadeKoala: folds 
UIPzavestUEP: calls $0.02
esta4u1988: raises $0.04 to $0.06
Dorex2007: folds 
shoguinho14: folds 
eT.NightDemon: folds 
McFly_288: folds 
PG big blind: raises $0.04 to $0.10
UIPzavestUEP: folds 
esta4u1988: calls $0.04
*** FLOP *** [Qc 2h 9d]
PG big blind: bets $0.22
esta4u1988: calls $0.22
*** TURN *** [Qc 2h 9d] [9s]
PG big blind: checks 
esta4u1988: checks 
*** RIVER *** [Qc 2h 9d 9s] [7h]
PG big blind: bets $0.65
esta4u1988: folds 
Uncalled bet ($0.65) returned to PG big blind
PG big blind collected $0.65 from pot
PG big blind: doesn't show hand 
*** SUMMARY ***
Total pot $0.67 | Rake $0.02 
Board [Qc 2h 9d 9s 7h]
Seat 1: Dorex2007 folded before Flop (didn't bet)
Seat 2: shoguinho14 folded before Flop (didn't bet)
Seat 3: eT.NightDemon (button) folded before Flop (didn't bet)
Seat 4: McFly_288 (small blind) folded before Flop
Seat 5: PG big blind (big blind) collected ($0.65)
Seat 6: kvzonx100pre folded before Flop (didn't bet)
Seat 7: SpadeKoala folded before Flop (didn't bet)
Seat 8: UIPzavestUEP folded before Flop
Seat 9: esta4u1988 folded on the River



PokerStars Hand #224579113718:  Hold'em No Limit ($0.01/$0.02 USD) - 2021/03/07 17:04:43 PT [2021/03/07 20:04:43 ET]
Table 'Luthera II' 9-max Seat #4 is the button
Seat 1: Dorex2007 ($2.56 in chips) 
Seat 2: shoguinho14 ($1.64 in chips) 
Seat 3: eT.NightDemon ($1.28 in chips) 
Seat 4: McFly_288 ($1.63 in chips) 
Seat 5: PG big blind ($2.06 in chips) 
Seat 6: kvzonx100pre ($3.47 in chips) 
Seat 7: SpadeKoala ($2.24 in chips) 
Seat 8: UIPzavestUEP ($1.87 in chips) 
Seat 9: esta4u1988 ($1.71 in chips) 
PG big blind: posts small blind $0.01
kvzonx100pre: posts big blind $0.02
*** HOLE CARDS ***
Dealt to Dorex2007 [2d Tc]
SpadeKoala: folds 
UIPzavestUEP: folds 
esta4u1988: folds 
Dorex2007: folds 
shoguinho14: folds 
eT.NightDemon: calls $0.02
McFly_288: calls $0.02
PG big blind: folds 
kvzonx100pre: checks 
*** FLOP *** [Ah 2h 5d]
kvzonx100pre: checks 
eT.NightDemon: bets $0.04
McFly_288: raises $0.10 to $0.14
kvzonx100pre: folds 
eT.NightDemon: calls $0.10
*** TURN *** [Ah 2h 5d] [4d]
eT.NightDemon: bets $0.04
McFly_288: raises $0.42 to $0.46
eT.NightDemon: folds 
Uncalled bet ($0.42) returned to McFly_288
McFly_288 collected $0.41 from pot
McFly_288: doesn't show hand 
*** SUMMARY ***
Total pot $0.43 | Rake $0.02 
Board [Ah 2h 5d 4d]
Seat 1: Dorex2007 folded before Flop (didn't bet)
Seat 2: shoguinho14 folded before Flop (didn't bet)
Seat 3: eT.NightDemon folded on the Turn
Seat 4: McFly_288 (button) collected ($0.41)
Seat 5: PG big blind (small blind) folded before Flop
Seat 6: kvzonx100pre (big blind) folded on the Flop
Seat 7: SpadeKoala folded before Flop (didn't bet)
Seat 8: UIPzavestUEP folded before Flop (didn't bet)
Seat 9: esta4u1988 folded before Flop (didn't bet)



PokerStars Hand #224579143150:  Hold'em No Limit ($0.01/$0.02 USD) - 2021/03/07 17:05:42 PT [2021/03/07 20:05:42 ET]
Table 'Luthera II' 9-max Seat #5 is the button
Seat 1: Dorex2007 ($2.56 in chips) 
Seat 2: shoguinho14 ($1.64 in chips) 
Seat 3: eT.NightDemon ($1.08 in chips) 
Seat 4: McFly_288 ($1.84 in chips) 
Seat 5: PG big blind ($2.05 in chips) 
Seat 6: kvzonx100pre ($3.45 in chips) 
Seat 7: SpadeKoala ($2.24 in chips) 
Seat 8: UIPzavestUEP ($2 in chips) 
Seat 9: esta4u1988 ($1.71 in chips) 
kvzonx100pre: posts small blind $0.01
SpadeKoala: posts big blind $0.02
*** HOLE CARDS ***
Dealt to Dorex2007 [Ad Ac]
UIPzavestUEP: folds 
esta4u1988: folds 
Dorex2007: raises $0.04 to $0.06
shoguinho14: folds 
eT.NightDemon: calls $0.06
McFly_288: calls $0.06
PG big blind: calls $0.06
kvzonx100pre: calls $0.05
SpadeKoala: raises $2.18 to $2.24 and is all-in
Dorex2007: raises $0.32 to $2.56 and is all-in
eT.NightDemon: folds 
McFly_288: folds 
PG big blind: folds 
kvzonx100pre: folds 
Uncalled bet ($0.32) returned to Dorex2007
*** FLOP *** [6s Js Th]
*** TURN *** [6s Js Th] [9s]
*** RIVER *** [6s Js Th 9s] [4s]
*** SHOW DOWN ***
SpadeKoala: shows [Kc Ks] (a flush, King high)
Dorex2007: shows [Ad Ac] (a pair of Aces)
Dorex2007 cashed out the hand for $3.68 | Cash Out Fee $0.04
SpadeKoala cashed out the hand for $0.82 | Cash Out Fee $0.01
*** SUMMARY ***
Total pot $4.72 | Rake $0.17 
Board [6s Js Th 9s 4s]
Seat 1: Dorex2007 showed [Ad Ac] and lost with a pair of Aces (cashed out).
Seat 2: shoguinho14 folded before Flop (didn't bet)
Seat 3: eT.NightDemon folded before Flop
Seat 4: McFly_288 folded before Flop
Seat 5: PG big blind (button) folded before Flop
Seat 6: kvzonx100pre (small blind) folded before Flop
Seat 7: SpadeKoala (big blind) showed [Kc Ks] and won ($4.55) with a flush, King high (pot not awarded as player cashed out)
Seat 8: UIPzavestUEP folded before Flop (didn't bet)
Seat 9: esta4u1988 folded before Flop (didn't bet)



PokerStars Hand #224579169355:  Hold'em No Limit ($0.01/$0.02 USD) - 2021/03/07 17:06:54 PT [2021/03/07 20:06:54 ET]
Table 'Luthera II' 9-max Seat #6 is the button
Seat 1: Dorex2007 ($4 in chips) 
Seat 2: shoguinho14 ($1.64 in chips) 
Seat 3: eT.NightDemon ($1.02 in chips) 
Seat 4: McFly_288 ($1.78 in chips) 
Seat 5: PG big blind ($1.99 in chips) 
Seat 6: kvzonx100pre ($3.39 in chips) 
Seat 7: SpadeKoala ($0.82 in chips) 
Seat 8: UIPzavestUEP ($2 in chips) 
Seat 9: esta4u1988 ($1.71 in chips) 
SpadeKoala: posts small blind $0.01
UIPzavestUEP: posts big blind $0.02
*** HOLE CARDS ***
Dealt to Dorex2007 [Ah Jd]
esta4u1988: folds 
Dorex2007: calls $0.02
shoguinho14: calls $0.02
eT.NightDemon: folds 
McFly_288: folds 
PG big blind: folds 
kvzonx100pre: folds 
SpadeKoala: calls $0.01
UIPzavestUEP: checks 
*** FLOP *** [4h 6h Kd]
SpadeKoala: checks 
UIPzavestUEP: checks 
Dorex2007: checks 
shoguinho14: checks 
*** TURN *** [4h 6h Kd] [Qs]
SpadeKoala: checks 
UIPzavestUEP: checks 
Dorex2007: checks 
shoguinho14: checks 
*** RIVER *** [4h 6h Kd Qs] [Ks]
SpadeKoala: checks 
UIPzavestUEP: checks 
Dorex2007: bets $0.04
shoguinho14: folds 
SpadeKoala: calls $0.04
UIPzavestUEP: folds 
*** SHOW DOWN ***
Dorex2007: shows [Ah Jd] (a pair of Kings)
SpadeKoala: shows [4d 7d] (two pair, Kings and Fours)
SpadeKoala collected $0.15 from pot
*** SUMMARY ***
Total pot $0.16 | Rake $0.01 
Board [4h 6h Kd Qs Ks]
Seat 1: Dorex2007 showed [Ah Jd] and lost with a pair of Kings
Seat 2: shoguinho14 folded on the River
Seat 3: eT.NightDemon folded before Flop (didn't bet)
Seat 4: McFly_288 folded before Flop (didn't bet)
Seat 5: PG big blind folded before Flop (didn't bet)
Seat 6: kvzonx100pre (button) folded before Flop (didn't bet)
Seat 7: SpadeKoala (small blind) showed [4d 7d] and won ($0.15) with two pair, Kings and Fours
Seat 8: UIPzavestUEP (big blind) folded on the River
Seat 9: esta4u1988 folded before Flop (didn't bet)



PokerStars Hand #224579199057:  Hold'em No Limit ($0.01/$0.02 USD) - 2021/03/07 17:08:17 PT [2021/03/07 20:08:17 ET]
Table 'Luthera II' 9-max Seat #7 is the button
Seat 1: Dorex2007 ($3.94 in chips) 
Seat 2: shoguinho14 ($1.62 in chips) 
Seat 3: eT.NightDemon ($1.02 in chips) 
Seat 4: McFly_288 ($1.78 in chips) 
Seat 5: PG big blind ($1.99 in chips) 
Seat 6: kvzonx100pre ($3.39 in chips) 
Seat 7: SpadeKoala ($0.91 in chips) 
Seat 8: UIPzavestUEP ($1.98 in chips) 
Seat 9: esta4u1988 ($1.71 in chips) 
UIPzavestUEP: posts small blind $0.01
esta4u1988: posts big blind $0.02
*** HOLE CARDS ***
Dealt to Dorex2007 [8d Td]
Dorex2007 has timed out
Dorex2007: folds 
shoguinho14: raises $0.04 to $0.06
eT.NightDemon: folds 
McFly_288: folds 
PG big blind: folds 
kvzonx100pre: folds 
SpadeKoala: folds 
UIPzavestUEP: folds 
Dorex2007 said, "LOL K4 wins... Nice hand"
esta4u1988: calls $0.04
*** FLOP *** [5s 5h Ad]
esta4u1988: checks 
shoguinho14: bets $0.07
esta4u1988: calls $0.07
*** TURN *** [5s 5h Ad] [As]
esta4u1988: checks 
shoguinho14: bets $0.10
esta4u1988: calls $0.10
*** RIVER *** [5s 5h Ad As] [7h]
esta4u1988: checks 
shoguinho14: bets $1.39 and is all-in
esta4u1988: folds 
Uncalled bet ($1.39) returned to shoguinho14
shoguinho14 collected $0.45 from pot
shoguinho14: doesn't show hand 
*** SUMMARY ***
Total pot $0.47 | Rake $0.02 
Board [5s 5h Ad As 7h]
Seat 1: Dorex2007 folded before Flop (didn't bet)
Seat 2: shoguinho14 collected ($0.45)
Seat 3: eT.NightDemon folded before Flop (didn't bet)
Seat 4: McFly_288 folded before Flop (didn't bet)
Seat 5: PG big blind folded before Flop (didn't bet)
Seat 6: kvzonx100pre folded before Flop (didn't bet)
Seat 7: SpadeKoala (button) folded before Flop (didn't bet)
Seat 8: UIPzavestUEP (small blind) folded before Flop
Seat 9: esta4u1988 (big blind) folded on the River



PokerStars Hand #224579224118:  Hold'em No Limit ($0.01/$0.02 USD) - 2021/03/07 17:09:27 PT [2021/03/07 20:09:27 ET]
Table 'Luthera II' 9-max Seat #8 is the button
Seat 1: Dorex2007 ($3.94 in chips) 
Seat 2: shoguinho14 ($1.84 in chips) 
Seat 3: eT.NightDemon ($1.02 in chips) 
Seat 4: McFly_288 ($1.78 in chips) 
Seat 5: PG big blind ($1.99 in chips) 
Seat 6: kvzonx100pre ($3.39 in chips) 
Seat 7: SpadeKoala ($0.91 in chips) 
Seat 8: UIPzavestUEP ($1.97 in chips) 
Seat 9: esta4u1988 ($1.48 in chips) 
esta4u1988: posts small blind $0.01
Dorex2007: posts big blind $0.02
*** HOLE CARDS ***
Dealt to Dorex2007 [3s 3d]
shoguinho14: raises $0.04 to $0.06
eT.NightDemon: folds 
McFly_288: folds 
PG big blind: folds 
kvzonx100pre: folds 
SpadeKoala: folds 
UIPzavestUEP: folds 
esta4u1988: folds 
Dorex2007: folds 
Uncalled bet ($0.04) returned to shoguinho14
shoguinho14 collected $0.05 from pot
shoguinho14: doesn't show hand 
*** SUMMARY ***
Total pot $0.05 | Rake $0 
Seat 1: Dorex2007 (big blind) folded before Flop
Seat 2: shoguinho14 collected ($0.05)
Seat 3: eT.NightDemon folded before Flop (didn't bet)
Seat 4: McFly_288 folded before Flop (didn't bet)
Seat 5: PG big blind folded before Flop (didn't bet)
Seat 6: kvzonx100pre folded before Flop (didn't bet)
Seat 7: SpadeKoala folded before Flop (didn't bet)
Seat 8: UIPzavestUEP (button) folded before Flop (didn't bet)
Seat 9: esta4u1988 (small blind) folded before Flop



PokerStars Hand #224579234776:  Hold'em No Limit ($0.01/$0.02 USD) - 2021/03/07 17:09:57 PT [2021/03/07 20:09:57 ET]
Table 'Luthera II' 9-max Seat #9 is the button
Seat 1: Dorex2007 ($3.92 in chips) 
Seat 2: shoguinho14 ($1.87 in chips) 
Seat 3: eT.NightDemon ($1.02 in chips) 
Seat 4: McFly_288 ($1.78 in chips) 
Seat 5: PG big blind ($1.99 in chips) 
Seat 6: kvzonx100pre ($3.39 in chips) 
Seat 7: SpadeKoala ($0.91 in chips) 
Seat 8: UIPzavestUEP ($1.97 in chips) 
Seat 9: esta4u1988 ($1.47 in chips) 
Dorex2007: posts small blind $0.01
shoguinho14: posts big blind $0.02
*** HOLE CARDS ***
Dealt to Dorex2007 [5s 6c]
eT.NightDemon has timed out
eT.NightDemon: folds 
McFly_288: folds 
PG big blind: folds 
kvzonx100pre: folds 
SpadeKoala: raises $0.04 to $0.06
UIPzavestUEP: folds 
esta4u1988: folds 
Dorex2007: folds 
shoguinho14: raises $0.04 to $0.10
SpadeKoala: calls $0.04
*** FLOP *** [4c Td Th]
shoguinho14: bets $0.10
SpadeKoala: calls $0.10
*** TURN *** [4c Td Th] [Qc]
shoguinho14: checks 
SpadeKoala: checks 
*** RIVER *** [4c Td Th Qc] [8c]
shoguinho14: bets $0.20
SpadeKoala: calls $0.20
*** SHOW DOWN ***
shoguinho14: shows [Ac Ad] (two pair, Aces and Tens)
SpadeKoala: mucks hand 
shoguinho14 collected $0.78 from pot
*** SUMMARY ***
Total pot $0.81 | Rake $0.03 
Board [4c Td Th Qc 8c]
Seat 1: Dorex2007 (small blind) folded before Flop
Seat 2: shoguinho14 (big blind) showed [Ac Ad] and won ($0.78) with two pair, Aces and Tens
Seat 3: eT.NightDemon folded before Flop (didn't bet)
Seat 4: McFly_288 folded before Flop (didn't bet)
Seat 5: PG big blind folded before Flop (didn't bet)
Seat 6: kvzonx100pre folded before Flop (didn't bet)
Seat 7: SpadeKoala mucked [Kc Ah]
Seat 8: UIPzavestUEP folded before Flop (didn't bet)
Seat 9: esta4u1988 (button) folded before Flop (didn't bet)



PokerStars Hand #224579263476:  Hold'em No Limit ($0.01/$0.02 USD) - 2021/03/07 17:11:17 PT [2021/03/07 20:11:17 ET]
Table 'Luthera II' 9-max Seat #1 is the button
Seat 1: Dorex2007 ($3.91 in chips) 
Seat 2: shoguinho14 ($2.25 in chips) 
Seat 3: eT.NightDemon ($1.02 in chips) 
Seat 4: McFly_288 ($1.78 in chips) 
Seat 5: PG big blind ($1.99 in chips) 
Seat 6: kvzonx100pre ($3.39 in chips) 
Seat 7: SpadeKoala ($0.51 in chips) 
Seat 8: UIPzavestUEP ($1.97 in chips) 
Seat 9: esta4u1988 ($1.47 in chips) 
shoguinho14: posts small blind $0.01
eT.NightDemon: posts big blind $0.02
*** HOLE CARDS ***
Dealt to Dorex2007 [5h 9d]
McFly_288: raises $1.76 to $1.78 and is all-in
PG big blind: folds 
kvzonx100pre: folds 
SpadeKoala: folds 
UIPzavestUEP: folds 
esta4u1988: folds 
Dorex2007: folds 
shoguinho14: folds 
eT.NightDemon: folds 
Uncalled bet ($1.76) returned to McFly_288
McFly_288 collected $0.05 from pot
McFly_288: doesn't show hand 
*** SUMMARY ***
Total pot $0.05 | Rake $0 
Seat 1: Dorex2007 (button) folded before Flop (didn't bet)
Seat 2: shoguinho14 (small blind) folded before Flop
Seat 3: eT.NightDemon (big blind) folded before Flop
Seat 4: McFly_288 collected ($0.05)
Seat 5: PG big blind folded before Flop (didn't bet)
Seat 6: kvzonx100pre folded before Flop (didn't bet)
Seat 7: SpadeKoala folded before Flop (didn't bet)
Seat 8: UIPzavestUEP folded before Flop (didn't bet)
Seat 9: esta4u1988 folded before Flop (didn't bet)



PokerStars Hand #224579273985:  Hold'em No Limit ($0.01/$0.02 USD) - 2021/03/07 17:11:46 PT [2021/03/07 20:11:46 ET]
Table 'Luthera II' 9-max Seat #2 is the button
Seat 1: Dorex2007 ($3.91 in chips) 
Seat 2: shoguinho14 ($2.24 in chips) 
Seat 3: eT.NightDemon ($1 in chips) 
Seat 4: McFly_288 ($1.81 in chips) 
Seat 5: PG big blind ($1.99 in chips) 
Seat 6: kvzonx100pre ($3.39 in chips) 
Seat 7: SpadeKoala ($0.51 in chips) 
Seat 8: UIPzavestUEP ($1.97 in chips) 
Seat 9: esta4u1988 ($1.47 in chips) 
eT.NightDemon: posts small blind $0.01
McFly_288: posts big blind $0.02
*** HOLE CARDS ***
Dealt to Dorex2007 [4d 4h]
PG big blind: calls $0.02
kvzonx100pre: folds 
SpadeKoala: raises $0.04 to $0.06
UIPzavestUEP: calls $0.06
esta4u1988: folds 
Dorex2007: folds 
shoguinho14: folds 
eT.NightDemon: folds 
McFly_288: folds 
PG big blind: calls $0.04
*** FLOP *** [Td 9d 8d]
PG big blind: bets $0.02
SpadeKoala: raises $0.12 to $0.14
UIPzavestUEP: calls $0.14
PG big blind: folds 
*** TURN *** [Td 9d 8d] [6c]
SpadeKoala: bets $0.31 and is all-in
UIPzavestUEP: calls $0.31
*** RIVER *** [Td 9d 8d 6c] [Ad]
*** SHOW DOWN ***
SpadeKoala: shows [9c 9s] (three of a kind, Nines)
UIPzavestUEP: shows [Ts As] (two pair, Aces and Tens)
SpadeKoala cashed out the hand for $1.04 | Cash Out Fee $0.01
*** SUMMARY ***
Total pot $1.13 | Rake $0.04 
Board [Td 9d 8d 6c Ad]
Seat 1: Dorex2007 folded before Flop (didn't bet)
Seat 2: shoguinho14 (button) folded before Flop (didn't bet)
Seat 3: eT.NightDemon (small blind) folded before Flop
Seat 4: McFly_288 (big blind) folded before Flop
Seat 5: PG big blind folded on the Flop
Seat 6: kvzonx100pre folded before Flop (didn't bet)
Seat 7: SpadeKoala showed [9c 9s] and won ($1.09) with three of a kind, Nines (pot not awarded as player cashed out)
Seat 8: UIPzavestUEP showed [Ts As] and lost with two pair, Aces and Tens
Seat 9: esta4u1988 folded before Flop (didn't bet)



PokerStars Hand #224579296081:  Hold'em No Limit ($0.01/$0.02 USD) - 2021/03/07 17:12:48 PT [2021/03/07 20:12:48 ET]
Table 'Luthera II' 9-max Seat #3 is the button
Seat 1: Dorex2007 ($3.91 in chips) 
Seat 2: shoguinho14 ($2.24 in chips) 
Seat 3: eT.NightDemon ($0.99 in chips) 
Seat 4: McFly_288 ($1.79 in chips) 
Seat 5: PG big blind ($1.91 in chips) 
Seat 6: kvzonx100pre ($3.39 in chips) 
Seat 7: SpadeKoala ($1.04 in chips) 
Seat 8: UIPzavestUEP ($1.46 in chips) 
Seat 9: esta4u1988 ($1.47 in chips) 
McFly_288: posts small blind $0.01
PG big blind: posts big blind $0.02
*** HOLE CARDS ***
Dealt to Dorex2007 [Th Kd]
kvzonx100pre: folds 
SpadeKoala: folds 
UIPzavestUEP: folds 
esta4u1988: raises $0.02 to $0.04
Dorex2007: folds 
shoguinho14: calls $0.04
eT.NightDemon: calls $0.04
McFly_288: calls $0.03
PG big blind: calls $0.02
*** FLOP *** [5s 6d 4h]
McFly_288: checks 
PG big blind: bets $0.02
esta4u1988: calls $0.02
shoguinho14: raises $0.13 to $0.15
eT.NightDemon: calls $0.15
McFly_288: calls $0.15
PG big blind: folds 
esta4u1988: folds 
*** TURN *** [5s 6d 4h] [Qh]
McFly_288: checks 
shoguinho14: checks 
eT.NightDemon: bets $0.50
McFly_288: folds 
shoguinho14: calls $0.50
*** RIVER *** [5s 6d 4h Qh] [Qs]
shoguinho14: checks 
eT.NightDemon: bets $0.30 and is all-in
shoguinho14: calls $0.30
*** SHOW DOWN ***
eT.NightDemon: shows [3c 2c] (a straight, Deuce to Six)
shoguinho14: shows [7c 7h] (two pair, Queens and Sevens)
eT.NightDemon collected $2.21 from pot
*** SUMMARY ***
Total pot $2.29 | Rake $0.08 
Board [5s 6d 4h Qh Qs]
Seat 1: Dorex2007 folded before Flop (didn't bet)
Seat 2: shoguinho14 showed [7c 7h] and lost with two pair, Queens and Sevens
Seat 3: eT.NightDemon (button) showed [3c 2c] and won ($2.21) with a straight, Deuce to Six
Seat 4: McFly_288 (small blind) folded on the Turn
Seat 5: PG big blind (big blind) folded on the Flop
Seat 6: kvzonx100pre folded before Flop (didn't bet)
Seat 7: SpadeKoala folded before Flop (didn't bet)
Seat 8: UIPzavestUEP folded before Flop (didn't bet)
Seat 9: esta4u1988 folded on the Flop



PokerStars Hand #224579343877:  Hold'em No Limit ($0.01/$0.02 USD) - 2021/03/07 17:14:49 PT [2021/03/07 20:14:49 ET]
Table 'Luthera II' 9-max Seat #4 is the button
Seat 1: Dorex2007 ($3.91 in chips) 
Seat 2: shoguinho14 ($1.25 in chips) 
Seat 3: eT.NightDemon ($2.21 in chips) 
Seat 4: McFly_288 ($1.60 in chips) 
Seat 5: PG big blind ($1.85 in chips) 
Seat 6: kvzonx100pre ($3.39 in chips) 
Seat 7: SpadeKoala ($1.04 in chips) 
Seat 8: UIPzavestUEP ($2 in chips) 
Seat 9: esta4u1988 ($1.41 in chips) 
PG big blind: posts small blind $0.01
kvzonx100pre: posts big blind $0.02
*** HOLE CARDS ***
Dealt to Dorex2007 [Td 7d]
SpadeKoala: raises $0.04 to $0.06
UIPzavestUEP: folds 
esta4u1988: calls $0.06
Dorex2007: folds 
shoguinho14: folds 
eT.NightDemon: folds 
McFly_288: folds 
PG big blind: calls $0.05
kvzonx100pre: folds 
*** FLOP *** [5c Qd 2h]
PG big blind: checks 
SpadeKoala: bets $0.10
esta4u1988: calls $0.10
PG big blind: calls $0.10
*** TURN *** [5c Qd 2h] [As]
PG big blind: checks 
SpadeKoala: checks 
esta4u1988: checks 
*** RIVER *** [5c Qd 2h As] [3h]
PG big blind: checks 
SpadeKoala: checks 
esta4u1988: checks 
*** SHOW DOWN ***
PG big blind: shows [5s 8h] (a pair of Fives)
SpadeKoala: mucks hand 
esta4u1988: shows [Ah 9d] (a pair of Aces)
esta4u1988 collected $0.48 from pot
*** SUMMARY ***
Total pot $0.50 | Rake $0.02 
Board [5c Qd 2h As 3h]
Seat 1: Dorex2007 folded before Flop (didn't bet)
Seat 2: shoguinho14 folded before Flop (didn't bet)
Seat 3: eT.NightDemon folded before Flop (didn't bet)
Seat 4: McFly_288 (button) folded before Flop (didn't bet)
Seat 5: PG big blind (small blind) showed [5s 8h] and lost with a pair of Fives
Seat 6: kvzonx100pre (big blind) folded before Flop
Seat 7: SpadeKoala mucked [Jd Kd]
Seat 8: UIPzavestUEP folded before Flop (didn't bet)
Seat 9: esta4u1988 showed [Ah 9d] and won ($0.48) with a pair of Aces



PokerStars Hand #224579363254:  Hold'em No Limit ($0.01/$0.02 USD) - 2021/03/07 17:15:44 PT [2021/03/07 20:15:44 ET]
Table 'Luthera II' 9-max Seat #5 is the button
Seat 1: Dorex2007 ($3.91 in chips) 
Seat 2: shoguinho14 ($1.25 in chips) 
Seat 3: eT.NightDemon ($2.21 in chips) 
Seat 4: McFly_288 ($1.60 in chips) 
Seat 5: PG big blind ($1.69 in chips) 
Seat 6: kvzonx100pre ($3.37 in chips) 
Seat 7: SpadeKoala ($0.88 in chips) 
Seat 8: UIPzavestUEP ($2 in chips) 
Seat 9: esta4u1988 ($1.73 in chips) 
kvzonx100pre: posts small blind $0.01
SpadeKoala: posts big blind $0.02
*** HOLE CARDS ***
Dealt to Dorex2007 [6c 3s]
UIPzavestUEP: folds 
esta4u1988: folds 
Dorex2007: folds 
shoguinho14: folds 
eT.NightDemon: raises $0.02 to $0.04
McFly_288: folds 
PG big blind: raises $0.02 to $0.06
kvzonx100pre: folds 
SpadeKoala: folds 
eT.NightDemon: calls $0.02
*** FLOP *** [5s 8s 7s]
eT.NightDemon: checks 
PG big blind: bets $0.02
eT.NightDemon: folds 
Uncalled bet ($0.02) returned to PG big blind
PG big blind collected $0.14 from pot
PG big blind: doesn't show hand 
*** SUMMARY ***
Total pot $0.15 | Rake $0.01 
Board [5s 8s 7s]
Seat 1: Dorex2007 folded before Flop (didn't bet)
Seat 2: shoguinho14 folded before Flop (didn't bet)
Seat 3: eT.NightDemon folded on the Flop
Seat 4: McFly_288 folded before Flop (didn't bet)
Seat 5: PG big blind (button) collected ($0.14)
Seat 6: kvzonx100pre (small blind) folded before Flop
Seat 7: SpadeKoala (big blind) folded before Flop
Seat 8: UIPzavestUEP folded before Flop (didn't bet)
Seat 9: esta4u1988 folded before Flop (didn't bet)



PokerStars Hand #224579373987:  Hold'em No Limit ($0.01/$0.02 USD) - 2021/03/07 17:16:14 PT [2021/03/07 20:16:14 ET]
Table 'Luthera II' 9-max Seat #6 is the button
Seat 1: Dorex2007 ($3.91 in chips) 
Seat 2: shoguinho14 ($1.25 in chips) 
Seat 3: eT.NightDemon ($2.15 in chips) 
Seat 4: McFly_288 ($1.60 in chips) 
Seat 5: PG big blind ($1.77 in chips) 
Seat 6: kvzonx100pre ($3.36 in chips) 
Seat 7: SpadeKoala ($0.86 in chips) 
Seat 8: UIPzavestUEP ($2 in chips) 
Seat 9: esta4u1988 ($1.73 in chips) 
SpadeKoala: posts small blind $0.01
UIPzavestUEP: posts big blind $0.02
*** HOLE CARDS ***
Dealt to Dorex2007 [Ad 5h]
esta4u1988: calls $0.02
Dorex2007: folds 
shoguinho14: folds 
eT.NightDemon: folds 
McFly_288: raises $0.04 to $0.06
PG big blind: calls $0.06
kvzonx100pre: calls $0.06
SpadeKoala: folds 
UIPzavestUEP: folds 
esta4u1988: calls $0.04
*** FLOP *** [2c 6c 7d]
esta4u1988: checks 
McFly_288: checks 
PG big blind: bets $0.02
kvzonx100pre: calls $0.02
esta4u1988: folds 
McFly_288: calls $0.02
*** TURN *** [2c 6c 7d] [2h]
McFly_288: checks 
PG big blind: bets $0.02
kvzonx100pre: calls $0.02
McFly_288: calls $0.02
*** RIVER *** [2c 6c 7d 2h] [Js]
McFly_288: bets $0.19
PG big blind: folds 
kvzonx100pre: calls $0.19
*** SHOW DOWN ***
McFly_288: shows [Th 8h] (a pair of Deuces)
kvzonx100pre: shows [Jh Ac] (two pair, Jacks and Deuces)
kvzonx100pre collected $0.74 from pot
*** SUMMARY ***
Total pot $0.77 | Rake $0.03 
Board [2c 6c 7d 2h Js]
Seat 1: Dorex2007 folded before Flop (didn't bet)
Seat 2: shoguinho14 folded before Flop (didn't bet)
Seat 3: eT.NightDemon folded before Flop (didn't bet)
Seat 4: McFly_288 showed [Th 8h] and lost with a pair of Deuces
Seat 5: PG big blind folded on the River
Seat 6: kvzonx100pre (button) showed [Jh Ac] and won ($0.74) with two pair, Jacks and Deuces
Seat 7: SpadeKoala (small blind) folded before Flop
Seat 8: UIPzavestUEP (big blind) folded before Flop
Seat 9: esta4u1988 folded on the Flop



PokerStars Hand #224579413601:  Hold'em No Limit ($0.01/$0.02 USD) - 2021/03/07 17:17:46 PT [2021/03/07 20:17:46 ET]
Table 'Luthera II' 9-max Seat #7 is the button
Seat 1: Dorex2007 ($3.91 in chips) 
Seat 2: shoguinho14 ($1.25 in chips) 
Seat 3: eT.NightDemon ($2.15 in chips) 
Seat 4: McFly_288 ($1.31 in chips) 
Seat 5: PG big blind ($1.67 in chips) 
Seat 6: kvzonx100pre ($3.81 in chips) 
Seat 7: SpadeKoala ($0.85 in chips) 
Seat 8: UIPzavestUEP ($1.98 in chips) 
Seat 9: esta4u1988 ($1.67 in chips) 
UIPzavestUEP: posts small blind $0.01
esta4u1988: posts big blind $0.02
*** HOLE CARDS ***
Dealt to Dorex2007 [Kh 8s]
Dorex2007: folds 
shoguinho14: folds 
eT.NightDemon: folds 
McFly_288: raises $0.04 to $0.06
PG big blind: calls $0.06
kvzonx100pre: folds 
SpadeKoala: calls $0.06
UIPzavestUEP: calls $0.05
esta4u1988: calls $0.04
*** FLOP *** [6c Qh 4c]
UIPzavestUEP: checks 
esta4u1988: checks 
McFly_288: checks 
PG big blind: bets $0.29
SpadeKoala: folds 
UIPzavestUEP: calls $0.29
esta4u1988: folds 
McFly_288: folds 
*** TURN *** [6c Qh 4c] [3d]
UIPzavestUEP: checks 
PG big blind: bets $0.85
UIPzavestUEP: raises $0.78 to $1.63 and is all-in
PG big blind: calls $0.47 and is all-in
Uncalled bet ($0.31) returned to UIPzavestUEP
*** RIVER *** [6c Qh 4c 3d] [9d]
*** SHOW DOWN ***
UIPzavestUEP: shows [4s 4d] (three of a kind, Fours)
PG big blind: shows [Qc 8d] (a pair of Queens)
UIPzavestUEP collected $3.40 from pot
*** SUMMARY ***
Total pot $3.52 | Rake $0.12 
Board [6c Qh 4c 3d 9d]
Seat 1: Dorex2007 folded before Flop (didn't bet)
Seat 2: shoguinho14 folded before Flop (didn't bet)
Seat 3: eT.NightDemon folded before Flop (didn't bet)
Seat 4: McFly_288 folded on the Flop
Seat 5: PG big blind showed [Qc 8d] and lost with a pair of Queens
Seat 6: kvzonx100pre folded before Flop (didn't bet)
Seat 7: SpadeKoala (button) folded on the Flop
Seat 8: UIPzavestUEP (small blind) showed [4s 4d] and won ($3.40) with three of a kind, Fours
Seat 9: esta4u1988 (big blind) folded on the Flop



PokerStars Hand #224579436796:  Hold'em No Limit ($0.01/$0.02 USD) - 2021/03/07 17:18:52 PT [2021/03/07 20:18:52 ET]
Table 'Luthera II' 9-max Seat #8 is the button
Seat 1: Dorex2007 ($3.91 in chips) 
Seat 2: shoguinho14 ($1.25 in chips) 
Seat 3: eT.NightDemon ($2.15 in chips) 
Seat 4: McFly_288 ($1.25 in chips) 
Seat 6: kvzonx100pre ($3.81 in chips) 
Seat 7: SpadeKoala ($0.79 in chips) 
Seat 8: UIPzavestUEP ($3.71 in chips) 
Seat 9: esta4u1988 ($1.61 in chips) 
esta4u1988: posts small blind $0.01
Dorex2007: posts big blind $0.02
*** HOLE CARDS ***
Dealt to Dorex2007 [9c 5d]
shoguinho14: folds 
eT.NightDemon: folds 
McFly_288: calls $0.02
kvzonx100pre: calls $0.02
SpadeKoala: folds 
UIPzavestUEP: folds 
esta4u1988: calls $0.01
Dorex2007: checks 
*** FLOP *** [6s Ad 7d]
esta4u1988: checks 
Dorex2007: checks 
McFly_288: bets $0.06
kvzonx100pre: folds 
esta4u1988: calls $0.06
Dorex2007: folds 
*** TURN *** [6s Ad 7d] [Th]
esta4u1988: checks 
McFly_288: checks 
*** RIVER *** [6s Ad 7d Th] [Jc]
esta4u1988: checks 
McFly_288: checks 
*** SHOW DOWN ***
esta4u1988: shows [9d Ah] (a pair of Aces)
McFly_288: mucks hand 
esta4u1988 collected $0.19 from pot
*** SUMMARY ***
Total pot $0.20 | Rake $0.01 
Board [6s Ad 7d Th Jc]
Seat 1: Dorex2007 (big blind) folded on the Flop
Seat 2: shoguinho14 folded before Flop (didn't bet)
Seat 3: eT.NightDemon folded before Flop (didn't bet)
Seat 4: McFly_288 mucked [7s 8c]
Seat 6: kvzonx100pre folded on the Flop
Seat 7: SpadeKoala folded before Flop (didn't bet)
Seat 8: UIPzavestUEP (button) folded before Flop (didn't bet)
Seat 9: esta4u1988 (small blind) showed [9d Ah] and won ($0.19) with a pair of Aces



PokerStars Hand #224579475244:  Hold'em No Limit ($0.01/$0.02 USD) - 2021/03/07 17:20:26 PT [2021/03/07 20:20:26 ET]
Table 'Luthera II' 9-max Seat #9 is the button
Seat 1: Dorex2007 ($3.89 in chips) 
Seat 2: shoguinho14 ($1.25 in chips) 
Seat 3: eT.NightDemon ($2.15 in chips) 
Seat 4: McFly_288 ($1.17 in chips) 
Seat 5: PG big blind ($1.11 in chips) 
Seat 6: kvzonx100pre ($3.79 in chips) 
Seat 7: SpadeKoala ($0.79 in chips) 
Seat 8: UIPzavestUEP ($3.71 in chips) 
Seat 9: esta4u1988 ($1.72 in chips) 
Dorex2007: posts small blind $0.01
shoguinho14: posts big blind $0.02
*** HOLE CARDS ***
Dealt to Dorex2007 [6c Jh]
eT.NightDemon: folds 
McFly_288: raises $0.06 to $0.08
PG big blind: raises $0.06 to $0.14
kvzonx100pre: folds 
SpadeKoala: folds 
UIPzavestUEP: folds 
esta4u1988: folds 
Dorex2007: folds 
shoguinho14: folds 
McFly_288: raises $1.03 to $1.17 and is all-in
PG big blind: calls $0.97 and is all-in
Uncalled bet ($0.06) returned to McFly_288
*** FLOP *** [2h 3h As]
*** TURN *** [2h 3h As] [Ts]
*** RIVER *** [2h 3h As Ts] [3s]
*** SHOW DOWN ***
McFly_288: shows [Ad Ah] (a full house, Aces full of Threes)
PG big blind: shows [Tc Jc] (two pair, Tens and Threes)
McFly_288 collected $2.17 from pot
PG big blind cashed out the hand for $0.47
*** SUMMARY ***
Total pot $2.25 | Rake $0.08 
Board [2h 3h As Ts 3s]
Seat 1: Dorex2007 (small blind) folded before Flop
Seat 2: shoguinho14 (big blind) folded before Flop
Seat 3: eT.NightDemon folded before Flop (didn't bet)
Seat 4: McFly_288 showed [Ad Ah] and won ($2.17) with a full house, Aces full of Threes
Seat 5: PG big blind showed [Tc Jc] and lost with two pair, Tens and Threes (cashed out).
Seat 6: kvzonx100pre folded before Flop (didn't bet)
Seat 7: SpadeKoala folded before Flop (didn't bet)
Seat 8: UIPzavestUEP folded before Flop (didn't bet)
Seat 9: esta4u1988 (button) folded before Flop (didn't bet)



PokerStars Hand #224579492516:  Hold'em No Limit ($0.01/$0.02 USD) - 2021/03/07 17:21:16 PT [2021/03/07 20:21:16 ET]
Table 'Luthera II' 9-max Seat #1 is the button
Seat 1: Dorex2007 ($3.88 in chips) 
Seat 2: shoguinho14 ($1.23 in chips) 
Seat 3: eT.NightDemon ($2.15 in chips) 
Seat 4: McFly_288 ($2.23 in chips) 
Seat 5: PG big blind ($0.47 in chips) 
Seat 6: kvzonx100pre ($3.79 in chips) 
Seat 7: SpadeKoala ($0.79 in chips) 
Seat 8: UIPzavestUEP ($3.71 in chips) 
Seat 9: esta4u1988 ($1.72 in chips) 
shoguinho14: posts small blind $0.01
eT.NightDemon: posts big blind $0.02
*** HOLE CARDS ***
Dealt to Dorex2007 [Qh Jd]
McFly_288: calls $0.02
PG big blind: calls $0.02
kvzonx100pre: folds 
SpadeKoala: folds 
UIPzavestUEP: folds 
esta4u1988: calls $0.02
Dorex2007: calls $0.02
shoguinho14: calls $0.01
eT.NightDemon: checks 
*** FLOP *** [6h 2s Jc]
shoguinho14: checks 
eT.NightDemon: checks 
McFly_288: checks 
PG big blind: checks 
esta4u1988: bets $0.05
Dorex2007: calls $0.05
shoguinho14: folds 
eT.NightDemon: folds 
McFly_288: folds 
PG big blind: folds 
*** TURN *** [6h 2s Jc] [7h]
esta4u1988: bets $0.09
Dorex2007: calls $0.09
*** RIVER *** [6h 2s Jc 7h] [8h]
esta4u1988: checks 
Dorex2007: checks 
*** SHOW DOWN ***
esta4u1988: shows [Qs Js] (a pair of Jacks)
Dorex2007: shows [Qh Jd] (a pair of Jacks)
esta4u1988 collected $0.20 from pot
Dorex2007 collected $0.19 from pot
*** SUMMARY ***
Total pot $0.40 | Rake $0.01 
Board [6h 2s Jc 7h 8h]
Seat 1: Dorex2007 (button) showed [Qh Jd] and won ($0.19) with a pair of Jacks
Seat 2: shoguinho14 (small blind) folded on the Flop
Seat 3: eT.NightDemon (big blind) folded on the Flop
Seat 4: McFly_288 folded on the Flop
Seat 5: PG big blind folded on the Flop
Seat 6: kvzonx100pre folded before Flop (didn't bet)
Seat 7: SpadeKoala folded before Flop (didn't bet)
Seat 8: UIPzavestUEP folded before Flop (didn't bet)
Seat 9: esta4u1988 showed [Qs Js] and won ($0.20) with a pair of Jacks



PokerStars Hand #224579530013:  Hold'em No Limit ($0.01/$0.02 USD) - 2021/03/07 17:23:04 PT [2021/03/07 20:23:04 ET]
Table 'Luthera II' 9-max Seat #2 is the button
Seat 1: Dorex2007 ($3.91 in chips) 
Seat 2: shoguinho14 ($1.21 in chips) 
Seat 3: eT.NightDemon ($2.13 in chips) 
Seat 4: McFly_288 ($2.21 in chips) 
Seat 5: PG big blind ($0.45 in chips) 
Seat 6: kvzonx100pre ($3.79 in chips) 
Seat 7: SpadeKoala ($0.79 in chips) 
Seat 8: UIPzavestUEP ($3.71 in chips) 
Seat 9: esta4u1988 ($1.76 in chips) 
eT.NightDemon: posts small blind $0.01
McFly_288: posts big blind $0.02
*** HOLE CARDS ***
Dealt to Dorex2007 [Kh 5c]
PG big blind: raises $0.43 to $0.45 and is all-in
kvzonx100pre: folds 
SpadeKoala: folds 
UIPzavestUEP: folds 
esta4u1988: folds 
Dorex2007: folds 
shoguinho14: folds 
eT.NightDemon: folds 
McFly_288: folds 
Uncalled bet ($0.43) returned to PG big blind
PG big blind collected $0.05 from pot
PG big blind: doesn't show hand 
*** SUMMARY ***
Total pot $0.05 | Rake $0 
Seat 1: Dorex2007 folded before Flop (didn't bet)
Seat 2: shoguinho14 (button) folded before Flop (didn't bet)
Seat 3: eT.NightDemon (small blind) folded before Flop
Seat 4: McFly_288 (big blind) folded before Flop
Seat 5: PG big blind collected ($0.05)
Seat 6: kvzonx100pre folded before Flop (didn't bet)
Seat 7: SpadeKoala folded before Flop (didn't bet)
Seat 8: UIPzavestUEP folded before Flop (didn't bet)
Seat 9: esta4u1988 folded before Flop (didn't bet)



