PokerStars Hand #232528029216:  Hold'em No Limit ($0.01/$0.02 USD) - 2021/12/25 22:20:37 PT [2021/12/26 1:20:37 ET]
Table 'Irma III' 9-max Seat #8 is the button
Seat 1: Dorex2007 ($2 in chips) 
Seat 2: factis71 ($4.82 in chips) 
Seat 3: ALWIN72OFF.87SU ($2.87 in chips) 
Seat 4: Minakhat ($0.80 in chips) 
Seat 6: Litgame ($2.23 in chips) 
Seat 7: KenyiAl ($8.21 in chips) 
Seat 8: DBLBLYBSTR ($1.03 in chips) 
Seat 9: xKen1x ($0.66 in chips) 
xKen1x: posts small blind $0.01
Dorex2007: posts big blind $0.02
Any Nox: sits out 
*** HOLE CARDS ***
Dealt to Dorex2007 [4s Td]
factis71: folds 
ALWIN72OFF.87SU: folds 
Minakhat: folds 
Litgame: raises $0.02 to $0.04
KenyiAl: calls $0.04
DBLBLYBSTR: folds 
xKen1x: folds 
Dorex2007: folds 
*** FLOP *** [2s 3d Ad]
Litgame: bets $0.05
KenyiAl: folds 
Uncalled bet ($0.05) returned to Litgame
Litgame collected $0.11 from pot
Litgame: doesn't show hand 
*** SUMMARY ***
Total pot $0.11 | Rake $0 
Board [2s 3d Ad]
Seat 1: Dorex2007 (big blind) folded before Flop
Seat 2: factis71 folded before Flop (didn't bet)
Seat 3: ALWIN72OFF.87SU folded before Flop (didn't bet)
Seat 4: Minakhat folded before Flop (didn't bet)
Seat 6: Litgame collected ($0.11)
Seat 7: KenyiAl folded on the Flop
Seat 8: DBLBLYBSTR (button) folded before Flop (didn't bet)
Seat 9: xKen1x (small blind) folded before Flop



PokerStars Hand #232528034374:  Hold'em No Limit ($0.01/$0.02 USD) - 2021/12/25 22:21:14 PT [2021/12/26 1:21:14 ET]
Table 'Irma III' 9-max Seat #9 is the button
Seat 1: Dorex2007 ($2 in chips) 
Seat 2: factis71 ($4.82 in chips) 
Seat 3: ALWIN72OFF.87SU ($2.87 in chips) 
Seat 4: Minakhat ($0.80 in chips) 
Seat 6: Litgame ($2.30 in chips) 
Seat 7: KenyiAl ($8.17 in chips) 
Seat 8: DBLBLYBSTR ($1.03 in chips) 
Seat 9: xKen1x ($0.65 in chips) 
Dorex2007: posts small blind $0.01
factis71: posts big blind $0.02
Any Nox: sits out 
*** HOLE CARDS ***
Dealt to Dorex2007 [8h 5c]
ALWIN72OFF.87SU: folds 
Minakhat: folds 
Litgame: calls $0.02
KenyiAl: calls $0.02
DBLBLYBSTR: folds 
xKen1x: folds 
Dorex2007: folds 
factis71: checks 
*** FLOP *** [2h Qs 6h]
factis71: checks 
Litgame: checks 
KenyiAl: checks 
*** TURN *** [2h Qs 6h] [6d]
factis71: checks 
Litgame: checks 
KenyiAl: checks 
*** RIVER *** [2h Qs 6h 6d] [9c]
factis71: checks 
Litgame: checks 
KenyiAl: checks 
*** SHOW DOWN ***
factis71: shows [Jd 9h] (two pair, Nines and Sixes)
Litgame: mucks hand 
KenyiAl: mucks hand 
factis71 collected $0.07 from pot
*** SUMMARY ***
Total pot $0.07 | Rake $0 
Board [2h Qs 6h 6d 9c]
Seat 1: Dorex2007 (small blind) folded before Flop
Seat 2: factis71 (big blind) showed [Jd 9h] and won ($0.07) with two pair, Nines and Sixes
Seat 3: ALWIN72OFF.87SU folded before Flop (didn't bet)
Seat 4: Minakhat folded before Flop (didn't bet)
Seat 6: Litgame mucked [Th Jh]
Seat 7: KenyiAl mucked [4d Ac]
Seat 8: DBLBLYBSTR folded before Flop (didn't bet)
Seat 9: xKen1x (button) folded before Flop (didn't bet)



PokerStars Hand #232528039175:  Hold'em No Limit ($0.01/$0.02 USD) - 2021/12/25 22:21:47 PT [2021/12/26 1:21:47 ET]
Table 'Irma III' 9-max Seat #1 is the button
Seat 1: Dorex2007 ($2 in chips) 
Seat 2: factis71 ($4.87 in chips) 
Seat 3: ALWIN72OFF.87SU ($2.87 in chips) 
Seat 4: Minakhat ($0.80 in chips) 
Seat 6: Litgame ($2.28 in chips) 
Seat 7: KenyiAl ($8.15 in chips) 
Seat 8: DBLBLYBSTR ($1.03 in chips) 
Seat 9: xKen1x ($0.65 in chips) 
factis71: posts small blind $0.01
ALWIN72OFF.87SU: posts big blind $0.02
Any Nox: sits out 
*** HOLE CARDS ***
Dealt to Dorex2007 [3c 6h]
Minakhat: folds 
Litgame: folds 
KenyiAl: folds 
DBLBLYBSTR: folds 
xKen1x: folds 
KenyiAl leaves the table
Dorex2007 has timed out
Dorex2007: folds 
factis71: raises $0.04 to $0.06
ALWIN72OFF.87SU: folds 
Uncalled bet ($0.04) returned to factis71
factis71 collected $0.04 from pot
factis71: doesn't show hand 
*** SUMMARY ***
Total pot $0.04 | Rake $0 
Seat 1: Dorex2007 (button) folded before Flop (didn't bet)
Seat 2: factis71 (small blind) collected ($0.04)
Seat 3: ALWIN72OFF.87SU (big blind) folded before Flop
Seat 4: Minakhat folded before Flop (didn't bet)
Seat 6: Litgame folded before Flop (didn't bet)
Seat 7: KenyiAl folded before Flop (didn't bet)
Seat 8: DBLBLYBSTR folded before Flop (didn't bet)
Seat 9: xKen1x folded before Flop (didn't bet)



PokerStars Hand #232528048584:  Hold'em No Limit ($0.01/$0.02 USD) - 2021/12/25 22:22:53 PT [2021/12/26 1:22:53 ET]
Table 'Irma III' 9-max Seat #4 is the button
Seat 1: Dorex2007 ($2 in chips) 
Seat 2: factis71 ($4.92 in chips) 
Seat 3: ALWIN72OFF.87SU ($2.84 in chips) 
Seat 4: Minakhat ($0.80 in chips) 
Seat 5: Any Nox ($2 in chips) 
Seat 6: Litgame ($2.26 in chips) 
Seat 8: DBLBLYBSTR ($1.08 in chips) 
Seat 9: xKen1x ($0.65 in chips) 
Any Nox: posts small blind $0.01
Litgame: posts big blind $0.02
*** HOLE CARDS ***
Dealt to Dorex2007 [4s 4h]
DBLBLYBSTR: raises $0.05 to $0.07
xKen1x: folds 
Dorex2007: folds 
factis71: folds 
ALWIN72OFF.87SU: folds 
Minakhat: folds 
Any Nox: folds 
Litgame: folds 
Uncalled bet ($0.05) returned to DBLBLYBSTR
DBLBLYBSTR collected $0.05 from pot
DBLBLYBSTR: doesn't show hand 
*** SUMMARY ***
Total pot $0.05 | Rake $0 
Seat 1: Dorex2007 folded before Flop (didn't bet)
Seat 2: factis71 folded before Flop (didn't bet)
Seat 3: ALWIN72OFF.87SU folded before Flop (didn't bet)
Seat 4: Minakhat (button) folded before Flop (didn't bet)
Seat 5: Any Nox (small blind) folded before Flop
Seat 6: Litgame (big blind) folded before Flop
Seat 8: DBLBLYBSTR collected ($0.05)
Seat 9: xKen1x folded before Flop (didn't bet)



PokerStars Hand #232528051595:  Hold'em No Limit ($0.01/$0.02 USD) - 2021/12/25 22:23:14 PT [2021/12/26 1:23:14 ET]
Table 'Irma III' 9-max Seat #5 is the button
Seat 1: Dorex2007 ($2 in chips) 
Seat 2: factis71 ($4.92 in chips) 
Seat 3: ALWIN72OFF.87SU ($2.84 in chips) 
Seat 4: Minakhat ($0.80 in chips) 
Seat 5: Any Nox ($2 in chips) 
Seat 6: Litgame ($2.24 in chips) 
Seat 8: DBLBLYBSTR ($1.11 in chips) 
Seat 9: xKen1x ($0.65 in chips) 
Litgame: posts small blind $0.01
DBLBLYBSTR: posts big blind $0.02
*** HOLE CARDS ***
Dealt to Dorex2007 [2s 2c]
xKen1x: folds 
Dorex2007: folds 
factis71: folds 
ALWIN72OFF.87SU: raises $0.02 to $0.04
Minakhat: folds 
Any Nox: raises $0.11 to $0.15
Litgame: folds 
DBLBLYBSTR: folds 
ALWIN72OFF.87SU: folds 
Uncalled bet ($0.11) returned to Any Nox
Any Nox collected $0.11 from pot
Any Nox: doesn't show hand 
*** SUMMARY ***
Total pot $0.11 | Rake $0 
Seat 1: Dorex2007 folded before Flop (didn't bet)
Seat 2: factis71 folded before Flop (didn't bet)
Seat 3: ALWIN72OFF.87SU folded before Flop
Seat 4: Minakhat folded before Flop (didn't bet)
Seat 5: Any Nox (button) collected ($0.11)
Seat 6: Litgame (small blind) folded before Flop
Seat 8: DBLBLYBSTR (big blind) folded before Flop
Seat 9: xKen1x folded before Flop (didn't bet)



PokerStars Hand #232528054959:  Hold'em No Limit ($0.01/$0.02 USD) - 2021/12/25 22:23:37 PT [2021/12/26 1:23:37 ET]
Table 'Irma III' 9-max Seat #6 is the button
Seat 1: Dorex2007 ($2 in chips) 
Seat 2: factis71 ($4.92 in chips) 
Seat 3: ALWIN72OFF.87SU ($2.80 in chips) 
Seat 4: Minakhat ($0.80 in chips) 
Seat 5: Any Nox ($2.07 in chips) 
Seat 6: Litgame ($2.23 in chips) 
Seat 8: DBLBLYBSTR ($1.09 in chips) 
Seat 9: xKen1x ($0.65 in chips) 
DBLBLYBSTR: posts small blind $0.01
xKen1x: posts big blind $0.02
*** HOLE CARDS ***
Dealt to Dorex2007 [7s 2d]
Dorex2007: folds 
factis71 is disconnected 
factis71 has timed out while being disconnected
factis71: folds 
ALWIN72OFF.87SU: folds 
Minakhat: folds 
Any Nox: folds 
Litgame: raises $0.02 to $0.04
DBLBLYBSTR: raises $1.05 to $1.09 and is all-in
xKen1x: calls $0.63 and is all-in
Litgame: folds 
Uncalled bet ($0.44) returned to DBLBLYBSTR
*** FLOP *** [3s 6c 5d]
*** TURN *** [3s 6c 5d] [Kc]
*** RIVER *** [3s 6c 5d Kc] [Ad]
*** SHOW DOWN ***
DBLBLYBSTR: shows [8h 8s] (a pair of Eights)
xKen1x: shows [Kd Tc] (a pair of Kings)
xKen1x collected $1.29 from pot
*** SUMMARY ***
Total pot $1.34 | Rake $0.05 
Board [3s 6c 5d Kc Ad]
Seat 1: Dorex2007 folded before Flop (didn't bet)
Seat 2: factis71 folded before Flop (didn't bet)
Seat 3: ALWIN72OFF.87SU folded before Flop (didn't bet)
Seat 4: Minakhat folded before Flop (didn't bet)
Seat 5: Any Nox folded before Flop (didn't bet)
Seat 6: Litgame (button) folded before Flop
Seat 8: DBLBLYBSTR (small blind) showed [8h 8s] and lost with a pair of Eights
Seat 9: xKen1x (big blind) showed [Kd Tc] and won ($1.29) with a pair of Kings



PokerStars Hand #232528063398:  Hold'em No Limit ($0.01/$0.02 USD) - 2021/12/25 22:24:36 PT [2021/12/26 1:24:36 ET]
Table 'Irma III' 9-max Seat #8 is the button
Seat 1: Dorex2007 ($2 in chips) 
Seat 2: factis71 ($4.92 in chips) 
Seat 3: ALWIN72OFF.87SU ($2.80 in chips) 
Seat 4: Minakhat ($0.80 in chips) 
Seat 5: Any Nox ($2.07 in chips) 
Seat 6: Litgame ($2.19 in chips) 
Seat 8: DBLBLYBSTR ($0.44 in chips) 
Seat 9: xKen1x ($1.29 in chips) 
xKen1x: posts small blind $0.01
Dorex2007: posts big blind $0.02
*** HOLE CARDS ***
Dealt to Dorex2007 [Jc Js]
factis71: folds 
ALWIN72OFF.87SU: folds 
Minakhat: folds 
Any Nox: folds 
Litgame: folds 
DBLBLYBSTR: raises $0.42 to $0.44 and is all-in
xKen1x: folds 
Dorex2007: folds 
Uncalled bet ($0.42) returned to DBLBLYBSTR
DBLBLYBSTR collected $0.05 from pot
DBLBLYBSTR: doesn't show hand 
*** SUMMARY ***
Total pot $0.05 | Rake $0 
Seat 1: Dorex2007 (big blind) folded before Flop
Seat 2: factis71 folded before Flop (didn't bet)
Seat 3: ALWIN72OFF.87SU folded before Flop (didn't bet)
Seat 4: Minakhat folded before Flop (didn't bet)
Seat 5: Any Nox folded before Flop (didn't bet)
Seat 6: Litgame folded before Flop (didn't bet)
Seat 8: DBLBLYBSTR (button) collected ($0.05)
Seat 9: xKen1x (small blind) folded before Flop



PokerStars Hand #232528067440:  Hold'em No Limit ($0.01/$0.02 USD) - 2021/12/25 22:25:05 PT [2021/12/26 1:25:05 ET]
Table 'Irma III' 9-max Seat #9 is the button
Seat 1: Dorex2007 ($2 in chips) 
Seat 2: factis71 ($4.92 in chips) 
Seat 3: ALWIN72OFF.87SU ($2.80 in chips) 
Seat 4: Minakhat ($0.80 in chips) 
Seat 5: Any Nox ($2.07 in chips) 
Seat 6: Litgame ($2.19 in chips) 
Seat 8: DBLBLYBSTR ($0.47 in chips) 
Seat 9: xKen1x ($1.28 in chips) 
Dorex2007: posts small blind $0.01
factis71: posts big blind $0.02
*** HOLE CARDS ***
Dealt to Dorex2007 [Ad 5h]
ALWIN72OFF.87SU: folds 
Minakhat: folds 
Any Nox: folds 
Litgame: folds 
DBLBLYBSTR: folds 
xKen1x: folds 
Dorex2007: folds 
Uncalled bet ($0.01) returned to factis71
factis71 collected $0.02 from pot
factis71: doesn't show hand 
*** SUMMARY ***
Total pot $0.02 | Rake $0 
Seat 1: Dorex2007 (small blind) folded before Flop
Seat 2: factis71 (big blind) collected ($0.02)
Seat 3: ALWIN72OFF.87SU folded before Flop (didn't bet)
Seat 4: Minakhat folded before Flop (didn't bet)
Seat 5: Any Nox folded before Flop (didn't bet)
Seat 6: Litgame folded before Flop (didn't bet)
Seat 8: DBLBLYBSTR folded before Flop (didn't bet)
Seat 9: xKen1x (button) folded before Flop (didn't bet)



PokerStars Hand #232528069612:  Hold'em No Limit ($0.01/$0.02 USD) - 2021/12/25 22:25:21 PT [2021/12/26 1:25:21 ET]
Table 'Irma III' 9-max Seat #1 is the button
Seat 1: Dorex2007 ($2 in chips) 
Seat 2: factis71 ($4.93 in chips) 
Seat 3: ALWIN72OFF.87SU ($2.80 in chips) 
Seat 4: Minakhat ($0.80 in chips) 
Seat 5: Any Nox ($2.07 in chips) 
Seat 6: Litgame ($2.19 in chips) 
Seat 8: DBLBLYBSTR ($0.47 in chips) 
Seat 9: xKen1x ($1.28 in chips) 
factis71: posts small blind $0.01
ALWIN72OFF.87SU: posts big blind $0.02
*** HOLE CARDS ***
Dealt to Dorex2007 [As Qd]
Minakhat: folds 
Any Nox: raises $0.04 to $0.06
Litgame: folds 
DBLBLYBSTR: folds 
xKen1x: folds 
Dorex2007: folds 
factis71: raises $0.12 to $0.18
CA Sanchez joins the table at seat #7 
ALWIN72OFF.87SU: folds 
Any Nox: folds 
Uncalled bet ($0.12) returned to factis71
factis71 collected $0.14 from pot
factis71: doesn't show hand 
*** SUMMARY ***
Total pot $0.14 | Rake $0 
Seat 1: Dorex2007 (button) folded before Flop (didn't bet)
Seat 2: factis71 (small blind) collected ($0.14)
Seat 3: ALWIN72OFF.87SU (big blind) folded before Flop
Seat 4: Minakhat folded before Flop (didn't bet)
Seat 5: Any Nox folded before Flop
Seat 6: Litgame folded before Flop (didn't bet)
Seat 8: DBLBLYBSTR folded before Flop (didn't bet)
Seat 9: xKen1x folded before Flop (didn't bet)



PokerStars Hand #232528072981:  Hold'em No Limit ($0.01/$0.02 USD) - 2021/12/25 22:25:45 PT [2021/12/26 1:25:45 ET]
Table 'Irma III' 9-max Seat #2 is the button
Seat 1: Dorex2007 ($2 in chips) 
Seat 2: factis71 ($5.01 in chips) 
Seat 3: ALWIN72OFF.87SU ($2.78 in chips) 
Seat 4: Minakhat ($0.80 in chips) 
Seat 5: Any Nox ($2.01 in chips) 
Seat 6: Litgame ($2.19 in chips) 
Seat 8: DBLBLYBSTR ($0.47 in chips) 
Seat 9: xKen1x ($1.28 in chips) 
ALWIN72OFF.87SU: posts small blind $0.01
Minakhat: posts big blind $0.02
CA Sanchez: sits out 
*** HOLE CARDS ***
Dealt to Dorex2007 [7c Kd]
Any Nox: raises $0.04 to $0.06
Litgame: folds 
DBLBLYBSTR: folds 
xKen1x: folds 
Dorex2007: folds 
factis71: calls $0.06
ALWIN72OFF.87SU: folds 
Minakhat: folds 
*** FLOP *** [Qd 9h Ad]
Any Nox: bets $0.09
factis71: folds 
Uncalled bet ($0.09) returned to Any Nox
Any Nox collected $0.14 from pot
Any Nox: doesn't show hand 
*** SUMMARY ***
Total pot $0.15 | Rake $0.01 
Board [Qd 9h Ad]
Seat 1: Dorex2007 folded before Flop (didn't bet)
Seat 2: factis71 (button) folded on the Flop
Seat 3: ALWIN72OFF.87SU (small blind) folded before Flop
Seat 4: Minakhat (big blind) folded before Flop
Seat 5: Any Nox collected ($0.14)
Seat 6: Litgame folded before Flop (didn't bet)
Seat 8: DBLBLYBSTR folded before Flop (didn't bet)
Seat 9: xKen1x folded before Flop (didn't bet)



PokerStars Hand #232528075965:  Hold'em No Limit ($0.01/$0.02 USD) - 2021/12/25 22:26:06 PT [2021/12/26 1:26:06 ET]
Table 'Irma III' 9-max Seat #3 is the button
Seat 1: Dorex2007 ($2 in chips) 
Seat 2: factis71 ($4.95 in chips) 
Seat 3: ALWIN72OFF.87SU ($2.77 in chips) 
Seat 4: Minakhat ($0.80 in chips) 
Seat 5: Any Nox ($2.09 in chips) 
Seat 6: Litgame ($2.19 in chips) 
Seat 8: DBLBLYBSTR ($0.47 in chips) 
Seat 9: xKen1x ($1.28 in chips) 
Minakhat: posts small blind $0.01
Any Nox: posts big blind $0.02
CA Sanchez: sits out 
*** HOLE CARDS ***
Dealt to Dorex2007 [8d 4h]
Litgame: folds 
DBLBLYBSTR: folds 
xKen1x: folds 
Dorex2007: folds 
factis71: folds 
ALWIN72OFF.87SU: folds 
Minakhat: folds 
Uncalled bet ($0.01) returned to Any Nox
Any Nox collected $0.02 from pot
Any Nox: doesn't show hand 
*** SUMMARY ***
Total pot $0.02 | Rake $0 
Seat 1: Dorex2007 folded before Flop (didn't bet)
Seat 2: factis71 folded before Flop (didn't bet)
Seat 3: ALWIN72OFF.87SU (button) folded before Flop (didn't bet)
Seat 4: Minakhat (small blind) folded before Flop
Seat 5: Any Nox (big blind) collected ($0.02)
Seat 6: Litgame folded before Flop (didn't bet)
Seat 8: DBLBLYBSTR folded before Flop (didn't bet)
Seat 9: xKen1x folded before Flop (didn't bet)



PokerStars Hand #232528078112:  Hold'em No Limit ($0.01/$0.02 USD) - 2021/12/25 22:26:21 PT [2021/12/26 1:26:21 ET]
Table 'Irma III' 9-max Seat #4 is the button
Seat 1: Dorex2007 ($2 in chips) 
Seat 2: factis71 ($4.95 in chips) 
Seat 3: ALWIN72OFF.87SU ($2.77 in chips) 
Seat 4: Minakhat ($0.80 in chips) 
Seat 5: Any Nox ($2.10 in chips) 
Seat 6: Litgame ($2.19 in chips) 
Seat 8: DBLBLYBSTR ($0.47 in chips) 
Seat 9: xKen1x ($1.28 in chips) 
Any Nox: posts small blind $0.01
Litgame: posts big blind $0.02
CA Sanchez: sits out 
*** HOLE CARDS ***
Dealt to Dorex2007 [6d Kd]
DBLBLYBSTR: folds 
xKen1x: folds 
Dorex2007: folds 
factis71: raises $0.04 to $0.06
ALWIN72OFF.87SU: folds 
Minakhat: folds 
Any Nox: folds 
Litgame: folds 
Uncalled bet ($0.04) returned to factis71
factis71 collected $0.05 from pot
factis71: doesn't show hand 
*** SUMMARY ***
Total pot $0.05 | Rake $0 
Seat 1: Dorex2007 folded before Flop (didn't bet)
Seat 2: factis71 collected ($0.05)
Seat 3: ALWIN72OFF.87SU folded before Flop (didn't bet)
Seat 4: Minakhat (button) folded before Flop (didn't bet)
Seat 5: Any Nox (small blind) folded before Flop
Seat 6: Litgame (big blind) folded before Flop
Seat 8: DBLBLYBSTR folded before Flop (didn't bet)
Seat 9: xKen1x folded before Flop (didn't bet)



PokerStars Hand #232528081903:  Hold'em No Limit ($0.01/$0.02 USD) - 2021/12/25 22:26:48 PT [2021/12/26 1:26:48 ET]
Table 'Irma III' 9-max Seat #5 is the button
Seat 1: Dorex2007 ($2 in chips) 
Seat 2: factis71 ($4.98 in chips) 
Seat 3: ALWIN72OFF.87SU ($2.77 in chips) 
Seat 4: Minakhat ($0.80 in chips) 
Seat 5: Any Nox ($2.09 in chips) 
Seat 6: Litgame ($2.17 in chips) 
Seat 7: CA Sanchez ($1.42 in chips) 
Seat 8: DBLBLYBSTR ($0.47 in chips) 
Seat 9: xKen1x ($1.28 in chips) 
Litgame: posts small blind $0.01
CA Sanchez: posts big blind $0.02
*** HOLE CARDS ***
Dealt to Dorex2007 [7c Jh]
DBLBLYBSTR: folds 
xKen1x: raises $0.04 to $0.06
Dorex2007: folds 
factis71: folds 
ALWIN72OFF.87SU: raises $0.14 to $0.20
Minakhat: folds 
Any Nox: folds 
Litgame: folds 
CA Sanchez: folds 
xKen1x: raises $1.08 to $1.28 and is all-in
ALWIN72OFF.87SU: calls $1.08
*** FLOP *** [Ah 6s Qc]
*** TURN *** [Ah 6s Qc] [8c]
*** RIVER *** [Ah 6s Qc 8c] [Js]
*** SHOW DOWN ***
xKen1x: shows [Td Th] (a pair of Tens)
ALWIN72OFF.87SU: shows [Kh Ad] (a pair of Aces)
ALWIN72OFF.87SU collected $2.50 from pot
xKen1x cashed out the hand for $1.41 | Cash Out Fee $0.01
*** SUMMARY ***
Total pot $2.59 | Rake $0.09 
Board [Ah 6s Qc 8c Js]
Seat 1: Dorex2007 folded before Flop (didn't bet)
Seat 2: factis71 folded before Flop (didn't bet)
Seat 3: ALWIN72OFF.87SU showed [Kh Ad] and won ($2.50) with a pair of Aces
Seat 4: Minakhat folded before Flop (didn't bet)
Seat 5: Any Nox (button) folded before Flop (didn't bet)
Seat 6: Litgame (small blind) folded before Flop
Seat 7: CA Sanchez (big blind) folded before Flop
Seat 8: DBLBLYBSTR folded before Flop (didn't bet)
Seat 9: xKen1x showed [Td Th] and lost with a pair of Tens (cashed out).



PokerStars Hand #232528087442:  Hold'em No Limit ($0.01/$0.02 USD) - 2021/12/25 22:27:27 PT [2021/12/26 1:27:27 ET]
Table 'Irma III' 9-max Seat #6 is the button
Seat 1: Dorex2007 ($2 in chips) 
Seat 2: factis71 ($4.98 in chips) 
Seat 3: ALWIN72OFF.87SU ($3.99 in chips) 
Seat 4: Minakhat ($0.80 in chips) 
Seat 5: Any Nox ($2.09 in chips) 
Seat 6: Litgame ($2.16 in chips) 
Seat 7: CA Sanchez ($1.40 in chips) 
Seat 8: DBLBLYBSTR ($0.47 in chips) 
Seat 9: xKen1x ($1.41 in chips) 
CA Sanchez: posts small blind $0.01
DBLBLYBSTR: posts big blind $0.02
*** HOLE CARDS ***
Dealt to Dorex2007 [7c 8d]
xKen1x: folds 
Dorex2007: folds 
factis71: raises $0.04 to $0.06
ALWIN72OFF.87SU: folds 
Minakhat: calls $0.06
Any Nox: folds 
Litgame: folds 
CA Sanchez: raises $0.20 to $0.26
DBLBLYBSTR: folds 
factis71: folds 
Minakhat: folds 
Uncalled bet ($0.20) returned to CA Sanchez
CA Sanchez collected $0.20 from pot
CA Sanchez: doesn't show hand 
*** SUMMARY ***
Total pot $0.20 | Rake $0 
Seat 1: Dorex2007 folded before Flop (didn't bet)
Seat 2: factis71 folded before Flop
Seat 3: ALWIN72OFF.87SU folded before Flop (didn't bet)
Seat 4: Minakhat folded before Flop
Seat 5: Any Nox folded before Flop (didn't bet)
Seat 6: Litgame (button) folded before Flop (didn't bet)
Seat 7: CA Sanchez (small blind) collected ($0.20)
Seat 8: DBLBLYBSTR (big blind) folded before Flop
Seat 9: xKen1x folded before Flop (didn't bet)



PokerStars Hand #232528092391:  Hold'em No Limit ($0.01/$0.02 USD) - 2021/12/25 22:28:02 PT [2021/12/26 1:28:02 ET]
Table 'Irma III' 9-max Seat #7 is the button
Seat 1: Dorex2007 ($2 in chips) 
Seat 2: factis71 ($4.92 in chips) 
Seat 3: ALWIN72OFF.87SU ($3.99 in chips) 
Seat 4: Minakhat ($0.80 in chips) 
Seat 5: Any Nox ($2.09 in chips) 
Seat 6: Litgame ($2.16 in chips) 
Seat 7: CA Sanchez ($1.54 in chips) 
Seat 8: DBLBLYBSTR ($0.45 in chips) 
Seat 9: xKen1x ($1.41 in chips) 
DBLBLYBSTR: posts small blind $0.01
xKen1x: posts big blind $0.02
*** HOLE CARDS ***
Dealt to Dorex2007 [3d 6h]
Dorex2007: folds 
factis71: folds 
ALWIN72OFF.87SU: raises $0.02 to $0.04
Minakhat: folds 
Any Nox: folds 
Litgame: folds 
CA Sanchez: folds 
DBLBLYBSTR: folds 
xKen1x: folds 
Uncalled bet ($0.02) returned to ALWIN72OFF.87SU
ALWIN72OFF.87SU collected $0.05 from pot
ALWIN72OFF.87SU: doesn't show hand 
*** SUMMARY ***
Total pot $0.05 | Rake $0 
Seat 1: Dorex2007 folded before Flop (didn't bet)
Seat 2: factis71 folded before Flop (didn't bet)
Seat 3: ALWIN72OFF.87SU collected ($0.05)
Seat 4: Minakhat folded before Flop (didn't bet)
Seat 5: Any Nox folded before Flop (didn't bet)
Seat 6: Litgame folded before Flop (didn't bet)
Seat 7: CA Sanchez (button) folded before Flop (didn't bet)
Seat 8: DBLBLYBSTR (small blind) folded before Flop
Seat 9: xKen1x (big blind) folded before Flop



PokerStars Hand #232528095205:  Hold'em No Limit ($0.01/$0.02 USD) - 2021/12/25 22:28:22 PT [2021/12/26 1:28:22 ET]
Table 'Irma III' 9-max Seat #8 is the button
Seat 1: Dorex2007 ($2 in chips) 
Seat 2: factis71 ($4.92 in chips) 
Seat 3: ALWIN72OFF.87SU ($4.02 in chips) 
Seat 4: Minakhat ($0.80 in chips) 
Seat 5: Any Nox ($2.09 in chips) 
Seat 6: Litgame ($2.16 in chips) 
Seat 7: CA Sanchez ($1.54 in chips) 
Seat 8: DBLBLYBSTR ($0.44 in chips) 
Seat 9: xKen1x ($1.39 in chips) 
xKen1x: posts small blind $0.01
Dorex2007: posts big blind $0.02
*** HOLE CARDS ***
Dealt to Dorex2007 [8c 8h]
factis71: folds 
ALWIN72OFF.87SU: folds 
Minakhat: folds 
Any Nox: folds 
Litgame: folds 
CA Sanchez: raises $0.03 to $0.05
DBLBLYBSTR: folds 
xKen1x: folds 
Dorex2007: calls $0.03
*** FLOP *** [5d 4h 7h]
Dorex2007: checks 
CA Sanchez: bets $0.06
Dorex2007: folds 
Uncalled bet ($0.06) returned to CA Sanchez
CA Sanchez collected $0.11 from pot
CA Sanchez: doesn't show hand 
*** SUMMARY ***
Total pot $0.11 | Rake $0 
Board [5d 4h 7h]
Seat 1: Dorex2007 (big blind) folded on the Flop
Seat 2: factis71 folded before Flop (didn't bet)
Seat 3: ALWIN72OFF.87SU folded before Flop (didn't bet)
Seat 4: Minakhat folded before Flop (didn't bet)
Seat 5: Any Nox folded before Flop (didn't bet)
Seat 6: Litgame folded before Flop (didn't bet)
Seat 7: CA Sanchez collected ($0.11)
Seat 8: DBLBLYBSTR (button) folded before Flop (didn't bet)
Seat 9: xKen1x (small blind) folded before Flop



PokerStars Hand #232528104119:  Hold'em No Limit ($0.01/$0.02 USD) - 2021/12/25 22:29:24 PT [2021/12/26 1:29:24 ET]
Table 'Irma III' 9-max Seat #9 is the button
Seat 1: Dorex2007 ($2 in chips) 
Seat 2: factis71 ($4.92 in chips) 
Seat 3: ALWIN72OFF.87SU ($4.02 in chips) 
Seat 4: Minakhat ($0.80 in chips) 
Seat 5: Any Nox ($2.09 in chips) 
Seat 6: Litgame ($2.16 in chips) 
Seat 7: CA Sanchez ($1.60 in chips) 
Seat 8: DBLBLYBSTR ($0.44 in chips) 
Seat 9: xKen1x ($1.38 in chips) 
Dorex2007: posts small blind $0.01
factis71: posts big blind $0.02
*** HOLE CARDS ***
Dealt to Dorex2007 [6s 6h]
ALWIN72OFF.87SU: calls $0.02
Minakhat: folds 
Any Nox: folds 
Litgame: calls $0.02
CA Sanchez: folds 
DBLBLYBSTR: folds 
xKen1x: folds 
Dorex2007: folds 
factis71: raises $0.13 to $0.15
ALWIN72OFF.87SU: folds 
Litgame: folds 
Uncalled bet ($0.13) returned to factis71
factis71 collected $0.07 from pot
factis71: doesn't show hand 
*** SUMMARY ***
Total pot $0.07 | Rake $0 
Seat 1: Dorex2007 (small blind) folded before Flop
Seat 2: factis71 (big blind) collected ($0.07)
Seat 3: ALWIN72OFF.87SU folded before Flop
Seat 4: Minakhat folded before Flop (didn't bet)
Seat 5: Any Nox folded before Flop (didn't bet)
Seat 6: Litgame folded before Flop
Seat 7: CA Sanchez folded before Flop (didn't bet)
Seat 8: DBLBLYBSTR folded before Flop (didn't bet)
Seat 9: xKen1x (button) folded before Flop (didn't bet)



PokerStars Hand #232528108640:  Hold'em No Limit ($0.01/$0.02 USD) - 2021/12/25 22:29:56 PT [2021/12/26 1:29:56 ET]
Table 'Irma III' 9-max Seat #1 is the button
Seat 1: Dorex2007 ($2 in chips) 
Seat 2: factis71 ($4.97 in chips) 
Seat 4: Minakhat ($0.80 in chips) 
Seat 5: Any Nox ($2.09 in chips) 
Seat 6: Litgame ($2.14 in chips) 
Seat 7: CA Sanchez ($1.60 in chips) 
Seat 8: DBLBLYBSTR ($0.44 in chips) 
Seat 9: xKen1x ($1.38 in chips) 
factis71: posts small blind $0.01
ALWIN72OFF.87SU: is sitting out 
Minakhat: posts big blind $0.02
*** HOLE CARDS ***
Dealt to Dorex2007 [6s Jc]
Any Nox: raises $0.04 to $0.06
Litgame: folds 
CA Sanchez: folds 
DBLBLYBSTR: raises $0.38 to $0.44 and is all-in
xKen1x: folds 
xKen1x leaves the table
ALWIN72OFF.87SU leaves the table
Dorex2007: folds 
factis71: folds 
Minakhat: folds 
Any Nox: calls $0.38
*** FLOP *** [2d 6c 6d]
*** TURN *** [2d 6c 6d] [8d]
*** RIVER *** [2d 6c 6d 8d] [Kd]
*** SHOW DOWN ***
Any Nox: shows [Qc Ah] (a pair of Sixes)
DBLBLYBSTR: shows [Ac Jd] (a flush, King high)
DBLBLYBSTR collected $0.88 from pot
*** SUMMARY ***
Total pot $0.91 | Rake $0.03 
Board [2d 6c 6d 8d Kd]
Seat 1: Dorex2007 (button) folded before Flop (didn't bet)
Seat 2: factis71 (small blind) folded before Flop
Seat 4: Minakhat (big blind) folded before Flop
Seat 5: Any Nox showed [Qc Ah] and lost with a pair of Sixes
Seat 6: Litgame folded before Flop (didn't bet)
Seat 7: CA Sanchez folded before Flop (didn't bet)
Seat 8: DBLBLYBSTR showed [Ac Jd] and won ($0.88) with a flush, King high
Seat 9: xKen1x folded before Flop (didn't bet)



PokerStars Hand #232528116467:  Hold'em No Limit ($0.01/$0.02 USD) - 2021/12/25 22:30:49 PT [2021/12/26 1:30:49 ET]
Table 'Irma III' 9-max Seat #2 is the button
Seat 1: Dorex2007 ($2 in chips) 
Seat 2: factis71 ($4.96 in chips) 
Seat 4: Minakhat ($0.80 in chips) 
Seat 5: Any Nox ($2 in chips) 
Seat 6: Litgame ($2.14 in chips) 
Seat 8: DBLBLYBSTR ($0.88 in chips) 
Minakhat: posts small blind $0.01
Any Nox: posts big blind $0.02
*** HOLE CARDS ***
Dealt to Dorex2007 [Ts 4c]
Litgame: folds 
DBLBLYBSTR: folds 
DBLBLYBSTR leaves the table
Dorex2007: folds 
factis71: raises $0.04 to $0.06
Minakhat: folds 
Any Nox: folds 
Uncalled bet ($0.04) returned to factis71
factis71 collected $0.05 from pot
factis71: doesn't show hand 
*** SUMMARY ***
Total pot $0.05 | Rake $0 
Seat 1: Dorex2007 folded before Flop (didn't bet)
Seat 2: factis71 (button) collected ($0.05)
Seat 4: Minakhat (small blind) folded before Flop
Seat 5: Any Nox (big blind) folded before Flop
Seat 6: Litgame folded before Flop (didn't bet)
Seat 8: DBLBLYBSTR folded before Flop (didn't bet)



PokerStars Hand #232528123087:  Hold'em No Limit ($0.01/$0.02 USD) - 2021/12/25 22:31:17 PT [2021/12/26 1:31:17 ET]
Table 'Irma III' 9-max Seat #4 is the button
Seat 1: Dorex2007 ($2 in chips) 
Seat 2: factis71 ($4.99 in chips) 
Seat 4: Minakhat ($0.80 in chips) 
Seat 6: Litgame ($2.14 in chips) 
Any Nox leaves the table
Litgame: posts small blind $0.01
Dorex2007: posts big blind $0.02
*** HOLE CARDS ***
Dealt to Dorex2007 [4d 9h]
factis71: raises $0.04 to $0.06
Minakhat: folds 
Litgame: folds 
Dorex2007: folds 
Uncalled bet ($0.04) returned to factis71
factis71 collected $0.05 from pot
factis71: doesn't show hand 
*** SUMMARY ***
Total pot $0.05 | Rake $0 
Seat 1: Dorex2007 (big blind) folded before Flop
Seat 2: factis71 collected ($0.05)
Seat 4: Minakhat (button) folded before Flop (didn't bet)
Seat 6: Litgame (small blind) folded before Flop



PokerStars Hand #232528124553:  Hold'em No Limit ($0.01/$0.02 USD) - 2021/12/25 22:31:27 PT [2021/12/26 1:31:27 ET]
Table 'Irma III' 9-max Seat #6 is the button
Seat 1: Dorex2007 ($2 in chips) 
Seat 4: Minakhat ($0.80 in chips) 
Seat 6: Litgame ($2.13 in chips) 
Dorex2007: posts small blind $0.01
factis71: is sitting out 
Minakhat: posts big blind $0.02
*** HOLE CARDS ***
Dealt to Dorex2007 [8c 8d]
Litgame: folds 
xmgxxmgx joins the table at seat #3 
Litgame leaves the table
factis71 leaves the table
Dorex2007: folds 
Uncalled bet ($0.01) returned to Minakhat
Minakhat collected $0.02 from pot
Minakhat: doesn't show hand 
*** SUMMARY ***
Total pot $0.02 | Rake $0 
Seat 1: Dorex2007 (small blind) folded before Flop
Seat 4: Minakhat (big blind) collected ($0.02)
Seat 6: Litgame (button) folded before Flop (didn't bet)



PokerStars Hand #232528127023:  Hold'em No Limit ($0.01/$0.02 USD) - 2021/12/25 22:31:45 PT [2021/12/26 1:31:45 ET]
Table 'Irma III' 9-max Seat #4 is the button
Seat 1: Dorex2007 ($2 in chips) 
Seat 4: Minakhat ($0.81 in chips) 
Minakhat: posts small blind $0.01
Dorex2007: posts big blind $0.02
*** HOLE CARDS ***
Dealt to Dorex2007 [7s Tc]
Minakhat: folds 
Uncalled bet ($0.01) returned to Dorex2007
Dorex2007 collected $0.02 from pot
Dorex2007: doesn't show hand 
*** SUMMARY ***
Total pot $0.02 | Rake $0 
Seat 1: Dorex2007 (big blind) collected ($0.02)
Seat 4: Minakhat (button) (small blind) folded before Flop



PokerStars Hand #232528127818:  Hold'em No Limit ($0.01/$0.02 USD) - 2021/12/25 22:31:50 PT [2021/12/26 1:31:50 ET]
Table 'Irma III' 9-max Seat #4 is the button
Seat 1: Dorex2007 ($2.01 in chips) 
Seat 3: xmgxxmgx ($2 in chips) 
Seat 4: Minakhat ($0.80 in chips) 
Dorex2007: posts small blind $0.01
xmgxxmgx: posts big blind $0.02
*** HOLE CARDS ***
Dealt to Dorex2007 [Qs 6h]
Minakhat: raises $0.03 to $0.05
Dorex2007: folds 
xmgxxmgx: calls $0.03
*** FLOP *** [4d 7s 9d]
McPartiZano joins the table at seat #5 
xmgxxmgx: checks 
Minakhat: checks 
*** TURN *** [4d 7s 9d] [Js]
xmgxxmgx: checks 
Minakhat: checks 
*** RIVER *** [4d 7s 9d Js] [7c]
xmgxxmgx: checks 
Minakhat: bets $0.05
xmgxxmgx: calls $0.05
*** SHOW DOWN ***
Minakhat: shows [Ks Jd] (two pair, Jacks and Sevens)
xmgxxmgx: mucks hand 
Minakhat collected $0.20 from pot
*** SUMMARY ***
Total pot $0.21 | Rake $0.01 
Board [4d 7s 9d Js 7c]
Seat 1: Dorex2007 (small blind) folded before Flop
Seat 3: xmgxxmgx (big blind) mucked [Ad 5c]
Seat 4: Minakhat (button) showed [Ks Jd] and won ($0.20) with two pair, Jacks and Sevens



PokerStars Hand #232528132569:  Hold'em No Limit ($0.01/$0.02 USD) - 2021/12/25 22:32:24 PT [2021/12/26 1:32:24 ET]
Table 'Irma III' 9-max Seat #3 is the button
Seat 1: Dorex2007 ($2 in chips) 
Seat 3: xmgxxmgx ($1.90 in chips) 
xmgxxmgx: posts small blind $0.01
Minakhat: is sitting out 
Dorex2007: posts big blind $0.02
*** HOLE CARDS ***
Dealt to Dorex2007 [8c Kh]
xmgxxmgx: raises $0.04 to $0.06
Dorex2007: folds 
Uncalled bet ($0.04) returned to xmgxxmgx
xmgxxmgx collected $0.04 from pot
xmgxxmgx: doesn't show hand 
*** SUMMARY ***
Total pot $0.04 | Rake $0 
Seat 1: Dorex2007 (big blind) folded before Flop
Seat 3: xmgxxmgx (button) (small blind) collected ($0.04)



PokerStars Hand #232528134121:  Hold'em No Limit ($0.01/$0.02 USD) - 2021/12/25 22:32:34 PT [2021/12/26 1:32:34 ET]
Table 'Irma III' 9-max Seat #1 is the button
Seat 1: Dorex2007 ($2 in chips) 
Seat 3: xmgxxmgx ($1.92 in chips) 
Dorex2007: posts small blind $0.01
xmgxxmgx: posts big blind $0.02
*** HOLE CARDS ***
Dealt to Dorex2007 [8h Kc]
McPartiZano leaves the table
telegrafiCo joins the table at seat #5 
Dorex2007: folds 
Uncalled bet ($0.01) returned to xmgxxmgx
xmgxxmgx collected $0.02 from pot
xmgxxmgx: doesn't show hand 
*** SUMMARY ***
Total pot $0.02 | Rake $0 
Seat 1: Dorex2007 (button) (small blind) folded before Flop
Seat 3: xmgxxmgx (big blind) collected ($0.02)



PokerStars Hand #232528137606:  Hold'em No Limit ($0.01/$0.02 USD) - 2021/12/25 22:32:59 PT [2021/12/26 1:32:59 ET]
Table 'Irma III' 9-max Seat #1 is the button
Seat 1: Dorex2007 ($2 in chips) 
Seat 3: xmgxxmgx ($1.93 in chips) 
Seat 5: telegrafiCo ($2 in chips) 
xmgxxmgx: posts small blind $0.01
Karapis7 joins the table at seat #2 
telegrafiCo: posts big blind $0.02
*** HOLE CARDS ***
Dealt to Dorex2007 [Ks Qd]
Dorex2007: calls $0.02
xmgxxmgx: folds 
telegrafiCo: checks 
*** FLOP *** [8c 8h Jd]
telegrafiCo: checks 
smarttige549 joins the table at seat #6 
Dorex2007: checks 
*** TURN *** [8c 8h Jd] [Ad]
telegrafiCo: bets $0.02
varshanin joins the table at seat #8 
Dorex2007: folds 
Uncalled bet ($0.02) returned to telegrafiCo
telegrafiCo collected $0.05 from pot
telegrafiCo: doesn't show hand 
mauro_sebas joins the table at seat #9 
*** SUMMARY ***
Total pot $0.05 | Rake $0 
Board [8c 8h Jd Ad]
Seat 1: Dorex2007 (button) folded on the Turn
Seat 3: xmgxxmgx (small blind) folded before Flop
Seat 5: telegrafiCo (big blind) collected ($0.05)



PokerStars Hand #232528141413:  Hold'em No Limit ($0.01/$0.02 USD) - 2021/12/25 22:33:26 PT [2021/12/26 1:33:26 ET]
Table 'Irma III' 9-max Seat #3 is the button
Seat 1: Dorex2007 ($2 in chips) 
Seat 3: xmgxxmgx ($1.92 in chips) 
Seat 5: telegrafiCo ($2.03 in chips) 
Seat 6: smarttige549 ($0.80 in chips) 
telegrafiCo: posts small blind $0.01
smarttige549: posts big blind $0.02
varshanin: sits out 
mauro_sebas: sits out 
Karapis7: sits out 
*** HOLE CARDS ***
Dealt to Dorex2007 [6d Ks]
Dorex2007: folds 
xmgxxmgx: raises $0.04 to $0.06
telegrafiCo: calls $0.05
smarttige549: calls $0.04
*** FLOP *** [4h 7d Qs]
telegrafiCo: checks 
smarttige549: bets $0.02
xmgxxmgx: calls $0.02
telegrafiCo: calls $0.02
*** TURN *** [4h 7d Qs] [Jh]
telegrafiCo: checks 
smarttige549: bets $0.02
xmgxxmgx: calls $0.02
telegrafiCo: calls $0.02
*** RIVER *** [4h 7d Qs Jh] [Kh]
telegrafiCo: checks 
smarttige549: checks 
xmgxxmgx: bets $0.14
telegrafiCo: folds 
smarttige549: folds 
Uncalled bet ($0.14) returned to xmgxxmgx
xmgxxmgx collected $0.29 from pot
xmgxxmgx: doesn't show hand 
*** SUMMARY ***
Total pot $0.30 | Rake $0.01 
Board [4h 7d Qs Jh Kh]
Seat 1: Dorex2007 folded before Flop (didn't bet)
Seat 3: xmgxxmgx (button) collected ($0.29)
Seat 5: telegrafiCo (small blind) folded on the River
Seat 6: smarttige549 (big blind) folded on the River



