PokerStars Hand #224188615643:  Hold'em No Limit ($0.01/$0.02 USD) - 2021/02/24 19:07:01 PT [2021/02/24 22:07:01 ET]
Table 'Dolios II' 9-max Seat #9 is the button
Seat 1: Sticky514 ($2.33 in chips) 
Seat 2: Dorex2007 ($1.50 in chips) 
Seat 3: TumOXA13 ($1.57 in chips) 
Seat 4: puih123 ($1.82 in chips) 
Seat 6: Rickcanrun ($3.41 in chips) 
Seat 7: ChipGhost83 ($1.65 in chips) 
Seat 8: Dumycbka ($2 in chips) 
Seat 9: joefuerte ($2.07 in chips) 
Sticky514: posts small blind $0.01
Dorex2007: posts big blind $0.02
1AUE: sits out 
*** HOLE CARDS ***
Dealt to Dorex2007 [Tc Kh]
TumOXA13: folds 
puih123: folds 
Rickcanrun: calls $0.02
ChipGhost83: folds 
Dumycbka: folds 
joefuerte: calls $0.02
Sticky514: folds 
Dorex2007: checks 
*** FLOP *** [Jd Ks 7h]
Dorex2007: checks 
Rickcanrun: checks 
joefuerte: checks 
*** TURN *** [Jd Ks 7h] [2c]
Dorex2007: bets $0.04
Rickcanrun: calls $0.04
joefuerte: folds 
*** RIVER *** [Jd Ks 7h 2c] [7s]
Dorex2007: checks 
Rickcanrun: checks 
*** SHOW DOWN ***
Dorex2007: shows [Tc Kh] (two pair, Kings and Sevens)
Rickcanrun: mucks hand 
Dorex2007 collected $0.14 from pot
*** SUMMARY ***
Total pot $0.15 | Rake $0.01 
Board [Jd Ks 7h 2c 7s]
Seat 1: Sticky514 (small blind) folded before Flop
Seat 2: Dorex2007 (big blind) showed [Tc Kh] and won ($0.14) with two pair, Kings and Sevens
Seat 3: TumOXA13 folded before Flop (didn't bet)
Seat 4: puih123 folded before Flop (didn't bet)
Seat 6: Rickcanrun mucked [6c Jc]
Seat 7: ChipGhost83 folded before Flop (didn't bet)
Seat 8: Dumycbka folded before Flop (didn't bet)
Seat 9: joefuerte (button) folded on the Turn



PokerStars Hand #224188631522:  Hold'em No Limit ($0.01/$0.02 USD) - 2021/02/24 19:07:57 PT [2021/02/24 22:07:57 ET]
Table 'Dolios II' 9-max Seat #1 is the button
Seat 1: Sticky514 ($2.32 in chips) 
Seat 2: Dorex2007 ($1.58 in chips) 
Seat 3: TumOXA13 ($1.57 in chips) 
Seat 4: puih123 ($1.82 in chips) 
Seat 6: Rickcanrun ($3.35 in chips) 
Seat 7: ChipGhost83 ($1.65 in chips) 
Seat 8: Dumycbka ($2 in chips) 
Seat 9: joefuerte ($2.05 in chips) 
Dorex2007: posts small blind $0.01
TumOXA13: posts big blind $0.02
1AUE: sits out 
*** HOLE CARDS ***
Dealt to Dorex2007 [9h 3h]
puih123: folds 
Rickcanrun: folds 
ChipGhost83: folds 
Dumycbka: folds 
joefuerte: calls $0.02
Sticky514: folds 
Dorex2007: folds 
TumOXA13: checks 
*** FLOP *** [7h 7c Jd]
TumOXA13: checks 
joefuerte: bets $0.04
TumOXA13: calls $0.04
*** TURN *** [7h 7c Jd] [Jh]
TumOXA13: checks 
joefuerte: checks 
*** RIVER *** [7h 7c Jd Jh] [Ks]
TumOXA13: checks 
joefuerte: bets $0.12
TumOXA13: folds 
Uncalled bet ($0.12) returned to joefuerte
joefuerte collected $0.13 from pot
joefuerte: doesn't show hand 
*** SUMMARY ***
Total pot $0.13 | Rake $0 
Board [7h 7c Jd Jh Ks]
Seat 1: Sticky514 (button) folded before Flop (didn't bet)
Seat 2: Dorex2007 (small blind) folded before Flop
Seat 3: TumOXA13 (big blind) folded on the River
Seat 4: puih123 folded before Flop (didn't bet)
Seat 6: Rickcanrun folded before Flop (didn't bet)
Seat 7: ChipGhost83 folded before Flop (didn't bet)
Seat 8: Dumycbka folded before Flop (didn't bet)
Seat 9: joefuerte collected ($0.13)



PokerStars Hand #224188650976:  Hold'em No Limit ($0.01/$0.02 USD) - 2021/02/24 19:09:06 PT [2021/02/24 22:09:06 ET]
Table 'Dolios II' 9-max Seat #2 is the button
Seat 1: Sticky514 ($2.32 in chips) 
Seat 2: Dorex2007 ($1.57 in chips) 
Seat 3: TumOXA13 ($1.51 in chips) 
Seat 4: puih123 ($1.82 in chips) 
Seat 6: Rickcanrun ($3.35 in chips) 
Seat 7: ChipGhost83 ($1.65 in chips) 
Seat 8: Dumycbka ($2 in chips) 
Seat 9: joefuerte ($2.12 in chips) 
TumOXA13: posts small blind $0.01
puih123: posts big blind $0.02
1AUE: sits out 
*** HOLE CARDS ***
Dealt to Dorex2007 [9h Kc]
Rickcanrun: folds 
ChipGhost83: folds 
Dumycbka: raises $0.05 to $0.07
joefuerte: calls $0.07
Sticky514: folds 
Dorex2007: folds 
TumOXA13: folds 
puih123: folds 
*** FLOP *** [8d 6c 6d]
Dumycbka: checks 
joefuerte: checks 
*** TURN *** [8d 6c 6d] [8c]
Dumycbka: checks 
joefuerte: bets $0.10
Dumycbka: calls $0.10
*** RIVER *** [8d 6c 6d 8c] [Ac]
Dumycbka: checks 
joefuerte: bets $0.30
Dumycbka: folds 
Uncalled bet ($0.30) returned to joefuerte
joefuerte collected $0.36 from pot
joefuerte: doesn't show hand 
*** SUMMARY ***
Total pot $0.37 | Rake $0.01 
Board [8d 6c 6d 8c Ac]
Seat 1: Sticky514 folded before Flop (didn't bet)
Seat 2: Dorex2007 (button) folded before Flop (didn't bet)
Seat 3: TumOXA13 (small blind) folded before Flop
Seat 4: puih123 (big blind) folded before Flop
Seat 6: Rickcanrun folded before Flop (didn't bet)
Seat 7: ChipGhost83 folded before Flop (didn't bet)
Seat 8: Dumycbka folded on the River
Seat 9: joefuerte collected ($0.36)



PokerStars Hand #224188673610:  Hold'em No Limit ($0.01/$0.02 USD) - 2021/02/24 19:10:22 PT [2021/02/24 22:10:22 ET]
Table 'Dolios II' 9-max Seat #3 is the button
Seat 1: Sticky514 ($2.32 in chips) 
Seat 2: Dorex2007 ($1.57 in chips) 
Seat 3: TumOXA13 ($1.50 in chips) 
Seat 4: puih123 ($1.80 in chips) 
Seat 5: 1AUE ($0.80 in chips) 
Seat 6: Rickcanrun ($3.35 in chips) 
Seat 7: ChipGhost83 ($1.65 in chips) 
Seat 8: Dumycbka ($2 in chips) 
Seat 9: joefuerte ($2.31 in chips) 
puih123: posts small blind $0.01
1AUE: posts big blind $0.02
*** HOLE CARDS ***
Dealt to Dorex2007 [Kh Jc]
Rickcanrun: folds 
ChipGhost83: calls $0.02
Dumycbka: folds 
joefuerte: calls $0.02
Sticky514: folds 
Dorex2007: calls $0.02
TumOXA13: calls $0.02
puih123: calls $0.01
1AUE: checks 
*** FLOP *** [Qd 8h Js]
puih123: checks 
1AUE: checks 
ChipGhost83: bets $0.02
joefuerte: calls $0.02
Dorex2007: folds 
TumOXA13: folds 
puih123: folds 
1AUE: folds 
*** TURN *** [Qd 8h Js] [8s]
ChipGhost83: bets $0.04
joefuerte: calls $0.04
*** RIVER *** [Qd 8h Js 8s] [Ac]
ChipGhost83: bets $0.04
joefuerte: folds 
Uncalled bet ($0.04) returned to ChipGhost83
ChipGhost83 collected $0.23 from pot
ChipGhost83: doesn't show hand 
*** SUMMARY ***
Total pot $0.24 | Rake $0.01 
Board [Qd 8h Js 8s Ac]
Seat 1: Sticky514 folded before Flop (didn't bet)
Seat 2: Dorex2007 folded on the Flop
Seat 3: TumOXA13 (button) folded on the Flop
Seat 4: puih123 (small blind) folded on the Flop
Seat 5: 1AUE (big blind) folded on the Flop
Seat 6: Rickcanrun folded before Flop (didn't bet)
Seat 7: ChipGhost83 collected ($0.23)
Seat 8: Dumycbka folded before Flop (didn't bet)
Seat 9: joefuerte folded on the River



PokerStars Hand #224188712460:  Hold'em No Limit ($0.01/$0.02 USD) - 2021/02/24 19:12:08 PT [2021/02/24 22:12:08 ET]
Table 'Dolios II' 9-max Seat #4 is the button
Seat 1: Sticky514 ($2.32 in chips) 
Seat 2: Dorex2007 ($1.55 in chips) 
Seat 3: TumOXA13 ($1.48 in chips) 
Seat 4: puih123 ($1.78 in chips) 
Seat 5: 1AUE ($0.78 in chips) 
Seat 6: Rickcanrun ($3.35 in chips) 
Seat 7: ChipGhost83 ($1.80 in chips) 
Seat 8: Dumycbka ($2 in chips) 
Seat 9: joefuerte ($2.23 in chips) 
1AUE: posts small blind $0.01
Rickcanrun: posts big blind $0.02
*** HOLE CARDS ***
Dealt to Dorex2007 [Qs 3h]
ChipGhost83: calls $0.02
Dumycbka: calls $0.02
joefuerte: folds 
Sticky514: raises $0.04 to $0.06
Dorex2007: folds 
TumOXA13: folds 
puih123: folds 
1AUE: calls $0.05
Rickcanrun: calls $0.04
ChipGhost83: calls $0.04
Dumycbka: calls $0.04
*** FLOP *** [6d 4s 6s]
1AUE: checks 
Rickcanrun: checks 
ChipGhost83: checks 
Dumycbka: checks 
Sticky514: checks 
*** TURN *** [6d 4s 6s] [9h]
1AUE: bets $0.04
Rickcanrun: folds 
ChipGhost83: calls $0.04
Dumycbka: folds 
Sticky514: calls $0.04
*** RIVER *** [6d 4s 6s 9h] [Kh]
1AUE: checks 
ChipGhost83: bets $0.04
Sticky514: calls $0.04
1AUE: folds 
*** SHOW DOWN ***
ChipGhost83: shows [Qh Ks] (two pair, Kings and Sixes)
Sticky514: mucks hand 
ChipGhost83 collected $0.48 from pot
*** SUMMARY ***
Total pot $0.50 | Rake $0.02 
Board [6d 4s 6s 9h Kh]
Seat 1: Sticky514 mucked [Ac 9d]
Seat 2: Dorex2007 folded before Flop (didn't bet)
Seat 3: TumOXA13 folded before Flop (didn't bet)
Seat 4: puih123 (button) folded before Flop (didn't bet)
Seat 5: 1AUE (small blind) folded on the River
Seat 6: Rickcanrun (big blind) folded on the Turn
Seat 7: ChipGhost83 showed [Qh Ks] and won ($0.48) with two pair, Kings and Sixes
Seat 8: Dumycbka folded on the Turn
Seat 9: joefuerte folded before Flop (didn't bet)



PokerStars Hand #224188748343:  Hold'em No Limit ($0.01/$0.02 USD) - 2021/02/24 19:13:47 PT [2021/02/24 22:13:47 ET]
Table 'Dolios II' 9-max Seat #5 is the button
Seat 1: Sticky514 ($2.18 in chips) 
Seat 2: Dorex2007 ($1.55 in chips) 
Seat 3: TumOXA13 ($1.48 in chips) 
Seat 4: puih123 ($1.78 in chips) 
Seat 5: 1AUE ($0.68 in chips) 
Seat 6: Rickcanrun ($3.29 in chips) 
Seat 7: ChipGhost83 ($2.14 in chips) 
Seat 8: Dumycbka ($2 in chips) 
Seat 9: joefuerte ($2.23 in chips) 
Rickcanrun: posts small blind $0.01
ChipGhost83: posts big blind $0.02
*** HOLE CARDS ***
Dealt to Dorex2007 [Ac 6c]
Dumycbka: folds 
joefuerte: folds 
Sticky514: folds 
Dorex2007: calls $0.02
TumOXA13: folds 
puih123: raises $0.04 to $0.06
1AUE: calls $0.06
Rickcanrun: folds 
ChipGhost83: folds 
Dorex2007: calls $0.04
*** FLOP *** [9d 8c 8s]
Dorex2007: checks 
puih123: bets $0.10
1AUE: folds 
Dorex2007: folds 
Uncalled bet ($0.10) returned to puih123
puih123 collected $0.20 from pot
puih123: doesn't show hand 
*** SUMMARY ***
Total pot $0.21 | Rake $0.01 
Board [9d 8c 8s]
Seat 1: Sticky514 folded before Flop (didn't bet)
Seat 2: Dorex2007 folded on the Flop
Seat 3: TumOXA13 folded before Flop (didn't bet)
Seat 4: puih123 collected ($0.20)
Seat 5: 1AUE (button) folded on the Flop
Seat 6: Rickcanrun (small blind) folded before Flop
Seat 7: ChipGhost83 (big blind) folded before Flop
Seat 8: Dumycbka folded before Flop (didn't bet)
Seat 9: joefuerte folded before Flop (didn't bet)



PokerStars Hand #224188762509:  Hold'em No Limit ($0.01/$0.02 USD) - 2021/02/24 19:14:37 PT [2021/02/24 22:14:37 ET]
Table 'Dolios II' 9-max Seat #6 is the button
Seat 1: Sticky514 ($2.18 in chips) 
Seat 2: Dorex2007 ($1.49 in chips) 
Seat 3: TumOXA13 ($1.48 in chips) 
Seat 4: puih123 ($1.92 in chips) 
Seat 5: 1AUE ($0.62 in chips) 
Seat 6: Rickcanrun ($3.28 in chips) 
Seat 7: ChipGhost83 ($2.12 in chips) 
Seat 8: Dumycbka ($2 in chips) 
Seat 9: joefuerte ($2.23 in chips) 
ChipGhost83: posts small blind $0.01
Dumycbka: posts big blind $0.02
*** HOLE CARDS ***
Dealt to Dorex2007 [2h 2d]
joefuerte: folds 
Sticky514: raises $0.06 to $0.08
Dorex2007: folds 
TumOXA13: folds 
puih123: folds 
1AUE: folds 
Rickcanrun: folds 
ChipGhost83: calls $0.07
Dumycbka: folds 
*** FLOP *** [4d 5d Ah]
ChipGhost83: checks 
Sticky514: bets $0.06
ChipGhost83: folds 
Uncalled bet ($0.06) returned to Sticky514
Sticky514 collected $0.17 from pot
Sticky514: doesn't show hand 
*** SUMMARY ***
Total pot $0.18 | Rake $0.01 
Board [4d 5d Ah]
Seat 1: Sticky514 collected ($0.17)
Seat 2: Dorex2007 folded before Flop (didn't bet)
Seat 3: TumOXA13 folded before Flop (didn't bet)
Seat 4: puih123 folded before Flop (didn't bet)
Seat 5: 1AUE folded before Flop (didn't bet)
Seat 6: Rickcanrun (button) folded before Flop (didn't bet)
Seat 7: ChipGhost83 (small blind) folded on the Flop
Seat 8: Dumycbka (big blind) folded before Flop
Seat 9: joefuerte folded before Flop (didn't bet)



PokerStars Hand #224188775945:  Hold'em No Limit ($0.01/$0.02 USD) - 2021/02/24 19:15:25 PT [2021/02/24 22:15:25 ET]
Table 'Dolios II' 9-max Seat #7 is the button
Seat 1: Sticky514 ($2.27 in chips) 
Seat 2: Dorex2007 ($1.49 in chips) 
Seat 3: TumOXA13 ($1.48 in chips) 
Seat 4: puih123 ($1.92 in chips) 
Seat 6: Rickcanrun ($3.28 in chips) 
Seat 7: ChipGhost83 ($2.04 in chips) 
Seat 8: Dumycbka ($2 in chips) 
Seat 9: joefuerte ($2.23 in chips) 
Dumycbka: posts small blind $0.01
joefuerte: posts big blind $0.02
*** HOLE CARDS ***
Dealt to Dorex2007 [9s 5s]
Sticky514: folds 
Dorex2007: folds 
TumOXA13: folds 
puih123: folds 
Rickcanrun: calls $0.02
ChipGhost83: folds 
Dumycbka: folds 
joefuerte: checks 
*** FLOP *** [9d 6d As]
joefuerte: checks 
Rickcanrun: checks 
*** TURN *** [9d 6d As] [Qs]
joefuerte: bets $0.06
Rickcanrun: calls $0.06
*** RIVER *** [9d 6d As Qs] [Qd]
joefuerte: bets $0.08
Rickcanrun: calls $0.08
*** SHOW DOWN ***
joefuerte: shows [4d Td] (a flush, Queen high)
Rickcanrun: mucks hand 
joefuerte collected $0.32 from pot
*** SUMMARY ***
Total pot $0.33 | Rake $0.01 
Board [9d 6d As Qs Qd]
Seat 1: Sticky514 folded before Flop (didn't bet)
Seat 2: Dorex2007 folded before Flop (didn't bet)
Seat 3: TumOXA13 folded before Flop (didn't bet)
Seat 4: puih123 folded before Flop (didn't bet)
Seat 6: Rickcanrun mucked [6c Ad]
Seat 7: ChipGhost83 (button) folded before Flop (didn't bet)
Seat 8: Dumycbka (small blind) folded before Flop
Seat 9: joefuerte (big blind) showed [4d Td] and won ($0.32) with a flush, Queen high



PokerStars Hand #224188791873:  Hold'em No Limit ($0.01/$0.02 USD) - 2021/02/24 19:16:22 PT [2021/02/24 22:16:22 ET]
Table 'Dolios II' 9-max Seat #8 is the button
Seat 1: Sticky514 ($2.27 in chips) 
Seat 2: Dorex2007 ($1.49 in chips) 
Seat 3: TumOXA13 ($1.48 in chips) 
Seat 6: Rickcanrun ($3.12 in chips) 
Seat 7: ChipGhost83 ($2.04 in chips) 
Seat 8: Dumycbka ($2 in chips) 
Seat 9: joefuerte ($2.39 in chips) 
joefuerte: posts small blind $0.01
Sticky514: posts big blind $0.02
*** HOLE CARDS ***
Dealt to Dorex2007 [8c 3s]
Dorex2007 has timed out
Dorex2007: folds 
TumOXA13: folds 
Rickcanrun: calls $0.02
ChipGhost83: calls $0.02
Dumycbka: calls $0.02
joefuerte: calls $0.01
Sticky514: checks 
*** FLOP *** [6c 2h Jh]
joefuerte: checks 
Sticky514: checks 
Rickcanrun: checks 
ChipGhost83: checks 
Dumycbka: bets $0.06
joefuerte: folds 
Sticky514: folds 
Rickcanrun: folds 
ChipGhost83: calls $0.06
*** TURN *** [6c 2h Jh] [6s]
ChipGhost83: checks 
Dumycbka: bets $0.12
ChipGhost83: folds 
Uncalled bet ($0.12) returned to Dumycbka
Dumycbka collected $0.21 from pot
Dumycbka: doesn't show hand 
*** SUMMARY ***
Total pot $0.22 | Rake $0.01 
Board [6c 2h Jh 6s]
Seat 1: Sticky514 (big blind) folded on the Flop
Seat 2: Dorex2007 folded before Flop (didn't bet)
Seat 3: TumOXA13 folded before Flop (didn't bet)
Seat 6: Rickcanrun folded on the Flop
Seat 7: ChipGhost83 folded on the Turn
Seat 8: Dumycbka (button) collected ($0.21)
Seat 9: joefuerte (small blind) folded on the Flop



