PokerStars Hand #224008857447:  Hold'em No Limit ($0.01/$0.02 USD) - 2021/02/19 17:26:10 PT [2021/02/19 20:26:10 ET]
Table 'Delphinus IV' 9-max Seat #7 is the button
Seat 1: Nadiyha2 ($4.97 in chips) 
Seat 3: shakal-22 ($2 in chips) 
Seat 4: Xx Leader Xx ($2.27 in chips) 
Seat 5: abufirs ($1.59 in chips) 
Seat 6: Dorex2007 ($1.50 in chips) 
Seat 7: badgoold ($1.08 in chips) 
Seat 8: sq yard ($3.44 in chips) 
Seat 9: Xarren3571 ($0.93 in chips) 
sq yard: posts small blind $0.01
Xarren3571: posts big blind $0.02
Dorex2007: posts big blind $0.02
*** HOLE CARDS ***
Dealt to Dorex2007 [Jc 8h]
Nadiyha2: folds 
shakal-22: folds 
codzilla joins the table at seat #2 
Xx Leader Xx: folds 
abufirs: folds 
Dorex2007: checks 
badgoold: calls $0.02
sq yard: calls $0.01
Xarren3571: checks 
*** FLOP *** [Ad 5s Jh]
sq yard: checks 
Xarren3571: bets $0.04
Dorex2007: calls $0.04
badgoold: folds 
sq yard: folds 
*** TURN *** [Ad 5s Jh] [As]
Xarren3571: bets $0.08
Dorex2007: folds 
Uncalled bet ($0.08) returned to Xarren3571
Xarren3571 collected $0.15 from pot
Xarren3571: doesn't show hand 
*** SUMMARY ***
Total pot $0.16 | Rake $0.01 
Board [Ad 5s Jh As]
Seat 1: Nadiyha2 folded before Flop (didn't bet)
Seat 3: shakal-22 folded before Flop (didn't bet)
Seat 4: Xx Leader Xx folded before Flop (didn't bet)
Seat 5: abufirs folded before Flop (didn't bet)
Seat 6: Dorex2007 folded on the Turn
Seat 7: badgoold (button) folded on the Flop
Seat 8: sq yard (small blind) folded on the Flop
Seat 9: Xarren3571 (big blind) collected ($0.15)



PokerStars Hand #224008878836:  Hold'em No Limit ($0.01/$0.02 USD) - 2021/02/19 17:27:00 PT [2021/02/19 20:27:00 ET]
Table 'Delphinus IV' 9-max Seat #8 is the button
Seat 1: Nadiyha2 ($4.97 in chips) 
Seat 3: shakal-22 ($2 in chips) 
Seat 4: Xx Leader Xx ($2.27 in chips) 
Seat 5: abufirs ($1.59 in chips) 
Seat 6: Dorex2007 ($1.44 in chips) 
Seat 7: badgoold ($1.06 in chips) 
Seat 8: sq yard ($3.42 in chips) 
Seat 9: Xarren3571 ($1.02 in chips) 
Xarren3571: posts small blind $0.01
Nadiyha2: posts big blind $0.02
codzilla: sits out 
*** HOLE CARDS ***
Dealt to Dorex2007 [Ks 6d]
shakal-22: folds 
Xx Leader Xx: folds 
abufirs: raises $0.04 to $0.06
Dorex2007: folds 
badgoold: folds 
sq yard: calls $0.06
Xarren3571: calls $0.05
Nadiyha2: raises $0.04 to $0.10
abufirs: calls $0.04
sq yard: calls $0.04
Xarren3571: calls $0.04
*** FLOP *** [5d Th Tc]
Xarren3571: checks 
Nadiyha2: bets $0.20
abufirs: folds 
sq yard: folds 
Xarren3571: raises $0.20 to $0.40
Nadiyha2: calls $0.20
*** TURN *** [5d Th Tc] [Jc]
Xarren3571: bets $0.52 and is all-in
Nadiyha2: calls $0.52
*** RIVER *** [5d Th Tc Jc] [5c]
*** SHOW DOWN ***
Xarren3571: shows [9c 9d] (two pair, Tens and Nines)
Nadiyha2: shows [Jd 9s] (two pair, Jacks and Tens)
Nadiyha2 collected $2.16 from pot
*** SUMMARY ***
Total pot $2.24 | Rake $0.08 
Board [5d Th Tc Jc 5c]
Seat 1: Nadiyha2 (big blind) showed [Jd 9s] and won ($2.16) with two pair, Jacks and Tens
Seat 3: shakal-22 folded before Flop (didn't bet)
Seat 4: Xx Leader Xx folded before Flop (didn't bet)
Seat 5: abufirs folded on the Flop
Seat 6: Dorex2007 folded before Flop (didn't bet)
Seat 7: badgoold folded before Flop (didn't bet)
Seat 8: sq yard (button) folded on the Flop
Seat 9: Xarren3571 (small blind) showed [9c 9d] and lost with two pair, Tens and Nines



PokerStars Hand #224008905219:  Hold'em No Limit ($0.01/$0.02 USD) - 2021/02/19 17:28:01 PT [2021/02/19 20:28:01 ET]
Table 'Delphinus IV' 9-max Seat #9 is the button
Seat 1: Nadiyha2 ($6.11 in chips) 
Seat 2: codzilla ($2 in chips) 
Seat 3: shakal-22 ($2 in chips) 
Seat 4: Xx Leader Xx ($2.27 in chips) 
Seat 5: abufirs ($1.49 in chips) 
Seat 6: Dorex2007 ($1.44 in chips) 
Seat 7: badgoold ($1.06 in chips) 
Seat 8: sq yard ($3.32 in chips) 
Seat 9: Xarren3571 ($0.80 in chips) 
Nadiyha2: posts small blind $0.01
codzilla: posts big blind $0.02
*** HOLE CARDS ***
Dealt to Dorex2007 [Qd Kd]
shakal-22 has timed out
shakal-22: folds 
Xx Leader Xx: folds 
abufirs: folds 
Dorex2007: raises $0.04 to $0.06
shakal-22 leaves the table
badgoold: folds 
sq yard: folds 
Xarren3571: folds 
Nadiyha2: calls $0.05
codzilla: calls $0.04
*** FLOP *** [Jc Tc 6h]
Nadiyha2: checks 
codzilla: checks 
Dorex2007: bets $0.09
Nadiyha2: calls $0.09
codzilla: calls $0.09
*** TURN *** [Jc Tc 6h] [Jd]
Nadiyha2: bets $0.10
backdoor1 joins the table at seat #3 
codzilla: calls $0.10
Dorex2007: calls $0.10
*** RIVER *** [Jc Tc 6h Jd] [Qs]
Nadiyha2: checks 
codzilla: checks 
Dorex2007: checks 
*** SHOW DOWN ***
Nadiyha2: shows [7c 4h] (a pair of Jacks)
codzilla: shows [As Qc] (two pair, Queens and Jacks)
Dorex2007: mucks hand 
codzilla collected $0.72 from pot
*** SUMMARY ***
Total pot $0.75 | Rake $0.03 
Board [Jc Tc 6h Jd Qs]
Seat 1: Nadiyha2 (small blind) showed [7c 4h] and lost with a pair of Jacks
Seat 2: codzilla (big blind) showed [As Qc] and won ($0.72) with two pair, Queens and Jacks
Seat 3: shakal-22 folded before Flop (didn't bet)
Seat 4: Xx Leader Xx folded before Flop (didn't bet)
Seat 5: abufirs folded before Flop (didn't bet)
Seat 6: Dorex2007 mucked [Qd Kd]
Seat 7: badgoold folded before Flop (didn't bet)
Seat 8: sq yard folded before Flop (didn't bet)
Seat 9: Xarren3571 (button) folded before Flop (didn't bet)



PokerStars Hand #224008941188:  Hold'em No Limit ($0.01/$0.02 USD) - 2021/02/19 17:29:15 PT [2021/02/19 20:29:15 ET]
Table 'Delphinus IV' 9-max Seat #1 is the button
Seat 1: Nadiyha2 ($5.86 in chips) 
Seat 2: codzilla ($2.47 in chips) 
Seat 3: backdoor1 ($1.60 in chips) 
Seat 4: Xx Leader Xx ($2.27 in chips) 
Seat 5: abufirs ($1.49 in chips) 
Seat 6: Dorex2007 ($1.19 in chips) 
Seat 7: badgoold ($1.06 in chips) 
Seat 8: sq yard ($3.32 in chips) 
Seat 9: Xarren3571 ($0.80 in chips) 
codzilla: posts small blind $0.01
backdoor1: posts big blind $0.02
*** HOLE CARDS ***
Dealt to Dorex2007 [2h Ts]
Xx Leader Xx: folds 
abufirs: folds 
Dorex2007: calls $0.02
badgoold: folds 
sq yard: folds 
Xarren3571: folds 
Nadiyha2: raises $0.07 to $0.09
codzilla: calls $0.08
backdoor1: calls $0.07
Dorex2007: folds 
*** FLOP *** [6s 8h 9d]
codzilla: checks 
backdoor1: checks 
Nadiyha2: bets $1.70
codzilla: folds 
backdoor1: folds 
Uncalled bet ($1.70) returned to Nadiyha2
Nadiyha2 collected $0.28 from pot
Nadiyha2: doesn't show hand 
*** SUMMARY ***
Total pot $0.29 | Rake $0.01 
Board [6s 8h 9d]
Seat 1: Nadiyha2 (button) collected ($0.28)
Seat 2: codzilla (small blind) folded on the Flop
Seat 3: backdoor1 (big blind) folded on the Flop
Seat 4: Xx Leader Xx folded before Flop (didn't bet)
Seat 5: abufirs folded before Flop (didn't bet)
Seat 6: Dorex2007 folded before Flop
Seat 7: badgoold folded before Flop (didn't bet)
Seat 8: sq yard folded before Flop (didn't bet)
Seat 9: Xarren3571 folded before Flop (didn't bet)



PokerStars Hand #224008965693:  Hold'em No Limit ($0.01/$0.02 USD) - 2021/02/19 17:30:12 PT [2021/02/19 20:30:12 ET]
Table 'Delphinus IV' 9-max Seat #2 is the button
Seat 1: Nadiyha2 ($6.05 in chips) 
Seat 2: codzilla ($2.38 in chips) 
Seat 3: backdoor1 ($1.51 in chips) 
Seat 4: Xx Leader Xx ($2.27 in chips) 
Seat 5: abufirs ($1.49 in chips) 
Seat 6: Dorex2007 ($1.17 in chips) 
Seat 7: badgoold ($1.06 in chips) 
Seat 8: sq yard ($3.32 in chips) 
Seat 9: Xarren3571 ($0.80 in chips) 
backdoor1: posts small blind $0.01
Xx Leader Xx: posts big blind $0.02
*** HOLE CARDS ***
Dealt to Dorex2007 [7s 6h]
abufirs: folds 
Dorex2007: folds 
badgoold: raises $0.05 to $0.07
sq yard: folds 
Xarren3571: raises $0.05 to $0.12
Nadiyha2: raises $0.34 to $0.46
codzilla: folds 
backdoor1: folds 
Xx Leader Xx: folds 
badgoold: raises $0.60 to $1.06 and is all-in
Xarren3571: calls $0.68 and is all-in
Nadiyha2: calls $0.60
*** FLOP *** [6c 2c Ac]
*** TURN *** [6c 2c Ac] [6d]
*** RIVER *** [6c 2c Ac 6d] [9d]
*** SHOW DOWN ***
badgoold: shows [Kh Ks] (two pair, Kings and Sixes)
Nadiyha2: shows [As 2h] (two pair, Aces and Sixes)
Xarren3571: shows [Ah Qs] (two pair, Aces and Sixes - Queen kicker)
Xarren3571 collected $2.34 from main pot
Nadiyha2 cashed out the hand for $0.31
*** SUMMARY ***
Total pot $2.95 Main pot $2.34. Side pot $0.51. | Rake $0.10 
Board [6c 2c Ac 6d 9d]
Seat 1: Nadiyha2 showed [As 2h] and won ($0.51) with two pair, Aces and Sixes (pot not awarded as player cashed out)
Seat 2: codzilla (button) folded before Flop (didn't bet)
Seat 3: backdoor1 (small blind) folded before Flop
Seat 4: Xx Leader Xx (big blind) folded before Flop
Seat 5: abufirs folded before Flop (didn't bet)
Seat 6: Dorex2007 folded before Flop (didn't bet)
Seat 7: badgoold showed [Kh Ks] and lost with two pair, Kings and Sixes
Seat 8: sq yard folded before Flop (didn't bet)
Seat 9: Xarren3571 showed [Ah Qs] and won ($2.34) with two pair, Aces and Sixes



PokerStars Hand #224008984258:  Hold'em No Limit ($0.01/$0.02 USD) - 2021/02/19 17:30:55 PT [2021/02/19 20:30:55 ET]
Table 'Delphinus IV' 9-max Seat #3 is the button
Seat 1: Nadiyha2 ($5.30 in chips) 
Seat 2: codzilla ($2.38 in chips) 
Seat 3: backdoor1 ($1.50 in chips) 
Seat 4: Xx Leader Xx ($2.25 in chips) 
Seat 5: abufirs ($1.49 in chips) 
Seat 6: Dorex2007 ($1.17 in chips) 
Seat 8: sq yard ($3.32 in chips) 
Seat 9: Xarren3571 ($2.34 in chips) 
Xx Leader Xx: posts small blind $0.01
abufirs: posts big blind $0.02
*** HOLE CARDS ***
Dealt to Dorex2007 [6d Jd]
Dorex2007: folds 
sq yard: raises $0.06 to $0.08
Xarren3571: folds 
badgoold leaves the table
Nadiyha2: calls $0.08
codzilla: folds 
backdoor1: calls $0.08
Xx Leader Xx: folds 
abufirs: folds 
*** FLOP *** [Jc Ks 9c]
StormRage88 joins the table at seat #7 
sq yard: bets $0.13
Nadiyha2: raises $0.17 to $0.30
backdoor1: folds 
sq yard: calls $0.17
*** TURN *** [Jc Ks 9c] [4d]
sq yard: bets $0.20
Nadiyha2: calls $0.20
*** RIVER *** [Jc Ks 9c 4d] [5s]
sq yard: bets $0.40
Nadiyha2: folds 
Uncalled bet ($0.40) returned to sq yard
sq yard collected $1.23 from pot
sq yard: doesn't show hand 
*** SUMMARY ***
Total pot $1.27 | Rake $0.04 
Board [Jc Ks 9c 4d 5s]
Seat 1: Nadiyha2 folded on the River
Seat 2: codzilla folded before Flop (didn't bet)
Seat 3: backdoor1 (button) folded on the Flop
Seat 4: Xx Leader Xx (small blind) folded before Flop
Seat 5: abufirs (big blind) folded before Flop
Seat 6: Dorex2007 folded before Flop (didn't bet)
Seat 8: sq yard collected ($1.23)
Seat 9: Xarren3571 folded before Flop (didn't bet)



PokerStars Hand #224009012163:  Hold'em No Limit ($0.01/$0.02 USD) - 2021/02/19 17:32:01 PT [2021/02/19 20:32:01 ET]
Table 'Delphinus IV' 9-max Seat #4 is the button
Seat 1: Nadiyha2 ($4.72 in chips) 
Seat 2: codzilla ($2.38 in chips) 
Seat 3: backdoor1 ($1.42 in chips) 
Seat 4: Xx Leader Xx ($2.24 in chips) 
Seat 5: abufirs ($1.47 in chips) 
Seat 6: Dorex2007 ($1.17 in chips) 
Seat 8: sq yard ($3.97 in chips) 
Seat 9: Xarren3571 ($2.34 in chips) 
abufirs: posts small blind $0.01
Dorex2007: posts big blind $0.02
StormRage88: sits out 
*** HOLE CARDS ***
Dealt to Dorex2007 [Jd Qs]
sq yard: folds 
Xarren3571: folds 
Nadiyha2: calls $0.02
codzilla: raises $0.07 to $0.09
backdoor1: calls $0.09
Xx Leader Xx: folds 
abufirs: folds 
Dorex2007: folds 
Nadiyha2: calls $0.07
*** FLOP *** [7d Ts 5c]
Nadiyha2: bets $0.15
codzilla: raises $0.15 to $0.30
backdoor1: folds 
Nadiyha2: calls $0.15
*** TURN *** [7d Ts 5c] [Ah]
Nadiyha2: bets $0.44
codzilla: folds 
Uncalled bet ($0.44) returned to Nadiyha2
Nadiyha2 collected $0.87 from pot
Nadiyha2: doesn't show hand 
*** SUMMARY ***
Total pot $0.90 | Rake $0.03 
Board [7d Ts 5c Ah]
Seat 1: Nadiyha2 collected ($0.87)
Seat 2: codzilla folded on the Turn
Seat 3: backdoor1 folded on the Flop
Seat 4: Xx Leader Xx (button) folded before Flop (didn't bet)
Seat 5: abufirs (small blind) folded before Flop
Seat 6: Dorex2007 (big blind) folded before Flop
Seat 8: sq yard folded before Flop (didn't bet)
Seat 9: Xarren3571 folded before Flop (didn't bet)



PokerStars Hand #224009035377:  Hold'em No Limit ($0.01/$0.02 USD) - 2021/02/19 17:32:57 PT [2021/02/19 20:32:57 ET]
Table 'Delphinus IV' 9-max Seat #5 is the button
Seat 1: Nadiyha2 ($5.20 in chips) 
Seat 2: codzilla ($1.99 in chips) 
Seat 3: backdoor1 ($1.33 in chips) 
Seat 4: Xx Leader Xx ($2.24 in chips) 
Seat 5: abufirs ($1.46 in chips) 
Seat 6: Dorex2007 ($1.15 in chips) 
Seat 7: StormRage88 ($2 in chips) 
Seat 8: sq yard ($3.97 in chips) 
Seat 9: Xarren3571 ($2.34 in chips) 
Dorex2007: posts small blind $0.01
StormRage88: posts big blind $0.02
*** HOLE CARDS ***
Dealt to Dorex2007 [Ts Ac]
sq yard: folds 
Xarren3571: folds 
Nadiyha2: raises $0.02 to $0.04
codzilla: calls $0.04
backdoor1: calls $0.04
Xx Leader Xx: folds 
abufirs: folds 
Dorex2007: calls $0.03
StormRage88: folds 
*** FLOP *** [Jc 9h 7c]
Dorex2007: checks 
Nadiyha2: bets $5.16 and is all-in
codzilla: folds 
backdoor1: calls $1.29 and is all-in
Dorex2007: folds 
Uncalled bet ($3.87) returned to Nadiyha2
*** TURN *** [Jc 9h 7c] [2s]
*** RIVER *** [Jc 9h 7c 2s] [5h]
*** SHOW DOWN ***
Nadiyha2: shows [9s Jh] (two pair, Jacks and Nines)
backdoor1: shows [Kc 9c] (a pair of Nines)
Nadiyha2 collected $2.66 from pot
backdoor1 cashed out the hand for $1.17 | Cash Out Fee $0.01
*** SUMMARY ***
Total pot $2.76 | Rake $0.10 
Board [Jc 9h 7c 2s 5h]
Seat 1: Nadiyha2 showed [9s Jh] and won ($2.66) with two pair, Jacks and Nines
Seat 2: codzilla folded on the Flop
Seat 3: backdoor1 showed [Kc 9c] and lost with a pair of Nines (cashed out).
Seat 4: Xx Leader Xx folded before Flop (didn't bet)
Seat 5: abufirs (button) folded before Flop (didn't bet)
Seat 6: Dorex2007 (small blind) folded on the Flop
Seat 7: StormRage88 (big blind) folded before Flop
Seat 8: sq yard folded before Flop (didn't bet)
Seat 9: Xarren3571 folded before Flop (didn't bet)



PokerStars Hand #224009056872:  Hold'em No Limit ($0.01/$0.02 USD) - 2021/02/19 17:33:48 PT [2021/02/19 20:33:48 ET]
Table 'Delphinus IV' 9-max Seat #6 is the button
Seat 1: Nadiyha2 ($6.53 in chips) 
Seat 2: codzilla ($1.95 in chips) 
Seat 3: backdoor1 ($1.17 in chips) 
Seat 4: Xx Leader Xx ($2.24 in chips) 
Seat 5: abufirs ($1.46 in chips) 
Seat 6: Dorex2007 ($1.11 in chips) 
Seat 7: StormRage88 ($2 in chips) 
Seat 8: sq yard ($3.97 in chips) 
Seat 9: Xarren3571 ($2.34 in chips) 
StormRage88: posts small blind $0.01
sq yard: posts big blind $0.02
*** HOLE CARDS ***
Dealt to Dorex2007 [Jd 5c]
Xarren3571: raises $0.02 to $0.04
Nadiyha2: calls $0.04
codzilla: calls $0.04
backdoor1: folds 
Xx Leader Xx: folds 
abufirs: folds 
Dorex2007: folds 
StormRage88: folds 
sq yard: calls $0.02
*** FLOP *** [2s 8c Jc]
sq yard: checks 
Xarren3571: checks 
Nadiyha2: bets $0.02
codzilla: folds 
sq yard: folds 
Xarren3571: calls $0.02
*** TURN *** [2s 8c Jc] [4d]
Xarren3571: checks 
Nadiyha2: bets $0.02
Xarren3571: calls $0.02
*** RIVER *** [2s 8c Jc 4d] [8s]
Xarren3571: checks 
Nadiyha2: bets $0.02
Xarren3571: calls $0.02
*** SHOW DOWN ***
Nadiyha2: shows [7c 4s] (two pair, Eights and Fours)
Xarren3571: mucks hand 
Nadiyha2 collected $0.28 from pot
*** SUMMARY ***
Total pot $0.29 | Rake $0.01 
Board [2s 8c Jc 4d 8s]
Seat 1: Nadiyha2 showed [7c 4s] and won ($0.28) with two pair, Eights and Fours
Seat 2: codzilla folded on the Flop
Seat 3: backdoor1 folded before Flop (didn't bet)
Seat 4: Xx Leader Xx folded before Flop (didn't bet)
Seat 5: abufirs folded before Flop (didn't bet)
Seat 6: Dorex2007 (button) folded before Flop (didn't bet)
Seat 7: StormRage88 (small blind) folded before Flop
Seat 8: sq yard (big blind) folded on the Flop
Seat 9: Xarren3571 mucked [Tc Ac]



PokerStars Hand #224009097116:  Hold'em No Limit ($0.01/$0.02 USD) - 2021/02/19 17:35:11 PT [2021/02/19 20:35:11 ET]
Table 'Delphinus IV' 9-max Seat #7 is the button
Seat 1: Nadiyha2 ($6.71 in chips) 
Seat 2: codzilla ($1.91 in chips) 
Seat 3: backdoor1 ($1.17 in chips) 
Seat 4: Xx Leader Xx ($2.24 in chips) 
Seat 5: abufirs ($1.46 in chips) 
Seat 6: Dorex2007 ($1.11 in chips) 
Seat 7: StormRage88 ($2 in chips) 
Seat 8: sq yard ($3.93 in chips) 
sq yard: posts small blind $0.01
Xarren3571: is sitting out 
Nadiyha2: posts big blind $0.02
*** HOLE CARDS ***
Dealt to Dorex2007 [Js 4d]
codzilla: folds 
Xarren3571 leaves the table
backdoor1: folds 
Xx Leader Xx: folds 
abufirs: folds 
Dorex2007: folds 
StormRage88: folds 
sq yard: calls $0.01
Nadiyha2: checks 
*** FLOP *** [Kd 6s 2d]
sq yard: bets $0.02
Nadiyha2: raises $0.08 to $0.10
sq yard: calls $0.08
*** TURN *** [Kd 6s 2d] [9c]
sq yard: checks 
Nadiyha2: bets $0.23
sq yard: calls $0.23
*** RIVER *** [Kd 6s 2d 9c] [2h]
sq yard: checks 
Nadiyha2: checks 
*** SHOW DOWN ***
sq yard: shows [Kh Ts] (two pair, Kings and Deuces)
Nadiyha2: mucks hand 
sq yard collected $0.68 from pot
*** SUMMARY ***
Total pot $0.70 | Rake $0.02 
Board [Kd 6s 2d 9c 2h]
Seat 1: Nadiyha2 (big blind) mucked [6h 3d]
Seat 2: codzilla folded before Flop (didn't bet)
Seat 3: backdoor1 folded before Flop (didn't bet)
Seat 4: Xx Leader Xx folded before Flop (didn't bet)
Seat 5: abufirs folded before Flop (didn't bet)
Seat 6: Dorex2007 folded before Flop (didn't bet)
Seat 7: StormRage88 (button) folded before Flop (didn't bet)
Seat 8: sq yard (small blind) showed [Kh Ts] and won ($0.68) with two pair, Kings and Deuces



PokerStars Hand #224009124278:  Hold'em No Limit ($0.01/$0.02 USD) - 2021/02/19 17:35:58 PT [2021/02/19 20:35:58 ET]
Table 'Delphinus IV' 9-max Seat #8 is the button
Seat 1: Nadiyha2 ($6.36 in chips) 
Seat 2: codzilla ($1.91 in chips) 
Seat 3: backdoor1 ($1.17 in chips) 
Seat 4: Xx Leader Xx ($2.24 in chips) 
Seat 5: abufirs ($1.46 in chips) 
Seat 6: Dorex2007 ($1.11 in chips) 
Seat 7: StormRage88 ($2 in chips) 
Seat 8: sq yard ($4.26 in chips) 
Nadiyha2: posts small blind $0.01
codzilla: posts big blind $0.02
*** HOLE CARDS ***
Dealt to Dorex2007 [3c 8d]
backdoor1: folds 
Xx Leader Xx: raises $0.02 to $0.04
abufirs: raises $0.08 to $0.12
Dorex2007: folds 
StormRage88: folds 
sq yard: folds 
Nadiyha2: calls $0.11
codzilla: folds 
Xx Leader Xx: calls $0.08
*** FLOP *** [Kh 9d 4d]
Nadiyha2: bets $0.37
Xx Leader Xx: folds 
abufirs: calls $0.37
*** TURN *** [Kh 9d 4d] [4h]
Nadiyha2: bets $1.08
abufirs: calls $0.97 and is all-in
Uncalled bet ($0.11) returned to Nadiyha2
*** RIVER *** [Kh 9d 4d 4h] [Qs]
*** SHOW DOWN ***
Nadiyha2: shows [As 9c] (two pair, Nines and Fours)
abufirs: shows [Kd Ks] (a full house, Kings full of Fours)
abufirs collected $2.95 from pot
*** SUMMARY ***
Total pot $3.06 | Rake $0.11 
Board [Kh 9d 4d 4h Qs]
Seat 1: Nadiyha2 (small blind) showed [As 9c] and lost with two pair, Nines and Fours
Seat 2: codzilla (big blind) folded before Flop
Seat 3: backdoor1 folded before Flop (didn't bet)
Seat 4: Xx Leader Xx folded on the Flop
Seat 5: abufirs showed [Kd Ks] and won ($2.95) with a full house, Kings full of Fours
Seat 6: Dorex2007 folded before Flop (didn't bet)
Seat 7: StormRage88 folded before Flop (didn't bet)
Seat 8: sq yard (button) folded before Flop (didn't bet)



PokerStars Hand #224009147994:  Hold'em No Limit ($0.01/$0.02 USD) - 2021/02/19 17:36:46 PT [2021/02/19 20:36:46 ET]
Table 'Delphinus IV' 9-max Seat #1 is the button
Seat 1: Nadiyha2 ($4.90 in chips) 
Seat 2: codzilla ($1.89 in chips) 
Seat 3: backdoor1 ($1.17 in chips) 
Seat 4: Xx Leader Xx ($2.12 in chips) 
Seat 5: abufirs ($2.95 in chips) 
Seat 6: Dorex2007 ($1.11 in chips) 
Seat 7: StormRage88 ($2 in chips) 
Seat 8: sq yard ($4.26 in chips) 
codzilla: posts small blind $0.01
backdoor1: posts big blind $0.02
*** HOLE CARDS ***
Dealt to Dorex2007 [2d 5d]
Xx Leader Xx: folds 
abufirs: folds 
Dorex2007: folds 
StormRage88: folds 
sq yard: folds 
Nadiyha2: calls $0.02
codzilla: calls $0.01
backdoor1: checks 
*** FLOP *** [Td 3d Jh]
codzilla: checks 
backdoor1: checks 
Nadiyha2: bets $0.03
codzilla: raises $0.12 to $0.15
backdoor1: calls $0.15
Nadiyha2: calls $0.12
*** TURN *** [Td 3d Jh] [3c]
codzilla: checks 
backdoor1: checks 
Nadiyha2: checks 
*** RIVER *** [Td 3d Jh 3c] [6c]
codzilla: bets $0.49
backdoor1: calls $0.49
rafinha1121 joins the table at seat #9 
Nadiyha2: folds 
*** SHOW DOWN ***
codzilla: shows [3h 3s] (four of a kind, Threes)
backdoor1: mucks hand 
codzilla collected $1.44 from pot
*** SUMMARY ***
Total pot $1.49 | Rake $0.05 
Board [Td 3d Jh 3c 6c]
Seat 1: Nadiyha2 (button) folded on the River
Seat 2: codzilla (small blind) showed [3h 3s] and won ($1.44) with four of a kind, Threes
Seat 3: backdoor1 (big blind) mucked [Tc Ad]
Seat 4: Xx Leader Xx folded before Flop (didn't bet)
Seat 5: abufirs folded before Flop (didn't bet)
Seat 6: Dorex2007 folded before Flop (didn't bet)
Seat 7: StormRage88 folded before Flop (didn't bet)
Seat 8: sq yard folded before Flop (didn't bet)



PokerStars Hand #224009170949:  Hold'em No Limit ($0.01/$0.02 USD) - 2021/02/19 17:37:42 PT [2021/02/19 20:37:42 ET]
Table 'Delphinus IV' 9-max Seat #2 is the button
Seat 1: Nadiyha2 ($4.73 in chips) 
Seat 2: codzilla ($2.67 in chips) 
Seat 3: backdoor1 ($0.51 in chips) 
Seat 4: Xx Leader Xx ($2.12 in chips) 
Seat 5: abufirs ($2.95 in chips) 
Seat 6: Dorex2007 ($1.11 in chips) 
Seat 7: StormRage88 ($2 in chips) 
Seat 8: sq yard ($4.26 in chips) 
backdoor1: posts small blind $0.01
Xx Leader Xx: posts big blind $0.02
rafinha1121: sits out 
*** HOLE CARDS ***
Dealt to Dorex2007 [6d 8s]
abufirs: calls $0.02
Dorex2007: folds 
StormRage88: folds 
sq yard: folds 
codzilla said, "nh"
Nadiyha2: calls $0.02
codzilla said, "ty"
codzilla: calls $0.02
backdoor1: folds 
Xx Leader Xx: checks 
*** FLOP *** [Th 8c 3d]
Xx Leader Xx: checks 
abufirs: checks 
Nadiyha2: bets $0.12
codzilla: calls $0.12
Xx Leader Xx: folds 
abufirs: calls $0.12
*** TURN *** [Th 8c 3d] [Kd]
abufirs: checks 
Nadiyha2: checks 
codzilla: bets $0.22
abufirs: raises $0.22 to $0.44
Nadiyha2: folds 
codzilla: calls $0.22
*** RIVER *** [Th 8c 3d Kd] [Kc]
abufirs: bets $0.64
codzilla: folds 
Uncalled bet ($0.64) returned to abufirs
abufirs collected $1.28 from pot
*** SUMMARY ***
Total pot $1.33 | Rake $0.05 
Board [Th 8c 3d Kd Kc]
Seat 1: Nadiyha2 folded on the Turn
Seat 2: codzilla (button) folded on the River
Seat 3: backdoor1 (small blind) folded before Flop
Seat 4: Xx Leader Xx (big blind) folded on the Flop
Seat 5: abufirs collected ($1.28)
Seat 6: Dorex2007 folded before Flop (didn't bet)
Seat 7: StormRage88 folded before Flop (didn't bet)
Seat 8: sq yard folded before Flop (didn't bet)



PokerStars Hand #224009205229:  Hold'em No Limit ($0.01/$0.02 USD) - 2021/02/19 17:39:05 PT [2021/02/19 20:39:05 ET]
Table 'Delphinus IV' 9-max Seat #3 is the button
Seat 1: Nadiyha2 ($4.59 in chips) 
Seat 2: codzilla ($2.09 in chips) 
Seat 3: backdoor1 ($0.50 in chips) 
Seat 4: Xx Leader Xx ($2.10 in chips) 
Seat 5: abufirs ($3.65 in chips) 
Seat 6: Dorex2007 ($1.11 in chips) 
Seat 7: StormRage88 ($2 in chips) 
Seat 8: sq yard ($4.26 in chips) 
Seat 9: rafinha1121 ($0.80 in chips) 
Xx Leader Xx: posts small blind $0.01
abufirs: posts big blind $0.02
rafinha1121: posts big blind $0.02
*** HOLE CARDS ***
Dealt to Dorex2007 [5h Js]
Dorex2007: folds 
StormRage88: folds 
sq yard: folds 
rafinha1121: checks 
Nadiyha2: raises $0.07 to $0.09
codzilla: calls $0.09
backdoor1: calls $0.09
Xx Leader Xx: folds 
abufirs: folds 
rafinha1121: calls $0.07
*** FLOP *** [7d Qh Ah]
rafinha1121: checks 
Nadiyha2: bets $0.38
codzilla: folds 
backdoor1: folds 
rafinha1121: calls $0.38
*** TURN *** [7d Qh Ah] [4d]
rafinha1121: bets $0.33 and is all-in
Nadiyha2: calls $0.33
*** RIVER *** [7d Qh Ah 4d] [7c]
*** SHOW DOWN ***
rafinha1121: shows [Ad 2s] (two pair, Aces and Sevens)
Nadiyha2: shows [Ks 3s] (a pair of Sevens)
rafinha1121 collected $1.75 from pot
*** SUMMARY ***
Total pot $1.81 | Rake $0.06 
Board [7d Qh Ah 4d 7c]
Seat 1: Nadiyha2 showed [Ks 3s] and lost with a pair of Sevens
Seat 2: codzilla folded on the Flop
Seat 3: backdoor1 (button) folded on the Flop
Seat 4: Xx Leader Xx (small blind) folded before Flop
Seat 5: abufirs (big blind) folded before Flop
Seat 6: Dorex2007 folded before Flop (didn't bet)
Seat 7: StormRage88 folded before Flop (didn't bet)
Seat 8: sq yard folded before Flop (didn't bet)
Seat 9: rafinha1121 showed [Ad 2s] and won ($1.75) with two pair, Aces and Sevens



PokerStars Hand #224009230491:  Hold'em No Limit ($0.01/$0.02 USD) - 2021/02/19 17:40:06 PT [2021/02/19 20:40:06 ET]
Table 'Delphinus IV' 9-max Seat #4 is the button
Seat 1: Nadiyha2 ($3.79 in chips) 
Seat 2: codzilla ($2 in chips) 
Seat 3: backdoor1 ($1.58 in chips) 
Seat 4: Xx Leader Xx ($2.09 in chips) 
Seat 5: abufirs ($3.63 in chips) 
Seat 6: Dorex2007 ($1.11 in chips) 
Seat 7: StormRage88 ($2 in chips) 
Seat 8: sq yard ($4.26 in chips) 
Seat 9: rafinha1121 ($1.75 in chips) 
abufirs: posts small blind $0.01
Dorex2007: posts big blind $0.02
*** HOLE CARDS ***
Dealt to Dorex2007 [Qc As]
StormRage88: folds 
sq yard: folds 
rafinha1121: folds 
Nadiyha2: calls $0.02
codzilla: folds 
backdoor1: raises $0.02 to $0.04
Xx Leader Xx: calls $0.04
abufirs: folds 
Dorex2007: raises $0.06 to $0.10
Nadiyha2: raises $0.06 to $0.16
backdoor1: calls $0.12
Xx Leader Xx: folds 
Dorex2007: calls $0.06
*** FLOP *** [7c 7h Ad]
Dorex2007: checks 
Nadiyha2: bets $0.51
backdoor1: folds 
Dorex2007: raises $0.44 to $0.95 and is all-in
Nadiyha2: calls $0.44
*** TURN *** [7c 7h Ad] [6h]
*** RIVER *** [7c 7h Ad 6h] [Kc]
*** SHOW DOWN ***
Dorex2007: shows [Qc As] (two pair, Aces and Sevens)
Nadiyha2: shows [8d 6c] (two pair, Sevens and Sixes)
Dorex2007 collected $2.34 from pot
*** SUMMARY ***
Total pot $2.43 | Rake $0.09 
Board [7c 7h Ad 6h Kc]
Seat 1: Nadiyha2 showed [8d 6c] and lost with two pair, Sevens and Sixes
Seat 2: codzilla folded before Flop (didn't bet)
Seat 3: backdoor1 folded on the Flop
Seat 4: Xx Leader Xx (button) folded before Flop
Seat 5: abufirs (small blind) folded before Flop
Seat 6: Dorex2007 (big blind) showed [Qc As] and won ($2.34) with two pair, Aces and Sevens
Seat 7: StormRage88 folded before Flop (didn't bet)
Seat 8: sq yard folded before Flop (didn't bet)
Seat 9: rafinha1121 folded before Flop (didn't bet)



PokerStars Hand #224009257903:  Hold'em No Limit ($0.01/$0.02 USD) - 2021/02/19 17:41:13 PT [2021/02/19 20:41:13 ET]
Table 'Delphinus IV' 9-max Seat #5 is the button
Seat 1: Nadiyha2 ($2.68 in chips) 
Seat 2: codzilla ($2 in chips) 
Seat 3: backdoor1 ($1.42 in chips) 
Seat 4: Xx Leader Xx ($2.05 in chips) 
Seat 5: abufirs ($3.62 in chips) 
Seat 6: Dorex2007 ($2.34 in chips) 
Seat 7: StormRage88 ($2 in chips) 
Seat 8: sq yard ($4.26 in chips) 
Seat 9: rafinha1121 ($1.75 in chips) 
Dorex2007: posts small blind $0.01
StormRage88: posts big blind $0.02
*** HOLE CARDS ***
Dealt to Dorex2007 [Kc 8h]
sq yard: calls $0.02
rafinha1121: folds 
Nadiyha2: raises $0.02 to $0.04
codzilla: folds 
backdoor1: raises $0.02 to $0.06
Xx Leader Xx: folds 
abufirs: calls $0.06
Dorex2007: folds 
StormRage88: folds 
sq yard: calls $0.04
Nadiyha2: calls $0.02
*** FLOP *** [Tc 5h Jc]
sq yard: checks 
Nadiyha2: checks 
backdoor1: bets $0.13
abufirs: calls $0.13
sq yard: calls $0.13
Nadiyha2: calls $0.13
*** TURN *** [Tc 5h Jc] [3s]
sq yard: checks 
Nadiyha2: checks 
backdoor1: checks 
abufirs: bets $0.38
sq yard: calls $0.38
Nadiyha2: folds 
backdoor1: calls $0.38
*** RIVER *** [Tc 5h Jc 3s] [Td]
sq yard: checks 
backdoor1: bets $0.85 and is all-in
abufirs: folds 
sq yard: folds 
Uncalled bet ($0.85) returned to backdoor1
backdoor1 collected $1.86 from pot
*** SUMMARY ***
Total pot $1.93 | Rake $0.07 
Board [Tc 5h Jc 3s Td]
Seat 1: Nadiyha2 folded on the Turn
Seat 2: codzilla folded before Flop (didn't bet)
Seat 3: backdoor1 collected ($1.86)
Seat 4: Xx Leader Xx folded before Flop (didn't bet)
Seat 5: abufirs (button) folded on the River
Seat 6: Dorex2007 (small blind) folded before Flop
Seat 7: StormRage88 (big blind) folded before Flop
Seat 8: sq yard folded on the River
Seat 9: rafinha1121 folded before Flop (didn't bet)



PokerStars Hand #224009295044:  Hold'em No Limit ($0.01/$0.02 USD) - 2021/02/19 17:42:44 PT [2021/02/19 20:42:44 ET]
Table 'Delphinus IV' 9-max Seat #6 is the button
Seat 1: Nadiyha2 ($2.49 in chips) 
Seat 2: codzilla ($2 in chips) 
Seat 3: backdoor1 ($2.71 in chips) 
Seat 4: Xx Leader Xx ($2.05 in chips) 
Seat 5: abufirs ($3.05 in chips) 
Seat 6: Dorex2007 ($2.33 in chips) 
Seat 7: StormRage88 ($2 in chips) 
Seat 8: sq yard ($3.69 in chips) 
Seat 9: rafinha1121 ($1.75 in chips) 
StormRage88: posts small blind $0.01
sq yard: posts big blind $0.02
*** HOLE CARDS ***
Dealt to Dorex2007 [9h 4h]
rafinha1121: calls $0.02
Nadiyha2: raises $0.02 to $0.04
codzilla: folds 
backdoor1: folds 
Xx Leader Xx: folds 
abufirs: folds 
Dorex2007: folds 
StormRage88: folds 
sq yard: calls $0.02
rafinha1121: calls $0.02
*** FLOP *** [6c Jd 6s]
sq yard: checks 
rafinha1121: checks 
Nadiyha2: bets $0.13
sq yard: folds 
rafinha1121: folds 
Uncalled bet ($0.13) returned to Nadiyha2
Nadiyha2 collected $0.13 from pot
Nadiyha2: doesn't show hand 
*** SUMMARY ***
Total pot $0.13 | Rake $0 
Board [6c Jd 6s]
Seat 1: Nadiyha2 collected ($0.13)
Seat 2: codzilla folded before Flop (didn't bet)
Seat 3: backdoor1 folded before Flop (didn't bet)
Seat 4: Xx Leader Xx folded before Flop (didn't bet)
Seat 5: abufirs folded before Flop (didn't bet)
Seat 6: Dorex2007 (button) folded before Flop (didn't bet)
Seat 7: StormRage88 (small blind) folded before Flop
Seat 8: sq yard (big blind) folded on the Flop
Seat 9: rafinha1121 folded on the Flop



PokerStars Hand #224009311636:  Hold'em No Limit ($0.01/$0.02 USD) - 2021/02/19 17:43:16 PT [2021/02/19 20:43:16 ET]
Table 'Delphinus IV' 9-max Seat #7 is the button
Seat 1: Nadiyha2 ($2.58 in chips) 
Seat 2: codzilla ($2 in chips) 
Seat 3: backdoor1 ($2.71 in chips) 
Seat 4: Xx Leader Xx ($2.05 in chips) 
Seat 5: abufirs ($3.05 in chips) 
Seat 6: Dorex2007 ($2.33 in chips) 
Seat 7: StormRage88 ($2 in chips) 
Seat 8: sq yard ($3.65 in chips) 
Seat 9: rafinha1121 ($1.71 in chips) 
sq yard: posts small blind $0.01
rafinha1121: posts big blind $0.02
*** HOLE CARDS ***
Dealt to Dorex2007 [As 9h]
Nadiyha2: raises $0.05 to $0.07
codzilla: folds 
backdoor1: folds 
Xx Leader Xx: folds 
abufirs: calls $0.07
Dorex2007: folds 
StormRage88: folds 
sq yard: folds 
rafinha1121: calls $0.05
*** FLOP *** [4c Th 2c]
rafinha1121: checks 
Nadiyha2: bets $0.22
abufirs: folds 
rafinha1121: folds 
Uncalled bet ($0.22) returned to Nadiyha2
Nadiyha2 collected $0.21 from pot
Nadiyha2: doesn't show hand 
*** SUMMARY ***
Total pot $0.22 | Rake $0.01 
Board [4c Th 2c]
Seat 1: Nadiyha2 collected ($0.21)
Seat 2: codzilla folded before Flop (didn't bet)
Seat 3: backdoor1 folded before Flop (didn't bet)
Seat 4: Xx Leader Xx folded before Flop (didn't bet)
Seat 5: abufirs folded on the Flop
Seat 6: Dorex2007 folded before Flop (didn't bet)
Seat 7: StormRage88 (button) folded before Flop (didn't bet)
Seat 8: sq yard (small blind) folded before Flop
Seat 9: rafinha1121 (big blind) folded on the Flop



PokerStars Hand #224009326374:  Hold'em No Limit ($0.01/$0.02 USD) - 2021/02/19 17:43:52 PT [2021/02/19 20:43:52 ET]
Table 'Delphinus IV' 9-max Seat #8 is the button
Seat 1: Nadiyha2 ($2.72 in chips) 
Seat 2: codzilla ($2 in chips) 
Seat 3: backdoor1 ($2.71 in chips) 
Seat 4: Xx Leader Xx ($2.05 in chips) 
Seat 5: abufirs ($2.98 in chips) 
Seat 6: Dorex2007 ($2.33 in chips) 
Seat 7: StormRage88 ($2 in chips) 
Seat 8: sq yard ($3.64 in chips) 
Seat 9: rafinha1121 ($1.64 in chips) 
rafinha1121: posts small blind $0.01
Nadiyha2: posts big blind $0.02
*** HOLE CARDS ***
Dealt to Dorex2007 [9h 4h]
codzilla: folds 
backdoor1: raises $0.02 to $0.04
Xx Leader Xx: folds 
abufirs: folds 
Dorex2007: folds 
StormRage88: folds 
sq yard: folds 
rafinha1121: calls $0.03
codzilla leaves the table
Nadiyha2: raises $0.02 to $0.06
backdoor1: calls $0.02
TheWanderingBan joins the table at seat #2 
rafinha1121: calls $0.02
*** FLOP *** [6s Ac Ad]
rafinha1121: checks 
Nadiyha2: bets $0.09
backdoor1: folds 
rafinha1121: calls $0.09
*** TURN *** [6s Ac Ad] [Qs]
rafinha1121: checks 
Nadiyha2: checks 
*** RIVER *** [6s Ac Ad Qs] [5h]
rafinha1121: bets $0.35
Nadiyha2: calls $0.35
*** SHOW DOWN ***
rafinha1121: shows [Tc Ah] (three of a kind, Aces)
Nadiyha2: mucks hand 
rafinha1121 collected $1.02 from pot
*** SUMMARY ***
Total pot $1.06 | Rake $0.04 
Board [6s Ac Ad Qs 5h]
Seat 1: Nadiyha2 (big blind) mucked [Ks 8h]
Seat 2: codzilla folded before Flop (didn't bet)
Seat 3: backdoor1 folded on the Flop
Seat 4: Xx Leader Xx folded before Flop (didn't bet)
Seat 5: abufirs folded before Flop (didn't bet)
Seat 6: Dorex2007 folded before Flop (didn't bet)
Seat 7: StormRage88 folded before Flop (didn't bet)
Seat 8: sq yard (button) folded before Flop (didn't bet)
Seat 9: rafinha1121 (small blind) showed [Tc Ah] and won ($1.02) with three of a kind, Aces



