PokerStars Hand #223634051565:  Hold'em No Limit ($0.01/$0.02 USD) - 2021/02/09 19:45:33 PT [2021/02/09 22:45:33 ET]
Table 'Alstede V' 9-max Seat #5 is the button
Seat 1: Maugly1982 ($1.86 in chips) 
Seat 2: GUILLE 1308 ($1.68 in chips) 
Seat 3: tomashovka55 ($3.43 in chips) 
Seat 4: Dorex2007 ($1.50 in chips) 
Seat 5: Ivan19_0614 ($0.89 in chips) 
Seat 6: alitam11 ($1.90 in chips) 
Seat 8: Arimateja ($0.90 in chips) 
Seat 9: bicalho88 ($0.45 in chips) 
alitam11: posts small blind $0.01
Arimateja: posts big blind $0.02
Dorex2007: posts big blind $0.02
*** HOLE CARDS ***
Dealt to Dorex2007 [Qh Kc]
bicalho88: calls $0.02
Maugly1982: calls $0.02
GUILLE 1308: folds 
tomashovka55: folds 
Dorex2007: checks 
Ivan19_0614: calls $0.02
alitam11: folds 
Arimateja: checks 
*** FLOP *** [2h Kd 4c]
Arimateja: checks 
bicalho88: checks 
Maugly1982: checks 
Dorex2007: bets $0.11
Ivan19_0614: folds 
Arimateja: folds 
bicalho88: folds 
Maugly1982: folds 
Uncalled bet ($0.11) returned to Dorex2007
Dorex2007 collected $0.11 from pot
Dorex2007: doesn't show hand 
*** SUMMARY ***
Total pot $0.11 | Rake $0 
Board [2h Kd 4c]
Seat 1: Maugly1982 folded on the Flop
Seat 2: GUILLE 1308 folded before Flop (didn't bet)
Seat 3: tomashovka55 folded before Flop (didn't bet)
Seat 4: Dorex2007 collected ($0.11)
Seat 5: Ivan19_0614 (button) folded on the Flop
Seat 6: alitam11 (small blind) folded before Flop
Seat 8: Arimateja (big blind) folded on the Flop
Seat 9: bicalho88 folded on the Flop



PokerStars Hand #223634063712:  Hold'em No Limit ($0.01/$0.02 USD) - 2021/02/09 19:46:19 PT [2021/02/09 22:46:19 ET]
Table 'Alstede V' 9-max Seat #6 is the button
Seat 1: Maugly1982 ($1.84 in chips) 
Seat 2: GUILLE 1308 ($1.68 in chips) 
Seat 3: tomashovka55 ($3.43 in chips) 
Seat 4: Dorex2007 ($1.59 in chips) 
Seat 5: Ivan19_0614 ($0.87 in chips) 
Seat 6: alitam11 ($1.89 in chips) 
Seat 8: Arimateja ($0.88 in chips) 
Seat 9: bicalho88 ($0.43 in chips) 
Arimateja: posts small blind $0.01
bicalho88: posts big blind $0.02
*** HOLE CARDS ***
Dealt to Dorex2007 [Ac 2s]
Maugly1982: folds 
GUILLE 1308: folds 
tomashovka55: raises $0.04 to $0.06
Dorex2007: folds 
Ivan19_0614: calls $0.06
alitam11: folds 
Arimateja: folds 
bicalho88: calls $0.04
*** FLOP *** [8c 3d Ts]
bicalho88: checks 
tomashovka55: bets $0.12
Ivan19_0614: folds 
bicalho88: folds 
Uncalled bet ($0.12) returned to tomashovka55
tomashovka55 collected $0.18 from pot
tomashovka55: doesn't show hand 
*** SUMMARY ***
Total pot $0.19 | Rake $0.01 
Board [8c 3d Ts]
Seat 1: Maugly1982 folded before Flop (didn't bet)
Seat 2: GUILLE 1308 folded before Flop (didn't bet)
Seat 3: tomashovka55 collected ($0.18)
Seat 4: Dorex2007 folded before Flop (didn't bet)
Seat 5: Ivan19_0614 folded on the Flop
Seat 6: alitam11 (button) folded before Flop (didn't bet)
Seat 8: Arimateja (small blind) folded before Flop
Seat 9: bicalho88 (big blind) folded on the Flop



PokerStars Hand #223634071584:  Hold'em No Limit ($0.01/$0.02 USD) - 2021/02/09 19:46:50 PT [2021/02/09 22:46:50 ET]
Table 'Alstede V' 9-max Seat #8 is the button
Seat 1: Maugly1982 ($1.84 in chips) 
Seat 2: GUILLE 1308 ($1.68 in chips) 
Seat 3: tomashovka55 ($3.55 in chips) 
Seat 4: Dorex2007 ($1.59 in chips) 
Seat 5: Ivan19_0614 ($0.81 in chips) 
Seat 6: alitam11 ($1.89 in chips) 
Seat 7: zanshin46 ($1.33 in chips) 
Seat 8: Arimateja ($0.87 in chips) 
Seat 9: bicalho88 ($0.37 in chips) 
bicalho88: posts small blind $0.01
Maugly1982: posts big blind $0.02
zanshin46: posts small & big blinds $0.03
*** HOLE CARDS ***
Dealt to Dorex2007 [Ac As]
GUILLE 1308: folds 
tomashovka55: folds 
Dorex2007: raises $0.04 to $0.06
Ivan19_0614: calls $0.06
alitam11: folds 
zanshin46: calls $0.04
Arimateja: folds 
bicalho88: calls $0.05
Maugly1982: calls $0.04
*** FLOP *** [6c Qh Jc]
bicalho88: checks 
Maugly1982: checks 
Dorex2007: bets $0.30
Ivan19_0614: calls $0.30
zanshin46: folds 
bicalho88: folds 
Maugly1982: folds 
*** TURN *** [6c Qh Jc] [Tc]
Dorex2007: bets $0.88
Ivan19_0614: calls $0.45 and is all-in
Uncalled bet ($0.43) returned to Dorex2007
*** RIVER *** [6c Qh Jc Tc] [9c]
*** SHOW DOWN ***
Dorex2007: shows [Ac As] (a flush, Ace high)
Ivan19_0614: shows [Qc 5d] (a flush, Queen high)
Dorex2007 collected $1.75 from pot
*** SUMMARY ***
Total pot $1.81 | Rake $0.06 
Board [6c Qh Jc Tc 9c]
Seat 1: Maugly1982 (big blind) folded on the Flop
Seat 2: GUILLE 1308 folded before Flop (didn't bet)
Seat 3: tomashovka55 folded before Flop (didn't bet)
Seat 4: Dorex2007 showed [Ac As] and won ($1.75) with a flush, Ace high
Seat 5: Ivan19_0614 showed [Qc 5d] and lost with a flush, Queen high
Seat 6: alitam11 folded before Flop (didn't bet)
Seat 7: zanshin46 folded on the Flop
Seat 8: Arimateja (button) folded before Flop (didn't bet)
Seat 9: bicalho88 (small blind) folded on the Flop



PokerStars Hand #223634088441:  Hold'em No Limit ($0.01/$0.02 USD) - 2021/02/09 19:47:45 PT [2021/02/09 22:47:45 ET]
Table 'Alstede V' 9-max Seat #9 is the button
Seat 1: Maugly1982 ($1.78 in chips) 
Seat 2: GUILLE 1308 ($1.68 in chips) 
Seat 3: tomashovka55 ($3.55 in chips) 
Seat 4: Dorex2007 ($2.53 in chips) 
Seat 6: alitam11 ($1.89 in chips) 
Seat 7: zanshin46 ($1.26 in chips) 
Seat 8: Arimateja ($0.87 in chips) 
Seat 9: bicalho88 ($0.31 in chips) 
Maugly1982: posts small blind $0.01
GUILLE 1308: posts big blind $0.02
*** HOLE CARDS ***
Dealt to Dorex2007 [5c 9c]
tomashovka55: folds 
Dorex2007: folds 
alitam11: folds 
zanshin46: folds 
Arimateja: folds 
bicalho88: raises $0.02 to $0.04
Maugly1982: raises $0.12 to $0.16
GUILLE 1308: folds 
bicalho88: raises $0.15 to $0.31 and is all-in
Maugly1982: calls $0.15
*** FLOP *** [As 9s 4s]
*** TURN *** [As 9s 4s] [3h]
*** RIVER *** [As 9s 4s 3h] [6h]
*** SHOW DOWN ***
Maugly1982: shows [Ks Kc] (a pair of Kings)
bicalho88: shows [5h Ah] (a pair of Aces)
bicalho88 collected $0.62 from pot
*** SUMMARY ***
Total pot $0.64 | Rake $0.02 
Board [As 9s 4s 3h 6h]
Seat 1: Maugly1982 (small blind) showed [Ks Kc] and lost with a pair of Kings
Seat 2: GUILLE 1308 (big blind) folded before Flop
Seat 3: tomashovka55 folded before Flop (didn't bet)
Seat 4: Dorex2007 folded before Flop (didn't bet)
Seat 6: alitam11 folded before Flop (didn't bet)
Seat 7: zanshin46 folded before Flop (didn't bet)
Seat 8: Arimateja folded before Flop (didn't bet)
Seat 9: bicalho88 (button) showed [5h Ah] and won ($0.62) with a pair of Aces



PokerStars Hand #223634099348:  Hold'em No Limit ($0.01/$0.02 USD) - 2021/02/09 19:48:27 PT [2021/02/09 22:48:27 ET]
Table 'Alstede V' 9-max Seat #1 is the button
Seat 1: Maugly1982 ($1.47 in chips) 
Seat 2: GUILLE 1308 ($1.66 in chips) 
Seat 3: tomashovka55 ($3.55 in chips) 
Seat 4: Dorex2007 ($2.53 in chips) 
Seat 6: alitam11 ($1.89 in chips) 
Seat 8: Arimateja ($0.87 in chips) 
Seat 9: bicalho88 ($0.62 in chips) 
GUILLE 1308: posts small blind $0.01
tomashovka55: posts big blind $0.02
*** HOLE CARDS ***
Dealt to Dorex2007 [3s 3h]
Dorex2007: calls $0.02
Ivan19_0614 leaves the table
alitam11: folds 
Arimateja: folds 
Xaxaec joins the table at seat #5 
bicalho88: calls $0.02
Maugly1982: folds 
GUILLE 1308: calls $0.01
tomashovka55: checks 
*** FLOP *** [5h 3d Td]
GUILLE 1308: checks 
tomashovka55: checks 
Dorex2007: bets $0.04
bicalho88: folds 
GUILLE 1308: calls $0.04
tomashovka55: folds 
*** TURN *** [5h 3d Td] [9c]
GUILLE 1308: checks 
Dorex2007: bets $0.15
GUILLE 1308: calls $0.15
*** RIVER *** [5h 3d Td 9c] [5s]
GUILLE 1308: checks 
Dorex2007: bets $0.44
GUILLE 1308: calls $0.44
*** SHOW DOWN ***
Dorex2007: shows [3s 3h] (a full house, Threes full of Fives)
GUILLE 1308: mucks hand 
Dorex2007 collected $1.29 from pot
*** SUMMARY ***
Total pot $1.34 | Rake $0.05 
Board [5h 3d Td 9c 5s]
Seat 1: Maugly1982 (button) folded before Flop (didn't bet)
Seat 2: GUILLE 1308 (small blind) mucked [Jd Th]
Seat 3: tomashovka55 (big blind) folded on the Flop
Seat 4: Dorex2007 showed [3s 3h] and won ($1.29) with a full house, Threes full of Fives
Seat 6: alitam11 folded before Flop (didn't bet)
Seat 8: Arimateja folded before Flop (didn't bet)
Seat 9: bicalho88 folded on the Flop



PokerStars Hand #223634117863:  Hold'em No Limit ($0.01/$0.02 USD) - 2021/02/09 19:49:38 PT [2021/02/09 22:49:38 ET]
Table 'Alstede V' 9-max Seat #2 is the button
Seat 1: Maugly1982 ($1.47 in chips) 
Seat 2: GUILLE 1308 ($1.01 in chips) 
Seat 3: tomashovka55 ($3.53 in chips) 
Seat 4: Dorex2007 ($3.17 in chips) 
Seat 6: alitam11 ($1.89 in chips) 
Seat 8: Arimateja ($0.87 in chips) 
Seat 9: bicalho88 ($0.60 in chips) 
tomashovka55: posts small blind $0.01
Dorex2007: posts big blind $0.02
Xaxaec: sits out 
*** HOLE CARDS ***
Dealt to Dorex2007 [Ts 5d]
alitam11: folds 
Arimateja: calls $0.02
bicalho88: folds 
Maugly1982: folds 
GUILLE 1308: folds 
tomashovka55: folds 
Dorex2007: checks 
*** FLOP *** [Qh 3d 8c]
Dorex2007: checks 
Arimateja: checks 
*** TURN *** [Qh 3d 8c] [7c]
Dorex2007: checks 
Arimateja: checks 
*** RIVER *** [Qh 3d 8c 7c] [7h]
Dorex2007: checks 
Arimateja: checks 
*** SHOW DOWN ***
Dorex2007: shows [Ts 5d] (a pair of Sevens)
Arimateja: shows [3h Kh] (two pair, Sevens and Threes)
Arimateja collected $0.05 from pot
*** SUMMARY ***
Total pot $0.05 | Rake $0 
Board [Qh 3d 8c 7c 7h]
Seat 1: Maugly1982 folded before Flop (didn't bet)
Seat 2: GUILLE 1308 (button) folded before Flop (didn't bet)
Seat 3: tomashovka55 (small blind) folded before Flop
Seat 4: Dorex2007 (big blind) showed [Ts 5d] and lost with a pair of Sevens
Seat 6: alitam11 folded before Flop (didn't bet)
Seat 8: Arimateja showed [3h Kh] and won ($0.05) with two pair, Sevens and Threes
Seat 9: bicalho88 folded before Flop (didn't bet)



PokerStars Hand #223634131261:  Hold'em No Limit ($0.01/$0.02 USD) - 2021/02/09 19:50:24 PT [2021/02/09 22:50:24 ET]
Table 'Alstede V' 9-max Seat #3 is the button
Seat 1: Maugly1982 ($1.47 in chips) 
Seat 2: GUILLE 1308 ($1.01 in chips) 
Seat 3: tomashovka55 ($3.52 in chips) 
Seat 4: Dorex2007 ($3.15 in chips) 
Seat 5: Xaxaec ($1 in chips) 
Seat 6: alitam11 ($1.89 in chips) 
Seat 8: Arimateja ($0.90 in chips) 
Seat 9: bicalho88 ($0.60 in chips) 
Dorex2007: posts small blind $0.01
Xaxaec: posts big blind $0.02
*** HOLE CARDS ***
Dealt to Dorex2007 [6s Ts]
alitam11: folds 
Arimateja: folds 
bicalho88: raises $0.02 to $0.04
Maugly1982: calls $0.04
GUILLE 1308: calls $0.04
tomashovka55: calls $0.04
Dorex2007: folds 
Xaxaec: calls $0.02
*** FLOP *** [Jc Th 5s]
Xaxaec: checks 
bicalho88: bets $0.10
Maugly1982: folds 
GUILLE 1308: folds 
tomashovka55: folds 
Xaxaec: calls $0.10
*** TURN *** [Jc Th 5s] [5h]
Xaxaec: checks 
bicalho88: bets $0.46 and is all-in
Xaxaec: calls $0.46
*** RIVER *** [Jc Th 5s 5h] [2s]
*** SHOW DOWN ***
Xaxaec: shows [9s Qh] (a pair of Fives)
bicalho88: shows [Td Kh] (two pair, Tens and Fives)
bicalho88 collected $1.28 from pot
*** SUMMARY ***
Total pot $1.33 | Rake $0.05 
Board [Jc Th 5s 5h 2s]
Seat 1: Maugly1982 folded on the Flop
Seat 2: GUILLE 1308 folded on the Flop
Seat 3: tomashovka55 (button) folded on the Flop
Seat 4: Dorex2007 (small blind) folded before Flop
Seat 5: Xaxaec (big blind) showed [9s Qh] and lost with a pair of Fives
Seat 6: alitam11 folded before Flop (didn't bet)
Seat 8: Arimateja folded before Flop (didn't bet)
Seat 9: bicalho88 showed [Td Kh] and won ($1.28) with two pair, Tens and Fives



PokerStars Hand #223634149121:  Hold'em No Limit ($0.01/$0.02 USD) - 2021/02/09 19:51:34 PT [2021/02/09 22:51:34 ET]
Table 'Alstede V' 9-max Seat #4 is the button
Seat 1: Maugly1982 ($1.43 in chips) 
Seat 2: GUILLE 1308 ($0.97 in chips) 
Seat 3: tomashovka55 ($3.48 in chips) 
Seat 4: Dorex2007 ($3.14 in chips) 
Seat 5: Xaxaec ($0.40 in chips) 
Seat 6: alitam11 ($1.89 in chips) 
Seat 7: zanshin46 ($1.26 in chips) 
Seat 8: Arimateja ($0.90 in chips) 
Seat 9: bicalho88 ($1.28 in chips) 
Xaxaec: posts small blind $0.01
alitam11: posts big blind $0.02
*** HOLE CARDS ***
Dealt to Dorex2007 [6h 8c]
zanshin46: calls $0.02
Arimateja: raises $0.02 to $0.04
bicalho88: folds 
Maugly1982: folds 
GUILLE 1308: calls $0.04
tomashovka55: folds 
Dorex2007: folds 
Xaxaec: folds 
alitam11: folds 
zanshin46: calls $0.02
*** FLOP *** [7s 4d 2s]
zanshin46: checks 
Arimateja: bets $0.08
GUILLE 1308: folds 
zanshin46: calls $0.08
*** TURN *** [7s 4d 2s] [9s]
zanshin46: checks 
Arimateja: bets $0.15
zanshin46: folds 
Uncalled bet ($0.15) returned to Arimateja
Arimateja collected $0.30 from pot
*** SUMMARY ***
Total pot $0.31 | Rake $0.01 
Board [7s 4d 2s 9s]
Seat 1: Maugly1982 folded before Flop (didn't bet)
Seat 2: GUILLE 1308 folded on the Flop
Seat 3: tomashovka55 folded before Flop (didn't bet)
Seat 4: Dorex2007 (button) folded before Flop (didn't bet)
Seat 5: Xaxaec (small blind) folded before Flop
Seat 6: alitam11 (big blind) folded before Flop
Seat 7: zanshin46 folded on the Turn
Seat 8: Arimateja collected ($0.30)
Seat 9: bicalho88 folded before Flop (didn't bet)



PokerStars Hand #223634163322:  Hold'em No Limit ($0.01/$0.02 USD) - 2021/02/09 19:52:28 PT [2021/02/09 22:52:28 ET]
Table 'Alstede V' 9-max Seat #5 is the button
Seat 1: Maugly1982 ($1.43 in chips) 
Seat 2: GUILLE 1308 ($0.93 in chips) 
Seat 3: tomashovka55 ($3.48 in chips) 
Seat 4: Dorex2007 ($3.14 in chips) 
Seat 5: Xaxaec ($0.39 in chips) 
Seat 6: alitam11 ($1.87 in chips) 
Seat 7: zanshin46 ($1.14 in chips) 
Seat 8: Arimateja ($1.08 in chips) 
Seat 9: bicalho88 ($1.28 in chips) 
alitam11: posts small blind $0.01
zanshin46: posts big blind $0.02
*** HOLE CARDS ***
Dealt to Dorex2007 [6h Qh]
Arimateja: folds 
bicalho88: folds 
Maugly1982: raises $0.05 to $0.07
GUILLE 1308: folds 
tomashovka55: folds 
Dorex2007: folds 
Xaxaec: folds 
alitam11: folds 
zanshin46: calls $0.05
*** FLOP *** [9h 8s 8h]
zanshin46: checks 
Maugly1982: bets $0.14
zanshin46: folds 
Uncalled bet ($0.14) returned to Maugly1982
Maugly1982 collected $0.14 from pot
Maugly1982: doesn't show hand 
*** SUMMARY ***
Total pot $0.15 | Rake $0.01 
Board [9h 8s 8h]
Seat 1: Maugly1982 collected ($0.14)
Seat 2: GUILLE 1308 folded before Flop (didn't bet)
Seat 3: tomashovka55 folded before Flop (didn't bet)
Seat 4: Dorex2007 folded before Flop (didn't bet)
Seat 5: Xaxaec (button) folded before Flop (didn't bet)
Seat 6: alitam11 (small blind) folded before Flop
Seat 7: zanshin46 (big blind) folded on the Flop
Seat 8: Arimateja folded before Flop (didn't bet)
Seat 9: bicalho88 folded before Flop (didn't bet)



PokerStars Hand #223634184195:  Hold'em No Limit ($0.01/$0.02 USD) - 2021/02/09 19:53:26 PT [2021/02/09 22:53:26 ET]
Table 'Alstede V' 9-max Seat #6 is the button
Seat 1: Maugly1982 ($1.50 in chips) 
Seat 2: GUILLE 1308 ($0.93 in chips) 
Seat 3: tomashovka55 ($3.48 in chips) 
Seat 4: Dorex2007 ($3.14 in chips) 
Seat 5: Xaxaec ($0.39 in chips) 
Seat 6: alitam11 ($1.86 in chips) 
Seat 7: zanshin46 ($1.07 in chips) 
Seat 8: Arimateja ($1.08 in chips) 
Seat 9: bicalho88 ($1.28 in chips) 
zanshin46: posts small blind $0.01
Arimateja: posts big blind $0.02
*** HOLE CARDS ***
Dealt to Dorex2007 [As 5s]
bicalho88: folds 
Maugly1982: folds 
GUILLE 1308: folds 
tomashovka55: folds 
Dorex2007: calls $0.02
Xaxaec: folds 
alitam11: raises $0.06 to $0.08
zanshin46: calls $0.07
Arimateja: folds 
Dorex2007: folds 
*** FLOP *** [7s 3c 8s]
zanshin46: checks 
alitam11: checks 
*** TURN *** [7s 3c 8s] [8c]
zanshin46: bets $0.06
alitam11: folds 
Uncalled bet ($0.06) returned to zanshin46
zanshin46 collected $0.19 from pot
zanshin46: doesn't show hand 
*** SUMMARY ***
Total pot $0.20 | Rake $0.01 
Board [7s 3c 8s 8c]
Seat 1: Maugly1982 folded before Flop (didn't bet)
Seat 2: GUILLE 1308 folded before Flop (didn't bet)
Seat 3: tomashovka55 folded before Flop (didn't bet)
Seat 4: Dorex2007 folded before Flop
Seat 5: Xaxaec folded before Flop (didn't bet)
Seat 6: alitam11 (button) folded on the Turn
Seat 7: zanshin46 (small blind) collected ($0.19)
Seat 8: Arimateja (big blind) folded before Flop
Seat 9: bicalho88 folded before Flop (didn't bet)



PokerStars Hand #223634197196:  Hold'em No Limit ($0.01/$0.02 USD) - 2021/02/09 19:54:17 PT [2021/02/09 22:54:17 ET]
Table 'Alstede V' 9-max Seat #7 is the button
Seat 1: Maugly1982 ($1.50 in chips) 
Seat 2: GUILLE 1308 ($0.93 in chips) 
Seat 3: tomashovka55 ($3.48 in chips) 
Seat 4: Dorex2007 ($3.12 in chips) 
Seat 5: Xaxaec ($0.39 in chips) 
Seat 6: alitam11 ($1.78 in chips) 
Seat 7: zanshin46 ($1.18 in chips) 
Seat 8: Arimateja ($1.06 in chips) 
Seat 9: bicalho88 ($1.28 in chips) 
Arimateja: posts small blind $0.01
bicalho88: posts big blind $0.02
*** HOLE CARDS ***
Dealt to Dorex2007 [Ah Ts]
Maugly1982: folds 
GUILLE 1308: calls $0.02
tomashovka55: folds 
Dorex2007: calls $0.02
Xaxaec: folds 
alitam11: calls $0.02
zanshin46: folds 
Arimateja: folds 
bicalho88: checks 
*** FLOP *** [Qh 9h 2c]
bicalho88: checks 
GUILLE 1308: checks 
Dorex2007: checks 
alitam11: checks 
*** TURN *** [Qh 9h 2c] [8d]
bicalho88: checks 
GUILLE 1308: bets $0.02
Dorex2007: folds 
alitam11: calls $0.02
bicalho88: calls $0.02
*** RIVER *** [Qh 9h 2c 8d] [Ks]
bicalho88: checks 
GUILLE 1308: bets $0.02
alitam11: folds 
bicalho88: folds 
Uncalled bet ($0.02) returned to GUILLE 1308
GUILLE 1308 collected $0.14 from pot
GUILLE 1308: doesn't show hand 
*** SUMMARY ***
Total pot $0.15 | Rake $0.01 
Board [Qh 9h 2c 8d Ks]
Seat 1: Maugly1982 folded before Flop (didn't bet)
Seat 2: GUILLE 1308 collected ($0.14)
Seat 3: tomashovka55 folded before Flop (didn't bet)
Seat 4: Dorex2007 folded on the Turn
Seat 5: Xaxaec folded before Flop (didn't bet)
Seat 6: alitam11 folded on the River
Seat 7: zanshin46 (button) folded before Flop (didn't bet)
Seat 8: Arimateja (small blind) folded before Flop
Seat 9: bicalho88 (big blind) folded on the River



PokerStars Hand #223634218164:  Hold'em No Limit ($0.01/$0.02 USD) - 2021/02/09 19:55:46 PT [2021/02/09 22:55:46 ET]
Table 'Alstede V' 9-max Seat #8 is the button
Seat 1: Maugly1982 ($1.50 in chips) 
Seat 2: GUILLE 1308 ($1.03 in chips) 
Seat 3: tomashovka55 ($3.48 in chips) 
Seat 4: Dorex2007 ($3.10 in chips) 
Seat 5: Xaxaec ($0.39 in chips) 
Seat 6: alitam11 ($1.74 in chips) 
Seat 7: zanshin46 ($1.18 in chips) 
Seat 8: Arimateja ($1.05 in chips) 
Seat 9: bicalho88 ($1.24 in chips) 
bicalho88: posts small blind $0.01
Maugly1982: posts big blind $0.02
*** HOLE CARDS ***
Dealt to Dorex2007 [8s 9s]
GUILLE 1308: folds 
tomashovka55: folds 
Dorex2007: folds 
Xaxaec: folds 
alitam11: folds 
zanshin46: folds 
Arimateja: folds 
bicalho88: folds 
Uncalled bet ($0.01) returned to Maugly1982
Maugly1982 collected $0.02 from pot
Maugly1982: doesn't show hand 
*** SUMMARY ***
Total pot $0.02 | Rake $0 
Seat 1: Maugly1982 (big blind) collected ($0.02)
Seat 2: GUILLE 1308 folded before Flop (didn't bet)
Seat 3: tomashovka55 folded before Flop (didn't bet)
Seat 4: Dorex2007 folded before Flop (didn't bet)
Seat 5: Xaxaec folded before Flop (didn't bet)
Seat 6: alitam11 folded before Flop (didn't bet)
Seat 7: zanshin46 folded before Flop (didn't bet)
Seat 8: Arimateja (button) folded before Flop (didn't bet)
Seat 9: bicalho88 (small blind) folded before Flop



PokerStars Hand #223634221363:  Hold'em No Limit ($0.01/$0.02 USD) - 2021/02/09 19:56:02 PT [2021/02/09 22:56:02 ET]
Table 'Alstede V' 9-max Seat #9 is the button
Seat 1: Maugly1982 ($1.51 in chips) 
Seat 2: GUILLE 1308 ($1.03 in chips) 
Seat 3: tomashovka55 ($3.48 in chips) 
Seat 4: Dorex2007 ($3.10 in chips) 
Seat 5: Xaxaec ($0.39 in chips) 
Seat 6: alitam11 ($1.74 in chips) 
Seat 7: zanshin46 ($1.18 in chips) 
Seat 8: Arimateja ($1.05 in chips) 
Seat 9: bicalho88 ($1.23 in chips) 
Maugly1982: posts small blind $0.01
GUILLE 1308: posts big blind $0.02
*** HOLE CARDS ***
Dealt to Dorex2007 [3d Qs]
tomashovka55: folds 
Dorex2007: folds 
Xaxaec: folds 
alitam11: raises $0.03 to $0.05
zanshin46: calls $0.05
Arimateja: folds 
bicalho88: folds 
Maugly1982: folds 
GUILLE 1308: calls $0.03
*** FLOP *** [8s 8h Ks]
GUILLE 1308: checks 
alitam11: checks 
zanshin46: bets $0.05
GUILLE 1308: folds 
alitam11: folds 
Uncalled bet ($0.05) returned to zanshin46
zanshin46 collected $0.15 from pot
zanshin46: doesn't show hand 
*** SUMMARY ***
Total pot $0.16 | Rake $0.01 
Board [8s 8h Ks]
Seat 1: Maugly1982 (small blind) folded before Flop
Seat 2: GUILLE 1308 (big blind) folded on the Flop
Seat 3: tomashovka55 folded before Flop (didn't bet)
Seat 4: Dorex2007 folded before Flop (didn't bet)
Seat 5: Xaxaec folded before Flop (didn't bet)
Seat 6: alitam11 folded on the Flop
Seat 7: zanshin46 collected ($0.15)
Seat 8: Arimateja folded before Flop (didn't bet)
Seat 9: bicalho88 (button) folded before Flop (didn't bet)



PokerStars Hand #223634229158:  Hold'em No Limit ($0.01/$0.02 USD) - 2021/02/09 19:56:39 PT [2021/02/09 22:56:39 ET]
Table 'Alstede V' 9-max Seat #1 is the button
Seat 1: Maugly1982 ($1.50 in chips) 
Seat 2: GUILLE 1308 ($0.98 in chips) 
Seat 3: tomashovka55 ($3.48 in chips) 
Seat 4: Dorex2007 ($3.10 in chips) 
Seat 5: Xaxaec ($0.39 in chips) 
Seat 6: alitam11 ($1.69 in chips) 
Seat 7: zanshin46 ($1.28 in chips) 
Seat 8: Arimateja ($1.05 in chips) 
Seat 9: bicalho88 ($1.23 in chips) 
GUILLE 1308: posts small blind $0.01
tomashovka55: posts big blind $0.02
*** HOLE CARDS ***
Dealt to Dorex2007 [3c 9h]
Dorex2007: folds 
Xaxaec: folds 
alitam11: folds 
zanshin46: folds 
Arimateja: raises $0.02 to $0.04
bicalho88: calls $0.04
Maugly1982: folds 
GUILLE 1308: folds 
tomashovka55: calls $0.02
*** FLOP *** [2d Tc Kh]
tomashovka55: checks 
Arimateja: bets $0.04
bicalho88: calls $0.04
tomashovka55: calls $0.04
*** TURN *** [2d Tc Kh] [3s]
tomashovka55: checks 
Arimateja: checks 
bicalho88: checks 
*** RIVER *** [2d Tc Kh 3s] [7d]
tomashovka55: checks 
Arimateja: checks 
bicalho88: bets $0.12
tomashovka55: folds 
Arimateja: folds 
Uncalled bet ($0.12) returned to bicalho88
bicalho88 collected $0.24 from pot
bicalho88: doesn't show hand 
*** SUMMARY ***
Total pot $0.25 | Rake $0.01 
Board [2d Tc Kh 3s 7d]
Seat 1: Maugly1982 (button) folded before Flop (didn't bet)
Seat 2: GUILLE 1308 (small blind) folded before Flop
Seat 3: tomashovka55 (big blind) folded on the River
Seat 4: Dorex2007 folded before Flop (didn't bet)
Seat 5: Xaxaec folded before Flop (didn't bet)
Seat 6: alitam11 folded before Flop (didn't bet)
Seat 7: zanshin46 folded before Flop (didn't bet)
Seat 8: Arimateja folded on the River
Seat 9: bicalho88 collected ($0.24)



PokerStars Hand #223634242267:  Hold'em No Limit ($0.01/$0.02 USD) - 2021/02/09 19:57:43 PT [2021/02/09 22:57:43 ET]
Table 'Alstede V' 9-max Seat #2 is the button
Seat 1: Maugly1982 ($1.50 in chips) 
Seat 2: GUILLE 1308 ($0.97 in chips) 
Seat 3: tomashovka55 ($3.40 in chips) 
Seat 4: Dorex2007 ($3.10 in chips) 
Seat 5: Xaxaec ($0.39 in chips) 
Seat 6: alitam11 ($2 in chips) 
Seat 7: zanshin46 ($1.28 in chips) 
Seat 8: Arimateja ($0.97 in chips) 
Seat 9: bicalho88 ($1.39 in chips) 
tomashovka55: posts small blind $0.01
Dorex2007: posts big blind $0.02
*** HOLE CARDS ***
Dealt to Dorex2007 [3h 4d]
Xaxaec: folds 
alitam11: folds 
zanshin46: folds 
Arimateja: folds 
bicalho88: raises $0.02 to $0.04
Maugly1982: folds 
GUILLE 1308: folds 
tomashovka55: raises $0.14 to $0.18
Dorex2007: folds 
bicalho88: calls $0.14
*** FLOP *** [Kh 2h Qh]
tomashovka55: bets $0.26
bicalho88: folds 
Uncalled bet ($0.26) returned to tomashovka55
tomashovka55 collected $0.37 from pot
tomashovka55: doesn't show hand 
*** SUMMARY ***
Total pot $0.38 | Rake $0.01 
Board [Kh 2h Qh]
Seat 1: Maugly1982 folded before Flop (didn't bet)
Seat 2: GUILLE 1308 (button) folded before Flop (didn't bet)
Seat 3: tomashovka55 (small blind) collected ($0.37)
Seat 4: Dorex2007 (big blind) folded before Flop
Seat 5: Xaxaec folded before Flop (didn't bet)
Seat 6: alitam11 folded before Flop (didn't bet)
Seat 7: zanshin46 folded before Flop (didn't bet)
Seat 8: Arimateja folded before Flop (didn't bet)
Seat 9: bicalho88 folded on the Flop



PokerStars Hand #223634251418:  Hold'em No Limit ($0.01/$0.02 USD) - 2021/02/09 19:58:27 PT [2021/02/09 22:58:27 ET]
Table 'Alstede V' 9-max Seat #3 is the button
Seat 1: Maugly1982 ($1.50 in chips) 
Seat 2: GUILLE 1308 ($0.97 in chips) 
Seat 3: tomashovka55 ($3.59 in chips) 
Seat 4: Dorex2007 ($3.08 in chips) 
Seat 5: Xaxaec ($0.39 in chips) 
Seat 6: alitam11 ($2 in chips) 
Seat 7: zanshin46 ($1.28 in chips) 
Seat 8: Arimateja ($0.97 in chips) 
Seat 9: bicalho88 ($1.21 in chips) 
Dorex2007: posts small blind $0.01
Xaxaec: posts big blind $0.02
*** HOLE CARDS ***
Dealt to Dorex2007 [4h Td]
alitam11: folds 
zanshin46: calls $0.02
Arimateja: folds 
bicalho88: folds 
Maugly1982: folds 
GUILLE 1308: folds 
tomashovka55: folds 
Dorex2007: folds 
Xaxaec: raises $0.04 to $0.06
zanshin46: calls $0.04
*** FLOP *** [Ac Ad 9c]
Xaxaec: bets $0.02
zanshin46: calls $0.02
*** TURN *** [Ac Ad 9c] [6d]
Xaxaec: bets $0.05
zanshin46: folds 
Uncalled bet ($0.05) returned to Xaxaec
Xaxaec collected $0.16 from pot
Xaxaec: doesn't show hand 
*** SUMMARY ***
Total pot $0.17 | Rake $0.01 
Board [Ac Ad 9c 6d]
Seat 1: Maugly1982 folded before Flop (didn't bet)
Seat 2: GUILLE 1308 folded before Flop (didn't bet)
Seat 3: tomashovka55 (button) folded before Flop (didn't bet)
Seat 4: Dorex2007 (small blind) folded before Flop
Seat 5: Xaxaec (big blind) collected ($0.16)
Seat 6: alitam11 folded before Flop (didn't bet)
Seat 7: zanshin46 folded on the Turn
Seat 8: Arimateja folded before Flop (didn't bet)
Seat 9: bicalho88 folded before Flop (didn't bet)



PokerStars Hand #223634260124:  Hold'em No Limit ($0.01/$0.02 USD) - 2021/02/09 19:59:09 PT [2021/02/09 22:59:09 ET]
Table 'Alstede V' 9-max Seat #4 is the button
Seat 1: Maugly1982 ($1.50 in chips) 
Seat 2: GUILLE 1308 ($0.97 in chips) 
Seat 3: tomashovka55 ($3.59 in chips) 
Seat 4: Dorex2007 ($3.07 in chips) 
Seat 5: Xaxaec ($0.47 in chips) 
Seat 6: alitam11 ($2 in chips) 
Seat 7: zanshin46 ($1.20 in chips) 
Seat 8: Arimateja ($0.97 in chips) 
Seat 9: bicalho88 ($1.21 in chips) 
Xaxaec: posts small blind $0.01
alitam11: posts big blind $0.02
*** HOLE CARDS ***
Dealt to Dorex2007 [Js Tc]
zanshin46: folds 
Arimateja: folds 
bicalho88 has timed out
bicalho88: folds 
Maugly1982: folds 
GUILLE 1308: folds 
tomashovka55: folds 
Dorex2007: raises $0.04 to $0.06
Xaxaec: calls $0.05
alitam11: folds 
*** FLOP *** [2h 8h 4c]
Xaxaec: bets $0.11
Dorex2007: folds 
Uncalled bet ($0.11) returned to Xaxaec
Xaxaec collected $0.14 from pot
Xaxaec: doesn't show hand 
*** SUMMARY ***
Total pot $0.14 | Rake $0 
Board [2h 8h 4c]
Seat 1: Maugly1982 folded before Flop (didn't bet)
Seat 2: GUILLE 1308 folded before Flop (didn't bet)
Seat 3: tomashovka55 folded before Flop (didn't bet)
Seat 4: Dorex2007 (button) folded on the Flop
Seat 5: Xaxaec (small blind) collected ($0.14)
Seat 6: alitam11 (big blind) folded before Flop
Seat 7: zanshin46 folded before Flop (didn't bet)
Seat 8: Arimateja folded before Flop (didn't bet)
Seat 9: bicalho88 folded before Flop (didn't bet)



PokerStars Hand #223634269956:  Hold'em No Limit ($0.01/$0.02 USD) - 2021/02/09 19:59:57 PT [2021/02/09 22:59:57 ET]
Table 'Alstede V' 9-max Seat #5 is the button
Seat 1: Maugly1982 ($1.50 in chips) 
Seat 2: GUILLE 1308 ($0.97 in chips) 
Seat 3: tomashovka55 ($3.59 in chips) 
Seat 4: Dorex2007 ($3.01 in chips) 
Seat 5: Xaxaec ($0.55 in chips) 
Seat 6: alitam11 ($1.98 in chips) 
Seat 7: zanshin46 ($1.20 in chips) 
Seat 8: Arimateja ($0.97 in chips) 
Seat 9: bicalho88 ($1.21 in chips) 
alitam11: posts small blind $0.01
zanshin46: posts big blind $0.02
*** HOLE CARDS ***
Dealt to Dorex2007 [Qc 6h]
Arimateja: folds 
bicalho88: folds 
Maugly1982: folds 
GUILLE 1308: calls $0.02
tomashovka55: folds 
Dorex2007: folds 
Xaxaec: raises $0.04 to $0.06
alitam11: folds 
zanshin46: folds 
GUILLE 1308: calls $0.04
*** FLOP *** [2c 4c 6c]
GUILLE 1308: checks 
Xaxaec: bets $0.08
GUILLE 1308: folds 
Uncalled bet ($0.08) returned to Xaxaec
Xaxaec collected $0.14 from pot
Xaxaec: doesn't show hand 
*** SUMMARY ***
Total pot $0.15 | Rake $0.01 
Board [2c 4c 6c]
Seat 1: Maugly1982 folded before Flop (didn't bet)
Seat 2: GUILLE 1308 folded on the Flop
Seat 3: tomashovka55 folded before Flop (didn't bet)
Seat 4: Dorex2007 folded before Flop (didn't bet)
Seat 5: Xaxaec (button) collected ($0.14)
Seat 6: alitam11 (small blind) folded before Flop
Seat 7: zanshin46 (big blind) folded before Flop
Seat 8: Arimateja folded before Flop (didn't bet)
Seat 9: bicalho88 folded before Flop (didn't bet)



PokerStars Hand #223634278518:  Hold'em No Limit ($0.01/$0.02 USD) - 2021/02/09 20:00:34 PT [2021/02/09 23:00:34 ET]
Table 'Alstede V' 9-max Seat #6 is the button
Seat 1: Maugly1982 ($1.50 in chips) 
Seat 2: GUILLE 1308 ($0.91 in chips) 
Seat 3: tomashovka55 ($3.59 in chips) 
Seat 4: Dorex2007 ($3.01 in chips) 
Seat 5: Xaxaec ($0.63 in chips) 
Seat 6: alitam11 ($1.97 in chips) 
Seat 8: Arimateja ($0.97 in chips) 
Seat 9: bicalho88 ($1.21 in chips) 
Arimateja: posts small blind $0.01
bicalho88: posts big blind $0.02
*** HOLE CARDS ***
Dealt to Dorex2007 [Tc Ts]
Maugly1982: folds 
GUILLE 1308: calls $0.02
tomashovka55: folds 
Dorex2007: raises $0.04 to $0.06
Xaxaec: folds 
alitam11: folds 
Arimateja: folds 
bicalho88: folds 
GUILLE 1308: calls $0.04
*** FLOP *** [Jc Ah 7d]
GUILLE 1308: checks 
Dorex2007: bets $0.14
GUILLE 1308: calls $0.14
*** TURN *** [Jc Ah 7d] [6c]
GUILLE 1308: checks 
Dorex2007: checks 
*** RIVER *** [Jc Ah 7d 6c] [9h]
GUILLE 1308: checks 
Dorex2007: checks 
*** SHOW DOWN ***
GUILLE 1308: shows [Qc Qs] (a pair of Queens)
Dorex2007: mucks hand 
GUILLE 1308 collected $0.41 from pot
*** SUMMARY ***
Total pot $0.43 | Rake $0.02 
Board [Jc Ah 7d 6c 9h]
Seat 1: Maugly1982 folded before Flop (didn't bet)
Seat 2: GUILLE 1308 showed [Qc Qs] and won ($0.41) with a pair of Queens
Seat 3: tomashovka55 folded before Flop (didn't bet)
Seat 4: Dorex2007 mucked [Tc Ts]
Seat 5: Xaxaec folded before Flop (didn't bet)
Seat 6: alitam11 (button) folded before Flop (didn't bet)
Seat 8: Arimateja (small blind) folded before Flop
Seat 9: bicalho88 (big blind) folded before Flop



PokerStars Hand #223634293567:  Hold'em No Limit ($0.01/$0.02 USD) - 2021/02/09 20:01:21 PT [2021/02/09 23:01:21 ET]
Table 'Alstede V' 9-max Seat #8 is the button
Seat 1: Maugly1982 ($1.50 in chips) 
Seat 2: GUILLE 1308 ($1.12 in chips) 
Seat 3: tomashovka55 ($3.59 in chips) 
Seat 4: Dorex2007 ($2.81 in chips) 
Seat 5: Xaxaec ($0.63 in chips) 
Seat 6: alitam11 ($1.97 in chips) 
Seat 8: Arimateja ($0.96 in chips) 
Seat 9: bicalho88 ($1.19 in chips) 
bicalho88: posts small blind $0.01
Maugly1982: posts big blind $0.02
*** HOLE CARDS ***
Dealt to Dorex2007 [8c 6s]
GUILLE 1308: folds 
tomashovka55: folds 
Dorex2007: folds 
Xaxaec: raises $0.04 to $0.06
alitam11: folds 
Arimateja: folds 
bicalho88: folds 
Maugly1982: folds 
Uncalled bet ($0.04) returned to Xaxaec
Xaxaec collected $0.05 from pot
Xaxaec: doesn't show hand 
*** SUMMARY ***
Total pot $0.05 | Rake $0 
Seat 1: Maugly1982 (big blind) folded before Flop
Seat 2: GUILLE 1308 folded before Flop (didn't bet)
Seat 3: tomashovka55 folded before Flop (didn't bet)
Seat 4: Dorex2007 folded before Flop (didn't bet)
Seat 5: Xaxaec collected ($0.05)
Seat 6: alitam11 folded before Flop (didn't bet)
Seat 8: Arimateja (button) folded before Flop (didn't bet)
Seat 9: bicalho88 (small blind) folded before Flop



PokerStars Hand #223634301627:  Hold'em No Limit ($0.01/$0.02 USD) - 2021/02/09 20:01:53 PT [2021/02/09 23:01:53 ET]
Table 'Alstede V' 9-max Seat #9 is the button
Seat 1: Maugly1982 ($1.48 in chips) 
Seat 2: GUILLE 1308 ($1.12 in chips) 
Seat 3: tomashovka55 ($3.59 in chips) 
Seat 4: Dorex2007 ($2.81 in chips) 
Seat 5: Xaxaec ($0.66 in chips) 
Seat 6: alitam11 ($1.97 in chips) 
Seat 8: Arimateja ($0.96 in chips) 
Seat 9: bicalho88 ($1.18 in chips) 
Maugly1982: posts small blind $0.01
GUILLE 1308: posts big blind $0.02
zanshin46: sits out 
*** HOLE CARDS ***
Dealt to Dorex2007 [2h 4d]
tomashovka55: folds 
Dorex2007: folds 
Xaxaec: folds 
alitam11: folds 
Arimateja: folds 
bicalho88: folds 
Maugly1982: raises $0.04 to $0.06
GUILLE 1308: folds 
Uncalled bet ($0.04) returned to Maugly1982
Maugly1982 collected $0.04 from pot
Maugly1982: doesn't show hand 
*** SUMMARY ***
Total pot $0.04 | Rake $0 
Seat 1: Maugly1982 (small blind) collected ($0.04)
Seat 2: GUILLE 1308 (big blind) folded before Flop
Seat 3: tomashovka55 folded before Flop (didn't bet)
Seat 4: Dorex2007 folded before Flop (didn't bet)
Seat 5: Xaxaec folded before Flop (didn't bet)
Seat 6: alitam11 folded before Flop (didn't bet)
Seat 8: Arimateja folded before Flop (didn't bet)
Seat 9: bicalho88 (button) folded before Flop (didn't bet)



PokerStars Hand #223634310465:  Hold'em No Limit ($0.01/$0.02 USD) - 2021/02/09 20:02:09 PT [2021/02/09 23:02:09 ET]
Table 'Alstede V' 9-max Seat #1 is the button
Seat 1: Maugly1982 ($1.50 in chips) 
Seat 2: GUILLE 1308 ($1.10 in chips) 
Seat 3: tomashovka55 ($3.59 in chips) 
Seat 4: Dorex2007 ($2.81 in chips) 
Seat 5: Xaxaec ($0.66 in chips) 
Seat 6: alitam11 ($1.97 in chips) 
Seat 8: Arimateja ($0.96 in chips) 
Seat 9: bicalho88 ($1.18 in chips) 
GUILLE 1308: posts small blind $0.01
tomashovka55: posts big blind $0.02
zanshin46: sits out 
*** HOLE CARDS ***
Dealt to Dorex2007 [Ks 3s]
Dorex2007: folds 
Xaxaec: folds 
alitam11: raises $0.03 to $0.05
Arimateja: folds 
bicalho88: folds 
Maugly1982: folds 
GUILLE 1308: folds 
tomashovka55: folds 
Uncalled bet ($0.03) returned to alitam11
alitam11 collected $0.05 from pot
*** SUMMARY ***
Total pot $0.05 | Rake $0 
Seat 1: Maugly1982 (button) folded before Flop (didn't bet)
Seat 2: GUILLE 1308 (small blind) folded before Flop
Seat 3: tomashovka55 (big blind) folded before Flop
Seat 4: Dorex2007 folded before Flop (didn't bet)
Seat 5: Xaxaec folded before Flop (didn't bet)
Seat 6: alitam11 collected ($0.05)
Seat 8: Arimateja folded before Flop (didn't bet)
Seat 9: bicalho88 folded before Flop (didn't bet)



PokerStars Hand #223634316903:  Hold'em No Limit ($0.01/$0.02 USD) - 2021/02/09 20:02:35 PT [2021/02/09 23:02:35 ET]
Table 'Alstede V' 9-max Seat #2 is the button
Seat 1: Maugly1982 ($1.50 in chips) 
Seat 2: GUILLE 1308 ($1.09 in chips) 
Seat 3: tomashovka55 ($3.57 in chips) 
Seat 4: Dorex2007 ($2.81 in chips) 
Seat 5: Xaxaec ($0.66 in chips) 
Seat 6: alitam11 ($2 in chips) 
Seat 7: zanshin46 ($1.18 in chips) 
Seat 8: Arimateja ($0.96 in chips) 
Seat 9: bicalho88 ($1.18 in chips) 
tomashovka55: posts small blind $0.01
Dorex2007: posts big blind $0.02
zanshin46: posts small blind $0.01
*** HOLE CARDS ***
Dealt to Dorex2007 [3c 4d]
Xaxaec: folds 
alitam11: folds 
zanshin46: folds 
Arimateja: folds 
bicalho88: folds 
Maugly1982: raises $0.06 to $0.08
GUILLE 1308: folds 
tomashovka55: folds 
Dorex2007: folds 
Uncalled bet ($0.06) returned to Maugly1982
Maugly1982 collected $0.06 from pot
Maugly1982: doesn't show hand 
*** SUMMARY ***
Total pot $0.06 | Rake $0 
Seat 1: Maugly1982 collected ($0.06)
Seat 2: GUILLE 1308 (button) folded before Flop (didn't bet)
Seat 3: tomashovka55 (small blind) folded before Flop
Seat 4: Dorex2007 (big blind) folded before Flop
Seat 5: Xaxaec folded before Flop (didn't bet)
Seat 6: alitam11 folded before Flop (didn't bet)
Seat 7: zanshin46 folded before Flop (didn't bet)
Seat 8: Arimateja folded before Flop (didn't bet)
Seat 9: bicalho88 folded before Flop (didn't bet)



PokerStars Hand #223634322598:  Hold'em No Limit ($0.01/$0.02 USD) - 2021/02/09 20:02:58 PT [2021/02/09 23:02:58 ET]
Table 'Alstede V' 9-max Seat #3 is the button
Seat 1: Maugly1982 ($1.54 in chips) 
Seat 2: GUILLE 1308 ($1.09 in chips) 
Seat 3: tomashovka55 ($3.56 in chips) 
Seat 4: Dorex2007 ($2.79 in chips) 
Seat 5: Xaxaec ($0.66 in chips) 
Seat 6: alitam11 ($2 in chips) 
Seat 7: zanshin46 ($1.17 in chips) 
Seat 8: Arimateja ($0.96 in chips) 
Seat 9: bicalho88 ($1.18 in chips) 
Dorex2007: posts small blind $0.01
Xaxaec: posts big blind $0.02
*** HOLE CARDS ***
Dealt to Dorex2007 [2h 6d]
alitam11: folds 
zanshin46: folds 
Arimateja: raises $0.02 to $0.04
bicalho88: folds 
Maugly1982: raises $0.11 to $0.15
GUILLE 1308: calls $0.15
tomashovka55: folds 
Dorex2007: folds 
Xaxaec: folds 
Arimateja: folds 
*** FLOP *** [6c 2d Jc]
Maugly1982: bets $0.18
GUILLE 1308: calls $0.18
*** TURN *** [6c 2d Jc] [9h]
Maugly1982: bets $0.35
GUILLE 1308: calls $0.35
*** RIVER *** [6c 2d Jc 9h] [5h]
Maugly1982: bets $0.69
GUILLE 1308: folds 
Uncalled bet ($0.69) returned to Maugly1982
Maugly1982 collected $1.38 from pot
Maugly1982: doesn't show hand 
*** SUMMARY ***
Total pot $1.43 | Rake $0.05 
Board [6c 2d Jc 9h 5h]
Seat 1: Maugly1982 collected ($1.38)
Seat 2: GUILLE 1308 folded on the River
Seat 3: tomashovka55 (button) folded before Flop (didn't bet)
Seat 4: Dorex2007 (small blind) folded before Flop
Seat 5: Xaxaec (big blind) folded before Flop
Seat 6: alitam11 folded before Flop (didn't bet)
Seat 7: zanshin46 folded before Flop (didn't bet)
Seat 8: Arimateja folded before Flop
Seat 9: bicalho88 folded before Flop (didn't bet)



PokerStars Hand #223634335515:  Hold'em No Limit ($0.01/$0.02 USD) - 2021/02/09 20:03:51 PT [2021/02/09 23:03:51 ET]
Table 'Alstede V' 9-max Seat #4 is the button
Seat 1: Maugly1982 ($2.24 in chips) 
Seat 2: GUILLE 1308 ($0.41 in chips) 
Seat 3: tomashovka55 ($3.56 in chips) 
Seat 4: Dorex2007 ($2.78 in chips) 
Seat 5: Xaxaec ($0.64 in chips) 
Seat 6: alitam11 ($2 in chips) 
Seat 8: Arimateja ($0.92 in chips) 
Seat 9: bicalho88 ($1.18 in chips) 
Xaxaec: posts small blind $0.01
alitam11: posts big blind $0.02
*** HOLE CARDS ***
Dealt to Dorex2007 [As Kd]
Arimateja: folds 
bicalho88 has timed out
bicalho88: folds 
Maugly1982: folds 
GUILLE 1308: folds 
tomashovka55: raises $0.03 to $0.05
Dorex2007: calls $0.05
Xaxaec: raises $0.03 to $0.08
alitam11: folds 
tomashovka55: calls $0.03
Dorex2007: calls $0.03
*** FLOP *** [4c 4s Ad]
Xaxaec: checks 
tomashovka55: checks 
Dorex2007: bets $0.25
Xaxaec: folds 
tomashovka55: folds 
Uncalled bet ($0.25) returned to Dorex2007
Dorex2007 collected $0.25 from pot
Dorex2007: doesn't show hand 
*** SUMMARY ***
Total pot $0.26 | Rake $0.01 
Board [4c 4s Ad]
Seat 1: Maugly1982 folded before Flop (didn't bet)
Seat 2: GUILLE 1308 folded before Flop (didn't bet)
Seat 3: tomashovka55 folded on the Flop
Seat 4: Dorex2007 (button) collected ($0.25)
Seat 5: Xaxaec (small blind) folded on the Flop
Seat 6: alitam11 (big blind) folded before Flop
Seat 8: Arimateja folded before Flop (didn't bet)
Seat 9: bicalho88 folded before Flop (didn't bet)



PokerStars Hand #223634349337:  Hold'em No Limit ($0.01/$0.02 USD) - 2021/02/09 20:04:48 PT [2021/02/09 23:04:48 ET]
Table 'Alstede V' 9-max Seat #5 is the button
Seat 1: Maugly1982 ($2.24 in chips) 
Seat 2: GUILLE 1308 ($0.41 in chips) 
Seat 3: tomashovka55 ($3.48 in chips) 
Seat 4: Dorex2007 ($2.95 in chips) 
Seat 5: Xaxaec ($0.56 in chips) 
Seat 6: alitam11 ($1.98 in chips) 
Seat 7: zanshin46 ($1.17 in chips) 
Seat 8: Arimateja ($0.92 in chips) 
Seat 9: bicalho88 ($1.18 in chips) 
alitam11: posts small blind $0.01
zanshin46: posts big blind $0.02
*** HOLE CARDS ***
Dealt to Dorex2007 [Td Ks]
Arimateja: folds 
bicalho88: folds 
Maugly1982: folds 
GUILLE 1308: calls $0.02
tomashovka55: folds 
Dorex2007: calls $0.02
Xaxaec: calls $0.02
alitam11: folds 
zanshin46: checks 
*** FLOP *** [6c 3s 8h]
zanshin46: checks 
GUILLE 1308: checks 
Dorex2007: checks 
Xaxaec: checks 
*** TURN *** [6c 3s 8h] [8s]
zanshin46: checks 
GUILLE 1308: checks 
Dorex2007: checks 
Xaxaec: checks 
*** RIVER *** [6c 3s 8h 8s] [8d]
zanshin46: bets $0.09
GUILLE 1308: folds 
Dorex2007: folds 
Xaxaec: folds 
Uncalled bet ($0.09) returned to zanshin46
zanshin46 collected $0.09 from pot
zanshin46: doesn't show hand 
*** SUMMARY ***
Total pot $0.09 | Rake $0 
Board [6c 3s 8h 8s 8d]
Seat 1: Maugly1982 folded before Flop (didn't bet)
Seat 2: GUILLE 1308 folded on the River
Seat 3: tomashovka55 folded before Flop (didn't bet)
Seat 4: Dorex2007 folded on the River
Seat 5: Xaxaec (button) folded on the River
Seat 6: alitam11 (small blind) folded before Flop
Seat 7: zanshin46 (big blind) collected ($0.09)
Seat 8: Arimateja folded before Flop (didn't bet)
Seat 9: bicalho88 folded before Flop (didn't bet)



PokerStars Hand #223634364630:  Hold'em No Limit ($0.01/$0.02 USD) - 2021/02/09 20:05:51 PT [2021/02/09 23:05:51 ET]
Table 'Alstede V' 9-max Seat #6 is the button
Seat 1: Maugly1982 ($2.24 in chips) 
Seat 2: GUILLE 1308 ($0.39 in chips) 
Seat 3: tomashovka55 ($3.48 in chips) 
Seat 4: Dorex2007 ($2.93 in chips) 
Seat 5: Xaxaec ($0.54 in chips) 
Seat 6: alitam11 ($1.97 in chips) 
Seat 7: zanshin46 ($1.24 in chips) 
Seat 8: Arimateja ($0.92 in chips) 
Seat 9: bicalho88 ($1.18 in chips) 
zanshin46: posts small blind $0.01
Arimateja: posts big blind $0.02
*** HOLE CARDS ***
Dealt to Dorex2007 [Qs Kh]
bicalho88: folds 
Maugly1982: folds 
GUILLE 1308: folds 
tomashovka55: folds 
Dorex2007: calls $0.02
Xaxaec: folds 
alitam11: folds 
zanshin46: folds 
Arimateja: checks 
*** FLOP *** [Ks As 8c]
Arimateja: checks 
Dorex2007: checks 
*** TURN *** [Ks As 8c] [9h]
Arimateja: checks 
Dorex2007: checks 
*** RIVER *** [Ks As 8c 9h] [Jc]
Arimateja: checks 
Dorex2007: checks 
*** SHOW DOWN ***
Arimateja: shows [3s 4s] (high card Ace)
Dorex2007: shows [Qs Kh] (a pair of Kings)
Dorex2007 collected $0.05 from pot
*** SUMMARY ***
Total pot $0.05 | Rake $0 
Board [Ks As 8c 9h Jc]
Seat 1: Maugly1982 folded before Flop (didn't bet)
Seat 2: GUILLE 1308 folded before Flop (didn't bet)
Seat 3: tomashovka55 folded before Flop (didn't bet)
Seat 4: Dorex2007 showed [Qs Kh] and won ($0.05) with a pair of Kings
Seat 5: Xaxaec folded before Flop (didn't bet)
Seat 6: alitam11 (button) folded before Flop (didn't bet)
Seat 7: zanshin46 (small blind) folded before Flop
Seat 8: Arimateja (big blind) showed [3s 4s] and lost with high card Ace
Seat 9: bicalho88 folded before Flop (didn't bet)



PokerStars Hand #223634376905:  Hold'em No Limit ($0.01/$0.02 USD) - 2021/02/09 20:06:33 PT [2021/02/09 23:06:33 ET]
Table 'Alstede V' 9-max Seat #7 is the button
Seat 1: Maugly1982 ($2.24 in chips) 
Seat 2: GUILLE 1308 ($0.39 in chips) 
Seat 3: tomashovka55 ($3.48 in chips) 
Seat 4: Dorex2007 ($2.96 in chips) 
Seat 5: Xaxaec ($0.54 in chips) 
Seat 6: alitam11 ($1.97 in chips) 
Seat 7: zanshin46 ($1.23 in chips) 
Seat 8: Arimateja ($0.90 in chips) 
Seat 9: bicalho88 ($1.18 in chips) 
Arimateja: posts small blind $0.01
bicalho88: posts big blind $0.02
*** HOLE CARDS ***
Dealt to Dorex2007 [Kc 5h]
Maugly1982: folds 
GUILLE 1308: calls $0.02
tomashovka55: raises $0.04 to $0.06
Dorex2007: folds 
Xaxaec: folds 
alitam11: folds 
zanshin46: calls $0.06
Arimateja: folds 
bicalho88: folds 
GUILLE 1308: calls $0.04
*** FLOP *** [7c 5c 3c]
GUILLE 1308: checks 
tomashovka55: checks 
zanshin46: bets $0.04
GUILLE 1308: raises $0.29 to $0.33 and is all-in
tomashovka55: folds 
zanshin46: calls $0.29
*** TURN *** [7c 5c 3c] [6d]
*** RIVER *** [7c 5c 3c 6d] [As]
*** SHOW DOWN ***
GUILLE 1308: shows [Ac Tc] (a flush, Ace high)
zanshin46: shows [Jc Qc] (a flush, Queen high)
GUILLE 1308 collected $0.84 from pot
*** SUMMARY ***
Total pot $0.87 | Rake $0.03 
Board [7c 5c 3c 6d As]
Seat 1: Maugly1982 folded before Flop (didn't bet)
Seat 2: GUILLE 1308 showed [Ac Tc] and won ($0.84) with a flush, Ace high
Seat 3: tomashovka55 folded on the Flop
Seat 4: Dorex2007 folded before Flop (didn't bet)
Seat 5: Xaxaec folded before Flop (didn't bet)
Seat 6: alitam11 folded before Flop (didn't bet)
Seat 7: zanshin46 (button) showed [Jc Qc] and lost with a flush, Queen high
Seat 8: Arimateja (small blind) folded before Flop
Seat 9: bicalho88 (big blind) folded before Flop



PokerStars Hand #223634388656:  Hold'em No Limit ($0.01/$0.02 USD) - 2021/02/09 20:07:20 PT [2021/02/09 23:07:20 ET]
Table 'Alstede V' 9-max Seat #8 is the button
Seat 1: Maugly1982 ($2.24 in chips) 
Seat 2: GUILLE 1308 ($0.84 in chips) 
Seat 3: tomashovka55 ($3.42 in chips) 
Seat 4: Dorex2007 ($2.96 in chips) 
Seat 5: Xaxaec ($0.54 in chips) 
Seat 6: alitam11 ($1.97 in chips) 
Seat 7: zanshin46 ($0.84 in chips) 
Seat 8: Arimateja ($0.89 in chips) 
Seat 9: bicalho88 ($1.16 in chips) 
bicalho88: posts small blind $0.01
Maugly1982: posts big blind $0.02
*** HOLE CARDS ***
Dealt to Dorex2007 [3d 8d]
GUILLE 1308: folds 
tomashovka55: folds 
Dorex2007: folds 
Xaxaec: folds 
alitam11: raises $0.03 to $0.05
zanshin46: folds 
Arimateja: folds 
bicalho88: calls $0.04
Maugly1982: folds 
*** FLOP *** [4h 2c 8c]
bicalho88: bets $0.12
alitam11: folds 
Uncalled bet ($0.12) returned to bicalho88
bicalho88 collected $0.12 from pot
bicalho88: doesn't show hand 
*** SUMMARY ***
Total pot $0.12 | Rake $0 
Board [4h 2c 8c]
Seat 1: Maugly1982 (big blind) folded before Flop
Seat 2: GUILLE 1308 folded before Flop (didn't bet)
Seat 3: tomashovka55 folded before Flop (didn't bet)
Seat 4: Dorex2007 folded before Flop (didn't bet)
Seat 5: Xaxaec folded before Flop (didn't bet)
Seat 6: alitam11 folded on the Flop
Seat 7: zanshin46 folded before Flop (didn't bet)
Seat 8: Arimateja (button) folded before Flop (didn't bet)
Seat 9: bicalho88 (small blind) collected ($0.12)



PokerStars Hand #223634397986:  Hold'em No Limit ($0.01/$0.02 USD) - 2021/02/09 20:07:59 PT [2021/02/09 23:07:59 ET]
Table 'Alstede V' 9-max Seat #9 is the button
Seat 1: Maugly1982 ($2.22 in chips) 
Seat 2: GUILLE 1308 ($0.84 in chips) 
Seat 3: tomashovka55 ($3.42 in chips) 
Seat 4: Dorex2007 ($2.96 in chips) 
Seat 5: Xaxaec ($0.54 in chips) 
Seat 6: alitam11 ($1.92 in chips) 
Seat 7: zanshin46 ($0.84 in chips) 
Seat 8: Arimateja ($0.89 in chips) 
Seat 9: bicalho88 ($1.23 in chips) 
Maugly1982: posts small blind $0.01
GUILLE 1308: posts big blind $0.02
*** HOLE CARDS ***
Dealt to Dorex2007 [Js 5s]
tomashovka55: folds 
Dorex2007: folds 
Xaxaec: folds 
alitam11: folds 
zanshin46: calls $0.02
Arimateja: folds 
bicalho88: folds 
Maugly1982: folds 
GUILLE 1308: checks 
*** FLOP *** [Tc 3d Ts]
GUILLE 1308: checks 
zanshin46: bets $0.02
GUILLE 1308: folds 
Uncalled bet ($0.02) returned to zanshin46
zanshin46 collected $0.05 from pot
zanshin46: doesn't show hand 
*** SUMMARY ***
Total pot $0.05 | Rake $0 
Board [Tc 3d Ts]
Seat 1: Maugly1982 (small blind) folded before Flop
Seat 2: GUILLE 1308 (big blind) folded on the Flop
Seat 3: tomashovka55 folded before Flop (didn't bet)
Seat 4: Dorex2007 folded before Flop (didn't bet)
Seat 5: Xaxaec folded before Flop (didn't bet)
Seat 6: alitam11 folded before Flop (didn't bet)
Seat 7: zanshin46 collected ($0.05)
Seat 8: Arimateja folded before Flop (didn't bet)
Seat 9: bicalho88 (button) folded before Flop (didn't bet)



PokerStars Hand #223634405229:  Hold'em No Limit ($0.01/$0.02 USD) - 2021/02/09 20:08:28 PT [2021/02/09 23:08:28 ET]
Table 'Alstede V' 9-max Seat #1 is the button
Seat 1: Maugly1982 ($2.21 in chips) 
Seat 2: GUILLE 1308 ($0.82 in chips) 
Seat 3: tomashovka55 ($3.42 in chips) 
Seat 4: Dorex2007 ($2.96 in chips) 
Seat 5: Xaxaec ($0.54 in chips) 
Seat 6: alitam11 ($1.92 in chips) 
Seat 7: zanshin46 ($0.87 in chips) 
Seat 8: Arimateja ($0.89 in chips) 
Seat 9: bicalho88 ($1.23 in chips) 
GUILLE 1308: posts small blind $0.01
tomashovka55: posts big blind $0.02
*** HOLE CARDS ***
Dealt to Dorex2007 [7c Kh]
Dorex2007: folds 
Xaxaec: folds 
alitam11: folds 
zanshin46: calls $0.02
Arimateja: folds 
bicalho88: folds 
Maugly1982: folds 
GUILLE 1308: folds 
tomashovka55: checks 
*** FLOP *** [3h 3c 2h]
tomashovka55: checks 
zanshin46: checks 
*** TURN *** [3h 3c 2h] [Tc]
tomashovka55: bets $0.05
zanshin46: folds 
Uncalled bet ($0.05) returned to tomashovka55
tomashovka55 collected $0.05 from pot
tomashovka55: doesn't show hand 
*** SUMMARY ***
Total pot $0.05 | Rake $0 
Board [3h 3c 2h Tc]
Seat 1: Maugly1982 (button) folded before Flop (didn't bet)
Seat 2: GUILLE 1308 (small blind) folded before Flop
Seat 3: tomashovka55 (big blind) collected ($0.05)
Seat 4: Dorex2007 folded before Flop (didn't bet)
Seat 5: Xaxaec folded before Flop (didn't bet)
Seat 6: alitam11 folded before Flop (didn't bet)
Seat 7: zanshin46 folded on the Turn
Seat 8: Arimateja folded before Flop (didn't bet)
Seat 9: bicalho88 folded before Flop (didn't bet)



PokerStars Hand #223634422379:  Hold'em No Limit ($0.01/$0.02 USD) - 2021/02/09 20:08:58 PT [2021/02/09 23:08:58 ET]
Table 'Alstede V' 9-max Seat #2 is the button
Seat 1: Maugly1982 ($2.21 in chips) 
Seat 2: GUILLE 1308 ($0.81 in chips) 
Seat 3: tomashovka55 ($3.45 in chips) 
Seat 4: Dorex2007 ($2.96 in chips) 
Seat 5: Xaxaec ($0.54 in chips) 
Seat 6: alitam11 ($1.92 in chips) 
Seat 7: zanshin46 ($0.85 in chips) 
Seat 8: Arimateja ($0.89 in chips) 
Seat 9: bicalho88 ($1.23 in chips) 
tomashovka55: posts small blind $0.01
Dorex2007: posts big blind $0.02
*** HOLE CARDS ***
Dealt to Dorex2007 [6c 3c]
Xaxaec: folds 
alitam11: folds 
zanshin46: folds 
Arimateja: folds 
bicalho88: folds 
Maugly1982: folds 
GUILLE 1308: folds 
tomashovka55: raises $0.03 to $0.05
Dorex2007: folds 
Uncalled bet ($0.03) returned to tomashovka55
tomashovka55 collected $0.04 from pot
tomashovka55: doesn't show hand 
*** SUMMARY ***
Total pot $0.04 | Rake $0 
Seat 1: Maugly1982 folded before Flop (didn't bet)
Seat 2: GUILLE 1308 (button) folded before Flop (didn't bet)
Seat 3: tomashovka55 (small blind) collected ($0.04)
Seat 4: Dorex2007 (big blind) folded before Flop
Seat 5: Xaxaec folded before Flop (didn't bet)
Seat 6: alitam11 folded before Flop (didn't bet)
Seat 7: zanshin46 folded before Flop (didn't bet)
Seat 8: Arimateja folded before Flop (didn't bet)
Seat 9: bicalho88 folded before Flop (didn't bet)



PokerStars Hand #223634428571:  Hold'em No Limit ($0.01/$0.02 USD) - 2021/02/09 20:09:23 PT [2021/02/09 23:09:23 ET]
Table 'Alstede V' 9-max Seat #3 is the button
Seat 1: Maugly1982 ($2.21 in chips) 
Seat 2: GUILLE 1308 ($0.81 in chips) 
Seat 3: tomashovka55 ($3.47 in chips) 
Seat 4: Dorex2007 ($2.94 in chips) 
Seat 5: Xaxaec ($0.54 in chips) 
Seat 6: alitam11 ($1.92 in chips) 
Seat 7: zanshin46 ($0.85 in chips) 
Seat 8: Arimateja ($0.89 in chips) 
Seat 9: bicalho88 ($1.23 in chips) 
Dorex2007: posts small blind $0.01
Xaxaec: posts big blind $0.02
*** HOLE CARDS ***
Dealt to Dorex2007 [Kh Ac]
alitam11: folds 
zanshin46: folds 
Arimateja: folds 
bicalho88: folds 
Maugly1982: folds 
GUILLE 1308: calls $0.02
tomashovka55: folds 
Dorex2007: raises $0.02 to $0.04
Xaxaec: folds 
GUILLE 1308: calls $0.02
*** FLOP *** [2h 9h 8c]
Dorex2007: checks 
GUILLE 1308: checks 
*** TURN *** [2h 9h 8c] [Kd]
Dorex2007: bets $0.10
GUILLE 1308: calls $0.10
*** RIVER *** [2h 9h 8c Kd] [7c]
Dorex2007: bets $0.15
GUILLE 1308: calls $0.15
*** SHOW DOWN ***
Dorex2007: shows [Kh Ac] (a pair of Kings)
GUILLE 1308: mucks hand 
Dorex2007 collected $0.58 from pot
*** SUMMARY ***
Total pot $0.60 | Rake $0.02 
Board [2h 9h 8c Kd 7c]
Seat 1: Maugly1982 folded before Flop (didn't bet)
Seat 2: GUILLE 1308 mucked [8d Ah]
Seat 3: tomashovka55 (button) folded before Flop (didn't bet)
Seat 4: Dorex2007 (small blind) showed [Kh Ac] and won ($0.58) with a pair of Kings
Seat 5: Xaxaec (big blind) folded before Flop
Seat 6: alitam11 folded before Flop (didn't bet)
Seat 7: zanshin46 folded before Flop (didn't bet)
Seat 8: Arimateja folded before Flop (didn't bet)
Seat 9: bicalho88 folded before Flop (didn't bet)



PokerStars Hand #223634452034:  Hold'em No Limit ($0.01/$0.02 USD) - 2021/02/09 20:10:33 PT [2021/02/09 23:10:33 ET]
Table 'Alstede V' 9-max Seat #4 is the button
Seat 1: Maugly1982 ($2.21 in chips) 
Seat 2: GUILLE 1308 ($0.52 in chips) 
Seat 3: tomashovka55 ($3.47 in chips) 
Seat 4: Dorex2007 ($3.23 in chips) 
Seat 5: Xaxaec ($0.52 in chips) 
Seat 6: alitam11 ($1.92 in chips) 
Seat 7: zanshin46 ($0.85 in chips) 
Seat 8: Arimateja ($0.89 in chips) 
Seat 9: bicalho88 ($1.23 in chips) 
Xaxaec: posts small blind $0.01
alitam11: posts big blind $0.02
*** HOLE CARDS ***
Dealt to Dorex2007 [2c Jh]
zanshin46: folds 
Arimateja: folds 
bicalho88: raises $0.04 to $0.06
Maugly1982: folds 
GUILLE 1308: folds 
tomashovka55: folds 
Dorex2007: folds 
Xaxaec: folds 
alitam11: folds 
Uncalled bet ($0.04) returned to bicalho88
bicalho88 collected $0.05 from pot
bicalho88: doesn't show hand 
*** SUMMARY ***
Total pot $0.05 | Rake $0 
Seat 1: Maugly1982 folded before Flop (didn't bet)
Seat 2: GUILLE 1308 folded before Flop (didn't bet)
Seat 3: tomashovka55 folded before Flop (didn't bet)
Seat 4: Dorex2007 (button) folded before Flop (didn't bet)
Seat 5: Xaxaec (small blind) folded before Flop
Seat 6: alitam11 (big blind) folded before Flop
Seat 7: zanshin46 folded before Flop (didn't bet)
Seat 8: Arimateja folded before Flop (didn't bet)
Seat 9: bicalho88 collected ($0.05)



PokerStars Hand #223634456654:  Hold'em No Limit ($0.01/$0.02 USD) - 2021/02/09 20:10:52 PT [2021/02/09 23:10:52 ET]
Table 'Alstede V' 9-max Seat #5 is the button
Seat 1: Maugly1982 ($2.21 in chips) 
Seat 2: GUILLE 1308 ($0.52 in chips) 
Seat 3: tomashovka55 ($3.47 in chips) 
Seat 4: Dorex2007 ($3.23 in chips) 
Seat 5: Xaxaec ($0.51 in chips) 
Seat 6: alitam11 ($1.90 in chips) 
Seat 7: zanshin46 ($0.85 in chips) 
Seat 8: Arimateja ($0.89 in chips) 
Seat 9: bicalho88 ($1.26 in chips) 
alitam11: posts small blind $0.01
zanshin46: posts big blind $0.02
*** HOLE CARDS ***
Dealt to Dorex2007 [6s Th]
Arimateja: folds 
bicalho88: raises $0.02 to $0.04
Maugly1982: folds 
GUILLE 1308: calls $0.04
tomashovka55: folds 
Dorex2007: folds 
Xaxaec: folds 
alitam11: folds 
zanshin46: calls $0.02
*** FLOP *** [9h 9s Ac]
zanshin46: checks 
bicalho88: bets $0.13
GUILLE 1308: calls $0.13
zanshin46: folds 
*** TURN *** [9h 9s Ac] [8d]
bicalho88: checks 
GUILLE 1308: bets $0.35 and is all-in
bicalho88: folds 
Uncalled bet ($0.35) returned to GUILLE 1308
GUILLE 1308 collected $0.38 from pot
GUILLE 1308: doesn't show hand 
*** SUMMARY ***
Total pot $0.39 | Rake $0.01 
Board [9h 9s Ac 8d]
Seat 1: Maugly1982 folded before Flop (didn't bet)
Seat 2: GUILLE 1308 collected ($0.38)
Seat 3: tomashovka55 folded before Flop (didn't bet)
Seat 4: Dorex2007 folded before Flop (didn't bet)
Seat 5: Xaxaec (button) folded before Flop (didn't bet)
Seat 6: alitam11 (small blind) folded before Flop
Seat 7: zanshin46 (big blind) folded on the Flop
Seat 8: Arimateja folded before Flop (didn't bet)
Seat 9: bicalho88 folded on the Turn



PokerStars Hand #223634470403:  Hold'em No Limit ($0.01/$0.02 USD) - 2021/02/09 20:11:49 PT [2021/02/09 23:11:49 ET]
Table 'Alstede V' 9-max Seat #6 is the button
Seat 1: Maugly1982 ($2.21 in chips) 
Seat 2: GUILLE 1308 ($0.73 in chips) 
Seat 3: tomashovka55 ($3.47 in chips) 
Seat 4: Dorex2007 ($3.23 in chips) 
Seat 5: Xaxaec ($0.51 in chips) 
Seat 6: alitam11 ($1.89 in chips) 
Seat 7: zanshin46 ($0.81 in chips) 
Seat 8: Arimateja ($0.89 in chips) 
Seat 9: bicalho88 ($1.09 in chips) 
zanshin46: posts small blind $0.01
Arimateja: posts big blind $0.02
*** HOLE CARDS ***
Dealt to Dorex2007 [5c Qd]
bicalho88: folds 
Maugly1982: folds 
GUILLE 1308: folds 
tomashovka55: folds 
Dorex2007: folds 
Xaxaec: raises $0.04 to $0.06
alitam11: folds 
zanshin46: folds 
Arimateja: folds 
Uncalled bet ($0.04) returned to Xaxaec
Xaxaec collected $0.05 from pot
Xaxaec: doesn't show hand 
*** SUMMARY ***
Total pot $0.05 | Rake $0 
Seat 1: Maugly1982 folded before Flop (didn't bet)
Seat 2: GUILLE 1308 folded before Flop (didn't bet)
Seat 3: tomashovka55 folded before Flop (didn't bet)
Seat 4: Dorex2007 folded before Flop (didn't bet)
Seat 5: Xaxaec collected ($0.05)
Seat 6: alitam11 (button) folded before Flop (didn't bet)
Seat 7: zanshin46 (small blind) folded before Flop
Seat 8: Arimateja (big blind) folded before Flop
Seat 9: bicalho88 folded before Flop (didn't bet)



PokerStars Hand #223634474306:  Hold'em No Limit ($0.01/$0.02 USD) - 2021/02/09 20:12:05 PT [2021/02/09 23:12:05 ET]
Table 'Alstede V' 9-max Seat #7 is the button
Seat 1: Maugly1982 ($2.21 in chips) 
Seat 2: GUILLE 1308 ($0.73 in chips) 
Seat 3: tomashovka55 ($3.47 in chips) 
Seat 4: Dorex2007 ($3.23 in chips) 
Seat 5: Xaxaec ($0.54 in chips) 
Seat 6: alitam11 ($1.89 in chips) 
Seat 7: zanshin46 ($0.80 in chips) 
Seat 8: Arimateja ($0.87 in chips) 
Seat 9: bicalho88 ($1.09 in chips) 
Arimateja: posts small blind $0.01
bicalho88: posts big blind $0.02
*** HOLE CARDS ***
Dealt to Dorex2007 [3d 9d]
Maugly1982: folds 
GUILLE 1308: calls $0.02
tomashovka55: raises $0.04 to $0.06
Dorex2007: folds 
Xaxaec: folds 
alitam11: folds 
zanshin46: folds 
Arimateja: folds 
bicalho88: folds 
GUILLE 1308: calls $0.04
*** FLOP *** [4d 5c Qd]
GUILLE 1308: checks 
tomashovka55: bets $0.07
GUILLE 1308: calls $0.07
*** TURN *** [4d 5c Qd] [4c]
GUILLE 1308: checks 
tomashovka55: bets $0.11
GUILLE 1308: calls $0.11
*** RIVER *** [4d 5c Qd 4c] [7d]
GUILLE 1308: checks 
tomashovka55: checks 
*** SHOW DOWN ***
GUILLE 1308: shows [Qs Td] (two pair, Queens and Fours)
tomashovka55: mucks hand 
GUILLE 1308 collected $0.49 from pot
*** SUMMARY ***
Total pot $0.51 | Rake $0.02 
Board [4d 5c Qd 4c 7d]
Seat 1: Maugly1982 folded before Flop (didn't bet)
Seat 2: GUILLE 1308 showed [Qs Td] and won ($0.49) with two pair, Queens and Fours
Seat 3: tomashovka55 mucked [Ac 9c]
Seat 4: Dorex2007 folded before Flop (didn't bet)
Seat 5: Xaxaec folded before Flop (didn't bet)
Seat 6: alitam11 folded before Flop (didn't bet)
Seat 7: zanshin46 (button) folded before Flop (didn't bet)
Seat 8: Arimateja (small blind) folded before Flop
Seat 9: bicalho88 (big blind) folded before Flop



PokerStars Hand #223634485899:  Hold'em No Limit ($0.01/$0.02 USD) - 2021/02/09 20:12:53 PT [2021/02/09 23:12:53 ET]
Table 'Alstede V' 9-max Seat #8 is the button
Seat 1: Maugly1982 ($2.21 in chips) 
Seat 2: GUILLE 1308 ($0.98 in chips) 
Seat 3: tomashovka55 ($3.23 in chips) 
Seat 4: Dorex2007 ($3.23 in chips) 
Seat 5: Xaxaec ($0.54 in chips) 
Seat 6: alitam11 ($1.89 in chips) 
Seat 7: zanshin46 ($0.80 in chips) 
Seat 8: Arimateja ($0.86 in chips) 
Seat 9: bicalho88 ($1.07 in chips) 
bicalho88: posts small blind $0.01
Maugly1982: posts big blind $0.02
*** HOLE CARDS ***
Dealt to Dorex2007 [9h 3c]
GUILLE 1308: folds 
tomashovka55: folds 
Dorex2007: folds 
Xaxaec: folds 
alitam11: folds 
zanshin46: folds 
Arimateja has timed out
Arimateja: folds 
bicalho88: calls $0.01
Maugly1982: checks 
*** FLOP *** [Kc Ts 5s]
bicalho88: checks 
Maugly1982: checks 
*** TURN *** [Kc Ts 5s] [7h]
bicalho88: checks 
Maugly1982: checks 
*** RIVER *** [Kc Ts 5s 7h] [7c]
bicalho88: checks 
Maugly1982: checks 
*** SHOW DOWN ***
bicalho88: shows [Qd 2h] (a pair of Sevens)
Maugly1982: mucks hand 
bicalho88 collected $0.04 from pot
*** SUMMARY ***
Total pot $0.04 | Rake $0 
Board [Kc Ts 5s 7h 7c]
Seat 1: Maugly1982 (big blind) mucked [4h 6h]
Seat 2: GUILLE 1308 folded before Flop (didn't bet)
Seat 3: tomashovka55 folded before Flop (didn't bet)
Seat 4: Dorex2007 folded before Flop (didn't bet)
Seat 5: Xaxaec folded before Flop (didn't bet)
Seat 6: alitam11 folded before Flop (didn't bet)
Seat 7: zanshin46 folded before Flop (didn't bet)
Seat 8: Arimateja (button) folded before Flop (didn't bet)
Seat 9: bicalho88 (small blind) showed [Qd 2h] and won ($0.04) with a pair of Sevens



PokerStars Hand #223634495451:  Hold'em No Limit ($0.01/$0.02 USD) - 2021/02/09 20:13:34 PT [2021/02/09 23:13:34 ET]
Table 'Alstede V' 9-max Seat #9 is the button
Seat 1: Maugly1982 ($2.19 in chips) 
Seat 2: GUILLE 1308 ($0.98 in chips) 
Seat 3: tomashovka55 ($3.23 in chips) 
Seat 4: Dorex2007 ($3.23 in chips) 
Seat 5: Xaxaec ($0.54 in chips) 
Seat 6: alitam11 ($1.89 in chips) 
Seat 8: Arimateja ($0.86 in chips) 
Seat 9: bicalho88 ($1.09 in chips) 
Maugly1982: posts small blind $0.01
GUILLE 1308: posts big blind $0.02
*** HOLE CARDS ***
Dealt to Dorex2007 [5c Ah]
tomashovka55: raises $0.03 to $0.05
Dorex2007: folds 
Xaxaec: calls $0.05
alitam11: folds 
Arimateja: folds 
bicalho88: calls $0.05
Maugly1982: calls $0.04
GUILLE 1308: folds 
*** FLOP *** [8c Jc Kc]
Maugly1982: bets $0.11
tomashovka55: folds 
Xaxaec: raises $0.38 to $0.49 and is all-in
bicalho88: raises $0.55 to $1.04 and is all-in
Maugly1982: folds 
Uncalled bet ($0.55) returned to bicalho88
*** TURN *** [8c Jc Kc] [9d]
*** RIVER *** [8c Jc Kc 9d] [2c]
*** SHOW DOWN ***
Xaxaec: shows [Js Jd] (three of a kind, Jacks)
bicalho88: shows [Qd Ks] (a pair of Kings)
Xaxaec collected $1.26 from pot
bicalho88 cashed out the hand for $0.08
*** SUMMARY ***
Total pot $1.31 | Rake $0.05 
Board [8c Jc Kc 9d 2c]
Seat 1: Maugly1982 (small blind) folded on the Flop
Seat 2: GUILLE 1308 (big blind) folded before Flop
Seat 3: tomashovka55 folded on the Flop
Seat 4: Dorex2007 folded before Flop (didn't bet)
Seat 5: Xaxaec showed [Js Jd] and won ($1.26) with three of a kind, Jacks
Seat 6: alitam11 folded before Flop (didn't bet)
Seat 8: Arimateja folded before Flop (didn't bet)
Seat 9: bicalho88 (button) showed [Qd Ks] and lost with a pair of Kings (cashed out).



PokerStars Hand #223634513697:  Hold'em No Limit ($0.01/$0.02 USD) - 2021/02/09 20:14:50 PT [2021/02/09 23:14:50 ET]
Table 'Alstede V' 9-max Seat #1 is the button
Seat 1: Maugly1982 ($2.03 in chips) 
Seat 2: GUILLE 1308 ($0.96 in chips) 
Seat 3: tomashovka55 ($3.18 in chips) 
Seat 4: Dorex2007 ($3.23 in chips) 
Seat 5: Xaxaec ($1.26 in chips) 
Seat 6: alitam11 ($1.89 in chips) 
Seat 8: Arimateja ($0.86 in chips) 
Seat 9: bicalho88 ($0.63 in chips) 
GUILLE 1308: posts small blind $0.01
tomashovka55: posts big blind $0.02
*** HOLE CARDS ***
Dealt to Dorex2007 [3d 3s]
Dorex2007: folds 
Xaxaec: folds 
alitam11: folds 
Arimateja: folds 
bicalho88: raises $0.02 to $0.04
Maugly1982: folds 
GUILLE 1308: folds 
tomashovka55: calls $0.02
*** FLOP *** [Ks Th Kd]
tomashovka55: checks 
bicalho88: checks 
*** TURN *** [Ks Th Kd] [9h]
tomashovka55: checks 
bicalho88: bets $0.02
tomashovka55: calls $0.02
*** RIVER *** [Ks Th Kd 9h] [Tc]
tomashovka55: checks 
bicalho88: checks 
*** SHOW DOWN ***
tomashovka55: shows [7d 7c] (two pair, Kings and Tens)
bicalho88: shows [8h Ad] (two pair, Kings and Tens - Ace kicker)
bicalho88 collected $0.13 from pot
*** SUMMARY ***
Total pot $0.13 | Rake $0 
Board [Ks Th Kd 9h Tc]
Seat 1: Maugly1982 (button) folded before Flop (didn't bet)
Seat 2: GUILLE 1308 (small blind) folded before Flop
Seat 3: tomashovka55 (big blind) showed [7d 7c] and lost with two pair, Kings and Tens
Seat 4: Dorex2007 folded before Flop (didn't bet)
Seat 5: Xaxaec folded before Flop (didn't bet)
Seat 6: alitam11 folded before Flop (didn't bet)
Seat 8: Arimateja folded before Flop (didn't bet)
Seat 9: bicalho88 showed [8h Ad] and won ($0.13) with two pair, Kings and Tens



PokerStars Hand #223634523608:  Hold'em No Limit ($0.01/$0.02 USD) - 2021/02/09 20:15:32 PT [2021/02/09 23:15:32 ET]
Table 'Alstede V' 9-max Seat #2 is the button
Seat 1: Maugly1982 ($2.03 in chips) 
Seat 2: GUILLE 1308 ($0.95 in chips) 
Seat 3: tomashovka55 ($3.12 in chips) 
Seat 4: Dorex2007 ($3.23 in chips) 
Seat 5: Xaxaec ($1.26 in chips) 
Seat 6: alitam11 ($1.89 in chips) 
Seat 8: Arimateja ($0.86 in chips) 
Seat 9: bicalho88 ($0.70 in chips) 
tomashovka55: posts small blind $0.01
Dorex2007: posts big blind $0.02
*** HOLE CARDS ***
Dealt to Dorex2007 [Ts 6d]
Xaxaec: folds 
alitam11: folds 
Arimateja: folds 
bicalho88: folds 
Maugly1982: raises $0.05 to $0.07
GUILLE 1308: folds 
tomashovka55: calls $0.06
Dorex2007: folds 
*** FLOP *** [7d Kh 4c]
tomashovka55: checks 
Maugly1982: bets $0.08
tomashovka55: folds 
Uncalled bet ($0.08) returned to Maugly1982
Maugly1982 collected $0.15 from pot
Maugly1982: doesn't show hand 
*** SUMMARY ***
Total pot $0.16 | Rake $0.01 
Board [7d Kh 4c]
Seat 1: Maugly1982 collected ($0.15)
Seat 2: GUILLE 1308 (button) folded before Flop (didn't bet)
Seat 3: tomashovka55 (small blind) folded on the Flop
Seat 4: Dorex2007 (big blind) folded before Flop
Seat 5: Xaxaec folded before Flop (didn't bet)
Seat 6: alitam11 folded before Flop (didn't bet)
Seat 8: Arimateja folded before Flop (didn't bet)
Seat 9: bicalho88 folded before Flop (didn't bet)



PokerStars Hand #223634531869:  Hold'em No Limit ($0.01/$0.02 USD) - 2021/02/09 20:16:07 PT [2021/02/09 23:16:07 ET]
Table 'Alstede V' 9-max Seat #4 is the button
Seat 1: Maugly1982 ($2.11 in chips) 
Seat 2: GUILLE 1308 ($0.95 in chips) 
Seat 4: Dorex2007 ($3.21 in chips) 
Seat 5: Xaxaec ($1.26 in chips) 
Seat 6: alitam11 ($1.89 in chips) 
Seat 7: zanshin46 ($0.80 in chips) 
Seat 8: Arimateja ($0.86 in chips) 
Seat 9: bicalho88 ($0.70 in chips) 
Xaxaec: posts small blind $0.01
alitam11: posts big blind $0.02
*** HOLE CARDS ***
Dealt to Dorex2007 [5d 7h]
zanshin46: calls $0.02
Arimateja: folds 
bicalho88 has timed out
bicalho88: folds 
Maugly1982: calls $0.02
GUILLE 1308: folds 
Dorex2007: folds 
Xaxaec: folds 
alitam11: checks 
*** FLOP *** [Qs 6c 9c]
bicalho88 is disconnected 
alitam11: checks 
zanshin46: checks 
Maugly1982: checks 
*** TURN *** [Qs 6c 9c] [Jh]
alitam11: checks 
zanshin46: bets $0.02
Maugly1982: calls $0.02
alitam11: folds 
*** RIVER *** [Qs 6c 9c Jh] [Ac]
zanshin46: bets $0.04
Maugly1982: calls $0.04
*** SHOW DOWN ***
zanshin46: shows [Ad As] (three of a kind, Aces)
Maugly1982: mucks hand 
zanshin46 collected $0.18 from pot
*** SUMMARY ***
Total pot $0.19 | Rake $0.01 
Board [Qs 6c 9c Jh Ac]
Seat 1: Maugly1982 mucked [Kh Jc]
Seat 2: GUILLE 1308 folded before Flop (didn't bet)
Seat 4: Dorex2007 (button) folded before Flop (didn't bet)
Seat 5: Xaxaec (small blind) folded before Flop
Seat 6: alitam11 (big blind) folded on the Turn
Seat 7: zanshin46 showed [Ad As] and won ($0.18) with three of a kind, Aces
Seat 8: Arimateja folded before Flop (didn't bet)
Seat 9: bicalho88 folded before Flop (didn't bet)



PokerStars Hand #223634550381:  Hold'em No Limit ($0.01/$0.02 USD) - 2021/02/09 20:17:24 PT [2021/02/09 23:17:24 ET]
Table 'Alstede V' 9-max Seat #5 is the button
Seat 1: Maugly1982 ($2.03 in chips) 
Seat 2: GUILLE 1308 ($0.95 in chips) 
Seat 4: Dorex2007 ($3.21 in chips) 
Seat 5: Xaxaec ($1.25 in chips) 
Seat 6: alitam11 ($1.87 in chips) 
Seat 7: zanshin46 ($0.90 in chips) 
Seat 8: Arimateja ($0.86 in chips) 
Seat 9: bicalho88 ($0.70 in chips) 
alitam11: posts small blind $0.01
zanshin46: posts big blind $0.02
*** HOLE CARDS ***
Dealt to Dorex2007 [9c Kh]
Arimateja: folds 
bicalho88: folds 
Maugly1982: folds 
GUILLE 1308: calls $0.02
Dorex2007: folds 
Xaxaec: folds 
alitam11: folds 
zanshin46: checks 
*** FLOP *** [Ac 2h Tc]
zanshin46: checks 
GUILLE 1308: bets $0.93 and is all-in
zanshin46: folds 
Uncalled bet ($0.93) returned to GUILLE 1308
GUILLE 1308 collected $0.05 from pot
GUILLE 1308: doesn't show hand 
*** SUMMARY ***
Total pot $0.05 | Rake $0 
Board [Ac 2h Tc]
Seat 1: Maugly1982 folded before Flop (didn't bet)
Seat 2: GUILLE 1308 collected ($0.05)
Seat 4: Dorex2007 folded before Flop (didn't bet)
Seat 5: Xaxaec (button) folded before Flop (didn't bet)
Seat 6: alitam11 (small blind) folded before Flop
Seat 7: zanshin46 (big blind) folded on the Flop
Seat 8: Arimateja folded before Flop (didn't bet)
Seat 9: bicalho88 folded before Flop (didn't bet)



PokerStars Hand #223634557388:  Hold'em No Limit ($0.01/$0.02 USD) - 2021/02/09 20:17:53 PT [2021/02/09 23:17:53 ET]
Table 'Alstede V' 9-max Seat #6 is the button
Seat 1: Maugly1982 ($2.03 in chips) 
Seat 2: GUILLE 1308 ($0.98 in chips) 
Seat 4: Dorex2007 ($3.21 in chips) 
Seat 5: Xaxaec ($1.25 in chips) 
Seat 6: alitam11 ($1.86 in chips) 
Seat 7: zanshin46 ($0.88 in chips) 
Seat 8: Arimateja ($0.86 in chips) 
Seat 9: bicalho88 ($0.70 in chips) 
zanshin46: posts small blind $0.01
Arimateja: posts big blind $0.02
*** HOLE CARDS ***
Dealt to Dorex2007 [6d 6h]
bicalho88: calls $0.02
Maugly1982: folds 
GUILLE 1308: folds 
Dorex2007: calls $0.02
Xaxaec: raises $0.06 to $0.08
alitam11: folds 
zanshin46: folds 
Arimateja: folds 
bicalho88: calls $0.06
Dorex2007: folds 
*** FLOP *** [5d Jd Qd]
bicalho88: checks 
Xaxaec: bets $0.12
bicalho88: raises $0.50 to $0.62 and is all-in
Xaxaec: folds 
Uncalled bet ($0.50) returned to bicalho88
bicalho88 collected $0.43 from pot
bicalho88: doesn't show hand 
*** SUMMARY ***
Total pot $0.45 | Rake $0.02 
Board [5d Jd Qd]
Seat 1: Maugly1982 folded before Flop (didn't bet)
Seat 2: GUILLE 1308 folded before Flop (didn't bet)
Seat 4: Dorex2007 folded before Flop
Seat 5: Xaxaec folded on the Flop
Seat 6: alitam11 (button) folded before Flop (didn't bet)
Seat 7: zanshin46 (small blind) folded before Flop
Seat 8: Arimateja (big blind) folded before Flop
Seat 9: bicalho88 collected ($0.43)



PokerStars Hand #223634567423:  Hold'em No Limit ($0.01/$0.02 USD) - 2021/02/09 20:18:35 PT [2021/02/09 23:18:35 ET]
Table 'Alstede V' 9-max Seat #7 is the button
Seat 1: Maugly1982 ($2.03 in chips) 
Seat 2: GUILLE 1308 ($0.98 in chips) 
Seat 3: tomashovka55 ($3.05 in chips) 
Seat 4: Dorex2007 ($3.19 in chips) 
Seat 5: Xaxaec ($1.05 in chips) 
Seat 6: alitam11 ($1.86 in chips) 
Seat 7: zanshin46 ($0.87 in chips) 
Seat 8: Arimateja ($0.84 in chips) 
Seat 9: bicalho88 ($0.93 in chips) 
Arimateja: posts small blind $0.01
bicalho88: posts big blind $0.02
*** HOLE CARDS ***
Dealt to Dorex2007 [Qh 6c]
Maugly1982: folds 
GUILLE 1308: folds 
tomashovka55: folds 
Dorex2007: folds 
Xaxaec: raises $0.04 to $0.06
alitam11: folds 
zanshin46: calls $0.06
Arimateja: folds 
bicalho88: folds 
*** FLOP *** [5c Kd Ac]
Xaxaec: checks 
zanshin46: checks 
*** TURN *** [5c Kd Ac] [As]
bicalho88 leaves the table
Xaxaec: checks 
zanshin46: bets $0.04
Xaxaec: calls $0.04
*** RIVER *** [5c Kd Ac As] [7s]
Xaxaec: checks 
zanshin46: bets $0.04
Xaxaec: calls $0.04
*** SHOW DOWN ***
zanshin46: shows [Qs Qc] (two pair, Aces and Queens)
Xaxaec: mucks hand 
zanshin46 collected $0.30 from pot
*** SUMMARY ***
Total pot $0.31 | Rake $0.01 
Board [5c Kd Ac As 7s]
Seat 1: Maugly1982 folded before Flop (didn't bet)
Seat 2: GUILLE 1308 folded before Flop (didn't bet)
Seat 3: tomashovka55 folded before Flop (didn't bet)
Seat 4: Dorex2007 folded before Flop (didn't bet)
Seat 5: Xaxaec mucked [9h 9d]
Seat 6: alitam11 folded before Flop (didn't bet)
Seat 7: zanshin46 (button) showed [Qs Qc] and won ($0.30) with two pair, Aces and Queens
Seat 8: Arimateja (small blind) folded before Flop
Seat 9: bicalho88 (big blind) folded before Flop



PokerStars Hand #223634581149:  Hold'em No Limit ($0.01/$0.02 USD) - 2021/02/09 20:19:33 PT [2021/02/09 23:19:33 ET]
Table 'Alstede V' 9-max Seat #8 is the button
Seat 1: Maugly1982 ($2.03 in chips) 
Seat 2: GUILLE 1308 ($0.98 in chips) 
Seat 3: tomashovka55 ($3.05 in chips) 
Seat 4: Dorex2007 ($3.19 in chips) 
Seat 5: Xaxaec ($0.91 in chips) 
Seat 6: alitam11 ($1.86 in chips) 
Seat 7: zanshin46 ($1.03 in chips) 
Seat 8: Arimateja ($0.83 in chips) 
Maugly1982: posts small blind $0.01
GUILLE 1308: posts big blind $0.02
*** HOLE CARDS ***
Dealt to Dorex2007 [Ac Qc]
tomashovka55: raises $0.03 to $0.05
Dorex2007: calls $0.05
Xaxaec: folds 
alitam11: folds 
zanshin46: folds 
Arimateja: calls $0.05
Maugly1982: folds 
GUILLE 1308: folds 
*** FLOP *** [5c 5h 7h]
tomashovka55: bets $0.05
Dorex2007: folds 
Arimateja: folds 
Uncalled bet ($0.05) returned to tomashovka55
tomashovka55 collected $0.17 from pot
tomashovka55: doesn't show hand 
*** SUMMARY ***
Total pot $0.18 | Rake $0.01 
Board [5c 5h 7h]
Seat 1: Maugly1982 (small blind) folded before Flop
Seat 2: GUILLE 1308 (big blind) folded before Flop
Seat 3: tomashovka55 collected ($0.17)
Seat 4: Dorex2007 folded on the Flop
Seat 5: Xaxaec folded before Flop (didn't bet)
Seat 6: alitam11 folded before Flop (didn't bet)
Seat 7: zanshin46 folded before Flop (didn't bet)
Seat 8: Arimateja (button) folded on the Flop



PokerStars Hand #223634594481:  Hold'em No Limit ($0.01/$0.02 USD) - 2021/02/09 20:20:29 PT [2021/02/09 23:20:29 ET]
Table 'Alstede V' 9-max Seat #1 is the button
Seat 1: Maugly1982 ($2.02 in chips) 
Seat 2: GUILLE 1308 ($0.96 in chips) 
Seat 3: tomashovka55 ($3.17 in chips) 
Seat 4: Dorex2007 ($3.14 in chips) 
Seat 5: Xaxaec ($0.91 in chips) 
Seat 6: alitam11 ($1.86 in chips) 
Seat 7: zanshin46 ($1.03 in chips) 
Seat 8: Arimateja ($0.78 in chips) 
GUILLE 1308: posts small blind $0.01
tomashovka55: posts big blind $0.02
*** HOLE CARDS ***
Dealt to Dorex2007 [2c Qh]
Dorex2007: folds 
Xaxaec: folds 
alitam11: folds 
zanshin46: folds 
Arimateja: calls $0.02
Maugly1982: folds 
GUILLE 1308: folds 
tomashovka55: checks 
*** FLOP *** [6c 2h Kd]
tomashovka55: checks 
Arimateja: checks 
*** TURN *** [6c 2h Kd] [Ac]
tomashovka55: checks 
Arimateja: bets $0.02
tomashovka55: folds 
Uncalled bet ($0.02) returned to Arimateja
Arimateja collected $0.05 from pot
*** SUMMARY ***
Total pot $0.05 | Rake $0 
Board [6c 2h Kd Ac]
Seat 1: Maugly1982 (button) folded before Flop (didn't bet)
Seat 2: GUILLE 1308 (small blind) folded before Flop
Seat 3: tomashovka55 (big blind) folded on the Turn
Seat 4: Dorex2007 folded before Flop (didn't bet)
Seat 5: Xaxaec folded before Flop (didn't bet)
Seat 6: alitam11 folded before Flop (didn't bet)
Seat 7: zanshin46 folded before Flop (didn't bet)
Seat 8: Arimateja collected ($0.05)



PokerStars Hand #223634601520:  Hold'em No Limit ($0.01/$0.02 USD) - 2021/02/09 20:20:59 PT [2021/02/09 23:20:59 ET]
Table 'Alstede V' 9-max Seat #2 is the button
Seat 1: Maugly1982 ($2.02 in chips) 
Seat 2: GUILLE 1308 ($0.95 in chips) 
Seat 3: tomashovka55 ($3.15 in chips) 
Seat 4: Dorex2007 ($3.14 in chips) 
Seat 5: Xaxaec ($0.91 in chips) 
Seat 6: alitam11 ($1.86 in chips) 
Seat 7: zanshin46 ($1.03 in chips) 
Seat 8: Arimateja ($0.81 in chips) 
tomashovka55: posts small blind $0.01
Dorex2007: posts big blind $0.02
*** HOLE CARDS ***
Dealt to Dorex2007 [Jd 4d]
Xaxaec: folds 
alitam11: folds 
zanshin46: folds 
Arimateja: folds 
Maugly1982: folds 
GUILLE 1308: folds 
tomashovka55: folds 
Uncalled bet ($0.01) returned to Dorex2007
Dorex2007 collected $0.02 from pot
Dorex2007: doesn't show hand 
*** SUMMARY ***
Total pot $0.02 | Rake $0 
Seat 1: Maugly1982 folded before Flop (didn't bet)
Seat 2: GUILLE 1308 (button) folded before Flop (didn't bet)
Seat 3: tomashovka55 (small blind) folded before Flop
Seat 4: Dorex2007 (big blind) collected ($0.02)
Seat 5: Xaxaec folded before Flop (didn't bet)
Seat 6: alitam11 folded before Flop (didn't bet)
Seat 7: zanshin46 folded before Flop (didn't bet)
Seat 8: Arimateja folded before Flop (didn't bet)



PokerStars Hand #223634606648:  Hold'em No Limit ($0.01/$0.02 USD) - 2021/02/09 20:21:20 PT [2021/02/09 23:21:20 ET]
Table 'Alstede V' 9-max Seat #3 is the button
Seat 1: Maugly1982 ($2.02 in chips) 
Seat 2: GUILLE 1308 ($0.95 in chips) 
Seat 3: tomashovka55 ($3.14 in chips) 
Seat 4: Dorex2007 ($3.15 in chips) 
Seat 5: Xaxaec ($0.91 in chips) 
Seat 6: alitam11 ($1.86 in chips) 
Seat 8: Arimateja ($0.81 in chips) 
Dorex2007: posts small blind $0.01
Xaxaec: posts big blind $0.02
*** HOLE CARDS ***
Dealt to Dorex2007 [8c 7s]
alitam11 has timed out
alitam11: folds 
Arimateja: folds 
Maugly1982 has timed out
Maugly1982: folds 
GUILLE 1308: folds 
tomashovka55: raises $0.04 to $0.06
Dorex2007: folds 
Xaxaec: calls $0.04
*** FLOP *** [4h 2s 6h]
Xaxaec: bets $0.08
tomashovka55: calls $0.08
*** TURN *** [4h 2s 6h] [7h]
Xaxaec: checks 
tomashovka55: checks 
*** RIVER *** [4h 2s 6h 7h] [7c]
Xaxaec: checks 
tomashovka55: checks 
*** SHOW DOWN ***
Xaxaec: shows [4c 3c] (two pair, Sevens and Fours)
tomashovka55: mucks hand 
Xaxaec collected $0.28 from pot
*** SUMMARY ***
Total pot $0.29 | Rake $0.01 
Board [4h 2s 6h 7h 7c]
Seat 1: Maugly1982 folded before Flop (didn't bet)
Seat 2: GUILLE 1308 folded before Flop (didn't bet)
Seat 3: tomashovka55 (button) mucked [Ad Qs]
Seat 4: Dorex2007 (small blind) folded before Flop
Seat 5: Xaxaec (big blind) showed [4c 3c] and won ($0.28) with two pair, Sevens and Fours
Seat 6: alitam11 folded before Flop (didn't bet)
Seat 8: Arimateja folded before Flop (didn't bet)



PokerStars Hand #223634621748:  Hold'em No Limit ($0.01/$0.02 USD) - 2021/02/09 20:22:25 PT [2021/02/09 23:22:25 ET]
Table 'Alstede V' 9-max Seat #4 is the button
Seat 1: Maugly1982 ($2.02 in chips) 
Seat 2: GUILLE 1308 ($0.95 in chips) 
Seat 3: tomashovka55 ($3 in chips) 
Seat 4: Dorex2007 ($3.14 in chips) 
Seat 5: Xaxaec ($1.05 in chips) 
Seat 6: alitam11 ($1.86 in chips) 
Seat 8: Arimateja ($0.81 in chips) 
Xaxaec: posts small blind $0.01
alitam11: posts big blind $0.02
*** HOLE CARDS ***
Dealt to Dorex2007 [Kc Ts]
Arimateja: folds 
TJonathan joins the table at seat #9 
Maugly1982: calls $0.02
GUILLE 1308: folds 
tomashovka55: raises $0.03 to $0.05
Dorex2007: calls $0.05
Xaxaec: folds 
Arimateja leaves the table
alitam11: folds 
Maugly1982: calls $0.03
*** FLOP *** [Ah 3c Th]
Maugly1982: checks 
tomashovka55: checks 
Dorex2007: bets $0.10
Maugly1982: folds 
tomashovka55: folds 
Uncalled bet ($0.10) returned to Dorex2007
Dorex2007 collected $0.17 from pot
Dorex2007: doesn't show hand 
*** SUMMARY ***
Total pot $0.18 | Rake $0.01 
Board [Ah 3c Th]
Seat 1: Maugly1982 folded on the Flop
Seat 2: GUILLE 1308 folded before Flop (didn't bet)
Seat 3: tomashovka55 folded on the Flop
Seat 4: Dorex2007 (button) collected ($0.17)
Seat 5: Xaxaec (small blind) folded before Flop
Seat 6: alitam11 (big blind) folded before Flop
Seat 8: Arimateja folded before Flop (didn't bet)



PokerStars Hand #223634631309:  Hold'em No Limit ($0.01/$0.02 USD) - 2021/02/09 20:23:05 PT [2021/02/09 23:23:05 ET]
Table 'Alstede V' 9-max Seat #5 is the button
Seat 1: Maugly1982 ($1.97 in chips) 
Seat 2: GUILLE 1308 ($0.95 in chips) 
Seat 3: tomashovka55 ($2.95 in chips) 
Seat 4: Dorex2007 ($3.26 in chips) 
Seat 5: Xaxaec ($1.04 in chips) 
Seat 6: alitam11 ($1.84 in chips) 
Seat 7: zanshin46 ($1.03 in chips) 
alitam11: posts small blind $0.01
zanshin46: posts big blind $0.02
TJonathan: sits out 
*** HOLE CARDS ***
Dealt to Dorex2007 [3h 8h]
Maugly1982: folds 
GUILLE 1308: folds 
tomashovka55: folds 
Dorex2007: folds 
Xaxaec: folds 
alitam11: raises $0.04 to $0.06
zanshin46: folds 
Uncalled bet ($0.04) returned to alitam11
alitam11 collected $0.04 from pot
*** SUMMARY ***
Total pot $0.04 | Rake $0 
Seat 1: Maugly1982 folded before Flop (didn't bet)
Seat 2: GUILLE 1308 folded before Flop (didn't bet)
Seat 3: tomashovka55 folded before Flop (didn't bet)
Seat 4: Dorex2007 folded before Flop (didn't bet)
Seat 5: Xaxaec (button) folded before Flop (didn't bet)
Seat 6: alitam11 (small blind) collected ($0.04)
Seat 7: zanshin46 (big blind) folded before Flop



PokerStars Hand #223634636391:  Hold'em No Limit ($0.01/$0.02 USD) - 2021/02/09 20:23:27 PT [2021/02/09 23:23:27 ET]
Table 'Alstede V' 9-max Seat #6 is the button
Seat 1: Maugly1982 ($1.97 in chips) 
Seat 2: GUILLE 1308 ($0.95 in chips) 
Seat 3: tomashovka55 ($2.95 in chips) 
Seat 4: Dorex2007 ($3.26 in chips) 
Seat 5: Xaxaec ($1.04 in chips) 
Seat 6: alitam11 ($1.86 in chips) 
Seat 7: zanshin46 ($1.01 in chips) 
Seat 9: TJonathan ($2 in chips) 
zanshin46: posts small blind $0.01
TJonathan: posts big blind $0.02
*** HOLE CARDS ***
Dealt to Dorex2007 [2s 5s]
Maugly1982: folds 
GUILLE 1308: calls $0.02
tomashovka55: raises $0.03 to $0.05
Dorex2007: folds 
Xaxaec: folds 
alitam11: folds 
zanshin46: folds 
TJonathan: folds 
GUILLE 1308: calls $0.03
*** FLOP *** [3h 7c Tc]
GUILLE 1308: checks 
tomashovka55: bets $0.09
GUILLE 1308: calls $0.09
*** TURN *** [3h 7c Tc] [7d]
GUILLE 1308: checks 
tomashovka55: checks 
*** RIVER *** [3h 7c Tc 7d] [Kc]
GUILLE 1308: checks 
tomashovka55: bets $0.21
GUILLE 1308: folds 
Uncalled bet ($0.21) returned to tomashovka55
tomashovka55 collected $0.30 from pot
tomashovka55: doesn't show hand 
*** SUMMARY ***
Total pot $0.31 | Rake $0.01 
Board [3h 7c Tc 7d Kc]
Seat 1: Maugly1982 folded before Flop (didn't bet)
Seat 2: GUILLE 1308 folded on the River
Seat 3: tomashovka55 collected ($0.30)
Seat 4: Dorex2007 folded before Flop (didn't bet)
Seat 5: Xaxaec folded before Flop (didn't bet)
Seat 6: alitam11 (button) folded before Flop (didn't bet)
Seat 7: zanshin46 (small blind) folded before Flop
Seat 9: TJonathan (big blind) folded before Flop



PokerStars Hand #223634647774:  Hold'em No Limit ($0.01/$0.02 USD) - 2021/02/09 20:24:16 PT [2021/02/09 23:24:16 ET]
Table 'Alstede V' 9-max Seat #9 is the button
Seat 1: Maugly1982 ($1.97 in chips) 
Seat 2: GUILLE 1308 ($0.81 in chips) 
Seat 3: tomashovka55 ($3.11 in chips) 
Seat 4: Dorex2007 ($3.26 in chips) 
Seat 5: Xaxaec ($1.04 in chips) 
Seat 6: alitam11 ($1.86 in chips) 
Seat 9: TJonathan ($1.98 in chips) 
Maugly1982: posts small blind $0.01
GUILLE 1308: posts big blind $0.02
*** HOLE CARDS ***
Dealt to Dorex2007 [Th 9h]
tomashovka55: folds 
Dorex2007: calls $0.02
Xaxaec: folds 
alitam11: folds 
TJonathan: folds 
Maugly1982: folds 
GUILLE 1308: checks 
*** FLOP *** [4h Ac 6s]
GUILLE 1308: checks 
Dorex2007: checks 
*** TURN *** [4h Ac 6s] [Qd]
GUILLE 1308: checks 
Dorex2007: checks 
*** RIVER *** [4h Ac 6s Qd] [Ad]
GUILLE 1308: checks 
Dorex2007: checks 
*** SHOW DOWN ***
GUILLE 1308: shows [4s Js] (two pair, Aces and Fours)
Dorex2007: mucks hand 
GUILLE 1308 collected $0.05 from pot
*** SUMMARY ***
Total pot $0.05 | Rake $0 
Board [4h Ac 6s Qd Ad]
Seat 1: Maugly1982 (small blind) folded before Flop
Seat 2: GUILLE 1308 (big blind) showed [4s Js] and won ($0.05) with two pair, Aces and Fours
Seat 3: tomashovka55 folded before Flop (didn't bet)
Seat 4: Dorex2007 mucked [Th 9h]
Seat 5: Xaxaec folded before Flop (didn't bet)
Seat 6: alitam11 folded before Flop (didn't bet)
Seat 9: TJonathan (button) folded before Flop (didn't bet)



PokerStars Hand #223634660490:  Hold'em No Limit ($0.01/$0.02 USD) - 2021/02/09 20:25:04 PT [2021/02/09 23:25:04 ET]
Table 'Alstede V' 9-max Seat #1 is the button
Seat 1: Maugly1982 ($1.96 in chips) 
Seat 2: GUILLE 1308 ($0.84 in chips) 
Seat 3: tomashovka55 ($3.11 in chips) 
Seat 4: Dorex2007 ($3.24 in chips) 
Seat 5: Xaxaec ($1.04 in chips) 
Seat 6: alitam11 ($1.86 in chips) 
Seat 9: TJonathan ($1.98 in chips) 
GUILLE 1308: posts small blind $0.01
tomashovka55: posts big blind $0.02
*** HOLE CARDS ***
Dealt to Dorex2007 [6c Ks]
Dorex2007: folds 
Xaxaec: folds 
alitam11: folds 
TJonathan: folds 
Maugly1982: folds 
GUILLE 1308: folds 
Uncalled bet ($0.01) returned to tomashovka55
tomashovka55 collected $0.02 from pot
tomashovka55: doesn't show hand 
*** SUMMARY ***
Total pot $0.02 | Rake $0 
Seat 1: Maugly1982 (button) folded before Flop (didn't bet)
Seat 2: GUILLE 1308 (small blind) folded before Flop
Seat 3: tomashovka55 (big blind) collected ($0.02)
Seat 4: Dorex2007 folded before Flop (didn't bet)
Seat 5: Xaxaec folded before Flop (didn't bet)
Seat 6: alitam11 folded before Flop (didn't bet)
Seat 9: TJonathan folded before Flop (didn't bet)



PokerStars Hand #223634664603:  Hold'em No Limit ($0.01/$0.02 USD) - 2021/02/09 20:25:23 PT [2021/02/09 23:25:23 ET]
Table 'Alstede V' 9-max Seat #2 is the button
Seat 1: Maugly1982 ($1.96 in chips) 
Seat 2: GUILLE 1308 ($0.83 in chips) 
Seat 3: tomashovka55 ($3.12 in chips) 
Seat 4: Dorex2007 ($3.24 in chips) 
Seat 5: Xaxaec ($1.04 in chips) 
Seat 6: alitam11 ($1.86 in chips) 
Seat 9: TJonathan ($1.98 in chips) 
tomashovka55: posts small blind $0.01
Dorex2007: posts big blind $0.02
*** HOLE CARDS ***
Dealt to Dorex2007 [9h 3s]
Xaxaec: folds 
alitam11: folds 
TJonathan: raises $0.02 to $0.04
Maugly1982: folds 
GUILLE 1308: calls $0.04
tomashovka55: calls $0.03
Dorex2007: folds 
*** FLOP *** [3h Ks 8d]
d. yuriev_87 joins the table at seat #8 
tomashovka55: checks 
TJonathan: bets $0.04
GUILLE 1308: calls $0.04
tomashovka55: folds 
*** TURN *** [3h Ks 8d] [Th]
TJonathan: bets $0.06
GUILLE 1308: calls $0.06
*** RIVER *** [3h Ks 8d Th] [2h]
TJonathan: checks 
GUILLE 1308: checks 
*** SHOW DOWN ***
TJonathan: shows [5c As] (high card Ace)
GUILLE 1308: shows [6s 6c] (a pair of Sixes)
GUILLE 1308 collected $0.33 from pot
*** SUMMARY ***
Total pot $0.34 | Rake $0.01 
Board [3h Ks 8d Th 2h]
Seat 1: Maugly1982 folded before Flop (didn't bet)
Seat 2: GUILLE 1308 (button) showed [6s 6c] and won ($0.33) with a pair of Sixes
Seat 3: tomashovka55 (small blind) folded on the Flop
Seat 4: Dorex2007 (big blind) folded before Flop
Seat 5: Xaxaec folded before Flop (didn't bet)
Seat 6: alitam11 folded before Flop (didn't bet)
Seat 9: TJonathan showed [5c As] and lost with high card Ace



PokerStars Hand #223634679608:  Hold'em No Limit ($0.01/$0.02 USD) - 2021/02/09 20:26:29 PT [2021/02/09 23:26:29 ET]
Table 'Alstede V' 9-max Seat #3 is the button
Seat 1: Maugly1982 ($1.96 in chips) 
Seat 2: GUILLE 1308 ($1.02 in chips) 
Seat 3: tomashovka55 ($3.08 in chips) 
Seat 4: Dorex2007 ($3.22 in chips) 
Seat 5: Xaxaec ($1.04 in chips) 
Seat 6: alitam11 ($1.86 in chips) 
Seat 9: TJonathan ($1.84 in chips) 
Dorex2007: posts small blind $0.01
Xaxaec: posts big blind $0.02
d. yuriev_87: sits out 
*** HOLE CARDS ***
Dealt to Dorex2007 [Js Jc]
alitam11: folds 
TJonathan: folds 
Maugly1982: folds 
GUILLE 1308: folds 
tomashovka55: folds 
Dorex2007: raises $0.02 to $0.04
Xaxaec: calls $0.02
*** FLOP *** [Kd Jh 9h]
Dorex2007: checks 
Xaxaec: checks 
*** TURN *** [Kd Jh 9h] [5c]
Dorex2007: bets $0.08
Xaxaec: calls $0.08
*** RIVER *** [Kd Jh 9h 5c] [2h]
Dorex2007: bets $0.12
Xaxaec: calls $0.12
*** SHOW DOWN ***
Dorex2007: shows [Js Jc] (three of a kind, Jacks)
Xaxaec: mucks hand 
Dorex2007 collected $0.46 from pot
*** SUMMARY ***
Total pot $0.48 | Rake $0.02 
Board [Kd Jh 9h 5c 2h]
Seat 1: Maugly1982 folded before Flop (didn't bet)
Seat 2: GUILLE 1308 folded before Flop (didn't bet)
Seat 3: tomashovka55 (button) folded before Flop (didn't bet)
Seat 4: Dorex2007 (small blind) showed [Js Jc] and won ($0.46) with three of a kind, Jacks
Seat 5: Xaxaec (big blind) mucked [Jd Qh]
Seat 6: alitam11 folded before Flop (didn't bet)
Seat 9: TJonathan folded before Flop (didn't bet)



PokerStars Hand #223634690383:  Hold'em No Limit ($0.01/$0.02 USD) - 2021/02/09 20:27:15 PT [2021/02/09 23:27:15 ET]
Table 'Alstede V' 9-max Seat #4 is the button
Seat 1: Maugly1982 ($1.96 in chips) 
Seat 2: GUILLE 1308 ($1.02 in chips) 
Seat 3: tomashovka55 ($3.08 in chips) 
Seat 4: Dorex2007 ($3.44 in chips) 
Seat 5: Xaxaec ($0.80 in chips) 
Seat 6: alitam11 ($1.86 in chips) 
Seat 7: zanshin46 ($1 in chips) 
Seat 8: d. yuriev_87 ($0.80 in chips) 
Seat 9: TJonathan ($1.84 in chips) 
Xaxaec: posts small blind $0.01
alitam11: posts big blind $0.02
d. yuriev_87: posts big blind $0.02
*** HOLE CARDS ***
Dealt to Dorex2007 [6s 2s]
zanshin46: calls $0.02
d. yuriev_87: checks 
TJonathan: folds 
Maugly1982: raises $0.10 to $0.12
GUILLE 1308: folds 
tomashovka55: folds 
Dorex2007: folds 
Xaxaec: calls $0.11
alitam11: folds 
zanshin46: folds 
d. yuriev_87: folds 
*** FLOP *** [4s Ts 6h]
Xaxaec: checks 
Maugly1982: bets $0.15
Xaxaec: folds 
Uncalled bet ($0.15) returned to Maugly1982
Maugly1982 collected $0.29 from pot
Maugly1982: doesn't show hand 
*** SUMMARY ***
Total pot $0.30 | Rake $0.01 
Board [4s Ts 6h]
Seat 1: Maugly1982 collected ($0.29)
Seat 2: GUILLE 1308 folded before Flop (didn't bet)
Seat 3: tomashovka55 folded before Flop (didn't bet)
Seat 4: Dorex2007 (button) folded before Flop (didn't bet)
Seat 5: Xaxaec (small blind) folded on the Flop
Seat 6: alitam11 (big blind) folded before Flop
Seat 7: zanshin46 folded before Flop
Seat 8: d. yuriev_87 folded before Flop (didn't bet)
Seat 9: TJonathan folded before Flop (didn't bet)



PokerStars Hand #223634707363:  Hold'em No Limit ($0.01/$0.02 USD) - 2021/02/09 20:27:59 PT [2021/02/09 23:27:59 ET]
Table 'Alstede V' 9-max Seat #5 is the button
Seat 1: Maugly1982 ($2.13 in chips) 
Seat 2: GUILLE 1308 ($1.02 in chips) 
Seat 3: tomashovka55 ($3.08 in chips) 
Seat 4: Dorex2007 ($3.44 in chips) 
Seat 5: Xaxaec ($0.68 in chips) 
Seat 6: alitam11 ($1.84 in chips) 
Seat 7: zanshin46 ($0.98 in chips) 
Seat 8: d. yuriev_87 ($0.78 in chips) 
Seat 9: TJonathan ($1.84 in chips) 
alitam11: posts small blind $0.01
zanshin46: posts big blind $0.02
*** HOLE CARDS ***
Dealt to Dorex2007 [5s Qd]
d. yuriev_87 has timed out
d. yuriev_87: folds 
TJonathan: folds 
Maugly1982: folds 
GUILLE 1308: calls $0.02
tomashovka55: folds 
Dorex2007: folds 
Xaxaec: raises $0.04 to $0.06
alitam11: folds 
zanshin46: calls $0.04
GUILLE 1308: calls $0.04
*** FLOP *** [8h Jh 5c]
zanshin46: checks 
GUILLE 1308: checks 
Xaxaec: checks 
*** TURN *** [8h Jh 5c] [2d]
zanshin46: bets $0.06
GUILLE 1308: calls $0.06
Xaxaec: calls $0.06
*** RIVER *** [8h Jh 5c 2d] [8c]
zanshin46: bets $0.12
GUILLE 1308: calls $0.12
Xaxaec: folds 
*** SHOW DOWN ***
zanshin46: shows [Kc Jc] (two pair, Jacks and Eights)
GUILLE 1308: mucks hand 
zanshin46 collected $0.59 from pot
*** SUMMARY ***
Total pot $0.61 | Rake $0.02 
Board [8h Jh 5c 2d 8c]
Seat 1: Maugly1982 folded before Flop (didn't bet)
Seat 2: GUILLE 1308 mucked [9c 9s]
Seat 3: tomashovka55 folded before Flop (didn't bet)
Seat 4: Dorex2007 folded before Flop (didn't bet)
Seat 5: Xaxaec (button) folded on the River
Seat 6: alitam11 (small blind) folded before Flop
Seat 7: zanshin46 (big blind) showed [Kc Jc] and won ($0.59) with two pair, Jacks and Eights
Seat 8: d. yuriev_87 folded before Flop (didn't bet)
Seat 9: TJonathan folded before Flop (didn't bet)



PokerStars Hand #223634726359:  Hold'em No Limit ($0.01/$0.02 USD) - 2021/02/09 20:29:23 PT [2021/02/09 23:29:23 ET]
Table 'Alstede V' 9-max Seat #6 is the button
Seat 1: Maugly1982 ($2.13 in chips) 
Seat 2: GUILLE 1308 ($0.78 in chips) 
Seat 3: tomashovka55 ($3.08 in chips) 
Seat 4: Dorex2007 ($3.44 in chips) 
Seat 5: Xaxaec ($0.56 in chips) 
Seat 6: alitam11 ($1.83 in chips) 
Seat 7: zanshin46 ($1.33 in chips) 
Seat 8: d. yuriev_87 ($0.78 in chips) 
Seat 9: TJonathan ($1.84 in chips) 
zanshin46: posts small blind $0.01
d. yuriev_87: posts big blind $0.02
*** HOLE CARDS ***
Dealt to Dorex2007 [7c Ad]
TJonathan: folds 
Maugly1982: folds 
GUILLE 1308: calls $0.02
tomashovka55: folds 
Dorex2007: folds 
Xaxaec: folds 
alitam11: folds 
zanshin46: calls $0.01
d. yuriev_87: checks 
*** FLOP *** [5s 2s Tc]
zanshin46: checks 
d. yuriev_87: checks 
GUILLE 1308: checks 
*** TURN *** [5s 2s Tc] [7d]
zanshin46: checks 
d. yuriev_87: checks 
GUILLE 1308: checks 
*** RIVER *** [5s 2s Tc 7d] [Js]
zanshin46: bets $0.02
d. yuriev_87: calls $0.02
GUILLE 1308: folds 
*** SHOW DOWN ***
zanshin46: shows [Jd 9s] (a pair of Jacks)
d. yuriev_87: mucks hand 
zanshin46 collected $0.10 from pot
*** SUMMARY ***
Total pot $0.10 | Rake $0 
Board [5s 2s Tc 7d Js]
Seat 1: Maugly1982 folded before Flop (didn't bet)
Seat 2: GUILLE 1308 folded on the River
Seat 3: tomashovka55 folded before Flop (didn't bet)
Seat 4: Dorex2007 folded before Flop (didn't bet)
Seat 5: Xaxaec folded before Flop (didn't bet)
Seat 6: alitam11 (button) folded before Flop (didn't bet)
Seat 7: zanshin46 (small blind) showed [Jd 9s] and won ($0.10) with a pair of Jacks
Seat 8: d. yuriev_87 (big blind) mucked [6d 7h]
Seat 9: TJonathan folded before Flop (didn't bet)



PokerStars Hand #223634738989:  Hold'em No Limit ($0.01/$0.02 USD) - 2021/02/09 20:30:19 PT [2021/02/09 23:30:19 ET]
Table 'Alstede V' 9-max Seat #7 is the button
Seat 1: Maugly1982 ($2.13 in chips) 
Seat 2: GUILLE 1308 ($0.76 in chips) 
Seat 3: tomashovka55 ($3.08 in chips) 
Seat 4: Dorex2007 ($3.44 in chips) 
Seat 5: Xaxaec ($0.56 in chips) 
Seat 6: alitam11 ($1.83 in chips) 
Seat 7: zanshin46 ($1.39 in chips) 
Seat 8: d. yuriev_87 ($0.74 in chips) 
Seat 9: TJonathan ($1.84 in chips) 
d. yuriev_87: posts small blind $0.01
TJonathan: posts big blind $0.02
*** HOLE CARDS ***
Dealt to Dorex2007 [9d Kd]
Maugly1982: raises $0.08 to $0.10
GUILLE 1308: folds 
tomashovka55: folds 
Dorex2007: folds 
Xaxaec: raises $0.08 to $0.18
alitam11: folds 
zanshin46: folds 
d. yuriev_87: folds 
TJonathan: folds 
Maugly1982: raises $0.39 to $0.57
Xaxaec: calls $0.38 and is all-in
Uncalled bet ($0.01) returned to Maugly1982
*** FLOP *** [Ah 8s Ts]
*** TURN *** [Ah 8s Ts] [Th]
*** RIVER *** [Ah 8s Ts Th] [3d]
*** SHOW DOWN ***
Maugly1982: shows [Jc Jd] (two pair, Jacks and Tens)
Xaxaec: shows [Ks Kc] (two pair, Kings and Tens)
Xaxaec collected $1.11 from pot
*** SUMMARY ***
Total pot $1.15 | Rake $0.04 
Board [Ah 8s Ts Th 3d]
Seat 1: Maugly1982 showed [Jc Jd] and lost with two pair, Jacks and Tens
Seat 2: GUILLE 1308 folded before Flop (didn't bet)
Seat 3: tomashovka55 folded before Flop (didn't bet)
Seat 4: Dorex2007 folded before Flop (didn't bet)
Seat 5: Xaxaec showed [Ks Kc] and won ($1.11) with two pair, Kings and Tens
Seat 6: alitam11 folded before Flop (didn't bet)
Seat 7: zanshin46 (button) folded before Flop (didn't bet)
Seat 8: d. yuriev_87 (small blind) folded before Flop
Seat 9: TJonathan (big blind) folded before Flop



PokerStars Hand #223634748391:  Hold'em No Limit ($0.01/$0.02 USD) - 2021/02/09 20:31:01 PT [2021/02/09 23:31:01 ET]
Table 'Alstede V' 9-max Seat #8 is the button
Seat 1: Maugly1982 ($1.57 in chips) 
Seat 2: GUILLE 1308 ($0.76 in chips) 
Seat 3: tomashovka55 ($3.08 in chips) 
Seat 4: Dorex2007 ($3.44 in chips) 
Seat 5: Xaxaec ($1.11 in chips) 
Seat 6: alitam11 ($1.83 in chips) 
Seat 7: zanshin46 ($1.39 in chips) 
Seat 8: d. yuriev_87 ($0.73 in chips) 
Seat 9: TJonathan ($1.82 in chips) 
TJonathan: posts small blind $0.01
Maugly1982: posts big blind $0.02
*** HOLE CARDS ***
Dealt to Dorex2007 [Kd 3s]
GUILLE 1308: calls $0.02
tomashovka55: folds 
Dorex2007: folds 
Xaxaec: folds 
alitam11: raises $0.06 to $0.08
zanshin46: folds 
d. yuriev_87: folds 
TJonathan: folds 
Maugly1982: folds 
GUILLE 1308: calls $0.06
*** FLOP *** [8s 9d 9h]
GUILLE 1308: checks 
alitam11: checks 
*** TURN *** [8s 9d 9h] [Js]
GUILLE 1308: checks 
alitam11: checks 
*** RIVER *** [8s 9d 9h Js] [Ad]
GUILLE 1308: checks 
alitam11: bets $0.18
GUILLE 1308: calls $0.18
*** SHOW DOWN ***
alitam11: shows [9s 9c] (four of a kind, Nines)
GUILLE 1308: mucks hand 
alitam11 collected $0.53 from pot
*** SUMMARY ***
Total pot $0.55 | Rake $0.02 
Board [8s 9d 9h Js Ad]
Seat 1: Maugly1982 (big blind) folded before Flop
Seat 2: GUILLE 1308 mucked [Ac 3c]
Seat 3: tomashovka55 folded before Flop (didn't bet)
Seat 4: Dorex2007 folded before Flop (didn't bet)
Seat 5: Xaxaec folded before Flop (didn't bet)
Seat 6: alitam11 showed [9s 9c] and won ($0.53) with four of a kind, Nines
Seat 7: zanshin46 folded before Flop (didn't bet)
Seat 8: d. yuriev_87 (button) folded before Flop (didn't bet)
Seat 9: TJonathan (small blind) folded before Flop



PokerStars Hand #223634761854:  Hold'em No Limit ($0.01/$0.02 USD) - 2021/02/09 20:32:01 PT [2021/02/09 23:32:01 ET]
Table 'Alstede V' 9-max Seat #9 is the button
Seat 1: Maugly1982 ($1.55 in chips) 
Seat 2: GUILLE 1308 ($0.50 in chips) 
Seat 3: tomashovka55 ($3.08 in chips) 
Seat 4: Dorex2007 ($3.44 in chips) 
Seat 5: Xaxaec ($1.11 in chips) 
Seat 6: alitam11 ($2.10 in chips) 
Seat 7: zanshin46 ($1.39 in chips) 
Seat 8: d. yuriev_87 ($0.73 in chips) 
Seat 9: TJonathan ($1.81 in chips) 
Maugly1982: posts small blind $0.01
GUILLE 1308: posts big blind $0.02
*** HOLE CARDS ***
Dealt to Dorex2007 [As 8s]
tomashovka55: raises $0.03 to $0.05
Dorex2007: calls $0.05
Xaxaec: folds 
alitam11: folds 
zanshin46: calls $0.05
d. yuriev_87: folds 
TJonathan: calls $0.05
Maugly1982: calls $0.04
GUILLE 1308: calls $0.03
*** FLOP *** [2d 7h 3c]
Maugly1982: checks 
GUILLE 1308: checks 
tomashovka55: checks 
Dorex2007: checks 
zanshin46: bets $0.02
TJonathan: folds 
Maugly1982: calls $0.02
GUILLE 1308: calls $0.02
tomashovka55: folds 
Dorex2007: folds 
*** TURN *** [2d 7h 3c] [6d]
Maugly1982: checks 
GUILLE 1308: checks 
zanshin46: checks 
*** RIVER *** [2d 7h 3c 6d] [Jd]
Maugly1982: bets $0.18
GUILLE 1308: folds 
zanshin46: calls $0.18
*** SHOW DOWN ***
Maugly1982: shows [Kc Jc] (a pair of Jacks)
zanshin46: mucks hand 
Maugly1982 collected $0.69 from pot
*** SUMMARY ***
Total pot $0.72 | Rake $0.03 
Board [2d 7h 3c 6d Jd]
Seat 1: Maugly1982 (small blind) showed [Kc Jc] and won ($0.69) with a pair of Jacks
Seat 2: GUILLE 1308 (big blind) folded on the River
Seat 3: tomashovka55 folded on the Flop
Seat 4: Dorex2007 folded on the Flop
Seat 5: Xaxaec folded before Flop (didn't bet)
Seat 6: alitam11 folded before Flop (didn't bet)
Seat 7: zanshin46 mucked [Ad 7s]
Seat 8: d. yuriev_87 folded before Flop (didn't bet)
Seat 9: TJonathan (button) folded on the Flop



PokerStars Hand #223634794967:  Hold'em No Limit ($0.01/$0.02 USD) - 2021/02/09 20:33:47 PT [2021/02/09 23:33:47 ET]
Table 'Alstede V' 9-max Seat #1 is the button
Seat 1: Maugly1982 ($1.99 in chips) 
Seat 2: GUILLE 1308 ($0.43 in chips) 
Seat 4: Dorex2007 ($3.39 in chips) 
Seat 5: Xaxaec ($1.11 in chips) 
Seat 6: alitam11 ($2.10 in chips) 
Seat 7: zanshin46 ($1.14 in chips) 
Seat 8: d. yuriev_87 ($0.73 in chips) 
Seat 9: TJonathan ($1.76 in chips) 
GUILLE 1308: posts small blind $0.01
tomashovka55: is sitting out 
Dorex2007: posts big blind $0.02
*** HOLE CARDS ***
Dealt to Dorex2007 [4s 4h]
tomashovka55 leaves the table
Xaxaec: folds 
alitam11: folds 
zanshin46: folds 
d. yuriev_87: folds 
TJonathan: folds 
Maugly1982: raises $0.08 to $0.10
GUILLE 1308: calls $0.09
Dorex2007: folds 
*** FLOP *** [Qd Ad Jh]
GUILLE 1308: checks 
Maugly1982: bets $0.11
GUILLE 1308: calls $0.11
*** TURN *** [Qd Ad Jh] [5c]
GUILLE 1308: checks 
Maugly1982: bets $0.21
GUILLE 1308: calls $0.21
*** RIVER *** [Qd Ad Jh 5c] [9h]
GUILLE 1308: bets $0.01 and is all-in
Maugly1982: calls $0.01
*** SHOW DOWN ***
GUILLE 1308: shows [Td As] (a pair of Aces)
Maugly1982: shows [Kd Kh] (a pair of Kings)
GUILLE 1308 collected $0.85 from pot
*** SUMMARY ***
Total pot $0.88 | Rake $0.03 
Board [Qd Ad Jh 5c 9h]
Seat 1: Maugly1982 (button) showed [Kd Kh] and lost with a pair of Kings
Seat 2: GUILLE 1308 (small blind) showed [Td As] and won ($0.85) with a pair of Aces
Seat 4: Dorex2007 (big blind) folded before Flop
Seat 5: Xaxaec folded before Flop (didn't bet)
Seat 6: alitam11 folded before Flop (didn't bet)
Seat 7: zanshin46 folded before Flop (didn't bet)
Seat 8: d. yuriev_87 folded before Flop (didn't bet)
Seat 9: TJonathan folded before Flop (didn't bet)



PokerStars Hand #223634805430:  Hold'em No Limit ($0.01/$0.02 USD) - 2021/02/09 20:34:34 PT [2021/02/09 23:34:34 ET]
Table 'Alstede V' 9-max Seat #2 is the button
Seat 1: Maugly1982 ($1.56 in chips) 
Seat 2: GUILLE 1308 ($0.85 in chips) 
Seat 4: Dorex2007 ($3.37 in chips) 
Seat 5: Xaxaec ($1.11 in chips) 
Seat 6: alitam11 ($2.10 in chips) 
Seat 8: d. yuriev_87 ($0.73 in chips) 
Seat 9: TJonathan ($1.76 in chips) 
Dorex2007: posts small blind $0.01
Xaxaec: posts big blind $0.02
*** HOLE CARDS ***
Dealt to Dorex2007 [Td 5s]
alitam11: folds 
d. yuriev_87: folds 
TJonathan: raises $0.02 to $0.04
Maugly1982: folds 
GUILLE 1308: calls $0.04
Dorex2007: folds 
Xaxaec: folds 
*** FLOP *** [Ac 4s 3c]
TJonathan: checks 
GUILLE 1308: checks 
*** TURN *** [Ac 4s 3c] [5c]
TJonathan: checks 
GUILLE 1308: bets $0.02
TJonathan: calls $0.02
*** RIVER *** [Ac 4s 3c 5c] [6d]
TJonathan: bets $0.07
GUILLE 1308: calls $0.07
*** SHOW DOWN ***
TJonathan: shows [7d 7h] (a straight, Three to Seven)
GUILLE 1308: mucks hand 
TJonathan collected $0.28 from pot
*** SUMMARY ***
Total pot $0.29 | Rake $0.01 
Board [Ac 4s 3c 5c 6d]
Seat 1: Maugly1982 folded before Flop (didn't bet)
Seat 2: GUILLE 1308 (button) mucked [2s 2c]
Seat 4: Dorex2007 (small blind) folded before Flop
Seat 5: Xaxaec (big blind) folded before Flop
Seat 6: alitam11 folded before Flop (didn't bet)
Seat 8: d. yuriev_87 folded before Flop (didn't bet)
Seat 9: TJonathan showed [7d 7h] and won ($0.28) with a straight, Three to Seven



PokerStars Hand #223634815931:  Hold'em No Limit ($0.01/$0.02 USD) - 2021/02/09 20:35:22 PT [2021/02/09 23:35:22 ET]
Table 'Alstede V' 9-max Seat #4 is the button
Seat 1: Maugly1982 ($1.56 in chips) 
Seat 2: GUILLE 1308 ($0.72 in chips) 
Seat 4: Dorex2007 ($3.36 in chips) 
Seat 5: Xaxaec ($1.09 in chips) 
Seat 6: alitam11 ($2.10 in chips) 
Seat 8: d. yuriev_87 ($0.73 in chips) 
Seat 9: TJonathan ($1.91 in chips) 
Xaxaec: posts small blind $0.01
alitam11: posts big blind $0.02
*** HOLE CARDS ***
Dealt to Dorex2007 [3s 4s]
d. yuriev_87: raises $0.04 to $0.06
TJonathan: folds 
Maugly1982: calls $0.06
GUILLE 1308: folds 
Dorex2007: folds 
Xaxaec: folds 
alitam11: folds 
*** FLOP *** [Qh 4h 8s]
d. yuriev_87: bets $0.14
Maugly1982: folds 
Uncalled bet ($0.14) returned to d. yuriev_87
d. yuriev_87 collected $0.14 from pot
d. yuriev_87: doesn't show hand 
*** SUMMARY ***
Total pot $0.15 | Rake $0.01 
Board [Qh 4h 8s]
Seat 1: Maugly1982 folded on the Flop
Seat 2: GUILLE 1308 folded before Flop (didn't bet)
Seat 4: Dorex2007 (button) folded before Flop (didn't bet)
Seat 5: Xaxaec (small blind) folded before Flop
Seat 6: alitam11 (big blind) folded before Flop
Seat 8: d. yuriev_87 collected ($0.14)
Seat 9: TJonathan folded before Flop (didn't bet)



PokerStars Hand #223634824697:  Hold'em No Limit ($0.01/$0.02 USD) - 2021/02/09 20:36:02 PT [2021/02/09 23:36:02 ET]
Table 'Alstede V' 9-max Seat #5 is the button
Seat 1: Maugly1982 ($1.50 in chips) 
Seat 2: GUILLE 1308 ($0.72 in chips) 
Seat 4: Dorex2007 ($3.36 in chips) 
Seat 5: Xaxaec ($1.08 in chips) 
Seat 6: alitam11 ($2.08 in chips) 
Seat 8: d. yuriev_87 ($0.81 in chips) 
Seat 9: TJonathan ($1.91 in chips) 
alitam11: posts small blind $0.01
d. yuriev_87: posts big blind $0.02
*** HOLE CARDS ***
Dealt to Dorex2007 [5d Ks]
TJonathan: calls $0.02
Maugly1982: calls $0.02
GUILLE 1308: folds 
Dorex2007: folds 
Xaxaec: folds 
BigOldRichard joins the table at seat #3 
alitam11: folds 
d. yuriev_87: checks 
*** FLOP *** [Ah 8s 4s]
d. yuriev_87: checks 
TJonathan: checks 
Maugly1982: checks 
*** TURN *** [Ah 8s 4s] [2s]
d. yuriev_87: checks 
TJonathan: checks 
Maugly1982: checks 
*** RIVER *** [Ah 8s 4s 2s] [8h]
d. yuriev_87: checks 
TJonathan: bets $0.02
Maugly1982: folds 
d. yuriev_87: calls $0.02
*** SHOW DOWN ***
TJonathan: shows [Kd Jd] (a pair of Eights)
d. yuriev_87: shows [4d Qc] (two pair, Eights and Fours)
d. yuriev_87 collected $0.11 from pot
*** SUMMARY ***
Total pot $0.11 | Rake $0 
Board [Ah 8s 4s 2s 8h]
Seat 1: Maugly1982 folded on the River
Seat 2: GUILLE 1308 folded before Flop (didn't bet)
Seat 4: Dorex2007 folded before Flop (didn't bet)
Seat 5: Xaxaec (button) folded before Flop (didn't bet)
Seat 6: alitam11 (small blind) folded before Flop
Seat 8: d. yuriev_87 (big blind) showed [4d Qc] and won ($0.11) with two pair, Eights and Fours
Seat 9: TJonathan showed [Kd Jd] and lost with a pair of Eights



PokerStars Hand #223634835279:  Hold'em No Limit ($0.01/$0.02 USD) - 2021/02/09 20:36:49 PT [2021/02/09 23:36:49 ET]
Table 'Alstede V' 9-max Seat #6 is the button
Seat 1: Maugly1982 ($1.48 in chips) 
Seat 2: GUILLE 1308 ($0.72 in chips) 
Seat 3: BigOldRichard ($1.20 in chips) 
Seat 4: Dorex2007 ($3.36 in chips) 
Seat 5: Xaxaec ($1.08 in chips) 
Seat 6: alitam11 ($2.07 in chips) 
Seat 8: d. yuriev_87 ($0.88 in chips) 
Seat 9: TJonathan ($1.87 in chips) 
d. yuriev_87: posts small blind $0.01
TJonathan: posts big blind $0.02
BigOldRichard: posts big blind $0.02
*** HOLE CARDS ***
Dealt to Dorex2007 [Ad Tc]
Maugly1982: folds 
GUILLE 1308: folds 
BigOldRichard: checks 
Dorex2007: calls $0.02
Xaxaec: calls $0.02
alitam11: folds 
d. yuriev_87: folds 
TJonathan: checks 
*** FLOP *** [7h 9c 5d]
TJonathan: checks 
BigOldRichard: checks 
Dorex2007: checks 
Xaxaec: bets $0.05
TJonathan: folds 
BigOldRichard: folds 
Dorex2007: folds 
Uncalled bet ($0.05) returned to Xaxaec
Xaxaec collected $0.09 from pot
Xaxaec: doesn't show hand 
*** SUMMARY ***
Total pot $0.09 | Rake $0 
Board [7h 9c 5d]
Seat 1: Maugly1982 folded before Flop (didn't bet)
Seat 2: GUILLE 1308 folded before Flop (didn't bet)
Seat 3: BigOldRichard folded on the Flop (didn't bet)
Seat 4: Dorex2007 folded on the Flop
Seat 5: Xaxaec collected ($0.09)
Seat 6: alitam11 (button) folded before Flop (didn't bet)
Seat 8: d. yuriev_87 (small blind) folded before Flop
Seat 9: TJonathan (big blind) folded on the Flop



