PokerStars Hand #231391429343:  Hold'em No Limit ($0.01/$0.02 USD) - 2021/11/14 1:57:17 PT [2021/11/14 4:57:17 ET]
Table 'Brachium II' 9-max Seat #1 is the button
Seat 1: Gozila1 ($1.31 in chips) 
Seat 2: KayrosImo ($1.85 in chips) 
Seat 3: Matt Mcgilta ($2 in chips) 
Seat 4: Urasik1979 ($0.73 in chips) 
Seat 5: SilenceKLN ($2.04 in chips) 
Seat 6: kammikkazi ($1.97 in chips) 
Seat 7: Red Viper101 ($2 in chips) 
Seat 9: Dorex2007 ($2 in chips) 
KayrosImo: posts small blind $0.01
Matt Mcgilta: posts big blind $0.02
Dorex2007: posts big blind $0.02
*** HOLE CARDS ***
Dealt to Dorex2007 [Jd 6d]
Urasik1979: folds 
SilenceKLN: folds 
kammikkazi: folds 
Red Viper101: folds 
Dorex2007: checks 
Gozila1: folds 
KayrosImo: calls $0.01
Matt Mcgilta: checks 
*** FLOP *** [7s 7d 6s]
KayrosImo: checks 
Matt Mcgilta: checks 
Dorex2007: bets $0.06
KayrosImo: folds 
Matt Mcgilta: folds 
Uncalled bet ($0.06) returned to Dorex2007
Dorex2007 collected $0.06 from pot
Dorex2007: doesn't show hand 
*** SUMMARY ***
Total pot $0.06 | Rake $0 
Board [7s 7d 6s]
Seat 1: Gozila1 (button) folded before Flop (didn't bet)
Seat 2: KayrosImo (small blind) folded on the Flop
Seat 3: Matt Mcgilta (big blind) folded on the Flop
Seat 4: Urasik1979 folded before Flop (didn't bet)
Seat 5: SilenceKLN folded before Flop (didn't bet)
Seat 6: kammikkazi folded before Flop (didn't bet)
Seat 7: Red Viper101 folded before Flop (didn't bet)
Seat 9: Dorex2007 collected ($0.06)



PokerStars Hand #231391437884:  Hold'em No Limit ($0.01/$0.02 USD) - 2021/11/14 1:58:02 PT [2021/11/14 4:58:02 ET]
Table 'Brachium II' 9-max Seat #2 is the button
Seat 1: Gozila1 ($1.31 in chips) 
Seat 2: KayrosImo ($1.83 in chips) 
Seat 3: Matt Mcgilta ($1.98 in chips) 
Seat 4: Urasik1979 ($0.73 in chips) 
Seat 5: SilenceKLN ($2.04 in chips) 
Seat 6: kammikkazi ($1.97 in chips) 
Seat 7: Red Viper101 ($2 in chips) 
Seat 9: Dorex2007 ($2.04 in chips) 
Matt Mcgilta: posts small blind $0.01
Urasik1979: posts big blind $0.02
*** HOLE CARDS ***
Dealt to Dorex2007 [7s 6c]
SilenceKLN: raises $0.04 to $0.06
kammikkazi: calls $0.06
Red Viper101: folds 
Dorex2007: folds 
Gozila1: calls $0.06
KayrosImo: calls $0.06
Matt Mcgilta: folds 
Urasik1979: folds 
*** FLOP *** [5d Jd 8c]
SilenceKLN: bets $0.18
kammikkazi: calls $0.18
Gozila1: folds 
KayrosImo: folds 
*** TURN *** [5d Jd 8c] [Kd]
SilenceKLN: bets $0.40
kammikkazi: folds 
Uncalled bet ($0.40) returned to SilenceKLN
SilenceKLN collected $0.61 from pot
*** SUMMARY ***
Total pot $0.63 | Rake $0.02 
Board [5d Jd 8c Kd]
Seat 1: Gozila1 folded on the Flop
Seat 2: KayrosImo (button) folded on the Flop
Seat 3: Matt Mcgilta (small blind) folded before Flop
Seat 4: Urasik1979 (big blind) folded before Flop
Seat 5: SilenceKLN collected ($0.61)
Seat 6: kammikkazi folded on the Turn
Seat 7: Red Viper101 folded before Flop (didn't bet)
Seat 9: Dorex2007 folded before Flop (didn't bet)



PokerStars Hand #231391453073:  Hold'em No Limit ($0.01/$0.02 USD) - 2021/11/14 1:59:22 PT [2021/11/14 4:59:22 ET]
Table 'Brachium II' 9-max Seat #3 is the button
Seat 1: Gozila1 ($1.25 in chips) 
Seat 2: KayrosImo ($2 in chips) 
Seat 3: Matt Mcgilta ($1.97 in chips) 
Seat 4: Urasik1979 ($0.71 in chips) 
Seat 5: SilenceKLN ($2.41 in chips) 
Seat 6: kammikkazi ($1.73 in chips) 
Seat 7: Red Viper101 ($2 in chips) 
Seat 8: Kela1373 ($2.58 in chips) 
Seat 9: Dorex2007 ($2.04 in chips) 
Urasik1979: posts small blind $0.01
SilenceKLN: posts big blind $0.02
*** HOLE CARDS ***
Dealt to Dorex2007 [2d 9h]
kammikkazi: folds 
Red Viper101: raises $0.04 to $0.06
Kela1373: calls $0.06
Dorex2007: folds 
Gozila1: calls $0.06
KayrosImo: folds 
Matt Mcgilta: folds 
Urasik1979: folds 
SilenceKLN: raises $0.26 to $0.32
Red Viper101: calls $0.26
Kela1373: folds 
Gozila1: calls $0.26
*** FLOP *** [Ts 7s 5d]
SilenceKLN: bets $0.50
Red Viper101: folds 
Gozila1: raises $0.43 to $0.93 and is all-in
SilenceKLN: calls $0.43
*** TURN *** [Ts 7s 5d] [Ks]
*** RIVER *** [Ts 7s 5d Ks] [Tc]
*** SHOW DOWN ***
SilenceKLN: shows [As Ah] (two pair, Aces and Tens)
Gozila1: shows [6s 8s] (a flush, King high)
Gozila1 collected $2.77 from pot
*** SUMMARY ***
Total pot $2.89 | Rake $0.12 
Board [Ts 7s 5d Ks Tc]
Seat 1: Gozila1 showed [6s 8s] and won ($2.77) with a flush, King high
Seat 2: KayrosImo folded before Flop (didn't bet)
Seat 3: Matt Mcgilta (button) folded before Flop (didn't bet)
Seat 4: Urasik1979 (small blind) folded before Flop
Seat 5: SilenceKLN (big blind) showed [As Ah] and lost with two pair, Aces and Tens
Seat 6: kammikkazi folded before Flop (didn't bet)
Seat 7: Red Viper101 folded on the Flop
Seat 8: Kela1373 folded before Flop
Seat 9: Dorex2007 folded before Flop (didn't bet)



PokerStars Hand #231391466844:  Hold'em No Limit ($0.01/$0.02 USD) - 2021/11/14 2:00:32 PT [2021/11/14 5:00:32 ET]
Table 'Brachium II' 9-max Seat #4 is the button
Seat 1: Gozila1 ($2.77 in chips) 
Seat 2: KayrosImo ($2 in chips) 
Seat 3: Matt Mcgilta ($1.97 in chips) 
Seat 4: Urasik1979 ($0.70 in chips) 
Seat 5: SilenceKLN ($2 in chips) 
Seat 6: kammikkazi ($1.73 in chips) 
Seat 7: Red Viper101 ($1.68 in chips) 
Seat 8: Kela1373 ($2.52 in chips) 
Seat 9: Dorex2007 ($2.04 in chips) 
SilenceKLN: posts small blind $0.01
kammikkazi: posts big blind $0.02
*** HOLE CARDS ***
Dealt to Dorex2007 [8s 4s]
Red Viper101: folds 
Kela1373: folds 
Dorex2007: folds 
Gozila1: folds 
KayrosImo: raises $0.03 to $0.05
Matt Mcgilta has timed out
Matt Mcgilta: folds 
Urasik1979: calls $0.05
SilenceKLN: folds 
kammikkazi: folds 
*** FLOP *** [7h 5c Th]
KayrosImo: bets $0.06
Urasik1979: folds 
Uncalled bet ($0.06) returned to KayrosImo
KayrosImo collected $0.13 from pot
KayrosImo: doesn't show hand 
*** SUMMARY ***
Total pot $0.13 | Rake $0 
Board [7h 5c Th]
Seat 1: Gozila1 folded before Flop (didn't bet)
Seat 2: KayrosImo collected ($0.13)
Seat 3: Matt Mcgilta folded before Flop (didn't bet)
Seat 4: Urasik1979 (button) folded on the Flop
Seat 5: SilenceKLN (small blind) folded before Flop
Seat 6: kammikkazi (big blind) folded before Flop
Seat 7: Red Viper101 folded before Flop (didn't bet)
Seat 8: Kela1373 folded before Flop (didn't bet)
Seat 9: Dorex2007 folded before Flop (didn't bet)



PokerStars Hand #231391478321:  Hold'em No Limit ($0.01/$0.02 USD) - 2021/11/14 2:01:27 PT [2021/11/14 5:01:27 ET]
Table 'Brachium II' 9-max Seat #5 is the button
Seat 1: Gozila1 ($2.77 in chips) 
Seat 2: KayrosImo ($2.08 in chips) 
Seat 3: Matt Mcgilta ($1.97 in chips) 
Seat 4: Urasik1979 ($0.65 in chips) 
Seat 5: SilenceKLN ($2 in chips) 
Seat 6: kammikkazi ($1.71 in chips) 
Seat 7: Red Viper101 ($1.68 in chips) 
Seat 8: Kela1373 ($2.52 in chips) 
Seat 9: Dorex2007 ($2.04 in chips) 
kammikkazi: posts small blind $0.01
Red Viper101: posts big blind $0.02
*** HOLE CARDS ***
Dealt to Dorex2007 [Jh Qd]
Kela1373: folds 
Dorex2007: calls $0.02
Gozila1: calls $0.02
KayrosImo: folds 
Matt Mcgilta has timed out
Matt Mcgilta: folds 
Urasik1979: raises $0.09 to $0.11
SilenceKLN: folds 
kammikkazi: folds 
Red Viper101: folds 
Dorex2007: folds 
Gozila1: folds 
Uncalled bet ($0.09) returned to Urasik1979
Urasik1979 collected $0.09 from pot
*** SUMMARY ***
Total pot $0.09 | Rake $0 
Seat 1: Gozila1 folded before Flop
Seat 2: KayrosImo folded before Flop (didn't bet)
Seat 3: Matt Mcgilta folded before Flop (didn't bet)
Seat 4: Urasik1979 collected ($0.09)
Seat 5: SilenceKLN (button) folded before Flop (didn't bet)
Seat 6: kammikkazi (small blind) folded before Flop
Seat 7: Red Viper101 (big blind) folded before Flop
Seat 8: Kela1373 folded before Flop (didn't bet)
Seat 9: Dorex2007 folded before Flop



PokerStars Hand #231391486870:  Hold'em No Limit ($0.01/$0.02 USD) - 2021/11/14 2:02:05 PT [2021/11/14 5:02:05 ET]
Table 'Brachium II' 9-max Seat #6 is the button
Seat 1: Gozila1 ($2.75 in chips) 
Seat 2: KayrosImo ($2.08 in chips) 
Seat 3: Matt Mcgilta ($1.97 in chips) 
Seat 4: Urasik1979 ($0.72 in chips) 
Seat 5: SilenceKLN ($2 in chips) 
Seat 6: kammikkazi ($1.70 in chips) 
Seat 7: Red Viper101 ($1.66 in chips) 
Seat 8: Kela1373 ($2.52 in chips) 
Seat 9: Dorex2007 ($2.02 in chips) 
Red Viper101: posts small blind $0.01
Kela1373: posts big blind $0.02
*** HOLE CARDS ***
Dealt to Dorex2007 [Td 2c]
Dorex2007: folds 
Gozila1: folds 
KayrosImo: folds 
Matt Mcgilta: folds 
Urasik1979: folds 
SilenceKLN: raises $0.04 to $0.06
kammikkazi: folds 
Red Viper101: raises $0.26 to $0.32
Kela1373: folds 
SilenceKLN: folds 
Uncalled bet ($0.26) returned to Red Viper101
Red Viper101 collected $0.14 from pot
*** SUMMARY ***
Total pot $0.14 | Rake $0 
Seat 1: Gozila1 folded before Flop (didn't bet)
Seat 2: KayrosImo folded before Flop (didn't bet)
Seat 3: Matt Mcgilta folded before Flop (didn't bet)
Seat 4: Urasik1979 folded before Flop (didn't bet)
Seat 5: SilenceKLN folded before Flop
Seat 6: kammikkazi (button) folded before Flop (didn't bet)
Seat 7: Red Viper101 (small blind) collected ($0.14)
Seat 8: Kela1373 (big blind) folded before Flop
Seat 9: Dorex2007 folded before Flop (didn't bet)



PokerStars Hand #231391493131:  Hold'em No Limit ($0.01/$0.02 USD) - 2021/11/14 2:02:32 PT [2021/11/14 5:02:32 ET]
Table 'Brachium II' 9-max Seat #7 is the button
Seat 1: Gozila1 ($2.75 in chips) 
Seat 2: KayrosImo ($2.08 in chips) 
Seat 3: Matt Mcgilta ($1.97 in chips) 
Seat 4: Urasik1979 ($0.72 in chips) 
Seat 5: SilenceKLN ($2 in chips) 
Seat 6: kammikkazi ($1.70 in chips) 
Seat 7: Red Viper101 ($1.74 in chips) 
Seat 8: Kela1373 ($2.50 in chips) 
Seat 9: Dorex2007 ($2.02 in chips) 
Kela1373: posts small blind $0.01
Dorex2007: posts big blind $0.02
*** HOLE CARDS ***
Dealt to Dorex2007 [As 5h]
Gozila1: raises $0.02 to $0.04
KayrosImo: folds 
Matt Mcgilta: folds 
Urasik1979: folds 
SilenceKLN: folds 
kammikkazi: folds 
Red Viper101: folds 
Kela1373: folds 
Dorex2007: folds 
Uncalled bet ($0.02) returned to Gozila1
Gozila1 collected $0.05 from pot
Gozila1: doesn't show hand 
*** SUMMARY ***
Total pot $0.05 | Rake $0 
Seat 1: Gozila1 collected ($0.05)
Seat 2: KayrosImo folded before Flop (didn't bet)
Seat 3: Matt Mcgilta folded before Flop (didn't bet)
Seat 4: Urasik1979 folded before Flop (didn't bet)
Seat 5: SilenceKLN folded before Flop (didn't bet)
Seat 6: kammikkazi folded before Flop (didn't bet)
Seat 7: Red Viper101 (button) folded before Flop (didn't bet)
Seat 8: Kela1373 (small blind) folded before Flop
Seat 9: Dorex2007 (big blind) folded before Flop



PokerStars Hand #231391499622:  Hold'em No Limit ($0.01/$0.02 USD) - 2021/11/14 2:03:01 PT [2021/11/14 5:03:01 ET]
Table 'Brachium II' 9-max Seat #8 is the button
Seat 1: Gozila1 ($2.78 in chips) 
Seat 2: KayrosImo ($2.08 in chips) 
Seat 3: Matt Mcgilta ($1.97 in chips) 
Seat 4: Urasik1979 ($0.72 in chips) 
Seat 5: SilenceKLN ($2 in chips) 
Seat 6: kammikkazi ($1.70 in chips) 
Seat 7: Red Viper101 ($1.74 in chips) 
Seat 8: Kela1373 ($2.49 in chips) 
Seat 9: Dorex2007 ($2 in chips) 
Dorex2007: posts small blind $0.01
Gozila1: posts big blind $0.02
*** HOLE CARDS ***
Dealt to Dorex2007 [4d As]
KayrosImo: folds 
Matt Mcgilta: folds 
Urasik1979: raises $0.04 to $0.06
SilenceKLN: folds 
kammikkazi: raises $0.12 to $0.18
Red Viper101: folds 
Kela1373: folds 
Dorex2007: folds 
Gozila1: folds 
Urasik1979: folds 
Uncalled bet ($0.12) returned to kammikkazi
kammikkazi collected $0.15 from pot
kammikkazi: doesn't show hand 
*** SUMMARY ***
Total pot $0.15 | Rake $0 
Seat 1: Gozila1 (big blind) folded before Flop
Seat 2: KayrosImo folded before Flop (didn't bet)
Seat 3: Matt Mcgilta folded before Flop (didn't bet)
Seat 4: Urasik1979 folded before Flop
Seat 5: SilenceKLN folded before Flop (didn't bet)
Seat 6: kammikkazi collected ($0.15)
Seat 7: Red Viper101 folded before Flop (didn't bet)
Seat 8: Kela1373 (button) folded before Flop (didn't bet)
Seat 9: Dorex2007 (small blind) folded before Flop



PokerStars Hand #231391506382:  Hold'em No Limit ($0.01/$0.02 USD) - 2021/11/14 2:03:31 PT [2021/11/14 5:03:31 ET]
Table 'Brachium II' 9-max Seat #9 is the button
Seat 1: Gozila1 ($2.76 in chips) 
Seat 2: KayrosImo ($2.08 in chips) 
Seat 3: Matt Mcgilta ($1.97 in chips) 
Seat 4: Urasik1979 ($0.66 in chips) 
Seat 5: SilenceKLN ($2 in chips) 
Seat 6: kammikkazi ($1.79 in chips) 
Seat 7: Red Viper101 ($1.74 in chips) 
Seat 8: Kela1373 ($2.49 in chips) 
Seat 9: Dorex2007 ($2 in chips) 
Gozila1: posts small blind $0.01
KayrosImo: posts big blind $0.02
*** HOLE CARDS ***
Dealt to Dorex2007 [3s 9d]
Matt Mcgilta: folds 
Urasik1979: folds 
SilenceKLN: folds 
kammikkazi: folds 
Red Viper101: folds 
Kela1373: folds 
Dorex2007: folds 
Gozila1: folds 
Uncalled bet ($0.01) returned to KayrosImo
KayrosImo collected $0.02 from pot
KayrosImo: doesn't show hand 
*** SUMMARY ***
Total pot $0.02 | Rake $0 
Seat 1: Gozila1 (small blind) folded before Flop
Seat 2: KayrosImo (big blind) collected ($0.02)
Seat 3: Matt Mcgilta folded before Flop (didn't bet)
Seat 4: Urasik1979 folded before Flop (didn't bet)
Seat 5: SilenceKLN folded before Flop (didn't bet)
Seat 6: kammikkazi folded before Flop (didn't bet)
Seat 7: Red Viper101 folded before Flop (didn't bet)
Seat 8: Kela1373 folded before Flop (didn't bet)
Seat 9: Dorex2007 (button) folded before Flop (didn't bet)



PokerStars Hand #231391510608:  Hold'em No Limit ($0.01/$0.02 USD) - 2021/11/14 2:03:49 PT [2021/11/14 5:03:49 ET]
Table 'Brachium II' 9-max Seat #1 is the button
Seat 1: Gozila1 ($2.75 in chips) 
Seat 2: KayrosImo ($2.09 in chips) 
Seat 3: Matt Mcgilta ($1.97 in chips) 
Seat 4: Urasik1979 ($0.66 in chips) 
Seat 5: SilenceKLN ($2 in chips) 
Seat 6: kammikkazi ($1.79 in chips) 
Seat 7: Red Viper101 ($1.74 in chips) 
Seat 8: Kela1373 ($2.49 in chips) 
Seat 9: Dorex2007 ($2 in chips) 
KayrosImo: posts small blind $0.01
Matt Mcgilta: posts big blind $0.02
*** HOLE CARDS ***
Dealt to Dorex2007 [5c 5s]
Urasik1979: folds 
SilenceKLN: folds 
kammikkazi: folds 
Red Viper101: folds 
Kela1373: raises $0.04 to $0.06
Dorex2007: calls $0.06
Gozila1: calls $0.06
KayrosImo: folds 
Matt Mcgilta: folds 
*** FLOP *** [Qh 6c 4c]
Kela1373: checks 
Dorex2007: bets $0.13
Gozila1: calls $0.13
Kela1373: folds 
*** TURN *** [Qh 6c 4c] [Td]
Dorex2007: checks 
Gozila1: bets $0.45
Dorex2007: folds 
Uncalled bet ($0.45) returned to Gozila1
Gozila1 collected $0.45 from pot
Gozila1: doesn't show hand 
*** SUMMARY ***
Total pot $0.47 | Rake $0.02 
Board [Qh 6c 4c Td]
Seat 1: Gozila1 (button) collected ($0.45)
Seat 2: KayrosImo (small blind) folded before Flop
Seat 3: Matt Mcgilta (big blind) folded before Flop
Seat 4: Urasik1979 folded before Flop (didn't bet)
Seat 5: SilenceKLN folded before Flop (didn't bet)
Seat 6: kammikkazi folded before Flop (didn't bet)
Seat 7: Red Viper101 folded before Flop (didn't bet)
Seat 8: Kela1373 folded on the Flop
Seat 9: Dorex2007 folded on the Turn



PokerStars Hand #231391522455:  Hold'em No Limit ($0.01/$0.02 USD) - 2021/11/14 2:04:41 PT [2021/11/14 5:04:41 ET]
Table 'Brachium II' 9-max Seat #2 is the button
Seat 1: Gozila1 ($3.01 in chips) 
Seat 2: KayrosImo ($2.08 in chips) 
Seat 3: Matt Mcgilta ($1.95 in chips) 
Seat 4: Urasik1979 ($0.66 in chips) 
Seat 5: SilenceKLN ($2 in chips) 
Seat 6: kammikkazi ($1.79 in chips) 
Seat 7: Red Viper101 ($1.74 in chips) 
Seat 8: Kela1373 ($2.43 in chips) 
Seat 9: Dorex2007 ($2 in chips) 
Matt Mcgilta: posts small blind $0.01
Urasik1979: posts big blind $0.02
*** HOLE CARDS ***
Dealt to Dorex2007 [8c 3d]
SilenceKLN: folds 
kammikkazi: folds 
Red Viper101: folds 
Kela1373: folds 
Dorex2007: folds 
Gozila1: raises $0.02 to $0.04
KayrosImo: raises $0.09 to $0.13
Matt Mcgilta: folds 
Urasik1979: calls $0.11
Gozila1: folds 
*** FLOP *** [2d Qh 2s]
Urasik1979: checks 
KayrosImo: checks 
*** TURN *** [2d Qh 2s] [Jd]
Urasik1979: checks 
KayrosImo: checks 
*** RIVER *** [2d Qh 2s Jd] [6s]
Urasik1979: bets $0.15
KayrosImo: folds 
Uncalled bet ($0.15) returned to Urasik1979
Urasik1979 collected $0.30 from pot
*** SUMMARY ***
Total pot $0.31 | Rake $0.01 
Board [2d Qh 2s Jd 6s]
Seat 1: Gozila1 folded before Flop
Seat 2: KayrosImo (button) folded on the River
Seat 3: Matt Mcgilta (small blind) folded before Flop
Seat 4: Urasik1979 (big blind) collected ($0.30)
Seat 5: SilenceKLN folded before Flop (didn't bet)
Seat 6: kammikkazi folded before Flop (didn't bet)
Seat 7: Red Viper101 folded before Flop (didn't bet)
Seat 8: Kela1373 folded before Flop (didn't bet)
Seat 9: Dorex2007 folded before Flop (didn't bet)



PokerStars Hand #231391541139:  Hold'em No Limit ($0.01/$0.02 USD) - 2021/11/14 2:06:02 PT [2021/11/14 5:06:02 ET]
Table 'Brachium II' 9-max Seat #3 is the button
Seat 3: Matt Mcgilta ($1.94 in chips) 
Seat 4: Urasik1979 ($0.83 in chips) 
Seat 5: SilenceKLN ($2 in chips) 
Seat 6: kammikkazi ($1.79 in chips) 
Seat 7: Red Viper101 ($1.74 in chips) 
Seat 8: Kela1373 ($2.43 in chips) 
Seat 9: Dorex2007 ($2 in chips) 
Urasik1979: posts small blind $0.01
SilenceKLN: posts big blind $0.02
*** HOLE CARDS ***
Dealt to Dorex2007 [7s 8c]
kammikkazi: folds 
Red Viper101: folds 
Kela1373: folds 
Dorex2007: folds 
Matt Mcgilta: folds 
Urasik1979: folds 
Uncalled bet ($0.01) returned to SilenceKLN
SilenceKLN collected $0.02 from pot
*** SUMMARY ***
Total pot $0.02 | Rake $0 
Seat 3: Matt Mcgilta (button) folded before Flop (didn't bet)
Seat 4: Urasik1979 (small blind) folded before Flop
Seat 5: SilenceKLN (big blind) collected ($0.02)
Seat 6: kammikkazi folded before Flop (didn't bet)
Seat 7: Red Viper101 folded before Flop (didn't bet)
Seat 8: Kela1373 folded before Flop (didn't bet)
Seat 9: Dorex2007 folded before Flop (didn't bet)



PokerStars Hand #231391544416:  Hold'em No Limit ($0.01/$0.02 USD) - 2021/11/14 2:06:17 PT [2021/11/14 5:06:17 ET]
Table 'Brachium II' 9-max Seat #4 is the button
Seat 3: Matt Mcgilta ($1.94 in chips) 
Seat 4: Urasik1979 ($0.82 in chips) 
Seat 5: SilenceKLN ($2.01 in chips) 
Seat 6: kammikkazi ($1.79 in chips) 
Seat 7: Red Viper101 ($1.74 in chips) 
Seat 8: Kela1373 ($2.43 in chips) 
Seat 9: Dorex2007 ($2 in chips) 
SilenceKLN: posts small blind $0.01
kammikkazi: posts big blind $0.02
*** HOLE CARDS ***
Dealt to Dorex2007 [3h 9s]
Red Viper101: folds 
Kela1373: folds 
KayrosImo leaves the table
Dorex2007: folds 
Matt Mcgilta: folds 
Urasik1979: folds 
SilenceKLN: raises $0.04 to $0.06
kammikkazi: folds 
Uncalled bet ($0.04) returned to SilenceKLN
SilenceKLN collected $0.04 from pot
*** SUMMARY ***
Total pot $0.04 | Rake $0 
Seat 3: Matt Mcgilta folded before Flop (didn't bet)
Seat 4: Urasik1979 (button) folded before Flop (didn't bet)
Seat 5: SilenceKLN (small blind) collected ($0.04)
Seat 6: kammikkazi (big blind) folded before Flop
Seat 7: Red Viper101 folded before Flop (didn't bet)
Seat 8: Kela1373 folded before Flop (didn't bet)
Seat 9: Dorex2007 folded before Flop (didn't bet)



PokerStars Hand #231391549123:  Hold'em No Limit ($0.01/$0.02 USD) - 2021/11/14 2:06:37 PT [2021/11/14 5:06:37 ET]
Table 'Brachium II' 9-max Seat #5 is the button
Seat 3: Matt Mcgilta ($1.94 in chips) 
Seat 4: Urasik1979 ($0.82 in chips) 
Seat 5: SilenceKLN ($2.03 in chips) 
Seat 6: kammikkazi ($1.77 in chips) 
Seat 7: Red Viper101 ($1.74 in chips) 
Seat 8: Kela1373 ($2.43 in chips) 
Seat 9: Dorex2007 ($2 in chips) 
kammikkazi: posts small blind $0.01
Red Viper101: posts big blind $0.02
*** HOLE CARDS ***
Dealt to Dorex2007 [6c Qd]
Kela1373: folds 
Dorex2007: folds 
Matt Mcgilta has timed out
Matt Mcgilta: folds 
Urasik1979 has timed out
Urasik1979: folds 
SilenceKLN: folds 
kammikkazi: folds 
Uncalled bet ($0.01) returned to Red Viper101
Red Viper101 collected $0.02 from pot
*** SUMMARY ***
Total pot $0.02 | Rake $0 
Seat 3: Matt Mcgilta folded before Flop (didn't bet)
Seat 4: Urasik1979 folded before Flop (didn't bet)
Seat 5: SilenceKLN (button) folded before Flop (didn't bet)
Seat 6: kammikkazi (small blind) folded before Flop
Seat 7: Red Viper101 (big blind) collected ($0.02)
Seat 8: Kela1373 folded before Flop (didn't bet)
Seat 9: Dorex2007 folded before Flop (didn't bet)



PokerStars Hand #231391556951:  Hold'em No Limit ($0.01/$0.02 USD) - 2021/11/14 2:07:12 PT [2021/11/14 5:07:12 ET]
Table 'Brachium II' 9-max Seat #6 is the button
Seat 1: Gozila1 ($2.97 in chips) 
Seat 3: Matt Mcgilta ($1.94 in chips) 
Seat 4: Urasik1979 ($0.82 in chips) 
Seat 5: SilenceKLN ($2.03 in chips) 
Seat 6: kammikkazi ($1.76 in chips) 
Seat 7: Red Viper101 ($1.75 in chips) 
Seat 8: Kela1373 ($2.43 in chips) 
Seat 9: Dorex2007 ($2 in chips) 
Red Viper101: posts small blind $0.01
Kela1373: posts big blind $0.02
*** HOLE CARDS ***
Dealt to Dorex2007 [4h Th]
Dorex2007: folds 
Gozila1: folds 
Matt Mcgilta: folds 
Urasik1979 has timed out
Urasik1979: folds 
SilenceKLN: raises $0.04 to $0.06
kammikkazi: raises $0.12 to $0.18
Red Viper101: folds 
Kela1373: folds 
SilenceKLN: folds 
Uncalled bet ($0.12) returned to kammikkazi
kammikkazi collected $0.15 from pot
kammikkazi: doesn't show hand 
*** SUMMARY ***
Total pot $0.15 | Rake $0 
Seat 1: Gozila1 folded before Flop (didn't bet)
Seat 3: Matt Mcgilta folded before Flop (didn't bet)
Seat 4: Urasik1979 folded before Flop (didn't bet)
Seat 5: SilenceKLN folded before Flop
Seat 6: kammikkazi (button) collected ($0.15)
Seat 7: Red Viper101 (small blind) folded before Flop
Seat 8: Kela1373 (big blind) folded before Flop
Seat 9: Dorex2007 folded before Flop (didn't bet)



PokerStars Hand #231391566153:  Hold'em No Limit ($0.01/$0.02 USD) - 2021/11/14 2:07:52 PT [2021/11/14 5:07:52 ET]
Table 'Brachium II' 9-max Seat #7 is the button
Seat 1: Gozila1 ($2.97 in chips) 
Seat 3: Matt Mcgilta ($1.94 in chips) 
Seat 4: Urasik1979 ($0.82 in chips) 
Seat 5: SilenceKLN ($2 in chips) 
Seat 6: kammikkazi ($1.85 in chips) 
Seat 7: Red Viper101 ($1.74 in chips) 
Seat 8: Kela1373 ($2.41 in chips) 
Seat 9: Dorex2007 ($2 in chips) 
Kela1373: posts small blind $0.01
Dorex2007: posts big blind $0.02
*** HOLE CARDS ***
Dealt to Dorex2007 [4s Kh]
Gozila1: raises $0.02 to $0.04
Matt Mcgilta: folds 
Urasik1979: folds 
SilenceKLN: folds 
kammikkazi: folds 
Red Viper101: folds 
Kela1373: calls $0.03
Dorex2007: folds 
*** FLOP *** [2c Jd Tc]
Kela1373: bets $0.05
Gozila1: raises $0.05 to $0.10
Kela1373: calls $0.05
*** TURN *** [2c Jd Tc] [5c]
Kela1373: bets $0.02
Gozila1: raises $0.17 to $0.19
Kela1373: calls $0.17
*** RIVER *** [2c Jd Tc 5c] [Ks]
Kela1373: checks 
Gozila1: bets $0.66
Kela1373: folds 
Uncalled bet ($0.66) returned to Gozila1
Gozila1 collected $0.66 from pot
Gozila1: doesn't show hand 
*** SUMMARY ***
Total pot $0.68 | Rake $0.02 
Board [2c Jd Tc 5c Ks]
Seat 1: Gozila1 collected ($0.66)
Seat 3: Matt Mcgilta folded before Flop (didn't bet)
Seat 4: Urasik1979 folded before Flop (didn't bet)
Seat 5: SilenceKLN folded before Flop (didn't bet)
Seat 6: kammikkazi folded before Flop (didn't bet)
Seat 7: Red Viper101 (button) folded before Flop (didn't bet)
Seat 8: Kela1373 (small blind) folded on the River
Seat 9: Dorex2007 (big blind) folded before Flop



PokerStars Hand #231391580010:  Hold'em No Limit ($0.01/$0.02 USD) - 2021/11/14 2:08:53 PT [2021/11/14 5:08:53 ET]
Table 'Brachium II' 9-max Seat #8 is the button
Seat 1: Gozila1 ($3.30 in chips) 
Seat 3: Matt Mcgilta ($1.94 in chips) 
Seat 4: Urasik1979 ($0.82 in chips) 
Seat 5: SilenceKLN ($2 in chips) 
Seat 6: kammikkazi ($1.85 in chips) 
Seat 7: Red Viper101 ($1.74 in chips) 
Seat 8: Kela1373 ($2.08 in chips) 
Seat 9: Dorex2007 ($2 in chips) 
Dorex2007: posts small blind $0.01
Gozila1: posts big blind $0.02
*** HOLE CARDS ***
Dealt to Dorex2007 [5c Ad]
Matt Mcgilta: folds 
Urasik1979: calls $0.02
SilenceKLN: folds 
kammikkazi: folds 
Red Viper101: folds 
Kela1373: folds 
Dorex2007: folds 
Gozila1: checks 
*** FLOP *** [Kc Td 9c]
Gozila1: checks 
Urasik1979: checks 
*** TURN *** [Kc Td 9c] [7h]
Gozila1: checks 
Urasik1979: bets $0.05
Gozila1: folds 
Uncalled bet ($0.05) returned to Urasik1979
Urasik1979 collected $0.05 from pot
*** SUMMARY ***
Total pot $0.05 | Rake $0 
Board [Kc Td 9c 7h]
Seat 1: Gozila1 (big blind) folded on the Turn
Seat 3: Matt Mcgilta folded before Flop (didn't bet)
Seat 4: Urasik1979 collected ($0.05)
Seat 5: SilenceKLN folded before Flop (didn't bet)
Seat 6: kammikkazi folded before Flop (didn't bet)
Seat 7: Red Viper101 folded before Flop (didn't bet)
Seat 8: Kela1373 (button) folded before Flop (didn't bet)
Seat 9: Dorex2007 (small blind) folded before Flop



PokerStars Hand #231391590917:  Hold'em No Limit ($0.01/$0.02 USD) - 2021/11/14 2:09:29 PT [2021/11/14 5:09:29 ET]
Table 'Brachium II' 9-max Seat #9 is the button
Seat 1: Gozila1 ($3.28 in chips) 
Seat 3: Matt Mcgilta ($1.94 in chips) 
Seat 4: Urasik1979 ($0.85 in chips) 
Seat 5: SilenceKLN ($2 in chips) 
Seat 6: kammikkazi ($1.85 in chips) 
Seat 8: Kela1373 ($2.08 in chips) 
Seat 9: Dorex2007 ($2 in chips) 
Gozila1: posts small blind $0.01
Matt Mcgilta: posts big blind $0.02
*** HOLE CARDS ***
Dealt to Dorex2007 [6h 2c]
Urasik1979: folds 
SilenceKLN: raises $0.04 to $0.06
kammikkazi: folds 
Kela1373: folds 
Dorex2007: folds 
Gozila1: folds 
Matt Mcgilta: folds 
Uncalled bet ($0.04) returned to SilenceKLN
SilenceKLN collected $0.05 from pot
*** SUMMARY ***
Total pot $0.05 | Rake $0 
Seat 1: Gozila1 (small blind) folded before Flop
Seat 3: Matt Mcgilta (big blind) folded before Flop
Seat 4: Urasik1979 folded before Flop (didn't bet)
Seat 5: SilenceKLN collected ($0.05)
Seat 6: kammikkazi folded before Flop (didn't bet)
Seat 8: Kela1373 folded before Flop (didn't bet)
Seat 9: Dorex2007 (button) folded before Flop (didn't bet)



PokerStars Hand #231391594961:  Hold'em No Limit ($0.01/$0.02 USD) - 2021/11/14 2:09:47 PT [2021/11/14 5:09:47 ET]
Table 'Brachium II' 9-max Seat #1 is the button
Seat 1: Gozila1 ($3.27 in chips) 
Seat 3: Matt Mcgilta ($1.92 in chips) 
Seat 4: Urasik1979 ($0.85 in chips) 
Seat 5: SilenceKLN ($2.03 in chips) 
Seat 6: kammikkazi ($1.85 in chips) 
Seat 8: Kela1373 ($2.08 in chips) 
Seat 9: Dorex2007 ($2 in chips) 
Matt Mcgilta: posts small blind $0.01
Urasik1979: posts big blind $0.02
*** HOLE CARDS ***
Dealt to Dorex2007 [Ad 4d]
SilenceKLN: folds 
kammikkazi: raises $0.04 to $0.06
Kela1373: folds 
Dorex2007: folds 
Gozila1: calls $0.06
Matt Mcgilta: folds 
Urasik1979: folds 
*** FLOP *** [Jd Qs 8s]
kammikkazi: checks 
Gozila1: checks 
*** TURN *** [Jd Qs 8s] [4c]
kammikkazi: bets $0.10
Gozila1: calls $0.10
*** RIVER *** [Jd Qs 8s 4c] [7c]
kammikkazi: bets $0.20
Gozila1: folds 
Uncalled bet ($0.20) returned to kammikkazi
kammikkazi collected $0.34 from pot
kammikkazi: doesn't show hand 
*** SUMMARY ***
Total pot $0.35 | Rake $0.01 
Board [Jd Qs 8s 4c 7c]
Seat 1: Gozila1 (button) folded on the River
Seat 3: Matt Mcgilta (small blind) folded before Flop
Seat 4: Urasik1979 (big blind) folded before Flop
Seat 5: SilenceKLN folded before Flop (didn't bet)
Seat 6: kammikkazi collected ($0.34)
Seat 8: Kela1373 folded before Flop (didn't bet)
Seat 9: Dorex2007 folded before Flop (didn't bet)



PokerStars Hand #231391609740:  Hold'em No Limit ($0.01/$0.02 USD) - 2021/11/14 2:10:51 PT [2021/11/14 5:10:51 ET]
Table 'Brachium II' 9-max Seat #3 is the button
Seat 1: Gozila1 ($3.11 in chips) 
Seat 3: Matt Mcgilta ($1.91 in chips) 
Seat 4: Urasik1979 ($0.83 in chips) 
Seat 5: SilenceKLN ($2.03 in chips) 
Seat 6: kammikkazi ($2.03 in chips) 
Seat 8: Kela1373 ($2.08 in chips) 
Seat 9: Dorex2007 ($2 in chips) 
Urasik1979: posts small blind $0.01
SilenceKLN: posts big blind $0.02
*** HOLE CARDS ***
Dealt to Dorex2007 [Ad 6d]
kammikkazi: folds 
Kela1373: folds 
Dorex2007: folds 
Gozila1: raises $0.02 to $0.04
Matt Mcgilta: calls $0.04
Urasik1979: calls $0.03
SilenceKLN: calls $0.02
*** FLOP *** [6c 3h 3c]
zyaleniyeg joins the table at seat #2 
Urasik1979: checks 
SilenceKLN: checks 
Gozila1: bets $0.15
Matt Mcgilta: folds 
Urasik1979: folds 
SilenceKLN: folds 
Uncalled bet ($0.15) returned to Gozila1
Gozila1 collected $0.15 from pot
Gozila1: doesn't show hand 
*** SUMMARY ***
Total pot $0.16 | Rake $0.01 
Board [6c 3h 3c]
Seat 1: Gozila1 collected ($0.15)
Seat 3: Matt Mcgilta (button) folded on the Flop
Seat 4: Urasik1979 (small blind) folded on the Flop
Seat 5: SilenceKLN (big blind) folded on the Flop
Seat 6: kammikkazi folded before Flop (didn't bet)
Seat 8: Kela1373 folded before Flop (didn't bet)
Seat 9: Dorex2007 folded before Flop (didn't bet)



PokerStars Hand #231391624374:  Hold'em No Limit ($0.01/$0.02 USD) - 2021/11/14 2:11:54 PT [2021/11/14 5:11:54 ET]
Table 'Brachium II' 9-max Seat #4 is the button
Seat 1: Gozila1 ($3.22 in chips) 
Seat 3: Matt Mcgilta ($1.87 in chips) 
Seat 4: Urasik1979 ($0.79 in chips) 
Seat 5: SilenceKLN ($2 in chips) 
Seat 6: kammikkazi ($2.03 in chips) 
Seat 7: Red Viper101 ($1.74 in chips) 
Seat 8: Kela1373 ($2.08 in chips) 
Seat 9: Dorex2007 ($2 in chips) 
SilenceKLN: posts small blind $0.01
kammikkazi: posts big blind $0.02
zyaleniyeg: sits out 
*** HOLE CARDS ***
Dealt to Dorex2007 [Qd 3c]
Red Viper101: folds 
Kela1373: folds 
Dorex2007: folds 
Gozila1: raises $0.05 to $0.07
Matt Mcgilta: folds 
Urasik1979: folds 
SilenceKLN: folds 
kammikkazi: folds 
Uncalled bet ($0.05) returned to Gozila1
Gozila1 collected $0.05 from pot
Gozila1: doesn't show hand 
*** SUMMARY ***
Total pot $0.05 | Rake $0 
Seat 1: Gozila1 collected ($0.05)
Seat 3: Matt Mcgilta folded before Flop (didn't bet)
Seat 4: Urasik1979 (button) folded before Flop (didn't bet)
Seat 5: SilenceKLN (small blind) folded before Flop
Seat 6: kammikkazi (big blind) folded before Flop
Seat 7: Red Viper101 folded before Flop (didn't bet)
Seat 8: Kela1373 folded before Flop (didn't bet)
Seat 9: Dorex2007 folded before Flop (didn't bet)



PokerStars Hand #231391629302:  Hold'em No Limit ($0.01/$0.02 USD) - 2021/11/14 2:12:15 PT [2021/11/14 5:12:15 ET]
Table 'Brachium II' 9-max Seat #5 is the button
Seat 1: Gozila1 ($3.25 in chips) 
Seat 3: Matt Mcgilta ($1.87 in chips) 
Seat 4: Urasik1979 ($0.79 in chips) 
Seat 5: SilenceKLN ($2 in chips) 
Seat 6: kammikkazi ($2.01 in chips) 
Seat 7: Red Viper101 ($1.74 in chips) 
Seat 8: Kela1373 ($2.08 in chips) 
Seat 9: Dorex2007 ($2 in chips) 
kammikkazi: posts small blind $0.01
Red Viper101: posts big blind $0.02
zyaleniyeg: sits out 
*** HOLE CARDS ***
Dealt to Dorex2007 [2h Th]
Kela1373: folds 
Dorex2007: folds 
Gozila1: folds 
Matt Mcgilta: folds 
Urasik1979: raises $0.02 to $0.04
SilenceKLN: folds 
kammikkazi: calls $0.03
Red Viper101: folds 
*** FLOP *** [Ah Ac Js]
kammikkazi: checks 
Urasik1979: checks 
*** TURN *** [Ah Ac Js] [Ts]
kammikkazi: bets $0.05
Urasik1979: calls $0.05
*** RIVER *** [Ah Ac Js Ts] [Td]
kammikkazi: bets $0.10
Urasik1979: calls $0.10
*** SHOW DOWN ***
kammikkazi: shows [Jc Qc] (two pair, Aces and Jacks)
Urasik1979: shows [Kd Kh] (two pair, Aces and Kings)
Urasik1979 collected $0.39 from pot
*** SUMMARY ***
Total pot $0.40 | Rake $0.01 
Board [Ah Ac Js Ts Td]
Seat 1: Gozila1 folded before Flop (didn't bet)
Seat 3: Matt Mcgilta folded before Flop (didn't bet)
Seat 4: Urasik1979 showed [Kd Kh] and won ($0.39) with two pair, Aces and Kings
Seat 5: SilenceKLN (button) folded before Flop (didn't bet)
Seat 6: kammikkazi (small blind) showed [Jc Qc] and lost with two pair, Aces and Jacks
Seat 7: Red Viper101 (big blind) folded before Flop
Seat 8: Kela1373 folded before Flop (didn't bet)
Seat 9: Dorex2007 folded before Flop (didn't bet)



PokerStars Hand #231391641110:  Hold'em No Limit ($0.01/$0.02 USD) - 2021/11/14 2:13:06 PT [2021/11/14 5:13:06 ET]
Table 'Brachium II' 9-max Seat #6 is the button
Seat 1: Gozila1 ($3.25 in chips) 
Seat 3: Matt Mcgilta ($1.87 in chips) 
Seat 4: Urasik1979 ($0.99 in chips) 
Seat 5: SilenceKLN ($2 in chips) 
Seat 6: kammikkazi ($1.82 in chips) 
Seat 7: Red Viper101 ($1.72 in chips) 
Seat 9: Dorex2007 ($2 in chips) 
Red Viper101: posts small blind $0.01
Kela1373: is sitting out 
Dorex2007: posts big blind $0.02
zyaleniyeg: sits out 
*** HOLE CARDS ***
Dealt to Dorex2007 [5d Kd]
Gozila1: folds 
Matt Mcgilta: calls $0.02
Urasik1979: calls $0.02
SilenceKLN: folds 
kammikkazi: folds 
Red Viper101: folds 
Dorex2007: checks 
*** FLOP *** [7s 8d 9c]
Dorex2007: checks 
Matt Mcgilta: checks 
Urasik1979: bets $0.07
Dorex2007: folds 
Matt Mcgilta: folds 
Uncalled bet ($0.07) returned to Urasik1979
Urasik1979 collected $0.07 from pot
*** SUMMARY ***
Total pot $0.07 | Rake $0 
Board [7s 8d 9c]
Seat 1: Gozila1 folded before Flop (didn't bet)
Seat 3: Matt Mcgilta folded on the Flop
Seat 4: Urasik1979 collected ($0.07)
Seat 5: SilenceKLN folded before Flop (didn't bet)
Seat 6: kammikkazi (button) folded before Flop (didn't bet)
Seat 7: Red Viper101 (small blind) folded before Flop
Seat 9: Dorex2007 (big blind) folded on the Flop



PokerStars Hand #231391651534:  Hold'em No Limit ($0.01/$0.02 USD) - 2021/11/14 2:13:50 PT [2021/11/14 5:13:50 ET]
Table 'Brachium II' 9-max Seat #7 is the button
Seat 1: Gozila1 ($3.25 in chips) 
Seat 3: Matt Mcgilta ($1.85 in chips) 
Seat 4: Urasik1979 ($1.04 in chips) 
Seat 5: SilenceKLN ($2 in chips) 
Seat 6: kammikkazi ($1.82 in chips) 
Seat 7: Red Viper101 ($1.71 in chips) 
Seat 9: Dorex2007 ($2 in chips) 
Dorex2007: posts small blind $0.01
Gozila1: posts big blind $0.02
zyaleniyeg: sits out 
*** HOLE CARDS ***
Dealt to Dorex2007 [2d 3h]
Matt Mcgilta: folds 
Urasik1979: folds 
SilenceKLN: folds 
kammikkazi: folds 
Red Viper101: folds 
Dorex2007: folds 
Uncalled bet ($0.01) returned to Gozila1
Gozila1 collected $0.02 from pot
Gozila1: doesn't show hand 
*** SUMMARY ***
Total pot $0.02 | Rake $0 
Seat 1: Gozila1 (big blind) collected ($0.02)
Seat 3: Matt Mcgilta folded before Flop (didn't bet)
Seat 4: Urasik1979 folded before Flop (didn't bet)
Seat 5: SilenceKLN folded before Flop (didn't bet)
Seat 6: kammikkazi folded before Flop (didn't bet)
Seat 7: Red Viper101 (button) folded before Flop (didn't bet)
Seat 9: Dorex2007 (small blind) folded before Flop



PokerStars Hand #231391655152:  Hold'em No Limit ($0.01/$0.02 USD) - 2021/11/14 2:14:06 PT [2021/11/14 5:14:06 ET]
Table 'Brachium II' 9-max Seat #9 is the button
Seat 1: Gozila1 ($3.26 in chips) 
Seat 2: zyaleniyeg ($2 in chips) 
Seat 3: Matt Mcgilta ($1.85 in chips) 
Seat 4: Urasik1979 ($1.04 in chips) 
Seat 5: SilenceKLN ($2 in chips) 
Seat 6: kammikkazi ($1.82 in chips) 
Seat 7: Red Viper101 ($1.71 in chips) 
Seat 9: Dorex2007 ($2 in chips) 
Gozila1: posts small blind $0.01
zyaleniyeg: posts big blind $0.02
*** HOLE CARDS ***
Dealt to Dorex2007 [9s 4d]
Matt Mcgilta: folds 
Urasik1979: folds 
SilenceKLN: folds 
kammikkazi: raises $0.04 to $0.06
Red Viper101: folds 
Dorex2007: folds 
Gozila1: folds 
zyaleniyeg: folds 
Uncalled bet ($0.04) returned to kammikkazi
kammikkazi collected $0.05 from pot
kammikkazi: doesn't show hand 
*** SUMMARY ***
Total pot $0.05 | Rake $0 
Seat 1: Gozila1 (small blind) folded before Flop
Seat 2: zyaleniyeg (big blind) folded before Flop
Seat 3: Matt Mcgilta folded before Flop (didn't bet)
Seat 4: Urasik1979 folded before Flop (didn't bet)
Seat 5: SilenceKLN folded before Flop (didn't bet)
Seat 6: kammikkazi collected ($0.05)
Seat 7: Red Viper101 folded before Flop (didn't bet)
Seat 9: Dorex2007 (button) folded before Flop (didn't bet)



PokerStars Hand #231391660798:  Hold'em No Limit ($0.01/$0.02 USD) - 2021/11/14 2:14:30 PT [2021/11/14 5:14:30 ET]
Table 'Brachium II' 9-max Seat #1 is the button
Seat 1: Gozila1 ($3.25 in chips) 
Seat 2: zyaleniyeg ($2 in chips) 
Seat 3: Matt Mcgilta ($1.85 in chips) 
Seat 4: Urasik1979 ($1.04 in chips) 
Seat 5: SilenceKLN ($2 in chips) 
Seat 6: kammikkazi ($1.85 in chips) 
Seat 7: Red Viper101 ($1.71 in chips) 
Seat 9: Dorex2007 ($2 in chips) 
zyaleniyeg: posts small blind $0.01
Matt Mcgilta: posts big blind $0.02
*** HOLE CARDS ***
Dealt to Dorex2007 [Ad 9c]
Urasik1979: folds 
SilenceKLN: folds 
kammikkazi: folds 
Red Viper101: folds 
Dorex2007: folds 
Gozila1: raises $0.02 to $0.04
zyaleniyeg: folds 
Matt Mcgilta: folds 
Uncalled bet ($0.02) returned to Gozila1
Gozila1 collected $0.05 from pot
Gozila1: doesn't show hand 
*** SUMMARY ***
Total pot $0.05 | Rake $0 
Seat 1: Gozila1 (button) collected ($0.05)
Seat 2: zyaleniyeg (small blind) folded before Flop
Seat 3: Matt Mcgilta (big blind) folded before Flop
Seat 4: Urasik1979 folded before Flop (didn't bet)
Seat 5: SilenceKLN folded before Flop (didn't bet)
Seat 6: kammikkazi folded before Flop (didn't bet)
Seat 7: Red Viper101 folded before Flop (didn't bet)
Seat 9: Dorex2007 folded before Flop (didn't bet)



PokerStars Hand #231391670504:  Hold'em No Limit ($0.01/$0.02 USD) - 2021/11/14 2:15:11 PT [2021/11/14 5:15:11 ET]
Table 'Brachium II' 9-max Seat #2 is the button
Seat 1: Gozila1 ($3.28 in chips) 
Seat 2: zyaleniyeg ($2 in chips) 
Seat 3: Matt Mcgilta ($1.83 in chips) 
Seat 4: Urasik1979 ($1.04 in chips) 
Seat 5: SilenceKLN ($2 in chips) 
Seat 6: kammikkazi ($1.85 in chips) 
Seat 7: Red Viper101 ($1.71 in chips) 
Seat 9: Dorex2007 ($2 in chips) 
Matt Mcgilta: posts small blind $0.01
Urasik1979: posts big blind $0.02
*** HOLE CARDS ***
Dealt to Dorex2007 [6s 8d]
SilenceKLN: folds 
kammikkazi: folds 
Red Viper101: folds 
Dorex2007: folds 
Gozila1: folds 
zyaleniyeg: folds 
Matt Mcgilta: calls $0.01
Urasik1979: checks 
*** FLOP *** [8s 8h 7d]
Matt Mcgilta: bets $0.06
Urasik1979: calls $0.06
*** TURN *** [8s 8h 7d] [3d]
Matt Mcgilta: bets $0.15
Urasik1979: folds 
Uncalled bet ($0.15) returned to Matt Mcgilta
Matt Mcgilta collected $0.15 from pot
Matt Mcgilta: doesn't show hand 
*** SUMMARY ***
Total pot $0.16 | Rake $0.01 
Board [8s 8h 7d 3d]
Seat 1: Gozila1 folded before Flop (didn't bet)
Seat 2: zyaleniyeg (button) folded before Flop (didn't bet)
Seat 3: Matt Mcgilta (small blind) collected ($0.15)
Seat 4: Urasik1979 (big blind) folded on the Turn
Seat 5: SilenceKLN folded before Flop (didn't bet)
Seat 6: kammikkazi folded before Flop (didn't bet)
Seat 7: Red Viper101 folded before Flop (didn't bet)
Seat 9: Dorex2007 folded before Flop (didn't bet)



PokerStars Hand #231391679892:  Hold'em No Limit ($0.01/$0.02 USD) - 2021/11/14 2:15:51 PT [2021/11/14 5:15:51 ET]
Table 'Brachium II' 9-max Seat #3 is the button
Seat 1: Gozila1 ($3.28 in chips) 
Seat 2: zyaleniyeg ($2 in chips) 
Seat 3: Matt Mcgilta ($1.90 in chips) 
Seat 4: Urasik1979 ($0.96 in chips) 
Seat 5: SilenceKLN ($2 in chips) 
Seat 6: kammikkazi ($1.85 in chips) 
Seat 7: Red Viper101 ($1.71 in chips) 
Seat 8: Kela1373 ($2.08 in chips) 
Seat 9: Dorex2007 ($2 in chips) 
Urasik1979: posts small blind $0.01
SilenceKLN: posts big blind $0.02
Kela1373: posts small & big blinds $0.03
*** HOLE CARDS ***
Dealt to Dorex2007 [3s Qs]
kammikkazi: folds 
Red Viper101: folds 
Kela1373: checks 
Dorex2007: folds 
Gozila1: folds 
zyaleniyeg: calls $0.02
Matt Mcgilta: folds 
Urasik1979: raises $0.09 to $0.11
SilenceKLN: folds 
Kela1373: folds 
zyaleniyeg: folds 
Uncalled bet ($0.09) returned to Urasik1979
Urasik1979 collected $0.09 from pot
*** SUMMARY ***
Total pot $0.09 | Rake $0 
Seat 1: Gozila1 folded before Flop (didn't bet)
Seat 2: zyaleniyeg folded before Flop
Seat 3: Matt Mcgilta (button) folded before Flop (didn't bet)
Seat 4: Urasik1979 (small blind) collected ($0.09)
Seat 5: SilenceKLN (big blind) folded before Flop
Seat 6: kammikkazi folded before Flop (didn't bet)
Seat 7: Red Viper101 folded before Flop (didn't bet)
Seat 8: Kela1373 folded before Flop (didn't bet)
Seat 9: Dorex2007 folded before Flop (didn't bet)



PokerStars Hand #231391686035:  Hold'em No Limit ($0.01/$0.02 USD) - 2021/11/14 2:16:17 PT [2021/11/14 5:16:17 ET]
Table 'Brachium II' 9-max Seat #4 is the button
Seat 1: Gozila1 ($3.28 in chips) 
Seat 2: zyaleniyeg ($2 in chips) 
Seat 3: Matt Mcgilta ($1.90 in chips) 
Seat 4: Urasik1979 ($1.03 in chips) 
Seat 5: SilenceKLN ($2 in chips) 
Seat 6: kammikkazi ($1.85 in chips) 
Seat 7: Red Viper101 ($1.71 in chips) 
Seat 8: Kela1373 ($2.05 in chips) 
Seat 9: Dorex2007 ($2 in chips) 
SilenceKLN: posts small blind $0.01
kammikkazi: posts big blind $0.02
*** HOLE CARDS ***
Dealt to Dorex2007 [8h 3h]
Red Viper101: folds 
Kela1373: raises $0.04 to $0.06
Dorex2007: folds 
Gozila1: folds 
zyaleniyeg: folds 
Matt Mcgilta: folds 
Urasik1979: folds 
SilenceKLN: folds 
kammikkazi: raises $0.12 to $0.18
Kela1373: calls $0.12
*** FLOP *** [Td Ks 8c]
kammikkazi: bets $0.20
Kela1373: raises $0.20 to $0.40
kammikkazi: calls $0.20
*** TURN *** [Td Ks 8c] [Qh]
kammikkazi: checks 
Kela1373: bets $0.57
kammikkazi: calls $0.57
*** RIVER *** [Td Ks 8c Qh] [Ah]
kammikkazi: checks 
Kela1373: bets $0.90 and is all-in
kammikkazi: calls $0.70 and is all-in
Uncalled bet ($0.20) returned to Kela1373
*** SHOW DOWN ***
Kela1373: shows [Ac Kd] (two pair, Aces and Kings)
kammikkazi: shows [Ad Kc] (two pair, Aces and Kings)
kammikkazi collected $1.79 from pot
Kela1373 collected $1.79 from pot
*** SUMMARY ***
Total pot $3.71 | Rake $0.13 
Board [Td Ks 8c Qh Ah]
Seat 1: Gozila1 folded before Flop (didn't bet)
Seat 2: zyaleniyeg folded before Flop (didn't bet)
Seat 3: Matt Mcgilta folded before Flop (didn't bet)
Seat 4: Urasik1979 (button) folded before Flop (didn't bet)
Seat 5: SilenceKLN (small blind) folded before Flop
Seat 6: kammikkazi (big blind) showed [Ad Kc] and won ($1.79) with two pair, Aces and Kings
Seat 7: Red Viper101 folded before Flop (didn't bet)
Seat 8: Kela1373 showed [Ac Kd] and won ($1.79) with two pair, Aces and Kings
Seat 9: Dorex2007 folded before Flop (didn't bet)



PokerStars Hand #231391706020:  Hold'em No Limit ($0.01/$0.02 USD) - 2021/11/14 2:17:43 PT [2021/11/14 5:17:43 ET]
Table 'Brachium II' 9-max Seat #5 is the button
Seat 1: Gozila1 ($3.28 in chips) 
Seat 2: zyaleniyeg ($2 in chips) 
Seat 3: Matt Mcgilta ($1.90 in chips) 
Seat 4: Urasik1979 ($1.03 in chips) 
Seat 5: SilenceKLN ($2 in chips) 
Seat 6: kammikkazi ($1.79 in chips) 
Seat 7: Red Viper101 ($1.71 in chips) 
Seat 8: Kela1373 ($1.99 in chips) 
Seat 9: Dorex2007 ($2 in chips) 
kammikkazi: posts small blind $0.01
Red Viper101: posts big blind $0.02
*** HOLE CARDS ***
Dealt to Dorex2007 [As Ah]
Kela1373: raises $0.08 to $0.10
Dorex2007: calls $0.10
Gozila1: folds 
zyaleniyeg: folds 
Matt Mcgilta: folds 
Urasik1979: folds 
SilenceKLN: folds 
kammikkazi: calls $0.09
Red Viper101: folds 
*** FLOP *** [Qs 6d 7h]
kammikkazi: checks 
Kela1373: checks 
Dorex2007: bets $0.21
kammikkazi: calls $0.21
Kela1373: folds 
*** TURN *** [Qs 6d 7h] [4d]
kammikkazi: checks 
Dorex2007: bets $0.24
kammikkazi: calls $0.24
*** RIVER *** [Qs 6d 7h 4d] [Jd]
kammikkazi: checks 
Dorex2007: checks 
*** SHOW DOWN ***
kammikkazi: shows [Qd Th] (a pair of Queens)
Dorex2007: shows [As Ah] (a pair of Aces)
Dorex2007 collected $1.18 from pot
*** SUMMARY ***
Total pot $1.22 | Rake $0.04 
Board [Qs 6d 7h 4d Jd]
Seat 1: Gozila1 folded before Flop (didn't bet)
Seat 2: zyaleniyeg folded before Flop (didn't bet)
Seat 3: Matt Mcgilta folded before Flop (didn't bet)
Seat 4: Urasik1979 folded before Flop (didn't bet)
Seat 5: SilenceKLN (button) folded before Flop (didn't bet)
Seat 6: kammikkazi (small blind) showed [Qd Th] and lost with a pair of Queens
Seat 7: Red Viper101 (big blind) folded before Flop
Seat 8: Kela1373 folded on the Flop
Seat 9: Dorex2007 showed [As Ah] and won ($1.18) with a pair of Aces



PokerStars Hand #231391728273:  Hold'em No Limit ($0.01/$0.02 USD) - 2021/11/14 2:19:18 PT [2021/11/14 5:19:18 ET]
Table 'Brachium II' 9-max Seat #6 is the button
Seat 1: Gozila1 ($3.28 in chips) 
Seat 2: zyaleniyeg ($2 in chips) 
Seat 3: Matt Mcgilta ($1.90 in chips) 
Seat 4: Urasik1979 ($1.03 in chips) 
Seat 5: SilenceKLN ($2 in chips) 
Seat 6: kammikkazi ($1.24 in chips) 
Seat 7: Red Viper101 ($1.69 in chips) 
Seat 8: Kela1373 ($1.89 in chips) 
Seat 9: Dorex2007 ($2.63 in chips) 
Red Viper101: posts small blind $0.01
Kela1373: posts big blind $0.02
*** HOLE CARDS ***
Dealt to Dorex2007 [4s 3s]
Dorex2007: folds 
Gozila1: raises $0.04 to $0.06
zyaleniyeg: folds 
Matt Mcgilta: folds 
Urasik1979: folds 
SilenceKLN: folds 
kammikkazi: raises $0.12 to $0.18
Red Viper101: folds 
Kela1373: folds 
Gozila1: calls $0.12
*** FLOP *** [Ah 7d 6s]
Gozila1: checks 
kammikkazi: bets $0.22
Gozila1: folds 
Uncalled bet ($0.22) returned to kammikkazi
kammikkazi collected $0.38 from pot
kammikkazi: doesn't show hand 
*** SUMMARY ***
Total pot $0.39 | Rake $0.01 
Board [Ah 7d 6s]
Seat 1: Gozila1 folded on the Flop
Seat 2: zyaleniyeg folded before Flop (didn't bet)
Seat 3: Matt Mcgilta folded before Flop (didn't bet)
Seat 4: Urasik1979 folded before Flop (didn't bet)
Seat 5: SilenceKLN folded before Flop (didn't bet)
Seat 6: kammikkazi (button) collected ($0.38)
Seat 7: Red Viper101 (small blind) folded before Flop
Seat 8: Kela1373 (big blind) folded before Flop
Seat 9: Dorex2007 folded before Flop (didn't bet)



PokerStars Hand #231391737799:  Hold'em No Limit ($0.01/$0.02 USD) - 2021/11/14 2:19:58 PT [2021/11/14 5:19:58 ET]
Table 'Brachium II' 9-max Seat #7 is the button
Seat 1: Gozila1 ($3.10 in chips) 
Seat 2: zyaleniyeg ($2 in chips) 
Seat 3: Matt Mcgilta ($1.90 in chips) 
Seat 4: Urasik1979 ($1.03 in chips) 
Seat 5: SilenceKLN ($2 in chips) 
Seat 6: kammikkazi ($1.44 in chips) 
Seat 7: Red Viper101 ($1.68 in chips) 
Seat 8: Kela1373 ($1.87 in chips) 
Seat 9: Dorex2007 ($2.63 in chips) 
Kela1373: posts small blind $0.01
Dorex2007: posts big blind $0.02
*** HOLE CARDS ***
Dealt to Dorex2007 [2h 7s]
Gozila1: raises $0.04 to $0.06
zyaleniyeg: calls $0.06
Matt Mcgilta: folds 
Urasik1979: folds 
SilenceKLN: folds 
kammikkazi: folds 
Red Viper101: folds 
Kela1373: folds 
Dorex2007: folds 
*** FLOP *** [Tc 5s As]
Gozila1: bets $0.07
zyaleniyeg: calls $0.07
*** TURN *** [Tc 5s As] [Jh]
Gozila1: bets $0.14
zyaleniyeg: calls $0.14
*** RIVER *** [Tc 5s As Jh] [Qs]
Gozila1: bets $0.55
zyaleniyeg: folds 
Uncalled bet ($0.55) returned to Gozila1
Gozila1 collected $0.55 from pot
Gozila1: doesn't show hand 
*** SUMMARY ***
Total pot $0.57 | Rake $0.02 
Board [Tc 5s As Jh Qs]
Seat 1: Gozila1 collected ($0.55)
Seat 2: zyaleniyeg folded on the River
Seat 3: Matt Mcgilta folded before Flop (didn't bet)
Seat 4: Urasik1979 folded before Flop (didn't bet)
Seat 5: SilenceKLN folded before Flop (didn't bet)
Seat 6: kammikkazi folded before Flop (didn't bet)
Seat 7: Red Viper101 (button) folded before Flop (didn't bet)
Seat 8: Kela1373 (small blind) folded before Flop
Seat 9: Dorex2007 (big blind) folded before Flop



PokerStars Hand #231391751815:  Hold'em No Limit ($0.01/$0.02 USD) - 2021/11/14 2:20:57 PT [2021/11/14 5:20:57 ET]
Table 'Brachium II' 9-max Seat #8 is the button
Seat 1: Gozila1 ($3.38 in chips) 
Seat 2: zyaleniyeg ($2 in chips) 
Seat 3: Matt Mcgilta ($1.90 in chips) 
Seat 4: Urasik1979 ($1.03 in chips) 
Seat 5: SilenceKLN ($2 in chips) 
Seat 6: kammikkazi ($1.44 in chips) 
Seat 7: Red Viper101 ($1.68 in chips) 
Seat 8: Kela1373 ($1.86 in chips) 
Seat 9: Dorex2007 ($2.61 in chips) 
Dorex2007: posts small blind $0.01
Gozila1: posts big blind $0.02
*** HOLE CARDS ***
Dealt to Dorex2007 [Qs 8c]
zyaleniyeg: folds 
Matt Mcgilta: folds 
Urasik1979: folds 
SilenceKLN: raises $0.04 to $0.06
kammikkazi: folds 
Red Viper101: folds 
Kela1373: folds 
Dorex2007: folds 
Gozila1: folds 
Uncalled bet ($0.04) returned to SilenceKLN
SilenceKLN collected $0.05 from pot
*** SUMMARY ***
Total pot $0.05 | Rake $0 
Seat 1: Gozila1 (big blind) folded before Flop
Seat 2: zyaleniyeg folded before Flop (didn't bet)
Seat 3: Matt Mcgilta folded before Flop (didn't bet)
Seat 4: Urasik1979 folded before Flop (didn't bet)
Seat 5: SilenceKLN collected ($0.05)
Seat 6: kammikkazi folded before Flop (didn't bet)
Seat 7: Red Viper101 folded before Flop (didn't bet)
Seat 8: Kela1373 (button) folded before Flop (didn't bet)
Seat 9: Dorex2007 (small blind) folded before Flop



PokerStars Hand #231391755784:  Hold'em No Limit ($0.01/$0.02 USD) - 2021/11/14 2:21:14 PT [2021/11/14 5:21:14 ET]
Table 'Brachium II' 9-max Seat #9 is the button
Seat 1: Gozila1 ($3.36 in chips) 
Seat 2: zyaleniyeg ($2 in chips) 
Seat 3: Matt Mcgilta ($1.90 in chips) 
Seat 4: Urasik1979 ($1.03 in chips) 
Seat 5: SilenceKLN ($2.03 in chips) 
Seat 6: kammikkazi ($1.44 in chips) 
Seat 7: Red Viper101 ($1.68 in chips) 
Seat 8: Kela1373 ($1.86 in chips) 
Seat 9: Dorex2007 ($2.60 in chips) 
Gozila1: posts small blind $0.01
zyaleniyeg: posts big blind $0.02
*** HOLE CARDS ***
Dealt to Dorex2007 [9s 5h]
Matt Mcgilta: folds 
Urasik1979: calls $0.02
SilenceKLN: folds 
kammikkazi: folds 
Red Viper101: folds 
Kela1373: raises $0.10 to $0.12
Dorex2007: folds 
Gozila1: folds 
zyaleniyeg: folds 
Urasik1979: folds 
Uncalled bet ($0.10) returned to Kela1373
Kela1373 collected $0.07 from pot
Kela1373: doesn't show hand 
*** SUMMARY ***
Total pot $0.07 | Rake $0 
Seat 1: Gozila1 (small blind) folded before Flop
Seat 2: zyaleniyeg (big blind) folded before Flop
Seat 3: Matt Mcgilta folded before Flop (didn't bet)
Seat 4: Urasik1979 folded before Flop
Seat 5: SilenceKLN folded before Flop (didn't bet)
Seat 6: kammikkazi folded before Flop (didn't bet)
Seat 7: Red Viper101 folded before Flop (didn't bet)
Seat 8: Kela1373 collected ($0.07)
Seat 9: Dorex2007 (button) folded before Flop (didn't bet)



PokerStars Hand #231391761881:  Hold'em No Limit ($0.01/$0.02 USD) - 2021/11/14 2:21:40 PT [2021/11/14 5:21:40 ET]
Table 'Brachium II' 9-max Seat #1 is the button
Seat 1: Gozila1 ($3.35 in chips) 
Seat 2: zyaleniyeg ($2 in chips) 
Seat 3: Matt Mcgilta ($1.90 in chips) 
Seat 4: Urasik1979 ($1.01 in chips) 
Seat 5: SilenceKLN ($2.03 in chips) 
Seat 6: kammikkazi ($1.44 in chips) 
Seat 7: Red Viper101 ($1.68 in chips) 
Seat 8: Kela1373 ($1.91 in chips) 
Seat 9: Dorex2007 ($2.60 in chips) 
zyaleniyeg: posts small blind $0.01
Matt Mcgilta: posts big blind $0.02
*** HOLE CARDS ***
Dealt to Dorex2007 [4s 5h]
Urasik1979: raises $0.04 to $0.06
SilenceKLN: folds 
kammikkazi: folds 
Red Viper101: folds 
Kela1373: folds 
Dorex2007: folds 
Gozila1: folds 
zyaleniyeg: calls $0.05
Matt Mcgilta: calls $0.04
*** FLOP *** [6s 2h Jd]
zyaleniyeg: checks 
Matt Mcgilta: checks 
Urasik1979: bets $0.17
zyaleniyeg: folds 
Matt Mcgilta: calls $0.17
*** TURN *** [6s 2h Jd] [Ad]
Matt Mcgilta: checks 
Urasik1979: checks 
*** RIVER *** [6s 2h Jd Ad] [9d]
Matt Mcgilta: bets $1.67 and is all-in
Urasik1979: folds 
Uncalled bet ($1.67) returned to Matt Mcgilta
Matt Mcgilta collected $0.50 from pot
Matt Mcgilta: doesn't show hand 
*** SUMMARY ***
Total pot $0.52 | Rake $0.02 
Board [6s 2h Jd Ad 9d]
Seat 1: Gozila1 (button) folded before Flop (didn't bet)
Seat 2: zyaleniyeg (small blind) folded on the Flop
Seat 3: Matt Mcgilta (big blind) collected ($0.50)
Seat 4: Urasik1979 folded on the River
Seat 5: SilenceKLN folded before Flop (didn't bet)
Seat 6: kammikkazi folded before Flop (didn't bet)
Seat 7: Red Viper101 folded before Flop (didn't bet)
Seat 8: Kela1373 folded before Flop (didn't bet)
Seat 9: Dorex2007 folded before Flop (didn't bet)



PokerStars Hand #231391777345:  Hold'em No Limit ($0.01/$0.02 USD) - 2021/11/14 2:22:45 PT [2021/11/14 5:22:45 ET]
Table 'Brachium II' 9-max Seat #2 is the button
Seat 1: Gozila1 ($3.35 in chips) 
Seat 2: zyaleniyeg ($2 in chips) 
Seat 3: Matt Mcgilta ($2.17 in chips) 
Seat 4: Urasik1979 ($0.78 in chips) 
Seat 5: SilenceKLN ($2.03 in chips) 
Seat 6: kammikkazi ($1.44 in chips) 
Seat 7: Red Viper101 ($1.68 in chips) 
Seat 8: Kela1373 ($1.91 in chips) 
Seat 9: Dorex2007 ($2.60 in chips) 
Matt Mcgilta: posts small blind $0.01
Urasik1979: posts big blind $0.02
*** HOLE CARDS ***
Dealt to Dorex2007 [5h 9s]
SilenceKLN: folds 
kammikkazi: folds 
Red Viper101: folds 
Kela1373: folds 
Dorex2007: folds 
Gozila1: folds 
zyaleniyeg: folds 
Matt Mcgilta: folds 
Uncalled bet ($0.01) returned to Urasik1979
Urasik1979 collected $0.02 from pot
*** SUMMARY ***
Total pot $0.02 | Rake $0 
Seat 1: Gozila1 folded before Flop (didn't bet)
Seat 2: zyaleniyeg (button) folded before Flop (didn't bet)
Seat 3: Matt Mcgilta (small blind) folded before Flop
Seat 4: Urasik1979 (big blind) collected ($0.02)
Seat 5: SilenceKLN folded before Flop (didn't bet)
Seat 6: kammikkazi folded before Flop (didn't bet)
Seat 7: Red Viper101 folded before Flop (didn't bet)
Seat 8: Kela1373 folded before Flop (didn't bet)
Seat 9: Dorex2007 folded before Flop (didn't bet)



PokerStars Hand #231391781500:  Hold'em No Limit ($0.01/$0.02 USD) - 2021/11/14 2:23:03 PT [2021/11/14 5:23:03 ET]
Table 'Brachium II' 9-max Seat #3 is the button
Seat 1: Gozila1 ($3.35 in chips) 
Seat 2: zyaleniyeg ($2 in chips) 
Seat 3: Matt Mcgilta ($2.16 in chips) 
Seat 4: Urasik1979 ($0.79 in chips) 
Seat 5: SilenceKLN ($2.03 in chips) 
Seat 6: kammikkazi ($1.44 in chips) 
Seat 7: Red Viper101 ($1.68 in chips) 
Seat 8: Kela1373 ($1.91 in chips) 
Seat 9: Dorex2007 ($2.60 in chips) 
Urasik1979: posts small blind $0.01
SilenceKLN: posts big blind $0.02
*** HOLE CARDS ***
Dealt to Dorex2007 [2h Tc]
kammikkazi: raises $0.04 to $0.06
Red Viper101: folds 
Kela1373: calls $0.06
Dorex2007: folds 
Gozila1: calls $0.06
zyaleniyeg: folds 
Matt Mcgilta: folds 
Urasik1979: folds 
SilenceKLN: folds 
*** FLOP *** [Ks Kc 3s]
kammikkazi: checks 
Kela1373: bets $0.10
Gozila1: calls $0.10
kammikkazi: folds 
*** TURN *** [Ks Kc 3s] [Jh]
Kela1373: bets $0.40
Gozila1: folds 
Uncalled bet ($0.40) returned to Kela1373
Kela1373 collected $0.40 from pot
Kela1373: doesn't show hand 
*** SUMMARY ***
Total pot $0.41 | Rake $0.01 
Board [Ks Kc 3s Jh]
Seat 1: Gozila1 folded on the Turn
Seat 2: zyaleniyeg folded before Flop (didn't bet)
Seat 3: Matt Mcgilta (button) folded before Flop (didn't bet)
Seat 4: Urasik1979 (small blind) folded before Flop
Seat 5: SilenceKLN (big blind) folded before Flop
Seat 6: kammikkazi folded on the Flop
Seat 7: Red Viper101 folded before Flop (didn't bet)
Seat 8: Kela1373 collected ($0.40)
Seat 9: Dorex2007 folded before Flop (didn't bet)



PokerStars Hand #231391792383:  Hold'em No Limit ($0.01/$0.02 USD) - 2021/11/14 2:23:49 PT [2021/11/14 5:23:49 ET]
Table 'Brachium II' 9-max Seat #4 is the button
Seat 1: Gozila1 ($3.19 in chips) 
Seat 2: zyaleniyeg ($2 in chips) 
Seat 3: Matt Mcgilta ($2.16 in chips) 
Seat 4: Urasik1979 ($0.78 in chips) 
Seat 5: SilenceKLN ($2.01 in chips) 
Seat 6: kammikkazi ($1.38 in chips) 
Seat 7: Red Viper101 ($1.68 in chips) 
Seat 8: Kela1373 ($2.15 in chips) 
Seat 9: Dorex2007 ($2.60 in chips) 
SilenceKLN: posts small blind $0.01
kammikkazi: posts big blind $0.02
*** HOLE CARDS ***
Dealt to Dorex2007 [3s 6h]
Red Viper101: folds 
Kela1373: calls $0.02
Dorex2007: folds 
Gozila1: folds 
zyaleniyeg: folds 
Matt Mcgilta: folds 
Urasik1979: folds 
SilenceKLN: folds 
kammikkazi: checks 
*** FLOP *** [Kd 8h 4d]
kammikkazi: checks 
Kela1373: checks 
*** TURN *** [Kd 8h 4d] [5d]
kammikkazi: checks 
Kela1373: checks 
*** RIVER *** [Kd 8h 4d 5d] [3h]
kammikkazi: checks 
Kela1373: checks 
*** SHOW DOWN ***
kammikkazi: shows [5c Jc] (a pair of Fives)
Kela1373: mucks hand 
kammikkazi collected $0.05 from pot
*** SUMMARY ***
Total pot $0.05 | Rake $0 
Board [Kd 8h 4d 5d 3h]
Seat 1: Gozila1 folded before Flop (didn't bet)
Seat 2: zyaleniyeg folded before Flop (didn't bet)
Seat 3: Matt Mcgilta folded before Flop (didn't bet)
Seat 4: Urasik1979 (button) folded before Flop (didn't bet)
Seat 5: SilenceKLN (small blind) folded before Flop
Seat 6: kammikkazi (big blind) showed [5c Jc] and won ($0.05) with a pair of Fives
Seat 7: Red Viper101 folded before Flop (didn't bet)
Seat 8: Kela1373 mucked [6s Th]
Seat 9: Dorex2007 folded before Flop (didn't bet)



PokerStars Hand #231391801991:  Hold'em No Limit ($0.01/$0.02 USD) - 2021/11/14 2:24:29 PT [2021/11/14 5:24:29 ET]
Table 'Brachium II' 9-max Seat #5 is the button
Seat 1: Gozila1 ($3.19 in chips) 
Seat 2: zyaleniyeg ($2 in chips) 
Seat 3: Matt Mcgilta ($2.16 in chips) 
Seat 4: Urasik1979 ($0.78 in chips) 
Seat 5: SilenceKLN ($2 in chips) 
Seat 6: kammikkazi ($1.41 in chips) 
Seat 7: Red Viper101 ($1.68 in chips) 
Seat 8: Kela1373 ($2.13 in chips) 
Seat 9: Dorex2007 ($2.60 in chips) 
kammikkazi: posts small blind $0.01
Red Viper101: posts big blind $0.02
*** HOLE CARDS ***
Dealt to Dorex2007 [9h 2s]
Kela1373: raises $0.04 to $0.06
Dorex2007: folds 
Gozila1: folds 
zyaleniyeg: folds 
Matt Mcgilta: calls $0.06
Urasik1979: folds 
SilenceKLN: folds 
kammikkazi: folds 
Red Viper101: folds 
*** FLOP *** [3s 5c Tc]
Kela1373: checks 
Matt Mcgilta: checks 
*** TURN *** [3s 5c Tc] [Js]
Kela1373: bets $0.14
Matt Mcgilta: calls $0.14
*** RIVER *** [3s 5c Tc Js] [3c]
Kela1373: bets $0.41
Matt Mcgilta: folds 
Uncalled bet ($0.41) returned to Kela1373
Kela1373 collected $0.41 from pot
Kela1373: doesn't show hand 
*** SUMMARY ***
Total pot $0.43 | Rake $0.02 
Board [3s 5c Tc Js 3c]
Seat 1: Gozila1 folded before Flop (didn't bet)
Seat 2: zyaleniyeg folded before Flop (didn't bet)
Seat 3: Matt Mcgilta folded on the River
Seat 4: Urasik1979 folded before Flop (didn't bet)
Seat 5: SilenceKLN (button) folded before Flop (didn't bet)
Seat 6: kammikkazi (small blind) folded before Flop
Seat 7: Red Viper101 (big blind) folded before Flop
Seat 8: Kela1373 collected ($0.41)
Seat 9: Dorex2007 folded before Flop (didn't bet)



PokerStars Hand #231391815556:  Hold'em No Limit ($0.01/$0.02 USD) - 2021/11/14 2:25:27 PT [2021/11/14 5:25:27 ET]
Table 'Brachium II' 9-max Seat #6 is the button
Seat 1: Gozila1 ($3.19 in chips) 
Seat 2: zyaleniyeg ($2 in chips) 
Seat 3: Matt Mcgilta ($1.96 in chips) 
Seat 4: Urasik1979 ($0.78 in chips) 
Seat 5: SilenceKLN ($2 in chips) 
Seat 6: kammikkazi ($1.40 in chips) 
Seat 7: Red Viper101 ($1.66 in chips) 
Seat 9: Dorex2007 ($2.60 in chips) 
Red Viper101: posts small blind $0.01
Kela1373: is sitting out 
Dorex2007: posts big blind $0.02
*** HOLE CARDS ***
Dealt to Dorex2007 [2c 7c]
Gozila1: calls $0.02
Kela1373 leaves the table
zyaleniyeg: folds 
Matt Mcgilta: folds 
TaseevoInva joins the table at seat #8 
Urasik1979: folds 
SilenceKLN: folds 
kammikkazi: raises $0.04 to $0.06
TaseevoInva leaves the table
Red Viper101: calls $0.05
Dorex2007: folds 
Gozila1: calls $0.04
*** FLOP *** [Ad Td 9h]
Red Viper101: checks 
Gozila1: checks 
Franshtik joins the table at seat #8 
kammikkazi: bets $0.10
Red Viper101: calls $0.10
Gozila1: folds 
*** TURN *** [Ad Td 9h] [9d]
Red Viper101: checks 
kammikkazi: checks 
*** RIVER *** [Ad Td 9h 9d] [Jh]
Red Viper101: bets $0.15
kammikkazi: calls $0.15
*** SHOW DOWN ***
Red Viper101: shows [Ac Ks] (two pair, Aces and Nines)
kammikkazi: shows [Qs 9s] (three of a kind, Nines)
kammikkazi collected $0.68 from pot
*** SUMMARY ***
Total pot $0.70 | Rake $0.02 
Board [Ad Td 9h 9d Jh]
Seat 1: Gozila1 folded on the Flop
Seat 2: zyaleniyeg folded before Flop (didn't bet)
Seat 3: Matt Mcgilta folded before Flop (didn't bet)
Seat 4: Urasik1979 folded before Flop (didn't bet)
Seat 5: SilenceKLN folded before Flop (didn't bet)
Seat 6: kammikkazi (button) showed [Qs 9s] and won ($0.68) with three of a kind, Nines
Seat 7: Red Viper101 (small blind) showed [Ac Ks] and lost with two pair, Aces and Nines
Seat 9: Dorex2007 (big blind) folded before Flop



PokerStars Hand #231391829973:  Hold'em No Limit ($0.01/$0.02 USD) - 2021/11/14 2:26:28 PT [2021/11/14 5:26:28 ET]
Table 'Brachium II' 9-max Seat #7 is the button
Seat 1: Gozila1 ($3.13 in chips) 
Seat 2: zyaleniyeg ($2 in chips) 
Seat 3: Matt Mcgilta ($1.96 in chips) 
Seat 4: Urasik1979 ($0.78 in chips) 
Seat 5: SilenceKLN ($2 in chips) 
Seat 6: kammikkazi ($1.77 in chips) 
Seat 7: Red Viper101 ($2 in chips) 
Seat 9: Dorex2007 ($2.58 in chips) 
Dorex2007: posts small blind $0.01
Gozila1: posts big blind $0.02
*** HOLE CARDS ***
Dealt to Dorex2007 [Jh Kc]
zyaleniyeg: folds 
Matt Mcgilta: folds 
Urasik1979: calls $0.02
SilenceKLN: raises $0.06 to $0.08
kammikkazi: calls $0.08
Red Viper101: folds 
Dorex2007: folds 
Gozila1: calls $0.06
Urasik1979: folds 
*** FLOP *** [7c Ad 3h]
Gozila1: checks 
SilenceKLN: bets $0.09
kammikkazi: folds 
Gozila1: calls $0.09
*** TURN *** [7c Ad 3h] [6c]
Gozila1: checks 
SilenceKLN: checks 
*** RIVER *** [7c Ad 3h 6c] [Jd]
Gozila1: checks 
SilenceKLN: checks 
*** SHOW DOWN ***
Gozila1: shows [4d 5d] (a straight, Three to Seven)
SilenceKLN: mucks hand 
Gozila1 collected $0.43 from pot
*** SUMMARY ***
Total pot $0.45 | Rake $0.02 
Board [7c Ad 3h 6c Jd]
Seat 1: Gozila1 (big blind) showed [4d 5d] and won ($0.43) with a straight, Three to Seven
Seat 2: zyaleniyeg folded before Flop (didn't bet)
Seat 3: Matt Mcgilta folded before Flop (didn't bet)
Seat 4: Urasik1979 folded before Flop
Seat 5: SilenceKLN mucked [Qd Jc]
Seat 6: kammikkazi folded on the Flop
Seat 7: Red Viper101 (button) folded before Flop (didn't bet)
Seat 9: Dorex2007 (small blind) folded before Flop



PokerStars Hand #231391845790:  Hold'em No Limit ($0.01/$0.02 USD) - 2021/11/14 2:27:33 PT [2021/11/14 5:27:33 ET]
Table 'Brachium II' 9-max Seat #9 is the button
Seat 1: Gozila1 ($3.39 in chips) 
Seat 2: zyaleniyeg ($2 in chips) 
Seat 3: Matt Mcgilta ($1.96 in chips) 
Seat 4: Urasik1979 ($0.76 in chips) 
Seat 5: SilenceKLN ($2 in chips) 
Seat 6: kammikkazi ($1.69 in chips) 
Seat 7: Red Viper101 ($2 in chips) 
Seat 9: Dorex2007 ($2.57 in chips) 
Gozila1: posts small blind $0.01
zyaleniyeg: posts big blind $0.02
Franshtik: sits out 
*** HOLE CARDS ***
Dealt to Dorex2007 [8d 2h]
Matt Mcgilta: folds 
Urasik1979: folds 
SilenceKLN: folds 
kammikkazi: folds 
Red Viper101: folds 
Dorex2007: folds 
Gozila1: raises $0.02 to $0.04
zyaleniyeg: calls $0.02
*** FLOP *** [Jh 4s Qh]
Gozila1: bets $0.04
zyaleniyeg: calls $0.04
*** TURN *** [Jh 4s Qh] [Kd]
Gozila1: bets $0.06
zyaleniyeg: raises $0.18 to $0.24
Gozila1: folds 
Uncalled bet ($0.18) returned to zyaleniyeg
zyaleniyeg collected $0.27 from pot
zyaleniyeg: doesn't show hand 
*** SUMMARY ***
Total pot $0.28 | Rake $0.01 
Board [Jh 4s Qh Kd]
Seat 1: Gozila1 (small blind) folded on the Turn
Seat 2: zyaleniyeg (big blind) collected ($0.27)
Seat 3: Matt Mcgilta folded before Flop (didn't bet)
Seat 4: Urasik1979 folded before Flop (didn't bet)
Seat 5: SilenceKLN folded before Flop (didn't bet)
Seat 6: kammikkazi folded before Flop (didn't bet)
Seat 7: Red Viper101 folded before Flop (didn't bet)
Seat 9: Dorex2007 (button) folded before Flop (didn't bet)



PokerStars Hand #231391858723:  Hold'em No Limit ($0.01/$0.02 USD) - 2021/11/14 2:28:27 PT [2021/11/14 5:28:27 ET]
Table 'Brachium II' 9-max Seat #1 is the button
Seat 1: Gozila1 ($3.25 in chips) 
Seat 2: zyaleniyeg ($2.13 in chips) 
Seat 4: Urasik1979 ($0.76 in chips) 
Seat 5: SilenceKLN ($2 in chips) 
Seat 6: kammikkazi ($1.69 in chips) 
Seat 7: Red Viper101 ($2 in chips) 
Seat 9: Dorex2007 ($2.57 in chips) 
zyaleniyeg: posts small blind $0.01
Urasik1979: posts big blind $0.02
Franshtik: sits out 
*** HOLE CARDS ***
Dealt to Dorex2007 [Th 6h]
SilenceKLN: folds 
kammikkazi: folds 
Red Viper101: folds 
Dorex2007: folds 
Gozila1: raises $0.04 to $0.06
zyaleniyeg: folds 
Urasik1979: folds 
Uncalled bet ($0.04) returned to Gozila1
Gozila1 collected $0.05 from pot
Gozila1: doesn't show hand 
*** SUMMARY ***
Total pot $0.05 | Rake $0 
Seat 1: Gozila1 (button) collected ($0.05)
Seat 2: zyaleniyeg (small blind) folded before Flop
Seat 4: Urasik1979 (big blind) folded before Flop
Seat 5: SilenceKLN folded before Flop (didn't bet)
Seat 6: kammikkazi folded before Flop (didn't bet)
Seat 7: Red Viper101 folded before Flop (didn't bet)
Seat 9: Dorex2007 folded before Flop (didn't bet)



PokerStars Hand #231391863593:  Hold'em No Limit ($0.01/$0.02 USD) - 2021/11/14 2:28:47 PT [2021/11/14 5:28:47 ET]
Table 'Brachium II' 9-max Seat #2 is the button
Seat 1: Gozila1 ($3.28 in chips) 
Seat 2: zyaleniyeg ($2.12 in chips) 
Seat 4: Urasik1979 ($0.74 in chips) 
Seat 5: SilenceKLN ($2 in chips) 
Seat 6: kammikkazi ($1.69 in chips) 
Seat 7: Red Viper101 ($2 in chips) 
Seat 9: Dorex2007 ($2.57 in chips) 
Urasik1979: posts small blind $0.01
SilenceKLN: posts big blind $0.02
Franshtik: sits out 
*** HOLE CARDS ***
Dealt to Dorex2007 [6d 4s]
kammikkazi: folds 
Red Viper101: folds 
Dorex2007: folds 
Gozila1: folds 
zyaleniyeg: folds 
Urasik1979: calls $0.01
SilenceKLN: checks 
*** FLOP *** [Kc Qc Td]
Urasik1979: checks 
SilenceKLN: bets $0.02
Urasik1979: calls $0.02
*** TURN *** [Kc Qc Td] [2s]
Urasik1979: bets $0.04
SilenceKLN: calls $0.04
*** RIVER *** [Kc Qc Td 2s] [4d]
Urasik1979: checks 
SilenceKLN: bets $0.10
Urasik1979: calls $0.10
*** SHOW DOWN ***
SilenceKLN: shows [Qh 4c] (two pair, Queens and Fours)
Urasik1979: mucks hand 
SilenceKLN collected $0.35 from pot
*** SUMMARY ***
Total pot $0.36 | Rake $0.01 
Board [Kc Qc Td 2s 4d]
Seat 1: Gozila1 folded before Flop (didn't bet)
Seat 2: zyaleniyeg (button) folded before Flop (didn't bet)
Seat 4: Urasik1979 (small blind) mucked [7s Qs]
Seat 5: SilenceKLN (big blind) showed [Qh 4c] and won ($0.35) with two pair, Queens and Fours
Seat 6: kammikkazi folded before Flop (didn't bet)
Seat 7: Red Viper101 folded before Flop (didn't bet)
Seat 9: Dorex2007 folded before Flop (didn't bet)



PokerStars Hand #231391883398:  Hold'em No Limit ($0.01/$0.02 USD) - 2021/11/14 2:30:09 PT [2021/11/14 5:30:09 ET]
Table 'Brachium II' 9-max Seat #4 is the button
Seat 1: Gozila1 ($3.28 in chips) 
Seat 2: zyaleniyeg ($2.12 in chips) 
Seat 4: Urasik1979 ($0.56 in chips) 
Seat 5: SilenceKLN ($2.17 in chips) 
Seat 6: kammikkazi ($1.69 in chips) 
Seat 7: Red Viper101 ($2 in chips) 
Seat 9: Dorex2007 ($2.57 in chips) 
SilenceKLN: posts small blind $0.01
kammikkazi: posts big blind $0.02
Franshtik: sits out 
*** HOLE CARDS ***
Dealt to Dorex2007 [7s Qc]
Red Viper101: folds 
Dorex2007: folds 
Gozila1: folds 
zyaleniyeg: folds 
Urasik1979: folds 
SilenceKLN: raises $0.04 to $0.06
kammikkazi: folds 
Uncalled bet ($0.04) returned to SilenceKLN
SilenceKLN collected $0.04 from pot
*** SUMMARY ***
Total pot $0.04 | Rake $0 
Seat 1: Gozila1 folded before Flop (didn't bet)
Seat 2: zyaleniyeg folded before Flop (didn't bet)
Seat 4: Urasik1979 (button) folded before Flop (didn't bet)
Seat 5: SilenceKLN (small blind) collected ($0.04)
Seat 6: kammikkazi (big blind) folded before Flop
Seat 7: Red Viper101 folded before Flop (didn't bet)
Seat 9: Dorex2007 folded before Flop (didn't bet)



PokerStars Hand #231391888370:  Hold'em No Limit ($0.01/$0.02 USD) - 2021/11/14 2:30:30 PT [2021/11/14 5:30:30 ET]
Table 'Brachium II' 9-max Seat #5 is the button
Seat 1: Gozila1 ($3.28 in chips) 
Seat 2: zyaleniyeg ($2.12 in chips) 
Seat 4: Urasik1979 ($0.56 in chips) 
Seat 5: SilenceKLN ($2.19 in chips) 
Seat 6: kammikkazi ($1.67 in chips) 
Seat 7: Red Viper101 ($2 in chips) 
Seat 9: Dorex2007 ($2.57 in chips) 
kammikkazi: posts small blind $0.01
Red Viper101: posts big blind $0.02
Franshtik: sits out 
*** HOLE CARDS ***
Dealt to Dorex2007 [9s Ah]
Dorex2007: raises $0.02 to $0.04
Gozila1: folds 
zyaleniyeg: folds 
Urasik1979: calls $0.04
SilenceKLN: folds 
kammikkazi: calls $0.03
Red Viper101: folds 
*** FLOP *** [8d 4s 2s]
kammikkazi: checks 
Dorex2007: checks 
Urasik1979: bets $0.14
kammikkazi: calls $0.14
Dorex2007: folds 
*** TURN *** [8d 4s 2s] [4h]
kammikkazi: checks 
Urasik1979: checks 
*** RIVER *** [8d 4s 2s 4h] [As]
kammikkazi: checks 
Urasik1979: bets $0.38 and is all-in
kammikkazi: calls $0.38
*** SHOW DOWN ***
Urasik1979: shows [7c 6d] (a pair of Fours)
kammikkazi: shows [6s 5s] (a flush, Ace high)
kammikkazi collected $1.14 from pot
*** SUMMARY ***
Total pot $1.18 | Rake $0.04 
Board [8d 4s 2s 4h As]
Seat 1: Gozila1 folded before Flop (didn't bet)
Seat 2: zyaleniyeg folded before Flop (didn't bet)
Seat 4: Urasik1979 showed [7c 6d] and lost with a pair of Fours
Seat 5: SilenceKLN (button) folded before Flop (didn't bet)
Seat 6: kammikkazi (small blind) showed [6s 5s] and won ($1.14) with a flush, Ace high
Seat 7: Red Viper101 (big blind) folded before Flop
Seat 9: Dorex2007 folded on the Flop



PokerStars Hand #231391904663:  Hold'em No Limit ($0.01/$0.02 USD) - 2021/11/14 2:31:37 PT [2021/11/14 5:31:37 ET]
Table 'Brachium II' 9-max Seat #6 is the button
Seat 1: Gozila1 ($3.28 in chips) 
Seat 2: zyaleniyeg ($2.12 in chips) 
Seat 5: SilenceKLN ($2.19 in chips) 
Seat 6: kammikkazi ($2.25 in chips) 
Seat 7: Red Viper101 ($1.98 in chips) 
Seat 8: Franshtik ($1 in chips) 
Seat 9: Dorex2007 ($2.53 in chips) 
Red Viper101: posts small blind $0.01
Franshtik: posts big blind $0.02
*** HOLE CARDS ***
Dealt to Dorex2007 [2d Qh]
Dorex2007: folds 
Gozila1: folds 
zyaleniyeg: folds 
SilenceKLN: folds 
Urasik1979 leaves the table
kammikkazi: folds 
Red Viper101: folds 
Uncalled bet ($0.01) returned to Franshtik
Franshtik collected $0.02 from pot
Franshtik: doesn't show hand 
*** SUMMARY ***
Total pot $0.02 | Rake $0 
Seat 1: Gozila1 folded before Flop (didn't bet)
Seat 2: zyaleniyeg folded before Flop (didn't bet)
Seat 5: SilenceKLN folded before Flop (didn't bet)
Seat 6: kammikkazi (button) folded before Flop (didn't bet)
Seat 7: Red Viper101 (small blind) folded before Flop
Seat 8: Franshtik (big blind) collected ($0.02)
Seat 9: Dorex2007 folded before Flop (didn't bet)



PokerStars Hand #231391913517:  Hold'em No Limit ($0.01/$0.02 USD) - 2021/11/14 2:32:13 PT [2021/11/14 5:32:13 ET]
Table 'Brachium II' 9-max Seat #7 is the button
Seat 1: Gozila1 ($3.28 in chips) 
Seat 2: zyaleniyeg ($2.12 in chips) 
Seat 5: SilenceKLN ($2.19 in chips) 
Seat 6: kammikkazi ($2.25 in chips) 
Seat 7: Red Viper101 ($1.97 in chips) 
Seat 8: Franshtik ($1.01 in chips) 
Seat 9: Dorex2007 ($2.53 in chips) 
Franshtik: posts small blind $0.01
Dorex2007: posts big blind $0.02
*** HOLE CARDS ***
Dealt to Dorex2007 [Ac 5h]
Gozila1: raises $0.02 to $0.04
zyaleniyeg: folds 
SilenceKLN: folds 
kammikkazi: calls $0.04
Red Viper101: folds 
Franshtik: folds 
11*evgeni*11 joins the table at seat #4 
Dorex2007: folds 
*** FLOP *** [Ad Kc Jd]
Gozila1: bets $0.04
kammikkazi: calls $0.04
*** TURN *** [Ad Kc Jd] [Tc]
Gozila1: bets $0.09
kammikkazi: calls $0.09
*** RIVER *** [Ad Kc Jd Tc] [4c]
Gozila1: bets $0.36
kammikkazi: folds 
Uncalled bet ($0.36) returned to Gozila1
Gozila1 collected $0.36 from pot
Gozila1: doesn't show hand 
*** SUMMARY ***
Total pot $0.37 | Rake $0.01 
Board [Ad Kc Jd Tc 4c]
Seat 1: Gozila1 collected ($0.36)
Seat 2: zyaleniyeg folded before Flop (didn't bet)
Seat 5: SilenceKLN folded before Flop (didn't bet)
Seat 6: kammikkazi folded on the River
Seat 7: Red Viper101 (button) folded before Flop (didn't bet)
Seat 8: Franshtik (small blind) folded before Flop
Seat 9: Dorex2007 (big blind) folded before Flop



PokerStars Hand #231391930230:  Hold'em No Limit ($0.01/$0.02 USD) - 2021/11/14 2:33:22 PT [2021/11/14 5:33:22 ET]
Table 'Brachium II' 9-max Seat #8 is the button
Seat 1: Gozila1 ($3.47 in chips) 
Seat 2: zyaleniyeg ($2.12 in chips) 
Seat 5: SilenceKLN ($2.19 in chips) 
Seat 6: kammikkazi ($2.08 in chips) 
Seat 7: Red Viper101 ($1.97 in chips) 
Seat 8: Franshtik ($1 in chips) 
Seat 9: Dorex2007 ($2.51 in chips) 
Dorex2007: posts small blind $0.01
Gozila1: posts big blind $0.02
11*evgeni*11: sits out 
*** HOLE CARDS ***
Dealt to Dorex2007 [Kc Qs]
zyaleniyeg: folds 
SilenceKLN: folds 
kammikkazi: folds 
Red Viper101: folds 
Franshtik: raises $0.03 to $0.05
Dorex2007: raises $0.09 to $0.14
Gozila1: folds 
Franshtik: raises $0.86 to $1 and is all-in
Dorex2007: calls $0.86
*** FLOP *** [7d 2h 8d]
*** TURN *** [7d 2h 8d] [6c]
*** RIVER *** [7d 2h 8d 6c] [As]
*** SHOW DOWN ***
Dorex2007: shows [Kc Qs] (high card Ace)
Franshtik: shows [5s 5c] (a pair of Fives)
Franshtik cashed out the hand for $1.01 | Cash Out Fee $0.01
*** SUMMARY ***
Total pot $2.02 | Rake $0.07 
Board [7d 2h 8d 6c As]
Seat 1: Gozila1 (big blind) folded before Flop
Seat 2: zyaleniyeg folded before Flop (didn't bet)
Seat 5: SilenceKLN folded before Flop (didn't bet)
Seat 6: kammikkazi folded before Flop (didn't bet)
Seat 7: Red Viper101 folded before Flop (didn't bet)
Seat 8: Franshtik (button) showed [5s 5c] and won ($1.95) with a pair of Fives (pot not awarded as player cashed out)
Seat 9: Dorex2007 (small blind) showed [Kc Qs] and lost with high card Ace



PokerStars Hand #231391942551:  Hold'em No Limit ($0.01/$0.02 USD) - 2021/11/14 2:34:13 PT [2021/11/14 5:34:13 ET]
Table 'Brachium II' 9-max Seat #9 is the button
Seat 1: Gozila1 ($3.45 in chips) 
Seat 2: zyaleniyeg ($2.12 in chips) 
Seat 5: SilenceKLN ($2.19 in chips) 
Seat 6: kammikkazi ($2.08 in chips) 
Seat 7: Red Viper101 ($1.97 in chips) 
Seat 8: Franshtik ($1.01 in chips) 
Seat 9: Dorex2007 ($2 in chips) 
Gozila1: posts small blind $0.01
zyaleniyeg: posts big blind $0.02
11*evgeni*11: sits out 
*** HOLE CARDS ***
Dealt to Dorex2007 [4h 6h]
SilenceKLN: folds 
kammikkazi: raises $0.04 to $0.06
Red Viper101: folds 
Franshtik: raises $0.08 to $0.14
Dorex2007: folds 
Gozila1: folds 
zyaleniyeg: folds 
kammikkazi: folds 
Uncalled bet ($0.08) returned to Franshtik
Franshtik collected $0.15 from pot
Franshtik: doesn't show hand 
*** SUMMARY ***
Total pot $0.15 | Rake $0 
Seat 1: Gozila1 (small blind) folded before Flop
Seat 2: zyaleniyeg (big blind) folded before Flop
Seat 5: SilenceKLN folded before Flop (didn't bet)
Seat 6: kammikkazi folded before Flop
Seat 7: Red Viper101 folded before Flop (didn't bet)
Seat 8: Franshtik collected ($0.15)
Seat 9: Dorex2007 (button) folded before Flop (didn't bet)



PokerStars Hand #231391950954:  Hold'em No Limit ($0.01/$0.02 USD) - 2021/11/14 2:34:48 PT [2021/11/14 5:34:48 ET]
Table 'Brachium II' 9-max Seat #1 is the button
Seat 1: Gozila1 ($3.44 in chips) 
Seat 2: zyaleniyeg ($2.10 in chips) 
Seat 4: 11*evgeni*11 ($1.60 in chips) 
Seat 5: SilenceKLN ($2.19 in chips) 
Seat 6: kammikkazi ($2.02 in chips) 
Seat 7: Red Viper101 ($1.97 in chips) 
Seat 8: Franshtik ($1.10 in chips) 
Seat 9: Dorex2007 ($2 in chips) 
zyaleniyeg: posts small blind $0.01
11*evgeni*11: posts big blind $0.02
*** HOLE CARDS ***
Dealt to Dorex2007 [9s 5c]
SilenceKLN: folds 
kammikkazi: folds 
Red Viper101: folds 
Franshtik: folds 
Dorex2007: folds 
Gozila1: raises $0.04 to $0.06
zyaleniyeg: folds 
11*evgeni*11: folds 
Uncalled bet ($0.04) returned to Gozila1
Gozila1 collected $0.05 from pot
Gozila1: doesn't show hand 
*** SUMMARY ***
Total pot $0.05 | Rake $0 
Seat 1: Gozila1 (button) collected ($0.05)
Seat 2: zyaleniyeg (small blind) folded before Flop
Seat 4: 11*evgeni*11 (big blind) folded before Flop
Seat 5: SilenceKLN folded before Flop (didn't bet)
Seat 6: kammikkazi folded before Flop (didn't bet)
Seat 7: Red Viper101 folded before Flop (didn't bet)
Seat 8: Franshtik folded before Flop (didn't bet)
Seat 9: Dorex2007 folded before Flop (didn't bet)



PokerStars Hand #231391964441:  Hold'em No Limit ($0.01/$0.02 USD) - 2021/11/14 2:35:09 PT [2021/11/14 5:35:09 ET]
Table 'Brachium II' 9-max Seat #2 is the button
Seat 1: Gozila1 ($3.47 in chips) 
Seat 2: zyaleniyeg ($2.09 in chips) 
Seat 4: 11*evgeni*11 ($1.58 in chips) 
Seat 5: SilenceKLN ($2.19 in chips) 
Seat 6: kammikkazi ($2.02 in chips) 
Seat 7: Red Viper101 ($1.97 in chips) 
Seat 8: Franshtik ($1.10 in chips) 
Seat 9: Dorex2007 ($2 in chips) 
11*evgeni*11: posts small blind $0.01
SilenceKLN: posts big blind $0.02
*** HOLE CARDS ***
Dealt to Dorex2007 [Ks Kd]
kammikkazi: folds 
Red Viper101: folds 
Franshtik: folds 
Dorex2007: raises $0.04 to $0.06
Gozila1: folds 
zyaleniyeg: folds 
11*evgeni*11: raises $0.06 to $0.12
SilenceKLN: folds 
Dorex2007: raises $0.12 to $0.24
11*evgeni*11: calls $0.12
*** FLOP *** [4s Qh Td]
11*evgeni*11: checks 
Dorex2007: bets $0.48
11*evgeni*11: calls $0.48
*** TURN *** [4s Qh Td] [8c]
11*evgeni*11: checks 
Dorex2007: bets $1.28 and is all-in
11*evgeni*11: folds 
Uncalled bet ($1.28) returned to Dorex2007
Dorex2007 collected $1.41 from pot
Dorex2007: doesn't show hand 
*** SUMMARY ***
Total pot $1.46 | Rake $0.05 
Board [4s Qh Td 8c]
Seat 1: Gozila1 folded before Flop (didn't bet)
Seat 2: zyaleniyeg (button) folded before Flop (didn't bet)
Seat 4: 11*evgeni*11 (small blind) folded on the Turn
Seat 5: SilenceKLN (big blind) folded before Flop
Seat 6: kammikkazi folded before Flop (didn't bet)
Seat 7: Red Viper101 folded before Flop (didn't bet)
Seat 8: Franshtik folded before Flop (didn't bet)
Seat 9: Dorex2007 collected ($1.41)



PokerStars Hand #231391979196:  Hold'em No Limit ($0.01/$0.02 USD) - 2021/11/14 2:36:10 PT [2021/11/14 5:36:10 ET]
Table 'Brachium II' 9-max Seat #4 is the button
Seat 1: Gozila1 ($3.47 in chips) 
Seat 2: zyaleniyeg ($2.09 in chips) 
Seat 4: 11*evgeni*11 ($0.86 in chips) 
Seat 5: SilenceKLN ($2.17 in chips) 
Seat 6: kammikkazi ($2.02 in chips) 
Seat 7: Red Viper101 ($1.97 in chips) 
Seat 8: Franshtik ($1.10 in chips) 
Seat 9: Dorex2007 ($2.69 in chips) 
SilenceKLN: posts small blind $0.01
kammikkazi: posts big blind $0.02
*** HOLE CARDS ***
Dealt to Dorex2007 [4d 8d]
Red Viper101: folds 
Franshtik: folds 
Dorex2007: folds 
Gozila1: folds 
zyaleniyeg: folds 
11*evgeni*11: folds 
SilenceKLN: folds 
Uncalled bet ($0.01) returned to kammikkazi
kammikkazi collected $0.02 from pot
kammikkazi: doesn't show hand 
*** SUMMARY ***
Total pot $0.02 | Rake $0 
Seat 1: Gozila1 folded before Flop (didn't bet)
Seat 2: zyaleniyeg folded before Flop (didn't bet)
Seat 4: 11*evgeni*11 (button) folded before Flop (didn't bet)
Seat 5: SilenceKLN (small blind) folded before Flop
Seat 6: kammikkazi (big blind) collected ($0.02)
Seat 7: Red Viper101 folded before Flop (didn't bet)
Seat 8: Franshtik folded before Flop (didn't bet)
Seat 9: Dorex2007 folded before Flop (didn't bet)



PokerStars Hand #231391983218:  Hold'em No Limit ($0.01/$0.02 USD) - 2021/11/14 2:36:26 PT [2021/11/14 5:36:26 ET]
Table 'Brachium II' 9-max Seat #5 is the button
Seat 1: Gozila1 ($3.47 in chips) 
Seat 2: zyaleniyeg ($2.09 in chips) 
Seat 4: 11*evgeni*11 ($0.86 in chips) 
Seat 5: SilenceKLN ($2.16 in chips) 
Seat 6: kammikkazi ($2.03 in chips) 
Seat 7: Red Viper101 ($1.97 in chips) 
Seat 8: Franshtik ($1.10 in chips) 
Seat 9: Dorex2007 ($2.69 in chips) 
kammikkazi: posts small blind $0.01
Red Viper101: posts big blind $0.02
*** HOLE CARDS ***
Dealt to Dorex2007 [Jd 4s]
Franshtik: folds 
Dorex2007: folds 
Gozila1: folds 
zyaleniyeg: folds 
11*evgeni*11: raises $0.04 to $0.06
SilenceKLN: folds 
kammikkazi: folds 
Red Viper101: folds 
Uncalled bet ($0.04) returned to 11*evgeni*11
11*evgeni*11 collected $0.05 from pot
11*evgeni*11: doesn't show hand 
*** SUMMARY ***
Total pot $0.05 | Rake $0 
Seat 1: Gozila1 folded before Flop (didn't bet)
Seat 2: zyaleniyeg folded before Flop (didn't bet)
Seat 4: 11*evgeni*11 collected ($0.05)
Seat 5: SilenceKLN (button) folded before Flop (didn't bet)
Seat 6: kammikkazi (small blind) folded before Flop
Seat 7: Red Viper101 (big blind) folded before Flop
Seat 8: Franshtik folded before Flop (didn't bet)
Seat 9: Dorex2007 folded before Flop (didn't bet)



PokerStars Hand #231391987515:  Hold'em No Limit ($0.01/$0.02 USD) - 2021/11/14 2:36:44 PT [2021/11/14 5:36:44 ET]
Table 'Brachium II' 9-max Seat #6 is the button
Seat 1: Gozila1 ($3.47 in chips) 
Seat 2: zyaleniyeg ($2.09 in chips) 
Seat 4: 11*evgeni*11 ($0.89 in chips) 
Seat 5: SilenceKLN ($2.16 in chips) 
Seat 6: kammikkazi ($2.02 in chips) 
Seat 7: Red Viper101 ($1.95 in chips) 
Seat 8: Franshtik ($1.10 in chips) 
Seat 9: Dorex2007 ($2.69 in chips) 
Red Viper101: posts small blind $0.01
Franshtik: posts big blind $0.02
*** HOLE CARDS ***
Dealt to Dorex2007 [3s Td]
Dorex2007: folds 
Gozila1: folds 
zyaleniyeg: folds 
11*evgeni*11: folds 
SilenceKLN: folds 
kammikkazi: folds 
Red Viper101: raises $0.03 to $0.05
Franshtik: folds 
Uncalled bet ($0.03) returned to Red Viper101
Red Viper101 collected $0.04 from pot
*** SUMMARY ***
Total pot $0.04 | Rake $0 
Seat 1: Gozila1 folded before Flop (didn't bet)
Seat 2: zyaleniyeg folded before Flop (didn't bet)
Seat 4: 11*evgeni*11 folded before Flop (didn't bet)
Seat 5: SilenceKLN folded before Flop (didn't bet)
Seat 6: kammikkazi (button) folded before Flop (didn't bet)
Seat 7: Red Viper101 (small blind) collected ($0.04)
Seat 8: Franshtik (big blind) folded before Flop
Seat 9: Dorex2007 folded before Flop (didn't bet)



PokerStars Hand #231391993131:  Hold'em No Limit ($0.01/$0.02 USD) - 2021/11/14 2:37:07 PT [2021/11/14 5:37:07 ET]
Table 'Brachium II' 9-max Seat #7 is the button
Seat 1: Gozila1 ($3.47 in chips) 
Seat 2: zyaleniyeg ($2.09 in chips) 
Seat 4: 11*evgeni*11 ($0.89 in chips) 
Seat 5: SilenceKLN ($2.16 in chips) 
Seat 6: kammikkazi ($2.02 in chips) 
Seat 7: Red Viper101 ($1.97 in chips) 
Seat 8: Franshtik ($1.08 in chips) 
Seat 9: Dorex2007 ($2.69 in chips) 
Franshtik: posts small blind $0.01
Dorex2007: posts big blind $0.02
*** HOLE CARDS ***
Dealt to Dorex2007 [9h Tc]
Gozila1: folds 
zyaleniyeg: folds 
11*evgeni*11: raises $0.06 to $0.08
SilenceKLN: folds 
kammikkazi: folds 
Red Viper101: calls $0.08
Franshtik: folds 
Dorex2007: folds 
*** FLOP *** [As 8d 7s]
11*evgeni*11: bets $0.09
Red Viper101: folds 
Uncalled bet ($0.09) returned to 11*evgeni*11
11*evgeni*11 collected $0.18 from pot
11*evgeni*11: doesn't show hand 
*** SUMMARY ***
Total pot $0.19 | Rake $0.01 
Board [As 8d 7s]
Seat 1: Gozila1 folded before Flop (didn't bet)
Seat 2: zyaleniyeg folded before Flop (didn't bet)
Seat 4: 11*evgeni*11 collected ($0.18)
Seat 5: SilenceKLN folded before Flop (didn't bet)
Seat 6: kammikkazi folded before Flop (didn't bet)
Seat 7: Red Viper101 (button) folded on the Flop
Seat 8: Franshtik (small blind) folded before Flop
Seat 9: Dorex2007 (big blind) folded before Flop



PokerStars Hand #231391999742:  Hold'em No Limit ($0.01/$0.02 USD) - 2021/11/14 2:37:34 PT [2021/11/14 5:37:34 ET]
Table 'Brachium II' 9-max Seat #8 is the button
Seat 1: Gozila1 ($3.47 in chips) 
Seat 2: zyaleniyeg ($2.09 in chips) 
Seat 4: 11*evgeni*11 ($0.99 in chips) 
Seat 5: SilenceKLN ($2.16 in chips) 
Seat 6: kammikkazi ($2.02 in chips) 
Seat 7: Red Viper101 ($1.89 in chips) 
Seat 8: Franshtik ($1.07 in chips) 
Seat 9: Dorex2007 ($2.67 in chips) 
Dorex2007: posts small blind $0.01
Gozila1: posts big blind $0.02
*** HOLE CARDS ***
Dealt to Dorex2007 [2c As]
zyaleniyeg: folds 
11*evgeni*11: folds 
SilenceKLN: folds 
kammikkazi: raises $0.04 to $0.06
Red Viper101: folds 
Franshtik: folds 
Dorex2007: folds 
Gozila1: folds 
Uncalled bet ($0.04) returned to kammikkazi
kammikkazi collected $0.05 from pot
kammikkazi: doesn't show hand 
*** SUMMARY ***
Total pot $0.05 | Rake $0 
Seat 1: Gozila1 (big blind) folded before Flop
Seat 2: zyaleniyeg folded before Flop (didn't bet)
Seat 4: 11*evgeni*11 folded before Flop (didn't bet)
Seat 5: SilenceKLN folded before Flop (didn't bet)
Seat 6: kammikkazi collected ($0.05)
Seat 7: Red Viper101 folded before Flop (didn't bet)
Seat 8: Franshtik (button) folded before Flop (didn't bet)
Seat 9: Dorex2007 (small blind) folded before Flop



PokerStars Hand #231392008250:  Hold'em No Limit ($0.01/$0.02 USD) - 2021/11/14 2:38:09 PT [2021/11/14 5:38:09 ET]
Table 'Brachium II' 9-max Seat #9 is the button
Seat 1: Gozila1 ($3.45 in chips) 
Seat 2: zyaleniyeg ($2.09 in chips) 
Seat 4: 11*evgeni*11 ($0.99 in chips) 
Seat 5: SilenceKLN ($2.16 in chips) 
Seat 6: kammikkazi ($2.05 in chips) 
Seat 7: Red Viper101 ($1.89 in chips) 
Seat 8: Franshtik ($1.07 in chips) 
Seat 9: Dorex2007 ($2.66 in chips) 
Gozila1: posts small blind $0.01
zyaleniyeg: posts big blind $0.02
*** HOLE CARDS ***
Dealt to Dorex2007 [Ad Ac]
11*evgeni*11: folds 
SilenceKLN: folds 
kammikkazi: folds 
Red Viper101: folds 
Franshtik: raises $0.04 to $0.06
Dorex2007: raises $0.06 to $0.12
Gozila1: calls $0.11
zyaleniyeg: folds 
Franshtik: raises $0.14 to $0.26
Dorex2007: raises $2.40 to $2.66 and is all-in
Gozila1: folds 
Franshtik: calls $0.81 and is all-in
Uncalled bet ($1.59) returned to Dorex2007
*** FLOP *** [7c 6c Qs]
*** TURN *** [7c 6c Qs] [8h]
*** RIVER *** [7c 6c Qs 8h] [Ts]
*** SHOW DOWN ***
Franshtik: shows [Jh Js] (a pair of Jacks)
Dorex2007: shows [Ad Ac] (a pair of Aces)
Dorex2007 cashed out the hand for $1.75 | Cash Out Fee $0.02
*** SUMMARY ***
Total pot $2.28 | Rake $0.08 
Board [7c 6c Qs 8h Ts]
Seat 1: Gozila1 (small blind) folded before Flop
Seat 2: zyaleniyeg (big blind) folded before Flop
Seat 4: 11*evgeni*11 folded before Flop (didn't bet)
Seat 5: SilenceKLN folded before Flop (didn't bet)
Seat 6: kammikkazi folded before Flop (didn't bet)
Seat 7: Red Viper101 folded before Flop (didn't bet)
Seat 8: Franshtik showed [Jh Js] and lost with a pair of Jacks
Seat 9: Dorex2007 (button) showed [Ad Ac] and won ($2.20) with a pair of Aces (pot not awarded as player cashed out)



PokerStars Hand #231392021902:  Hold'em No Limit ($0.01/$0.02 USD) - 2021/11/14 2:39:05 PT [2021/11/14 5:39:05 ET]
Table 'Brachium II' 9-max Seat #1 is the button
Seat 1: Gozila1 ($3.33 in chips) 
Seat 2: zyaleniyeg ($2.07 in chips) 
Seat 4: 11*evgeni*11 ($0.99 in chips) 
Seat 5: SilenceKLN ($2.16 in chips) 
Seat 6: kammikkazi ($2.05 in chips) 
Seat 7: Red Viper101 ($1.89 in chips) 
Seat 9: Dorex2007 ($3.34 in chips) 
zyaleniyeg: posts small blind $0.01
11*evgeni*11: posts big blind $0.02
*** HOLE CARDS ***
Dealt to Dorex2007 [3c 6s]
SilenceKLN: folds 
kammikkazi: folds 
Red Viper101: folds 
Dorex2007: folds 
Gozila1: folds 
zyaleniyeg: raises $0.02 to $0.04
11*evgeni*11: calls $0.02
*** FLOP *** [9s 5s 7d]
zyaleniyeg: bets $0.04
11*evgeni*11: calls $0.04
*** TURN *** [9s 5s 7d] [Ts]
zyaleniyeg: bets $0.08
11*evgeni*11: calls $0.08
*** RIVER *** [9s 5s 7d Ts] [Qs]
zyaleniyeg: bets $0.09
11*evgeni*11: calls $0.09
*** SHOW DOWN ***
zyaleniyeg: shows [Ac 8s] (a flush, Queen high)
11*evgeni*11: mucks hand 
zyaleniyeg collected $0.48 from pot
*** SUMMARY ***
Total pot $0.50 | Rake $0.02 
Board [9s 5s 7d Ts Qs]
Seat 1: Gozila1 (button) folded before Flop (didn't bet)
Seat 2: zyaleniyeg (small blind) showed [Ac 8s] and won ($0.48) with a flush, Queen high
Seat 4: 11*evgeni*11 (big blind) mucked [8c Qh]
Seat 5: SilenceKLN folded before Flop (didn't bet)
Seat 6: kammikkazi folded before Flop (didn't bet)
Seat 7: Red Viper101 folded before Flop (didn't bet)
Seat 9: Dorex2007 folded before Flop (didn't bet)



PokerStars Hand #231392032292:  Hold'em No Limit ($0.01/$0.02 USD) - 2021/11/14 2:39:48 PT [2021/11/14 5:39:48 ET]
Table 'Brachium II' 9-max Seat #2 is the button
Seat 1: Gozila1 ($3.33 in chips) 
Seat 2: zyaleniyeg ($2.30 in chips) 
Seat 4: 11*evgeni*11 ($0.74 in chips) 
Seat 5: SilenceKLN ($2.16 in chips) 
Seat 6: kammikkazi ($2.05 in chips) 
Seat 7: Red Viper101 ($1.89 in chips) 
Seat 9: Dorex2007 ($3.34 in chips) 
11*evgeni*11: posts small blind $0.01
SilenceKLN: posts big blind $0.02
*** HOLE CARDS ***
Dealt to Dorex2007 [3h 4s]
kammikkazi: raises $0.04 to $0.06
Red Viper101: folds 
Dorex2007: folds 
Gozila1: calls $0.06
zyaleniyeg: folds 
11*evgeni*11: calls $0.05
SilenceKLN: folds 
*** FLOP *** [4d Th 7h]
11*evgeni*11: checks 
kammikkazi: bets $0.10
Gozila1: folds 
11*evgeni*11: folds 
Uncalled bet ($0.10) returned to kammikkazi
kammikkazi collected $0.19 from pot
kammikkazi: doesn't show hand 
*** SUMMARY ***
Total pot $0.20 | Rake $0.01 
Board [4d Th 7h]
Seat 1: Gozila1 folded on the Flop
Seat 2: zyaleniyeg (button) folded before Flop (didn't bet)
Seat 4: 11*evgeni*11 (small blind) folded on the Flop
Seat 5: SilenceKLN (big blind) folded before Flop
Seat 6: kammikkazi collected ($0.19)
Seat 7: Red Viper101 folded before Flop (didn't bet)
Seat 9: Dorex2007 folded before Flop (didn't bet)



PokerStars Hand #231392044498:  Hold'em No Limit ($0.01/$0.02 USD) - 2021/11/14 2:40:38 PT [2021/11/14 5:40:38 ET]
Table 'Brachium II' 9-max Seat #4 is the button
Seat 1: Gozila1 ($3.27 in chips) 
Seat 2: zyaleniyeg ($2.30 in chips) 
Seat 4: 11*evgeni*11 ($0.68 in chips) 
Seat 5: SilenceKLN ($2.14 in chips) 
Seat 6: kammikkazi ($2.18 in chips) 
Seat 7: Red Viper101 ($1.89 in chips) 
Seat 8: Franshtik ($0.82 in chips) 
Seat 9: Dorex2007 ($3.34 in chips) 
SilenceKLN: posts small blind $0.01
kammikkazi: posts big blind $0.02
*** HOLE CARDS ***
Dealt to Dorex2007 [As 7d]
Red Viper101: folds 
Franshtik: folds 
Dorex2007: folds 
Gozila1: folds 
zyaleniyeg: raises $0.04 to $0.06
11*evgeni*11: folds 
SilenceKLN: folds 
kammikkazi: folds 
Uncalled bet ($0.04) returned to zyaleniyeg
zyaleniyeg collected $0.05 from pot
zyaleniyeg: doesn't show hand 
*** SUMMARY ***
Total pot $0.05 | Rake $0 
Seat 1: Gozila1 folded before Flop (didn't bet)
Seat 2: zyaleniyeg collected ($0.05)
Seat 4: 11*evgeni*11 (button) folded before Flop (didn't bet)
Seat 5: SilenceKLN (small blind) folded before Flop
Seat 6: kammikkazi (big blind) folded before Flop
Seat 7: Red Viper101 folded before Flop (didn't bet)
Seat 8: Franshtik folded before Flop (didn't bet)
Seat 9: Dorex2007 folded before Flop (didn't bet)



PokerStars Hand #231392048721:  Hold'em No Limit ($0.01/$0.02 USD) - 2021/11/14 2:40:55 PT [2021/11/14 5:40:55 ET]
Table 'Brachium II' 9-max Seat #5 is the button
Seat 1: Gozila1 ($3.27 in chips) 
Seat 2: zyaleniyeg ($2.33 in chips) 
Seat 3: Matt Mcgilta ($1.96 in chips) 
Seat 4: 11*evgeni*11 ($0.68 in chips) 
Seat 5: SilenceKLN ($2.13 in chips) 
Seat 6: kammikkazi ($2.16 in chips) 
Seat 7: Red Viper101 ($1.89 in chips) 
Seat 8: Franshtik ($0.82 in chips) 
Seat 9: Dorex2007 ($3.34 in chips) 
kammikkazi: posts small blind $0.01
Red Viper101: posts big blind $0.02
Matt Mcgilta: posts small & big blinds $0.03
*** HOLE CARDS ***
Dealt to Dorex2007 [Ah 3s]
Franshtik: folds 
Dorex2007: folds 
Gozila1: raises $0.06 to $0.08
zyaleniyeg: folds 
Matt Mcgilta: folds 
11*evgeni*11: folds 
SilenceKLN: calls $0.08
kammikkazi: calls $0.07
Red Viper101: folds 
*** FLOP *** [Jc 9c 3d]
kammikkazi: checks 
Gozila1: bets $0.20
SilenceKLN: folds 
kammikkazi: calls $0.20
*** TURN *** [Jc 9c 3d] [Jd]
kammikkazi: checks 
Gozila1: bets $2.99 and is all-in
kammikkazi: folds 
Uncalled bet ($2.99) returned to Gozila1
Gozila1 collected $0.67 from pot
Gozila1: doesn't show hand 
*** SUMMARY ***
Total pot $0.69 | Rake $0.02 
Board [Jc 9c 3d Jd]
Seat 1: Gozila1 collected ($0.67)
Seat 2: zyaleniyeg folded before Flop (didn't bet)
Seat 3: Matt Mcgilta folded before Flop (didn't bet)
Seat 4: 11*evgeni*11 folded before Flop (didn't bet)
Seat 5: SilenceKLN (button) folded on the Flop
Seat 6: kammikkazi (small blind) folded on the Turn
Seat 7: Red Viper101 (big blind) folded before Flop
Seat 8: Franshtik folded before Flop (didn't bet)
Seat 9: Dorex2007 folded before Flop (didn't bet)



PokerStars Hand #231392074781:  Hold'em No Limit ($0.01/$0.02 USD) - 2021/11/14 2:42:42 PT [2021/11/14 5:42:42 ET]
Table 'Brachium II' 9-max Seat #6 is the button
Seat 1: Gozila1 ($3.66 in chips) 
Seat 2: zyaleniyeg ($2.33 in chips) 
Seat 3: Matt Mcgilta ($1.93 in chips) 
Seat 4: 11*evgeni*11 ($0.68 in chips) 
Seat 5: SilenceKLN ($2.05 in chips) 
Seat 6: kammikkazi ($1.88 in chips) 
Seat 7: Red Viper101 ($1.87 in chips) 
Seat 8: Franshtik ($0.82 in chips) 
Seat 9: Dorex2007 ($3.34 in chips) 
Red Viper101: posts small blind $0.01
Franshtik: posts big blind $0.02
*** HOLE CARDS ***
Dealt to Dorex2007 [6h Tc]
Dorex2007: folds 
Gozila1: folds 
zyaleniyeg: folds 
Matt Mcgilta: calls $0.02
11*evgeni*11: raises $0.06 to $0.08
SilenceKLN: folds 
kammikkazi: folds 
Red Viper101: folds 
Franshtik: folds 
Matt Mcgilta: calls $0.06
*** FLOP *** [2h 5d Td]
Matt Mcgilta: checks 
11*evgeni*11: bets $0.11
Matt Mcgilta: raises $1.74 to $1.85 and is all-in
11*evgeni*11: folds 
Uncalled bet ($1.74) returned to Matt Mcgilta
Matt Mcgilta collected $0.40 from pot
Matt Mcgilta: doesn't show hand 
*** SUMMARY ***
Total pot $0.41 | Rake $0.01 
Board [2h 5d Td]
Seat 1: Gozila1 folded before Flop (didn't bet)
Seat 2: zyaleniyeg folded before Flop (didn't bet)
Seat 3: Matt Mcgilta collected ($0.40)
Seat 4: 11*evgeni*11 folded on the Flop
Seat 5: SilenceKLN folded before Flop (didn't bet)
Seat 6: kammikkazi (button) folded before Flop (didn't bet)
Seat 7: Red Viper101 (small blind) folded before Flop
Seat 8: Franshtik (big blind) folded before Flop
Seat 9: Dorex2007 folded before Flop (didn't bet)



PokerStars Hand #231392087469:  Hold'em No Limit ($0.01/$0.02 USD) - 2021/11/14 2:43:34 PT [2021/11/14 5:43:34 ET]
Table 'Brachium II' 9-max Seat #7 is the button
Seat 1: Gozila1 ($3.66 in chips) 
Seat 2: zyaleniyeg ($2.33 in chips) 
Seat 3: Matt Mcgilta ($2.14 in chips) 
Seat 4: 11*evgeni*11 ($0.49 in chips) 
Seat 6: kammikkazi ($1.88 in chips) 
Seat 7: Red Viper101 ($1.86 in chips) 
Seat 8: Franshtik ($0.80 in chips) 
Seat 9: Dorex2007 ($3.34 in chips) 
Franshtik: posts small blind $0.01
Dorex2007: posts big blind $0.02
*** HOLE CARDS ***
Dealt to Dorex2007 [4d Th]
Gozila1: folds 
zyaleniyeg: folds 
Matt Mcgilta: folds 
11*evgeni*11: raises $0.04 to $0.06
kammikkazi: folds 
Red Viper101: folds 
Franshtik: folds 
Dorex2007: folds 
Uncalled bet ($0.04) returned to 11*evgeni*11
11*evgeni*11 collected $0.05 from pot
11*evgeni*11: doesn't show hand 
*** SUMMARY ***
Total pot $0.05 | Rake $0 
Seat 1: Gozila1 folded before Flop (didn't bet)
Seat 2: zyaleniyeg folded before Flop (didn't bet)
Seat 3: Matt Mcgilta folded before Flop (didn't bet)
Seat 4: 11*evgeni*11 collected ($0.05)
Seat 6: kammikkazi folded before Flop (didn't bet)
Seat 7: Red Viper101 (button) folded before Flop (didn't bet)
Seat 8: Franshtik (small blind) folded before Flop
Seat 9: Dorex2007 (big blind) folded before Flop



PokerStars Hand #231392092606:  Hold'em No Limit ($0.01/$0.02 USD) - 2021/11/14 2:43:55 PT [2021/11/14 5:43:55 ET]
Table 'Brachium II' 9-max Seat #8 is the button
Seat 1: Gozila1 ($3.66 in chips) 
Seat 2: zyaleniyeg ($2.33 in chips) 
Seat 3: Matt Mcgilta ($2.14 in chips) 
Seat 4: 11*evgeni*11 ($0.52 in chips) 
Seat 6: kammikkazi ($1.88 in chips) 
Seat 7: Red Viper101 ($1.86 in chips) 
Seat 8: Franshtik ($0.79 in chips) 
Seat 9: Dorex2007 ($3.32 in chips) 
Dorex2007: posts small blind $0.01
Gozila1: posts big blind $0.02
*** HOLE CARDS ***
Dealt to Dorex2007 [Kc 4s]
zyaleniyeg: folds 
Matt Mcgilta: folds 
11*evgeni*11: folds 
kammikkazi: folds 
Red Viper101: folds 
Franshtik: folds 
Dorex2007: calls $0.01
Gozila1: checks 
*** FLOP *** [9d As 5s]
Dorex2007: checks 
Gozila1: bets $0.04
Dorex2007: folds 
Uncalled bet ($0.04) returned to Gozila1
Gozila1 collected $0.04 from pot
Gozila1: doesn't show hand 
*** SUMMARY ***
Total pot $0.04 | Rake $0 
Board [9d As 5s]
Seat 1: Gozila1 (big blind) collected ($0.04)
Seat 2: zyaleniyeg folded before Flop (didn't bet)
Seat 3: Matt Mcgilta folded before Flop (didn't bet)
Seat 4: 11*evgeni*11 folded before Flop (didn't bet)
Seat 6: kammikkazi folded before Flop (didn't bet)
Seat 7: Red Viper101 folded before Flop (didn't bet)
Seat 8: Franshtik (button) folded before Flop (didn't bet)
Seat 9: Dorex2007 (small blind) folded on the Flop



PokerStars Hand #231392102732:  Hold'em No Limit ($0.01/$0.02 USD) - 2021/11/14 2:44:37 PT [2021/11/14 5:44:37 ET]
Table 'Brachium II' 9-max Seat #9 is the button
Seat 1: Gozila1 ($3.68 in chips) 
Seat 2: zyaleniyeg ($2.33 in chips) 
Seat 3: Matt Mcgilta ($2.14 in chips) 
Seat 4: 11*evgeni*11 ($0.52 in chips) 
Seat 6: kammikkazi ($1.88 in chips) 
Seat 7: Red Viper101 ($1.86 in chips) 
Seat 8: Franshtik ($0.79 in chips) 
Seat 9: Dorex2007 ($3.30 in chips) 
Gozila1: posts small blind $0.01
zyaleniyeg: posts big blind $0.02
*** HOLE CARDS ***
Dealt to Dorex2007 [4d 3s]
Matt Mcgilta: folds 
11*evgeni*11: folds 
kammikkazi: folds 
Red Viper101: folds 
Franshtik: folds 
Dorex2007: folds 
Gozila1: folds 
Uncalled bet ($0.01) returned to zyaleniyeg
zyaleniyeg collected $0.02 from pot
zyaleniyeg: doesn't show hand 
*** SUMMARY ***
Total pot $0.02 | Rake $0 
Seat 1: Gozila1 (small blind) folded before Flop
Seat 2: zyaleniyeg (big blind) collected ($0.02)
Seat 3: Matt Mcgilta folded before Flop (didn't bet)
Seat 4: 11*evgeni*11 folded before Flop (didn't bet)
Seat 6: kammikkazi folded before Flop (didn't bet)
Seat 7: Red Viper101 folded before Flop (didn't bet)
Seat 8: Franshtik folded before Flop (didn't bet)
Seat 9: Dorex2007 (button) folded before Flop (didn't bet)



PokerStars Hand #231392107578:  Hold'em No Limit ($0.01/$0.02 USD) - 2021/11/14 2:44:57 PT [2021/11/14 5:44:57 ET]
Table 'Brachium II' 9-max Seat #1 is the button
Seat 1: Gozila1 ($3.67 in chips) 
Seat 2: zyaleniyeg ($2.34 in chips) 
Seat 3: Matt Mcgilta ($2.14 in chips) 
Seat 4: 11*evgeni*11 ($0.52 in chips) 
Seat 6: kammikkazi ($1.88 in chips) 
Seat 7: Red Viper101 ($1.86 in chips) 
Seat 8: Franshtik ($0.79 in chips) 
Seat 9: Dorex2007 ($3.30 in chips) 
zyaleniyeg: posts small blind $0.01
Matt Mcgilta: posts big blind $0.02
*** HOLE CARDS ***
Dealt to Dorex2007 [As 8s]
11*evgeni*11: folds 
kammikkazi: folds 
Red Viper101: folds 
Franshtik: folds 
Dorex2007: calls $0.02
Gozila1: folds 
zyaleniyeg: raises $0.06 to $0.08
Matt Mcgilta: folds 
Dorex2007: folds 
Uncalled bet ($0.06) returned to zyaleniyeg
zyaleniyeg collected $0.06 from pot
zyaleniyeg: doesn't show hand 
*** SUMMARY ***
Total pot $0.06 | Rake $0 
Seat 1: Gozila1 (button) folded before Flop (didn't bet)
Seat 2: zyaleniyeg (small blind) collected ($0.06)
Seat 3: Matt Mcgilta (big blind) folded before Flop
Seat 4: 11*evgeni*11 folded before Flop (didn't bet)
Seat 6: kammikkazi folded before Flop (didn't bet)
Seat 7: Red Viper101 folded before Flop (didn't bet)
Seat 8: Franshtik folded before Flop (didn't bet)
Seat 9: Dorex2007 folded before Flop



PokerStars Hand #231392125439:  Hold'em No Limit ($0.01/$0.02 USD) - 2021/11/14 2:45:37 PT [2021/11/14 5:45:37 ET]
Table 'Brachium II' 9-max Seat #2 is the button
Seat 1: Gozila1 ($3.67 in chips) 
Seat 2: zyaleniyeg ($2.38 in chips) 
Seat 3: Matt Mcgilta ($2.12 in chips) 
Seat 4: 11*evgeni*11 ($0.52 in chips) 
Seat 6: kammikkazi ($1.88 in chips) 
Seat 7: Red Viper101 ($1.86 in chips) 
Seat 8: Franshtik ($0.79 in chips) 
Seat 9: Dorex2007 ($3.28 in chips) 
Matt Mcgilta: posts small blind $0.01
11*evgeni*11: posts big blind $0.02
*** HOLE CARDS ***
Dealt to Dorex2007 [9c Kd]
kammikkazi: folds 
Red Viper101: folds 
Franshtik: folds 
Dorex2007: folds 
Gozila1: raises $0.04 to $0.06
zyaleniyeg: raises $0.12 to $0.18
Matt Mcgilta: folds 
11*evgeni*11: folds 
Gozila1: calls $0.12
*** FLOP *** [6h 3d 3s]
Gozila1: checks 
zyaleniyeg: bets $0.11
Gozila1: calls $0.11
*** TURN *** [6h 3d 3s] [5c]
Gozila1: checks 
zyaleniyeg: bets $0.39
Gozila1: folds 
Uncalled bet ($0.39) returned to zyaleniyeg
zyaleniyeg collected $0.59 from pot
zyaleniyeg: doesn't show hand 
*** SUMMARY ***
Total pot $0.61 | Rake $0.02 
Board [6h 3d 3s 5c]
Seat 1: Gozila1 folded on the Turn
Seat 2: zyaleniyeg (button) collected ($0.59)
Seat 3: Matt Mcgilta (small blind) folded before Flop
Seat 4: 11*evgeni*11 (big blind) folded before Flop
Seat 6: kammikkazi folded before Flop (didn't bet)
Seat 7: Red Viper101 folded before Flop (didn't bet)
Seat 8: Franshtik folded before Flop (didn't bet)
Seat 9: Dorex2007 folded before Flop (didn't bet)



PokerStars Hand #231392141051:  Hold'em No Limit ($0.01/$0.02 USD) - 2021/11/14 2:46:41 PT [2021/11/14 5:46:41 ET]
Table 'Brachium II' 9-max Seat #3 is the button
Seat 1: Gozila1 ($3.38 in chips) 
Seat 2: zyaleniyeg ($2.68 in chips) 
Seat 3: Matt Mcgilta ($2.11 in chips) 
Seat 4: 11*evgeni*11 ($0.50 in chips) 
Seat 6: kammikkazi ($1.88 in chips) 
Seat 7: Red Viper101 ($1.86 in chips) 
Seat 8: Franshtik ($0.79 in chips) 
Seat 9: Dorex2007 ($3.28 in chips) 
11*evgeni*11: posts small blind $0.01
kammikkazi: posts big blind $0.02
*** HOLE CARDS ***
Dealt to Dorex2007 [3s 9h]
Red Viper101: folds 
Franshtik: folds 
Dorex2007: folds 
Gozila1: folds 
zyaleniyeg: folds 
Matt Mcgilta: folds 
11*evgeni*11: raises $0.04 to $0.06
kammikkazi: folds 
Uncalled bet ($0.04) returned to 11*evgeni*11
11*evgeni*11 collected $0.04 from pot
11*evgeni*11: doesn't show hand 
*** SUMMARY ***
Total pot $0.04 | Rake $0 
Seat 1: Gozila1 folded before Flop (didn't bet)
Seat 2: zyaleniyeg folded before Flop (didn't bet)
Seat 3: Matt Mcgilta (button) folded before Flop (didn't bet)
Seat 4: 11*evgeni*11 (small blind) collected ($0.04)
Seat 6: kammikkazi (big blind) folded before Flop
Seat 7: Red Viper101 folded before Flop (didn't bet)
Seat 8: Franshtik folded before Flop (didn't bet)
Seat 9: Dorex2007 folded before Flop (didn't bet)



PokerStars Hand #231392145350:  Hold'em No Limit ($0.01/$0.02 USD) - 2021/11/14 2:46:59 PT [2021/11/14 5:46:59 ET]
Table 'Brachium II' 9-max Seat #4 is the button
Seat 1: Gozila1 ($3.38 in chips) 
Seat 2: zyaleniyeg ($2.68 in chips) 
Seat 3: Matt Mcgilta ($2.11 in chips) 
Seat 4: 11*evgeni*11 ($0.52 in chips) 
Seat 6: kammikkazi ($1.86 in chips) 
Seat 7: Red Viper101 ($1.86 in chips) 
Seat 8: Franshtik ($0.79 in chips) 
Seat 9: Dorex2007 ($3.28 in chips) 
kammikkazi: posts small blind $0.01
Red Viper101: posts big blind $0.02
*** HOLE CARDS ***
Dealt to Dorex2007 [5c 3d]
Franshtik: folds 
Dorex2007: folds 
Gozila1: folds 
zyaleniyeg: raises $0.04 to $0.06
Matt Mcgilta: folds 
11*evgeni*11: folds 
kammikkazi: calls $0.05
Red Viper101: calls $0.04
*** FLOP *** [Qd 2c 5h]
kammikkazi: checks 
Red Viper101: bets $0.05
zyaleniyeg: folds 
kammikkazi: calls $0.05
*** TURN *** [Qd 2c 5h] [4d]
kammikkazi: checks 
Red Viper101: checks 
*** RIVER *** [Qd 2c 5h 4d] [As]
kammikkazi: bets $0.14
Red Viper101: calls $0.14
*** SHOW DOWN ***
kammikkazi: shows [Ad Qc] (two pair, Aces and Queens)
Red Viper101: mucks hand 
kammikkazi collected $0.54 from pot
*** SUMMARY ***
Total pot $0.56 | Rake $0.02 
Board [Qd 2c 5h 4d As]
Seat 1: Gozila1 folded before Flop (didn't bet)
Seat 2: zyaleniyeg folded on the Flop
Seat 3: Matt Mcgilta folded before Flop (didn't bet)
Seat 4: 11*evgeni*11 (button) folded before Flop (didn't bet)
Seat 6: kammikkazi (small blind) showed [Ad Qc] and won ($0.54) with two pair, Aces and Queens
Seat 7: Red Viper101 (big blind) mucked [Ks Ah]
Seat 8: Franshtik folded before Flop (didn't bet)
Seat 9: Dorex2007 folded before Flop (didn't bet)



PokerStars Hand #231392157732:  Hold'em No Limit ($0.01/$0.02 USD) - 2021/11/14 2:47:50 PT [2021/11/14 5:47:50 ET]
Table 'Brachium II' 9-max Seat #6 is the button
Seat 1: Gozila1 ($3.38 in chips) 
Seat 2: zyaleniyeg ($2.62 in chips) 
Seat 3: Matt Mcgilta ($2.11 in chips) 
Seat 4: 11*evgeni*11 ($0.52 in chips) 
Seat 6: kammikkazi ($2.15 in chips) 
Seat 7: Red Viper101 ($1.61 in chips) 
Seat 8: Franshtik ($0.79 in chips) 
Seat 9: Dorex2007 ($3.28 in chips) 
Red Viper101: posts small blind $0.01
Franshtik: posts big blind $0.02
*** HOLE CARDS ***
Dealt to Dorex2007 [7d Ks]
Dorex2007: folds 
Gozila1: folds 
zyaleniyeg: folds 
Matt Mcgilta: folds 
11*evgeni*11: raises $0.04 to $0.06
kammikkazi: folds 
Red Viper101: folds 
Franshtik: calls $0.04
*** FLOP *** [8h 5d Kc]
Franshtik: checks 
11*evgeni*11: checks 
*** TURN *** [8h 5d Kc] [8s]
Franshtik: checks 
11*evgeni*11: bets $0.06
Franshtik: folds 
Uncalled bet ($0.06) returned to 11*evgeni*11
11*evgeni*11 collected $0.13 from pot
11*evgeni*11: doesn't show hand 
*** SUMMARY ***
Total pot $0.13 | Rake $0 
Board [8h 5d Kc 8s]
Seat 1: Gozila1 folded before Flop (didn't bet)
Seat 2: zyaleniyeg folded before Flop (didn't bet)
Seat 3: Matt Mcgilta folded before Flop (didn't bet)
Seat 4: 11*evgeni*11 collected ($0.13)
Seat 6: kammikkazi (button) folded before Flop (didn't bet)
Seat 7: Red Viper101 (small blind) folded before Flop
Seat 8: Franshtik (big blind) folded on the Turn
Seat 9: Dorex2007 folded before Flop (didn't bet)



PokerStars Hand #231392168904:  Hold'em No Limit ($0.01/$0.02 USD) - 2021/11/14 2:48:35 PT [2021/11/14 5:48:35 ET]
Table 'Brachium II' 9-max Seat #7 is the button
Seat 1: Gozila1 ($3.38 in chips) 
Seat 2: zyaleniyeg ($2.62 in chips) 
Seat 3: Matt Mcgilta ($2.11 in chips) 
Seat 4: 11*evgeni*11 ($0.59 in chips) 
Seat 6: kammikkazi ($2.15 in chips) 
Seat 7: Red Viper101 ($1.60 in chips) 
Seat 8: Franshtik ($0.73 in chips) 
Seat 9: Dorex2007 ($3.28 in chips) 
Franshtik: posts small blind $0.01
Dorex2007: posts big blind $0.02
*** HOLE CARDS ***
Dealt to Dorex2007 [4c Jh]
Gozila1: folds 
zyaleniyeg: folds 
Matt Mcgilta: folds 
11*evgeni*11: folds 
kammikkazi: folds 
Red Viper101: folds 
Franshtik: raises $0.04 to $0.06
Dorex2007: folds 
Uncalled bet ($0.04) returned to Franshtik
Franshtik collected $0.04 from pot
Franshtik: doesn't show hand 
*** SUMMARY ***
Total pot $0.04 | Rake $0 
Seat 1: Gozila1 folded before Flop (didn't bet)
Seat 2: zyaleniyeg folded before Flop (didn't bet)
Seat 3: Matt Mcgilta folded before Flop (didn't bet)
Seat 4: 11*evgeni*11 folded before Flop (didn't bet)
Seat 6: kammikkazi folded before Flop (didn't bet)
Seat 7: Red Viper101 (button) folded before Flop (didn't bet)
Seat 8: Franshtik (small blind) collected ($0.04)
Seat 9: Dorex2007 (big blind) folded before Flop



PokerStars Hand #231392174470:  Hold'em No Limit ($0.01/$0.02 USD) - 2021/11/14 2:48:58 PT [2021/11/14 5:48:58 ET]
Table 'Brachium II' 9-max Seat #8 is the button
Seat 1: Gozila1 ($3.38 in chips) 
Seat 2: zyaleniyeg ($2.62 in chips) 
Seat 3: Matt Mcgilta ($2.11 in chips) 
Seat 4: 11*evgeni*11 ($0.59 in chips) 
Seat 6: kammikkazi ($2.15 in chips) 
Seat 7: Red Viper101 ($1.60 in chips) 
Seat 8: Franshtik ($0.75 in chips) 
Seat 9: Dorex2007 ($3.26 in chips) 
Dorex2007: posts small blind $0.01
Gozila1: posts big blind $0.02
*** HOLE CARDS ***
Dealt to Dorex2007 [4c 2c]
zyaleniyeg: folds 
Matt Mcgilta: folds 
11*evgeni*11: folds 
kammikkazi: folds 
Red Viper101: folds 
Franshtik: folds 
Dorex2007: folds 
Uncalled bet ($0.01) returned to Gozila1
Gozila1 collected $0.02 from pot
Gozila1: doesn't show hand 
*** SUMMARY ***
Total pot $0.02 | Rake $0 
Seat 1: Gozila1 (big blind) collected ($0.02)
Seat 2: zyaleniyeg folded before Flop (didn't bet)
Seat 3: Matt Mcgilta folded before Flop (didn't bet)
Seat 4: 11*evgeni*11 folded before Flop (didn't bet)
Seat 6: kammikkazi folded before Flop (didn't bet)
Seat 7: Red Viper101 folded before Flop (didn't bet)
Seat 8: Franshtik (button) folded before Flop (didn't bet)
Seat 9: Dorex2007 (small blind) folded before Flop



PokerStars Hand #231392178849:  Hold'em No Limit ($0.01/$0.02 USD) - 2021/11/14 2:49:16 PT [2021/11/14 5:49:16 ET]
Table 'Brachium II' 9-max Seat #9 is the button
Seat 1: Gozila1 ($3.39 in chips) 
Seat 2: zyaleniyeg ($2.62 in chips) 
Seat 3: Matt Mcgilta ($2.11 in chips) 
Seat 4: 11*evgeni*11 ($0.59 in chips) 
Seat 6: kammikkazi ($2.15 in chips) 
Seat 7: Red Viper101 ($1.60 in chips) 
Seat 8: Franshtik ($0.75 in chips) 
Seat 9: Dorex2007 ($3.25 in chips) 
Gozila1: posts small blind $0.01
zyaleniyeg: posts big blind $0.02
*** HOLE CARDS ***
Dealt to Dorex2007 [3h 2s]
Matt Mcgilta: folds 
11*evgeni*11: folds 
kammikkazi: folds 
Red Viper101: folds 
Franshtik: raises $0.02 to $0.04
Dorex2007: folds 
Gozila1: calls $0.03
zyaleniyeg: calls $0.02
*** FLOP *** [3c 4s 2h]
Gozila1: checks 
zyaleniyeg: checks 
Franshtik: bets $0.03
Gozila1: calls $0.03
zyaleniyeg: calls $0.03
*** TURN *** [3c 4s 2h] [As]
Gozila1: checks 
zyaleniyeg: bets $0.10
Franshtik: calls $0.10
Gozila1: calls $0.10
*** RIVER *** [3c 4s 2h As] [Qc]
Gozila1: checks 
zyaleniyeg: checks 
Franshtik: checks 
*** SHOW DOWN ***
Gozila1: shows [Jh Ad] (a pair of Aces)
zyaleniyeg: mucks hand 
Franshtik: mucks hand 
Gozila1 collected $0.49 from pot
*** SUMMARY ***
Total pot $0.51 | Rake $0.02 
Board [3c 4s 2h As Qc]
Seat 1: Gozila1 (small blind) showed [Jh Ad] and won ($0.49) with a pair of Aces
Seat 2: zyaleniyeg (big blind) mucked [Ts Ah]
Seat 3: Matt Mcgilta folded before Flop (didn't bet)
Seat 4: 11*evgeni*11 folded before Flop (didn't bet)
Seat 6: kammikkazi folded before Flop (didn't bet)
Seat 7: Red Viper101 folded before Flop (didn't bet)
Seat 8: Franshtik mucked [Ac 7c]
Seat 9: Dorex2007 (button) folded before Flop (didn't bet)



PokerStars Hand #231392191112:  Hold'em No Limit ($0.01/$0.02 USD) - 2021/11/14 2:50:06 PT [2021/11/14 5:50:06 ET]
Table 'Brachium II' 9-max Seat #1 is the button
Seat 1: Gozila1 ($3.71 in chips) 
Seat 2: zyaleniyeg ($2.45 in chips) 
Seat 3: Matt Mcgilta ($2.11 in chips) 
Seat 4: 11*evgeni*11 ($0.59 in chips) 
Seat 6: kammikkazi ($2.15 in chips) 
Seat 7: Red Viper101 ($1.60 in chips) 
Seat 8: Franshtik ($0.58 in chips) 
Seat 9: Dorex2007 ($3.25 in chips) 
zyaleniyeg: posts small blind $0.01
Matt Mcgilta: posts big blind $0.02
*** HOLE CARDS ***
Dealt to Dorex2007 [5s 3h]
11*evgeni*11: raises $0.02 to $0.04
kammikkazi: calls $0.04
Red Viper101: raises $0.11 to $0.15
Franshtik: folds 
Dorex2007: folds 
Gozila1: folds 
zyaleniyeg: folds 
Matt Mcgilta: folds 
11*evgeni*11: calls $0.11
kammikkazi: folds 
*** FLOP *** [6h Ah 7d]
11*evgeni*11: checks 
Red Viper101: checks 
*** TURN *** [6h Ah 7d] [6c]
11*evgeni*11: bets $0.44 and is all-in
Red Viper101: calls $0.44
*** RIVER *** [6h Ah 7d 6c] [6s]
*** SHOW DOWN ***
11*evgeni*11: shows [7s 8s] (a full house, Sixes full of Sevens)
Red Viper101: shows [Jh Js] (a full house, Sixes full of Jacks)
Red Viper101 collected $1.21 from pot
*** SUMMARY ***
Total pot $1.25 | Rake $0.04 
Board [6h Ah 7d 6c 6s]
Seat 1: Gozila1 (button) folded before Flop (didn't bet)
Seat 2: zyaleniyeg (small blind) folded before Flop
Seat 3: Matt Mcgilta (big blind) folded before Flop
Seat 4: 11*evgeni*11 showed [7s 8s] and lost with a full house, Sixes full of Sevens
Seat 6: kammikkazi folded before Flop
Seat 7: Red Viper101 showed [Jh Js] and won ($1.21) with a full house, Sixes full of Jacks
Seat 8: Franshtik folded before Flop (didn't bet)
Seat 9: Dorex2007 folded before Flop (didn't bet)



PokerStars Hand #231392203340:  Hold'em No Limit ($0.01/$0.02 USD) - 2021/11/14 2:50:56 PT [2021/11/14 5:50:56 ET]
Table 'Brachium II' 9-max Seat #2 is the button
Seat 1: Gozila1 ($3.71 in chips) 
Seat 2: zyaleniyeg ($2.44 in chips) 
Seat 3: Matt Mcgilta ($2.09 in chips) 
Seat 6: kammikkazi ($2.11 in chips) 
Seat 7: Red Viper101 ($2.22 in chips) 
Seat 8: Franshtik ($0.58 in chips) 
Seat 9: Dorex2007 ($3.25 in chips) 
Matt Mcgilta: posts small blind $0.01
kammikkazi: posts big blind $0.02
*** HOLE CARDS ***
Dealt to Dorex2007 [5h Tc]
Red Viper101: folds 
11*evgeni*11 leaves the table
Franshtik: folds 
Dorex2007: folds 
Gozila1: raises $0.04 to $0.06
zyaleniyeg: folds 
Matt Mcgilta: folds 
B564GT joins the table at seat #4 
kammikkazi: folds 
Uncalled bet ($0.04) returned to Gozila1
Gozila1 collected $0.05 from pot
Gozila1: doesn't show hand 
*** SUMMARY ***
Total pot $0.05 | Rake $0 
Seat 1: Gozila1 collected ($0.05)
Seat 2: zyaleniyeg (button) folded before Flop (didn't bet)
Seat 3: Matt Mcgilta (small blind) folded before Flop
Seat 6: kammikkazi (big blind) folded before Flop
Seat 7: Red Viper101 folded before Flop (didn't bet)
Seat 8: Franshtik folded before Flop (didn't bet)
Seat 9: Dorex2007 folded before Flop (didn't bet)



PokerStars Hand #231392208609:  Hold'em No Limit ($0.01/$0.02 USD) - 2021/11/14 2:51:17 PT [2021/11/14 5:51:17 ET]
Table 'Brachium II' 9-max Seat #3 is the button
Seat 1: Gozila1 ($3.74 in chips) 
Seat 2: zyaleniyeg ($2.44 in chips) 
Seat 3: Matt Mcgilta ($2.08 in chips) 
Seat 6: kammikkazi ($2.09 in chips) 
Seat 8: Franshtik ($0.58 in chips) 
Seat 9: Dorex2007 ($3.25 in chips) 
kammikkazi: posts small blind $0.01
Red Viper101: is sitting out 
Franshtik: posts big blind $0.02
*** HOLE CARDS ***
Dealt to Dorex2007 [7c Ac]
Red Viper101 leaves the table
Dorex2007: calls $0.02
Gozila1: folds 
pokerMestr43 joins the table at seat #7 
zyaleniyeg: folds 
Matt Mcgilta: calls $0.02
kammikkazi: folds 
Franshtik: checks 
*** FLOP *** [5c Qc 9c]
Franshtik: checks 
Dorex2007: checks 
Matt Mcgilta: checks 
*** TURN *** [5c Qc 9c] [7d]
Franshtik: checks 
Dorex2007: bets $0.05
Matt Mcgilta: folds 
Franshtik: folds 
Uncalled bet ($0.05) returned to Dorex2007
Dorex2007 collected $0.07 from pot
Dorex2007: doesn't show hand 
*** SUMMARY ***
Total pot $0.07 | Rake $0 
Board [5c Qc 9c 7d]
Seat 1: Gozila1 folded before Flop (didn't bet)
Seat 2: zyaleniyeg folded before Flop (didn't bet)
Seat 3: Matt Mcgilta (button) folded on the Turn
Seat 6: kammikkazi (small blind) folded before Flop
Seat 8: Franshtik (big blind) folded on the Turn
Seat 9: Dorex2007 collected ($0.07)



PokerStars Hand #231392219226:  Hold'em No Limit ($0.01/$0.02 USD) - 2021/11/14 2:52:00 PT [2021/11/14 5:52:00 ET]
Table 'Brachium II' 9-max Seat #6 is the button
Seat 1: Gozila1 ($3.74 in chips) 
Seat 2: zyaleniyeg ($2.44 in chips) 
Seat 3: Matt Mcgilta ($2.06 in chips) 
Seat 6: kammikkazi ($2.08 in chips) 
Seat 8: Franshtik ($0.56 in chips) 
Seat 9: Dorex2007 ($3.30 in chips) 
Franshtik: posts small blind $0.01
Dorex2007: posts big blind $0.02
B564GT: sits out 
*** HOLE CARDS ***
Dealt to Dorex2007 [9d 2s]
Gozila1: raises $0.04 to $0.06
zyaleniyeg: folds 
Matt Mcgilta: folds 
kammikkazi: folds 
Franshtik: folds 
Dorex2007: folds 
Uncalled bet ($0.04) returned to Gozila1
Gozila1 collected $0.05 from pot
Gozila1: doesn't show hand 
*** SUMMARY ***
Total pot $0.05 | Rake $0 
Seat 1: Gozila1 collected ($0.05)
Seat 2: zyaleniyeg folded before Flop (didn't bet)
Seat 3: Matt Mcgilta folded before Flop (didn't bet)
Seat 6: kammikkazi (button) folded before Flop (didn't bet)
Seat 8: Franshtik (small blind) folded before Flop
Seat 9: Dorex2007 (big blind) folded before Flop



PokerStars Hand #231392222230:  Hold'em No Limit ($0.01/$0.02 USD) - 2021/11/14 2:52:12 PT [2021/11/14 5:52:12 ET]
Table 'Brachium II' 9-max Seat #8 is the button
Seat 1: Gozila1 ($3.77 in chips) 
Seat 2: zyaleniyeg ($2.44 in chips) 
Seat 3: Matt Mcgilta ($2.06 in chips) 
Seat 6: kammikkazi ($2.08 in chips) 
Seat 7: pokerMestr43 ($1.60 in chips) 
Seat 8: Franshtik ($0.55 in chips) 
Seat 9: Dorex2007 ($3.28 in chips) 
Dorex2007: posts small blind $0.01
Gozila1: posts big blind $0.02
B564GT: sits out 
pokerMestr43: posts big blind $0.02
*** HOLE CARDS ***
Dealt to Dorex2007 [5c 2c]
zyaleniyeg: folds 
Matt Mcgilta: calls $0.02
kammikkazi: folds 
pokerMestr43: checks 
Franshtik: calls $0.02
Dorex2007: folds 
Gozila1: checks 
*** FLOP *** [3c 6d Js]
Gozila1: checks 
Matt Mcgilta: bets $0.06
pokerMestr43: folds 
Franshtik: folds 
Gozila1: folds 
Uncalled bet ($0.06) returned to Matt Mcgilta
Matt Mcgilta collected $0.09 from pot
Matt Mcgilta: doesn't show hand 
*** SUMMARY ***
Total pot $0.09 | Rake $0 
Board [3c 6d Js]
Seat 1: Gozila1 (big blind) folded on the Flop
Seat 2: zyaleniyeg folded before Flop (didn't bet)
Seat 3: Matt Mcgilta collected ($0.09)
Seat 6: kammikkazi folded before Flop (didn't bet)
Seat 7: pokerMestr43 folded on the Flop (didn't bet)
Seat 8: Franshtik (button) folded on the Flop
Seat 9: Dorex2007 (small blind) folded before Flop



PokerStars Hand #231392232667:  Hold'em No Limit ($0.01/$0.02 USD) - 2021/11/14 2:52:55 PT [2021/11/14 5:52:55 ET]
Table 'Brachium II' 9-max Seat #9 is the button
Seat 1: Gozila1 ($3.75 in chips) 
Seat 2: zyaleniyeg ($2.44 in chips) 
Seat 3: Matt Mcgilta ($2.13 in chips) 
Seat 6: kammikkazi ($2.08 in chips) 
Seat 7: pokerMestr43 ($1.58 in chips) 
Seat 8: Franshtik ($0.53 in chips) 
Seat 9: Dorex2007 ($3.27 in chips) 
Gozila1: posts small blind $0.01
zyaleniyeg: posts big blind $0.02
B564GT: sits out 
SilenceKLN: sits out 
*** HOLE CARDS ***
Dealt to Dorex2007 [3d 7d]
Matt Mcgilta: folds 
kammikkazi: folds 
pokerMestr43: calls $0.02
Franshtik: folds 
Franshtik leaves the table
Dorex2007: folds 
Gozila1: raises $0.06 to $0.08
zyaleniyeg: folds 
pokerMestr43: calls $0.06
*** FLOP *** [5h 6c 5s]
Gozila1: checks 
pokerMestr43: checks 
*** TURN *** [5h 6c 5s] [4s]
Gozila1: bets $0.17
pokerMestr43: folds 
Uncalled bet ($0.17) returned to Gozila1
Gozila1 collected $0.17 from pot
Gozila1: doesn't show hand 
*** SUMMARY ***
Total pot $0.18 | Rake $0.01 
Board [5h 6c 5s 4s]
Seat 1: Gozila1 (small blind) collected ($0.17)
Seat 2: zyaleniyeg (big blind) folded before Flop
Seat 3: Matt Mcgilta folded before Flop (didn't bet)
Seat 6: kammikkazi folded before Flop (didn't bet)
Seat 7: pokerMestr43 folded on the Turn
Seat 8: Franshtik folded before Flop (didn't bet)
Seat 9: Dorex2007 (button) folded before Flop (didn't bet)



PokerStars Hand #231392242699:  Hold'em No Limit ($0.01/$0.02 USD) - 2021/11/14 2:53:36 PT [2021/11/14 5:53:36 ET]
Table 'Brachium II' 9-max Seat #1 is the button
Seat 1: Gozila1 ($3.84 in chips) 
Seat 2: zyaleniyeg ($2.42 in chips) 
Seat 3: Matt Mcgilta ($2.13 in chips) 
Seat 6: kammikkazi ($2.08 in chips) 
Seat 7: pokerMestr43 ($1.50 in chips) 
Seat 9: Dorex2007 ($3.27 in chips) 
zyaleniyeg: posts small blind $0.01
Matt Mcgilta: posts big blind $0.02
B564GT: sits out 
SilenceKLN: sits out 
*** HOLE CARDS ***
Dealt to Dorex2007 [5s 7d]
kammikkazi: raises $0.04 to $0.06
pokerMestr43: folds 
Csrimama joins the table at seat #8 
Dorex2007: folds 
Gozila1: folds 
zyaleniyeg: raises $0.12 to $0.18
Matt Mcgilta: folds 
kammikkazi: folds 
Uncalled bet ($0.12) returned to zyaleniyeg
zyaleniyeg collected $0.14 from pot
zyaleniyeg: doesn't show hand 
*** SUMMARY ***
Total pot $0.14 | Rake $0 
Seat 1: Gozila1 (button) folded before Flop (didn't bet)
Seat 2: zyaleniyeg (small blind) collected ($0.14)
Seat 3: Matt Mcgilta (big blind) folded before Flop
Seat 6: kammikkazi folded before Flop
Seat 7: pokerMestr43 folded before Flop (didn't bet)
Seat 9: Dorex2007 folded before Flop (didn't bet)



PokerStars Hand #231392248022:  Hold'em No Limit ($0.01/$0.02 USD) - 2021/11/14 2:53:57 PT [2021/11/14 5:53:57 ET]
Table 'Brachium II' 9-max Seat #2 is the button
Seat 1: Gozila1 ($3.84 in chips) 
Seat 2: zyaleniyeg ($2.50 in chips) 
Seat 3: Matt Mcgilta ($2.11 in chips) 
Seat 4: B564GT ($1.60 in chips) 
Seat 6: kammikkazi ($2.02 in chips) 
Seat 7: pokerMestr43 ($1.50 in chips) 
Seat 9: Dorex2007 ($3.27 in chips) 
Matt Mcgilta: posts small blind $0.01
B564GT: posts big blind $0.02
SilenceKLN: sits out 
Csrimama: sits out 
*** HOLE CARDS ***
Dealt to Dorex2007 [Kh Kc]
kammikkazi: folds 
pokerMestr43: calls $0.02
Dorex2007: raises $0.04 to $0.06
Gozila1: folds 
zyaleniyeg: folds 
Matt Mcgilta: folds 
B564GT: folds 
pokerMestr43: calls $0.04
*** FLOP *** [2h 4d 8s]
pokerMestr43: checks 
Dorex2007: bets $0.09
pokerMestr43 is disconnected 
pokerMestr43 has timed out while disconnected
pokerMestr43: folds 
Uncalled bet ($0.09) returned to Dorex2007
Dorex2007 collected $0.14 from pot
Dorex2007: doesn't show hand 
*** SUMMARY ***
Total pot $0.15 | Rake $0.01 
Board [2h 4d 8s]
Seat 1: Gozila1 folded before Flop (didn't bet)
Seat 2: zyaleniyeg (button) folded before Flop (didn't bet)
Seat 3: Matt Mcgilta (small blind) folded before Flop
Seat 4: B564GT (big blind) folded before Flop
Seat 6: kammikkazi folded before Flop (didn't bet)
Seat 7: pokerMestr43 folded on the Flop
Seat 9: Dorex2007 collected ($0.14)



PokerStars Hand #231392264586:  Hold'em No Limit ($0.01/$0.02 USD) - 2021/11/14 2:55:05 PT [2021/11/14 5:55:05 ET]
Table 'Brachium II' 9-max Seat #3 is the button
Seat 1: Gozila1 ($3.84 in chips) 
Seat 2: zyaleniyeg ($2.50 in chips) 
Seat 3: Matt Mcgilta ($2.10 in chips) 
Seat 4: B564GT ($1.58 in chips) 
Seat 5: SilenceKLN ($2.05 in chips) 
Seat 6: kammikkazi ($2.02 in chips) 
Seat 9: Dorex2007 ($3.35 in chips) 
B564GT: posts small blind $0.01
SilenceKLN: posts big blind $0.02
Csrimama: sits out 
*** HOLE CARDS ***
Dealt to Dorex2007 [Jd 5h]
kammikkazi: folds 
Dorex2007: folds 
Gozila1: folds 
zyaleniyeg: folds 
Matt Mcgilta: folds 
B564GT: raises $0.02 to $0.04
SilenceKLN: folds 
Uncalled bet ($0.02) returned to B564GT
B564GT collected $0.04 from pot
B564GT: doesn't show hand 
*** SUMMARY ***
Total pot $0.04 | Rake $0 
Seat 1: Gozila1 folded before Flop (didn't bet)
Seat 2: zyaleniyeg folded before Flop (didn't bet)
Seat 3: Matt Mcgilta (button) folded before Flop (didn't bet)
Seat 4: B564GT (small blind) collected ($0.04)
Seat 5: SilenceKLN (big blind) folded before Flop
Seat 6: kammikkazi folded before Flop (didn't bet)
Seat 9: Dorex2007 folded before Flop (didn't bet)



PokerStars Hand #231392268961:  Hold'em No Limit ($0.01/$0.02 USD) - 2021/11/14 2:55:25 PT [2021/11/14 5:55:25 ET]
Table 'Brachium II' 9-max Seat #4 is the button
Seat 1: Gozila1 ($3.84 in chips) 
Seat 2: zyaleniyeg ($2.50 in chips) 
Seat 3: Matt Mcgilta ($2.10 in chips) 
Seat 4: B564GT ($1.60 in chips) 
Seat 5: SilenceKLN ($2.03 in chips) 
Seat 6: kammikkazi ($2.02 in chips) 
Seat 9: Dorex2007 ($3.35 in chips) 
SilenceKLN: posts small blind $0.01
kammikkazi: posts big blind $0.02
Csrimama: sits out 
*** HOLE CARDS ***
Dealt to Dorex2007 [8s 3h]
Dorex2007: folds 
Gozila1: raises $0.02 to $0.04
zyaleniyeg: folds 
Matt Mcgilta: folds 
B564GT: folds 
SilenceKLN: folds 
kammikkazi: folds 
Uncalled bet ($0.02) returned to Gozila1
Gozila1 collected $0.05 from pot
Gozila1: doesn't show hand 
*** SUMMARY ***
Total pot $0.05 | Rake $0 
Seat 1: Gozila1 collected ($0.05)
Seat 2: zyaleniyeg folded before Flop (didn't bet)
Seat 3: Matt Mcgilta folded before Flop (didn't bet)
Seat 4: B564GT (button) folded before Flop (didn't bet)
Seat 5: SilenceKLN (small blind) folded before Flop
Seat 6: kammikkazi (big blind) folded before Flop
Seat 9: Dorex2007 folded before Flop (didn't bet)



PokerStars Hand #231392274480:  Hold'em No Limit ($0.01/$0.02 USD) - 2021/11/14 2:55:51 PT [2021/11/14 5:55:51 ET]
Table 'Brachium II' 9-max Seat #5 is the button
Seat 1: Gozila1 ($3.87 in chips) 
Seat 2: zyaleniyeg ($2.50 in chips) 
Seat 3: Matt Mcgilta ($2.10 in chips) 
Seat 4: B564GT ($1.60 in chips) 
Seat 5: SilenceKLN ($2.02 in chips) 
Seat 6: kammikkazi ($2 in chips) 
Seat 8: Csrimama ($1.60 in chips) 
Seat 9: Dorex2007 ($3.35 in chips) 
kammikkazi: posts small blind $0.01
Csrimama: posts big blind $0.02
*** HOLE CARDS ***
Dealt to Dorex2007 [As 2d]
Dorex2007: folds 
Gozila1: raises $0.04 to $0.06
zyaleniyeg: folds 
Matt Mcgilta: folds 
B564GT: folds 
SilenceKLN: raises $0.12 to $0.18
kammikkazi: folds 
Csrimama: folds 
Gozila1: calls $0.12
*** FLOP *** [3h 2h 5c]
Gozila1: checks 
SilenceKLN: bets $0.19
Gozila1: folds 
Uncalled bet ($0.19) returned to SilenceKLN
SilenceKLN collected $0.38 from pot
*** SUMMARY ***
Total pot $0.39 | Rake $0.01 
Board [3h 2h 5c]
Seat 1: Gozila1 folded on the Flop
Seat 2: zyaleniyeg folded before Flop (didn't bet)
Seat 3: Matt Mcgilta folded before Flop (didn't bet)
Seat 4: B564GT folded before Flop (didn't bet)
Seat 5: SilenceKLN (button) collected ($0.38)
Seat 6: kammikkazi (small blind) folded before Flop
Seat 8: Csrimama (big blind) folded before Flop
Seat 9: Dorex2007 folded before Flop (didn't bet)



PokerStars Hand #231392281925:  Hold'em No Limit ($0.01/$0.02 USD) - 2021/11/14 2:56:27 PT [2021/11/14 5:56:27 ET]
Table 'Brachium II' 9-max Seat #6 is the button
Seat 1: Gozila1 ($3.69 in chips) 
Seat 2: zyaleniyeg ($2.50 in chips) 
Seat 3: Matt Mcgilta ($2.10 in chips) 
Seat 4: B564GT ($1.60 in chips) 
Seat 5: SilenceKLN ($2.22 in chips) 
Seat 6: kammikkazi ($1.99 in chips) 
Seat 8: Csrimama ($1.58 in chips) 
Seat 9: Dorex2007 ($3.35 in chips) 
Csrimama: posts small blind $0.01
Dorex2007: posts big blind $0.02
*** HOLE CARDS ***
Dealt to Dorex2007 [9h Td]
Gozila1: folds 
zyaleniyeg: folds 
Matt Mcgilta: folds 
B564GT: folds 
SilenceKLN: folds 
kammikkazi: folds 
Csrimama: calls $0.01
Dorex2007: checks 
*** FLOP *** [Tc Qd Qs]
Csrimama: checks 
Dorex2007: bets $0.04
Csrimama: calls $0.04
*** TURN *** [Tc Qd Qs] [Ac]
Csrimama: checks 
Dorex2007: checks 
*** RIVER *** [Tc Qd Qs Ac] [As]
Csrimama: bets $0.12
Dorex2007: folds 
Uncalled bet ($0.12) returned to Csrimama
Csrimama collected $0.12 from pot
Csrimama: doesn't show hand 
*** SUMMARY ***
Total pot $0.12 | Rake $0 
Board [Tc Qd Qs Ac As]
Seat 1: Gozila1 folded before Flop (didn't bet)
Seat 2: zyaleniyeg folded before Flop (didn't bet)
Seat 3: Matt Mcgilta folded before Flop (didn't bet)
Seat 4: B564GT folded before Flop (didn't bet)
Seat 5: SilenceKLN folded before Flop (didn't bet)
Seat 6: kammikkazi (button) folded before Flop (didn't bet)
Seat 8: Csrimama (small blind) collected ($0.12)
Seat 9: Dorex2007 (big blind) folded on the River



PokerStars Hand #231392292409:  Hold'em No Limit ($0.01/$0.02 USD) - 2021/11/14 2:57:17 PT [2021/11/14 5:57:17 ET]
Table 'Brachium II' 9-max Seat #8 is the button
Seat 1: Gozila1 ($3.69 in chips) 
Seat 2: zyaleniyeg ($2.50 in chips) 
Seat 3: Matt Mcgilta ($2.10 in chips) 
Seat 4: B564GT ($1.60 in chips) 
Seat 5: SilenceKLN ($2.22 in chips) 
Seat 6: kammikkazi ($1.99 in chips) 
Seat 8: Csrimama ($1.64 in chips) 
Seat 9: Dorex2007 ($3.29 in chips) 
Dorex2007: posts small blind $0.01
Gozila1: posts big blind $0.02
*** HOLE CARDS ***
Dealt to Dorex2007 [2h 3d]
zyaleniyeg: folds 
Matt Mcgilta: folds 
B564GT: folds 
SilenceKLN: folds 
kammikkazi: folds 
Csrimama: calls $0.02
Dorex2007: calls $0.01
Gozila1: checks 
*** FLOP *** [5h 3h Js]
Dorex2007: checks 
Gozila1: bets $0.06
Csrimama: folds 
Dorex2007: calls $0.06
*** TURN *** [5h 3h Js] [5d]
Dorex2007: checks 
Gozila1: checks 
*** RIVER *** [5h 3h Js 5d] [Jd]
Dorex2007: bets $0.17
Gozila1: calls $0.17
*** SHOW DOWN ***
Dorex2007: shows [2h 3d] (two pair, Jacks and Fives)
Gozila1: shows [Th 5c] (a full house, Fives full of Jacks)
Gozila1 collected $0.50 from pot
*** SUMMARY ***
Total pot $0.52 | Rake $0.02 
Board [5h 3h Js 5d Jd]
Seat 1: Gozila1 (big blind) showed [Th 5c] and won ($0.50) with a full house, Fives full of Jacks
Seat 2: zyaleniyeg folded before Flop (didn't bet)
Seat 3: Matt Mcgilta folded before Flop (didn't bet)
Seat 4: B564GT folded before Flop (didn't bet)
Seat 5: SilenceKLN folded before Flop (didn't bet)
Seat 6: kammikkazi folded before Flop (didn't bet)
Seat 8: Csrimama (button) folded on the Flop
Seat 9: Dorex2007 (small blind) showed [2h 3d] and lost with two pair, Jacks and Fives



PokerStars Hand #231392302760:  Hold'em No Limit ($0.01/$0.02 USD) - 2021/11/14 2:58:06 PT [2021/11/14 5:58:06 ET]
Table 'Brachium II' 9-max Seat #9 is the button
Seat 1: Gozila1 ($3.94 in chips) 
Seat 2: zyaleniyeg ($2.50 in chips) 
Seat 3: Matt Mcgilta ($2.10 in chips) 
Seat 4: B564GT ($1.60 in chips) 
Seat 5: SilenceKLN ($2.22 in chips) 
Seat 6: kammikkazi ($1.99 in chips) 
Seat 8: Csrimama ($1.62 in chips) 
Seat 9: Dorex2007 ($3.04 in chips) 
Gozila1: posts small blind $0.01
zyaleniyeg: posts big blind $0.02
*** HOLE CARDS ***
Dealt to Dorex2007 [9d Td]
Matt Mcgilta: folds 
B564GT: folds 
SilenceKLN: folds 
kammikkazi: raises $0.04 to $0.06
Csrimama: calls $0.06
Dorex2007: calls $0.06
Gozila1: folds 
zyaleniyeg: folds 
*** FLOP *** [Ks As 7d]
kammikkazi: bets $0.10
Csrimama: folds 
Dorex2007: folds 
Uncalled bet ($0.10) returned to kammikkazi
kammikkazi collected $0.20 from pot
kammikkazi: doesn't show hand 
*** SUMMARY ***
Total pot $0.21 | Rake $0.01 
Board [Ks As 7d]
Seat 1: Gozila1 (small blind) folded before Flop
Seat 2: zyaleniyeg (big blind) folded before Flop
Seat 3: Matt Mcgilta folded before Flop (didn't bet)
Seat 4: B564GT folded before Flop (didn't bet)
Seat 5: SilenceKLN folded before Flop (didn't bet)
Seat 6: kammikkazi collected ($0.20)
Seat 8: Csrimama folded on the Flop
Seat 9: Dorex2007 (button) folded on the Flop



PokerStars Hand #231392313171:  Hold'em No Limit ($0.01/$0.02 USD) - 2021/11/14 2:58:54 PT [2021/11/14 5:58:54 ET]
Table 'Brachium II' 9-max Seat #1 is the button
Seat 1: Gozila1 ($3.93 in chips) 
Seat 2: zyaleniyeg ($2.48 in chips) 
Seat 3: Matt Mcgilta ($2.10 in chips) 
Seat 4: B564GT ($1.60 in chips) 
Seat 5: SilenceKLN ($2.22 in chips) 
Seat 6: kammikkazi ($2.13 in chips) 
Seat 8: Csrimama ($1.56 in chips) 
Seat 9: Dorex2007 ($2.98 in chips) 
zyaleniyeg: posts small blind $0.01
Matt Mcgilta: posts big blind $0.02
*** HOLE CARDS ***
Dealt to Dorex2007 [5s 8d]
B564GT: folds 
SilenceKLN: folds 
kammikkazi: folds 
Csrimama: folds 
Dorex2007: folds 
Gozila1: raises $0.04 to $0.06
zyaleniyeg: folds 
Matt Mcgilta: folds 
Uncalled bet ($0.04) returned to Gozila1
Gozila1 collected $0.05 from pot
Gozila1: doesn't show hand 
*** SUMMARY ***
Total pot $0.05 | Rake $0 
Seat 1: Gozila1 (button) collected ($0.05)
Seat 2: zyaleniyeg (small blind) folded before Flop
Seat 3: Matt Mcgilta (big blind) folded before Flop
Seat 4: B564GT folded before Flop (didn't bet)
Seat 5: SilenceKLN folded before Flop (didn't bet)
Seat 6: kammikkazi folded before Flop (didn't bet)
Seat 8: Csrimama folded before Flop (didn't bet)
Seat 9: Dorex2007 folded before Flop (didn't bet)



PokerStars Hand #231392316944:  Hold'em No Limit ($0.01/$0.02 USD) - 2021/11/14 2:59:12 PT [2021/11/14 5:59:12 ET]
Table 'Brachium II' 9-max Seat #2 is the button
Seat 1: Gozila1 ($3.96 in chips) 
Seat 2: zyaleniyeg ($2.47 in chips) 
Seat 3: Matt Mcgilta ($2.08 in chips) 
Seat 4: B564GT ($1.60 in chips) 
Seat 5: SilenceKLN ($2.22 in chips) 
Seat 6: kammikkazi ($2.13 in chips) 
Seat 8: Csrimama ($1.56 in chips) 
Seat 9: Dorex2007 ($2.98 in chips) 
Matt Mcgilta: posts small blind $0.01
B564GT: posts big blind $0.02
*** HOLE CARDS ***
Dealt to Dorex2007 [8c 9h]
SilenceKLN: folds 
kammikkazi: folds 
Csrimama: calls $0.02
Dorex2007: folds 
Gozila1: folds 
zyaleniyeg: folds 
Matt Mcgilta: calls $0.01
B564GT: raises $0.06 to $0.08
Csrimama: calls $0.06
Matt Mcgilta: calls $0.06
*** FLOP *** [5h Kd 3s]
Matt Mcgilta: checks 
B564GT: bets $0.20
Csrimama: folds 
Matt Mcgilta: folds 
Uncalled bet ($0.20) returned to B564GT
B564GT collected $0.23 from pot
B564GT: doesn't show hand 
*** SUMMARY ***
Total pot $0.24 | Rake $0.01 
Board [5h Kd 3s]
Seat 1: Gozila1 folded before Flop (didn't bet)
Seat 2: zyaleniyeg (button) folded before Flop (didn't bet)
Seat 3: Matt Mcgilta (small blind) folded on the Flop
Seat 4: B564GT (big blind) collected ($0.23)
Seat 5: SilenceKLN folded before Flop (didn't bet)
Seat 6: kammikkazi folded before Flop (didn't bet)
Seat 8: Csrimama folded on the Flop
Seat 9: Dorex2007 folded before Flop (didn't bet)



PokerStars Hand #231392327855:  Hold'em No Limit ($0.01/$0.02 USD) - 2021/11/14 3:00:03 PT [2021/11/14 6:00:03 ET]
Table 'Brachium II' 9-max Seat #3 is the button
Seat 1: Gozila1 ($3.96 in chips) 
Seat 2: zyaleniyeg ($2.47 in chips) 
Seat 3: Matt Mcgilta ($2 in chips) 
Seat 4: B564GT ($1.75 in chips) 
Seat 5: SilenceKLN ($2.22 in chips) 
Seat 6: kammikkazi ($2.13 in chips) 
Seat 8: Csrimama ($1.48 in chips) 
Seat 9: Dorex2007 ($2.98 in chips) 
B564GT: posts small blind $0.01
SilenceKLN: posts big blind $0.02
*** HOLE CARDS ***
Dealt to Dorex2007 [7s Tc]
kammikkazi: folds 
Csrimama: calls $0.02
Dorex2007: folds 
Gozila1: folds 
zyaleniyeg: raises $0.06 to $0.08
Matt Mcgilta: folds 
B564GT: folds 
SilenceKLN: folds 
Csrimama: calls $0.06
*** FLOP *** [3c Ad 5h]
Csrimama: checks 
zyaleniyeg: bets $0.09
Csrimama: folds 
Uncalled bet ($0.09) returned to zyaleniyeg
zyaleniyeg collected $0.18 from pot
zyaleniyeg: doesn't show hand 
*** SUMMARY ***
Total pot $0.19 | Rake $0.01 
Board [3c Ad 5h]
Seat 1: Gozila1 folded before Flop (didn't bet)
Seat 2: zyaleniyeg collected ($0.18)
Seat 3: Matt Mcgilta (button) folded before Flop (didn't bet)
Seat 4: B564GT (small blind) folded before Flop
Seat 5: SilenceKLN (big blind) folded before Flop
Seat 6: kammikkazi folded before Flop (didn't bet)
Seat 8: Csrimama folded on the Flop
Seat 9: Dorex2007 folded before Flop (didn't bet)



PokerStars Hand #231392336159:  Hold'em No Limit ($0.01/$0.02 USD) - 2021/11/14 3:00:41 PT [2021/11/14 6:00:41 ET]
Table 'Brachium II' 9-max Seat #4 is the button
Seat 1: Gozila1 ($3.96 in chips) 
Seat 2: zyaleniyeg ($2.57 in chips) 
Seat 3: Matt Mcgilta ($2 in chips) 
Seat 4: B564GT ($1.74 in chips) 
Seat 5: SilenceKLN ($2.20 in chips) 
Seat 6: kammikkazi ($2.13 in chips) 
Seat 8: Csrimama ($1.40 in chips) 
Seat 9: Dorex2007 ($2.98 in chips) 
SilenceKLN: posts small blind $0.01
kammikkazi: posts big blind $0.02
*** HOLE CARDS ***
Dealt to Dorex2007 [Qd Qs]
Csrimama: raises $0.02 to $0.04
Dorex2007: raises $0.04 to $0.08
Gozila1: folds 
zyaleniyeg: folds 
Matt Mcgilta: folds 
B564GT: folds 
SilenceKLN: folds 
kammikkazi: folds 
Csrimama: calls $0.04
*** FLOP *** [3c 6s Tc]
Csrimama: checks 
Dorex2007: bets $0.18
Csrimama: folds 
Uncalled bet ($0.18) returned to Dorex2007
Dorex2007 collected $0.18 from pot
Dorex2007: doesn't show hand 
*** SUMMARY ***
Total pot $0.19 | Rake $0.01 
Board [3c 6s Tc]
Seat 1: Gozila1 folded before Flop (didn't bet)
Seat 2: zyaleniyeg folded before Flop (didn't bet)
Seat 3: Matt Mcgilta folded before Flop (didn't bet)
Seat 4: B564GT (button) folded before Flop (didn't bet)
Seat 5: SilenceKLN (small blind) folded before Flop
Seat 6: kammikkazi (big blind) folded before Flop
Seat 8: Csrimama folded on the Flop
Seat 9: Dorex2007 collected ($0.18)



PokerStars Hand #231392343576:  Hold'em No Limit ($0.01/$0.02 USD) - 2021/11/14 3:01:13 PT [2021/11/14 6:01:13 ET]
Table 'Brachium II' 9-max Seat #5 is the button
Seat 1: Gozila1 ($3.96 in chips) 
Seat 2: zyaleniyeg ($2.57 in chips) 
Seat 3: Matt Mcgilta ($2 in chips) 
Seat 4: B564GT ($1.74 in chips) 
Seat 5: SilenceKLN ($2.19 in chips) 
Seat 6: kammikkazi ($2.11 in chips) 
Seat 8: Csrimama ($1.32 in chips) 
Seat 9: Dorex2007 ($3.08 in chips) 
kammikkazi: posts small blind $0.01
Csrimama: posts big blind $0.02
*** HOLE CARDS ***
Dealt to Dorex2007 [8s Ac]
Dorex2007: folds 
Gozila1: folds 
zyaleniyeg: folds 
Matt Mcgilta: folds 
B564GT: folds 
SilenceKLN: folds 
kammikkazi: raises $0.04 to $0.06
Csrimama: calls $0.04
*** FLOP *** [8h Js Ad]
kammikkazi: bets $0.06
Csrimama: raises $0.06 to $0.12
kammikkazi: calls $0.06
*** TURN *** [8h Js Ad] [Th]
kammikkazi: checks 
Csrimama: checks 
*** RIVER *** [8h Js Ad Th] [6s]
kammikkazi: checks 
Csrimama: checks 
*** SHOW DOWN ***
kammikkazi: shows [Tc Kh] (a pair of Tens)
Csrimama: shows [As 5d] (a pair of Aces)
Csrimama collected $0.35 from pot
*** SUMMARY ***
Total pot $0.36 | Rake $0.01 
Board [8h Js Ad Th 6s]
Seat 1: Gozila1 folded before Flop (didn't bet)
Seat 2: zyaleniyeg folded before Flop (didn't bet)
Seat 3: Matt Mcgilta folded before Flop (didn't bet)
Seat 4: B564GT folded before Flop (didn't bet)
Seat 5: SilenceKLN (button) folded before Flop (didn't bet)
Seat 6: kammikkazi (small blind) showed [Tc Kh] and lost with a pair of Tens
Seat 8: Csrimama (big blind) showed [As 5d] and won ($0.35) with a pair of Aces
Seat 9: Dorex2007 folded before Flop (didn't bet)



PokerStars Hand #231392357806:  Hold'em No Limit ($0.01/$0.02 USD) - 2021/11/14 3:02:12 PT [2021/11/14 6:02:12 ET]
Table 'Brachium II' 9-max Seat #6 is the button
Seat 1: Gozila1 ($3.96 in chips) 
Seat 2: zyaleniyeg ($2.57 in chips) 
Seat 3: Matt Mcgilta ($2 in chips) 
Seat 4: B564GT ($1.74 in chips) 
Seat 5: SilenceKLN ($2.19 in chips) 
Seat 6: kammikkazi ($1.93 in chips) 
Seat 8: Csrimama ($1.49 in chips) 
Seat 9: Dorex2007 ($3.08 in chips) 
Csrimama: posts small blind $0.01
Dorex2007: posts big blind $0.02
*** HOLE CARDS ***
Dealt to Dorex2007 [4d 2c]
Gozila1: folds 
zyaleniyeg: folds 
Matt Mcgilta: folds 
B564GT: folds 
SilenceKLN: folds 
kammikkazi: folds 
Csrimama: raises $0.02 to $0.04
Dorex2007: folds 
Uncalled bet ($0.02) returned to Csrimama
Csrimama collected $0.04 from pot
Csrimama: doesn't show hand 
*** SUMMARY ***
Total pot $0.04 | Rake $0 
Seat 1: Gozila1 folded before Flop (didn't bet)
Seat 2: zyaleniyeg folded before Flop (didn't bet)
Seat 3: Matt Mcgilta folded before Flop (didn't bet)
Seat 4: B564GT folded before Flop (didn't bet)
Seat 5: SilenceKLN folded before Flop (didn't bet)
Seat 6: kammikkazi (button) folded before Flop (didn't bet)
Seat 8: Csrimama (small blind) collected ($0.04)
Seat 9: Dorex2007 (big blind) folded before Flop



PokerStars Hand #231392361707:  Hold'em No Limit ($0.01/$0.02 USD) - 2021/11/14 3:02:28 PT [2021/11/14 6:02:28 ET]
Table 'Brachium II' 9-max Seat #8 is the button
Seat 1: Gozila1 ($3.96 in chips) 
Seat 2: zyaleniyeg ($2.57 in chips) 
Seat 3: Matt Mcgilta ($2 in chips) 
Seat 4: B564GT ($1.74 in chips) 
Seat 5: SilenceKLN ($2.19 in chips) 
Seat 6: kammikkazi ($1.93 in chips) 
Seat 8: Csrimama ($1.51 in chips) 
Seat 9: Dorex2007 ($3.06 in chips) 
Dorex2007: posts small blind $0.01
Gozila1: posts big blind $0.02
*** HOLE CARDS ***
Dealt to Dorex2007 [7s Qd]
zyaleniyeg: folds 
Matt Mcgilta: folds 
B564GT: folds 
SilenceKLN: folds 
kammikkazi: folds 
Csrimama: calls $0.02
Dorex2007: calls $0.01
Gozila1: checks 
*** FLOP *** [Th Qs 5s]
Dorex2007: checks 
Gozila1: bets $0.02
Csrimama: calls $0.02
Dorex2007: calls $0.02
*** TURN *** [Th Qs 5s] [Kc]
Dorex2007: bets $0.06
Gozila1: calls $0.06
Csrimama: calls $0.06
*** RIVER *** [Th Qs 5s Kc] [9c]
Dorex2007: checks 
Gozila1: bets $0.29
Csrimama: calls $0.29
Dorex2007: folds 
*** SHOW DOWN ***
Gozila1: shows [Js 8h] (a straight, Nine to King)
Csrimama: mucks hand 
Gozila1 collected $0.84 from pot
*** SUMMARY ***
Total pot $0.88 | Rake $0.04 
Board [Th Qs 5s Kc 9c]
Seat 1: Gozila1 (big blind) showed [Js 8h] and won ($0.84) with a straight, Nine to King
Seat 2: zyaleniyeg folded before Flop (didn't bet)
Seat 3: Matt Mcgilta folded before Flop (didn't bet)
Seat 4: B564GT folded before Flop (didn't bet)
Seat 5: SilenceKLN folded before Flop (didn't bet)
Seat 6: kammikkazi folded before Flop (didn't bet)
Seat 8: Csrimama (button) mucked [Ks 2d]
Seat 9: Dorex2007 (small blind) folded on the River



PokerStars Hand #231392390151:  Hold'em No Limit ($0.01/$0.02 USD) - 2021/11/14 3:04:24 PT [2021/11/14 6:04:24 ET]
Table 'Brachium II' 9-max Seat #9 is the button
Seat 1: Gozila1 ($4.41 in chips) 
Seat 2: zyaleniyeg ($2.57 in chips) 
Seat 3: Matt Mcgilta ($2 in chips) 
Seat 4: B564GT ($1.74 in chips) 
Seat 5: SilenceKLN ($2.19 in chips) 
Seat 6: kammikkazi ($1.93 in chips) 
Seat 8: Csrimama ($1.12 in chips) 
Seat 9: Dorex2007 ($2.96 in chips) 
Gozila1: posts small blind $0.01
zyaleniyeg: posts big blind $0.02
*** HOLE CARDS ***
Dealt to Dorex2007 [4h 5c]
Matt Mcgilta has timed out
Matt Mcgilta: folds 
B564GT: raises $0.02 to $0.04
SilenceKLN: raises $0.11 to $0.15
kammikkazi: raises $0.35 to $0.50
Csrimama: folds 
Dorex2007: folds 
Gozila1: folds 
zyaleniyeg: folds 
B564GT: folds 
SilenceKLN: folds 
Uncalled bet ($0.35) returned to kammikkazi
kammikkazi collected $0.37 from pot
kammikkazi: doesn't show hand 
*** SUMMARY ***
Total pot $0.37 | Rake $0 
Seat 1: Gozila1 (small blind) folded before Flop
Seat 2: zyaleniyeg (big blind) folded before Flop
Seat 3: Matt Mcgilta folded before Flop (didn't bet)
Seat 4: B564GT folded before Flop
Seat 5: SilenceKLN folded before Flop
Seat 6: kammikkazi collected ($0.37)
Seat 8: Csrimama folded before Flop (didn't bet)
Seat 9: Dorex2007 (button) folded before Flop (didn't bet)



PokerStars Hand #231392398753:  Hold'em No Limit ($0.01/$0.02 USD) - 2021/11/14 3:04:59 PT [2021/11/14 6:04:59 ET]
Table 'Brachium II' 9-max Seat #1 is the button
Seat 1: Gozila1 ($4.40 in chips) 
Seat 2: zyaleniyeg ($2.55 in chips) 
Seat 3: Matt Mcgilta ($2 in chips) 
Seat 4: B564GT ($1.70 in chips) 
Seat 5: SilenceKLN ($2.04 in chips) 
Seat 6: kammikkazi ($2.15 in chips) 
Seat 8: Csrimama ($1.12 in chips) 
Seat 9: Dorex2007 ($2.96 in chips) 
zyaleniyeg: posts small blind $0.01
Matt Mcgilta: posts big blind $0.02
*** HOLE CARDS ***
Dealt to Dorex2007 [Kc 5h]
B564GT: raises $0.02 to $0.04
SilenceKLN: folds 
pokerMestr43 leaves the table
kammikkazi: folds 
Csrimama: folds 
Dorex2007: folds 
Gozila1: raises $0.11 to $0.15
zyaleniyeg: folds 
Matt Mcgilta: folds 
B564GT: folds 
Uncalled bet ($0.11) returned to Gozila1
Gozila1 collected $0.11 from pot
Gozila1: doesn't show hand 
*** SUMMARY ***
Total pot $0.11 | Rake $0 
Seat 1: Gozila1 (button) collected ($0.11)
Seat 2: zyaleniyeg (small blind) folded before Flop
Seat 3: Matt Mcgilta (big blind) folded before Flop
Seat 4: B564GT folded before Flop
Seat 5: SilenceKLN folded before Flop (didn't bet)
Seat 6: kammikkazi folded before Flop (didn't bet)
Seat 8: Csrimama folded before Flop (didn't bet)
Seat 9: Dorex2007 folded before Flop (didn't bet)



PokerStars Hand #231392404158:  Hold'em No Limit ($0.01/$0.02 USD) - 2021/11/14 3:05:21 PT [2021/11/14 6:05:21 ET]
Table 'Brachium II' 9-max Seat #2 is the button
Seat 1: Gozila1 ($4.47 in chips) 
Seat 2: zyaleniyeg ($2.54 in chips) 
Seat 3: Matt Mcgilta ($1.98 in chips) 
Seat 4: B564GT ($1.66 in chips) 
Seat 5: SilenceKLN ($2.04 in chips) 
Seat 6: kammikkazi ($2.15 in chips) 
Seat 8: Csrimama ($1.12 in chips) 
Seat 9: Dorex2007 ($2.96 in chips) 
Matt Mcgilta: posts small blind $0.01
B564GT: posts big blind $0.02
*** HOLE CARDS ***
Dealt to Dorex2007 [7h 2h]
SilenceKLN: folds 
kammikkazi: raises $0.04 to $0.06
Csrimama: folds 
Dorex2007: folds 
Gozila1: folds 
zyaleniyeg: calls $0.06
Matt Mcgilta: folds 
B564GT: folds 
*** FLOP *** [8s 5c Qh]
kammikkazi: bets $0.07
zyaleniyeg: folds 
Uncalled bet ($0.07) returned to kammikkazi
kammikkazi collected $0.14 from pot
kammikkazi: doesn't show hand 
*** SUMMARY ***
Total pot $0.15 | Rake $0.01 
Board [8s 5c Qh]
Seat 1: Gozila1 folded before Flop (didn't bet)
Seat 2: zyaleniyeg (button) folded on the Flop
Seat 3: Matt Mcgilta (small blind) folded before Flop
Seat 4: B564GT (big blind) folded before Flop
Seat 5: SilenceKLN folded before Flop (didn't bet)
Seat 6: kammikkazi collected ($0.14)
Seat 8: Csrimama folded before Flop (didn't bet)
Seat 9: Dorex2007 folded before Flop (didn't bet)



