PokerStars Hand #226760304040:  Hold'em No Limit ($0.01/$0.02 USD) - 2021/05/14 15:16:09 PT [2021/05/14 18:16:09 ET]
Table 'Mizuho II' 9-max Seat #8 is the button
Seat 1: isena ($0.70 in chips) 
Seat 2: Dorex2007 ($2 in chips) 
Seat 5: leifen79 ($1.61 in chips) 
Seat 8: Jota0008 ($2.14 in chips) 
isena: posts small blind $0.01
Dorex2007: posts big blind $0.02
h4h4h4h4hh: sits out 
*** HOLE CARDS ***
Dealt to Dorex2007 [Qh Td]
leifen79: raises $0.04 to $0.06
TapaniTunnetaan joins the table at seat #4 
irohfire joins the table at seat #9 
Jota0008: calls $0.06
isena: calls $0.05
Dorex2007: calls $0.04
*** FLOP *** [8d 6c Qs]
isena: bets $0.02
Dorex2007: raises $0.04 to $0.06
leifen79: calls $0.06
Jota0008: folds 
isena: calls $0.04
*** TURN *** [8d 6c Qs] [Ah]
isena: bets $0.02
Harawazlolo joins the table at seat #7 
Dorex2007: calls $0.02
kbeçaodobf joins the table at seat #6 
leifen79: raises $0.04 to $0.06
isena: calls $0.04
Dorex2007: folds 
*** RIVER *** [8d 6c Qs Ah] [Qd]
isena: bets $0.52 and is all-in
leifen79: folds 
Uncalled bet ($0.52) returned to isena
isena collected $0.54 from pot
isena: doesn't show hand 
*** SUMMARY ***
Total pot $0.56 | Rake $0.02 
Board [8d 6c Qs Ah Qd]
Seat 1: isena (small blind) collected ($0.54)
Seat 2: Dorex2007 (big blind) folded on the Turn
Seat 5: leifen79 folded on the River
Seat 8: Jota0008 (button) folded on the Flop



PokerStars Hand #226760331425:  Hold'em No Limit ($0.01/$0.02 USD) - 2021/05/14 15:17:06 PT [2021/05/14 18:17:06 ET]
Table 'Mizuho II' 9-max Seat #1 is the button
Seat 1: isena ($1.06 in chips) 
Seat 2: Dorex2007 ($1.86 in chips) 
Seat 3: h4h4h4h4hh ($2 in chips) 
Seat 5: leifen79 ($1.43 in chips) 
Seat 8: Jota0008 ($2.08 in chips) 
Dorex2007: posts small blind $0.01
h4h4h4h4hh: posts big blind $0.02
TapaniTunnetaan: sits out 
kbeçaodobf: sits out 
Harawazlolo: sits out 
irohfire: sits out 
*** HOLE CARDS ***
Dealt to Dorex2007 [Jd 9s]
leifen79: raises $0.02 to $0.04
Jota0008: folds 
isena: folds 
Dorex2007: folds 
h4h4h4h4hh: calls $0.02
*** FLOP *** [Ah 7c 7s]
kbeçaodobf is disconnected 
h4h4h4h4hh: checks 
leifen79: bets $0.02
h4h4h4h4hh: calls $0.02
*** TURN *** [Ah 7c 7s] [7d]
h4h4h4h4hh: checks 
leifen79: bets $0.06
h4h4h4h4hh: folds 
Uncalled bet ($0.06) returned to leifen79
leifen79 collected $0.13 from pot
leifen79: doesn't show hand 
*** SUMMARY ***
Total pot $0.13 | Rake $0 
Board [Ah 7c 7s 7d]
Seat 1: isena (button) folded before Flop (didn't bet)
Seat 2: Dorex2007 (small blind) folded before Flop
Seat 3: h4h4h4h4hh (big blind) folded on the Turn
Seat 5: leifen79 collected ($0.13)
Seat 8: Jota0008 folded before Flop (didn't bet)



PokerStars Hand #226760345990:  Hold'em No Limit ($0.01/$0.02 USD) - 2021/05/14 15:17:35 PT [2021/05/14 18:17:35 ET]
Table 'Mizuho II' 9-max Seat #2 is the button
Seat 1: isena ($1.06 in chips) 
Seat 2: Dorex2007 ($1.85 in chips) 
Seat 3: h4h4h4h4hh ($1.94 in chips) 
Seat 4: TapaniTunnetaan ($0.80 in chips) 
Seat 5: leifen79 ($1.50 in chips) 
Seat 6: kbeçaodobf ($1.70 in chips) 
Seat 8: Jota0008 ($2.08 in chips) 
h4h4h4h4hh: posts small blind $0.01
TapaniTunnetaan: posts big blind $0.02
kbeçaodobf: posts big blind $0.02
Harawazlolo: sits out 
irohfire: sits out 
*** HOLE CARDS ***
Dealt to Dorex2007 [4h 7c]
leifen79: folds 
kbeçaodobf: checks 
Jota0008: folds 
isena: raises $0.07 to $0.09
Dorex2007: folds 
h4h4h4h4hh: folds 
TapaniTunnetaan: folds 
kbeçaodobf: folds 
Uncalled bet ($0.07) returned to isena
isena collected $0.07 from pot
isena: doesn't show hand 
*** SUMMARY ***
Total pot $0.07 | Rake $0 
Seat 1: isena collected ($0.07)
Seat 2: Dorex2007 (button) folded before Flop (didn't bet)
Seat 3: h4h4h4h4hh (small blind) folded before Flop
Seat 4: TapaniTunnetaan (big blind) folded before Flop
Seat 5: leifen79 folded before Flop (didn't bet)
Seat 6: kbeçaodobf folded before Flop (didn't bet)
Seat 8: Jota0008 folded before Flop (didn't bet)



PokerStars Hand #226760357853:  Hold'em No Limit ($0.01/$0.02 USD) - 2021/05/14 15:17:59 PT [2021/05/14 18:17:59 ET]
Table 'Mizuho II' 9-max Seat #3 is the button
Seat 1: isena ($1.11 in chips) 
Seat 2: Dorex2007 ($1.85 in chips) 
Seat 3: h4h4h4h4hh ($1.93 in chips) 
Seat 4: TapaniTunnetaan ($0.78 in chips) 
Seat 5: leifen79 ($1.50 in chips) 
Seat 6: kbeçaodobf ($1.68 in chips) 
Seat 8: Jota0008 ($2.08 in chips) 
TapaniTunnetaan: posts small blind $0.01
leifen79: posts big blind $0.02
Harawazlolo: sits out 
irohfire: sits out 
*** HOLE CARDS ***
Dealt to Dorex2007 [5d Jh]
kbeçaodobf: calls $0.02
Jota0008: folds 
isena: raises $0.02 to $0.04
Dorex2007: folds 
h4h4h4h4hh: calls $0.04
TapaniTunnetaan: folds 
leifen79: raises $0.04 to $0.08
kbeçaodobf: calls $0.06
isena: calls $0.04
h4h4h4h4hh: calls $0.04
*** FLOP *** [9s 3c 4s]
leifen79: bets $0.08
kbeçaodobf: folds 
isena: calls $0.08
h4h4h4h4hh: calls $0.08
*** TURN *** [9s 3c 4s] [2h]
leifen79: bets $0.08
isena: folds 
h4h4h4h4hh: calls $0.08
*** RIVER *** [9s 3c 4s 2h] [Qh]
leifen79: bets $0.08
h4h4h4h4hh: calls $0.08
*** SHOW DOWN ***
leifen79: shows [Ks As] (high card Ace)
h4h4h4h4hh: shows [9c Ah] (a pair of Nines)
h4h4h4h4hh collected $0.86 from pot
*** SUMMARY ***
Total pot $0.89 | Rake $0.03 
Board [9s 3c 4s 2h Qh]
Seat 1: isena folded on the Turn
Seat 2: Dorex2007 folded before Flop (didn't bet)
Seat 3: h4h4h4h4hh (button) showed [9c Ah] and won ($0.86) with a pair of Nines
Seat 4: TapaniTunnetaan (small blind) folded before Flop
Seat 5: leifen79 (big blind) showed [Ks As] and lost with high card Ace
Seat 6: kbeçaodobf folded on the Flop
Seat 8: Jota0008 folded before Flop (didn't bet)



PokerStars Hand #226760388696:  Hold'em No Limit ($0.01/$0.02 USD) - 2021/05/14 15:19:03 PT [2021/05/14 18:19:03 ET]
Table 'Mizuho II' 9-max Seat #4 is the button
Seat 1: isena ($0.95 in chips) 
Seat 2: Dorex2007 ($1.85 in chips) 
Seat 3: h4h4h4h4hh ($2.47 in chips) 
Seat 4: TapaniTunnetaan ($0.77 in chips) 
Seat 5: leifen79 ($1.18 in chips) 
Seat 6: kbeçaodobf ($1.60 in chips) 
Seat 8: Jota0008 ($2.08 in chips) 
Seat 9: irohfire ($1.60 in chips) 
leifen79: posts small blind $0.01
kbeçaodobf: posts big blind $0.02
Harawazlolo: sits out 
irohfire: posts big blind $0.02
*** HOLE CARDS ***
Dealt to Dorex2007 [6s 9s]
Jota0008: calls $0.02
irohfire: checks 
isena: raises $0.04 to $0.06
Dorex2007: folds 
h4h4h4h4hh: folds 
TapaniTunnetaan: folds 
leifen79: folds 
kbeçaodobf: folds 
Jota0008: calls $0.04
irohfire: folds 
*** FLOP *** [6c 5s Qd]
Jota0008: checks 
isena: bets $0.16
Jota0008: folds 
Uncalled bet ($0.16) returned to isena
isena collected $0.16 from pot
isena: doesn't show hand 
*** SUMMARY ***
Total pot $0.17 | Rake $0.01 
Board [6c 5s Qd]
Seat 1: isena collected ($0.16)
Seat 2: Dorex2007 folded before Flop (didn't bet)
Seat 3: h4h4h4h4hh folded before Flop (didn't bet)
Seat 4: TapaniTunnetaan (button) folded before Flop (didn't bet)
Seat 5: leifen79 (small blind) folded before Flop
Seat 6: kbeçaodobf (big blind) folded before Flop
Seat 8: Jota0008 folded on the Flop
Seat 9: irohfire folded before Flop (didn't bet)



PokerStars Hand #226760410047:  Hold'em No Limit ($0.01/$0.02 USD) - 2021/05/14 15:19:43 PT [2021/05/14 18:19:43 ET]
Table 'Mizuho II' 9-max Seat #5 is the button
Seat 1: isena ($1.05 in chips) 
Seat 2: Dorex2007 ($1.85 in chips) 
Seat 3: h4h4h4h4hh ($2.47 in chips) 
Seat 4: TapaniTunnetaan ($0.77 in chips) 
Seat 5: leifen79 ($1.17 in chips) 
Seat 6: kbeçaodobf ($1.58 in chips) 
Seat 7: Harawazlolo ($1.60 in chips) 
Seat 8: Jota0008 ($2.02 in chips) 
Seat 9: irohfire ($1.58 in chips) 
kbeçaodobf: posts small blind $0.01
Harawazlolo: posts big blind $0.02
*** HOLE CARDS ***
Dealt to Dorex2007 [Ah Kc]
Jota0008: raises $0.04 to $0.06
irohfire: folds 
isena: calls $0.06
Dorex2007: raises $0.12 to $0.18
h4h4h4h4hh: folds 
TapaniTunnetaan: folds 
leifen79: calls $0.18
kbeçaodobf: calls $0.17
Harawazlolo: calls $0.16
Jota0008: calls $0.12
isena: folds 
*** FLOP *** [6c 7s 8h]
kbeçaodobf: bets $1.40 and is all-in
Harawazlolo: raises $0.02 to $1.42 and is all-in
Jota0008: raises $0.42 to $1.84 and is all-in
Dorex2007: folds 
leifen79: folds 
Uncalled bet ($0.42) returned to Jota0008
*** TURN *** [6c 7s 8h] [Kd]
*** RIVER *** [6c 7s 8h Kd] [2h]
*** SHOW DOWN ***
Harawazlolo: shows [Td 8d] (a pair of Eights)
Jota0008: shows [9s Qs] (high card King)
kbeçaodobf: shows [9h 9d] (a pair of Nines)
kbeçaodobf cashed out the hand for $2.94 | Cash Out Fee $0.03
Harawazlolo cashed out the hand for $0.58 | Cash Out Fee $0.01
Jota0008 cashed out the hand for $1.45 | Cash Out Fee $0.01
*** SUMMARY ***
Total pot $5.20 Main pot $4.98. Side pot $0.04. | Rake $0.18 
Board [6c 7s 8h Kd 2h]
Seat 1: isena folded before Flop
Seat 2: Dorex2007 folded on the Flop
Seat 3: h4h4h4h4hh folded before Flop (didn't bet)
Seat 4: TapaniTunnetaan folded before Flop (didn't bet)
Seat 5: leifen79 (button) folded on the Flop
Seat 6: kbeçaodobf (small blind) showed [9h 9d] and won ($4.98) with a pair of Nines (pot not awarded as player cashed out)
Seat 7: Harawazlolo (big blind) showed [Td 8d] and won ($0.04) with a pair of Eights (pot not awarded as player cashed out)
Seat 8: Jota0008 showed [9s Qs] and lost with high card King (cashed out).
Seat 9: irohfire folded before Flop (didn't bet)



PokerStars Hand #226760451965:  Hold'em No Limit ($0.01/$0.02 USD) - 2021/05/14 15:21:09 PT [2021/05/14 18:21:09 ET]
Table 'Mizuho II' 9-max Seat #6 is the button
Seat 1: isena ($0.99 in chips) 
Seat 2: Dorex2007 ($1.82 in chips) 
Seat 3: h4h4h4h4hh ($2.47 in chips) 
Seat 4: TapaniTunnetaan ($0.77 in chips) 
Seat 5: leifen79 ($0.99 in chips) 
Seat 6: kbeçaodobf ($2.94 in chips) 
Seat 7: Harawazlolo ($0.58 in chips) 
Seat 8: Jota0008 ($1.87 in chips) 
Seat 9: irohfire ($1.58 in chips) 
Harawazlolo: posts small blind $0.01
Jota0008: posts big blind $0.02
*** HOLE CARDS ***
Dealt to Dorex2007 [Jc 3d]
irohfire: folds 
isena: raises $0.06 to $0.08
Dorex2007: folds 
h4h4h4h4hh: folds 
TapaniTunnetaan: folds 
leifen79: calls $0.08
kbeçaodobf: folds 
TapaniTunnetaan leaves the table
Harawazlolo has timed out
Harawazlolo: folds 
Jota0008: raises $0.08 to $0.16
isena: raises $0.41 to $0.57
leifen79: raises $0.42 to $0.99 and is all-in
Jota0008: folds 
isena: calls $0.42 and is all-in
*** FLOP *** [5c Ts 9d]
*** TURN *** [5c Ts 9d] [4d]
*** RIVER *** [5c Ts 9d 4d] [8s]
*** SHOW DOWN ***
isena: shows [Qd Qh] (a pair of Queens)
leifen79: shows [As Js] (high card Ace)
isena collected $2.07 from pot
*** SUMMARY ***
Total pot $2.15 | Rake $0.08 
Board [5c Ts 9d 4d 8s]
Seat 1: isena showed [Qd Qh] and won ($2.07) with a pair of Queens
Seat 2: Dorex2007 folded before Flop (didn't bet)
Seat 3: h4h4h4h4hh folded before Flop (didn't bet)
Seat 4: TapaniTunnetaan folded before Flop (didn't bet)
Seat 5: leifen79 showed [As Js] and lost with high card Ace
Seat 6: kbeçaodobf (button) folded before Flop (didn't bet)
Seat 7: Harawazlolo (small blind) folded before Flop
Seat 8: Jota0008 (big blind) folded before Flop
Seat 9: irohfire folded before Flop (didn't bet)



PokerStars Hand #226760487261:  Hold'em No Limit ($0.01/$0.02 USD) - 2021/05/14 15:22:23 PT [2021/05/14 18:22:23 ET]
Table 'Mizuho II' 9-max Seat #7 is the button
Seat 1: isena ($2.07 in chips) 
Seat 2: Dorex2007 ($1.82 in chips) 
Seat 3: h4h4h4h4hh ($2.47 in chips) 
Seat 6: kbeçaodobf ($2.94 in chips) 
Seat 7: Harawazlolo ($0.57 in chips) 
Seat 8: Jota0008 ($1.71 in chips) 
Seat 9: irohfire ($1.58 in chips) 
Jota0008: posts small blind $0.01
irohfire: posts big blind $0.02
*** HOLE CARDS ***
Dealt to Dorex2007 [Ac Td]
isena: calls $0.02
leifen79 leaves the table
Dorex2007: raises $0.04 to $0.06
h4h4h4h4hh: folds 
kbeçaodobf: calls $0.06
ziggystarpoker joins the table at seat #4 
Harawazlolo: raises $0.51 to $0.57 and is all-in
Jota0008: folds 
irohfire: folds 
isena: folds 
Dorex2007: folds 
juliosilvei joins the table at seat #5 
kbeçaodobf: calls $0.51
*** FLOP *** [Kh Ad Ks]
*** TURN *** [Kh Ad Ks] [5h]
*** RIVER *** [Kh Ad Ks 5h] [4s]
*** SHOW DOWN ***
kbeçaodobf: shows [Js Ts] (a pair of Kings)
Harawazlolo: shows [Jh 9s] (a pair of Kings - lower kicker)
kbeçaodobf cashed out the hand for $0.88 | Cash Out Fee $0.01
Harawazlolo cashed out the hand for $0.32
*** SUMMARY ***
Total pot $1.25 | Rake $0.04 
Board [Kh Ad Ks 5h 4s]
Seat 1: isena folded before Flop
Seat 2: Dorex2007 folded before Flop
Seat 3: h4h4h4h4hh folded before Flop (didn't bet)
Seat 6: kbeçaodobf showed [Js Ts] and won ($1.21) with a pair of Kings (pot not awarded as player cashed out)
Seat 7: Harawazlolo (button) showed [Jh 9s] and lost with a pair of Kings (cashed out).
Seat 8: Jota0008 (small blind) folded before Flop
Seat 9: irohfire (big blind) folded before Flop



PokerStars Hand #226760506167:  Hold'em No Limit ($0.01/$0.02 USD) - 2021/05/14 15:23:02 PT [2021/05/14 18:23:02 ET]
Table 'Mizuho II' 9-max Seat #8 is the button
Seat 1: isena ($2.05 in chips) 
Seat 2: Dorex2007 ($1.76 in chips) 
Seat 3: h4h4h4h4hh ($2.47 in chips) 
Seat 5: juliosilvei ($0.80 in chips) 
Seat 6: kbeçaodobf ($3.25 in chips) 
Seat 7: Harawazlolo ($0.32 in chips) 
Seat 8: Jota0008 ($1.70 in chips) 
Seat 9: irohfire ($1.56 in chips) 
irohfire: posts small blind $0.01
isena: posts big blind $0.02
ziggystarpoker: sits out 
juliosilvei: posts big blind $0.02
*** HOLE CARDS ***
Dealt to Dorex2007 [8d 2c]
Dorex2007: folds 
h4h4h4h4hh: folds 
juliosilvei: checks 
kbeçaodobf: folds 
Harawazlolo has timed out
Harawazlolo: folds 
Jota0008: folds 
irohfire: folds 
isena: raises $0.05 to $0.07
juliosilvei: folds 
Uncalled bet ($0.05) returned to isena
isena collected $0.05 from pot
isena: doesn't show hand 
*** SUMMARY ***
Total pot $0.05 | Rake $0 
Seat 1: isena (big blind) collected ($0.05)
Seat 2: Dorex2007 folded before Flop (didn't bet)
Seat 3: h4h4h4h4hh folded before Flop (didn't bet)
Seat 5: juliosilvei folded before Flop (didn't bet)
Seat 6: kbeçaodobf folded before Flop (didn't bet)
Seat 7: Harawazlolo folded before Flop (didn't bet)
Seat 8: Jota0008 (button) folded before Flop (didn't bet)
Seat 9: irohfire (small blind) folded before Flop



PokerStars Hand #226760524707:  Hold'em No Limit ($0.01/$0.02 USD) - 2021/05/14 15:23:41 PT [2021/05/14 18:23:41 ET]
Table 'Mizuho II' 9-max Seat #9 is the button
Seat 1: isena ($2.08 in chips) 
Seat 2: Dorex2007 ($1.76 in chips) 
Seat 3: h4h4h4h4hh ($2.47 in chips) 
Seat 5: juliosilvei ($0.78 in chips) 
Seat 6: kbeçaodobf ($3.25 in chips) 
Seat 8: Jota0008 ($1.70 in chips) 
Seat 9: irohfire ($1.55 in chips) 
isena: posts small blind $0.01
Dorex2007: posts big blind $0.02
ziggystarpoker: sits out 
*** HOLE CARDS ***
Dealt to Dorex2007 [Ac 2h]
h4h4h4h4hh: folds 
juliosilvei: raises $0.02 to $0.04
kbeçaodobf: calls $0.04
Jota0008: folds 
irohfire: folds 
isena: calls $0.03
Dorex2007: calls $0.02
*** FLOP *** [5c Kc 4c]
isena: bets $0.08
Dorex2007: calls $0.08
juliosilvei: calls $0.08
kbeçaodobf: folds 
*** TURN *** [5c Kc 4c] [Qs]
isena: bets $0.12
Dorex2007: calls $0.12
juliosilvei: folds 
*** RIVER *** [5c Kc 4c Qs] [3h]
isena: bets $0.14
Dorex2007: raises $0.90 to $1.04
isena: raises $0.80 to $1.84 and is all-in
Dorex2007: calls $0.48 and is all-in
Uncalled bet ($0.32) returned to isena
*** SHOW DOWN ***
isena: shows [4s Ks] (two pair, Kings and Fours)
Dorex2007: shows [Ac 2h] (a straight, Ace to Five)
Dorex2007 collected $3.55 from pot
*** SUMMARY ***
Total pot $3.68 | Rake $0.13 
Board [5c Kc 4c Qs 3h]
Seat 1: isena (small blind) showed [4s Ks] and lost with two pair, Kings and Fours
Seat 2: Dorex2007 (big blind) showed [Ac 2h] and won ($3.55) with a straight, Ace to Five
Seat 3: h4h4h4h4hh folded before Flop (didn't bet)
Seat 5: juliosilvei folded on the Turn
Seat 6: kbeçaodobf folded on the Flop
Seat 8: Jota0008 folded before Flop (didn't bet)
Seat 9: irohfire (button) folded before Flop (didn't bet)



PokerStars Hand #226760553876:  Hold'em No Limit ($0.01/$0.02 USD) - 2021/05/14 15:24:43 PT [2021/05/14 18:24:43 ET]
Table 'Mizuho II' 9-max Seat #1 is the button
Seat 1: isena ($0.32 in chips) 
Seat 2: Dorex2007 ($3.55 in chips) 
Seat 3: h4h4h4h4hh ($2.47 in chips) 
Seat 5: juliosilvei ($0.66 in chips) 
Seat 6: kbeçaodobf ($3.21 in chips) 
Seat 7: Harawazlolo ($0.32 in chips) 
Seat 8: Jota0008 ($1.70 in chips) 
Seat 9: irohfire ($1.55 in chips) 
Dorex2007: posts small blind $0.01
h4h4h4h4hh: posts big blind $0.02
ziggystarpoker: sits out 
*** HOLE CARDS ***
Dealt to Dorex2007 [Ts 8s]
juliosilvei: folds 
kbeçaodobf: calls $0.02
Harawazlolo is disconnected 
Harawazlolo has timed out while being disconnected
Harawazlolo: folds 
Jota0008: raises $0.06 to $0.08
irohfire: folds 
isena: raises $0.24 to $0.32 and is all-in
Dorex2007: folds 
h4h4h4h4hh: folds 
kbeçaodobf: folds 
Jota0008: calls $0.24
*** FLOP *** [4c Kc Qs]
*** TURN *** [4c Kc Qs] [Kh]
*** RIVER *** [4c Kc Qs Kh] [7c]
*** SHOW DOWN ***
Jota0008: shows [9h As] (a pair of Kings)
isena: shows [2h 5h] (a pair of Kings - lower kicker)
Jota0008 collected $0.67 from pot
*** SUMMARY ***
Total pot $0.69 | Rake $0.02 
Board [4c Kc Qs Kh 7c]
Seat 1: isena (button) showed [2h 5h] and lost with a pair of Kings
Seat 2: Dorex2007 (small blind) folded before Flop
Seat 3: h4h4h4h4hh (big blind) folded before Flop
Seat 5: juliosilvei folded before Flop (didn't bet)
Seat 6: kbeçaodobf folded before Flop
Seat 7: Harawazlolo folded before Flop (didn't bet)
Seat 8: Jota0008 showed [9h As] and won ($0.67) with a pair of Kings
Seat 9: irohfire folded before Flop (didn't bet)



PokerStars Hand #226760587953:  Hold'em No Limit ($0.01/$0.02 USD) - 2021/05/14 15:25:48 PT [2021/05/14 18:25:48 ET]
Table 'Mizuho II' 9-max Seat #2 is the button
Seat 2: Dorex2007 ($3.54 in chips) 
Seat 3: h4h4h4h4hh ($2.45 in chips) 
Seat 4: ziggystarpoker ($0.80 in chips) 
Seat 5: juliosilvei ($0.66 in chips) 
Seat 6: kbeçaodobf ($3.19 in chips) 
Seat 8: Jota0008 ($2.05 in chips) 
Seat 9: irohfire ($1.55 in chips) 
h4h4h4h4hh: posts small blind $0.01
ziggystarpoker: posts big blind $0.02
*** HOLE CARDS ***
Dealt to Dorex2007 [4d 5d]
juliosilvei: raises $0.02 to $0.04
kbeçaodobf: calls $0.04
Jota0008: folds 
irohfire: calls $0.04
Dorex2007: folds 
h4h4h4h4hh: calls $0.03
ziggystarpoker: folds 
*** FLOP *** [4c Qh Qc]
h4h4h4h4hh: checks 
juliosilvei: bets $0.06
kbeçaodobf: folds 
irohfire: folds 
h4h4h4h4hh: calls $0.06
*** TURN *** [4c Qh Qc] [3h]
h4h4h4h4hh: checks 
juliosilvei: checks 
*** RIVER *** [4c Qh Qc 3h] [6d]
h4h4h4h4hh: checks 
juliosilvei: checks 
*** SHOW DOWN ***
h4h4h4h4hh: shows [5h 4h] (two pair, Queens and Fours)
juliosilvei: mucks hand 
h4h4h4h4hh collected $0.29 from pot
*** SUMMARY ***
Total pot $0.30 | Rake $0.01 
Board [4c Qh Qc 3h 6d]
Seat 2: Dorex2007 (button) folded before Flop (didn't bet)
Seat 3: h4h4h4h4hh (small blind) showed [5h 4h] and won ($0.29) with two pair, Queens and Fours
Seat 4: ziggystarpoker (big blind) folded before Flop
Seat 5: juliosilvei mucked [Jc Kc]
Seat 6: kbeçaodobf folded on the Flop
Seat 8: Jota0008 folded before Flop (didn't bet)
Seat 9: irohfire folded on the Flop



PokerStars Hand #226760612107:  Hold'em No Limit ($0.01/$0.02 USD) - 2021/05/14 15:26:39 PT [2021/05/14 18:26:39 ET]
Table 'Mizuho II' 9-max Seat #3 is the button
Seat 1: isena ($0.80 in chips) 
Seat 2: Dorex2007 ($3.54 in chips) 
Seat 3: h4h4h4h4hh ($2.64 in chips) 
Seat 4: ziggystarpoker ($0.78 in chips) 
Seat 5: juliosilvei ($0.56 in chips) 
Seat 6: kbeçaodobf ($3.15 in chips) 
Seat 8: Jota0008 ($2.05 in chips) 
Seat 9: irohfire ($1.51 in chips) 
ziggystarpoker: posts small blind $0.01
juliosilvei: posts big blind $0.02
*** HOLE CARDS ***
Dealt to Dorex2007 [Ts 7d]
kbeçaodobf: calls $0.02
Jota0008: folds 
irohfire: folds 
isena: folds 
Dorex2007: folds 
h4h4h4h4hh: raises $0.03 to $0.05
ziggystarpoker: folds 
juliosilvei: calls $0.03
kbeçaodobf: calls $0.03
*** FLOP *** [8h 9s 9d]
juliosilvei: checks 
kbeçaodobf: checks 
h4h4h4h4hh: checks 
*** TURN *** [8h 9s 9d] [Ah]
juliosilvei: checks 
kbeçaodobf: checks 
h4h4h4h4hh: checks 
*** RIVER *** [8h 9s 9d Ah] [3s]
juliosilvei: checks 
kbeçaodobf: checks 
h4h4h4h4hh: bets $0.24
juliosilvei: folds 
kbeçaodobf: folds 
Uncalled bet ($0.24) returned to h4h4h4h4hh
h4h4h4h4hh collected $0.15 from pot
h4h4h4h4hh: doesn't show hand 
*** SUMMARY ***
Total pot $0.16 | Rake $0.01 
Board [8h 9s 9d Ah 3s]
Seat 1: isena folded before Flop (didn't bet)
Seat 2: Dorex2007 folded before Flop (didn't bet)
Seat 3: h4h4h4h4hh (button) collected ($0.15)
Seat 4: ziggystarpoker (small blind) folded before Flop
Seat 5: juliosilvei (big blind) folded on the River
Seat 6: kbeçaodobf folded on the River
Seat 8: Jota0008 folded before Flop (didn't bet)
Seat 9: irohfire folded before Flop (didn't bet)



PokerStars Hand #226760644737:  Hold'em No Limit ($0.01/$0.02 USD) - 2021/05/14 15:27:48 PT [2021/05/14 18:27:48 ET]
Table 'Mizuho II' 9-max Seat #4 is the button
Seat 1: isena ($0.80 in chips) 
Seat 2: Dorex2007 ($3.54 in chips) 
Seat 3: h4h4h4h4hh ($2.74 in chips) 
Seat 4: ziggystarpoker ($0.77 in chips) 
Seat 5: juliosilvei ($0.51 in chips) 
Seat 6: kbeçaodobf ($3.10 in chips) 
Seat 8: Jota0008 ($2.05 in chips) 
Seat 9: irohfire ($1.51 in chips) 
juliosilvei: posts small blind $0.01
kbeçaodobf: posts big blind $0.02
*** HOLE CARDS ***
Dealt to Dorex2007 [4h Ah]
Jota0008: raises $0.06 to $0.08
irohfire: folds 
isena: folds 
Dorex2007: folds 
h4h4h4h4hh: folds 
ziggystarpoker: folds 
juliosilvei: folds 
kbeçaodobf: folds 
Uncalled bet ($0.06) returned to Jota0008
Jota0008 collected $0.05 from pot
Jota0008: doesn't show hand 
*** SUMMARY ***
Total pot $0.05 | Rake $0 
Seat 1: isena folded before Flop (didn't bet)
Seat 2: Dorex2007 folded before Flop (didn't bet)
Seat 3: h4h4h4h4hh folded before Flop (didn't bet)
Seat 4: ziggystarpoker (button) folded before Flop (didn't bet)
Seat 5: juliosilvei (small blind) folded before Flop
Seat 6: kbeçaodobf (big blind) folded before Flop
Seat 8: Jota0008 collected ($0.05)
Seat 9: irohfire folded before Flop (didn't bet)



PokerStars Hand #226760660864:  Hold'em No Limit ($0.01/$0.02 USD) - 2021/05/14 15:28:23 PT [2021/05/14 18:28:23 ET]
Table 'Mizuho II' 9-max Seat #5 is the button
Seat 1: isena ($0.80 in chips) 
Seat 2: Dorex2007 ($3.54 in chips) 
Seat 3: h4h4h4h4hh ($2.74 in chips) 
Seat 4: ziggystarpoker ($0.77 in chips) 
Seat 5: juliosilvei ($0.50 in chips) 
Seat 6: kbeçaodobf ($3.08 in chips) 
Seat 8: Jota0008 ($2.08 in chips) 
Seat 9: irohfire ($1.51 in chips) 
kbeçaodobf: posts small blind $0.01
Jota0008: posts big blind $0.02
*** HOLE CARDS ***
Dealt to Dorex2007 [Td 6h]
irohfire: folds 
isena: raises $0.02 to $0.04
Dorex2007: folds 
h4h4h4h4hh: folds 
ziggystarpoker: calls $0.04
juliosilvei: calls $0.04
kbeçaodobf: calls $0.03
Jota0008: calls $0.02
*** FLOP *** [Jd 9s Qs]
kbeçaodobf: checks 
Jota0008: checks 
isena: bets $0.02
ziggystarpoker: folds 
juliosilvei: calls $0.02
kbeçaodobf: calls $0.02
Jota0008: calls $0.02
*** TURN *** [Jd 9s Qs] [5c]
kbeçaodobf: checks 
Jota0008: bets $0.27
isena: calls $0.27
juliosilvei: folds 
kbeçaodobf: folds 
*** RIVER *** [Jd 9s Qs 5c] [Kh]
Jota0008: checks 
isena: checks 
*** SHOW DOWN ***
Jota0008: shows [7s 8c] (high card King)
isena: shows [2d As] (high card Ace)
isena collected $0.79 from pot
*** SUMMARY ***
Total pot $0.82 | Rake $0.03 
Board [Jd 9s Qs 5c Kh]
Seat 1: isena showed [2d As] and won ($0.79) with high card Ace
Seat 2: Dorex2007 folded before Flop (didn't bet)
Seat 3: h4h4h4h4hh folded before Flop (didn't bet)
Seat 4: ziggystarpoker folded on the Flop
Seat 5: juliosilvei (button) folded on the Turn
Seat 6: kbeçaodobf (small blind) folded on the Turn
Seat 8: Jota0008 (big blind) showed [7s 8c] and lost with high card King
Seat 9: irohfire folded before Flop (didn't bet)



PokerStars Hand #226760699091:  Hold'em No Limit ($0.01/$0.02 USD) - 2021/05/14 15:29:45 PT [2021/05/14 18:29:45 ET]
Table 'Mizuho II' 9-max Seat #6 is the button
Seat 1: isena ($1.26 in chips) 
Seat 2: Dorex2007 ($3.54 in chips) 
Seat 3: h4h4h4h4hh ($2.74 in chips) 
Seat 4: ziggystarpoker ($0.73 in chips) 
Seat 5: juliosilvei ($0.44 in chips) 
Seat 6: kbeçaodobf ($3.02 in chips) 
Seat 8: Jota0008 ($1.75 in chips) 
Seat 9: irohfire ($1.51 in chips) 
Jota0008: posts small blind $0.01
irohfire: posts big blind $0.02
*** HOLE CARDS ***
Dealt to Dorex2007 [Jd Qd]
isena: calls $0.02
Dorex2007: calls $0.02
h4h4h4h4hh: folds 
ziggystarpoker: folds 
juliosilvei: folds 
kbeçaodobf: folds 
Jota0008: calls $0.01
irohfire: checks 
*** FLOP *** [Ts 8d Ah]
Jota0008: bets $0.08
irohfire: folds 
isena: calls $0.08
Dorex2007: folds 
*** TURN *** [Ts 8d Ah] [6s]
Jota0008: checks 
isena: bets $0.02
Jota0008: calls $0.02
*** RIVER *** [Ts 8d Ah 6s] [3s]
Jota0008: checks 
isena: checks 
*** SHOW DOWN ***
Jota0008: shows [5h Th] (a pair of Tens)
isena: mucks hand 
Jota0008 collected $0.27 from pot
*** SUMMARY ***
Total pot $0.28 | Rake $0.01 
Board [Ts 8d Ah 6s 3s]
Seat 1: isena mucked [9h Qc]
Seat 2: Dorex2007 folded on the Flop
Seat 3: h4h4h4h4hh folded before Flop (didn't bet)
Seat 4: ziggystarpoker folded before Flop (didn't bet)
Seat 5: juliosilvei folded before Flop (didn't bet)
Seat 6: kbeçaodobf (button) folded before Flop (didn't bet)
Seat 8: Jota0008 (small blind) showed [5h Th] and won ($0.27) with a pair of Tens
Seat 9: irohfire (big blind) folded on the Flop



PokerStars Hand #226760729402:  Hold'em No Limit ($0.01/$0.02 USD) - 2021/05/14 15:30:49 PT [2021/05/14 18:30:49 ET]
Table 'Mizuho II' 9-max Seat #8 is the button
Seat 1: isena ($1.14 in chips) 
Seat 2: Dorex2007 ($3.52 in chips) 
Seat 3: h4h4h4h4hh ($2.74 in chips) 
Seat 4: ziggystarpoker ($0.73 in chips) 
Seat 5: juliosilvei ($0.44 in chips) 
Seat 6: kbeçaodobf ($3.02 in chips) 
Seat 8: Jota0008 ($1.90 in chips) 
Seat 9: irohfire ($1.49 in chips) 
irohfire: posts small blind $0.01
isena: posts big blind $0.02
*** HOLE CARDS ***
Dealt to Dorex2007 [Ad Jc]
Dorex2007: folds 
h4h4h4h4hh: raises $0.03 to $0.05
ziggystarpoker: folds 
juliosilvei: calls $0.05
kbeçaodobf: calls $0.05
Jota0008: calls $0.05
irohfire: folds 
isena: calls $0.03
*** FLOP *** [Jd 2s Kd]
isena: checks 
h4h4h4h4hh: checks 
juliosilvei: checks 
kbeçaodobf: checks 
Jota0008: bets $0.16
isena: folds 
h4h4h4h4hh: calls $0.16
juliosilvei: folds 
kbeçaodobf: folds 
*** TURN *** [Jd 2s Kd] [8s]
h4h4h4h4hh: checks 
Jota0008: bets $0.28
h4h4h4h4hh: folds 
Uncalled bet ($0.28) returned to Jota0008
Jota0008 collected $0.56 from pot
Jota0008: doesn't show hand 
*** SUMMARY ***
Total pot $0.58 | Rake $0.02 
Board [Jd 2s Kd 8s]
Seat 1: isena (big blind) folded on the Flop
Seat 2: Dorex2007 folded before Flop (didn't bet)
Seat 3: h4h4h4h4hh folded on the Turn
Seat 4: ziggystarpoker folded before Flop (didn't bet)
Seat 5: juliosilvei folded on the Flop
Seat 6: kbeçaodobf folded on the Flop
Seat 8: Jota0008 (button) collected ($0.56)
Seat 9: irohfire (small blind) folded before Flop



PokerStars Hand #226760769115:  Hold'em No Limit ($0.01/$0.02 USD) - 2021/05/14 15:32:13 PT [2021/05/14 18:32:13 ET]
Table 'Mizuho II' 9-max Seat #9 is the button
Seat 1: isena ($1.09 in chips) 
Seat 2: Dorex2007 ($3.52 in chips) 
Seat 3: h4h4h4h4hh ($2.53 in chips) 
Seat 4: ziggystarpoker ($0.73 in chips) 
Seat 5: juliosilvei ($0.39 in chips) 
Seat 6: kbeçaodobf ($2.97 in chips) 
Seat 8: Jota0008 ($2.25 in chips) 
Seat 9: irohfire ($1.48 in chips) 
isena: posts small blind $0.01
Dorex2007: posts big blind $0.02
*** HOLE CARDS ***
Dealt to Dorex2007 [Qs 4h]
h4h4h4h4hh: folds 
ziggystarpoker: calls $0.02
juliosilvei: folds 
kbeçaodobf: calls $0.02
Jota0008: folds 
irohfire: raises $0.02 to $0.04
isena: raises $0.02 to $0.06
Dorex2007: folds 
ziggystarpoker: calls $0.04
kbeçaodobf is disconnected 
kbeçaodobf is connected 
kbeçaodobf: folds 
irohfire: calls $0.02
*** FLOP *** [9c 7s Ac]
isena: checks 
ziggystarpoker: bets $0.14
irohfire: folds 
isena: folds 
Uncalled bet ($0.14) returned to ziggystarpoker
ziggystarpoker collected $0.21 from pot
ziggystarpoker: doesn't show hand 
*** SUMMARY ***
Total pot $0.22 | Rake $0.01 
Board [9c 7s Ac]
Seat 1: isena (small blind) folded on the Flop
Seat 2: Dorex2007 (big blind) folded before Flop
Seat 3: h4h4h4h4hh folded before Flop (didn't bet)
Seat 4: ziggystarpoker collected ($0.21)
Seat 5: juliosilvei folded before Flop (didn't bet)
Seat 6: kbeçaodobf folded before Flop
Seat 8: Jota0008 folded before Flop (didn't bet)
Seat 9: irohfire (button) folded on the Flop



PokerStars Hand #226760804010:  Hold'em No Limit ($0.01/$0.02 USD) - 2021/05/14 15:33:27 PT [2021/05/14 18:33:27 ET]
Table 'Mizuho II' 9-max Seat #1 is the button
Seat 1: isena ($1.03 in chips) 
Seat 2: Dorex2007 ($3.50 in chips) 
Seat 3: h4h4h4h4hh ($2.53 in chips) 
Seat 4: ziggystarpoker ($0.88 in chips) 
Seat 5: juliosilvei ($0.39 in chips) 
Seat 6: kbeçaodobf ($2.95 in chips) 
Seat 8: Jota0008 ($2.25 in chips) 
Seat 9: irohfire ($1.42 in chips) 
Dorex2007: posts small blind $0.01
h4h4h4h4hh: posts big blind $0.02
*** HOLE CARDS ***
Dealt to Dorex2007 [3c Ah]
ziggystarpoker: folds 
juliosilvei: raises $0.02 to $0.04
kbeçaodobf is disconnected 
kbeçaodobf has timed out while disconnected
kbeçaodobf: folds 
Jota0008: raises $0.06 to $0.10
irohfire: calls $0.10
isena: folds 
Dorex2007: folds 
h4h4h4h4hh: calls $0.08
juliosilvei: calls $0.06
*** FLOP *** [9c 2d 5c]
h4h4h4h4hh: checks 
juliosilvei: checks 
Jota0008: bets $0.30
irohfire: folds 
h4h4h4h4hh: folds 
juliosilvei: calls $0.29 and is all-in
Uncalled bet ($0.01) returned to Jota0008
*** TURN *** [9c 2d 5c] [Qs]
*** RIVER *** [9c 2d 5c Qs] [2h]
*** SHOW DOWN ***
juliosilvei: shows [Qc Tc] (two pair, Queens and Deuces)
Jota0008: shows [As 9s] (two pair, Nines and Deuces)
juliosilvei cashed out the hand for $0.52 | Cash Out Fee $0.01
Jota0008 cashed out the hand for $0.43
*** SUMMARY ***
Total pot $0.99 | Rake $0.03 
Board [9c 2d 5c Qs 2h]
Seat 1: isena (button) folded before Flop (didn't bet)
Seat 2: Dorex2007 (small blind) folded before Flop
Seat 3: h4h4h4h4hh (big blind) folded on the Flop
Seat 4: ziggystarpoker folded before Flop (didn't bet)
Seat 5: juliosilvei showed [Qc Tc] and won ($0.96) with two pair, Queens and Deuces (pot not awarded as player cashed out)
Seat 6: kbeçaodobf folded before Flop (didn't bet)
Seat 8: Jota0008 showed [As 9s] and lost with two pair, Nines and Deuces (cashed out).
Seat 9: irohfire folded on the Flop



PokerStars Hand #226760842938:  Hold'em No Limit ($0.01/$0.02 USD) - 2021/05/14 15:34:48 PT [2021/05/14 18:34:48 ET]
Table 'Mizuho II' 9-max Seat #2 is the button
Seat 1: isena ($1.03 in chips) 
Seat 2: Dorex2007 ($3.49 in chips) 
Seat 3: h4h4h4h4hh ($2.43 in chips) 
Seat 4: ziggystarpoker ($0.88 in chips) 
Seat 5: juliosilvei ($0.52 in chips) 
Seat 8: Jota0008 ($2.29 in chips) 
Seat 9: irohfire ($1.32 in chips) 
h4h4h4h4hh: posts small blind $0.01
ziggystarpoker: posts big blind $0.02
*** HOLE CARDS ***
Dealt to Dorex2007 [Kd 9c]
juliosilvei: calls $0.02
Jota0008: folds 
irohfire: folds 
isena: raises $0.02 to $0.04
Dorex2007: folds 
h4h4h4h4hh: folds 
ziggystarpoker: folds 
Harawazlolo leaves the table
juliosilvei: calls $0.02
*** FLOP *** [As Jc 4d]
akarmara joins the table at seat #7 
juliosilvei: checks 
isena: checks 
*** TURN *** [As Jc 4d] [Qd]
juliosilvei: bets $0.06
isena: calls $0.06
*** RIVER *** [As Jc 4d Qd] [Ac]
juliosilvei: bets $0.10
isena: calls $0.10
*** SHOW DOWN ***
juliosilvei: shows [9d Js] (two pair, Aces and Jacks)
isena: shows [Qc 8d] (two pair, Aces and Queens)
isena collected $0.41 from pot
*** SUMMARY ***
Total pot $0.43 | Rake $0.02 
Board [As Jc 4d Qd Ac]
Seat 1: isena showed [Qc 8d] and won ($0.41) with two pair, Aces and Queens
Seat 2: Dorex2007 (button) folded before Flop (didn't bet)
Seat 3: h4h4h4h4hh (small blind) folded before Flop
Seat 4: ziggystarpoker (big blind) folded before Flop
Seat 5: juliosilvei showed [9d Js] and lost with two pair, Aces and Jacks
Seat 8: Jota0008 folded before Flop (didn't bet)
Seat 9: irohfire folded before Flop (didn't bet)



PokerStars Hand #226760878413:  Hold'em No Limit ($0.01/$0.02 USD) - 2021/05/14 15:35:47 PT [2021/05/14 18:35:47 ET]
Table 'Mizuho II' 9-max Seat #3 is the button
Seat 1: isena ($1.24 in chips) 
Seat 2: Dorex2007 ($3.49 in chips) 
Seat 3: h4h4h4h4hh ($2.42 in chips) 
Seat 4: ziggystarpoker ($0.86 in chips) 
Seat 5: juliosilvei ($0.32 in chips) 
Seat 8: Jota0008 ($2.29 in chips) 
Seat 9: irohfire ($1.32 in chips) 
ziggystarpoker: posts small blind $0.01
juliosilvei: posts big blind $0.02
akarmara: sits out 
*** HOLE CARDS ***
Dealt to Dorex2007 [3h Kc]
Jota0008: folds 
irohfire: folds 
isena: calls $0.02
Dorex2007: folds 
h4h4h4h4hh: calls $0.02
ziggystarpoker: calls $0.01
juliosilvei: raises $0.06 to $0.08
isena: folds 
h4h4h4h4hh: calls $0.06
ziggystarpoker: folds 
*** FLOP *** [2s 8s Kd]
juliosilvei: bets $0.24 and is all-in
h4h4h4h4hh: calls $0.24
*** TURN *** [2s 8s Kd] [4c]
*** RIVER *** [2s 8s Kd 4c] [9c]
*** SHOW DOWN ***
juliosilvei: shows [Tc Ah] (high card Ace)
h4h4h4h4hh: shows [6c 8h] (a pair of Eights)
h4h4h4h4hh collected $0.66 from pot
*** SUMMARY ***
Total pot $0.68 | Rake $0.02 
Board [2s 8s Kd 4c 9c]
Seat 1: isena folded before Flop
Seat 2: Dorex2007 folded before Flop (didn't bet)
Seat 3: h4h4h4h4hh (button) showed [6c 8h] and won ($0.66) with a pair of Eights
Seat 4: ziggystarpoker (small blind) folded before Flop
Seat 5: juliosilvei (big blind) showed [Tc Ah] and lost with high card Ace
Seat 8: Jota0008 folded before Flop (didn't bet)
Seat 9: irohfire folded before Flop (didn't bet)



PokerStars Hand #226760900671:  Hold'em No Limit ($0.01/$0.02 USD) - 2021/05/14 15:36:35 PT [2021/05/14 18:36:35 ET]
Table 'Mizuho II' 9-max Seat #4 is the button
Seat 1: isena ($1.22 in chips) 
Seat 2: Dorex2007 ($3.49 in chips) 
Seat 3: h4h4h4h4hh ($2.76 in chips) 
Seat 4: ziggystarpoker ($0.84 in chips) 
Seat 6: kbeçaodobf ($2.95 in chips) 
Seat 7: akarmara ($2 in chips) 
Seat 8: Jota0008 ($2.29 in chips) 
Seat 9: irohfire ($1.32 in chips) 
kbeçaodobf: posts small blind $0.01
akarmara: posts big blind $0.02
*** HOLE CARDS ***
Dealt to Dorex2007 [Kc Th]
Jota0008: folds 
irohfire: folds 
juliosilvei leaves the table
isena: folds 
Dorex2007: folds 
h4h4h4h4hh: calls $0.02
w8udied2fast joins the table at seat #5 
ziggystarpoker: calls $0.02
kbeçaodobf: folds 
akarmara: checks 
*** FLOP *** [Jh 5s 8c]
akarmara: checks 
h4h4h4h4hh: checks 
ziggystarpoker: bets $0.04
akarmara: folds 
h4h4h4h4hh: folds 
Uncalled bet ($0.04) returned to ziggystarpoker
ziggystarpoker collected $0.07 from pot
ziggystarpoker: doesn't show hand 
*** SUMMARY ***
Total pot $0.07 | Rake $0 
Board [Jh 5s 8c]
Seat 1: isena folded before Flop (didn't bet)
Seat 2: Dorex2007 folded before Flop (didn't bet)
Seat 3: h4h4h4h4hh folded on the Flop
Seat 4: ziggystarpoker (button) collected ($0.07)
Seat 6: kbeçaodobf (small blind) folded before Flop
Seat 7: akarmara (big blind) folded on the Flop
Seat 8: Jota0008 folded before Flop (didn't bet)
Seat 9: irohfire folded before Flop (didn't bet)



PokerStars Hand #226760923596:  Hold'em No Limit ($0.01/$0.02 USD) - 2021/05/14 15:37:05 PT [2021/05/14 18:37:05 ET]
Table 'Mizuho II' 9-max Seat #6 is the button
Seat 1: isena ($1.22 in chips) 
Seat 2: Dorex2007 ($3.49 in chips) 
Seat 3: h4h4h4h4hh ($2.74 in chips) 
Seat 4: ziggystarpoker ($0.89 in chips) 
Seat 6: kbeçaodobf ($2.94 in chips) 
Seat 7: akarmara ($2 in chips) 
Seat 8: Jota0008 ($2.29 in chips) 
Seat 9: irohfire ($1.32 in chips) 
akarmara: posts small blind $0.01
Jota0008: posts big blind $0.02
w8udied2fast: sits out 
*** HOLE CARDS ***
Dealt to Dorex2007 [5c 7d]
irohfire: raises $0.02 to $0.04
isena: folds 
Dorex2007: folds 
h4h4h4h4hh: folds 
ziggystarpoker: folds 
kbeçaodobf: calls $0.04
akarmara: folds 
Jota0008: calls $0.02
*** FLOP *** [6d 9s 6c]
Jota0008: checks 
irohfire: bets $0.07
kbeçaodobf: folds 
Jota0008: folds 
Uncalled bet ($0.07) returned to irohfire
irohfire collected $0.13 from pot
irohfire: doesn't show hand 
*** SUMMARY ***
Total pot $0.13 | Rake $0 
Board [6d 9s 6c]
Seat 1: isena folded before Flop (didn't bet)
Seat 2: Dorex2007 folded before Flop (didn't bet)
Seat 3: h4h4h4h4hh folded before Flop (didn't bet)
Seat 4: ziggystarpoker folded before Flop (didn't bet)
Seat 6: kbeçaodobf (button) folded on the Flop
Seat 7: akarmara (small blind) folded before Flop
Seat 8: Jota0008 (big blind) folded on the Flop
Seat 9: irohfire collected ($0.13)



PokerStars Hand #226760939902:  Hold'em No Limit ($0.01/$0.02 USD) - 2021/05/14 15:37:40 PT [2021/05/14 18:37:40 ET]
Table 'Mizuho II' 9-max Seat #7 is the button
Seat 1: isena ($1.22 in chips) 
Seat 2: Dorex2007 ($3.49 in chips) 
Seat 3: h4h4h4h4hh ($2.74 in chips) 
Seat 4: ziggystarpoker ($0.89 in chips) 
Seat 6: kbeçaodobf ($2.90 in chips) 
Seat 7: akarmara ($2 in chips) 
Seat 8: Jota0008 ($2.25 in chips) 
Seat 9: irohfire ($1.41 in chips) 
Jota0008: posts small blind $0.01
irohfire: posts big blind $0.02
w8udied2fast: sits out 
*** HOLE CARDS ***
Dealt to Dorex2007 [3d As]
isena: calls $0.02
Dorex2007: folds 
h4h4h4h4hh: folds 
ziggystarpoker: folds 
kbeçaodobf: folds 
akarmara: folds 
Jota0008: raises $0.04 to $0.06
irohfire: folds 
isena: calls $0.04
*** FLOP *** [5s 9h 9c]
Jota0008: checks 
isena: checks 
*** TURN *** [5s 9h 9c] [6c]
Jota0008: bets $0.14
isena: folds 
Uncalled bet ($0.14) returned to Jota0008
Jota0008 collected $0.14 from pot
Jota0008: doesn't show hand 
*** SUMMARY ***
Total pot $0.14 | Rake $0 
Board [5s 9h 9c 6c]
Seat 1: isena folded on the Turn
Seat 2: Dorex2007 folded before Flop (didn't bet)
Seat 3: h4h4h4h4hh folded before Flop (didn't bet)
Seat 4: ziggystarpoker folded before Flop (didn't bet)
Seat 6: kbeçaodobf folded before Flop (didn't bet)
Seat 7: akarmara (button) folded before Flop (didn't bet)
Seat 8: Jota0008 (small blind) collected ($0.14)
Seat 9: irohfire (big blind) folded before Flop



PokerStars Hand #226760959789:  Hold'em No Limit ($0.01/$0.02 USD) - 2021/05/14 15:38:23 PT [2021/05/14 18:38:23 ET]
Table 'Mizuho II' 9-max Seat #8 is the button
Seat 1: isena ($1.16 in chips) 
Seat 2: Dorex2007 ($3.49 in chips) 
Seat 3: h4h4h4h4hh ($2.74 in chips) 
Seat 4: ziggystarpoker ($0.89 in chips) 
Seat 6: kbeçaodobf ($2.90 in chips) 
Seat 7: akarmara ($2 in chips) 
Seat 8: Jota0008 ($2.33 in chips) 
Seat 9: irohfire ($1.39 in chips) 
irohfire: posts small blind $0.01
isena: posts big blind $0.02
w8udied2fast: sits out 
*** HOLE CARDS ***
Dealt to Dorex2007 [2h Qc]
Dorex2007: folds 
h4h4h4h4hh: folds 
ziggystarpoker: calls $0.02
kbeçaodobf: folds 
akarmara: folds 
Jota0008: folds 
irohfire: folds 
isena: raises $0.02 to $0.04
ziggystarpoker: calls $0.02
*** FLOP *** [2d 9h Ks]
isena: bets $0.02
ziggystarpoker: folds 
Uncalled bet ($0.02) returned to isena
isena collected $0.09 from pot
isena: doesn't show hand 
*** SUMMARY ***
Total pot $0.09 | Rake $0 
Board [2d 9h Ks]
Seat 1: isena (big blind) collected ($0.09)
Seat 2: Dorex2007 folded before Flop (didn't bet)
Seat 3: h4h4h4h4hh folded before Flop (didn't bet)
Seat 4: ziggystarpoker folded on the Flop
Seat 6: kbeçaodobf folded before Flop (didn't bet)
Seat 7: akarmara folded before Flop (didn't bet)
Seat 8: Jota0008 (button) folded before Flop (didn't bet)
Seat 9: irohfire (small blind) folded before Flop



PokerStars Hand #226760975251:  Hold'em No Limit ($0.01/$0.02 USD) - 2021/05/14 15:38:57 PT [2021/05/14 18:38:57 ET]
Table 'Mizuho II' 9-max Seat #9 is the button
Seat 1: isena ($1.21 in chips) 
Seat 2: Dorex2007 ($3.49 in chips) 
Seat 3: h4h4h4h4hh ($2.74 in chips) 
Seat 4: ziggystarpoker ($0.85 in chips) 
Seat 6: kbeçaodobf ($2.90 in chips) 
Seat 7: akarmara ($2 in chips) 
Seat 8: Jota0008 ($2.33 in chips) 
Seat 9: irohfire ($1.38 in chips) 
isena: posts small blind $0.01
Dorex2007: posts big blind $0.02
w8udied2fast: sits out 
*** HOLE CARDS ***
Dealt to Dorex2007 [3d 8c]
h4h4h4h4hh: folds 
ziggystarpoker: calls $0.02
kbeçaodobf: folds 
akarmara: folds 
Jota0008 is disconnected 
Jota0008 has timed out while disconnected
Jota0008: folds 
irohfire: raises $0.02 to $0.04
isena: calls $0.03
Dorex2007: folds 
ziggystarpoker: calls $0.02
*** FLOP *** [Tc Ad 8s]
isena: bets $0.02
ziggystarpoker: folds 
irohfire: raises $0.09 to $0.11
isena: folds 
Uncalled bet ($0.09) returned to irohfire
irohfire collected $0.17 from pot
irohfire: doesn't show hand 
*** SUMMARY ***
Total pot $0.18 | Rake $0.01 
Board [Tc Ad 8s]
Seat 1: isena (small blind) folded on the Flop
Seat 2: Dorex2007 (big blind) folded before Flop
Seat 3: h4h4h4h4hh folded before Flop (didn't bet)
Seat 4: ziggystarpoker folded on the Flop
Seat 6: kbeçaodobf folded before Flop (didn't bet)
Seat 7: akarmara folded before Flop (didn't bet)
Seat 8: Jota0008 folded before Flop (didn't bet)
Seat 9: irohfire (button) collected ($0.17)



PokerStars Hand #226760999108:  Hold'em No Limit ($0.01/$0.02 USD) - 2021/05/14 15:39:49 PT [2021/05/14 18:39:49 ET]
Table 'Mizuho II' 9-max Seat #1 is the button
Seat 1: isena ($1.15 in chips) 
Seat 2: Dorex2007 ($3.47 in chips) 
Seat 3: h4h4h4h4hh ($2.74 in chips) 
Seat 4: ziggystarpoker ($0.81 in chips) 
Seat 6: kbeçaodobf ($2.90 in chips) 
Seat 7: akarmara ($2 in chips) 
Seat 9: irohfire ($1.49 in chips) 
Dorex2007: posts small blind $0.01
h4h4h4h4hh: posts big blind $0.02
w8udied2fast: sits out 
*** HOLE CARDS ***
Dealt to Dorex2007 [Kh 3c]
ziggystarpoker: folds 
kbeçaodobf: calls $0.02
akarmara: raises $0.12 to $0.14
irohfire: folds 
isena: raises $1.01 to $1.15 and is all-in
Dorex2007: folds 
h4h4h4h4hh: folds 
kbeçaodobf: folds 
akarmara: calls $1.01
*** FLOP *** [Js 8h 9h]
*** TURN *** [Js 8h 9h] [Tc]
*** RIVER *** [Js 8h 9h Tc] [Qs]
*** SHOW DOWN ***
akarmara: shows [Ah Kd] (a straight, Ten to Ace)
isena: shows [Ad 3d] (a straight, Eight to Queen)
akarmara collected $2.27 from pot
*** SUMMARY ***
Total pot $2.35 | Rake $0.08 
Board [Js 8h 9h Tc Qs]
Seat 1: isena (button) showed [Ad 3d] and lost with a straight, Eight to Queen
Seat 2: Dorex2007 (small blind) folded before Flop
Seat 3: h4h4h4h4hh (big blind) folded before Flop
Seat 4: ziggystarpoker folded before Flop (didn't bet)
Seat 6: kbeçaodobf folded before Flop
Seat 7: akarmara showed [Ah Kd] and won ($2.27) with a straight, Ten to Ace
Seat 9: irohfire folded before Flop (didn't bet)



PokerStars Hand #226761019795:  Hold'em No Limit ($0.01/$0.02 USD) - 2021/05/14 15:40:33 PT [2021/05/14 18:40:33 ET]
Table 'Mizuho II' 9-max Seat #2 is the button
Seat 2: Dorex2007 ($3.46 in chips) 
Seat 3: h4h4h4h4hh ($2.72 in chips) 
Seat 4: ziggystarpoker ($0.81 in chips) 
Seat 6: kbeçaodobf ($2.88 in chips) 
Seat 9: irohfire ($1.49 in chips) 
h4h4h4h4hh: posts small blind $0.01
ziggystarpoker: posts big blind $0.02
w8udied2fast: sits out 
*** HOLE CARDS ***
Dealt to Dorex2007 [3c 5d]
kbeçaodobf: folds 
irohfire: folds 
Dorex2007: folds 
h4h4h4h4hh: folds 
Uncalled bet ($0.01) returned to ziggystarpoker
ziggystarpoker collected $0.02 from pot
ziggystarpoker: doesn't show hand 
*** SUMMARY ***
Total pot $0.02 | Rake $0 
Seat 2: Dorex2007 (button) folded before Flop (didn't bet)
Seat 3: h4h4h4h4hh (small blind) folded before Flop
Seat 4: ziggystarpoker (big blind) collected ($0.02)
Seat 6: kbeçaodobf folded before Flop (didn't bet)
Seat 9: irohfire folded before Flop (didn't bet)



PokerStars Hand #226761024792:  Hold'em No Limit ($0.01/$0.02 USD) - 2021/05/14 15:40:44 PT [2021/05/14 18:40:44 ET]
Table 'Mizuho II' 9-max Seat #3 is the button
Seat 2: Dorex2007 ($3.46 in chips) 
Seat 3: h4h4h4h4hh ($2.71 in chips) 
Seat 4: ziggystarpoker ($0.82 in chips) 
Seat 5: w8udied2fast ($2 in chips) 
Seat 6: kbeçaodobf ($2.88 in chips) 
Seat 7: akarmara ($3.12 in chips) 
Seat 9: irohfire ($1.49 in chips) 
ziggystarpoker: posts small blind $0.01
w8udied2fast: posts big blind $0.02
*** HOLE CARDS ***
Dealt to Dorex2007 [Ac 2d]
kbeçaodobf: calls $0.02
akarmara: folds 
irohfire: folds 
Dorex2007: folds 
h4h4h4h4hh: raises $0.03 to $0.05
isena leaves the table
ziggystarpoker: folds 
w8udied2fast: folds 
kreator1984 joins the table at seat #1 
kbeçaodobf: calls $0.03
*** FLOP *** [Kc 9c Kh]
kbeçaodobf: checks 
h4h4h4h4hh: checks 
*** TURN *** [Kc 9c Kh] [2h]
kbeçaodobf: checks 
h4h4h4h4hh: checks 
*** RIVER *** [Kc 9c Kh 2h] [Ah]
kbeçaodobf: checks 
h4h4h4h4hh: bets $0.07
kbeçaodobf: folds 
Uncalled bet ($0.07) returned to h4h4h4h4hh
h4h4h4h4hh collected $0.13 from pot
h4h4h4h4hh: doesn't show hand 
*** SUMMARY ***
Total pot $0.13 | Rake $0 
Board [Kc 9c Kh 2h Ah]
Seat 2: Dorex2007 folded before Flop (didn't bet)
Seat 3: h4h4h4h4hh (button) collected ($0.13)
Seat 4: ziggystarpoker (small blind) folded before Flop
Seat 5: w8udied2fast (big blind) folded before Flop
Seat 6: kbeçaodobf folded on the River
Seat 7: akarmara folded before Flop (didn't bet)
Seat 9: irohfire folded before Flop (didn't bet)



PokerStars Hand #226761045467:  Hold'em No Limit ($0.01/$0.02 USD) - 2021/05/14 15:41:29 PT [2021/05/14 18:41:29 ET]
Table 'Mizuho II' 9-max Seat #4 is the button
Seat 2: Dorex2007 ($3.46 in chips) 
Seat 3: h4h4h4h4hh ($2.79 in chips) 
Seat 4: ziggystarpoker ($0.81 in chips) 
Seat 5: w8udied2fast ($2 in chips) 
Seat 6: kbeçaodobf ($2.83 in chips) 
Seat 7: akarmara ($3.12 in chips) 
Seat 9: irohfire ($1.49 in chips) 
w8udied2fast: posts small blind $0.01
kbeçaodobf: posts big blind $0.02
kreator1984: sits out 
*** HOLE CARDS ***
Dealt to Dorex2007 [8c 5s]
akarmara: folds 
irohfire: folds 
akarmara leaves the table
Dorex2007: folds 
h4h4h4h4hh: folds 
ziggystarpoker: calls $0.02
moneykram joins the table at seat #7 
w8udied2fast: folds 
kbeçaodobf: checks 
*** FLOP *** [Kh 6d Qs]
kbeçaodobf: checks 
ziggystarpoker: checks 
*** TURN *** [Kh 6d Qs] [6h]
kbeçaodobf: checks 
ziggystarpoker: checks 
*** RIVER *** [Kh 6d Qs 6h] [As]
kbeçaodobf: bets $0.70
ziggystarpoker: folds 
Uncalled bet ($0.70) returned to kbeçaodobf
kbeçaodobf collected $0.05 from pot
kbeçaodobf: doesn't show hand 
*** SUMMARY ***
Total pot $0.05 | Rake $0 
Board [Kh 6d Qs 6h As]
Seat 2: Dorex2007 folded before Flop (didn't bet)
Seat 3: h4h4h4h4hh folded before Flop (didn't bet)
Seat 4: ziggystarpoker (button) folded on the River
Seat 5: w8udied2fast (small blind) folded before Flop
Seat 6: kbeçaodobf (big blind) collected ($0.05)
Seat 7: akarmara folded before Flop (didn't bet)
Seat 9: irohfire folded before Flop (didn't bet)



PokerStars Hand #226761068863:  Hold'em No Limit ($0.01/$0.02 USD) - 2021/05/14 15:42:20 PT [2021/05/14 18:42:20 ET]
Table 'Mizuho II' 9-max Seat #5 is the button
Seat 2: Dorex2007 ($3.46 in chips) 
Seat 3: h4h4h4h4hh ($2.79 in chips) 
Seat 4: ziggystarpoker ($0.79 in chips) 
Seat 5: w8udied2fast ($2 in chips) 
Seat 6: kbeçaodobf ($2.86 in chips) 
Seat 7: moneykram ($2 in chips) 
Seat 9: irohfire ($1.49 in chips) 
kbeçaodobf: posts small blind $0.01
moneykram: posts big blind $0.02
kreator1984: sits out 
*** HOLE CARDS ***
Dealt to Dorex2007 [6s Js]
irohfire: folds 
Dorex2007: folds 
h4h4h4h4hh: folds 
ziggystarpoker: folds 
w8udied2fast: raises $0.04 to $0.06
kbeçaodobf: calls $0.05
moneykram: folds 
*** FLOP *** [5h 5d 4s]
kbeçaodobf: checks 
w8udied2fast: checks 
*** TURN *** [5h 5d 4s] [Ac]
kbeçaodobf: checks 
w8udied2fast: bets $0.07
kbeçaodobf: calls $0.07
*** RIVER *** [5h 5d 4s Ac] [7h]
kbeçaodobf: checks 
w8udied2fast: checks 
*** SHOW DOWN ***
kbeçaodobf: shows [Kh Ks] (two pair, Kings and Fives)
w8udied2fast: mucks hand 
kbeçaodobf collected $0.27 from pot
*** SUMMARY ***
Total pot $0.28 | Rake $0.01 
Board [5h 5d 4s Ac 7h]
Seat 2: Dorex2007 folded before Flop (didn't bet)
Seat 3: h4h4h4h4hh folded before Flop (didn't bet)
Seat 4: ziggystarpoker folded before Flop (didn't bet)
Seat 5: w8udied2fast (button) mucked [Th 9c]
Seat 6: kbeçaodobf (small blind) showed [Kh Ks] and won ($0.27) with two pair, Kings and Fives
Seat 7: moneykram (big blind) folded before Flop
Seat 9: irohfire folded before Flop (didn't bet)



PokerStars Hand #226761092317:  Hold'em No Limit ($0.01/$0.02 USD) - 2021/05/14 15:43:12 PT [2021/05/14 18:43:12 ET]
Table 'Mizuho II' 9-max Seat #6 is the button
Seat 2: Dorex2007 ($3.46 in chips) 
Seat 3: h4h4h4h4hh ($2.79 in chips) 
Seat 4: ziggystarpoker ($0.79 in chips) 
Seat 5: w8udied2fast ($2 in chips) 
Seat 6: kbeçaodobf ($3 in chips) 
Seat 7: moneykram ($1.98 in chips) 
Seat 9: irohfire ($1.49 in chips) 
moneykram: posts small blind $0.01
irohfire: posts big blind $0.02
kreator1984: sits out 
*** HOLE CARDS ***
Dealt to Dorex2007 [4s 5c]
Dorex2007: folds 
h4h4h4h4hh: raises $0.03 to $0.05
ziggystarpoker: folds 
w8udied2fast: folds 
kbeçaodobf: folds 
moneykram: folds 
irohfire: folds 
Uncalled bet ($0.03) returned to h4h4h4h4hh
h4h4h4h4hh collected $0.05 from pot
h4h4h4h4hh: doesn't show hand 
*** SUMMARY ***
Total pot $0.05 | Rake $0 
Seat 2: Dorex2007 folded before Flop (didn't bet)
Seat 3: h4h4h4h4hh collected ($0.05)
Seat 4: ziggystarpoker folded before Flop (didn't bet)
Seat 5: w8udied2fast folded before Flop (didn't bet)
Seat 6: kbeçaodobf (button) folded before Flop (didn't bet)
Seat 7: moneykram (small blind) folded before Flop
Seat 9: irohfire (big blind) folded before Flop



PokerStars Hand #226761099266:  Hold'em No Limit ($0.01/$0.02 USD) - 2021/05/14 15:43:27 PT [2021/05/14 18:43:27 ET]
Table 'Mizuho II' 9-max Seat #7 is the button
Seat 1: kreator1984 ($2 in chips) 
Seat 2: Dorex2007 ($3.46 in chips) 
Seat 3: h4h4h4h4hh ($2.82 in chips) 
Seat 4: ziggystarpoker ($0.79 in chips) 
Seat 5: w8udied2fast ($2 in chips) 
Seat 6: kbeçaodobf ($3 in chips) 
Seat 7: moneykram ($2 in chips) 
Seat 9: irohfire ($1.47 in chips) 
irohfire: posts small blind $0.01
kreator1984: posts big blind $0.02
*** HOLE CARDS ***
Dealt to Dorex2007 [Ac 3d]
Dorex2007: folds 
h4h4h4h4hh: calls $0.02
ziggystarpoker: folds 
w8udied2fast: folds 
kbeçaodobf: folds 
moneykram: folds 
irohfire: folds 
kreator1984: checks 
*** FLOP *** [7s Qd Qh]
kreator1984: checks 
h4h4h4h4hh: checks 
*** TURN *** [7s Qd Qh] [3c]
kreator1984: checks 
h4h4h4h4hh: bets $0.03
kreator1984: folds 
Uncalled bet ($0.03) returned to h4h4h4h4hh
h4h4h4h4hh collected $0.05 from pot
h4h4h4h4hh: doesn't show hand 
*** SUMMARY ***
Total pot $0.05 | Rake $0 
Board [7s Qd Qh 3c]
Seat 1: kreator1984 (big blind) folded on the Turn
Seat 2: Dorex2007 folded before Flop (didn't bet)
Seat 3: h4h4h4h4hh collected ($0.05)
Seat 4: ziggystarpoker folded before Flop (didn't bet)
Seat 5: w8udied2fast folded before Flop (didn't bet)
Seat 6: kbeçaodobf folded before Flop (didn't bet)
Seat 7: moneykram (button) folded before Flop (didn't bet)
Seat 9: irohfire (small blind) folded before Flop



PokerStars Hand #226761110920:  Hold'em No Limit ($0.01/$0.02 USD) - 2021/05/14 15:43:53 PT [2021/05/14 18:43:53 ET]
Table 'Mizuho II' 9-max Seat #9 is the button
Seat 1: kreator1984 ($1.98 in chips) 
Seat 2: Dorex2007 ($3.46 in chips) 
Seat 3: h4h4h4h4hh ($2.85 in chips) 
Seat 4: ziggystarpoker ($0.79 in chips) 
Seat 5: w8udied2fast ($2 in chips) 
Seat 6: kbeçaodobf ($3 in chips) 
Seat 7: moneykram ($2 in chips) 
Seat 9: irohfire ($1.46 in chips) 
kreator1984: posts small blind $0.01
Dorex2007: posts big blind $0.02
*** HOLE CARDS ***
Dealt to Dorex2007 [Ad Th]
h4h4h4h4hh: folds 
ziggystarpoker: calls $0.02
w8udied2fast: folds 
kbeçaodobf: folds 
moneykram: folds 
irohfire: raises $0.02 to $0.04
kreator1984: calls $0.03
Dorex2007: calls $0.02
ziggystarpoker: calls $0.02
*** FLOP *** [Js 6c 6s]
kreator1984: checks 
Dorex2007: checks 
ziggystarpoker: bets $0.10
irohfire: folds 
kreator1984: folds 
Dorex2007: folds 
Uncalled bet ($0.10) returned to ziggystarpoker
ziggystarpoker collected $0.15 from pot
ziggystarpoker: doesn't show hand 
*** SUMMARY ***
Total pot $0.16 | Rake $0.01 
Board [Js 6c 6s]
Seat 1: kreator1984 (small blind) folded on the Flop
Seat 2: Dorex2007 (big blind) folded on the Flop
Seat 3: h4h4h4h4hh folded before Flop (didn't bet)
Seat 4: ziggystarpoker collected ($0.15)
Seat 5: w8udied2fast folded before Flop (didn't bet)
Seat 6: kbeçaodobf folded before Flop (didn't bet)
Seat 7: moneykram folded before Flop (didn't bet)
Seat 9: irohfire (button) folded on the Flop



PokerStars Hand #226761126547:  Hold'em No Limit ($0.01/$0.02 USD) - 2021/05/14 15:44:27 PT [2021/05/14 18:44:27 ET]
Table 'Mizuho II' 9-max Seat #1 is the button
Seat 1: kreator1984 ($1.94 in chips) 
Seat 2: Dorex2007 ($3.42 in chips) 
Seat 3: h4h4h4h4hh ($2.85 in chips) 
Seat 4: ziggystarpoker ($0.90 in chips) 
Seat 5: w8udied2fast ($2 in chips) 
Seat 6: kbeçaodobf ($3 in chips) 
Seat 7: moneykram ($2 in chips) 
Seat 9: irohfire ($1.42 in chips) 
Dorex2007: posts small blind $0.01
h4h4h4h4hh: posts big blind $0.02
*** HOLE CARDS ***
Dealt to Dorex2007 [Ad 2s]
ziggystarpoker: calls $0.02
w8udied2fast: folds 
kbeçaodobf: calls $0.02
moneykram: folds 
irohfire: raises $0.02 to $0.04
kreator1984: folds 
Dorex2007: folds 
h4h4h4h4hh: folds 
ziggystarpoker: calls $0.02
kbeçaodobf: calls $0.02
*** FLOP *** [4h 6s Ts]
ziggystarpoker: checks 
kbeçaodobf: checks 
irohfire: bets $0.07
ziggystarpoker: folds 
kbeçaodobf: calls $0.07
*** TURN *** [4h 6s Ts] [8s]
kbeçaodobf: checks 
irohfire: bets $0.14
kbeçaodobf: folds 
Uncalled bet ($0.14) returned to irohfire
irohfire collected $0.28 from pot
irohfire: doesn't show hand 
*** SUMMARY ***
Total pot $0.29 | Rake $0.01 
Board [4h 6s Ts 8s]
Seat 1: kreator1984 (button) folded before Flop (didn't bet)
Seat 2: Dorex2007 (small blind) folded before Flop
Seat 3: h4h4h4h4hh (big blind) folded before Flop
Seat 4: ziggystarpoker folded on the Flop
Seat 5: w8udied2fast folded before Flop (didn't bet)
Seat 6: kbeçaodobf folded on the Turn
Seat 7: moneykram folded before Flop (didn't bet)
Seat 9: irohfire collected ($0.28)



PokerStars Hand #226761149023:  Hold'em No Limit ($0.01/$0.02 USD) - 2021/05/14 15:45:16 PT [2021/05/14 18:45:16 ET]
Table 'Mizuho II' 9-max Seat #2 is the button
Seat 1: kreator1984 ($1.94 in chips) 
Seat 2: Dorex2007 ($3.41 in chips) 
Seat 3: h4h4h4h4hh ($2.83 in chips) 
Seat 4: ziggystarpoker ($0.86 in chips) 
Seat 5: w8udied2fast ($2 in chips) 
Seat 6: kbeçaodobf ($2.89 in chips) 
Seat 7: moneykram ($2 in chips) 
Seat 9: irohfire ($1.59 in chips) 
h4h4h4h4hh: posts small blind $0.01
ziggystarpoker: posts big blind $0.02
*** HOLE CARDS ***
Dealt to Dorex2007 [Qd 2s]
w8udied2fast: folds 
kbeçaodobf: raises $0.04 to $0.06
moneykram: folds 
irohfire: folds 
kreator1984: folds 
Dorex2007: folds 
h4h4h4h4hh: folds 
ziggystarpoker: calls $0.04
*** FLOP *** [4s 5s 8h]
ziggystarpoker: bets $0.10
kbeçaodobf: calls $0.10
*** TURN *** [4s 5s 8h] [8c]
ziggystarpoker: checks 
kbeçaodobf: bets $0.16
ziggystarpoker: calls $0.16
*** RIVER *** [4s 5s 8h 8c] [9c]
ziggystarpoker: checks 
kbeçaodobf: checks 
*** SHOW DOWN ***
ziggystarpoker: shows [Ah 8d] (three of a kind, Eights)
kbeçaodobf: mucks hand 
ziggystarpoker collected $0.63 from pot
*** SUMMARY ***
Total pot $0.65 | Rake $0.02 
Board [4s 5s 8h 8c 9c]
Seat 1: kreator1984 folded before Flop (didn't bet)
Seat 2: Dorex2007 (button) folded before Flop (didn't bet)
Seat 3: h4h4h4h4hh (small blind) folded before Flop
Seat 4: ziggystarpoker (big blind) showed [Ah 8d] and won ($0.63) with three of a kind, Eights
Seat 5: w8udied2fast folded before Flop (didn't bet)
Seat 6: kbeçaodobf mucked [Ac Qh]
Seat 7: moneykram folded before Flop (didn't bet)
Seat 9: irohfire folded before Flop (didn't bet)



PokerStars Hand #226761179269:  Hold'em No Limit ($0.01/$0.02 USD) - 2021/05/14 15:46:23 PT [2021/05/14 18:46:23 ET]
Table 'Mizuho II' 9-max Seat #3 is the button
Seat 1: kreator1984 ($1.94 in chips) 
Seat 2: Dorex2007 ($3.41 in chips) 
Seat 3: h4h4h4h4hh ($2.82 in chips) 
Seat 4: ziggystarpoker ($1.17 in chips) 
Seat 5: w8udied2fast ($2 in chips) 
Seat 6: kbeçaodobf ($2.57 in chips) 
Seat 7: moneykram ($2 in chips) 
Seat 9: irohfire ($1.59 in chips) 
ziggystarpoker: posts small blind $0.01
w8udied2fast: posts big blind $0.02
*** HOLE CARDS ***
Dealt to Dorex2007 [5h Js]
kbeçaodobf: raises $0.05 to $0.07
moneykram: folds 
irohfire: folds 
kreator1984: calls $0.07
Dorex2007: folds 
h4h4h4h4hh: folds 
ziggystarpoker: folds 
w8udied2fast: folds 
*** FLOP *** [2d 3c Jh]
kbeçaodobf: checks 
kreator1984: bets $0.13
kbeçaodobf: folds 
Uncalled bet ($0.13) returned to kreator1984
kreator1984 collected $0.16 from pot
kreator1984: doesn't show hand 
*** SUMMARY ***
Total pot $0.17 | Rake $0.01 
Board [2d 3c Jh]
Seat 1: kreator1984 collected ($0.16)
Seat 2: Dorex2007 folded before Flop (didn't bet)
Seat 3: h4h4h4h4hh (button) folded before Flop (didn't bet)
Seat 4: ziggystarpoker (small blind) folded before Flop
Seat 5: w8udied2fast (big blind) folded before Flop
Seat 6: kbeçaodobf folded on the Flop
Seat 7: moneykram folded before Flop (didn't bet)
Seat 9: irohfire folded before Flop (didn't bet)



PokerStars Hand #226761191378:  Hold'em No Limit ($0.01/$0.02 USD) - 2021/05/14 15:46:50 PT [2021/05/14 18:46:50 ET]
Table 'Mizuho II' 9-max Seat #4 is the button
Seat 1: kreator1984 ($2.03 in chips) 
Seat 2: Dorex2007 ($3.41 in chips) 
Seat 3: h4h4h4h4hh ($2.82 in chips) 
Seat 4: ziggystarpoker ($1.16 in chips) 
Seat 5: w8udied2fast ($2 in chips) 
Seat 6: kbeçaodobf ($2.50 in chips) 
Seat 7: moneykram ($2 in chips) 
Seat 9: irohfire ($1.59 in chips) 
w8udied2fast: posts small blind $0.01
kbeçaodobf: posts big blind $0.02
*** HOLE CARDS ***
Dealt to Dorex2007 [9s 8s]
moneykram: calls $0.02
irohfire: folds 
kreator1984: folds 
Dorex2007: calls $0.02
h4h4h4h4hh: folds 
ziggystarpoker: folds 
w8udied2fast: folds 
kbeçaodobf: checks 
*** FLOP *** [Kc 2d 6d]
kbeçaodobf: checks 
moneykram: checks 
Dorex2007: checks 
*** TURN *** [Kc 2d 6d] [8c]
kbeçaodobf: checks 
moneykram: checks 
Dorex2007: bets $0.07
kbeçaodobf: calls $0.07
moneykram: folds 
*** RIVER *** [Kc 2d 6d 8c] [Ah]
kbeçaodobf: checks 
Dorex2007: checks 
*** SHOW DOWN ***
kbeçaodobf: shows [2c 6c] (two pair, Sixes and Deuces)
Dorex2007: mucks hand 
kbeçaodobf collected $0.20 from pot
*** SUMMARY ***
Total pot $0.21 | Rake $0.01 
Board [Kc 2d 6d 8c Ah]
Seat 1: kreator1984 folded before Flop (didn't bet)
Seat 2: Dorex2007 mucked [9s 8s]
Seat 3: h4h4h4h4hh folded before Flop (didn't bet)
Seat 4: ziggystarpoker (button) folded before Flop (didn't bet)
Seat 5: w8udied2fast (small blind) folded before Flop
Seat 6: kbeçaodobf (big blind) showed [2c 6c] and won ($0.20) with two pair, Sixes and Deuces
Seat 7: moneykram folded on the Turn
Seat 9: irohfire folded before Flop (didn't bet)



PokerStars Hand #226761214238:  Hold'em No Limit ($0.01/$0.02 USD) - 2021/05/14 15:47:42 PT [2021/05/14 18:47:42 ET]
Table 'Mizuho II' 9-max Seat #5 is the button
Seat 1: kreator1984 ($2.03 in chips) 
Seat 2: Dorex2007 ($3.32 in chips) 
Seat 3: h4h4h4h4hh ($2.82 in chips) 
Seat 4: ziggystarpoker ($1.16 in chips) 
Seat 5: w8udied2fast ($2 in chips) 
Seat 6: kbeçaodobf ($2.61 in chips) 
Seat 7: moneykram ($1.98 in chips) 
Seat 9: irohfire ($1.59 in chips) 
kbeçaodobf: posts small blind $0.01
moneykram: posts big blind $0.02
*** HOLE CARDS ***
Dealt to Dorex2007 [8s 4s]
irohfire: folds 
kreator1984: folds 
Dorex2007: folds 
h4h4h4h4hh: raises $0.03 to $0.05
ziggystarpoker: folds 
w8udied2fast: folds 
kbeçaodobf: folds 
moneykram: folds 
Uncalled bet ($0.03) returned to h4h4h4h4hh
h4h4h4h4hh collected $0.05 from pot
h4h4h4h4hh: doesn't show hand 
*** SUMMARY ***
Total pot $0.05 | Rake $0 
Seat 1: kreator1984 folded before Flop (didn't bet)
Seat 2: Dorex2007 folded before Flop (didn't bet)
Seat 3: h4h4h4h4hh collected ($0.05)
Seat 4: ziggystarpoker folded before Flop (didn't bet)
Seat 5: w8udied2fast (button) folded before Flop (didn't bet)
Seat 6: kbeçaodobf (small blind) folded before Flop
Seat 7: moneykram (big blind) folded before Flop
Seat 9: irohfire folded before Flop (didn't bet)



PokerStars Hand #226761223312:  Hold'em No Limit ($0.01/$0.02 USD) - 2021/05/14 15:48:02 PT [2021/05/14 18:48:02 ET]
Table 'Mizuho II' 9-max Seat #6 is the button
Seat 1: kreator1984 ($2.03 in chips) 
Seat 2: Dorex2007 ($3.32 in chips) 
Seat 3: h4h4h4h4hh ($2.85 in chips) 
Seat 4: ziggystarpoker ($1.16 in chips) 
Seat 5: w8udied2fast ($2 in chips) 
Seat 6: kbeçaodobf ($2.60 in chips) 
Seat 7: moneykram ($1.96 in chips) 
Seat 9: irohfire ($1.59 in chips) 
moneykram: posts small blind $0.01
irohfire: posts big blind $0.02
*** HOLE CARDS ***
Dealt to Dorex2007 [9s Js]
kreator1984: folds 
Dorex2007: folds 
h4h4h4h4hh: calls $0.02
ziggystarpoker: calls $0.02
w8udied2fast: folds 
kbeçaodobf: calls $0.02
moneykram: folds 
irohfire: checks 
*** FLOP *** [Ac 6s Ah]
irohfire: bets $0.05
h4h4h4h4hh: folds 
ziggystarpoker: folds 
kbeçaodobf: folds 
Uncalled bet ($0.05) returned to irohfire
irohfire collected $0.09 from pot
irohfire: doesn't show hand 
*** SUMMARY ***
Total pot $0.09 | Rake $0 
Board [Ac 6s Ah]
Seat 1: kreator1984 folded before Flop (didn't bet)
Seat 2: Dorex2007 folded before Flop (didn't bet)
Seat 3: h4h4h4h4hh folded on the Flop
Seat 4: ziggystarpoker folded on the Flop
Seat 5: w8udied2fast folded before Flop (didn't bet)
Seat 6: kbeçaodobf (button) folded on the Flop
Seat 7: moneykram (small blind) folded before Flop
Seat 9: irohfire (big blind) collected ($0.09)



PokerStars Hand #226761242510:  Hold'em No Limit ($0.01/$0.02 USD) - 2021/05/14 15:48:44 PT [2021/05/14 18:48:44 ET]
Table 'Mizuho II' 9-max Seat #7 is the button
Seat 1: kreator1984 ($2.03 in chips) 
Seat 2: Dorex2007 ($3.32 in chips) 
Seat 3: h4h4h4h4hh ($2.83 in chips) 
Seat 4: ziggystarpoker ($1.14 in chips) 
Seat 5: w8udied2fast ($2 in chips) 
Seat 6: kbeçaodobf ($2.58 in chips) 
Seat 7: moneykram ($1.95 in chips) 
Seat 9: irohfire ($1.66 in chips) 
irohfire: posts small blind $0.01
kreator1984: posts big blind $0.02
*** HOLE CARDS ***
Dealt to Dorex2007 [2s 3h]
Dorex2007: folds 
h4h4h4h4hh: folds 
ziggystarpoker: folds 
w8udied2fast: folds 
kbeçaodobf: folds 
moneykram: calls $0.02
irohfire: calls $0.01
kreator1984: checks 
*** FLOP *** [3c As Kh]
irohfire: bets $0.03
kreator1984: folds 
moneykram: calls $0.03
*** TURN *** [3c As Kh] [4h]
Jota0008 leaves the table
irohfire: bets $0.06
moneykram: calls $0.06
*** RIVER *** [3c As Kh 4h] [7d]
marcbastien joins the table at seat #8 
irohfire: bets $0.23
moneykram: calls $0.23
*** SHOW DOWN ***
irohfire: shows [5c Ad] (a pair of Aces)
moneykram: mucks hand 
irohfire collected $0.68 from pot
*** SUMMARY ***
Total pot $0.70 | Rake $0.02 
Board [3c As Kh 4h 7d]
Seat 1: kreator1984 (big blind) folded on the Flop
Seat 2: Dorex2007 folded before Flop (didn't bet)
Seat 3: h4h4h4h4hh folded before Flop (didn't bet)
Seat 4: ziggystarpoker folded before Flop (didn't bet)
Seat 5: w8udied2fast folded before Flop (didn't bet)
Seat 6: kbeçaodobf folded before Flop (didn't bet)
Seat 7: moneykram (button) mucked [8s 8c]
Seat 9: irohfire (small blind) showed [5c Ad] and won ($0.68) with a pair of Aces



PokerStars Hand #226761264856:  Hold'em No Limit ($0.01/$0.02 USD) - 2021/05/14 15:49:35 PT [2021/05/14 18:49:35 ET]
Table 'Mizuho II' 9-max Seat #9 is the button
Seat 1: kreator1984 ($2.01 in chips) 
Seat 2: Dorex2007 ($3.32 in chips) 
Seat 3: h4h4h4h4hh ($2.83 in chips) 
Seat 4: ziggystarpoker ($1.14 in chips) 
Seat 5: w8udied2fast ($2 in chips) 
Seat 6: kbeçaodobf ($2.58 in chips) 
Seat 7: moneykram ($1.61 in chips) 
Seat 8: marcbastien ($2 in chips) 
Seat 9: irohfire ($2 in chips) 
kreator1984: posts small blind $0.01
Dorex2007: posts big blind $0.02
marcbastien: posts big blind $0.02
*** HOLE CARDS ***
Dealt to Dorex2007 [7s Ts]
h4h4h4h4hh: calls $0.02
ziggystarpoker: folds 
w8udied2fast: folds 
kbeçaodobf: folds 
moneykram: raises $1.59 to $1.61 and is all-in
marcbastien: folds 
irohfire: folds 
kreator1984: folds 
Dorex2007: folds 
h4h4h4h4hh: folds 
Uncalled bet ($1.59) returned to moneykram
moneykram collected $0.09 from pot
moneykram: doesn't show hand 
*** SUMMARY ***
Total pot $0.09 | Rake $0 
Seat 1: kreator1984 (small blind) folded before Flop
Seat 2: Dorex2007 (big blind) folded before Flop
Seat 3: h4h4h4h4hh folded before Flop
Seat 4: ziggystarpoker folded before Flop (didn't bet)
Seat 5: w8udied2fast folded before Flop (didn't bet)
Seat 6: kbeçaodobf folded before Flop (didn't bet)
Seat 7: moneykram collected ($0.09)
Seat 8: marcbastien folded before Flop (didn't bet)
Seat 9: irohfire (button) folded before Flop (didn't bet)



PokerStars Hand #226761280397:  Hold'em No Limit ($0.01/$0.02 USD) - 2021/05/14 15:50:10 PT [2021/05/14 18:50:10 ET]
Table 'Mizuho II' 9-max Seat #1 is the button
Seat 1: kreator1984 ($2 in chips) 
Seat 2: Dorex2007 ($3.30 in chips) 
Seat 3: h4h4h4h4hh ($2.81 in chips) 
Seat 4: ziggystarpoker ($1.14 in chips) 
Seat 5: w8udied2fast ($2 in chips) 
Seat 6: kbeçaodobf ($2.58 in chips) 
Seat 7: moneykram ($1.68 in chips) 
Seat 8: marcbastien ($1.98 in chips) 
Seat 9: irohfire ($2 in chips) 
Dorex2007: posts small blind $0.01
h4h4h4h4hh: posts big blind $0.02
*** HOLE CARDS ***
Dealt to Dorex2007 [8h 3h]
ziggystarpoker: folds 
w8udied2fast: folds 
kbeçaodobf: calls $0.02
moneykram: raises $1.66 to $1.68 and is all-in
marcbastien: folds 
irohfire: folds 
kreator1984: folds 
Dorex2007: folds 
h4h4h4h4hh: folds 
kbeçaodobf: folds 
Uncalled bet ($1.66) returned to moneykram
moneykram collected $0.07 from pot
moneykram: doesn't show hand 
*** SUMMARY ***
Total pot $0.07 | Rake $0 
Seat 1: kreator1984 (button) folded before Flop (didn't bet)
Seat 2: Dorex2007 (small blind) folded before Flop
Seat 3: h4h4h4h4hh (big blind) folded before Flop
Seat 4: ziggystarpoker folded before Flop (didn't bet)
Seat 5: w8udied2fast folded before Flop (didn't bet)
Seat 6: kbeçaodobf folded before Flop
Seat 7: moneykram collected ($0.07)
Seat 8: marcbastien folded before Flop (didn't bet)
Seat 9: irohfire folded before Flop (didn't bet)



PokerStars Hand #226761292665:  Hold'em No Limit ($0.01/$0.02 USD) - 2021/05/14 15:50:38 PT [2021/05/14 18:50:38 ET]
Table 'Mizuho II' 9-max Seat #2 is the button
Seat 1: kreator1984 ($2 in chips) 
Seat 2: Dorex2007 ($3.29 in chips) 
Seat 3: h4h4h4h4hh ($2.79 in chips) 
Seat 4: ziggystarpoker ($1.14 in chips) 
Seat 5: w8udied2fast ($2 in chips) 
Seat 6: kbeçaodobf ($2.56 in chips) 
Seat 7: moneykram ($1.73 in chips) 
Seat 8: marcbastien ($1.98 in chips) 
Seat 9: irohfire ($2 in chips) 
h4h4h4h4hh: posts small blind $0.01
ziggystarpoker: posts big blind $0.02
*** HOLE CARDS ***
Dealt to Dorex2007 [7d 7c]
w8udied2fast: folds 
kbeçaodobf: folds 
moneykram: folds 
marcbastien: folds 
irohfire: raises $0.02 to $0.04
kreator1984: folds 
Dorex2007: calls $0.04
h4h4h4h4hh: folds 
ziggystarpoker: folds 
*** FLOP *** [2h 9d Js]
irohfire: checks 
Dorex2007: bets $0.11
irohfire: calls $0.11
*** TURN *** [2h 9d Js] [4h]
irohfire: bets $0.16
Dorex2007: folds 
Uncalled bet ($0.16) returned to irohfire
irohfire collected $0.32 from pot
irohfire: doesn't show hand 
*** SUMMARY ***
Total pot $0.33 | Rake $0.01 
Board [2h 9d Js 4h]
Seat 1: kreator1984 folded before Flop (didn't bet)
Seat 2: Dorex2007 (button) folded on the Turn
Seat 3: h4h4h4h4hh (small blind) folded before Flop
Seat 4: ziggystarpoker (big blind) folded before Flop
Seat 5: w8udied2fast folded before Flop (didn't bet)
Seat 6: kbeçaodobf folded before Flop (didn't bet)
Seat 7: moneykram folded before Flop (didn't bet)
Seat 8: marcbastien folded before Flop (didn't bet)
Seat 9: irohfire collected ($0.32)



PokerStars Hand #226761308329:  Hold'em No Limit ($0.01/$0.02 USD) - 2021/05/14 15:51:13 PT [2021/05/14 18:51:13 ET]
Table 'Mizuho II' 9-max Seat #3 is the button
Seat 1: kreator1984 ($2 in chips) 
Seat 2: Dorex2007 ($3.14 in chips) 
Seat 3: h4h4h4h4hh ($2.78 in chips) 
Seat 4: ziggystarpoker ($1.12 in chips) 
Seat 5: w8udied2fast ($2 in chips) 
Seat 6: kbeçaodobf ($2.56 in chips) 
Seat 7: moneykram ($1.73 in chips) 
Seat 8: marcbastien ($1.98 in chips) 
Seat 9: irohfire ($2.17 in chips) 
ziggystarpoker: posts small blind $0.01
w8udied2fast: posts big blind $0.02
*** HOLE CARDS ***
Dealt to Dorex2007 [9s 5h]
kbeçaodobf: folds 
moneykram: calls $0.02
marcbastien: folds 
irohfire: folds 
kreator1984: folds 
Dorex2007: folds 
h4h4h4h4hh: folds 
ziggystarpoker: calls $0.01
w8udied2fast: checks 
*** FLOP *** [6c 2d 3c]
ziggystarpoker: checks 
w8udied2fast: checks 
moneykram: checks 
*** TURN *** [6c 2d 3c] [2c]
ziggystarpoker: checks 
w8udied2fast: checks 
moneykram: checks 
*** RIVER *** [6c 2d 3c 2c] [3s]
ziggystarpoker: checks 
w8udied2fast: bets $0.04
moneykram: folds 
ziggystarpoker: folds 
Uncalled bet ($0.04) returned to w8udied2fast
w8udied2fast collected $0.06 from pot
w8udied2fast: doesn't show hand 
*** SUMMARY ***
Total pot $0.06 | Rake $0 
Board [6c 2d 3c 2c 3s]
Seat 1: kreator1984 folded before Flop (didn't bet)
Seat 2: Dorex2007 folded before Flop (didn't bet)
Seat 3: h4h4h4h4hh (button) folded before Flop (didn't bet)
Seat 4: ziggystarpoker (small blind) folded on the River
Seat 5: w8udied2fast (big blind) collected ($0.06)
Seat 6: kbeçaodobf folded before Flop (didn't bet)
Seat 7: moneykram folded on the River
Seat 8: marcbastien folded before Flop (didn't bet)
Seat 9: irohfire folded before Flop (didn't bet)



PokerStars Hand #226761326805:  Hold'em No Limit ($0.01/$0.02 USD) - 2021/05/14 15:51:55 PT [2021/05/14 18:51:55 ET]
Table 'Mizuho II' 9-max Seat #4 is the button
Seat 1: kreator1984 ($2 in chips) 
Seat 2: Dorex2007 ($3.14 in chips) 
Seat 3: h4h4h4h4hh ($2.78 in chips) 
Seat 4: ziggystarpoker ($1.10 in chips) 
Seat 5: w8udied2fast ($2.04 in chips) 
Seat 6: kbeçaodobf ($2.56 in chips) 
Seat 7: moneykram ($1.71 in chips) 
Seat 8: marcbastien ($1.98 in chips) 
Seat 9: irohfire ($2.17 in chips) 
w8udied2fast: posts small blind $0.01
kbeçaodobf: posts big blind $0.02
*** HOLE CARDS ***
Dealt to Dorex2007 [Qd Js]
moneykram: folds 
marcbastien: folds 
irohfire: folds 
kreator1984: raises $0.04 to $0.06
Dorex2007: folds 
h4h4h4h4hh: calls $0.06
ziggystarpoker: folds 
w8udied2fast: folds 
kbeçaodobf: folds 
*** FLOP *** [2d 5h Jh]
kreator1984: bets $0.12
h4h4h4h4hh: calls $0.12
*** TURN *** [2d 5h Jh] [Th]
kreator1984: checks 
h4h4h4h4hh: checks 
*** RIVER *** [2d 5h Jh Th] [Ks]
kreator1984: bets $0.15
h4h4h4h4hh: calls $0.15
*** SHOW DOWN ***
kreator1984: shows [5s 5c] (three of a kind, Fives)
h4h4h4h4hh: mucks hand 
kreator1984 collected $0.67 from pot
*** SUMMARY ***
Total pot $0.69 | Rake $0.02 
Board [2d 5h Jh Th Ks]
Seat 1: kreator1984 showed [5s 5c] and won ($0.67) with three of a kind, Fives
Seat 2: Dorex2007 folded before Flop (didn't bet)
Seat 3: h4h4h4h4hh mucked [Kd Jc]
Seat 4: ziggystarpoker (button) folded before Flop (didn't bet)
Seat 5: w8udied2fast (small blind) folded before Flop
Seat 6: kbeçaodobf (big blind) folded before Flop
Seat 7: moneykram folded before Flop (didn't bet)
Seat 8: marcbastien folded before Flop (didn't bet)
Seat 9: irohfire folded before Flop (didn't bet)



PokerStars Hand #226761347544:  Hold'em No Limit ($0.01/$0.02 USD) - 2021/05/14 15:52:43 PT [2021/05/14 18:52:43 ET]
Table 'Mizuho II' 9-max Seat #5 is the button
Seat 1: kreator1984 ($2.34 in chips) 
Seat 2: Dorex2007 ($3.14 in chips) 
Seat 3: h4h4h4h4hh ($2.45 in chips) 
Seat 4: ziggystarpoker ($1.10 in chips) 
Seat 5: w8udied2fast ($2.03 in chips) 
Seat 6: kbeçaodobf ($2.54 in chips) 
Seat 7: moneykram ($1.71 in chips) 
Seat 8: marcbastien ($1.98 in chips) 
Seat 9: irohfire ($2.17 in chips) 
kbeçaodobf: posts small blind $0.01
moneykram: posts big blind $0.02
*** HOLE CARDS ***
Dealt to Dorex2007 [Qs 9c]
marcbastien: raises $0.02 to $0.04
irohfire: folds 
kreator1984: folds 
Dorex2007: folds 
h4h4h4h4hh: folds 
ziggystarpoker: folds 
w8udied2fast: folds 
kbeçaodobf: folds 
moneykram: calls $0.02
*** FLOP *** [8d 9h 3c]
moneykram: checks 
marcbastien: bets $0.02
moneykram: calls $0.02
*** TURN *** [8d 9h 3c] [Kh]
moneykram: checks 
marcbastien: bets $0.04
moneykram: folds 
Uncalled bet ($0.04) returned to marcbastien
marcbastien collected $0.13 from pot
marcbastien: doesn't show hand 
*** SUMMARY ***
Total pot $0.13 | Rake $0 
Board [8d 9h 3c Kh]
Seat 1: kreator1984 folded before Flop (didn't bet)
Seat 2: Dorex2007 folded before Flop (didn't bet)
Seat 3: h4h4h4h4hh folded before Flop (didn't bet)
Seat 4: ziggystarpoker folded before Flop (didn't bet)
Seat 5: w8udied2fast (button) folded before Flop (didn't bet)
Seat 6: kbeçaodobf (small blind) folded before Flop
Seat 7: moneykram (big blind) folded on the Turn
Seat 8: marcbastien collected ($0.13)
Seat 9: irohfire folded before Flop (didn't bet)



PokerStars Hand #226761373894:  Hold'em No Limit ($0.01/$0.02 USD) - 2021/05/14 15:53:43 PT [2021/05/14 18:53:43 ET]
Table 'Mizuho II' 9-max Seat #6 is the button
Seat 1: kreator1984 ($2.34 in chips) 
Seat 2: Dorex2007 ($3.14 in chips) 
Seat 3: h4h4h4h4hh ($2.45 in chips) 
Seat 4: ziggystarpoker ($1.10 in chips) 
Seat 5: w8udied2fast ($2.03 in chips) 
Seat 6: kbeçaodobf ($2.53 in chips) 
Seat 7: moneykram ($1.65 in chips) 
Seat 8: marcbastien ($2.05 in chips) 
Seat 9: irohfire ($2.17 in chips) 
moneykram: posts small blind $0.01
marcbastien: posts big blind $0.02
*** HOLE CARDS ***
Dealt to Dorex2007 [3s 4d]
irohfire: raises $0.02 to $0.04
kreator1984: folds 
Dorex2007: folds 
h4h4h4h4hh: folds 
ziggystarpoker: folds 
w8udied2fast: folds 
kbeçaodobf: calls $0.04
moneykram: folds 
marcbastien: calls $0.02
*** FLOP *** [8s 8c Qd]
marcbastien: checks 
irohfire: bets $0.04
kbeçaodobf: calls $0.04
marcbastien: calls $0.04
*** TURN *** [8s 8c Qd] [5c]
marcbastien: checks 
irohfire: checks 
kbeçaodobf: bets $0.12
marcbastien: folds 
irohfire: folds 
Uncalled bet ($0.12) returned to kbeçaodobf
kbeçaodobf collected $0.24 from pot
kbeçaodobf: doesn't show hand 
*** SUMMARY ***
Total pot $0.25 | Rake $0.01 
Board [8s 8c Qd 5c]
Seat 1: kreator1984 folded before Flop (didn't bet)
Seat 2: Dorex2007 folded before Flop (didn't bet)
Seat 3: h4h4h4h4hh folded before Flop (didn't bet)
Seat 4: ziggystarpoker folded before Flop (didn't bet)
Seat 5: w8udied2fast folded before Flop (didn't bet)
Seat 6: kbeçaodobf (button) collected ($0.24)
Seat 7: moneykram (small blind) folded before Flop
Seat 8: marcbastien (big blind) folded on the Turn
Seat 9: irohfire folded on the Turn



PokerStars Hand #226761411978:  Hold'em No Limit ($0.01/$0.02 USD) - 2021/05/14 15:54:48 PT [2021/05/14 18:54:48 ET]
Table 'Mizuho II' 9-max Seat #7 is the button
Seat 1: kreator1984 ($2.34 in chips) 
Seat 2: Dorex2007 ($3.14 in chips) 
Seat 3: h4h4h4h4hh ($2.45 in chips) 
Seat 4: ziggystarpoker ($1.10 in chips) 
Seat 5: w8udied2fast ($2.03 in chips) 
Seat 6: kbeçaodobf ($2.69 in chips) 
Seat 7: moneykram ($1.64 in chips) 
Seat 8: marcbastien ($1.97 in chips) 
Seat 9: irohfire ($2.09 in chips) 
marcbastien: posts small blind $0.01
irohfire: posts big blind $0.02
*** HOLE CARDS ***
Dealt to Dorex2007 [8h Js]
kreator1984: folds 
Dorex2007: folds 
h4h4h4h4hh: folds 
ziggystarpoker: folds 
w8udied2fast: folds 
kbeçaodobf: calls $0.02
moneykram: folds 
marcbastien: folds 
irohfire: checks 
*** FLOP *** [3c Th 6c]
irohfire: checks 
kbeçaodobf: checks 
*** TURN *** [3c Th 6c] [6s]
irohfire: checks 
kbeçaodobf: checks 
*** RIVER *** [3c Th 6c 6s] [Qh]
irohfire: checks 
kbeçaodobf: checks 
*** SHOW DOWN ***
irohfire: shows [5s 8c] (a pair of Sixes)
kbeçaodobf: shows [Kd 9s] (a pair of Sixes - King kicker)
kbeçaodobf collected $0.05 from pot
*** SUMMARY ***
Total pot $0.05 | Rake $0 
Board [3c Th 6c 6s Qh]
Seat 1: kreator1984 folded before Flop (didn't bet)
Seat 2: Dorex2007 folded before Flop (didn't bet)
Seat 3: h4h4h4h4hh folded before Flop (didn't bet)
Seat 4: ziggystarpoker folded before Flop (didn't bet)
Seat 5: w8udied2fast folded before Flop (didn't bet)
Seat 6: kbeçaodobf showed [Kd 9s] and won ($0.05) with a pair of Sixes
Seat 7: moneykram (button) folded before Flop (didn't bet)
Seat 8: marcbastien (small blind) folded before Flop
Seat 9: irohfire (big blind) showed [5s 8c] and lost with a pair of Sixes



PokerStars Hand #226761425838:  Hold'em No Limit ($0.01/$0.02 USD) - 2021/05/14 15:55:25 PT [2021/05/14 18:55:25 ET]
Table 'Mizuho II' 9-max Seat #8 is the button
Seat 1: kreator1984 ($2.34 in chips) 
Seat 2: Dorex2007 ($3.14 in chips) 
Seat 3: h4h4h4h4hh ($2.45 in chips) 
Seat 4: ziggystarpoker ($1.10 in chips) 
Seat 5: w8udied2fast ($2.03 in chips) 
Seat 6: kbeçaodobf ($2.72 in chips) 
Seat 7: moneykram ($1.64 in chips) 
Seat 8: marcbastien ($1.96 in chips) 
Seat 9: irohfire ($2.07 in chips) 
irohfire: posts small blind $0.01
kreator1984: posts big blind $0.02
*** HOLE CARDS ***
Dealt to Dorex2007 [8d 2c]
Dorex2007: folds 
h4h4h4h4hh: folds 
ziggystarpoker: folds 
w8udied2fast: folds 
kbeçaodobf: folds 
moneykram: calls $0.02
marcbastien: raises $0.02 to $0.04
irohfire: folds 
kreator1984: folds 
moneykram: calls $0.02
*** FLOP *** [Tc 3c 8s]
moneykram: checks 
marcbastien: bets $0.02
moneykram: calls $0.02
*** TURN *** [Tc 3c 8s] [4d]
moneykram: checks 
marcbastien: bets $0.06
moneykram: folds 
Uncalled bet ($0.06) returned to marcbastien
marcbastien collected $0.14 from pot
marcbastien: doesn't show hand 
*** SUMMARY ***
Total pot $0.15 | Rake $0.01 
Board [Tc 3c 8s 4d]
Seat 1: kreator1984 (big blind) folded before Flop
Seat 2: Dorex2007 folded before Flop (didn't bet)
Seat 3: h4h4h4h4hh folded before Flop (didn't bet)
Seat 4: ziggystarpoker folded before Flop (didn't bet)
Seat 5: w8udied2fast folded before Flop (didn't bet)
Seat 6: kbeçaodobf folded before Flop (didn't bet)
Seat 7: moneykram folded on the Turn
Seat 8: marcbastien (button) collected ($0.14)
Seat 9: irohfire (small blind) folded before Flop



PokerStars Hand #226761453199:  Hold'em No Limit ($0.01/$0.02 USD) - 2021/05/14 15:56:45 PT [2021/05/14 18:56:45 ET]
Table 'Mizuho II' 9-max Seat #9 is the button
Seat 1: kreator1984 ($2.32 in chips) 
Seat 2: Dorex2007 ($3.14 in chips) 
Seat 3: h4h4h4h4hh ($2.45 in chips) 
Seat 4: ziggystarpoker ($1.10 in chips) 
Seat 5: w8udied2fast ($2.03 in chips) 
Seat 6: kbeçaodobf ($2.72 in chips) 
Seat 7: moneykram ($1.58 in chips) 
Seat 8: marcbastien ($2.04 in chips) 
Seat 9: irohfire ($2.06 in chips) 
kreator1984: posts small blind $0.01
Dorex2007: posts big blind $0.02
*** HOLE CARDS ***
Dealt to Dorex2007 [4h 3h]
h4h4h4h4hh: folds 
ziggystarpoker: folds 
w8udied2fast: folds 
kbeçaodobf: folds 
moneykram: folds 
marcbastien: folds 
irohfire: folds 
kreator1984: folds 
Uncalled bet ($0.01) returned to Dorex2007
Dorex2007 collected $0.02 from pot
Dorex2007: doesn't show hand 
*** SUMMARY ***
Total pot $0.02 | Rake $0 
Seat 1: kreator1984 (small blind) folded before Flop
Seat 2: Dorex2007 (big blind) collected ($0.02)
Seat 3: h4h4h4h4hh folded before Flop (didn't bet)
Seat 4: ziggystarpoker folded before Flop (didn't bet)
Seat 5: w8udied2fast folded before Flop (didn't bet)
Seat 6: kbeçaodobf folded before Flop (didn't bet)
Seat 7: moneykram folded before Flop (didn't bet)
Seat 8: marcbastien folded before Flop (didn't bet)
Seat 9: irohfire (button) folded before Flop (didn't bet)



PokerStars Hand #226761462847:  Hold'em No Limit ($0.01/$0.02 USD) - 2021/05/14 15:57:14 PT [2021/05/14 18:57:14 ET]
Table 'Mizuho II' 9-max Seat #1 is the button
Seat 1: kreator1984 ($2.31 in chips) 
Seat 2: Dorex2007 ($3.15 in chips) 
Seat 3: h4h4h4h4hh ($2.45 in chips) 
Seat 4: ziggystarpoker ($1.10 in chips) 
Seat 5: w8udied2fast ($2.03 in chips) 
Seat 6: kbeçaodobf ($2.72 in chips) 
Seat 7: moneykram ($1.58 in chips) 
Seat 8: marcbastien ($2.04 in chips) 
Seat 9: irohfire ($2.06 in chips) 
Dorex2007: posts small blind $0.01
h4h4h4h4hh: posts big blind $0.02
*** HOLE CARDS ***
Dealt to Dorex2007 [Ts 5s]
ziggystarpoker: folds 
w8udied2fast: folds 
kbeçaodobf: calls $0.02
moneykram: folds 
marcbastien: raises $0.04 to $0.06
irohfire: folds 
kreator1984: folds 
Dorex2007: folds 
h4h4h4h4hh: folds 
kbeçaodobf: calls $0.04
*** FLOP *** [7s Kh 6h]
kbeçaodobf: checks 
marcbastien: bets $0.02
kbeçaodobf: calls $0.02
*** TURN *** [7s Kh 6h] [4s]
kbeçaodobf: checks 
marcbastien: bets $0.02
kbeçaodobf: calls $0.02
*** RIVER *** [7s Kh 6h 4s] [Kc]
kbeçaodobf: checks 
marcbastien: bets $0.22
kbeçaodobf: folds 
Uncalled bet ($0.22) returned to marcbastien
marcbastien collected $0.22 from pot
marcbastien: doesn't show hand 
*** SUMMARY ***
Total pot $0.23 | Rake $0.01 
Board [7s Kh 6h 4s Kc]
Seat 1: kreator1984 (button) folded before Flop (didn't bet)
Seat 2: Dorex2007 (small blind) folded before Flop
Seat 3: h4h4h4h4hh (big blind) folded before Flop
Seat 4: ziggystarpoker folded before Flop (didn't bet)
Seat 5: w8udied2fast folded before Flop (didn't bet)
Seat 6: kbeçaodobf folded on the River
Seat 7: moneykram folded before Flop (didn't bet)
Seat 8: marcbastien collected ($0.22)
Seat 9: irohfire folded before Flop (didn't bet)



PokerStars Hand #226761476685:  Hold'em No Limit ($0.01/$0.02 USD) - 2021/05/14 15:57:55 PT [2021/05/14 18:57:55 ET]
Table 'Mizuho II' 9-max Seat #2 is the button
Seat 1: kreator1984 ($2.31 in chips) 
Seat 2: Dorex2007 ($3.14 in chips) 
Seat 3: h4h4h4h4hh ($2.43 in chips) 
Seat 4: ziggystarpoker ($1.10 in chips) 
Seat 5: w8udied2fast ($2.03 in chips) 
Seat 6: kbeçaodobf ($2.62 in chips) 
Seat 7: moneykram ($1.58 in chips) 
Seat 8: marcbastien ($2.16 in chips) 
Seat 9: irohfire ($2.06 in chips) 
h4h4h4h4hh: posts small blind $0.01
ziggystarpoker: posts big blind $0.02
*** HOLE CARDS ***
Dealt to Dorex2007 [Tc 5h]
w8udied2fast: folds 
kbeçaodobf: calls $0.02
moneykram: calls $0.02
marcbastien: folds 
irohfire: folds 
kreator1984: raises $0.03 to $0.05
Dorex2007: folds 
h4h4h4h4hh: folds 
ziggystarpoker: folds 
kbeçaodobf: calls $0.03
moneykram: calls $0.03
*** FLOP *** [8d 3h Qd]
kbeçaodobf: checks 
moneykram: checks 
kreator1984: checks 
*** TURN *** [8d 3h Qd] [Ah]
kbeçaodobf: checks 
moneykram: checks 
kreator1984: checks 
*** RIVER *** [8d 3h Qd Ah] [4h]
kbeçaodobf: checks 
moneykram: checks 
kreator1984: checks 
*** SHOW DOWN ***
kbeçaodobf: shows [9h 9d] (a pair of Nines)
moneykram: mucks hand 
kreator1984: mucks hand 
kbeçaodobf collected $0.17 from pot
*** SUMMARY ***
Total pot $0.18 | Rake $0.01 
Board [8d 3h Qd Ah 4h]
Seat 1: kreator1984 mucked [5c 5s]
Seat 2: Dorex2007 (button) folded before Flop (didn't bet)
Seat 3: h4h4h4h4hh (small blind) folded before Flop
Seat 4: ziggystarpoker (big blind) folded before Flop
Seat 5: w8udied2fast folded before Flop (didn't bet)
Seat 6: kbeçaodobf showed [9h 9d] and won ($0.17) with a pair of Nines
Seat 7: moneykram mucked [8s 7s]
Seat 8: marcbastien folded before Flop (didn't bet)
Seat 9: irohfire folded before Flop (didn't bet)



PokerStars Hand #226761509932:  Hold'em No Limit ($0.01/$0.02 USD) - 2021/05/14 15:59:33 PT [2021/05/14 18:59:33 ET]
Table 'Mizuho II' 9-max Seat #4 is the button
Seat 2: Dorex2007 ($3.14 in chips) 
Seat 3: h4h4h4h4hh ($2.42 in chips) 
Seat 4: ziggystarpoker ($1.07 in chips) 
Seat 5: w8udied2fast ($2.01 in chips) 
Seat 6: kbeçaodobf ($2.74 in chips) 
Seat 8: marcbastien ($2.25 in chips) 
Seat 9: irohfire ($2.01 in chips) 
w8udied2fast: posts small blind $0.01
kbeçaodobf: posts big blind $0.02
*** HOLE CARDS ***
Dealt to Dorex2007 [Ah Ad]
marcbastien: raises $0.03 to $0.05
irohfire: folds 
Dorex2007: calls $0.05
h4h4h4h4hh: folds 
ziggystarpoker: folds 
w8udied2fast: folds 
kbeçaodobf: folds 
*** FLOP *** [Tc 2d 8s]
marcbastien: bets $0.02
Dorex2007: calls $0.02
*** TURN *** [Tc 2d 8s] [As]
marcbastien: checks 
Dorex2007: checks 
*** RIVER *** [Tc 2d 8s As] [9c]
marcbastien: bets $0.08
tutjak joins the table at seat #7 
Dorex2007: raises $0.12 to $0.20
marcbastien: folds 
Uncalled bet ($0.12) returned to Dorex2007
Dorex2007 collected $0.32 from pot
Dorex2007: doesn't show hand 
*** SUMMARY ***
Total pot $0.33 | Rake $0.01 
Board [Tc 2d 8s As 9c]
Seat 2: Dorex2007 collected ($0.32)
Seat 3: h4h4h4h4hh folded before Flop (didn't bet)
Seat 4: ziggystarpoker (button) folded before Flop (didn't bet)
Seat 5: w8udied2fast (small blind) folded before Flop
Seat 6: kbeçaodobf (big blind) folded before Flop
Seat 8: marcbastien folded on the River
Seat 9: irohfire folded before Flop (didn't bet)



PokerStars Hand #226761531435:  Hold'em No Limit ($0.01/$0.02 USD) - 2021/05/14 16:00:34 PT [2021/05/14 19:00:34 ET]
Table 'Mizuho II' 9-max Seat #5 is the button
Seat 2: Dorex2007 ($3.31 in chips) 
Seat 3: h4h4h4h4hh ($2.42 in chips) 
Seat 4: ziggystarpoker ($1.07 in chips) 
Seat 5: w8udied2fast ($2 in chips) 
Seat 6: kbeçaodobf ($2.72 in chips) 
Seat 7: tutjak ($2 in chips) 
Seat 8: marcbastien ($2.10 in chips) 
Seat 9: irohfire ($2.01 in chips) 
kbeçaodobf: posts small blind $0.01
tutjak: posts big blind $0.02
*** HOLE CARDS ***
Dealt to Dorex2007 [4s 6c]
marcbastien: folds 
irohfire: raises $0.02 to $0.04
Dorex2007: folds 
h4h4h4h4hh: folds 
marcbastien said, "air"
ziggystarpoker: folds 
w8udied2fast: raises $0.12 to $0.16
kbeçaodobf: folds 
tutjak: folds 
irohfire: calls $0.12
*** FLOP *** [8s Tc Ad]
irohfire: bets $0.17
w8udied2fast: calls $0.17
*** TURN *** [8s Tc Ad] [Td]
irohfire: bets $0.67
w8udied2fast: folds 
Uncalled bet ($0.67) returned to irohfire
irohfire collected $0.67 from pot
irohfire: doesn't show hand 
*** SUMMARY ***
Total pot $0.69 | Rake $0.02 
Board [8s Tc Ad Td]
Seat 2: Dorex2007 folded before Flop (didn't bet)
Seat 3: h4h4h4h4hh folded before Flop (didn't bet)
Seat 4: ziggystarpoker folded before Flop (didn't bet)
Seat 5: w8udied2fast (button) folded on the Turn
Seat 6: kbeçaodobf (small blind) folded before Flop
Seat 7: tutjak (big blind) folded before Flop
Seat 8: marcbastien folded before Flop (didn't bet)
Seat 9: irohfire collected ($0.67)



PokerStars Hand #226761557034:  Hold'em No Limit ($0.01/$0.02 USD) - 2021/05/14 16:01:28 PT [2021/05/14 19:01:28 ET]
Table 'Mizuho II' 9-max Seat #6 is the button
Seat 2: Dorex2007 ($3.31 in chips) 
Seat 3: h4h4h4h4hh ($2.42 in chips) 
Seat 4: ziggystarpoker ($1.07 in chips) 
Seat 5: w8udied2fast ($2 in chips) 
Seat 6: kbeçaodobf ($2.71 in chips) 
Seat 7: tutjak ($2 in chips) 
Seat 8: marcbastien ($2.10 in chips) 
Seat 9: irohfire ($2.35 in chips) 
tutjak: posts small blind $0.01
marcbastien: posts big blind $0.02
*** HOLE CARDS ***
Dealt to Dorex2007 [2d 4h]
irohfire: folds 
Dorex2007: folds 
h4h4h4h4hh: raises $0.05 to $0.07
ziggystarpoker: folds 
w8udied2fast: folds 
kbeçaodobf: folds 
tutjak: folds 
marcbastien: calls $0.05
*** FLOP *** [8d 2s 9c]
marcbastien: bets $0.05
h4h4h4h4hh: calls $0.05
*** TURN *** [8d 2s 9c] [Js]
marcbastien: bets $0.08
h4h4h4h4hh: calls $0.08
*** RIVER *** [8d 2s 9c Js] [5h]
marcbastien: bets $0.40
h4h4h4h4hh: raises $0.40 to $0.80
marcbastien: calls $0.40
*** SHOW DOWN ***
h4h4h4h4hh: shows [Ah Qd] (high card Ace)
marcbastien: shows [Jd Qc] (a pair of Jacks)
marcbastien collected $1.94 from pot
*** SUMMARY ***
Total pot $2.01 | Rake $0.07 
Board [8d 2s 9c Js 5h]
Seat 2: Dorex2007 folded before Flop (didn't bet)
Seat 3: h4h4h4h4hh showed [Ah Qd] and lost with high card Ace
Seat 4: ziggystarpoker folded before Flop (didn't bet)
Seat 5: w8udied2fast folded before Flop (didn't bet)
Seat 6: kbeçaodobf (button) folded before Flop (didn't bet)
Seat 7: tutjak (small blind) folded before Flop
Seat 8: marcbastien (big blind) showed [Jd Qc] and won ($1.94) with a pair of Jacks
Seat 9: irohfire folded before Flop (didn't bet)



PokerStars Hand #226761576535:  Hold'em No Limit ($0.01/$0.02 USD) - 2021/05/14 16:02:15 PT [2021/05/14 19:02:15 ET]
Table 'Mizuho II' 9-max Seat #7 is the button
Seat 1: kreator1984 ($2.26 in chips) 
Seat 2: Dorex2007 ($3.31 in chips) 
Seat 3: h4h4h4h4hh ($1.42 in chips) 
Seat 4: ziggystarpoker ($1.07 in chips) 
Seat 5: w8udied2fast ($2 in chips) 
Seat 6: kbeçaodobf ($2.71 in chips) 
Seat 7: tutjak ($2 in chips) 
Seat 8: marcbastien ($3.04 in chips) 
Seat 9: irohfire ($2.35 in chips) 
marcbastien: posts small blind $0.01
irohfire: posts big blind $0.02
*** HOLE CARDS ***
Dealt to Dorex2007 [2d 9s]
kreator1984: folds 
Dorex2007: folds 
h4h4h4h4hh: raises $0.03 to $0.05
ziggystarpoker: calls $0.05
w8udied2fast: folds 
kbeçaodobf: calls $0.05
tutjak: folds 
marcbastien: raises $0.07 to $0.12
irohfire: folds 
h4h4h4h4hh: calls $0.07
ziggystarpoker: folds 
kbeçaodobf: calls $0.07
*** FLOP *** [7c 7s Qh]
irohfire leaves the table
marcbastien: bets $0.04
h4h4h4h4hh: folds 
kbeçaodobf: calls $0.04
*** TURN *** [7c 7s Qh] [Js]
marcbastien: bets $0.04
kbeçaodobf: calls $0.04
*** RIVER *** [7c 7s Qh Js] [2s]
kreator1984 leaves the table
marcbastien: bets $0.57
kbeçaodobf: calls $0.57
*** SHOW DOWN ***
marcbastien: shows [Kh Qs] (two pair, Queens and Sevens)
kbeçaodobf: shows [8c 7h] (three of a kind, Sevens)
kbeçaodobf collected $1.67 from pot
*** SUMMARY ***
Total pot $1.73 | Rake $0.06 
Board [7c 7s Qh Js 2s]
Seat 1: kreator1984 folded before Flop (didn't bet)
Seat 2: Dorex2007 folded before Flop (didn't bet)
Seat 3: h4h4h4h4hh folded on the Flop
Seat 4: ziggystarpoker folded before Flop
Seat 5: w8udied2fast folded before Flop (didn't bet)
Seat 6: kbeçaodobf showed [8c 7h] and won ($1.67) with three of a kind, Sevens
Seat 7: tutjak (button) folded before Flop (didn't bet)
Seat 8: marcbastien (small blind) showed [Kh Qs] and lost with two pair, Queens and Sevens
Seat 9: irohfire (big blind) folded before Flop



PokerStars Hand #226761602172:  Hold'em No Limit ($0.01/$0.02 USD) - 2021/05/14 16:03:15 PT [2021/05/14 19:03:15 ET]
Table 'Mizuho II' 9-max Seat #8 is the button
Seat 2: Dorex2007 ($3.31 in chips) 
Seat 3: h4h4h4h4hh ($1.30 in chips) 
Seat 4: ziggystarpoker ($1.02 in chips) 
Seat 5: w8udied2fast ($2 in chips) 
Seat 6: kbeçaodobf ($3.61 in chips) 
Seat 7: tutjak ($2 in chips) 
Seat 8: marcbastien ($2.27 in chips) 
Dorex2007: posts small blind $0.01
h4h4h4h4hh: posts big blind $0.02
*** HOLE CARDS ***
Dealt to Dorex2007 [Th 5d]
ziggystarpoker: calls $0.02
w8udied2fast: folds 
kbeçaodobf: calls $0.02
marcbastien said, "never saw it"
tutjak: calls $0.02
marcbastien: folds 
Dorex2007: folds 
h4h4h4h4hh: checks 
*** FLOP *** [3c 3d 8h]
marcbastien said, "nh"
h4h4h4h4hh: checks 
ziggystarpoker: checks 
kbeçaodobf: checks 
tutjak: checks 
*** TURN *** [3c 3d 8h] [2d]
kbeçaodobf said, "never"
h4h4h4h4hh: checks 
kbeçaodobf said, "ty"
ziggystarpoker: checks 
kbeçaodobf: bets $0.04
tutjak: folds 
h4h4h4h4hh: calls $0.04
ziggystarpoker: folds 
*** RIVER *** [3c 3d 8h 2d] [2s]
ziggystarpoker leaves the table
h4h4h4h4hh: checks 
kbeçaodobf: checks 
*** SHOW DOWN ***
h4h4h4h4hh: shows [2h 9d] (a full house, Deuces full of Threes)
kbeçaodobf: mucks hand 
h4h4h4h4hh collected $0.16 from pot
*** SUMMARY ***
Total pot $0.17 | Rake $0.01 
Board [3c 3d 8h 2d 2s]
Seat 2: Dorex2007 (small blind) folded before Flop
Seat 3: h4h4h4h4hh (big blind) showed [2h 9d] and won ($0.16) with a full house, Deuces full of Threes
Seat 4: ziggystarpoker folded on the Turn
Seat 5: w8udied2fast folded before Flop (didn't bet)
Seat 6: kbeçaodobf mucked [9s Ad]
Seat 7: tutjak folded on the Turn
Seat 8: marcbastien (button) folded before Flop (didn't bet)



PokerStars Hand #226761621476:  Hold'em No Limit ($0.01/$0.02 USD) - 2021/05/14 16:04:01 PT [2021/05/14 19:04:01 ET]
Table 'Mizuho II' 9-max Seat #2 is the button
Seat 2: Dorex2007 ($3.30 in chips) 
Seat 3: h4h4h4h4hh ($1.40 in chips) 
Seat 5: w8udied2fast ($2 in chips) 
Seat 6: kbeçaodobf ($3.55 in chips) 
Seat 7: tutjak ($2 in chips) 
Seat 8: marcbastien ($2.27 in chips) 
h4h4h4h4hh: posts small blind $0.01
w8udied2fast: posts big blind $0.02
*** HOLE CARDS ***
Dealt to Dorex2007 [Th 4c]
kbeçaodobf: raises $0.05 to $0.07
tutjak: folds 
marcbastien: folds 
Dorex2007: folds 
h4h4h4h4hh: raises $0.16 to $0.23
w8udied2fast: folds 
kbeçaodobf: calls $0.16
*** FLOP *** [9d 5c 4s]
h4h4h4h4hh: bets $1.17 and is all-in
kbeçaodobf: folds 
Uncalled bet ($1.17) returned to h4h4h4h4hh
h4h4h4h4hh collected $0.46 from pot
h4h4h4h4hh: doesn't show hand 
*** SUMMARY ***
Total pot $0.48 | Rake $0.02 
Board [9d 5c 4s]
Seat 2: Dorex2007 (button) folded before Flop (didn't bet)
Seat 3: h4h4h4h4hh (small blind) collected ($0.46)
Seat 5: w8udied2fast (big blind) folded before Flop
Seat 6: kbeçaodobf folded on the Flop
Seat 7: tutjak folded before Flop (didn't bet)
Seat 8: marcbastien folded before Flop (didn't bet)



PokerStars Hand #226761639937:  Hold'em No Limit ($0.01/$0.02 USD) - 2021/05/14 16:04:44 PT [2021/05/14 19:04:44 ET]
Table 'Mizuho II' 9-max Seat #3 is the button
Seat 2: Dorex2007 ($3.30 in chips) 
Seat 3: h4h4h4h4hh ($1.63 in chips) 
Seat 5: w8udied2fast ($2 in chips) 
Seat 6: kbeçaodobf ($3.32 in chips) 
Seat 7: tutjak ($2 in chips) 
Seat 8: marcbastien ($2.27 in chips) 
w8udied2fast: posts small blind $0.01
kbeçaodobf: posts big blind $0.02
*** HOLE CARDS ***
Dealt to Dorex2007 [Tc 3h]
tutjak: folds 
marcbastien: folds 
Dorex2007: folds 
h4h4h4h4hh: folds 
w8udied2fast: folds 
Uncalled bet ($0.01) returned to kbeçaodobf
kbeçaodobf collected $0.02 from pot
kbeçaodobf: doesn't show hand 
*** SUMMARY ***
Total pot $0.02 | Rake $0 
Seat 2: Dorex2007 folded before Flop (didn't bet)
Seat 3: h4h4h4h4hh (button) folded before Flop (didn't bet)
Seat 5: w8udied2fast (small blind) folded before Flop
Seat 6: kbeçaodobf (big blind) collected ($0.02)
Seat 7: tutjak folded before Flop (didn't bet)
Seat 8: marcbastien folded before Flop (didn't bet)



PokerStars Hand #226761646738:  Hold'em No Limit ($0.01/$0.02 USD) - 2021/05/14 16:05:00 PT [2021/05/14 19:05:00 ET]
Table 'Mizuho II' 9-max Seat #5 is the button
Seat 2: Dorex2007 ($3.30 in chips) 
Seat 3: h4h4h4h4hh ($1.63 in chips) 
Seat 5: w8udied2fast ($2 in chips) 
Seat 6: kbeçaodobf ($3.33 in chips) 
Seat 7: tutjak ($2 in chips) 
Seat 8: marcbastien ($2.27 in chips) 
kbeçaodobf: posts small blind $0.01
tutjak: posts big blind $0.02
*** HOLE CARDS ***
Dealt to Dorex2007 [Kc Kh]
marcbastien: raises $0.02 to $0.04
Dorex2007: raises $0.04 to $0.08
h4h4h4h4hh: calls $0.08
w8udied2fast: folds 
kbeçaodobf: folds 
tutjak: folds 
marcbastien: calls $0.04
*** FLOP *** [5d 5s 2c]
marcbastien: bets $0.04
Dorex2007: raises $0.17 to $0.21
h4h4h4h4hh: folds 
marcbastien: calls $0.17
*** TURN *** [5d 5s 2c] [Qc]
marcbastien: checks 
Dorex2007: bets $3.01 and is all-in
marcbastien: folds 
Uncalled bet ($3.01) returned to Dorex2007
Dorex2007 collected $0.67 from pot
Dorex2007: doesn't show hand 
*** SUMMARY ***
Total pot $0.69 | Rake $0.02 
Board [5d 5s 2c Qc]
Seat 2: Dorex2007 collected ($0.67)
Seat 3: h4h4h4h4hh folded on the Flop
Seat 5: w8udied2fast (button) folded before Flop (didn't bet)
Seat 6: kbeçaodobf (small blind) folded before Flop
Seat 7: tutjak (big blind) folded before Flop
Seat 8: marcbastien folded on the Turn



PokerStars Hand #226761673694:  Hold'em No Limit ($0.01/$0.02 USD) - 2021/05/14 16:06:03 PT [2021/05/14 19:06:03 ET]
Table 'Mizuho II' 9-max Seat #6 is the button
Seat 2: Dorex2007 ($3.68 in chips) 
Seat 3: h4h4h4h4hh ($1.55 in chips) 
Seat 5: w8udied2fast ($2 in chips) 
Seat 6: kbeçaodobf ($3.32 in chips) 
Seat 7: tutjak ($2 in chips) 
Seat 8: marcbastien ($1.98 in chips) 
tutjak: posts small blind $0.01
marcbastien: posts big blind $0.02
*** HOLE CARDS ***
Dealt to Dorex2007 [Jh 2d]
Dorex2007: folds 
h4h4h4h4hh: raises $0.03 to $0.05
w8udied2fast: folds 
kbeçaodobf: folds 
tutjak: folds 
marcbastien: calls $0.03
*** FLOP *** [3d 6d Ah]
marcbastien: bets $0.06
h4h4h4h4hh: raises $0.12 to $0.18
marcbastien: raises $1.75 to $1.93 and is all-in
h4h4h4h4hh: calls $1.32 and is all-in
Uncalled bet ($0.43) returned to marcbastien
*** TURN *** [3d 6d Ah] [Kh]
*** RIVER *** [3d 6d Ah Kh] [6h]
*** SHOW DOWN ***
marcbastien: shows [Ac 9d] (two pair, Aces and Sixes)
h4h4h4h4hh: shows [3s 6s] (a full house, Sixes full of Threes)
h4h4h4h4hh collected $3 from pot
*** SUMMARY ***
Total pot $3.11 | Rake $0.11 
Board [3d 6d Ah Kh 6h]
Seat 2: Dorex2007 folded before Flop (didn't bet)
Seat 3: h4h4h4h4hh showed [3s 6s] and won ($3) with a full house, Sixes full of Threes
Seat 5: w8udied2fast folded before Flop (didn't bet)
Seat 6: kbeçaodobf (button) folded before Flop (didn't bet)
Seat 7: tutjak (small blind) folded before Flop
Seat 8: marcbastien (big blind) showed [Ac 9d] and lost with two pair, Aces and Sixes



PokerStars Hand #226761691337:  Hold'em No Limit ($0.01/$0.02 USD) - 2021/05/14 16:06:38 PT [2021/05/14 19:06:38 ET]
Table 'Mizuho II' 9-max Seat #7 is the button
Seat 2: Dorex2007 ($3.68 in chips) 
Seat 3: h4h4h4h4hh ($3 in chips) 
Seat 5: w8udied2fast ($2 in chips) 
Seat 6: kbeçaodobf ($3.32 in chips) 
Seat 7: tutjak ($2 in chips) 
Seat 8: marcbastien ($0.43 in chips) 
marcbastien: posts small blind $0.01
Dorex2007: posts big blind $0.02
*** HOLE CARDS ***
Dealt to Dorex2007 [5s 4s]
marcbastien said, "nh"
h4h4h4h4hh: calls $0.02
w8udied2fast: folds 
kbeçaodobf: calls $0.02
tutjak: calls $0.02
marcbastien: folds 
Dorex2007: checks 
*** FLOP *** [4d 5c 8h]
Dorex2007: bets $0.05
h4h4h4h4hh: raises $0.10 to $0.15
kbeçaodobf: folds 
tutjak: folds 
Dorex2007: raises $0.29 to $0.44
h4h4h4h4hh: raises $2.54 to $2.98 and is all-in
Dorex2007: calls $2.54
*** TURN *** [4d 5c 8h] [Jd]
*** RIVER *** [4d 5c 8h Jd] [Kh]
*** SHOW DOWN ***
Dorex2007: shows [5s 4s] (two pair, Fives and Fours)
h4h4h4h4hh: shows [8s 8c] (three of a kind, Eights)
h4h4h4h4hh collected $5.84 from pot
*** SUMMARY ***
Total pot $6.05 | Rake $0.21 
Board [4d 5c 8h Jd Kh]
Seat 2: Dorex2007 (big blind) showed [5s 4s] and lost with two pair, Fives and Fours
Seat 3: h4h4h4h4hh showed [8s 8c] and won ($5.84) with three of a kind, Eights
Seat 5: w8udied2fast folded before Flop (didn't bet)
Seat 6: kbeçaodobf folded on the Flop
Seat 7: tutjak (button) folded on the Flop
Seat 8: marcbastien (small blind) folded before Flop



PokerStars Hand #226761710953:  Hold'em No Limit ($0.01/$0.02 USD) - 2021/05/14 16:07:25 PT [2021/05/14 19:07:25 ET]
Table 'Mizuho II' 9-max Seat #8 is the button
Seat 2: Dorex2007 ($0.68 in chips) 
Seat 3: h4h4h4h4hh ($5.84 in chips) 
Seat 5: w8udied2fast ($2 in chips) 
Seat 6: kbeçaodobf ($3.30 in chips) 
Seat 7: tutjak ($2 in chips) 
Seat 8: marcbastien ($0.42 in chips) 
Dorex2007: posts small blind $0.01
h4h4h4h4hh: posts big blind $0.02
*** HOLE CARDS ***
Dealt to Dorex2007 [Qs Js]
w8udied2fast: folds 
kbeçaodobf: folds 
tutjak: folds 
marcbastien: folds 
Dorex2007: calls $0.01
h4h4h4h4hh: checks 
*** FLOP *** [Jh Ks Kc]
Dorex2007: checks 
h4h4h4h4hh: checks 
*** TURN *** [Jh Ks Kc] [8c]
Dorex2007: checks 
h4h4h4h4hh: checks 
*** RIVER *** [Jh Ks Kc 8c] [5c]
Dorex2007: checks 
h4h4h4h4hh: checks 
*** SHOW DOWN ***
Dorex2007: shows [Qs Js] (two pair, Kings and Jacks)
h4h4h4h4hh: mucks hand 
Dorex2007 collected $0.04 from pot
*** SUMMARY ***
Total pot $0.04 | Rake $0 
Board [Jh Ks Kc 8c 5c]
Seat 2: Dorex2007 (small blind) showed [Qs Js] and won ($0.04) with two pair, Kings and Jacks
Seat 3: h4h4h4h4hh (big blind) mucked [Ad 9h]
Seat 5: w8udied2fast folded before Flop (didn't bet)
Seat 6: kbeçaodobf folded before Flop (didn't bet)
Seat 7: tutjak folded before Flop (didn't bet)
Seat 8: marcbastien (button) folded before Flop (didn't bet)



PokerStars Hand #226761722457:  Hold'em No Limit ($0.01/$0.02 USD) - 2021/05/14 16:07:52 PT [2021/05/14 19:07:52 ET]
Table 'Mizuho II' 9-max Seat #2 is the button
Seat 2: Dorex2007 ($1.50 in chips) 
Seat 3: h4h4h4h4hh ($5.82 in chips) 
Seat 5: w8udied2fast ($2 in chips) 
Seat 6: kbeçaodobf ($3.30 in chips) 
Seat 7: tutjak ($2 in chips) 
Seat 8: marcbastien ($0.42 in chips) 
h4h4h4h4hh: posts small blind $0.01
w8udied2fast: posts big blind $0.02
*** HOLE CARDS ***
Dealt to Dorex2007 [3d 4h]
kbeçaodobf: folds 
tutjak: folds 
marcbastien: raises $0.02 to $0.04
Dorex2007: folds 
h4h4h4h4hh: calls $0.03
w8udied2fast: raises $0.18 to $0.22
marcbastien: raises $0.20 to $0.42 and is all-in
h4h4h4h4hh: folds 
w8udied2fast: calls $0.20
*** FLOP *** [2s 7c 6h]
*** TURN *** [2s 7c 6h] [8h]
*** RIVER *** [2s 7c 6h 8h] [Qc]
*** SHOW DOWN ***
w8udied2fast: shows [Kc Kh] (a pair of Kings)
marcbastien: shows [Qs 4s] (a pair of Queens)
w8udied2fast collected $0.85 from pot
*** SUMMARY ***
Total pot $0.88 | Rake $0.03 
Board [2s 7c 6h 8h Qc]
Seat 2: Dorex2007 (button) folded before Flop (didn't bet)
Seat 3: h4h4h4h4hh (small blind) folded before Flop
Seat 5: w8udied2fast (big blind) showed [Kc Kh] and won ($0.85) with a pair of Kings
Seat 6: kbeçaodobf folded before Flop (didn't bet)
Seat 7: tutjak folded before Flop (didn't bet)
Seat 8: marcbastien showed [Qs 4s] and lost with a pair of Queens



PokerStars Hand #226761736916:  Hold'em No Limit ($0.01/$0.02 USD) - 2021/05/14 16:08:27 PT [2021/05/14 19:08:27 ET]
Table 'Mizuho II' 9-max Seat #3 is the button
Seat 2: Dorex2007 ($2 in chips) 
Seat 3: h4h4h4h4hh ($5.78 in chips) 
Seat 5: w8udied2fast ($2.43 in chips) 
Seat 6: kbeçaodobf ($3.30 in chips) 
Seat 7: tutjak ($2 in chips) 
w8udied2fast: posts small blind $0.01
kbeçaodobf: posts big blind $0.02
*** HOLE CARDS ***
Dealt to Dorex2007 [Qd Kh]
tutjak: folds 
Dorex2007: raises $0.04 to $0.06
h4h4h4h4hh: folds 
marcbastien leaves the table
w8udied2fast: folds 
kbeçaodobf: folds 
Uncalled bet ($0.04) returned to Dorex2007
h4h4h4h4hh leaves the table
Dorex2007 collected $0.05 from pot
Dorex2007: doesn't show hand 
*** SUMMARY ***
Total pot $0.05 | Rake $0 
Seat 2: Dorex2007 collected ($0.05)
Seat 3: h4h4h4h4hh (button) folded before Flop (didn't bet)
Seat 5: w8udied2fast (small blind) folded before Flop
Seat 6: kbeçaodobf (big blind) folded before Flop
Seat 7: tutjak folded before Flop (didn't bet)



