PokerStars Hand #223961619201:  Hold'em No Limit ($0.01/$0.02 USD) - 2021/02/18 12:46:29 PT [2021/02/18 15:46:29 ET]
Table 'Linzia V' 9-max Seat #5 is the button
Seat 2: Atanas_Sta ($0.48 in chips) 
Seat 3: trueJamaican ($4.47 in chips) 
Seat 4: Honor <3 Me ($1.91 in chips) 
Seat 5: kaian03 ($4.18 in chips) 
Seat 6: diegodasp ($0.65 in chips) 
Seat 7: Dorex2007 ($1.50 in chips) 
Seat 8: mattahario ($0.72 in chips) 
Seat 9: 123LADY123 ($1.12 in chips) 
diegodasp: posts small blind $0.01
Dorex2007: posts big blind $0.02
*** HOLE CARDS ***
Dealt to Dorex2007 [Jc 6c]
mattahario has timed out
mattahario: folds 
123LADY123: calls $0.02
Atanas_Sta: calls $0.02
trueJamaican: folds 
Honor <3 Me: folds 
kaian03: calls $0.02
diegodasp: folds 
Dorex2007: checks 
*** FLOP *** [8d 2s Tc]
diegodasp leaves the table
Dorex2007: checks 
123LADY123: checks 
Atanas_Sta: checks 
kaian03: bets $0.06
Dorex2007: folds 
mattahario leaves the table
123LADY123: folds 
Atanas_Sta: folds 
Uncalled bet ($0.06) returned to kaian03
kaian03 collected $0.09 from pot
kaian03: doesn't show hand 
*** SUMMARY ***
Total pot $0.09 | Rake $0 
Board [8d 2s Tc]
Seat 2: Atanas_Sta folded on the Flop
Seat 3: trueJamaican folded before Flop (didn't bet)
Seat 4: Honor <3 Me folded before Flop (didn't bet)
Seat 5: kaian03 (button) collected ($0.09)
Seat 6: diegodasp (small blind) folded before Flop
Seat 7: Dorex2007 (big blind) folded on the Flop
Seat 8: mattahario folded before Flop (didn't bet)
Seat 9: 123LADY123 folded on the Flop



PokerStars Hand #223961648761:  Hold'em No Limit ($0.01/$0.02 USD) - 2021/02/18 12:47:10 PT [2021/02/18 15:47:10 ET]
Table 'Linzia V' 9-max Seat #7 is the button
Seat 2: Atanas_Sta ($0.46 in chips) 
Seat 3: trueJamaican ($4.47 in chips) 
Seat 4: Honor <3 Me ($1.91 in chips) 
Seat 5: kaian03 ($4.25 in chips) 
Seat 7: Dorex2007 ($1.48 in chips) 
Seat 9: 123LADY123 ($1.10 in chips) 
123LADY123: posts small blind $0.01
Atanas_Sta: posts big blind $0.02
*** HOLE CARDS ***
Dealt to Dorex2007 [Ah 5c]
trueJamaican: folds 
Honor <3 Me: folds 
kaian03: calls $0.02
Dorex2007: calls $0.02
123LADY123: folds 
Atanas_Sta: checks 
*** FLOP *** [3d 8h 8s]
Atanas_Sta: checks 
kaian03: bets $0.02
Dorex2007: folds 
Atanas_Sta: calls $0.02
*** TURN *** [3d 8h 8s] [2c]
Atanas_Sta: checks 
kaian03: checks 
*** RIVER *** [3d 8h 8s 2c] [Qd]
Atanas_Sta: bets $0.06
kaian03: raises $0.06 to $0.12
Atanas_Sta: raises $0.06 to $0.18
kaian03: calls $0.06
*** SHOW DOWN ***
Atanas_Sta: shows [8d 9d] (three of a kind, Eights)
kaian03: mucks hand 
Atanas_Sta collected $0.45 from pot
*** SUMMARY ***
Total pot $0.47 | Rake $0.02 
Board [3d 8h 8s 2c Qd]
Seat 2: Atanas_Sta (big blind) showed [8d 9d] and won ($0.45) with three of a kind, Eights
Seat 3: trueJamaican folded before Flop (didn't bet)
Seat 4: Honor <3 Me folded before Flop (didn't bet)
Seat 5: kaian03 mucked [Qh 5h]
Seat 7: Dorex2007 (button) folded on the Flop
Seat 9: 123LADY123 (small blind) folded before Flop



PokerStars Hand #223961679485:  Hold'em No Limit ($0.01/$0.02 USD) - 2021/02/18 12:47:52 PT [2021/02/18 15:47:52 ET]
Table 'Linzia V' 9-max Seat #9 is the button
Seat 2: Atanas_Sta ($0.69 in chips) 
Seat 3: trueJamaican ($4.47 in chips) 
Seat 4: Honor <3 Me ($1.91 in chips) 
Seat 5: kaian03 ($4.03 in chips) 
Seat 7: Dorex2007 ($1.46 in chips) 
Seat 9: 123LADY123 ($1.09 in chips) 
Atanas_Sta: posts small blind $0.01
trueJamaican: posts big blind $0.02
*** HOLE CARDS ***
Dealt to Dorex2007 [Qh Ac]
Honor <3 Me: calls $0.02
kaian03: calls $0.02
Dorex2007: raises $0.04 to $0.06
123LADY123: folds 
Atanas_Sta: calls $0.05
trueJamaican: folds 
Honor <3 Me: calls $0.04
kaian03: calls $0.04
*** FLOP *** [5c 2d 2s]
Atanas_Sta: checks 
Honor <3 Me: bets $0.14
kaian03: folds 
Dorex2007: calls $0.14
Atanas_Sta: calls $0.14
*** TURN *** [5c 2d 2s] [4d]
Atanas_Sta: checks 
Honor <3 Me: bets $0.34
Dorex2007: folds 
Atanas_Sta: raises $0.15 to $0.49 and is all-in
Honor <3 Me: calls $0.15
*** RIVER *** [5c 2d 2s 4d] [7c]
*** SHOW DOWN ***
Atanas_Sta: shows [Ad 5d] (two pair, Fives and Deuces)
Honor <3 Me: shows [Tc 9s] (a pair of Deuces)
Atanas_Sta collected $1.60 from pot
*** SUMMARY ***
Total pot $1.66 | Rake $0.06 
Board [5c 2d 2s 4d 7c]
Seat 2: Atanas_Sta (small blind) showed [Ad 5d] and won ($1.60) with two pair, Fives and Deuces
Seat 3: trueJamaican (big blind) folded before Flop
Seat 4: Honor <3 Me showed [Tc 9s] and lost with a pair of Deuces
Seat 5: kaian03 folded on the Flop
Seat 7: Dorex2007 folded on the Turn
Seat 9: 123LADY123 (button) folded before Flop (didn't bet)



PokerStars Hand #223961711560:  Hold'em No Limit ($0.01/$0.02 USD) - 2021/02/18 12:48:37 PT [2021/02/18 15:48:37 ET]
Table 'Linzia V' 9-max Seat #2 is the button
Seat 2: Atanas_Sta ($1.60 in chips) 
Seat 3: trueJamaican ($4.45 in chips) 
Seat 4: Honor <3 Me ($1.22 in chips) 
Seat 5: kaian03 ($3.97 in chips) 
Seat 7: Dorex2007 ($1.26 in chips) 
Seat 9: 123LADY123 ($1.09 in chips) 
trueJamaican: posts small blind $0.01
Honor <3 Me: posts big blind $0.02
*** HOLE CARDS ***
Dealt to Dorex2007 [7h Js]
kaian03: calls $0.02
Dorex2007: folds 
123LADY123: calls $0.02
Atanas_Sta: calls $0.02
trueJamaican: folds 
Honor <3 Me: raises $0.04 to $0.06
kaian03: calls $0.04
123LADY123: calls $0.04
Atanas_Sta: calls $0.04
*** FLOP *** [3h 9h 6d]
Honor <3 Me: bets $0.24
kaian03: raises $0.26 to $0.50
DJ.Flench joins the table at seat #6 
123LADY123: folds 
Atanas_Sta: folds 
Honor <3 Me: raises $0.66 to $1.16 and is all-in
kaian03: calls $0.66
*** TURN *** [3h 9h 6d] [4d]
Puhmann8 joins the table at seat #8 
*** RIVER *** [3h 9h 6d 4d] [5d]
*** SHOW DOWN ***
Honor <3 Me: shows [Kd Ad] (a flush, Ace high)
kaian03: shows [6s 6h] (three of a kind, Sixes)
Honor <3 Me collected $2.48 from pot
Atanas_Sta leaves the table
*** SUMMARY ***
Total pot $2.57 | Rake $0.09 
Board [3h 9h 6d 4d 5d]
Seat 2: Atanas_Sta (button) folded on the Flop
Seat 3: trueJamaican (small blind) folded before Flop
Seat 4: Honor <3 Me (big blind) showed [Kd Ad] and won ($2.48) with a flush, Ace high
Seat 5: kaian03 showed [6s 6h] and lost with three of a kind, Sixes
Seat 7: Dorex2007 folded before Flop (didn't bet)
Seat 9: 123LADY123 folded on the Flop



PokerStars Hand #223961756527:  Hold'em No Limit ($0.01/$0.02 USD) - 2021/02/18 12:49:39 PT [2021/02/18 15:49:39 ET]
Table 'Linzia V' 9-max Seat #3 is the button
Seat 3: trueJamaican ($4.44 in chips) 
Seat 4: Honor <3 Me ($2.48 in chips) 
Seat 5: kaian03 ($2.75 in chips) 
Seat 7: Dorex2007 ($1.50 in chips) 
Seat 8: Puhmann8 ($1.60 in chips) 
Seat 9: 123LADY123 ($1.03 in chips) 
Honor <3 Me: posts small blind $0.01
kaian03: posts big blind $0.02
DJ.Flench: sits out 
Puhmann8: posts big blind $0.02
*** HOLE CARDS ***
Dealt to Dorex2007 [5s 6s]
Dorex2007: calls $0.02
Puhmann8: checks 
123LADY123: raises $0.04 to $0.06
trueJamaican: folds 
Honor <3 Me: folds 
kaian03: folds 
Dorex2007: calls $0.04
Puhmann8: calls $0.04
*** FLOP *** [9h Kd Jd]
Dorex2007: checks 
Puhmann8: bets $0.10
123LADY123: raises $0.87 to $0.97 and is all-in
Dorex2007: folds 
BAD 18 BOY joins the table at seat #2 
Puhmann8: calls $0.87
123LADY123 has timed out
*** TURN *** [9h Kd Jd] [Qc]
*** RIVER *** [9h Kd Jd Qc] [8h]
*** SHOW DOWN ***
Puhmann8: shows [Kc 9s] (two pair, Kings and Nines)
123LADY123: shows [Ks Kh] (three of a kind, Kings)
123LADY123 collected $2.07 from pot
*** SUMMARY ***
Total pot $2.15 | Rake $0.08 
Board [9h Kd Jd Qc 8h]
Seat 3: trueJamaican (button) folded before Flop (didn't bet)
Seat 4: Honor <3 Me (small blind) folded before Flop
Seat 5: kaian03 (big blind) folded before Flop
Seat 7: Dorex2007 folded on the Flop
Seat 8: Puhmann8 showed [Kc 9s] and lost with two pair, Kings and Nines
Seat 9: 123LADY123 showed [Ks Kh] and won ($2.07) with three of a kind, Kings



PokerStars Hand #223961793812:  Hold'em No Limit ($0.01/$0.02 USD) - 2021/02/18 12:50:31 PT [2021/02/18 15:50:31 ET]
Table 'Linzia V' 9-max Seat #4 is the button
Seat 2: BAD 18 BOY ($0.82 in chips) 
Seat 3: trueJamaican ($4.44 in chips) 
Seat 4: Honor <3 Me ($2.47 in chips) 
Seat 5: kaian03 ($2.73 in chips) 
Seat 6: DJ.Flench ($2 in chips) 
Seat 7: Dorex2007 ($1.44 in chips) 
Seat 8: Puhmann8 ($0.97 in chips) 
Seat 9: 123LADY123 ($2.07 in chips) 
kaian03: posts small blind $0.01
DJ.Flench: posts big blind $0.02
BAD 18 BOY: posts big blind $0.02
*** HOLE CARDS ***
Dealt to Dorex2007 [3s Ac]
Dorex2007: folds 
Puhmann8: calls $0.02
123LADY123: raises $0.04 to $0.06
BAD 18 BOY: folds 
trueJamaican: folds 
Honor <3 Me: folds 
kaian03: folds 
DJ.Flench: folds 
Puhmann8: calls $0.04
*** FLOP *** [3h 4d 5h]
Puhmann8: bets $0.02
123LADY123: calls $0.02
*** TURN *** [3h 4d 5h] [2h]
Puhmann8: bets $0.10
123LADY123: calls $0.10
*** RIVER *** [3h 4d 5h 2h] [Qs]
Puhmann8: checks 
123LADY123: checks 
*** SHOW DOWN ***
Puhmann8: shows [Ad 5d] (a straight, Ace to Five)
123LADY123: mucks hand 
Puhmann8 collected $0.40 from pot
*** SUMMARY ***
Total pot $0.41 | Rake $0.01 
Board [3h 4d 5h 2h Qs]
Seat 2: BAD 18 BOY folded before Flop (didn't bet)
Seat 3: trueJamaican folded before Flop (didn't bet)
Seat 4: Honor <3 Me (button) folded before Flop (didn't bet)
Seat 5: kaian03 (small blind) folded before Flop
Seat 6: DJ.Flench (big blind) folded before Flop
Seat 7: Dorex2007 folded before Flop (didn't bet)
Seat 8: Puhmann8 showed [Ad 5d] and won ($0.40) with a straight, Ace to Five
Seat 9: 123LADY123 mucked [Qh Qd]



PokerStars Hand #223961826715:  Hold'em No Limit ($0.01/$0.02 USD) - 2021/02/18 12:51:17 PT [2021/02/18 15:51:17 ET]
Table 'Linzia V' 9-max Seat #5 is the button
Seat 2: BAD 18 BOY ($0.80 in chips) 
Seat 3: trueJamaican ($4.44 in chips) 
Seat 4: Honor <3 Me ($2.47 in chips) 
Seat 5: kaian03 ($2.72 in chips) 
Seat 6: DJ.Flench ($2 in chips) 
Seat 7: Dorex2007 ($1.44 in chips) 
Seat 8: Puhmann8 ($1.19 in chips) 
Seat 9: 123LADY123 ($1.89 in chips) 
DJ.Flench: posts small blind $0.01
Dorex2007: posts big blind $0.02
*** HOLE CARDS ***
Dealt to Dorex2007 [8d Ah]
Puhmann8: calls $0.02
123LADY123: folds 
BAD 18 BOY: raises $0.02 to $0.04
trueJamaican: folds 
Honor <3 Me: folds 
kaian03: calls $0.04
DJ.Flench: folds 
Dorex2007: folds 
Puhmann8: calls $0.02
*** FLOP *** [Jd 3d 2d]
Puhmann8: checks 
BAD 18 BOY: bets $0.07
kaian03: folds 
Puhmann8: calls $0.07
*** TURN *** [Jd 3d 2d] [4c]
Puhmann8: checks 
BAD 18 BOY: bets $0.12
Puhmann8: calls $0.12
*** RIVER *** [Jd 3d 2d 4c] [3c]
Puhmann8: checks 
BAD 18 BOY: bets $0.30
Puhmann8: folds 
Uncalled bet ($0.30) returned to BAD 18 BOY
BAD 18 BOY collected $0.51 from pot
BAD 18 BOY: doesn't show hand 
*** SUMMARY ***
Total pot $0.53 | Rake $0.02 
Board [Jd 3d 2d 4c 3c]
Seat 2: BAD 18 BOY collected ($0.51)
Seat 3: trueJamaican folded before Flop (didn't bet)
Seat 4: Honor <3 Me folded before Flop (didn't bet)
Seat 5: kaian03 (button) folded on the Flop
Seat 6: DJ.Flench (small blind) folded before Flop
Seat 7: Dorex2007 (big blind) folded before Flop
Seat 8: Puhmann8 folded on the River
Seat 9: 123LADY123 folded before Flop (didn't bet)



PokerStars Hand #223961879356:  Hold'em No Limit ($0.01/$0.02 USD) - 2021/02/18 12:52:31 PT [2021/02/18 15:52:31 ET]
Table 'Linzia V' 9-max Seat #6 is the button
Seat 2: BAD 18 BOY ($1.08 in chips) 
Seat 3: trueJamaican ($4.44 in chips) 
Seat 4: Honor <3 Me ($2.47 in chips) 
Seat 5: kaian03 ($2.68 in chips) 
Seat 6: DJ.Flench ($2 in chips) 
Seat 7: Dorex2007 ($1.42 in chips) 
Seat 8: Puhmann8 ($0.96 in chips) 
Seat 9: 123LADY123 ($1.89 in chips) 
Dorex2007: posts small blind $0.01
Puhmann8: posts big blind $0.02
KongKing666: sits out 
*** HOLE CARDS ***
Dealt to Dorex2007 [5h 5c]
123LADY123: folds 
BAD 18 BOY: calls $0.02
trueJamaican: calls $0.02
Honor <3 Me: raises $0.06 to $0.08
kaian03: raises $0.06 to $0.14
DJ.Flench: folds 
Dorex2007: folds 
DJ.Flench leaves the table
Puhmann8: folds 
BAD 18 BOY: folds 
trueJamaican: folds 
Honor <3 Me: calls $0.06
*** FLOP *** [6h Ah 8s]
Honor <3 Me: bets $0.17
kaian03: raises $0.17 to $0.34
stiks12 joins the table at seat #6 
Honor <3 Me: calls $0.17
*** TURN *** [6h Ah 8s] [Jd]
Honor <3 Me: checks 
kaian03: bets $2.20 and is all-in
Honor <3 Me: folds 
Uncalled bet ($2.20) returned to kaian03
kaian03 collected $0.99 from pot
kaian03: doesn't show hand 
*** SUMMARY ***
Total pot $1.03 | Rake $0.04 
Board [6h Ah 8s Jd]
Seat 2: BAD 18 BOY folded before Flop
Seat 3: trueJamaican folded before Flop
Seat 4: Honor <3 Me folded on the Turn
Seat 5: kaian03 collected ($0.99)
Seat 6: DJ.Flench (button) folded before Flop (didn't bet)
Seat 7: Dorex2007 (small blind) folded before Flop
Seat 8: Puhmann8 (big blind) folded before Flop
Seat 9: 123LADY123 folded before Flop (didn't bet)



PokerStars Hand #223961927595:  Hold'em No Limit ($0.01/$0.02 USD) - 2021/02/18 12:53:38 PT [2021/02/18 15:53:38 ET]
Table 'Linzia V' 9-max Seat #7 is the button
Seat 2: BAD 18 BOY ($1.06 in chips) 
Seat 3: trueJamaican ($4.42 in chips) 
Seat 4: Honor <3 Me ($1.99 in chips) 
Seat 5: kaian03 ($3.19 in chips) 
Seat 7: Dorex2007 ($1.41 in chips) 
Seat 8: Puhmann8 ($0.94 in chips) 
Seat 9: 123LADY123 ($1.89 in chips) 
Puhmann8: posts small blind $0.01
123LADY123: posts big blind $0.02
KongKing666: sits out 
stiks12: sits out 
*** HOLE CARDS ***
Dealt to Dorex2007 [5s Qc]
BAD 18 BOY: raises $0.04 to $0.06
trueJamaican: folds 
Honor <3 Me: folds 
kaian03: calls $0.06
Dorex2007: folds 
Puhmann8: folds 
123LADY123: folds 
*** FLOP *** [3c Ad 8h]
BAD 18 BOY: bets $0.10
kaian03: raises $0.10 to $0.20
BAD 18 BOY: folds 
Uncalled bet ($0.10) returned to kaian03
kaian03 collected $0.34 from pot
kaian03: doesn't show hand 
*** SUMMARY ***
Total pot $0.35 | Rake $0.01 
Board [3c Ad 8h]
Seat 2: BAD 18 BOY folded on the Flop
Seat 3: trueJamaican folded before Flop (didn't bet)
Seat 4: Honor <3 Me folded before Flop (didn't bet)
Seat 5: kaian03 collected ($0.34)
Seat 7: Dorex2007 (button) folded before Flop (didn't bet)
Seat 8: Puhmann8 (small blind) folded before Flop
Seat 9: 123LADY123 (big blind) folded before Flop



PokerStars Hand #223962055566:  Hold'em No Limit ($0.01/$0.02 USD) - 2021/02/18 12:57:10 PT [2021/02/18 15:57:10 ET]
Table 'Linzia V' 9-max Seat #2 is the button
Seat 1: KongKing666 ($1.91 in chips) 
Seat 2: BAD 18 BOY ($0.57 in chips) 
Seat 3: trueJamaican ($4.40 in chips) 
Seat 4: Honor <3 Me ($2.04 in chips) 
Seat 5: kaian03 ($3.71 in chips) 
Seat 7: Dorex2007 ($1.41 in chips) 
Seat 8: Puhmann8 ($0.89 in chips) 
Seat 9: 123LADY123 ($1.91 in chips) 
trueJamaican: posts small blind $0.01
Honor <3 Me: posts big blind $0.02
stiks12: sits out 
*** HOLE CARDS ***
Dealt to Dorex2007 [2d 2h]
kaian03: calls $0.02
Dorex2007: calls $0.02
Puhmann8: calls $0.02
123LADY123: folds 
KongKing666: folds 
BAD 18 BOY: raises $0.11 to $0.13
trueJamaican: folds 
Honor <3 Me: folds 
kaian03: folds 
Dorex2007: folds 
Puhmann8: folds 
Uncalled bet ($0.11) returned to BAD 18 BOY
BAD 18 BOY collected $0.11 from pot
BAD 18 BOY: doesn't show hand 
*** SUMMARY ***
Total pot $0.11 | Rake $0 
Seat 1: KongKing666 folded before Flop (didn't bet)
Seat 2: BAD 18 BOY (button) collected ($0.11)
Seat 3: trueJamaican (small blind) folded before Flop
Seat 4: Honor <3 Me (big blind) folded before Flop
Seat 5: kaian03 folded before Flop
Seat 7: Dorex2007 folded before Flop
Seat 8: Puhmann8 folded before Flop
Seat 9: 123LADY123 folded before Flop (didn't bet)



PokerStars Hand #223962078762:  Hold'em No Limit ($0.01/$0.02 USD) - 2021/02/18 12:57:41 PT [2021/02/18 15:57:41 ET]
Table 'Linzia V' 9-max Seat #3 is the button
Seat 1: KongKing666 ($1.91 in chips) 
Seat 2: BAD 18 BOY ($0.66 in chips) 
Seat 3: trueJamaican ($4.39 in chips) 
Seat 4: Honor <3 Me ($2.02 in chips) 
Seat 5: kaian03 ($3.69 in chips) 
Seat 7: Dorex2007 ($1.39 in chips) 
Seat 8: Puhmann8 ($0.87 in chips) 
Seat 9: 123LADY123 ($1.91 in chips) 
Honor <3 Me: posts small blind $0.01
kaian03: posts big blind $0.02
stiks12: sits out 
*** HOLE CARDS ***
Dealt to Dorex2007 [5d 2d]
Dorex2007: folds 
Puhmann8: calls $0.02
123LADY123: folds 
KongKing666: calls $0.02
BAD 18 BOY: raises $0.09 to $0.11
trueJamaican: folds 
Honor <3 Me: calls $0.10
kaian03: calls $0.09
Puhmann8: calls $0.09
KongKing666: calls $0.09
*** FLOP *** [6c Jh Ad]
Honor <3 Me: checks 
kaian03: bets $0.53
BAD 18 BOY is disconnected 
Puhmann8: raises $0.23 to $0.76 and is all-in
KongKing666: folds 
BAD 18 BOY is connected 
BAD 18 BOY: folds 
Honor <3 Me: folds 
kaian03: calls $0.23
*** TURN *** [6c Jh Ad] [8s]
*** RIVER *** [6c Jh Ad 8s] [7d]
*** SHOW DOWN ***
kaian03: shows [Td Ac] (a pair of Aces)
Puhmann8: shows [Qc Th] (high card Ace)
kaian03 collected $2 from pot
*** SUMMARY ***
Total pot $2.07 | Rake $0.07 
Board [6c Jh Ad 8s 7d]
Seat 1: KongKing666 folded on the Flop
Seat 2: BAD 18 BOY folded on the Flop
Seat 3: trueJamaican (button) folded before Flop (didn't bet)
Seat 4: Honor <3 Me (small blind) folded on the Flop
Seat 5: kaian03 (big blind) showed [Td Ac] and won ($2) with a pair of Aces
Seat 7: Dorex2007 folded before Flop (didn't bet)
Seat 8: Puhmann8 showed [Qc Th] and lost with high card Ace
Seat 9: 123LADY123 folded before Flop (didn't bet)



PokerStars Hand #223962218738:  Hold'em No Limit ($0.01/$0.02 USD) - 2021/02/18 13:01:43 PT [2021/02/18 16:01:43 ET]
Table 'Linzia V' 9-max Seat #4 is the button
Seat 1: KongKing666 ($1.80 in chips) 
Seat 2: BAD 18 BOY ($0.55 in chips) 
Seat 3: trueJamaican ($4.39 in chips) 
Seat 4: Honor <3 Me ($1.91 in chips) 
Seat 5: kaian03 ($4.82 in chips) 
Seat 6: stiks12 ($1.60 in chips) 
Seat 7: Dorex2007 ($1.39 in chips) 
Seat 8: Puhmann8 ($1.13 in chips) 
Seat 9: 123LADY123 ($1.91 in chips) 
kaian03: posts small blind $0.01
stiks12: posts big blind $0.02
*** HOLE CARDS ***
Dealt to Dorex2007 [8d 9h]
Dorex2007: folds 
Puhmann8: folds 
123LADY123: folds 
KongKing666: raises $0.04 to $0.06
BAD 18 BOY: calls $0.06
trueJamaican: calls $0.06
Honor <3 Me: folds 
kaian03: folds 
stiks12: calls $0.04
*** FLOP *** [7h Qc Js]
stiks12: checks 
KongKing666: bets $0.14
BAD 18 BOY: folds 
trueJamaican: folds 
stiks12: raises $1.40 to $1.54 and is all-in
KongKing666: calls $1.40
*** TURN *** [7h Qc Js] [5c]
*** RIVER *** [7h Qc Js 5c] [9c]
*** SHOW DOWN ***
stiks12: shows [7s 7d] (three of a kind, Sevens)
KongKing666: shows [Ad Ah] (a pair of Aces)
stiks12 cashed out the hand for $2.84 | Cash Out Fee $0.03
*** SUMMARY ***
Total pot $3.33 | Rake $0.12 
Board [7h Qc Js 5c 9c]
Seat 1: KongKing666 showed [Ad Ah] and lost with a pair of Aces
Seat 2: BAD 18 BOY folded on the Flop
Seat 3: trueJamaican folded on the Flop
Seat 4: Honor <3 Me (button) folded before Flop (didn't bet)
Seat 5: kaian03 (small blind) folded before Flop
Seat 6: stiks12 (big blind) showed [7s 7d] and won ($3.21) with three of a kind, Sevens (pot not awarded as player cashed out)
Seat 7: Dorex2007 folded before Flop (didn't bet)
Seat 8: Puhmann8 folded before Flop (didn't bet)
Seat 9: 123LADY123 folded before Flop (didn't bet)



PokerStars Hand #223962260203:  Hold'em No Limit ($0.01/$0.02 USD) - 2021/02/18 13:02:37 PT [2021/02/18 16:02:37 ET]
Table 'Linzia V' 9-max Seat #5 is the button
Seat 1: KongKing666 ($0.20 in chips) 
Seat 2: BAD 18 BOY ($0.49 in chips) 
Seat 3: trueJamaican ($4.33 in chips) 
Seat 4: Honor <3 Me ($1.91 in chips) 
Seat 5: kaian03 ($4.81 in chips) 
Seat 6: stiks12 ($2.84 in chips) 
Seat 7: Dorex2007 ($1.39 in chips) 
Seat 8: Puhmann8 ($1.13 in chips) 
Seat 9: 123LADY123 ($1.91 in chips) 
stiks12: posts small blind $0.01
Dorex2007: posts big blind $0.02
*** HOLE CARDS ***
Dealt to Dorex2007 [3c 2d]
Puhmann8: folds 
123LADY123: calls $0.02
KongKing666 has timed out
KongKing666: folds 
BAD 18 BOY: folds 
trueJamaican: folds 
Honor <3 Me: folds 
kaian03: calls $0.02
stiks12: folds 
Dorex2007: checks 
*** FLOP *** [Ac 6s 2c]
Dorex2007: checks 
123LADY123: checks 
kaian03: checks 
*** TURN *** [Ac 6s 2c] [5s]
Dorex2007: checks 
123LADY123: bets $0.07
kaian03: folds 
Dorex2007: folds 
Uncalled bet ($0.07) returned to 123LADY123
123LADY123 collected $0.07 from pot
123LADY123: doesn't show hand 
*** SUMMARY ***
Total pot $0.07 | Rake $0 
Board [Ac 6s 2c 5s]
Seat 1: KongKing666 folded before Flop (didn't bet)
Seat 2: BAD 18 BOY folded before Flop (didn't bet)
Seat 3: trueJamaican folded before Flop (didn't bet)
Seat 4: Honor <3 Me folded before Flop (didn't bet)
Seat 5: kaian03 (button) folded on the Turn
Seat 6: stiks12 (small blind) folded before Flop
Seat 7: Dorex2007 (big blind) folded on the Turn
Seat 8: Puhmann8 folded before Flop (didn't bet)
Seat 9: 123LADY123 collected ($0.07)



PokerStars Hand #223962292069:  Hold'em No Limit ($0.01/$0.02 USD) - 2021/02/18 13:03:22 PT [2021/02/18 16:03:22 ET]
Table 'Linzia V' 9-max Seat #6 is the button
Seat 1: KongKing666 ($0.20 in chips) 
Seat 2: BAD 18 BOY ($0.49 in chips) 
Seat 3: trueJamaican ($4.33 in chips) 
Seat 4: Honor <3 Me ($1.91 in chips) 
Seat 5: kaian03 ($4.79 in chips) 
Seat 6: stiks12 ($2.83 in chips) 
Seat 7: Dorex2007 ($1.37 in chips) 
Seat 8: Puhmann8 ($1.13 in chips) 
Seat 9: 123LADY123 ($1.96 in chips) 
Dorex2007: posts small blind $0.01
Puhmann8: posts big blind $0.02
*** HOLE CARDS ***
Dealt to Dorex2007 [8h 7h]
123LADY123: calls $0.02
KongKing666: folds 
BAD 18 BOY: folds 
trueJamaican: folds 
Honor <3 Me: raises $0.04 to $0.06
kaian03: raises $0.04 to $0.10
stiks12: folds 
Dorex2007: folds 
Puhmann8: folds 
123LADY123: calls $0.08
Honor <3 Me: calls $0.04
*** FLOP *** [5c 9h 5s]
123LADY123: checks 
Honor <3 Me: bets $0.16
kaian03: calls $0.16
123LADY123: folds 
*** TURN *** [5c 9h 5s] [4h]
Honor <3 Me: bets $0.70
kaian03: folds 
Uncalled bet ($0.70) returned to Honor <3 Me
Honor <3 Me collected $0.63 from pot
Honor <3 Me: doesn't show hand 
*** SUMMARY ***
Total pot $0.65 | Rake $0.02 
Board [5c 9h 5s 4h]
Seat 1: KongKing666 folded before Flop (didn't bet)
Seat 2: BAD 18 BOY folded before Flop (didn't bet)
Seat 3: trueJamaican folded before Flop (didn't bet)
Seat 4: Honor <3 Me collected ($0.63)
Seat 5: kaian03 folded on the Turn
Seat 6: stiks12 (button) folded before Flop (didn't bet)
Seat 7: Dorex2007 (small blind) folded before Flop
Seat 8: Puhmann8 (big blind) folded before Flop
Seat 9: 123LADY123 folded on the Flop



PokerStars Hand #223962323517:  Hold'em No Limit ($0.01/$0.02 USD) - 2021/02/18 13:04:06 PT [2021/02/18 16:04:06 ET]
Table 'Linzia V' 9-max Seat #7 is the button
Seat 1: KongKing666 ($0.20 in chips) 
Seat 2: BAD 18 BOY ($0.49 in chips) 
Seat 3: trueJamaican ($4.33 in chips) 
Seat 4: Honor <3 Me ($2.28 in chips) 
Seat 5: kaian03 ($4.53 in chips) 
Seat 6: stiks12 ($2.83 in chips) 
Seat 7: Dorex2007 ($1.36 in chips) 
Seat 8: Puhmann8 ($1.11 in chips) 
Seat 9: 123LADY123 ($1.86 in chips) 
Puhmann8: posts small blind $0.01
123LADY123: posts big blind $0.02
*** HOLE CARDS ***
Dealt to Dorex2007 [4d 2h]
KongKing666: calls $0.02
BAD 18 BOY: folds 
trueJamaican: folds 
Honor <3 Me: raises $0.04 to $0.06
kaian03: folds 
stiks12: folds 
Dorex2007: folds 
Puhmann8: calls $0.05
123LADY123: calls $0.04
KongKing666: calls $0.04
*** FLOP *** [Js Tc 7h]
Puhmann8: checks 
123LADY123: checks 
KongKing666: checks 
Honor <3 Me: bets $0.12
Puhmann8: folds 
123LADY123: calls $0.12
KongKing666: folds 
*** TURN *** [Js Tc 7h] [Jd]
123LADY123: checks 
Honor <3 Me: bets $0.20
123LADY123: calls $0.20
*** RIVER *** [Js Tc 7h Jd] [5h]
123LADY123: checks 
Honor <3 Me: checks 
*** SHOW DOWN ***
123LADY123: shows [Qc Kd] (a pair of Jacks)
Honor <3 Me: shows [Ts 9c] (two pair, Jacks and Tens)
Honor <3 Me collected $0.85 from pot
*** SUMMARY ***
Total pot $0.88 | Rake $0.03 
Board [Js Tc 7h Jd 5h]
Seat 1: KongKing666 folded on the Flop
Seat 2: BAD 18 BOY folded before Flop (didn't bet)
Seat 3: trueJamaican folded before Flop (didn't bet)
Seat 4: Honor <3 Me showed [Ts 9c] and won ($0.85) with two pair, Jacks and Tens
Seat 5: kaian03 folded before Flop (didn't bet)
Seat 6: stiks12 folded before Flop (didn't bet)
Seat 7: Dorex2007 (button) folded before Flop (didn't bet)
Seat 8: Puhmann8 (small blind) folded on the Flop
Seat 9: 123LADY123 (big blind) showed [Qc Kd] and lost with a pair of Jacks



PokerStars Hand #223962358301:  Hold'em No Limit ($0.01/$0.02 USD) - 2021/02/18 13:04:55 PT [2021/02/18 16:04:55 ET]
Table 'Linzia V' 9-max Seat #8 is the button
Seat 1: KongKing666 ($0.14 in chips) 
Seat 2: BAD 18 BOY ($0.49 in chips) 
Seat 3: trueJamaican ($4.33 in chips) 
Seat 4: Honor <3 Me ($2.75 in chips) 
Seat 5: kaian03 ($4.53 in chips) 
Seat 6: stiks12 ($2.83 in chips) 
Seat 7: Dorex2007 ($1.36 in chips) 
Seat 8: Puhmann8 ($1.05 in chips) 
Seat 9: 123LADY123 ($1.48 in chips) 
123LADY123: posts small blind $0.01
KongKing666: posts big blind $0.02
*** HOLE CARDS ***
Dealt to Dorex2007 [3d 9d]
BAD 18 BOY: folds 
trueJamaican: folds 
Honor <3 Me: folds 
kaian03: calls $0.02
stiks12: folds 
Dorex2007: folds 
Puhmann8: calls $0.02
123LADY123: folds 
KongKing666: checks 
*** FLOP *** [8s Jc 9c]
KongKing666: checks 
kaian03: bets $0.02
Puhmann8: calls $0.02
KongKing666: calls $0.02
*** TURN *** [8s Jc 9c] [2h]
KongKing666: checks 
kaian03: bets $0.04
Puhmann8: folds 
KongKing666: calls $0.04
*** RIVER *** [8s Jc 9c 2h] [Js]
KongKing666: checks 
kaian03: checks 
*** SHOW DOWN ***
KongKing666: shows [Ac 2c] (two pair, Jacks and Deuces)
kaian03: shows [9h Kc] (two pair, Jacks and Nines)
kaian03 collected $0.20 from pot
*** SUMMARY ***
Total pot $0.21 | Rake $0.01 
Board [8s Jc 9c 2h Js]
Seat 1: KongKing666 (big blind) showed [Ac 2c] and lost with two pair, Jacks and Deuces
Seat 2: BAD 18 BOY folded before Flop (didn't bet)
Seat 3: trueJamaican folded before Flop (didn't bet)
Seat 4: Honor <3 Me folded before Flop (didn't bet)
Seat 5: kaian03 showed [9h Kc] and won ($0.20) with two pair, Jacks and Nines
Seat 6: stiks12 folded before Flop (didn't bet)
Seat 7: Dorex2007 folded before Flop (didn't bet)
Seat 8: Puhmann8 (button) folded on the Turn
Seat 9: 123LADY123 (small blind) folded before Flop



PokerStars Hand #223962394765:  Hold'em No Limit ($0.01/$0.02 USD) - 2021/02/18 13:05:45 PT [2021/02/18 16:05:45 ET]
Table 'Linzia V' 9-max Seat #9 is the button
Seat 1: KongKing666 ($0.06 in chips) 
Seat 2: BAD 18 BOY ($0.49 in chips) 
Seat 3: trueJamaican ($4.33 in chips) 
Seat 4: Honor <3 Me ($2.75 in chips) 
Seat 5: kaian03 ($4.65 in chips) 
Seat 6: stiks12 ($2.83 in chips) 
Seat 7: Dorex2007 ($1.36 in chips) 
Seat 8: Puhmann8 ($1.01 in chips) 
Seat 9: 123LADY123 ($1.47 in chips) 
KongKing666: posts small blind $0.01
BAD 18 BOY: posts big blind $0.02
*** HOLE CARDS ***
Dealt to Dorex2007 [Jd Ad]
trueJamaican: folds 
Honor <3 Me: folds 
kaian03: folds 
stiks12: folds 
Dorex2007: raises $0.04 to $0.06
Puhmann8: calls $0.06
123LADY123: folds 
KongKing666: folds 
BAD 18 BOY: calls $0.04
*** FLOP *** [7d 2d Jh]
BAD 18 BOY: checks 
Dorex2007: bets $0.18
Puhmann8: folds 
BAD 18 BOY: folds 
Uncalled bet ($0.18) returned to Dorex2007
Dorex2007 collected $0.18 from pot
Dorex2007: doesn't show hand 
*** SUMMARY ***
Total pot $0.19 | Rake $0.01 
Board [7d 2d Jh]
Seat 1: KongKing666 (small blind) folded before Flop
Seat 2: BAD 18 BOY (big blind) folded on the Flop
Seat 3: trueJamaican folded before Flop (didn't bet)
Seat 4: Honor <3 Me folded before Flop (didn't bet)
Seat 5: kaian03 folded before Flop (didn't bet)
Seat 6: stiks12 folded before Flop (didn't bet)
Seat 7: Dorex2007 collected ($0.18)
Seat 8: Puhmann8 folded on the Flop
Seat 9: 123LADY123 (button) folded before Flop (didn't bet)



PokerStars Hand #223962418377:  Hold'em No Limit ($0.01/$0.02 USD) - 2021/02/18 13:06:18 PT [2021/02/18 16:06:18 ET]
Table 'Linzia V' 9-max Seat #1 is the button
Seat 1: KongKing666 ($2 in chips) 
Seat 2: BAD 18 BOY ($0.43 in chips) 
Seat 3: trueJamaican ($4.33 in chips) 
Seat 4: Honor <3 Me ($2.75 in chips) 
Seat 5: kaian03 ($4.65 in chips) 
Seat 6: stiks12 ($2.83 in chips) 
Seat 7: Dorex2007 ($1.48 in chips) 
Seat 8: Puhmann8 ($0.95 in chips) 
Seat 9: 123LADY123 ($1.47 in chips) 
BAD 18 BOY: posts small blind $0.01
trueJamaican: posts big blind $0.02
*** HOLE CARDS ***
Dealt to Dorex2007 [7c 4d]
Honor <3 Me: raises $0.06 to $0.08
kaian03: calls $0.08
stiks12: folds 
Dorex2007: folds 
Puhmann8: folds 
123LADY123: calls $0.08
KongKing666: calls $0.08
BAD 18 BOY: folds 
trueJamaican: folds 
*** FLOP *** [3s Jd As]
Honor <3 Me: checks 
kaian03: checks 
123LADY123: checks 
KongKing666: checks 
*** TURN *** [3s Jd As] [Kd]
Honor <3 Me: bets $0.06
kaian03: calls $0.06
123LADY123: calls $0.06
KongKing666: calls $0.06
*** RIVER *** [3s Jd As Kd] [Qh]
Honor <3 Me: bets $0.20
kaian03: raises $0.97 to $1.17
123LADY123: folds 
KongKing666: folds 
Honor <3 Me: calls $0.97
*** SHOW DOWN ***
kaian03: shows [Td 5c] (a straight, Ten to Ace)
Honor <3 Me: mucks hand 
kaian03 collected $2.83 from pot
*** SUMMARY ***
Total pot $2.93 | Rake $0.10 
Board [3s Jd As Kd Qh]
Seat 1: KongKing666 (button) folded on the River
Seat 2: BAD 18 BOY (small blind) folded before Flop
Seat 3: trueJamaican (big blind) folded before Flop
Seat 4: Honor <3 Me mucked [Jc Ac]
Seat 5: kaian03 showed [Td 5c] and won ($2.83) with a straight, Ten to Ace
Seat 6: stiks12 folded before Flop (didn't bet)
Seat 7: Dorex2007 folded before Flop (didn't bet)
Seat 8: Puhmann8 folded before Flop (didn't bet)
Seat 9: 123LADY123 folded on the River



PokerStars Hand #223962454474:  Hold'em No Limit ($0.01/$0.02 USD) - 2021/02/18 13:07:08 PT [2021/02/18 16:07:08 ET]
Table 'Linzia V' 9-max Seat #2 is the button
Seat 1: KongKing666 ($1.86 in chips) 
Seat 2: BAD 18 BOY ($0.42 in chips) 
Seat 3: trueJamaican ($4.31 in chips) 
Seat 4: Honor <3 Me ($1.44 in chips) 
Seat 5: kaian03 ($6.17 in chips) 
Seat 6: stiks12 ($2.83 in chips) 
Seat 7: Dorex2007 ($1.48 in chips) 
Seat 8: Puhmann8 ($0.95 in chips) 
Seat 9: 123LADY123 ($1.33 in chips) 
trueJamaican: posts small blind $0.01
Honor <3 Me: posts big blind $0.02
*** HOLE CARDS ***
Dealt to Dorex2007 [7s Kh]
kaian03: calls $0.02
stiks12: folds 
Dorex2007: folds 
Puhmann8: calls $0.02
123LADY123: calls $0.02
KongKing666: folds 
BAD 18 BOY: calls $0.02
trueJamaican: folds 
Honor <3 Me: checks 
*** FLOP *** [4d Qs Ad]
Honor <3 Me: bets $0.10
kaian03: folds 
Puhmann8: folds 
123LADY123: folds 
BAD 18 BOY: folds 
Uncalled bet ($0.10) returned to Honor <3 Me
Honor <3 Me collected $0.11 from pot
Honor <3 Me: doesn't show hand 
*** SUMMARY ***
Total pot $0.11 | Rake $0 
Board [4d Qs Ad]
Seat 1: KongKing666 folded before Flop (didn't bet)
Seat 2: BAD 18 BOY (button) folded on the Flop
Seat 3: trueJamaican (small blind) folded before Flop
Seat 4: Honor <3 Me (big blind) collected ($0.11)
Seat 5: kaian03 folded on the Flop
Seat 6: stiks12 folded before Flop (didn't bet)
Seat 7: Dorex2007 folded before Flop (didn't bet)
Seat 8: Puhmann8 folded on the Flop
Seat 9: 123LADY123 folded on the Flop



PokerStars Hand #223962476572:  Hold'em No Limit ($0.01/$0.02 USD) - 2021/02/18 13:07:39 PT [2021/02/18 16:07:39 ET]
Table 'Linzia V' 9-max Seat #3 is the button
Seat 1: KongKing666 ($1.86 in chips) 
Seat 2: BAD 18 BOY ($0.40 in chips) 
Seat 3: trueJamaican ($4.30 in chips) 
Seat 4: Honor <3 Me ($1.53 in chips) 
Seat 5: kaian03 ($6.15 in chips) 
Seat 6: stiks12 ($2.83 in chips) 
Seat 7: Dorex2007 ($1.48 in chips) 
Seat 8: Puhmann8 ($0.93 in chips) 
Seat 9: 123LADY123 ($1.31 in chips) 
Honor <3 Me: posts small blind $0.01
kaian03: posts big blind $0.02
*** HOLE CARDS ***
Dealt to Dorex2007 [Qh 8h]
stiks12: calls $0.02
Dorex2007: folds 
Puhmann8: folds 
123LADY123: folds 
KongKing666: folds 
Puhmann8 leaves the table
BAD 18 BOY: raises $0.06 to $0.08
milkovich90 joins the table at seat #8 
trueJamaican: folds 
Honor <3 Me: folds 
kaian03: calls $0.06
stiks12: calls $0.06
*** FLOP *** [Qd 2s Kc]
kaian03: checks 
stiks12: checks 
BAD 18 BOY: bets $0.12
kaian03: calls $0.12
stiks12: folds 
*** TURN *** [Qd 2s Kc] [8s]
kaian03: checks 
BAD 18 BOY: bets $0.20 and is all-in
kaian03: folds 
Uncalled bet ($0.20) returned to BAD 18 BOY
BAD 18 BOY collected $0.47 from pot
BAD 18 BOY: doesn't show hand 
*** SUMMARY ***
Total pot $0.49 | Rake $0.02 
Board [Qd 2s Kc 8s]
Seat 1: KongKing666 folded before Flop (didn't bet)
Seat 2: BAD 18 BOY collected ($0.47)
Seat 3: trueJamaican (button) folded before Flop (didn't bet)
Seat 4: Honor <3 Me (small blind) folded before Flop
Seat 5: kaian03 (big blind) folded on the Turn
Seat 6: stiks12 folded on the Flop
Seat 7: Dorex2007 folded before Flop (didn't bet)
Seat 8: Puhmann8 folded before Flop (didn't bet)
Seat 9: 123LADY123 folded before Flop (didn't bet)



PokerStars Hand #223962515521:  Hold'em No Limit ($0.01/$0.02 USD) - 2021/02/18 13:08:33 PT [2021/02/18 16:08:33 ET]
Table 'Linzia V' 9-max Seat #4 is the button
Seat 1: KongKing666 ($1.86 in chips) 
Seat 2: BAD 18 BOY ($0.67 in chips) 
Seat 3: trueJamaican ($4.30 in chips) 
Seat 4: Honor <3 Me ($1.52 in chips) 
Seat 5: kaian03 ($5.95 in chips) 
Seat 6: stiks12 ($2.75 in chips) 
Seat 7: Dorex2007 ($1.48 in chips) 
Seat 9: 123LADY123 ($1.31 in chips) 
kaian03: posts small blind $0.01
stiks12: posts big blind $0.02
milkovich90: sits out 
*** HOLE CARDS ***
Dealt to Dorex2007 [Qh 4s]
Dorex2007: folds 
123LADY123 has timed out
123LADY123: folds 
KongKing666: folds 
BAD 18 BOY: calls $0.02
trueJamaican: folds 
Honor <3 Me: folds 
kaian03: calls $0.01
stiks12: checks 
*** FLOP *** [Ah 5h Jd]
kaian03: checks 
stiks12: bets $0.04
BAD 18 BOY: calls $0.04
kaian03: folds 
*** TURN *** [Ah 5h Jd] [Kc]
stiks12: bets $0.07
BAD 18 BOY: calls $0.07
*** RIVER *** [Ah 5h Jd Kc] [7h]
stiks12: bets $0.14
BAD 18 BOY: calls $0.14
*** SHOW DOWN ***
stiks12: shows [Jc Ad] (two pair, Aces and Jacks)
BAD 18 BOY: mucks hand 
stiks12 collected $0.54 from pot
*** SUMMARY ***
Total pot $0.56 | Rake $0.02 
Board [Ah 5h Jd Kc 7h]
Seat 1: KongKing666 folded before Flop (didn't bet)
Seat 2: BAD 18 BOY mucked [Jh 9d]
Seat 3: trueJamaican folded before Flop (didn't bet)
Seat 4: Honor <3 Me (button) folded before Flop (didn't bet)
Seat 5: kaian03 (small blind) folded on the Flop
Seat 6: stiks12 (big blind) showed [Jc Ad] and won ($0.54) with two pair, Aces and Jacks
Seat 7: Dorex2007 folded before Flop (didn't bet)
Seat 9: 123LADY123 folded before Flop (didn't bet)



PokerStars Hand #223962546028:  Hold'em No Limit ($0.01/$0.02 USD) - 2021/02/18 13:09:16 PT [2021/02/18 16:09:16 ET]
Table 'Linzia V' 9-max Seat #5 is the button
Seat 1: KongKing666 ($1.86 in chips) 
Seat 2: BAD 18 BOY ($0.40 in chips) 
Seat 3: trueJamaican ($4.30 in chips) 
Seat 4: Honor <3 Me ($1.52 in chips) 
Seat 5: kaian03 ($5.93 in chips) 
Seat 6: stiks12 ($3.02 in chips) 
Seat 7: Dorex2007 ($1.48 in chips) 
Seat 9: 123LADY123 ($1.31 in chips) 
stiks12: posts small blind $0.01
Dorex2007: posts big blind $0.02
milkovich90: sits out 
*** HOLE CARDS ***
Dealt to Dorex2007 [9h 8c]
123LADY123: folds 
KongKing666: folds 
BAD 18 BOY: folds 
trueJamaican: raises $0.04 to $0.06
Honor <3 Me: calls $0.06
kaian03: calls $0.06
stiks12: folds 
Dorex2007: folds 
*** FLOP *** [Jh 7h 4d]
trueJamaican: checks 
Honor <3 Me: bets $0.10
kaian03: folds 
trueJamaican: calls $0.10
*** TURN *** [Jh 7h 4d] [2c]
trueJamaican: checks 
Honor <3 Me: bets $0.20
trueJamaican: folds 
Uncalled bet ($0.20) returned to Honor <3 Me
Honor <3 Me collected $0.40 from pot
Honor <3 Me: doesn't show hand 
*** SUMMARY ***
Total pot $0.41 | Rake $0.01 
Board [Jh 7h 4d 2c]
Seat 1: KongKing666 folded before Flop (didn't bet)
Seat 2: BAD 18 BOY folded before Flop (didn't bet)
Seat 3: trueJamaican folded on the Turn
Seat 4: Honor <3 Me collected ($0.40)
Seat 5: kaian03 (button) folded on the Flop
Seat 6: stiks12 (small blind) folded before Flop
Seat 7: Dorex2007 (big blind) folded before Flop
Seat 9: 123LADY123 folded before Flop (didn't bet)



PokerStars Hand #223962567978:  Hold'em No Limit ($0.01/$0.02 USD) - 2021/02/18 13:09:47 PT [2021/02/18 16:09:47 ET]
Table 'Linzia V' 9-max Seat #6 is the button
Seat 1: KongKing666 ($1.86 in chips) 
Seat 2: BAD 18 BOY ($0.40 in chips) 
Seat 3: trueJamaican ($4.14 in chips) 
Seat 4: Honor <3 Me ($1.76 in chips) 
Seat 5: kaian03 ($5.87 in chips) 
Seat 6: stiks12 ($3.01 in chips) 
Seat 7: Dorex2007 ($1.46 in chips) 
Seat 8: milkovich90 ($2 in chips) 
Seat 9: 123LADY123 ($1.31 in chips) 
Dorex2007: posts small blind $0.01
milkovich90: posts big blind $0.02
*** HOLE CARDS ***
Dealt to Dorex2007 [Qc 6h]
123LADY123: folds 
KongKing666: folds 
BAD 18 BOY: raises $0.02 to $0.04
trueJamaican: folds 
Honor <3 Me: calls $0.04
kaian03: folds 
stiks12: folds 
Dorex2007: folds 
milkovich90: folds 
*** FLOP *** [2d 6s Qh]
BAD 18 BOY: bets $0.11
Honor <3 Me: folds 
Uncalled bet ($0.11) returned to BAD 18 BOY
BAD 18 BOY collected $0.11 from pot
BAD 18 BOY: doesn't show hand 
*** SUMMARY ***
Total pot $0.11 | Rake $0 
Board [2d 6s Qh]
Seat 1: KongKing666 folded before Flop (didn't bet)
Seat 2: BAD 18 BOY collected ($0.11)
Seat 3: trueJamaican folded before Flop (didn't bet)
Seat 4: Honor <3 Me folded on the Flop
Seat 5: kaian03 folded before Flop (didn't bet)
Seat 6: stiks12 (button) folded before Flop (didn't bet)
Seat 7: Dorex2007 (small blind) folded before Flop
Seat 8: milkovich90 (big blind) folded before Flop
Seat 9: 123LADY123 folded before Flop (didn't bet)



PokerStars Hand #223962589245:  Hold'em No Limit ($0.01/$0.02 USD) - 2021/02/18 13:10:17 PT [2021/02/18 16:10:17 ET]
Table 'Linzia V' 9-max Seat #7 is the button
Seat 1: KongKing666 ($1.86 in chips) 
Seat 2: BAD 18 BOY ($0.47 in chips) 
Seat 3: trueJamaican ($4.14 in chips) 
Seat 4: Honor <3 Me ($1.72 in chips) 
Seat 5: kaian03 ($5.87 in chips) 
Seat 6: stiks12 ($3.01 in chips) 
Seat 7: Dorex2007 ($1.45 in chips) 
Seat 8: milkovich90 ($2 in chips) 
Seat 9: 123LADY123 ($1.31 in chips) 
milkovich90: posts small blind $0.01
123LADY123: posts big blind $0.02
*** HOLE CARDS ***
Dealt to Dorex2007 [Jd 7c]
KongKing666: folds 
BAD 18 BOY: raises $0.02 to $0.04
trueJamaican: folds 
Honor <3 Me: raises $0.06 to $0.10
kaian03: folds 
stiks12: folds 
Dorex2007: folds 
milkovich90: folds 
123LADY123: folds 
BAD 18 BOY: calls $0.06
*** FLOP *** [8c 9s Kd]
BAD 18 BOY: bets $0.11
Honor <3 Me: calls $0.11
*** TURN *** [8c 9s Kd] [Kc]
BAD 18 BOY: bets $0.26 and is all-in
Honor <3 Me: calls $0.26
BAD 18 BOY has timed out
*** RIVER *** [8c 9s Kd Kc] [5c]
*** SHOW DOWN ***
BAD 18 BOY: shows [Td Qc] (a pair of Kings)
Honor <3 Me: shows [Ad Jh] (a pair of Kings - Ace kicker)
Honor <3 Me collected $0.94 from pot
*** SUMMARY ***
Total pot $0.97 | Rake $0.03 
Board [8c 9s Kd Kc 5c]
Seat 1: KongKing666 folded before Flop (didn't bet)
Seat 2: BAD 18 BOY showed [Td Qc] and lost with a pair of Kings
Seat 3: trueJamaican folded before Flop (didn't bet)
Seat 4: Honor <3 Me showed [Ad Jh] and won ($0.94) with a pair of Kings
Seat 5: kaian03 folded before Flop (didn't bet)
Seat 6: stiks12 folded before Flop (didn't bet)
Seat 7: Dorex2007 (button) folded before Flop (didn't bet)
Seat 8: milkovich90 (small blind) folded before Flop
Seat 9: 123LADY123 (big blind) folded before Flop



PokerStars Hand #223962624771:  Hold'em No Limit ($0.01/$0.02 USD) - 2021/02/18 13:11:07 PT [2021/02/18 16:11:07 ET]
Table 'Linzia V' 9-max Seat #8 is the button
Seat 1: KongKing666 ($1.86 in chips) 
Seat 3: trueJamaican ($4.14 in chips) 
Seat 4: Honor <3 Me ($2.19 in chips) 
Seat 5: kaian03 ($5.87 in chips) 
Seat 6: stiks12 ($3.01 in chips) 
Seat 7: Dorex2007 ($1.45 in chips) 
Seat 8: milkovich90 ($2 in chips) 
Seat 9: 123LADY123 ($1.29 in chips) 
123LADY123: posts small blind $0.01
KongKing666: posts big blind $0.02
*** HOLE CARDS ***
Dealt to Dorex2007 [3s 9s]
trueJamaican: folds 
Honor <3 Me: folds 
kaian03: calls $0.02
stiks12: calls $0.02
BAD 18 BOY leaves the table
Dorex2007: folds 
milkovich90: folds 
123LADY123: folds 
KongKing666: checks 
*** FLOP *** [8d 6c 2d]
KongKing666: checks 
kaian03: checks 
stiks12: checks 
*** TURN *** [8d 6c 2d] [6d]
Potapkin23 joins the table at seat #2 
KongKing666: checks 
kaian03: checks 
stiks12: checks 
*** RIVER *** [8d 6c 2d 6d] [6s]
KongKing666: checks 
kaian03: bets $0.02
stiks12: folds 
KongKing666: folds 
Uncalled bet ($0.02) returned to kaian03
kaian03 collected $0.07 from pot
kaian03: doesn't show hand 
*** SUMMARY ***
Total pot $0.07 | Rake $0 
Board [8d 6c 2d 6d 6s]
Seat 1: KongKing666 (big blind) folded on the River
Seat 3: trueJamaican folded before Flop (didn't bet)
Seat 4: Honor <3 Me folded before Flop (didn't bet)
Seat 5: kaian03 collected ($0.07)
Seat 6: stiks12 folded on the River
Seat 7: Dorex2007 folded before Flop (didn't bet)
Seat 8: milkovich90 (button) folded before Flop (didn't bet)
Seat 9: 123LADY123 (small blind) folded before Flop



