PokerStars Hand #224436857073:  Hold'em No Limit ($0.01/$0.02 USD) - 2021/03/03 21:00:52 PT [2021/03/04 0:00:52 ET]
Table 'Jetta' 9-max Seat #1 is the button
Seat 1: Giba1 One ($1.50 in chips) 
Seat 2: CollegeFund2021 ($3.07 in chips) 
Seat 3: buggspray ($2 in chips) 
Seat 4: BluckD ($2.33 in chips) 
Seat 5: budweiservacay ($1.63 in chips) 
Seat 6: Dorex2007 ($2.40 in chips) 
Seat 7: IlonaM83 ($0.77 in chips) 
Seat 8: mofa123 ($2.97 in chips) 
Seat 9: Diego -AA-13 ($0.93 in chips) 
CollegeFund2021: posts small blind $0.01
buggspray: posts big blind $0.02
*** HOLE CARDS ***
Dealt to Dorex2007 [2h Ks]
BluckD: folds 
budweiservacay: folds 
Dorex2007: folds 
IlonaM83: calls $0.02
mofa123: raises $0.09 to $0.11
Diego -AA-13: folds 
Giba1 One: folds 
CollegeFund2021: calls $0.10
buggspray: raises $0.09 to $0.20
IlonaM83: folds 
mofa123: calls $0.09
CollegeFund2021: calls $0.09
*** FLOP *** [8h 6d Qs]
CollegeFund2021: checks 
buggspray: bets $0.30
mofa123: folds 
CollegeFund2021: calls $0.30
*** TURN *** [8h 6d Qs] [4d]
CollegeFund2021: checks 
buggspray: bets $0.51
CollegeFund2021: folds 
Uncalled bet ($0.51) returned to buggspray
buggspray collected $1.18 from pot
buggspray: doesn't show hand 
*** SUMMARY ***
Total pot $1.22 | Rake $0.04 
Board [8h 6d Qs 4d]
Seat 1: Giba1 One (button) folded before Flop (didn't bet)
Seat 2: CollegeFund2021 (small blind) folded on the Turn
Seat 3: buggspray (big blind) collected ($1.18)
Seat 4: BluckD folded before Flop (didn't bet)
Seat 5: budweiservacay folded before Flop (didn't bet)
Seat 6: Dorex2007 folded before Flop (didn't bet)
Seat 7: IlonaM83 folded before Flop
Seat 8: mofa123 folded on the Flop
Seat 9: Diego -AA-13 folded before Flop (didn't bet)



PokerStars Hand #224436882074:  Hold'em No Limit ($0.01/$0.02 USD) - 2021/03/03 21:03:03 PT [2021/03/04 0:03:03 ET]
Table 'Jetta' 9-max Seat #2 is the button
Seat 1: Giba1 One ($1.50 in chips) 
Seat 2: CollegeFund2021 ($2.57 in chips) 
Seat 3: buggspray ($2.68 in chips) 
Seat 4: BluckD ($2.33 in chips) 
Seat 5: budweiservacay ($1.63 in chips) 
Seat 6: Dorex2007 ($2.40 in chips) 
Seat 7: IlonaM83 ($0.75 in chips) 
Seat 8: mofa123 ($2.77 in chips) 
Seat 9: Diego -AA-13 ($0.93 in chips) 
buggspray: posts small blind $0.01
BluckD: posts big blind $0.02
*** HOLE CARDS ***
Dealt to Dorex2007 [Ks Qh]
budweiservacay: folds 
Dorex2007: raises $0.04 to $0.06
IlonaM83: folds 
mofa123: calls $0.06
Diego -AA-13: folds 
Giba1 One: folds 
CollegeFund2021: folds 
buggspray: folds 
BluckD: folds 
*** FLOP *** [7d Th 8s]
Dorex2007: bets $0.14
mofa123: folds 
Uncalled bet ($0.14) returned to Dorex2007
Dorex2007 collected $0.14 from pot
Dorex2007: doesn't show hand 
*** SUMMARY ***
Total pot $0.15 | Rake $0.01 
Board [7d Th 8s]
Seat 1: Giba1 One folded before Flop (didn't bet)
Seat 2: CollegeFund2021 (button) folded before Flop (didn't bet)
Seat 3: buggspray (small blind) folded before Flop
Seat 4: BluckD (big blind) folded before Flop
Seat 5: budweiservacay folded before Flop (didn't bet)
Seat 6: Dorex2007 collected ($0.14)
Seat 7: IlonaM83 folded before Flop (didn't bet)
Seat 8: mofa123 folded on the Flop
Seat 9: Diego -AA-13 folded before Flop (didn't bet)



PokerStars Hand #224436889498:  Hold'em No Limit ($0.01/$0.02 USD) - 2021/03/03 21:03:41 PT [2021/03/04 0:03:41 ET]
Table 'Jetta' 9-max Seat #3 is the button
Seat 1: Giba1 One ($1.50 in chips) 
Seat 2: CollegeFund2021 ($2.57 in chips) 
Seat 3: buggspray ($2.67 in chips) 
Seat 4: BluckD ($2.31 in chips) 
Seat 6: Dorex2007 ($2.48 in chips) 
Seat 7: IlonaM83 ($0.75 in chips) 
Seat 8: mofa123 ($2.71 in chips) 
Seat 9: Diego -AA-13 ($0.93 in chips) 
BluckD: posts small blind $0.01
Dorex2007: posts big blind $0.02
*** HOLE CARDS ***
Dealt to Dorex2007 [8d Ah]
IlonaM83: folds 
mofa123: folds 
Diego -AA-13: calls $0.02
Giba1 One: folds 
CollegeFund2021: calls $0.02
buggspray: folds 
BluckD: folds 
Dorex2007: checks 
*** FLOP *** [5c 9d Kd]
Dorex2007: checks 
Diego -AA-13: checks 
CollegeFund2021: checks 
*** TURN *** [5c 9d Kd] [9s]
Dorex2007: checks 
Diego -AA-13: checks 
CollegeFund2021: checks 
*** RIVER *** [5c 9d Kd 9s] [Th]
Dorex2007: bets $0.08
Diego -AA-13: calls $0.08
CollegeFund2021: calls $0.08
*** SHOW DOWN ***
Dorex2007: shows [8d Ah] (a pair of Nines)
Diego -AA-13: shows [Td Qc] (two pair, Tens and Nines)
CollegeFund2021: shows [Qh Tc] (two pair, Tens and Nines)
Diego -AA-13 collected $0.15 from pot
CollegeFund2021 collected $0.15 from pot
*** SUMMARY ***
Total pot $0.31 | Rake $0.01 
Board [5c 9d Kd 9s Th]
Seat 1: Giba1 One folded before Flop (didn't bet)
Seat 2: CollegeFund2021 showed [Qh Tc] and won ($0.15) with two pair, Tens and Nines
Seat 3: buggspray (button) folded before Flop (didn't bet)
Seat 4: BluckD (small blind) folded before Flop
Seat 6: Dorex2007 (big blind) showed [8d Ah] and lost with a pair of Nines
Seat 7: IlonaM83 folded before Flop (didn't bet)
Seat 8: mofa123 folded before Flop (didn't bet)
Seat 9: Diego -AA-13 showed [Td Qc] and won ($0.15) with two pair, Tens and Nines



PokerStars Hand #224436908609:  Hold'em No Limit ($0.01/$0.02 USD) - 2021/03/03 21:04:57 PT [2021/03/04 0:04:57 ET]
Table 'Jetta' 9-max Seat #4 is the button
Seat 1: Giba1 One ($1.50 in chips) 
Seat 2: CollegeFund2021 ($2.62 in chips) 
Seat 3: buggspray ($2.67 in chips) 
Seat 4: BluckD ($2.30 in chips) 
Seat 6: Dorex2007 ($2.38 in chips) 
Seat 7: IlonaM83 ($0.75 in chips) 
Seat 8: mofa123 ($2.71 in chips) 
Seat 9: Diego -AA-13 ($0.98 in chips) 
Dorex2007: posts small blind $0.01
IlonaM83: posts big blind $0.02
*** HOLE CARDS ***
Dealt to Dorex2007 [7s Ks]
mofa123: folds 
Diego -AA-13: folds 
Giba1 One: folds 
CollegeFund2021: calls $0.02
mofa123 leaves the table
buggspray: folds 
BluckD: folds 
Dorex2007: calls $0.01
IlonaM83: checks 
*** FLOP *** [Kc 6c Ah]
Dorex2007: checks 
IlonaM83: checks 
CollegeFund2021: checks 
*** TURN *** [Kc 6c Ah] [2d]
Dorex2007: bets $0.05
IlonaM83: folds 
CollegeFund2021: calls $0.05
*** RIVER *** [Kc 6c Ah 2d] [5d]
Dorex2007: checks 
CollegeFund2021: bets $0.15
Dorex2007: folds 
Uncalled bet ($0.15) returned to CollegeFund2021
CollegeFund2021 collected $0.15 from pot
CollegeFund2021: doesn't show hand 
*** SUMMARY ***
Total pot $0.16 | Rake $0.01 
Board [Kc 6c Ah 2d 5d]
Seat 1: Giba1 One folded before Flop (didn't bet)
Seat 2: CollegeFund2021 collected ($0.15)
Seat 3: buggspray folded before Flop (didn't bet)
Seat 4: BluckD (button) folded before Flop (didn't bet)
Seat 6: Dorex2007 (small blind) folded on the River
Seat 7: IlonaM83 (big blind) folded on the Turn
Seat 8: mofa123 folded before Flop (didn't bet)
Seat 9: Diego -AA-13 folded before Flop (didn't bet)



PokerStars Hand #224436920909:  Hold'em No Limit ($0.01/$0.02 USD) - 2021/03/03 21:06:02 PT [2021/03/04 0:06:02 ET]
Table 'Jetta' 9-max Seat #6 is the button
Seat 1: Giba1 One ($1.50 in chips) 
Seat 2: CollegeFund2021 ($2.70 in chips) 
Seat 3: buggspray ($2.67 in chips) 
Seat 4: BluckD ($2.30 in chips) 
Seat 6: Dorex2007 ($2.31 in chips) 
Seat 7: IlonaM83 ($0.73 in chips) 
Seat 9: Diego -AA-13 ($0.98 in chips) 
IlonaM83: posts small blind $0.01
Diego -AA-13: posts big blind $0.02
budweiservacay: sits out 
*** HOLE CARDS ***
Dealt to Dorex2007 [Jc Tc]
Giba1 One: folds 
CollegeFund2021: folds 
buggspray: folds 
BluckD: folds 
Giba1 One leaves the table
Dorex2007: raises $0.04 to $0.06
IlonaM83: calls $0.05
Diego -AA-13: calls $0.04
*** FLOP *** [3h Qc Qs]
IlonaM83: bets $0.02
Diego -AA-13: calls $0.02
Dorex2007: calls $0.02
*** TURN *** [3h Qc Qs] [Jd]
IlonaM83: bets $0.04
Diego -AA-13: calls $0.04
Dorex2007: calls $0.04
*** RIVER *** [3h Qc Qs Jd] [Qh]
IlonaM83: checks 
Diego -AA-13: checks 
Dorex2007: bets $0.35
IlonaM83: folds 
Diego -AA-13: calls $0.35
*** SHOW DOWN ***
Dorex2007: shows [Jc Tc] (a full house, Queens full of Jacks)
Diego -AA-13: shows [Ac Js] (a full house, Queens full of Jacks)
Diego -AA-13 collected $0.51 from pot
Dorex2007 collected $0.51 from pot
*** SUMMARY ***
Total pot $1.06 | Rake $0.04 
Board [3h Qc Qs Jd Qh]
Seat 1: Giba1 One folded before Flop (didn't bet)
Seat 2: CollegeFund2021 folded before Flop (didn't bet)
Seat 3: buggspray folded before Flop (didn't bet)
Seat 4: BluckD folded before Flop (didn't bet)
Seat 6: Dorex2007 (button) showed [Jc Tc] and won ($0.51) with a full house, Queens full of Jacks
Seat 7: IlonaM83 (small blind) folded on the River
Seat 9: Diego -AA-13 (big blind) showed [Ac Js] and won ($0.51) with a full house, Queens full of Jacks



PokerStars Hand #224436935071:  Hold'em No Limit ($0.01/$0.02 USD) - 2021/03/03 21:07:16 PT [2021/03/04 0:07:16 ET]
Table 'Jetta' 9-max Seat #7 is the button
Seat 2: CollegeFund2021 ($2.70 in chips) 
Seat 3: buggspray ($2.67 in chips) 
Seat 4: BluckD ($2.30 in chips) 
Seat 5: budweiservacay ($1.63 in chips) 
Seat 6: Dorex2007 ($2.35 in chips) 
Seat 7: IlonaM83 ($0.61 in chips) 
Seat 9: Diego -AA-13 ($1.02 in chips) 
Diego -AA-13: posts small blind $0.01
CollegeFund2021: posts big blind $0.02
budweiservacay: posts small & big blinds $0.03
*** HOLE CARDS ***
Dealt to Dorex2007 [4h 2h]
buggspray: folds 
BluckD: folds 
budweiservacay: checks 
Dorex2007: folds 
IlonaM83: folds 
Diego -AA-13: calls $0.01
CollegeFund2021: checks 
*** FLOP *** [5h 7s 3d]
Diego -AA-13: checks 
CollegeFund2021: checks 
budweiservacay: bets $0.05
Diego -AA-13: folds 
CollegeFund2021: folds 
Uncalled bet ($0.05) returned to budweiservacay
budweiservacay collected $0.07 from pot
budweiservacay: doesn't show hand 
*** SUMMARY ***
Total pot $0.07 | Rake $0 
Board [5h 7s 3d]
Seat 2: CollegeFund2021 (big blind) folded on the Flop
Seat 3: buggspray folded before Flop (didn't bet)
Seat 4: BluckD folded before Flop (didn't bet)
Seat 5: budweiservacay collected ($0.07)
Seat 6: Dorex2007 folded before Flop (didn't bet)
Seat 7: IlonaM83 (button) folded before Flop (didn't bet)
Seat 9: Diego -AA-13 (small blind) folded on the Flop



PokerStars Hand #224436946201:  Hold'em No Limit ($0.01/$0.02 USD) - 2021/03/03 21:08:15 PT [2021/03/04 0:08:15 ET]
Table 'Jetta' 9-max Seat #9 is the button
Seat 2: CollegeFund2021 ($2.68 in chips) 
Seat 3: buggspray ($2.67 in chips) 
Seat 4: BluckD ($2.30 in chips) 
Seat 5: budweiservacay ($1.67 in chips) 
Seat 6: Dorex2007 ($2.35 in chips) 
Seat 7: IlonaM83 ($0.61 in chips) 
Seat 9: Diego -AA-13 ($1 in chips) 
CollegeFund2021: posts small blind $0.01
buggspray: posts big blind $0.02
*** HOLE CARDS ***
Dealt to Dorex2007 [Qs 2d]
BluckD: folds 
budweiservacay: folds 
Dorex2007: folds 
IlonaM83: folds 
Diego -AA-13: folds 
CollegeFund2021: calls $0.01
buggspray: checks 
*** FLOP *** [Jh Ah 9h]
CollegeFund2021: checks 
buggspray: checks 
*** TURN *** [Jh Ah 9h] [7s]
CollegeFund2021: bets $0.04
buggspray: folds 
Uncalled bet ($0.04) returned to CollegeFund2021
CollegeFund2021 collected $0.04 from pot
CollegeFund2021: doesn't show hand 
*** SUMMARY ***
Total pot $0.04 | Rake $0 
Board [Jh Ah 9h 7s]
Seat 2: CollegeFund2021 (small blind) collected ($0.04)
Seat 3: buggspray (big blind) folded on the Turn
Seat 4: BluckD folded before Flop (didn't bet)
Seat 5: budweiservacay folded before Flop (didn't bet)
Seat 6: Dorex2007 folded before Flop (didn't bet)
Seat 7: IlonaM83 folded before Flop (didn't bet)
Seat 9: Diego -AA-13 (button) folded before Flop (didn't bet)



PokerStars Hand #224436952758:  Hold'em No Limit ($0.01/$0.02 USD) - 2021/03/03 21:08:49 PT [2021/03/04 0:08:49 ET]
Table 'Jetta' 9-max Seat #2 is the button
Seat 2: CollegeFund2021 ($2.70 in chips) 
Seat 3: buggspray ($2.65 in chips) 
Seat 4: BluckD ($2.30 in chips) 
Seat 5: budweiservacay ($1.67 in chips) 
Seat 6: Dorex2007 ($2.35 in chips) 
Seat 7: IlonaM83 ($0.61 in chips) 
Seat 9: Diego -AA-13 ($1 in chips) 
buggspray: posts small blind $0.01
BluckD: posts big blind $0.02
*** HOLE CARDS ***
Dealt to Dorex2007 [Tc 4d]
budweiservacay: raises $0.04 to $0.06
Dorex2007: folds 
IlonaM83: folds 
Diego -AA-13: folds 
CollegeFund2021: folds 
buggspray: folds 
BluckD: folds 
Uncalled bet ($0.04) returned to budweiservacay
budweiservacay collected $0.05 from pot
budweiservacay: doesn't show hand 
*** SUMMARY ***
Total pot $0.05 | Rake $0 
Seat 2: CollegeFund2021 (button) folded before Flop (didn't bet)
Seat 3: buggspray (small blind) folded before Flop
Seat 4: BluckD (big blind) folded before Flop
Seat 5: budweiservacay collected ($0.05)
Seat 6: Dorex2007 folded before Flop (didn't bet)
Seat 7: IlonaM83 folded before Flop (didn't bet)
Seat 9: Diego -AA-13 folded before Flop (didn't bet)



PokerStars Hand #224436958012:  Hold'em No Limit ($0.01/$0.02 USD) - 2021/03/03 21:09:17 PT [2021/03/04 0:09:17 ET]
Table 'Jetta' 9-max Seat #3 is the button
Seat 2: CollegeFund2021 ($2.70 in chips) 
Seat 3: buggspray ($2.64 in chips) 
Seat 4: BluckD ($2.28 in chips) 
Seat 5: budweiservacay ($1.70 in chips) 
Seat 6: Dorex2007 ($2.35 in chips) 
Seat 7: IlonaM83 ($0.61 in chips) 
Seat 9: Diego -AA-13 ($1 in chips) 
BluckD: posts small blind $0.01
budweiservacay: posts big blind $0.02
*** HOLE CARDS ***
Dealt to Dorex2007 [Th 6s]
Dorex2007: folds 
IlonaM83: folds 
Diego -AA-13: raises $0.02 to $0.04
CollegeFund2021: folds 
buggspray: calls $0.04
BluckD: folds 
budweiservacay: raises $0.10 to $0.14
Diego -AA-13: calls $0.10
buggspray: folds 
*** FLOP *** [9c 6c As]
budweiservacay: bets $0.24
Diego -AA-13: folds 
Uncalled bet ($0.24) returned to budweiservacay
budweiservacay collected $0.32 from pot
budweiservacay: doesn't show hand 
*** SUMMARY ***
Total pot $0.33 | Rake $0.01 
Board [9c 6c As]
Seat 2: CollegeFund2021 folded before Flop (didn't bet)
Seat 3: buggspray (button) folded before Flop
Seat 4: BluckD (small blind) folded before Flop
Seat 5: budweiservacay (big blind) collected ($0.32)
Seat 6: Dorex2007 folded before Flop (didn't bet)
Seat 7: IlonaM83 folded before Flop (didn't bet)
Seat 9: Diego -AA-13 folded on the Flop



PokerStars Hand #224436970279:  Hold'em No Limit ($0.01/$0.02 USD) - 2021/03/03 21:10:22 PT [2021/03/04 0:10:22 ET]
Table 'Jetta' 9-max Seat #4 is the button
Seat 2: CollegeFund2021 ($2.70 in chips) 
Seat 3: buggspray ($2.60 in chips) 
Seat 4: BluckD ($2.27 in chips) 
Seat 5: budweiservacay ($1.88 in chips) 
Seat 6: Dorex2007 ($2.35 in chips) 
Seat 7: IlonaM83 ($0.61 in chips) 
Seat 9: Diego -AA-13 ($0.86 in chips) 
budweiservacay: posts small blind $0.01
Dorex2007: posts big blind $0.02
*** HOLE CARDS ***
Dealt to Dorex2007 [3h 8d]
IlonaM83: folds 
Diego -AA-13: calls $0.02
CollegeFund2021: folds 
buggspray: folds 
BluckD: folds 
budweiservacay: folds 
Dorex2007: checks 
*** FLOP *** [2h Qc 7h]
Dorex2007: checks 
Diego -AA-13: checks 
*** TURN *** [2h Qc 7h] [7c]
Dorex2007: checks 
Diego -AA-13: checks 
*** RIVER *** [2h Qc 7h 7c] [Tc]
Dorex2007: checks 
Diego -AA-13: checks 
*** SHOW DOWN ***
Dorex2007: shows [3h 8d] (a pair of Sevens)
Diego -AA-13: shows [9s Jd] (a pair of Sevens - Queen+Jack kicker)
Diego -AA-13 collected $0.05 from pot
*** SUMMARY ***
Total pot $0.05 | Rake $0 
Board [2h Qc 7h 7c Tc]
Seat 2: CollegeFund2021 folded before Flop (didn't bet)
Seat 3: buggspray folded before Flop (didn't bet)
Seat 4: BluckD (button) folded before Flop (didn't bet)
Seat 5: budweiservacay (small blind) folded before Flop
Seat 6: Dorex2007 (big blind) showed [3h 8d] and lost with a pair of Sevens
Seat 7: IlonaM83 folded before Flop (didn't bet)
Seat 9: Diego -AA-13 showed [9s Jd] and won ($0.05) with a pair of Sevens



PokerStars Hand #224436979115:  Hold'em No Limit ($0.01/$0.02 USD) - 2021/03/03 21:11:09 PT [2021/03/04 0:11:09 ET]
Table 'Jetta' 9-max Seat #5 is the button
Seat 2: CollegeFund2021 ($2.70 in chips) 
Seat 3: buggspray ($2.60 in chips) 
Seat 4: BluckD ($2.27 in chips) 
Seat 5: budweiservacay ($1.87 in chips) 
Seat 6: Dorex2007 ($2.33 in chips) 
Seat 7: IlonaM83 ($0.61 in chips) 
Seat 9: Diego -AA-13 ($0.89 in chips) 
Dorex2007: posts small blind $0.01
IlonaM83: posts big blind $0.02
*** HOLE CARDS ***
Dealt to Dorex2007 [3d 7s]
Diego -AA-13: folds 
CollegeFund2021: folds 
buggspray: folds 
BluckD: folds 
budweiservacay: folds 
Dorex2007: calls $0.01
IlonaM83: checks 
*** FLOP *** [2c 3c 5d]
Dorex2007: bets $0.04
IlonaM83: folds 
Uncalled bet ($0.04) returned to Dorex2007
Dorex2007 collected $0.04 from pot
Dorex2007: doesn't show hand 
*** SUMMARY ***
Total pot $0.04 | Rake $0 
Board [2c 3c 5d]
Seat 2: CollegeFund2021 folded before Flop (didn't bet)
Seat 3: buggspray folded before Flop (didn't bet)
Seat 4: BluckD folded before Flop (didn't bet)
Seat 5: budweiservacay (button) folded before Flop (didn't bet)
Seat 6: Dorex2007 (small blind) collected ($0.04)
Seat 7: IlonaM83 (big blind) folded on the Flop
Seat 9: Diego -AA-13 folded before Flop (didn't bet)



PokerStars Hand #224436984904:  Hold'em No Limit ($0.01/$0.02 USD) - 2021/03/03 21:11:40 PT [2021/03/04 0:11:40 ET]
Table 'Jetta' 9-max Seat #6 is the button
Seat 2: CollegeFund2021 ($2.70 in chips) 
Seat 3: buggspray ($2.60 in chips) 
Seat 4: BluckD ($2.27 in chips) 
Seat 5: budweiservacay ($1.87 in chips) 
Seat 6: Dorex2007 ($2.35 in chips) 
Seat 7: IlonaM83 ($0.59 in chips) 
Seat 9: Diego -AA-13 ($0.89 in chips) 
IlonaM83: posts small blind $0.01
Diego -AA-13: posts big blind $0.02
*** HOLE CARDS ***
Dealt to Dorex2007 [Qd Qh]
CollegeFund2021: calls $0.02
buggspray: folds 
BluckD: folds 
budweiservacay: folds 
Dorex2007: raises $0.04 to $0.06
IlonaM83: calls $0.05
Diego -AA-13: calls $0.04
CollegeFund2021: calls $0.04
*** FLOP *** [9c As 7d]
IlonaM83: bets $0.12
Diego -AA-13: folds 
CollegeFund2021: calls $0.12
Dorex2007: folds 
*** TURN *** [9c As 7d] [Jd]
IlonaM83: bets $0.23
CollegeFund2021: calls $0.23
*** RIVER *** [9c As 7d Jd] [3c]
IlonaM83: bets $0.02
CollegeFund2021: calls $0.02
*** SHOW DOWN ***
IlonaM83: shows [Qs Ac] (a pair of Aces)
CollegeFund2021: mucks hand 
IlonaM83 collected $0.95 from pot
*** SUMMARY ***
Total pot $0.98 | Rake $0.03 
Board [9c As 7d Jd 3c]
Seat 2: CollegeFund2021 mucked [3d 8d]
Seat 3: buggspray folded before Flop (didn't bet)
Seat 4: BluckD folded before Flop (didn't bet)
Seat 5: budweiservacay folded before Flop (didn't bet)
Seat 6: Dorex2007 (button) folded on the Flop
Seat 7: IlonaM83 (small blind) showed [Qs Ac] and won ($0.95) with a pair of Aces
Seat 9: Diego -AA-13 (big blind) folded on the Flop



PokerStars Hand #224436997773:  Hold'em No Limit ($0.01/$0.02 USD) - 2021/03/03 21:12:48 PT [2021/03/04 0:12:48 ET]
Table 'Jetta' 9-max Seat #7 is the button
Seat 2: CollegeFund2021 ($2.27 in chips) 
Seat 3: buggspray ($2.60 in chips) 
Seat 4: BluckD ($2.27 in chips) 
Seat 5: budweiservacay ($1.87 in chips) 
Seat 6: Dorex2007 ($2.29 in chips) 
Seat 7: IlonaM83 ($1.11 in chips) 
Seat 9: Diego -AA-13 ($0.83 in chips) 
Diego -AA-13: posts small blind $0.01
CollegeFund2021: posts big blind $0.02
*** HOLE CARDS ***
Dealt to Dorex2007 [3h 7h]
buggspray: raises $0.04 to $0.06
BluckD: calls $0.06
budweiservacay: folds 
Dorex2007: folds 
IlonaM83: folds 
Diego -AA-13: calls $0.05
CollegeFund2021: folds 
*** FLOP *** [9d Qd Js]
Diego -AA-13: checks 
buggspray: checks 
BluckD: bets $0.14
Diego -AA-13: folds 
buggspray: calls $0.14
*** TURN *** [9d Qd Js] [Jh]
buggspray: checks 
BluckD: bets $0.35
buggspray: raises $0.35 to $0.70
BluckD: calls $0.35
*** RIVER *** [9d Qd Js Jh] [4d]
buggspray: bets $0.76
Max291011 joins the table at seat #1 
BluckD: calls $0.76
*** SHOW DOWN ***
buggspray: shows [Qc Ac] (two pair, Queens and Jacks)
BluckD: mucks hand 
buggspray collected $3.28 from pot
*** SUMMARY ***
Total pot $3.40 | Rake $0.12 
Board [9d Qd Js Jh 4d]
Seat 2: CollegeFund2021 (big blind) folded before Flop
Seat 3: buggspray showed [Qc Ac] and won ($3.28) with two pair, Queens and Jacks
Seat 4: BluckD mucked [Qh Kc]
Seat 5: budweiservacay folded before Flop (didn't bet)
Seat 6: Dorex2007 folded before Flop (didn't bet)
Seat 7: IlonaM83 (button) folded before Flop (didn't bet)
Seat 9: Diego -AA-13 (small blind) folded on the Flop



PokerStars Hand #224437010611:  Hold'em No Limit ($0.01/$0.02 USD) - 2021/03/03 21:13:56 PT [2021/03/04 0:13:56 ET]
Table 'Jetta' 9-max Seat #9 is the button
Seat 2: CollegeFund2021 ($2.25 in chips) 
Seat 3: buggspray ($4.22 in chips) 
Seat 4: BluckD ($2 in chips) 
Seat 5: budweiservacay ($1.87 in chips) 
Seat 6: Dorex2007 ($2.29 in chips) 
Seat 7: IlonaM83 ($1.11 in chips) 
Seat 9: Diego -AA-13 ($0.77 in chips) 
CollegeFund2021: posts small blind $0.01
buggspray: posts big blind $0.02
*** HOLE CARDS ***
Dealt to Dorex2007 [Ac 4h]
BluckD: folds 
budweiservacay: folds 
Dorex2007: folds 
IlonaM83: folds 
Diego -AA-13: folds 
CollegeFund2021: calls $0.01
buggspray: checks 
*** FLOP *** [Ts 4c 8h]
CollegeFund2021: checks 
buggspray: checks 
*** TURN *** [Ts 4c 8h] [Qd]
ryuzaki:x joins the table at seat #8 
CollegeFund2021: checks 
buggspray: checks 
*** RIVER *** [Ts 4c 8h Qd] [9d]
CollegeFund2021: checks 
buggspray: checks 
*** SHOW DOWN ***
CollegeFund2021: shows [2h 5h] (high card Queen)
buggspray: shows [2c 7h] (high card Queen - Ten+Nine+Eight+Seven kicker)
buggspray collected $0.04 from pot
*** SUMMARY ***
Total pot $0.04 | Rake $0 
Board [Ts 4c 8h Qd 9d]
Seat 2: CollegeFund2021 (small blind) showed [2h 5h] and lost with high card Queen
Seat 3: buggspray (big blind) showed [2c 7h] and won ($0.04) with high card Queen
Seat 4: BluckD folded before Flop (didn't bet)
Seat 5: budweiservacay folded before Flop (didn't bet)
Seat 6: Dorex2007 folded before Flop (didn't bet)
Seat 7: IlonaM83 folded before Flop (didn't bet)
Seat 9: Diego -AA-13 (button) folded before Flop (didn't bet)



PokerStars Hand #224437017050:  Hold'em No Limit ($0.01/$0.02 USD) - 2021/03/03 21:14:31 PT [2021/03/04 0:14:31 ET]
Table 'Jetta' 9-max Seat #2 is the button
Seat 2: CollegeFund2021 ($2.23 in chips) 
Seat 3: buggspray ($4.24 in chips) 
Seat 4: BluckD ($2 in chips) 
Seat 5: budweiservacay ($1.87 in chips) 
Seat 6: Dorex2007 ($2.29 in chips) 
Seat 7: IlonaM83 ($1.11 in chips) 
Seat 9: Diego -AA-13 ($0.77 in chips) 
buggspray: posts small blind $0.01
BluckD: posts big blind $0.02
ryuzaki:x: sits out 
Max291011: sits out 
*** HOLE CARDS ***
Dealt to Dorex2007 [3h 7c]
budweiservacay: folds 
Dorex2007: folds 
IlonaM83: raises $0.04 to $0.06
Diego -AA-13: folds 
CollegeFund2021: folds 
buggspray: folds 
BluckD: calls $0.04
*** FLOP *** [7h Td As]
BluckD: checks 
IlonaM83: bets $0.04
BluckD: calls $0.04
*** TURN *** [7h Td As] [4c]
BluckD: checks 
IlonaM83: bets $0.02
BluckD: raises $0.13 to $0.15
IlonaM83: calls $0.13
*** RIVER *** [7h Td As 4c] [Ts]
BluckD: checks 
IlonaM83: checks 
*** SHOW DOWN ***
BluckD: shows [3d Ad] (two pair, Aces and Tens)
IlonaM83: mucks hand 
BluckD collected $0.49 from pot
*** SUMMARY ***
Total pot $0.51 | Rake $0.02 
Board [7h Td As 4c Ts]
Seat 2: CollegeFund2021 (button) folded before Flop (didn't bet)
Seat 3: buggspray (small blind) folded before Flop
Seat 4: BluckD (big blind) showed [3d Ad] and won ($0.49) with two pair, Aces and Tens
Seat 5: budweiservacay folded before Flop (didn't bet)
Seat 6: Dorex2007 folded before Flop (didn't bet)
Seat 7: IlonaM83 mucked [Qc Ks]
Seat 9: Diego -AA-13 folded before Flop (didn't bet)



PokerStars Hand #224437027625:  Hold'em No Limit ($0.01/$0.02 USD) - 2021/03/03 21:15:28 PT [2021/03/04 0:15:28 ET]
Table 'Jetta' 9-max Seat #3 is the button
Seat 2: CollegeFund2021 ($2.23 in chips) 
Seat 3: buggspray ($4.23 in chips) 
Seat 4: BluckD ($2.24 in chips) 
Seat 5: budweiservacay ($1.87 in chips) 
Seat 6: Dorex2007 ($2.29 in chips) 
Seat 7: IlonaM83 ($0.86 in chips) 
Seat 9: Diego -AA-13 ($0.77 in chips) 
BluckD: posts small blind $0.01
budweiservacay: posts big blind $0.02
ryuzaki:x: sits out 
Max291011: sits out 
*** HOLE CARDS ***
Dealt to Dorex2007 [Js 4s]
Dorex2007: folds 
IlonaM83: folds 
Diego -AA-13: calls $0.02
CollegeFund2021: calls $0.02
buggspray: calls $0.02
BluckD: raises $0.10 to $0.12
budweiservacay: folds 
Diego -AA-13: folds 
CollegeFund2021: calls $0.10
buggspray: folds 
*** FLOP *** [6c Ad Kc]
BluckD: bets $0.22
CollegeFund2021: calls $0.22
*** TURN *** [6c Ad Kc] [Jh]
BluckD: bets $0.53
CollegeFund2021: calls $0.53
*** RIVER *** [6c Ad Kc Jh] [9h]
BluckD: bets $1.37 and is all-in
CollegeFund2021: folds 
Uncalled bet ($1.37) returned to BluckD
BluckD collected $1.74 from pot
BluckD: doesn't show hand 
*** SUMMARY ***
Total pot $1.80 | Rake $0.06 
Board [6c Ad Kc Jh 9h]
Seat 2: CollegeFund2021 folded on the River
Seat 3: buggspray (button) folded before Flop
Seat 4: BluckD (small blind) collected ($1.74)
Seat 5: budweiservacay (big blind) folded before Flop
Seat 6: Dorex2007 folded before Flop (didn't bet)
Seat 7: IlonaM83 folded before Flop (didn't bet)
Seat 9: Diego -AA-13 folded before Flop



PokerStars Hand #224437045453:  Hold'em No Limit ($0.01/$0.02 USD) - 2021/03/03 21:16:38 PT [2021/03/04 0:16:38 ET]
Table 'Jetta' 9-max Seat #4 is the button
Seat 2: CollegeFund2021 ($1.36 in chips) 
Seat 3: buggspray ($4.21 in chips) 
Seat 4: BluckD ($3.11 in chips) 
Seat 5: budweiservacay ($1.85 in chips) 
Seat 6: Dorex2007 ($2.29 in chips) 
Seat 7: IlonaM83 ($0.86 in chips) 
Seat 9: Diego -AA-13 ($0.75 in chips) 
budweiservacay: posts small blind $0.01
Dorex2007: posts big blind $0.02
ryuzaki:x: sits out 
Max291011: sits out 
*** HOLE CARDS ***
Dealt to Dorex2007 [Td Ad]
IlonaM83 has timed out
IlonaM83: folds 
Diego -AA-13: calls $0.02
CollegeFund2021: calls $0.02
buggspray: folds 
BluckD: folds 
Max291011 said, "hi everyone"
budweiservacay: folds 
Dorex2007: checks 
*** FLOP *** [Qc 8h Jc]
Dorex2007: checks 
Diego -AA-13: checks 
CollegeFund2021: bets $0.07
Dorex2007: calls $0.07
Diego -AA-13: calls $0.07
*** TURN *** [Qc 8h Jc] [3h]
Dorex2007: checks 
Diego -AA-13: checks 
CollegeFund2021: bets $0.27
Dorex2007: folds 
Diego -AA-13: folds 
Uncalled bet ($0.27) returned to CollegeFund2021
CollegeFund2021 collected $0.27 from pot
CollegeFund2021: doesn't show hand 
*** SUMMARY ***
Total pot $0.28 | Rake $0.01 
Board [Qc 8h Jc 3h]
Seat 2: CollegeFund2021 collected ($0.27)
Seat 3: buggspray folded before Flop (didn't bet)
Seat 4: BluckD (button) folded before Flop (didn't bet)
Seat 5: budweiservacay (small blind) folded before Flop
Seat 6: Dorex2007 (big blind) folded on the Turn
Seat 7: IlonaM83 folded before Flop (didn't bet)
Seat 9: Diego -AA-13 folded on the Turn



PokerStars Hand #224437058174:  Hold'em No Limit ($0.01/$0.02 USD) - 2021/03/03 21:17:47 PT [2021/03/04 0:17:47 ET]
Table 'Jetta' 9-max Seat #5 is the button
Seat 2: CollegeFund2021 ($1.54 in chips) 
Seat 3: buggspray ($4.21 in chips) 
Seat 4: BluckD ($3.11 in chips) 
Seat 5: budweiservacay ($1.84 in chips) 
Seat 6: Dorex2007 ($2.20 in chips) 
Seat 7: IlonaM83 ($0.86 in chips) 
Seat 9: Diego -AA-13 ($0.66 in chips) 
Dorex2007: posts small blind $0.01
IlonaM83: posts big blind $0.02
ryuzaki:x: sits out 
Max291011: sits out 
*** HOLE CARDS ***
Dealt to Dorex2007 [5d 6s]
Diego -AA-13: calls $0.02
CollegeFund2021: folds 
buggspray: folds 
BluckD: raises $0.06 to $0.08
budweiservacay: calls $0.08
Dorex2007: folds 
IlonaM83: folds 
Diego -AA-13: calls $0.06
*** FLOP *** [Jh 3s 8d]
Diego -AA-13: checks 
BluckD: bets $0.09
budweiservacay: folds 
Diego -AA-13: folds 
Uncalled bet ($0.09) returned to BluckD
BluckD collected $0.26 from pot
BluckD: doesn't show hand 
*** SUMMARY ***
Total pot $0.27 | Rake $0.01 
Board [Jh 3s 8d]
Seat 2: CollegeFund2021 folded before Flop (didn't bet)
Seat 3: buggspray folded before Flop (didn't bet)
Seat 4: BluckD collected ($0.26)
Seat 5: budweiservacay (button) folded on the Flop
Seat 6: Dorex2007 (small blind) folded before Flop
Seat 7: IlonaM83 (big blind) folded before Flop
Seat 9: Diego -AA-13 folded on the Flop



PokerStars Hand #224437063895:  Hold'em No Limit ($0.01/$0.02 USD) - 2021/03/03 21:18:17 PT [2021/03/04 0:18:17 ET]
Table 'Jetta' 9-max Seat #6 is the button
Seat 2: CollegeFund2021 ($1.54 in chips) 
Seat 3: buggspray ($4.21 in chips) 
Seat 4: BluckD ($3.29 in chips) 
Seat 5: budweiservacay ($1.76 in chips) 
Seat 6: Dorex2007 ($2.19 in chips) 
Seat 7: IlonaM83 ($0.84 in chips) 
Seat 8: ryuzaki:x ($2 in chips) 
Seat 9: Diego -AA-13 ($0.58 in chips) 
IlonaM83: posts small blind $0.01
ryuzaki:x: posts big blind $0.02
Max291011: sits out 
*** HOLE CARDS ***
Dealt to Dorex2007 [5d Jc]
Diego -AA-13: folds 
CollegeFund2021: calls $0.02
buggspray: raises $0.06 to $0.08
BluckD: folds 
budweiservacay: folds 
Dorex2007: folds 
IlonaM83: folds 
ryuzaki:x: folds 
CollegeFund2021: calls $0.06
*** FLOP *** [Jd 4d 8s]
CollegeFund2021: checks 
buggspray: bets $0.07
CollegeFund2021: calls $0.07
*** TURN *** [Jd 4d 8s] [2c]
CollegeFund2021: checks 
buggspray: bets $0.32
CollegeFund2021: raises $1.07 to $1.39 and is all-in
buggspray: calls $1.07
*** RIVER *** [Jd 4d 8s 2c] [Qc]
*** SHOW DOWN ***
CollegeFund2021: shows [7d Jh] (a pair of Jacks)
buggspray: shows [Td Tc] (a pair of Tens)
CollegeFund2021 collected $3 from pot
*** SUMMARY ***
Total pot $3.11 | Rake $0.11 
Board [Jd 4d 8s 2c Qc]
Seat 2: CollegeFund2021 showed [7d Jh] and won ($3) with a pair of Jacks
Seat 3: buggspray showed [Td Tc] and lost with a pair of Tens
Seat 4: BluckD folded before Flop (didn't bet)
Seat 5: budweiservacay folded before Flop (didn't bet)
Seat 6: Dorex2007 (button) folded before Flop (didn't bet)
Seat 7: IlonaM83 (small blind) folded before Flop
Seat 8: ryuzaki:x (big blind) folded before Flop
Seat 9: Diego -AA-13 folded before Flop (didn't bet)



PokerStars Hand #224437081425:  Hold'em No Limit ($0.01/$0.02 USD) - 2021/03/03 21:19:18 PT [2021/03/04 0:19:18 ET]
Table 'Jetta' 9-max Seat #7 is the button
Seat 2: CollegeFund2021 ($3 in chips) 
Seat 3: buggspray ($2.67 in chips) 
Seat 4: BluckD ($3.29 in chips) 
Seat 5: budweiservacay ($1.76 in chips) 
Seat 6: Dorex2007 ($2.19 in chips) 
Seat 7: IlonaM83 ($0.83 in chips) 
Seat 8: ryuzaki:x ($2 in chips) 
Seat 9: Diego -AA-13 ($0.58 in chips) 
ryuzaki:x: posts small blind $0.01
Diego -AA-13: posts big blind $0.02
Max291011: sits out 
*** HOLE CARDS ***
Dealt to Dorex2007 [2d Kh]
CollegeFund2021: calls $0.02
buggspray: raises $0.04 to $0.06
BluckD: folds 
budweiservacay: folds 
Dorex2007: folds 
IlonaM83: folds 
ryuzaki:x: calls $0.05
Diego -AA-13: calls $0.04
CollegeFund2021: calls $0.04
*** FLOP *** [4s Qs 3c]
ryuzaki:x: checks 
Diego -AA-13: checks 
CollegeFund2021: checks 
buggspray: bets $0.09
ryuzaki:x: calls $0.09
Diego -AA-13: folds 
CollegeFund2021: folds 
*** TURN *** [4s Qs 3c] [6h]
ryuzaki:x: checks 
buggspray: bets $0.39
ryuzaki:x: calls $0.39
*** RIVER *** [4s Qs 3c 6h] [5s]
ryuzaki:x: checks 
buggspray: checks 
*** SHOW DOWN ***
ryuzaki:x: shows [3d 5h] (two pair, Fives and Threes)
buggspray: mucks hand 
ryuzaki:x collected $1.16 from pot
*** SUMMARY ***
Total pot $1.20 | Rake $0.04 
Board [4s Qs 3c 6h 5s]
Seat 2: CollegeFund2021 folded on the Flop
Seat 3: buggspray mucked [5c Kc]
Seat 4: BluckD folded before Flop (didn't bet)
Seat 5: budweiservacay folded before Flop (didn't bet)
Seat 6: Dorex2007 folded before Flop (didn't bet)
Seat 7: IlonaM83 (button) folded before Flop (didn't bet)
Seat 8: ryuzaki:x (small blind) showed [3d 5h] and won ($1.16) with two pair, Fives and Threes
Seat 9: Diego -AA-13 (big blind) folded on the Flop



PokerStars Hand #224437093607:  Hold'em No Limit ($0.01/$0.02 USD) - 2021/03/03 21:20:23 PT [2021/03/04 0:20:23 ET]
Table 'Jetta' 9-max Seat #8 is the button
Seat 1: Max291011 ($1 in chips) 
Seat 2: CollegeFund2021 ($2.94 in chips) 
Seat 3: buggspray ($2.13 in chips) 
Seat 4: BluckD ($3.29 in chips) 
Seat 5: budweiservacay ($1.76 in chips) 
Seat 6: Dorex2007 ($2.19 in chips) 
Seat 7: IlonaM83 ($0.83 in chips) 
Seat 8: ryuzaki:x ($2.62 in chips) 
Seat 9: Diego -AA-13 ($0.52 in chips) 
Diego -AA-13: posts small blind $0.01
Max291011: posts big blind $0.02
*** HOLE CARDS ***
Dealt to Dorex2007 [8s 6c]
CollegeFund2021: folds 
buggspray: folds 
BluckD: folds 
budweiservacay: folds 
Dorex2007: folds 
IlonaM83: calls $0.02
ryuzaki:x: raises $0.08 to $0.10
Diego -AA-13: folds 
budweiservacay leaves the table
Max291011: folds 
IlonaM83: folds 
Uncalled bet ($0.08) returned to ryuzaki:x
ryuzaki:x collected $0.07 from pot
ryuzaki:x: doesn't show hand 
*** SUMMARY ***
Total pot $0.07 | Rake $0 
Seat 1: Max291011 (big blind) folded before Flop
Seat 2: CollegeFund2021 folded before Flop (didn't bet)
Seat 3: buggspray folded before Flop (didn't bet)
Seat 4: BluckD folded before Flop (didn't bet)
Seat 5: budweiservacay folded before Flop (didn't bet)
Seat 6: Dorex2007 folded before Flop (didn't bet)
Seat 7: IlonaM83 folded before Flop
Seat 8: ryuzaki:x (button) collected ($0.07)
Seat 9: Diego -AA-13 (small blind) folded before Flop



PokerStars Hand #224437100085:  Hold'em No Limit ($0.01/$0.02 USD) - 2021/03/03 21:20:58 PT [2021/03/04 0:20:58 ET]
Table 'Jetta' 9-max Seat #9 is the button
Seat 1: Max291011 ($0.98 in chips) 
Seat 2: CollegeFund2021 ($2.94 in chips) 
Seat 3: buggspray ($2.13 in chips) 
Seat 4: BluckD ($3.29 in chips) 
Seat 6: Dorex2007 ($2.19 in chips) 
Seat 7: IlonaM83 ($0.81 in chips) 
Seat 8: ryuzaki:x ($2.67 in chips) 
Seat 9: Diego -AA-13 ($0.51 in chips) 
Max291011: posts small blind $0.01
CollegeFund2021: posts big blind $0.02
*** HOLE CARDS ***
Dealt to Dorex2007 [5c Td]
asterizk joins the table at seat #5 
buggspray: calls $0.02
BluckD: folds 
Dorex2007: folds 
IlonaM83: raises $0.02 to $0.04
ryuzaki:x: folds 
Diego -AA-13: folds 
Max291011: folds 
CollegeFund2021: calls $0.02
buggspray: raises $0.02 to $0.06
IlonaM83: calls $0.02
CollegeFund2021: calls $0.02
*** FLOP *** [2s 5h 6c]
CollegeFund2021: checks 
buggspray: checks 
IlonaM83: bets $0.02
CollegeFund2021: calls $0.02
buggspray: raises $0.24 to $0.26
IlonaM83: folds 
CollegeFund2021: folds 
Uncalled bet ($0.24) returned to buggspray
buggspray collected $0.24 from pot
buggspray: doesn't show hand 
*** SUMMARY ***
Total pot $0.25 | Rake $0.01 
Board [2s 5h 6c]
Seat 1: Max291011 (small blind) folded before Flop
Seat 2: CollegeFund2021 (big blind) folded on the Flop
Seat 3: buggspray collected ($0.24)
Seat 4: BluckD folded before Flop (didn't bet)
Seat 6: Dorex2007 folded before Flop (didn't bet)
Seat 7: IlonaM83 folded on the Flop
Seat 8: ryuzaki:x folded before Flop (didn't bet)
Seat 9: Diego -AA-13 (button) folded before Flop (didn't bet)



PokerStars Hand #224437110797:  Hold'em No Limit ($0.01/$0.02 USD) - 2021/03/03 21:21:56 PT [2021/03/04 0:21:56 ET]
Table 'Jetta' 9-max Seat #1 is the button
Seat 1: Max291011 ($0.97 in chips) 
Seat 2: CollegeFund2021 ($2.86 in chips) 
Seat 3: buggspray ($2.29 in chips) 
Seat 4: BluckD ($3.29 in chips) 
Seat 6: Dorex2007 ($2.19 in chips) 
Seat 7: IlonaM83 ($0.73 in chips) 
Seat 8: ryuzaki:x ($2.67 in chips) 
Seat 9: Diego -AA-13 ($0.51 in chips) 
CollegeFund2021: posts small blind $0.01
buggspray: posts big blind $0.02
asterizk: sits out 
*** HOLE CARDS ***
Dealt to Dorex2007 [Ah Kc]
BluckD: folds 
Dorex2007: raises $0.04 to $0.06
IlonaM83: folds 
ryuzaki:x: calls $0.06
Diego -AA-13: folds 
Max291011: folds 
CollegeFund2021: calls $0.05
buggspray: folds 
*** FLOP *** [6c Ac 9s]
CollegeFund2021: checks 
Dorex2007: checks 
ryuzaki:x: bets $0.06
CollegeFund2021: calls $0.06
Dorex2007: calls $0.06
*** TURN *** [6c Ac 9s] [3d]
CollegeFund2021: checks 
Dorex2007: checks 
ryuzaki:x: bets $0.12
CollegeFund2021: calls $0.12
Dorex2007: raises $0.24 to $0.36
ryuzaki:x: calls $0.24
CollegeFund2021: calls $0.24
*** RIVER *** [6c Ac 9s 3d] [Qs]
CollegeFund2021: checks 
Dorex2007: bets $1.71 and is all-in
ryuzaki:x: folds 
CollegeFund2021: calls $1.71
*** SHOW DOWN ***
Dorex2007: shows [Ah Kc] (a pair of Aces)
CollegeFund2021: shows [Ad 5d] (a pair of Aces - lower kicker)
Dorex2007 collected $4.71 from pot
*** SUMMARY ***
Total pot $4.88 | Rake $0.17 
Board [6c Ac 9s 3d Qs]
Seat 1: Max291011 (button) folded before Flop (didn't bet)
Seat 2: CollegeFund2021 (small blind) showed [Ad 5d] and lost with a pair of Aces
Seat 3: buggspray (big blind) folded before Flop
Seat 4: BluckD folded before Flop (didn't bet)
Seat 6: Dorex2007 showed [Ah Kc] and won ($4.71) with a pair of Aces
Seat 7: IlonaM83 folded before Flop (didn't bet)
Seat 8: ryuzaki:x folded on the River
Seat 9: Diego -AA-13 folded before Flop (didn't bet)



PokerStars Hand #224437128253:  Hold'em No Limit ($0.01/$0.02 USD) - 2021/03/03 21:23:31 PT [2021/03/04 0:23:31 ET]
Table 'Jetta' 9-max Seat #2 is the button
Seat 1: Max291011 ($0.97 in chips) 
Seat 2: CollegeFund2021 ($0.67 in chips) 
Seat 3: buggspray ($2.27 in chips) 
Seat 4: BluckD ($3.29 in chips) 
Seat 6: Dorex2007 ($4.71 in chips) 
Seat 7: IlonaM83 ($0.73 in chips) 
Seat 8: ryuzaki:x ($2.19 in chips) 
Seat 9: Diego -AA-13 ($0.51 in chips) 
buggspray: posts small blind $0.01
BluckD: posts big blind $0.02
asterizk: sits out 
*** HOLE CARDS ***
Dealt to Dorex2007 [Kh 8d]
Dorex2007: folds 
IlonaM83: folds 
ryuzaki:x: folds 
Diego -AA-13: folds 
Max291011: raises $0.04 to $0.06
CollegeFund2021: raises $0.61 to $0.67 and is all-in
buggspray: folds 
BluckD: folds 
Max291011 has timed out
Max291011: folds 
Uncalled bet ($0.61) returned to CollegeFund2021
CollegeFund2021 collected $0.15 from pot
CollegeFund2021: doesn't show hand 
*** SUMMARY ***
Total pot $0.15 | Rake $0 
Seat 1: Max291011 folded before Flop
Seat 2: CollegeFund2021 (button) collected ($0.15)
Seat 3: buggspray (small blind) folded before Flop
Seat 4: BluckD (big blind) folded before Flop
Seat 6: Dorex2007 folded before Flop (didn't bet)
Seat 7: IlonaM83 folded before Flop (didn't bet)
Seat 8: ryuzaki:x folded before Flop (didn't bet)
Seat 9: Diego -AA-13 folded before Flop (didn't bet)



PokerStars Hand #224437141751:  Hold'em No Limit ($0.01/$0.02 USD) - 2021/03/03 21:24:44 PT [2021/03/04 0:24:44 ET]
Table 'Jetta' 9-max Seat #3 is the button
Seat 2: CollegeFund2021 ($0.76 in chips) 
Seat 3: buggspray ($2.26 in chips) 
Seat 4: BluckD ($3.27 in chips) 
Seat 5: asterizk ($2 in chips) 
Seat 6: Dorex2007 ($4.71 in chips) 
Seat 7: IlonaM83 ($0.73 in chips) 
Seat 8: ryuzaki:x ($2.19 in chips) 
Seat 9: Diego -AA-13 ($0.51 in chips) 
BluckD: posts small blind $0.01
asterizk: posts big blind $0.02
*** HOLE CARDS ***
Dealt to Dorex2007 [8h 9c]
Dorex2007: folds 
IlonaM83: folds 
ryuzaki:x: folds 
Diego -AA-13: calls $0.02
CollegeFund2021: folds 
buggspray: raises $0.04 to $0.06
BluckD: folds 
asterizk: folds 
Diego -AA-13: calls $0.04
*** FLOP *** [3d Kh 8s]
Diego -AA-13: checks 
buggspray: bets $0.07
Diego -AA-13: folds 
Uncalled bet ($0.07) returned to buggspray
buggspray collected $0.14 from pot
buggspray: doesn't show hand 
*** SUMMARY ***
Total pot $0.15 | Rake $0.01 
Board [3d Kh 8s]
Seat 2: CollegeFund2021 folded before Flop (didn't bet)
Seat 3: buggspray (button) collected ($0.14)
Seat 4: BluckD (small blind) folded before Flop
Seat 5: asterizk (big blind) folded before Flop
Seat 6: Dorex2007 folded before Flop (didn't bet)
Seat 7: IlonaM83 folded before Flop (didn't bet)
Seat 8: ryuzaki:x folded before Flop (didn't bet)
Seat 9: Diego -AA-13 folded on the Flop



PokerStars Hand #224437147699:  Hold'em No Limit ($0.01/$0.02 USD) - 2021/03/03 21:25:16 PT [2021/03/04 0:25:16 ET]
Table 'Jetta' 9-max Seat #4 is the button
Seat 1: Max291011 ($0.91 in chips) 
Seat 2: CollegeFund2021 ($0.76 in chips) 
Seat 3: buggspray ($2.34 in chips) 
Seat 4: BluckD ($3.26 in chips) 
Seat 5: asterizk ($2 in chips) 
Seat 6: Dorex2007 ($4.71 in chips) 
Seat 7: IlonaM83 ($0.73 in chips) 
Seat 8: ryuzaki:x ($2.19 in chips) 
Seat 9: Diego -AA-13 ($0.45 in chips) 
asterizk: posts small blind $0.01
Dorex2007: posts big blind $0.02
*** HOLE CARDS ***
Dealt to Dorex2007 [4c 5s]
IlonaM83: folds 
ryuzaki:x: folds 
Diego -AA-13: raises $0.02 to $0.04
Max291011: folds 
CollegeFund2021: folds 
buggspray: folds 
BluckD: folds 
asterizk: calls $0.03
Dorex2007: calls $0.02
*** FLOP *** [5h 7h Js]
asterizk: checks 
Dorex2007: checks 
Diego -AA-13: bets $0.06
asterizk: folds 
Dorex2007: folds 
Uncalled bet ($0.06) returned to Diego -AA-13
Diego -AA-13 collected $0.12 from pot
Diego -AA-13: doesn't show hand 
*** SUMMARY ***
Total pot $0.12 | Rake $0 
Board [5h 7h Js]
Seat 1: Max291011 folded before Flop (didn't bet)
Seat 2: CollegeFund2021 folded before Flop (didn't bet)
Seat 3: buggspray folded before Flop (didn't bet)
Seat 4: BluckD (button) folded before Flop (didn't bet)
Seat 5: asterizk (small blind) folded on the Flop
Seat 6: Dorex2007 (big blind) folded on the Flop
Seat 7: IlonaM83 folded before Flop (didn't bet)
Seat 8: ryuzaki:x folded before Flop (didn't bet)
Seat 9: Diego -AA-13 collected ($0.12)



PokerStars Hand #224437154990:  Hold'em No Limit ($0.01/$0.02 USD) - 2021/03/03 21:25:55 PT [2021/03/04 0:25:55 ET]
Table 'Jetta' 9-max Seat #5 is the button
Seat 1: Max291011 ($0.91 in chips) 
Seat 2: CollegeFund2021 ($0.76 in chips) 
Seat 3: buggspray ($2.34 in chips) 
Seat 4: BluckD ($3.26 in chips) 
Seat 5: asterizk ($2 in chips) 
Seat 6: Dorex2007 ($4.67 in chips) 
Seat 7: IlonaM83 ($0.73 in chips) 
Seat 8: ryuzaki:x ($2.19 in chips) 
Seat 9: Diego -AA-13 ($0.53 in chips) 
Dorex2007: posts small blind $0.01
IlonaM83: posts big blind $0.02
*** HOLE CARDS ***
Dealt to Dorex2007 [6d Ad]
ryuzaki:x: folds 
Diego -AA-13: folds 
Max291011: raises $0.04 to $0.06
CollegeFund2021: folds 
buggspray: folds 
BluckD: folds 
asterizk: folds 
Dorex2007: calls $0.05
IlonaM83: folds 
*** FLOP *** [2s Kh Th]
Dorex2007: checks 
Max291011: bets $0.11
Dorex2007: folds 
Uncalled bet ($0.11) returned to Max291011
Max291011 collected $0.14 from pot
*** SUMMARY ***
Total pot $0.14 | Rake $0 
Board [2s Kh Th]
Seat 1: Max291011 collected ($0.14)
Seat 2: CollegeFund2021 folded before Flop (didn't bet)
Seat 3: buggspray folded before Flop (didn't bet)
Seat 4: BluckD folded before Flop (didn't bet)
Seat 5: asterizk (button) folded before Flop (didn't bet)
Seat 6: Dorex2007 (small blind) folded on the Flop
Seat 7: IlonaM83 (big blind) folded before Flop
Seat 8: ryuzaki:x folded before Flop (didn't bet)
Seat 9: Diego -AA-13 folded before Flop (didn't bet)



PokerStars Hand #224437162402:  Hold'em No Limit ($0.01/$0.02 USD) - 2021/03/03 21:26:35 PT [2021/03/04 0:26:35 ET]
Table 'Jetta' 9-max Seat #6 is the button
Seat 1: Max291011 ($0.99 in chips) 
Seat 2: CollegeFund2021 ($0.76 in chips) 
Seat 3: buggspray ($2.34 in chips) 
Seat 4: BluckD ($3.26 in chips) 
Seat 5: asterizk ($2 in chips) 
Seat 6: Dorex2007 ($4.61 in chips) 
Seat 7: IlonaM83 ($0.71 in chips) 
Seat 8: ryuzaki:x ($2.19 in chips) 
Seat 9: Diego -AA-13 ($0.53 in chips) 
IlonaM83: posts small blind $0.01
ryuzaki:x: posts big blind $0.02
*** HOLE CARDS ***
Dealt to Dorex2007 [9c 7h]
Diego -AA-13: folds 
Max291011: calls $0.02
CollegeFund2021: calls $0.02
buggspray: raises $0.09 to $0.11
BluckD: folds 
asterizk: folds 
Dorex2007: folds 
IlonaM83: folds 
ryuzaki:x: folds 
Max291011: folds 
CollegeFund2021: calls $0.09
*** FLOP *** [8s 6h 4h]
CollegeFund2021: checks 
buggspray: checks 
*** TURN *** [8s 6h 4h] [Ad]
CollegeFund2021: checks 
buggspray: bets $0.13
CollegeFund2021: folds 
Uncalled bet ($0.13) returned to buggspray
buggspray collected $0.26 from pot
buggspray: doesn't show hand 
*** SUMMARY ***
Total pot $0.27 | Rake $0.01 
Board [8s 6h 4h Ad]
Seat 1: Max291011 folded before Flop
Seat 2: CollegeFund2021 folded on the Turn
Seat 3: buggspray collected ($0.26)
Seat 4: BluckD folded before Flop (didn't bet)
Seat 5: asterizk folded before Flop (didn't bet)
Seat 6: Dorex2007 (button) folded before Flop (didn't bet)
Seat 7: IlonaM83 (small blind) folded before Flop
Seat 8: ryuzaki:x (big blind) folded before Flop
Seat 9: Diego -AA-13 folded before Flop (didn't bet)



PokerStars Hand #224437172947:  Hold'em No Limit ($0.01/$0.02 USD) - 2021/03/03 21:27:33 PT [2021/03/04 0:27:33 ET]
Table 'Jetta' 9-max Seat #7 is the button
Seat 1: Max291011 ($0.97 in chips) 
Seat 2: CollegeFund2021 ($0.65 in chips) 
Seat 3: buggspray ($2.49 in chips) 
Seat 4: BluckD ($3.26 in chips) 
Seat 5: asterizk ($2 in chips) 
Seat 6: Dorex2007 ($4.61 in chips) 
Seat 7: IlonaM83 ($0.70 in chips) 
Seat 8: ryuzaki:x ($2.17 in chips) 
Seat 9: Diego -AA-13 ($0.53 in chips) 
ryuzaki:x: posts small blind $0.01
Diego -AA-13: posts big blind $0.02
*** HOLE CARDS ***
Dealt to Dorex2007 [4d Qh]
Max291011: folds 
CollegeFund2021: calls $0.02
buggspray: folds 
BluckD: folds 
asterizk: folds 
Dorex2007: folds 
IlonaM83: raises $0.04 to $0.06
ryuzaki:x: folds 
Diego -AA-13: calls $0.04
CollegeFund2021: calls $0.04
*** FLOP *** [3c 7h 8c]
Diego -AA-13: checks 
CollegeFund2021: checks 
IlonaM83: bets $0.09
Diego -AA-13: raises $0.38 to $0.47 and is all-in
CollegeFund2021: raises $0.12 to $0.59 and is all-in
IlonaM83: calls $0.50
*** TURN *** [3c 7h 8c] [Ad]
*** RIVER *** [3c 7h 8c Ad] [As]
*** SHOW DOWN ***
CollegeFund2021: shows [Kh 3s] (two pair, Aces and Threes)
IlonaM83: shows [Ah Jh] (three of a kind, Aces)
IlonaM83 collected $0.24 from side pot
Diego -AA-13: shows [8s 6d] (two pair, Aces and Eights)
IlonaM83 collected $1.54 from main pot
*** SUMMARY ***
Total pot $1.84 Main pot $1.54. Side pot $0.24. | Rake $0.06 
Board [3c 7h 8c Ad As]
Seat 1: Max291011 folded before Flop (didn't bet)
Seat 2: CollegeFund2021 showed [Kh 3s] and lost with two pair, Aces and Threes
Seat 3: buggspray folded before Flop (didn't bet)
Seat 4: BluckD folded before Flop (didn't bet)
Seat 5: asterizk folded before Flop (didn't bet)
Seat 6: Dorex2007 folded before Flop (didn't bet)
Seat 7: IlonaM83 (button) showed [Ah Jh] and won ($1.78) with three of a kind, Aces
Seat 8: ryuzaki:x (small blind) folded before Flop
Seat 9: Diego -AA-13 (big blind) showed [8s 6d] and lost with two pair, Aces and Eights



PokerStars Hand #224437186020:  Hold'em No Limit ($0.01/$0.02 USD) - 2021/03/03 21:28:45 PT [2021/03/04 0:28:45 ET]
Table 'Jetta' 9-max Seat #8 is the button
Seat 1: Max291011 ($0.97 in chips) 
Seat 3: buggspray ($2.49 in chips) 
Seat 4: BluckD ($3.26 in chips) 
Seat 5: asterizk ($2 in chips) 
Seat 6: Dorex2007 ($4.61 in chips) 
Seat 7: IlonaM83 ($1.83 in chips) 
Seat 8: ryuzaki:x ($2.16 in chips) 
Max291011: posts small blind $0.01
buggspray: posts big blind $0.02
*** HOLE CARDS ***
Dealt to Dorex2007 [3h Kh]
BluckD: raises $0.04 to $0.06
CollegeFund2021 leaves the table
asterizk: folds 
Dorex2007: folds 
Diego -AA-13 leaves the table
IlonaM83: folds 
ryuzaki:x: folds 
Max291011: folds 
buggspray: folds 
Uncalled bet ($0.04) returned to BluckD
BluckD collected $0.05 from pot
BluckD: doesn't show hand 
*** SUMMARY ***
Total pot $0.05 | Rake $0 
Seat 1: Max291011 (small blind) folded before Flop
Seat 3: buggspray (big blind) folded before Flop
Seat 4: BluckD collected ($0.05)
Seat 5: asterizk folded before Flop (didn't bet)
Seat 6: Dorex2007 folded before Flop (didn't bet)
Seat 7: IlonaM83 folded before Flop (didn't bet)
Seat 8: ryuzaki:x (button) folded before Flop (didn't bet)



PokerStars Hand #224437190570:  Hold'em No Limit ($0.01/$0.02 USD) - 2021/03/03 21:29:10 PT [2021/03/04 0:29:10 ET]
Table 'Jetta' 9-max Seat #1 is the button
Seat 1: Max291011 ($0.96 in chips) 
Seat 3: buggspray ($2.47 in chips) 
Seat 4: BluckD ($3.29 in chips) 
Seat 5: asterizk ($2 in chips) 
Seat 6: Dorex2007 ($4.61 in chips) 
Seat 7: IlonaM83 ($1.83 in chips) 
Seat 8: ryuzaki:x ($2.16 in chips) 
buggspray: posts small blind $0.01
BluckD: posts big blind $0.02
*** HOLE CARDS ***
Dealt to Dorex2007 [4c Kd]
asterizk: folds 
Dorex2007: folds 
IlonaM83 has timed out
IlonaM83: folds 
ryuzaki:x: folds 
Max291011: raises $0.04 to $0.06
buggspray: folds 
BluckD: folds 
Uncalled bet ($0.04) returned to Max291011
Max291011 collected $0.05 from pot
asterizk leaves the table
*** SUMMARY ***
Total pot $0.05 | Rake $0 
Seat 1: Max291011 (button) collected ($0.05)
Seat 3: buggspray (small blind) folded before Flop
Seat 4: BluckD (big blind) folded before Flop
Seat 5: asterizk folded before Flop (didn't bet)
Seat 6: Dorex2007 folded before Flop (didn't bet)
Seat 7: IlonaM83 folded before Flop (didn't bet)
Seat 8: ryuzaki:x folded before Flop (didn't bet)



PokerStars Hand #224437195421:  Hold'em No Limit ($0.01/$0.02 USD) - 2021/03/03 21:29:36 PT [2021/03/04 0:29:36 ET]
Table 'Jetta' 9-max Seat #3 is the button
Seat 1: Max291011 ($0.99 in chips) 
Seat 3: buggspray ($2.46 in chips) 
Seat 4: BluckD ($3.27 in chips) 
Seat 6: Dorex2007 ($4.61 in chips) 
Seat 8: ryuzaki:x ($2.16 in chips) 
BluckD: posts small blind $0.01
Dorex2007: posts big blind $0.02
*** HOLE CARDS ***
Dealt to Dorex2007 [3d Qh]
ryuzaki:x: folds 
Max291011: folds 
buggspray: folds 
BluckD: raises $0.04 to $0.06
Dorex2007: folds 
Uncalled bet ($0.04) returned to BluckD
BluckD collected $0.04 from pot
BluckD: doesn't show hand 
*** SUMMARY ***
Total pot $0.04 | Rake $0 
Seat 1: Max291011 folded before Flop (didn't bet)
Seat 3: buggspray (button) folded before Flop (didn't bet)
Seat 4: BluckD (small blind) collected ($0.04)
Seat 6: Dorex2007 (big blind) folded before Flop
Seat 8: ryuzaki:x folded before Flop (didn't bet)



PokerStars Hand #224437198469:  Hold'em No Limit ($0.01/$0.02 USD) - 2021/03/03 21:29:53 PT [2021/03/04 0:29:53 ET]
Table 'Jetta' 9-max Seat #4 is the button
Seat 1: Max291011 ($0.99 in chips) 
Seat 3: buggspray ($2.46 in chips) 
Seat 4: BluckD ($3.29 in chips) 
Seat 6: Dorex2007 ($4.59 in chips) 
Seat 8: ryuzaki:x ($2.16 in chips) 
Dorex2007: posts small blind $0.01
ryuzaki:x: posts big blind $0.02
*** HOLE CARDS ***
Dealt to Dorex2007 [9s 2c]
Max291011: folds 
buggspray: folds 
BluckD: raises $0.03 to $0.05
Dorex2007: folds 
ryuzaki:x: folds 
Uncalled bet ($0.03) returned to BluckD
BluckD collected $0.05 from pot
BluckD: doesn't show hand 
*** SUMMARY ***
Total pot $0.05 | Rake $0 
Seat 1: Max291011 folded before Flop (didn't bet)
Seat 3: buggspray folded before Flop (didn't bet)
Seat 4: BluckD (button) collected ($0.05)
Seat 6: Dorex2007 (small blind) folded before Flop
Seat 8: ryuzaki:x (big blind) folded before Flop



PokerStars Hand #224437200922:  Hold'em No Limit ($0.01/$0.02 USD) - 2021/03/03 21:30:06 PT [2021/03/04 0:30:06 ET]
Table 'Jetta' 9-max Seat #6 is the button
Seat 1: Max291011 ($0.99 in chips) 
Seat 3: buggspray ($2.46 in chips) 
Seat 4: BluckD ($3.32 in chips) 
Seat 6: Dorex2007 ($4.58 in chips) 
Seat 8: ryuzaki:x ($2.14 in chips) 
ryuzaki:x: posts small blind $0.01
Max291011: posts big blind $0.02
*** HOLE CARDS ***
Dealt to Dorex2007 [6h Qh]
buggspray: folds 
BluckD: folds 
Dorex2007: raises $0.04 to $0.06
ryuzaki:x: calls $0.05
Max291011: calls $0.04
*** FLOP *** [Jc 5s 6d]
ryuzaki:x: bets $0.06
Max291011: folds 
Dorex2007: calls $0.06
*** TURN *** [Jc 5s 6d] [Jd]
ryuzaki:x: bets $0.07
Dorex2007: folds 
Uncalled bet ($0.07) returned to ryuzaki:x
ryuzaki:x collected $0.29 from pot
ryuzaki:x: doesn't show hand 
*** SUMMARY ***
Total pot $0.30 | Rake $0.01 
Board [Jc 5s 6d Jd]
Seat 1: Max291011 (big blind) folded on the Flop
Seat 3: buggspray folded before Flop (didn't bet)
Seat 4: BluckD folded before Flop (didn't bet)
Seat 6: Dorex2007 (button) folded on the Turn
Seat 8: ryuzaki:x (small blind) collected ($0.29)



PokerStars Hand #224437212725:  Hold'em No Limit ($0.01/$0.02 USD) - 2021/03/03 21:30:44 PT [2021/03/04 0:30:44 ET]
Table 'Jetta' 9-max Seat #8 is the button
Seat 1: Max291011 ($0.93 in chips) 
Seat 4: BluckD ($3.32 in chips) 
Seat 6: Dorex2007 ($4.46 in chips) 
Seat 8: ryuzaki:x ($2.31 in chips) 
Max291011: posts small blind $0.01
BluckD: posts big blind $0.02
IlonaM83: sits out 
*** HOLE CARDS ***
Dealt to Dorex2007 [8h 6d]
Dorex2007: folds 
ryuzaki:x: raises $0.04 to $0.06
Max291011: folds 
BluckD: raises $0.12 to $0.18
ryuzaki:x: calls $0.12
*** FLOP *** [2s 6s Qs]
BluckD: bets $0.27
ryuzaki:x: folds 
Uncalled bet ($0.27) returned to BluckD
BluckD collected $0.36 from pot
BluckD: doesn't show hand 
*** SUMMARY ***
Total pot $0.37 | Rake $0.01 
Board [2s 6s Qs]
Seat 1: Max291011 (small blind) folded before Flop
Seat 4: BluckD (big blind) collected ($0.36)
Seat 6: Dorex2007 folded before Flop (didn't bet)
Seat 8: ryuzaki:x (button) folded on the Flop



PokerStars Hand #224437216891:  Hold'em No Limit ($0.01/$0.02 USD) - 2021/03/03 21:31:07 PT [2021/03/04 0:31:07 ET]
Table 'Jetta' 9-max Seat #1 is the button
Seat 1: Max291011 ($0.92 in chips) 
Seat 4: BluckD ($3.50 in chips) 
Seat 6: Dorex2007 ($4.46 in chips) 
Seat 7: IlonaM83 ($1.83 in chips) 
Seat 8: ryuzaki:x ($2.13 in chips) 
BluckD: posts small blind $0.01
Dorex2007: posts big blind $0.02
IlonaM83: posts small & big blinds $0.03
*** HOLE CARDS ***
Dealt to Dorex2007 [Ac Jh]
IlonaM83: checks 
ryuzaki:x: folds 
Max291011: folds 
BluckD: folds 
Dorex2007: raises $0.04 to $0.06
IlonaM83: calls $0.04
*** FLOP *** [3c 3d As]
Dorex2007: checks 
IlonaM83: bets $0.02
Dorex2007: calls $0.02
*** TURN *** [3c 3d As] [Th]
Dorex2007: checks 
IlonaM83: bets $0.02
Dorex2007: raises $0.04 to $0.06
IlonaM83: calls $0.04
*** RIVER *** [3c 3d As Th] [5d]
Dorex2007: bets $0.29
IlonaM83: folds 
Uncalled bet ($0.29) returned to Dorex2007
Dorex2007 collected $0.29 from pot
Dorex2007: doesn't show hand 
*** SUMMARY ***
Total pot $0.30 | Rake $0.01 
Board [3c 3d As Th 5d]
Seat 1: Max291011 (button) folded before Flop (didn't bet)
Seat 4: BluckD (small blind) folded before Flop
Seat 6: Dorex2007 (big blind) collected ($0.29)
Seat 7: IlonaM83 folded on the River
Seat 8: ryuzaki:x folded before Flop (didn't bet)



PokerStars Hand #224437225826:  Hold'em No Limit ($0.01/$0.02 USD) - 2021/03/03 21:31:55 PT [2021/03/04 0:31:55 ET]
Table 'Jetta' 9-max Seat #4 is the button
Seat 1: Max291011 ($0.92 in chips) 
Seat 4: BluckD ($3.49 in chips) 
Seat 6: Dorex2007 ($4.61 in chips) 
Seat 7: IlonaM83 ($1.68 in chips) 
Seat 8: ryuzaki:x ($2.13 in chips) 
Dorex2007: posts small blind $0.01
IlonaM83: posts big blind $0.02
*** HOLE CARDS ***
Dealt to Dorex2007 [Th Kd]
ryuzaki:x: folds 
Max291011: calls $0.02
BluckD: folds 
Dorex2007: calls $0.01
IlonaM83: checks 
*** FLOP *** [Ad 2c Jc]
Dorex2007: checks 
IlonaM83: checks 
Max291011: bets $0.02
Dorex2007: calls $0.02
IlonaM83: folds 
*** TURN *** [Ad 2c Jc] [7h]
Dorex2007: checks 
Max291011: checks 
*** RIVER *** [Ad 2c Jc 7h] [9s]
Dorex2007: checks 
Max291011: bets $0.08
Dorex2007: folds 
Uncalled bet ($0.08) returned to Max291011
Max291011 collected $0.10 from pot
*** SUMMARY ***
Total pot $0.10 | Rake $0 
Board [Ad 2c Jc 7h 9s]
Seat 1: Max291011 collected ($0.10)
Seat 4: BluckD (button) folded before Flop (didn't bet)
Seat 6: Dorex2007 (small blind) folded on the River
Seat 7: IlonaM83 (big blind) folded on the Flop
Seat 8: ryuzaki:x folded before Flop (didn't bet)



PokerStars Hand #224437233084:  Hold'em No Limit ($0.01/$0.02 USD) - 2021/03/03 21:32:35 PT [2021/03/04 0:32:35 ET]
Table 'Jetta' 9-max Seat #6 is the button
Seat 1: Max291011 ($0.98 in chips) 
Seat 4: BluckD ($3.49 in chips) 
Seat 6: Dorex2007 ($4.57 in chips) 
Seat 7: IlonaM83 ($1.66 in chips) 
Seat 8: ryuzaki:x ($2.13 in chips) 
IlonaM83: posts small blind $0.01
ryuzaki:x: posts big blind $0.02
*** HOLE CARDS ***
Dealt to Dorex2007 [3d 5h]
Max291011: calls $0.02
BluckD: folds 
Dorex2007: folds 
IlonaM83: folds 
ryuzaki:x: checks 
*** FLOP *** [9h 2d 7c]
ryuzaki:x: checks 
Max291011: checks 
*** TURN *** [9h 2d 7c] [Ts]
ryuzaki:x: checks 
Max291011: bets $0.04
ryuzaki:x: folds 
Uncalled bet ($0.04) returned to Max291011
Max291011 collected $0.05 from pot
*** SUMMARY ***
Total pot $0.05 | Rake $0 
Board [9h 2d 7c Ts]
Seat 1: Max291011 collected ($0.05)
Seat 4: BluckD folded before Flop (didn't bet)
Seat 6: Dorex2007 (button) folded before Flop (didn't bet)
Seat 7: IlonaM83 (small blind) folded before Flop
Seat 8: ryuzaki:x (big blind) folded on the Turn



PokerStars Hand #224437237449:  Hold'em No Limit ($0.01/$0.02 USD) - 2021/03/03 21:32:58 PT [2021/03/04 0:32:58 ET]
Table 'Jetta' 9-max Seat #7 is the button
Seat 1: Max291011 ($1.01 in chips) 
Seat 4: BluckD ($3.49 in chips) 
Seat 6: Dorex2007 ($4.57 in chips) 
Seat 7: IlonaM83 ($1.65 in chips) 
Seat 8: ryuzaki:x ($2.11 in chips) 
ryuzaki:x: posts small blind $0.01
Max291011: posts big blind $0.02
*** HOLE CARDS ***
Dealt to Dorex2007 [Qd 6c]
BluckD: folds 
Dorex2007: folds 
IlonaM83: raises $0.02 to $0.04
ryuzaki:x: folds 
Max291011: folds 
Uncalled bet ($0.02) returned to IlonaM83
IlonaM83 collected $0.05 from pot
IlonaM83: doesn't show hand 
*** SUMMARY ***
Total pot $0.05 | Rake $0 
Seat 1: Max291011 (big blind) folded before Flop
Seat 4: BluckD folded before Flop (didn't bet)
Seat 6: Dorex2007 folded before Flop (didn't bet)
Seat 7: IlonaM83 (button) collected ($0.05)
Seat 8: ryuzaki:x (small blind) folded before Flop



