PokerStars Hand #224713473140:  Hold'em No Limit ($0.01/$0.02 USD) - 2021/03/11 19:59:37 PT [2021/03/11 22:59:37 ET]
Table 'Kleopatra IV' 9-max Seat #5 is the button
Seat 1: JEH1997 ($2.08 in chips) 
Seat 3: Paty Doll726 ($3.67 in chips) 
Seat 4: Dorex2007 ($1.50 in chips) 
Seat 5: stas9038rus ($2.15 in chips) 
Seat 6: KaraFara ($2.51 in chips) 
Seat 7: umka186 ($2 in chips) 
Seat 8: MadDonkin ($1.10 in chips) 
Seat 9: zapper58 ($0.67 in chips) 
KaraFara: posts small blind $0.01
umka186: posts big blind $0.02
Dorex2007: posts big blind $0.02
*** HOLE CARDS ***
Dealt to Dorex2007 [3c Js]
MadDonkin: calls $0.02
zapper58: folds 
JEH1997: folds 
Paty Doll726: folds 
Dorex2007: checks 
stas9038rus: folds 
KaraFara: folds 
umka186: checks 
*** FLOP *** [8s 5h 2s]
umka186: bets $0.04
MadDonkin: folds 
Dorex2007: folds 
Uncalled bet ($0.04) returned to umka186
umka186 collected $0.07 from pot
*** SUMMARY ***
Total pot $0.07 | Rake $0 
Board [8s 5h 2s]
Seat 1: JEH1997 folded before Flop (didn't bet)
Seat 3: Paty Doll726 folded before Flop (didn't bet)
Seat 4: Dorex2007 folded on the Flop (didn't bet)
Seat 5: stas9038rus (button) folded before Flop (didn't bet)
Seat 6: KaraFara (small blind) folded before Flop
Seat 7: umka186 (big blind) collected ($0.07)
Seat 8: MadDonkin folded on the Flop
Seat 9: zapper58 folded before Flop (didn't bet)



PokerStars Hand #224713478672:  Hold'em No Limit ($0.01/$0.02 USD) - 2021/03/11 20:00:04 PT [2021/03/11 23:00:04 ET]
Table 'Kleopatra IV' 9-max Seat #6 is the button
Seat 1: JEH1997 ($2.08 in chips) 
Seat 3: Paty Doll726 ($3.67 in chips) 
Seat 4: Dorex2007 ($1.48 in chips) 
Seat 5: stas9038rus ($2.15 in chips) 
Seat 6: KaraFara ($2.50 in chips) 
Seat 7: umka186 ($2.05 in chips) 
Seat 8: MadDonkin ($1.08 in chips) 
Seat 9: zapper58 ($0.67 in chips) 
umka186: posts small blind $0.01
MadDonkin: posts big blind $0.02
*** HOLE CARDS ***
Dealt to Dorex2007 [Kh 4c]
zapper58: calls $0.02
JEH1997: folds 
Paty Doll726: calls $0.02
Dorex2007: folds 
stas9038rus: folds 
KaraFara: folds 
umka186: folds 
MadDonkin: checks 
*** FLOP *** [2d 8c 3c]
MadDonkin: checks 
zapper58: checks 
Paty Doll726: bets $0.02
MadDonkin: folds 
zapper58: folds 
Uncalled bet ($0.02) returned to Paty Doll726
Paty Doll726 collected $0.07 from pot
Paty Doll726: doesn't show hand 
*** SUMMARY ***
Total pot $0.07 | Rake $0 
Board [2d 8c 3c]
Seat 1: JEH1997 folded before Flop (didn't bet)
Seat 3: Paty Doll726 collected ($0.07)
Seat 4: Dorex2007 folded before Flop (didn't bet)
Seat 5: stas9038rus folded before Flop (didn't bet)
Seat 6: KaraFara (button) folded before Flop (didn't bet)
Seat 7: umka186 (small blind) folded before Flop
Seat 8: MadDonkin (big blind) folded on the Flop
Seat 9: zapper58 folded on the Flop



PokerStars Hand #224713486143:  Hold'em No Limit ($0.01/$0.02 USD) - 2021/03/11 20:00:37 PT [2021/03/11 23:00:37 ET]
Table 'Kleopatra IV' 9-max Seat #7 is the button
Seat 1: JEH1997 ($2.08 in chips) 
Seat 3: Paty Doll726 ($3.72 in chips) 
Seat 4: Dorex2007 ($1.48 in chips) 
Seat 5: stas9038rus ($2.15 in chips) 
Seat 6: KaraFara ($2.50 in chips) 
Seat 7: umka186 ($2.04 in chips) 
Seat 8: MadDonkin ($1.06 in chips) 
Seat 9: zapper58 ($0.65 in chips) 
MadDonkin: posts small blind $0.01
zapper58: posts big blind $0.02
*** HOLE CARDS ***
Dealt to Dorex2007 [6h 6c]
JEH1997: folds 
Paty Doll726: calls $0.02
Dorex2007: calls $0.02
stas9038rus: folds 
KaraFara: calls $0.02
umka186: folds 
MadDonkin: calls $0.01
zapper58: checks 
*** FLOP *** [7c 6s 8h]
MadDonkin: checks 
zapper58: checks 
Paty Doll726: checks 
Dorex2007: bets $0.07
Fedya465 leaves the table
KaraFara: folds 
MadDonkin: folds 
zapper58: folds 
Paty Doll726: folds 
Uncalled bet ($0.07) returned to Dorex2007
Dorex2007 collected $0.10 from pot
Dorex2007: doesn't show hand 
*** SUMMARY ***
Total pot $0.10 | Rake $0 
Board [7c 6s 8h]
Seat 1: JEH1997 folded before Flop (didn't bet)
Seat 3: Paty Doll726 folded on the Flop
Seat 4: Dorex2007 collected ($0.10)
Seat 5: stas9038rus folded before Flop (didn't bet)
Seat 6: KaraFara folded on the Flop
Seat 7: umka186 (button) folded before Flop (didn't bet)
Seat 8: MadDonkin (small blind) folded on the Flop
Seat 9: zapper58 (big blind) folded on the Flop



PokerStars Hand #224713499519:  Hold'em No Limit ($0.01/$0.02 USD) - 2021/03/11 20:01:33 PT [2021/03/11 23:01:33 ET]
Table 'Kleopatra IV' 9-max Seat #8 is the button
Seat 1: JEH1997 ($2.08 in chips) 
Seat 3: Paty Doll726 ($3.70 in chips) 
Seat 4: Dorex2007 ($1.56 in chips) 
Seat 5: stas9038rus ($2.15 in chips) 
Seat 6: KaraFara ($2.48 in chips) 
Seat 7: umka186 ($2.04 in chips) 
Seat 8: MadDonkin ($1.04 in chips) 
Seat 9: zapper58 ($0.63 in chips) 
zapper58: posts small blind $0.01
JEH1997: posts big blind $0.02
*** HOLE CARDS ***
Dealt to Dorex2007 [7d Qs]
Paty Doll726: folds 
Dorex2007: folds 
stas9038rus: folds 
KaraFara: folds 
umka186: folds 
MadDonkin: folds 
zapper58: calls $0.01
JEH1997: checks 
*** FLOP *** [3s 7h 2c]
zapper58: checks 
JEH1997: bets $0.03
zapper58: folds 
Uncalled bet ($0.03) returned to JEH1997
JEH1997 collected $0.04 from pot
*** SUMMARY ***
Total pot $0.04 | Rake $0 
Board [3s 7h 2c]
Seat 1: JEH1997 (big blind) collected ($0.04)
Seat 3: Paty Doll726 folded before Flop (didn't bet)
Seat 4: Dorex2007 folded before Flop (didn't bet)
Seat 5: stas9038rus folded before Flop (didn't bet)
Seat 6: KaraFara folded before Flop (didn't bet)
Seat 7: umka186 folded before Flop (didn't bet)
Seat 8: MadDonkin (button) folded before Flop (didn't bet)
Seat 9: zapper58 (small blind) folded on the Flop



PokerStars Hand #224713505377:  Hold'em No Limit ($0.01/$0.02 USD) - 2021/03/11 20:01:56 PT [2021/03/11 23:01:56 ET]
Table 'Kleopatra IV' 9-max Seat #9 is the button
Seat 1: JEH1997 ($2.10 in chips) 
Seat 3: Paty Doll726 ($3.70 in chips) 
Seat 4: Dorex2007 ($1.56 in chips) 
Seat 5: stas9038rus ($2.15 in chips) 
Seat 6: KaraFara ($2.48 in chips) 
Seat 7: umka186 ($2.04 in chips) 
Seat 8: MadDonkin ($1.04 in chips) 
Seat 9: zapper58 ($0.61 in chips) 
JEH1997: posts small blind $0.01
Paty Doll726: posts big blind $0.02
*** HOLE CARDS ***
Dealt to Dorex2007 [3h Kh]
Dorex2007: folds 
stas9038rus: folds 
KaraFara: raises $0.02 to $0.04
umka186: folds 
MadDonkin: folds 
zapper58: folds 
JEH1997: calls $0.03
Paty Doll726: folds 
*** FLOP *** [3c 9s 5c]
JEH1997: checks 
KaraFara: checks 
*** TURN *** [3c 9s 5c] [6d]
JEH1997: bets $0.08
KaraFara: folds 
Uncalled bet ($0.08) returned to JEH1997
JEH1997 collected $0.10 from pot
JEH1997: doesn't show hand 
*** SUMMARY ***
Total pot $0.10 | Rake $0 
Board [3c 9s 5c 6d]
Seat 1: JEH1997 (small blind) collected ($0.10)
Seat 3: Paty Doll726 (big blind) folded before Flop
Seat 4: Dorex2007 folded before Flop (didn't bet)
Seat 5: stas9038rus folded before Flop (didn't bet)
Seat 6: KaraFara folded on the Turn
Seat 7: umka186 folded before Flop (didn't bet)
Seat 8: MadDonkin folded before Flop (didn't bet)
Seat 9: zapper58 (button) folded before Flop (didn't bet)



PokerStars Hand #224713516709:  Hold'em No Limit ($0.01/$0.02 USD) - 2021/03/11 20:02:27 PT [2021/03/11 23:02:27 ET]
Table 'Kleopatra IV' 9-max Seat #1 is the button
Seat 1: JEH1997 ($2.16 in chips) 
Seat 3: Paty Doll726 ($3.68 in chips) 
Seat 4: Dorex2007 ($1.56 in chips) 
Seat 5: stas9038rus ($2.15 in chips) 
Seat 6: KaraFara ($2.44 in chips) 
Seat 7: umka186 ($2.04 in chips) 
Seat 8: MadDonkin ($1.04 in chips) 
Seat 9: zapper58 ($0.61 in chips) 
Paty Doll726: posts small blind $0.01
Dorex2007: posts big blind $0.02
*** HOLE CARDS ***
Dealt to Dorex2007 [4h Qd]
stas9038rus: folds 
KaraFara: folds 
umka186: folds 
MadDonkin: calls $0.02
zapper58: calls $0.02
JEH1997: raises $0.02 to $0.04
Paty Doll726: calls $0.03
Dorex2007: calls $0.02
MadDonkin: calls $0.02
zapper58: calls $0.02
*** FLOP *** [9h 2d 7c]
Paty Doll726: checks 
Dorex2007: checks 
MadDonkin: checks 
zapper58: checks 
JEH1997: bets $0.14
Paty Doll726: folds 
Dorex2007: folds 
MadDonkin: folds 
zapper58: folds 
Uncalled bet ($0.14) returned to JEH1997
JEH1997 collected $0.19 from pot
JEH1997: doesn't show hand 
*** SUMMARY ***
Total pot $0.20 | Rake $0.01 
Board [9h 2d 7c]
Seat 1: JEH1997 (button) collected ($0.19)
Seat 3: Paty Doll726 (small blind) folded on the Flop
Seat 4: Dorex2007 (big blind) folded on the Flop
Seat 5: stas9038rus folded before Flop (didn't bet)
Seat 6: KaraFara folded before Flop (didn't bet)
Seat 7: umka186 folded before Flop (didn't bet)
Seat 8: MadDonkin folded on the Flop
Seat 9: zapper58 folded on the Flop



PokerStars Hand #224713533537:  Hold'em No Limit ($0.01/$0.02 USD) - 2021/03/11 20:03:34 PT [2021/03/11 23:03:34 ET]
Table 'Kleopatra IV' 9-max Seat #3 is the button
Seat 1: JEH1997 ($2.31 in chips) 
Seat 3: Paty Doll726 ($3.64 in chips) 
Seat 4: Dorex2007 ($1.52 in chips) 
Seat 5: stas9038rus ($2.15 in chips) 
Seat 6: KaraFara ($2.44 in chips) 
Seat 7: umka186 ($2.04 in chips) 
Seat 8: MadDonkin ($1 in chips) 
Seat 9: zapper58 ($0.57 in chips) 
Dorex2007: posts small blind $0.01
stas9038rus: posts big blind $0.02
*** HOLE CARDS ***
Dealt to Dorex2007 [9c 6c]
KaraFara: raises $0.04 to $0.06
umka186: folds 
MadDonkin: calls $0.06
zapper58: folds 
JEH1997: folds 
Paty Doll726: folds 
Dorex2007: folds 
stas9038rus: calls $0.04
*** FLOP *** [9s 7d 7c]
stas9038rus: checks 
KaraFara: checks 
MadDonkin: bets $0.09
stas9038rus: folds 
KaraFara: folds 
Uncalled bet ($0.09) returned to MadDonkin
MadDonkin collected $0.18 from pot
MadDonkin: doesn't show hand 
*** SUMMARY ***
Total pot $0.19 | Rake $0.01 
Board [9s 7d 7c]
Seat 1: JEH1997 folded before Flop (didn't bet)
Seat 3: Paty Doll726 (button) folded before Flop (didn't bet)
Seat 4: Dorex2007 (small blind) folded before Flop
Seat 5: stas9038rus (big blind) folded on the Flop
Seat 6: KaraFara folded on the Flop
Seat 7: umka186 folded before Flop (didn't bet)
Seat 8: MadDonkin collected ($0.18)
Seat 9: zapper58 folded before Flop (didn't bet)



PokerStars Hand #224713541914:  Hold'em No Limit ($0.01/$0.02 USD) - 2021/03/11 20:04:07 PT [2021/03/11 23:04:07 ET]
Table 'Kleopatra IV' 9-max Seat #4 is the button
Seat 1: JEH1997 ($2.31 in chips) 
Seat 3: Paty Doll726 ($3.64 in chips) 
Seat 4: Dorex2007 ($1.51 in chips) 
Seat 5: stas9038rus ($2.09 in chips) 
Seat 6: KaraFara ($2.38 in chips) 
Seat 7: umka186 ($2.04 in chips) 
Seat 8: MadDonkin ($1.12 in chips) 
Seat 9: zapper58 ($0.57 in chips) 
stas9038rus: posts small blind $0.01
KaraFara: posts big blind $0.02
*** HOLE CARDS ***
Dealt to Dorex2007 [3c Ks]
umka186: folds 
MadDonkin: folds 
zapper58: calls $0.02
JEH1997: folds 
Paty Doll726: calls $0.02
Dorex2007: folds 
stas9038rus: calls $0.01
KaraFara: checks 
*** FLOP *** [3d 5s Kd]
stas9038rus: checks 
KaraFara: checks 
zapper58: checks 
Paty Doll726: bets $0.02
stas9038rus: folds 
KaraFara: folds 
zapper58: calls $0.02
*** TURN *** [3d 5s Kd] [Jc]
zapper58: checks 
Paty Doll726: bets $0.04
zapper58: calls $0.04
*** RIVER *** [3d 5s Kd Jc] [8h]
zapper58: checks 
Paty Doll726: checks 
*** SHOW DOWN ***
zapper58: shows [Qh As] (high card Ace)
Paty Doll726: shows [9c Kh] (a pair of Kings)
Paty Doll726 collected $0.19 from pot
*** SUMMARY ***
Total pot $0.20 | Rake $0.01 
Board [3d 5s Kd Jc 8h]
Seat 1: JEH1997 folded before Flop (didn't bet)
Seat 3: Paty Doll726 showed [9c Kh] and won ($0.19) with a pair of Kings
Seat 4: Dorex2007 (button) folded before Flop (didn't bet)
Seat 5: stas9038rus (small blind) folded on the Flop
Seat 6: KaraFara (big blind) folded on the Flop
Seat 7: umka186 folded before Flop (didn't bet)
Seat 8: MadDonkin folded before Flop (didn't bet)
Seat 9: zapper58 showed [Qh As] and lost with high card Ace



PokerStars Hand #224713561016:  Hold'em No Limit ($0.01/$0.02 USD) - 2021/03/11 20:05:19 PT [2021/03/11 23:05:19 ET]
Table 'Kleopatra IV' 9-max Seat #5 is the button
Seat 1: JEH1997 ($2.31 in chips) 
Seat 3: Paty Doll726 ($3.75 in chips) 
Seat 4: Dorex2007 ($1.51 in chips) 
Seat 5: stas9038rus ($2.07 in chips) 
Seat 6: KaraFara ($2.36 in chips) 
Seat 7: umka186 ($2.04 in chips) 
Seat 8: MadDonkin ($1.12 in chips) 
Seat 9: zapper58 ($0.49 in chips) 
KaraFara: posts small blind $0.01
umka186: posts big blind $0.02
*** HOLE CARDS ***
Dealt to Dorex2007 [Qd 4c]
MadDonkin: folds 
zapper58: folds 
JEH1997: folds 
Paty Doll726: calls $0.02
Dorex2007: folds 
stas9038rus: folds 
In-Solem joins the table at seat #2 
In-Solem leaves the table
KaraFara: folds 
umka186: checks 
*** FLOP *** [Ah 3c Th]
umka186: checks 
Paty Doll726: checks 
*** TURN *** [Ah 3c Th] [7d]
umka186: checks 
Paty Doll726: checks 
*** RIVER *** [Ah 3c Th 7d] [4h]
umka186: checks 
scv321123 joins the table at seat #2 
Paty Doll726: checks 
*** SHOW DOWN ***
umka186: shows [8c Jd] (high card Ace)
Paty Doll726: shows [Qc Jh] (high card Ace - Queen kicker)
Paty Doll726 collected $0.05 from pot
*** SUMMARY ***
Total pot $0.05 | Rake $0 
Board [Ah 3c Th 7d 4h]
Seat 1: JEH1997 folded before Flop (didn't bet)
Seat 3: Paty Doll726 showed [Qc Jh] and won ($0.05) with high card Ace
Seat 4: Dorex2007 folded before Flop (didn't bet)
Seat 5: stas9038rus (button) folded before Flop (didn't bet)
Seat 6: KaraFara (small blind) folded before Flop
Seat 7: umka186 (big blind) showed [8c Jd] and lost with high card Ace
Seat 8: MadDonkin folded before Flop (didn't bet)
Seat 9: zapper58 folded before Flop (didn't bet)



PokerStars Hand #224713571301:  Hold'em No Limit ($0.01/$0.02 USD) - 2021/03/11 20:06:00 PT [2021/03/11 23:06:00 ET]
Table 'Kleopatra IV' 9-max Seat #6 is the button
Seat 1: JEH1997 ($2.31 in chips) 
Seat 3: Paty Doll726 ($3.78 in chips) 
Seat 4: Dorex2007 ($1.51 in chips) 
Seat 5: stas9038rus ($2.07 in chips) 
Seat 6: KaraFara ($2.35 in chips) 
Seat 7: umka186 ($2.02 in chips) 
Seat 8: MadDonkin ($1.12 in chips) 
Seat 9: zapper58 ($0.49 in chips) 
umka186: posts small blind $0.01
MadDonkin: posts big blind $0.02
scv321123: sits out 
*** HOLE CARDS ***
Dealt to Dorex2007 [6c Qh]
zapper58: folds 
JEH1997: folds 
Paty Doll726: folds 
Dorex2007: folds 
stas9038rus: folds 
KaraFara: raises $0.04 to $0.06
umka186: folds 
MadDonkin: folds 
Uncalled bet ($0.04) returned to KaraFara
KaraFara collected $0.05 from pot
KaraFara: doesn't show hand 
*** SUMMARY ***
Total pot $0.05 | Rake $0 
Seat 1: JEH1997 folded before Flop (didn't bet)
Seat 3: Paty Doll726 folded before Flop (didn't bet)
Seat 4: Dorex2007 folded before Flop (didn't bet)
Seat 5: stas9038rus folded before Flop (didn't bet)
Seat 6: KaraFara (button) collected ($0.05)
Seat 7: umka186 (small blind) folded before Flop
Seat 8: MadDonkin (big blind) folded before Flop
Seat 9: zapper58 folded before Flop (didn't bet)



PokerStars Hand #224713576200:  Hold'em No Limit ($0.01/$0.02 USD) - 2021/03/11 20:06:19 PT [2021/03/11 23:06:19 ET]
Table 'Kleopatra IV' 9-max Seat #7 is the button
Seat 1: JEH1997 ($2.31 in chips) 
Seat 3: Paty Doll726 ($3.78 in chips) 
Seat 4: Dorex2007 ($1.51 in chips) 
Seat 5: stas9038rus ($2.07 in chips) 
Seat 6: KaraFara ($2.38 in chips) 
Seat 7: umka186 ($2.01 in chips) 
Seat 8: MadDonkin ($1.10 in chips) 
Seat 9: zapper58 ($0.49 in chips) 
MadDonkin: posts small blind $0.01
zapper58: posts big blind $0.02
scv321123: sits out 
*** HOLE CARDS ***
Dealt to Dorex2007 [2d 8h]
JEH1997: folds 
Paty Doll726: folds 
Dorex2007: folds 
stas9038rus: raises $0.04 to $0.06
KaraFara: calls $0.06
umka186: folds 
MadDonkin: calls $0.05
zapper58: calls $0.04
*** FLOP *** [9c 7d 9s]
MadDonkin: checks 
zapper58: checks 
stas9038rus: checks 
KaraFara: checks 
*** TURN *** [9c 7d 9s] [Td]
MadDonkin: checks 
zapper58: checks 
stas9038rus: checks 
KaraFara: checks 
*** RIVER *** [9c 7d 9s Td] [5c]
MadDonkin: bets $0.12
zapper58: folds 
stas9038rus: folds 
KaraFara: folds 
Uncalled bet ($0.12) returned to MadDonkin
MadDonkin collected $0.23 from pot
MadDonkin: doesn't show hand 
*** SUMMARY ***
Total pot $0.24 | Rake $0.01 
Board [9c 7d 9s Td 5c]
Seat 1: JEH1997 folded before Flop (didn't bet)
Seat 3: Paty Doll726 folded before Flop (didn't bet)
Seat 4: Dorex2007 folded before Flop (didn't bet)
Seat 5: stas9038rus folded on the River
Seat 6: KaraFara folded on the River
Seat 7: umka186 (button) folded before Flop (didn't bet)
Seat 8: MadDonkin (small blind) collected ($0.23)
Seat 9: zapper58 (big blind) folded on the River



PokerStars Hand #224713598160:  Hold'em No Limit ($0.01/$0.02 USD) - 2021/03/11 20:07:39 PT [2021/03/11 23:07:39 ET]
Table 'Kleopatra IV' 9-max Seat #8 is the button
Seat 1: JEH1997 ($2.31 in chips) 
Seat 3: Paty Doll726 ($3.78 in chips) 
Seat 4: Dorex2007 ($1.51 in chips) 
Seat 5: stas9038rus ($2.01 in chips) 
Seat 6: KaraFara ($2.32 in chips) 
Seat 7: umka186 ($2.01 in chips) 
Seat 8: MadDonkin ($1.27 in chips) 
Seat 9: zapper58 ($0.43 in chips) 
zapper58: posts small blind $0.01
JEH1997: posts big blind $0.02
scv321123: sits out 
*** HOLE CARDS ***
Dealt to Dorex2007 [Ks 3h]
Paty Doll726: folds 
Dorex2007: folds 
stas9038rus: raises $0.04 to $0.06
KaraFara: folds 
umka186: folds 
MadDonkin: folds 
zapper58: folds 
JEH1997: folds 
Uncalled bet ($0.04) returned to stas9038rus
stas9038rus collected $0.05 from pot
stas9038rus: doesn't show hand 
*** SUMMARY ***
Total pot $0.05 | Rake $0 
Seat 1: JEH1997 (big blind) folded before Flop
Seat 3: Paty Doll726 folded before Flop (didn't bet)
Seat 4: Dorex2007 folded before Flop (didn't bet)
Seat 5: stas9038rus collected ($0.05)
Seat 6: KaraFara folded before Flop (didn't bet)
Seat 7: umka186 folded before Flop (didn't bet)
Seat 8: MadDonkin (button) folded before Flop (didn't bet)
Seat 9: zapper58 (small blind) folded before Flop



PokerStars Hand #224713602290:  Hold'em No Limit ($0.01/$0.02 USD) - 2021/03/11 20:07:56 PT [2021/03/11 23:07:56 ET]
Table 'Kleopatra IV' 9-max Seat #9 is the button
Seat 1: JEH1997 ($2.29 in chips) 
Seat 2: scv321123 ($2 in chips) 
Seat 3: Paty Doll726 ($3.78 in chips) 
Seat 4: Dorex2007 ($1.51 in chips) 
Seat 5: stas9038rus ($2.04 in chips) 
Seat 6: KaraFara ($2.32 in chips) 
Seat 7: umka186 ($2.01 in chips) 
Seat 8: MadDonkin ($1.27 in chips) 
Seat 9: zapper58 ($0.42 in chips) 
JEH1997: posts small blind $0.01
scv321123: posts big blind $0.02
*** HOLE CARDS ***
Dealt to Dorex2007 [5h 7h]
Paty Doll726: calls $0.02
Dorex2007: folds 
stas9038rus: folds 
KaraFara: folds 
umka186: folds 
MadDonkin: folds 
zapper58: folds 
JEH1997: folds 
scv321123: checks 
*** FLOP *** [Qd 8s 6h]
scv321123: bets $0.05
Paty Doll726: calls $0.05
*** TURN *** [Qd 8s 6h] [Jd]
scv321123: bets $0.14
Paty Doll726: calls $0.14
*** RIVER *** [Qd 8s 6h Jd] [5d]
scv321123: bets $1.79 and is all-in
Paty Doll726: folds 
Uncalled bet ($1.79) returned to scv321123
scv321123 collected $0.41 from pot
scv321123: doesn't show hand 
*** SUMMARY ***
Total pot $0.43 | Rake $0.02 
Board [Qd 8s 6h Jd 5d]
Seat 1: JEH1997 (small blind) folded before Flop
Seat 2: scv321123 (big blind) collected ($0.41)
Seat 3: Paty Doll726 folded on the River
Seat 4: Dorex2007 folded before Flop (didn't bet)
Seat 5: stas9038rus folded before Flop (didn't bet)
Seat 6: KaraFara folded before Flop (didn't bet)
Seat 7: umka186 folded before Flop (didn't bet)
Seat 8: MadDonkin folded before Flop (didn't bet)
Seat 9: zapper58 (button) folded before Flop (didn't bet)



PokerStars Hand #224713615684:  Hold'em No Limit ($0.01/$0.02 USD) - 2021/03/11 20:08:49 PT [2021/03/11 23:08:49 ET]
Table 'Kleopatra IV' 9-max Seat #1 is the button
Seat 1: JEH1997 ($2.28 in chips) 
Seat 2: scv321123 ($2.20 in chips) 
Seat 3: Paty Doll726 ($3.57 in chips) 
Seat 4: Dorex2007 ($1.51 in chips) 
Seat 5: stas9038rus ($2.04 in chips) 
Seat 6: KaraFara ($2.32 in chips) 
Seat 7: umka186 ($2.01 in chips) 
Seat 8: MadDonkin ($1.27 in chips) 
Seat 9: zapper58 ($0.42 in chips) 
scv321123: posts small blind $0.01
Paty Doll726: posts big blind $0.02
*** HOLE CARDS ***
Dealt to Dorex2007 [3s Jc]
Dorex2007: folds 
stas9038rus: folds 
KaraFara: raises $0.04 to $0.06
umka186: raises $0.06 to $0.12
MadDonkin: calls $0.12
zapper58: folds 
JEH1997: folds 
scv321123: folds 
Paty Doll726: folds 
KaraFara: calls $0.06
*** FLOP *** [Kd 8c 2h]
KaraFara: checks 
umka186: bets $0.20
MadDonkin: folds 
KaraFara: folds 
Uncalled bet ($0.20) returned to umka186
umka186 collected $0.38 from pot
*** SUMMARY ***
Total pot $0.39 | Rake $0.01 
Board [Kd 8c 2h]
Seat 1: JEH1997 (button) folded before Flop (didn't bet)
Seat 2: scv321123 (small blind) folded before Flop
Seat 3: Paty Doll726 (big blind) folded before Flop
Seat 4: Dorex2007 folded before Flop (didn't bet)
Seat 5: stas9038rus folded before Flop (didn't bet)
Seat 6: KaraFara folded on the Flop
Seat 7: umka186 collected ($0.38)
Seat 8: MadDonkin folded on the Flop
Seat 9: zapper58 folded before Flop (didn't bet)



PokerStars Hand #224713624697:  Hold'em No Limit ($0.01/$0.02 USD) - 2021/03/11 20:09:26 PT [2021/03/11 23:09:26 ET]
Table 'Kleopatra IV' 9-max Seat #2 is the button
Seat 1: JEH1997 ($2.28 in chips) 
Seat 2: scv321123 ($2.19 in chips) 
Seat 3: Paty Doll726 ($3.55 in chips) 
Seat 4: Dorex2007 ($1.51 in chips) 
Seat 5: stas9038rus ($2.04 in chips) 
Seat 6: KaraFara ($2.20 in chips) 
Seat 7: umka186 ($2.27 in chips) 
Seat 8: MadDonkin ($1.15 in chips) 
Seat 9: zapper58 ($0.42 in chips) 
Paty Doll726: posts small blind $0.01
Dorex2007: posts big blind $0.02
*** HOLE CARDS ***
Dealt to Dorex2007 [5s 8h]
stas9038rus: folds 
KaraFara: folds 
umka186: folds 
MadDonkin: folds 
zapper58: folds 
JEH1997: folds 
scv321123: raises $0.04 to $0.06
Paty Doll726: folds 
Dorex2007: folds 
Uncalled bet ($0.04) returned to scv321123
scv321123 collected $0.05 from pot
scv321123: doesn't show hand 
*** SUMMARY ***
Total pot $0.05 | Rake $0 
Seat 1: JEH1997 folded before Flop (didn't bet)
Seat 2: scv321123 (button) collected ($0.05)
Seat 3: Paty Doll726 (small blind) folded before Flop
Seat 4: Dorex2007 (big blind) folded before Flop
Seat 5: stas9038rus folded before Flop (didn't bet)
Seat 6: KaraFara folded before Flop (didn't bet)
Seat 7: umka186 folded before Flop (didn't bet)
Seat 8: MadDonkin folded before Flop (didn't bet)
Seat 9: zapper58 folded before Flop (didn't bet)



PokerStars Hand #224713629040:  Hold'em No Limit ($0.01/$0.02 USD) - 2021/03/11 20:09:44 PT [2021/03/11 23:09:44 ET]
Table 'Kleopatra IV' 9-max Seat #3 is the button
Seat 1: JEH1997 ($2.28 in chips) 
Seat 2: scv321123 ($2.22 in chips) 
Seat 3: Paty Doll726 ($3.54 in chips) 
Seat 4: Dorex2007 ($1.49 in chips) 
Seat 5: stas9038rus ($2.04 in chips) 
Seat 6: KaraFara ($2.20 in chips) 
Seat 7: umka186 ($2.27 in chips) 
Seat 8: MadDonkin ($1.15 in chips) 
Seat 9: zapper58 ($0.42 in chips) 
Dorex2007: posts small blind $0.01
stas9038rus: posts big blind $0.02
*** HOLE CARDS ***
Dealt to Dorex2007 [7c 4s]
KaraFara: folds 
umka186: folds 
MadDonkin: folds 
zapper58: folds 
JEH1997: raises $0.02 to $0.04
scv321123: folds 
Paty Doll726: folds 
Dorex2007: folds 
stas9038rus: folds 
Uncalled bet ($0.02) returned to JEH1997
JEH1997 collected $0.05 from pot
*** SUMMARY ***
Total pot $0.05 | Rake $0 
Seat 1: JEH1997 collected ($0.05)
Seat 2: scv321123 folded before Flop (didn't bet)
Seat 3: Paty Doll726 (button) folded before Flop (didn't bet)
Seat 4: Dorex2007 (small blind) folded before Flop
Seat 5: stas9038rus (big blind) folded before Flop
Seat 6: KaraFara folded before Flop (didn't bet)
Seat 7: umka186 folded before Flop (didn't bet)
Seat 8: MadDonkin folded before Flop (didn't bet)
Seat 9: zapper58 folded before Flop (didn't bet)



PokerStars Hand #224713632954:  Hold'em No Limit ($0.01/$0.02 USD) - 2021/03/11 20:10:00 PT [2021/03/11 23:10:00 ET]
Table 'Kleopatra IV' 9-max Seat #4 is the button
Seat 1: JEH1997 ($2.31 in chips) 
Seat 2: scv321123 ($2.22 in chips) 
Seat 3: Paty Doll726 ($3.54 in chips) 
Seat 4: Dorex2007 ($1.48 in chips) 
Seat 5: stas9038rus ($2.02 in chips) 
Seat 6: KaraFara ($2.20 in chips) 
Seat 7: umka186 ($2.27 in chips) 
Seat 8: MadDonkin ($1.15 in chips) 
Seat 9: zapper58 ($0.42 in chips) 
stas9038rus: posts small blind $0.01
KaraFara: posts big blind $0.02
*** HOLE CARDS ***
Dealt to Dorex2007 [Qc 4h]
umka186: folds 
MadDonkin: folds 
zapper58: folds 
JEH1997: folds 
scv321123: folds 
Paty Doll726: folds 
Dorex2007 has timed out
Dorex2007: folds 
stas9038rus: folds 
Uncalled bet ($0.01) returned to KaraFara
KaraFara collected $0.02 from pot
KaraFara: doesn't show hand 
*** SUMMARY ***
Total pot $0.02 | Rake $0 
Seat 1: JEH1997 folded before Flop (didn't bet)
Seat 2: scv321123 folded before Flop (didn't bet)
Seat 3: Paty Doll726 folded before Flop (didn't bet)
Seat 4: Dorex2007 (button) folded before Flop (didn't bet)
Seat 5: stas9038rus (small blind) folded before Flop
Seat 6: KaraFara (big blind) collected ($0.02)
Seat 7: umka186 folded before Flop (didn't bet)
Seat 8: MadDonkin folded before Flop (didn't bet)
Seat 9: zapper58 folded before Flop (didn't bet)



PokerStars Hand #224713718745:  Hold'em No Limit ($0.01/$0.02 USD) - 2021/03/11 20:14:51 PT [2021/03/11 23:14:51 ET]
Table 'Kleopatra IV' 9-max Seat #5 is the button
Seat 1: JEH1997 ($2.28 in chips) 
Seat 2: scv321123 ($1.87 in chips) 
Seat 3: Paty Doll726 ($3.31 in chips) 
Seat 4: Dorex2007 ($1.48 in chips) 
Seat 5: stas9038rus ($1.98 in chips) 
Seat 6: KaraFara ($2.21 in chips) 
Seat 7: x@v@nt3 ($0.78 in chips) 
Seat 8: MadDonkin ($1.73 in chips) 
Seat 9: zapper58 ($0.41 in chips) 
KaraFara: posts small blind $0.01
x@v@nt3: posts big blind $0.02
Dorex2007: posts small & big blinds $0.03
*** HOLE CARDS ***
Dealt to Dorex2007 [Ah 6c]
MadDonkin: folds 
zapper58: calls $0.02
JEH1997: folds 
scv321123: folds 
Paty Doll726: folds 
Dorex2007: checks 
stas9038rus: raises $0.04 to $0.06
KaraFara: folds 
x@v@nt3: folds 
zapper58: raises $0.35 to $0.41 and is all-in
Dorex2007: folds 
stas9038rus: calls $0.35
*** FLOP *** [Kd 6s Qs]
*** TURN *** [Kd 6s Qs] [4h]
*** RIVER *** [Kd 6s Qs 4h] [Jd]
*** SHOW DOWN ***
zapper58: shows [Ad Qd] (a pair of Queens)
stas9038rus: shows [8s 8d] (a pair of Eights)
zapper58 cashed out the hand for $0.41
*** SUMMARY ***
Total pot $0.88 | Rake $0.03 
Board [Kd 6s Qs 4h Jd]
Seat 1: JEH1997 folded before Flop (didn't bet)
Seat 2: scv321123 folded before Flop (didn't bet)
Seat 3: Paty Doll726 folded before Flop (didn't bet)
Seat 4: Dorex2007 folded before Flop (didn't bet)
Seat 5: stas9038rus (button) showed [8s 8d] and lost with a pair of Eights
Seat 6: KaraFara (small blind) folded before Flop
Seat 7: x@v@nt3 (big blind) folded before Flop
Seat 8: MadDonkin folded before Flop (didn't bet)
Seat 9: zapper58 showed [Ad Qd] and won ($0.85) with a pair of Queens (pot not awarded as player cashed out)



PokerStars Hand #224713730516:  Hold'em No Limit ($0.01/$0.02 USD) - 2021/03/11 20:15:39 PT [2021/03/11 23:15:39 ET]
Table 'Kleopatra IV' 9-max Seat #6 is the button
Seat 1: JEH1997 ($2.28 in chips) 
Seat 2: scv321123 ($1.87 in chips) 
Seat 3: Paty Doll726 ($3.31 in chips) 
Seat 4: Dorex2007 ($1.45 in chips) 
Seat 5: stas9038rus ($2 in chips) 
Seat 6: KaraFara ($2.20 in chips) 
Seat 7: x@v@nt3 ($0.76 in chips) 
Seat 8: MadDonkin ($1.73 in chips) 
Seat 9: zapper58 ($0.41 in chips) 
x@v@nt3: posts small blind $0.01
MadDonkin: posts big blind $0.02
*** HOLE CARDS ***
Dealt to Dorex2007 [6c Jd]
zapper58: folds 
JEH1997: folds 
scv321123: folds 
Paty Doll726: calls $0.02
Dorex2007: folds 
stas9038rus: folds 
KaraFara: raises $0.02 to $0.04
x@v@nt3: folds 
MadDonkin: calls $0.02
Paty Doll726: calls $0.02
*** FLOP *** [4d Th 9d]
MadDonkin: checks 
Paty Doll726: checks 
KaraFara: bets $0.04
MadDonkin: folds 
Paty Doll726: calls $0.04
*** TURN *** [4d Th 9d] [Qh]
Paty Doll726: checks 
KaraFara: bets $0.06
Paty Doll726: calls $0.06
*** RIVER *** [4d Th 9d Qh] [7c]
Paty Doll726: checks 
KaraFara: checks 
*** SHOW DOWN ***
Paty Doll726: shows [Kd Qc] (a pair of Queens)
KaraFara: mucks hand 
Paty Doll726 collected $0.32 from pot
*** SUMMARY ***
Total pot $0.33 | Rake $0.01 
Board [4d Th 9d Qh 7c]
Seat 1: JEH1997 folded before Flop (didn't bet)
Seat 2: scv321123 folded before Flop (didn't bet)
Seat 3: Paty Doll726 showed [Kd Qc] and won ($0.32) with a pair of Queens
Seat 4: Dorex2007 folded before Flop (didn't bet)
Seat 5: stas9038rus folded before Flop (didn't bet)
Seat 6: KaraFara (button) mucked [Jc Qd]
Seat 7: x@v@nt3 (small blind) folded before Flop
Seat 8: MadDonkin (big blind) folded on the Flop
Seat 9: zapper58 folded before Flop (didn't bet)



PokerStars Hand #224713742972:  Hold'em No Limit ($0.01/$0.02 USD) - 2021/03/11 20:16:30 PT [2021/03/11 23:16:30 ET]
Table 'Kleopatra IV' 9-max Seat #7 is the button
Seat 1: JEH1997 ($2.28 in chips) 
Seat 2: scv321123 ($1.87 in chips) 
Seat 3: Paty Doll726 ($3.49 in chips) 
Seat 4: Dorex2007 ($1.45 in chips) 
Seat 5: stas9038rus ($2 in chips) 
Seat 6: KaraFara ($2.06 in chips) 
Seat 7: x@v@nt3 ($0.75 in chips) 
Seat 8: MadDonkin ($1.69 in chips) 
Seat 9: zapper58 ($0.41 in chips) 
MadDonkin: posts small blind $0.01
zapper58: posts big blind $0.02
*** HOLE CARDS ***
Dealt to Dorex2007 [8d 5d]
JEH1997: folds 
scv321123: raises $0.04 to $0.06
Paty Doll726: folds 
Dorex2007: folds 
stas9038rus: folds 
KaraFara: folds 
x@v@nt3: folds 
MadDonkin: calls $0.05
zapper58: folds 
*** FLOP *** [Ks 7c 8s]
MadDonkin: checks 
scv321123: bets $0.07
MadDonkin: calls $0.07
*** TURN *** [Ks 7c 8s] [Ad]
MadDonkin: checks 
scv321123: bets $0.13
MadDonkin: calls $0.13
*** RIVER *** [Ks 7c 8s Ad] [Th]
MadDonkin: checks 
scv321123: bets $0.52
MadDonkin: calls $0.52
*** SHOW DOWN ***
scv321123: shows [Ts Qd] (a pair of Tens)
MadDonkin: shows [Kd Qs] (a pair of Kings)
MadDonkin collected $1.52 from pot
*** SUMMARY ***
Total pot $1.58 | Rake $0.06 
Board [Ks 7c 8s Ad Th]
Seat 1: JEH1997 folded before Flop (didn't bet)
Seat 2: scv321123 showed [Ts Qd] and lost with a pair of Tens
Seat 3: Paty Doll726 folded before Flop (didn't bet)
Seat 4: Dorex2007 folded before Flop (didn't bet)
Seat 5: stas9038rus folded before Flop (didn't bet)
Seat 6: KaraFara folded before Flop (didn't bet)
Seat 7: x@v@nt3 (button) folded before Flop (didn't bet)
Seat 8: MadDonkin (small blind) showed [Kd Qs] and won ($1.52) with a pair of Kings
Seat 9: zapper58 (big blind) folded before Flop



PokerStars Hand #224713753973:  Hold'em No Limit ($0.01/$0.02 USD) - 2021/03/11 20:17:15 PT [2021/03/11 23:17:15 ET]
Table 'Kleopatra IV' 9-max Seat #8 is the button
Seat 1: JEH1997 ($2.28 in chips) 
Seat 2: scv321123 ($1.09 in chips) 
Seat 3: Paty Doll726 ($3.49 in chips) 
Seat 4: Dorex2007 ($1.45 in chips) 
Seat 5: stas9038rus ($2 in chips) 
Seat 6: KaraFara ($2.06 in chips) 
Seat 7: x@v@nt3 ($0.75 in chips) 
Seat 8: MadDonkin ($2.43 in chips) 
Seat 9: zapper58 ($0.39 in chips) 
zapper58: posts small blind $0.01
JEH1997: posts big blind $0.02
*** HOLE CARDS ***
Dealt to Dorex2007 [2c Th]
scv321123: raises $0.04 to $0.06
Paty Doll726: folds 
Dorex2007: folds 
stas9038rus: folds 
KaraFara: folds 
x@v@nt3: folds 
MadDonkin: folds 
zapper58: folds 
JEH1997: folds 
Uncalled bet ($0.04) returned to scv321123
scv321123 collected $0.05 from pot
scv321123: doesn't show hand 
*** SUMMARY ***
Total pot $0.05 | Rake $0 
Seat 1: JEH1997 (big blind) folded before Flop
Seat 2: scv321123 collected ($0.05)
Seat 3: Paty Doll726 folded before Flop (didn't bet)
Seat 4: Dorex2007 folded before Flop (didn't bet)
Seat 5: stas9038rus folded before Flop (didn't bet)
Seat 6: KaraFara folded before Flop (didn't bet)
Seat 7: x@v@nt3 folded before Flop (didn't bet)
Seat 8: MadDonkin (button) folded before Flop (didn't bet)
Seat 9: zapper58 (small blind) folded before Flop



PokerStars Hand #224713759537:  Hold'em No Limit ($0.01/$0.02 USD) - 2021/03/11 20:17:37 PT [2021/03/11 23:17:37 ET]
Table 'Kleopatra IV' 9-max Seat #9 is the button
Seat 1: JEH1997 ($2.26 in chips) 
Seat 2: scv321123 ($1.12 in chips) 
Seat 3: Paty Doll726 ($3.49 in chips) 
Seat 4: Dorex2007 ($1.45 in chips) 
Seat 5: stas9038rus ($2 in chips) 
Seat 6: KaraFara ($2.06 in chips) 
Seat 7: x@v@nt3 ($0.75 in chips) 
Seat 8: MadDonkin ($2.43 in chips) 
Seat 9: zapper58 ($0.38 in chips) 
JEH1997: posts small blind $0.01
scv321123: posts big blind $0.02
*** HOLE CARDS ***
Dealt to Dorex2007 [2c Kh]
Paty Doll726: folds 
Dorex2007: folds 
stas9038rus: folds 
KaraFara: raises $0.02 to $0.04
x@v@nt3: folds 
MadDonkin: folds 
zapper58: folds 
JEH1997: folds 
scv321123: raises $0.09 to $0.13
KaraFara: folds 
Uncalled bet ($0.09) returned to scv321123
scv321123 collected $0.09 from pot
scv321123: doesn't show hand 
*** SUMMARY ***
Total pot $0.09 | Rake $0 
Seat 1: JEH1997 (small blind) folded before Flop
Seat 2: scv321123 (big blind) collected ($0.09)
Seat 3: Paty Doll726 folded before Flop (didn't bet)
Seat 4: Dorex2007 folded before Flop (didn't bet)
Seat 5: stas9038rus folded before Flop (didn't bet)
Seat 6: KaraFara folded before Flop
Seat 7: x@v@nt3 folded before Flop (didn't bet)
Seat 8: MadDonkin folded before Flop (didn't bet)
Seat 9: zapper58 (button) folded before Flop (didn't bet)



PokerStars Hand #224713767659:  Hold'em No Limit ($0.01/$0.02 USD) - 2021/03/11 20:18:11 PT [2021/03/11 23:18:11 ET]
Table 'Kleopatra IV' 9-max Seat #1 is the button
Seat 1: JEH1997 ($2.25 in chips) 
Seat 2: scv321123 ($1.17 in chips) 
Seat 3: Paty Doll726 ($3.49 in chips) 
Seat 4: Dorex2007 ($1.45 in chips) 
Seat 5: stas9038rus ($2 in chips) 
Seat 6: KaraFara ($2.02 in chips) 
Seat 7: x@v@nt3 ($0.75 in chips) 
Seat 8: MadDonkin ($2.43 in chips) 
Seat 9: zapper58 ($0.38 in chips) 
scv321123: posts small blind $0.01
Paty Doll726: posts big blind $0.02
*** HOLE CARDS ***
Dealt to Dorex2007 [Jh Th]
Dorex2007: raises $0.04 to $0.06
stas9038rus: folds 
KaraFara: calls $0.06
x@v@nt3: folds 
MadDonkin: calls $0.06
zapper58: folds 
JEH1997: folds 
scv321123: raises $0.26 to $0.32
Paty Doll726: folds 
Dorex2007: folds 
KaraFara: folds 
MadDonkin: folds 
Uncalled bet ($0.26) returned to scv321123
scv321123 collected $0.26 from pot
scv321123: doesn't show hand 
*** SUMMARY ***
Total pot $0.26 | Rake $0 
Seat 1: JEH1997 (button) folded before Flop (didn't bet)
Seat 2: scv321123 (small blind) collected ($0.26)
Seat 3: Paty Doll726 (big blind) folded before Flop
Seat 4: Dorex2007 folded before Flop
Seat 5: stas9038rus folded before Flop (didn't bet)
Seat 6: KaraFara folded before Flop
Seat 7: x@v@nt3 folded before Flop (didn't bet)
Seat 8: MadDonkin folded before Flop
Seat 9: zapper58 folded before Flop (didn't bet)



PokerStars Hand #224713776382:  Hold'em No Limit ($0.01/$0.02 USD) - 2021/03/11 20:18:47 PT [2021/03/11 23:18:47 ET]
Table 'Kleopatra IV' 9-max Seat #2 is the button
Seat 1: JEH1997 ($2.25 in chips) 
Seat 2: scv321123 ($1.37 in chips) 
Seat 3: Paty Doll726 ($3.47 in chips) 
Seat 4: Dorex2007 ($1.39 in chips) 
Seat 5: stas9038rus ($2 in chips) 
Seat 6: KaraFara ($2 in chips) 
Seat 7: x@v@nt3 ($0.75 in chips) 
Seat 8: MadDonkin ($2.37 in chips) 
Seat 9: zapper58 ($0.38 in chips) 
Paty Doll726: posts small blind $0.01
Dorex2007: posts big blind $0.02
*** HOLE CARDS ***
Dealt to Dorex2007 [Tc Td]
stas9038rus: folds 
KaraFara: folds 
x@v@nt3: folds 
MadDonkin: folds 
zapper58: calls $0.02
JEH1997: raises $0.02 to $0.04
scv321123: calls $0.04
Paty Doll726: calls $0.03
Dorex2007: calls $0.02
zapper58: calls $0.02
*** FLOP *** [Ah 7h 9s]
Paty Doll726: checks 
Dorex2007: checks 
zapper58: checks 
JEH1997: bets $0.14
scv321123: folds 
Paty Doll726: folds 
Dorex2007: folds 
zapper58: folds 
Uncalled bet ($0.14) returned to JEH1997
JEH1997 collected $0.19 from pot
JEH1997: doesn't show hand 
*** SUMMARY ***
Total pot $0.20 | Rake $0.01 
Board [Ah 7h 9s]
Seat 1: JEH1997 collected ($0.19)
Seat 2: scv321123 (button) folded on the Flop
Seat 3: Paty Doll726 (small blind) folded on the Flop
Seat 4: Dorex2007 (big blind) folded on the Flop
Seat 5: stas9038rus folded before Flop (didn't bet)
Seat 6: KaraFara folded before Flop (didn't bet)
Seat 7: x@v@nt3 folded before Flop (didn't bet)
Seat 8: MadDonkin folded before Flop (didn't bet)
Seat 9: zapper58 folded on the Flop



PokerStars Hand #224713788037:  Hold'em No Limit ($0.01/$0.02 USD) - 2021/03/11 20:19:35 PT [2021/03/11 23:19:35 ET]
Table 'Kleopatra IV' 9-max Seat #3 is the button
Seat 1: JEH1997 ($2.40 in chips) 
Seat 2: scv321123 ($1.33 in chips) 
Seat 3: Paty Doll726 ($3.43 in chips) 
Seat 4: Dorex2007 ($1.96 in chips) 
Seat 5: stas9038rus ($2 in chips) 
Seat 6: KaraFara ($2 in chips) 
Seat 7: x@v@nt3 ($0.75 in chips) 
Seat 8: MadDonkin ($2.37 in chips) 
Seat 9: zapper58 ($0.34 in chips) 
Dorex2007: posts small blind $0.01
stas9038rus: posts big blind $0.02
*** HOLE CARDS ***
Dealt to Dorex2007 [7d Jd]
KaraFara: folds 
x@v@nt3: calls $0.02
MadDonkin: calls $0.02
zapper58: folds 
JEH1997: folds 
scv321123: folds 
Paty Doll726: calls $0.02
Dorex2007: calls $0.01
stas9038rus: checks 
*** FLOP *** [9c Qs 5c]
Dorex2007: checks 
stas9038rus: bets $0.09
x@v@nt3: folds 
MadDonkin: calls $0.09
Paty Doll726: folds 
Dorex2007: folds 
*** TURN *** [9c Qs 5c] [Ts]
stas9038rus: checks 
MadDonkin: bets $0.27
stas9038rus: calls $0.27
*** RIVER *** [9c Qs 5c Ts] [2d]
stas9038rus: checks 
MadDonkin: bets $0.79
stas9038rus: calls $0.79
*** SHOW DOWN ***
MadDonkin: shows [Ks Jh] (a straight, Nine to King)
stas9038rus: mucks hand 
MadDonkin collected $2.32 from pot
*** SUMMARY ***
Total pot $2.40 | Rake $0.08 
Board [9c Qs 5c Ts 2d]
Seat 1: JEH1997 folded before Flop (didn't bet)
Seat 2: scv321123 folded before Flop (didn't bet)
Seat 3: Paty Doll726 (button) folded on the Flop
Seat 4: Dorex2007 (small blind) folded on the Flop
Seat 5: stas9038rus (big blind) mucked [Qd 5d]
Seat 6: KaraFara folded before Flop (didn't bet)
Seat 7: x@v@nt3 folded on the Flop
Seat 8: MadDonkin showed [Ks Jh] and won ($2.32) with a straight, Nine to King
Seat 9: zapper58 folded before Flop (didn't bet)



PokerStars Hand #224713815269:  Hold'em No Limit ($0.01/$0.02 USD) - 2021/03/11 20:20:50 PT [2021/03/11 23:20:50 ET]
Table 'Kleopatra IV' 9-max Seat #4 is the button
Seat 1: JEH1997 ($2.40 in chips) 
Seat 2: scv321123 ($1.33 in chips) 
Seat 3: Paty Doll726 ($3.41 in chips) 
Seat 4: Dorex2007 ($1.94 in chips) 
Seat 5: stas9038rus ($2 in chips) 
Seat 6: KaraFara ($2 in chips) 
Seat 7: x@v@nt3 ($0.73 in chips) 
Seat 8: MadDonkin ($3.52 in chips) 
Seat 9: zapper58 ($0.34 in chips) 
stas9038rus: posts small blind $0.01
KaraFara: posts big blind $0.02
*** HOLE CARDS ***
Dealt to Dorex2007 [9d Qc]
x@v@nt3: folds 
MadDonkin: calls $0.02
zapper58: calls $0.02
JEH1997: folds 
scv321123: raises $0.04 to $0.06
Paty Doll726: folds 
Dorex2007: folds 
stas9038rus: folds 
KaraFara: folds 
MadDonkin: calls $0.04
zapper58: folds 
*** FLOP *** [8s 8h 9h]
MadDonkin: checks 
scv321123: bets $0.16
MadDonkin: calls $0.16
*** TURN *** [8s 8h 9h] [3h]
MadDonkin: bets $0.47
scv321123: raises $0.47 to $0.94
MadDonkin: calls $0.47
*** RIVER *** [8s 8h 9h 3h] [4c]
MadDonkin: bets $0.22
scv321123: calls $0.17 and is all-in
Uncalled bet ($0.05) returned to MadDonkin
*** SHOW DOWN ***
MadDonkin: shows [Ah 4h] (a flush, Ace high)
scv321123: shows [Ks Qh] (a pair of Eights)
MadDonkin collected $2.62 from pot
*** SUMMARY ***
Total pot $2.71 | Rake $0.09 
Board [8s 8h 9h 3h 4c]
Seat 1: JEH1997 folded before Flop (didn't bet)
Seat 2: scv321123 showed [Ks Qh] and lost with a pair of Eights
Seat 3: Paty Doll726 folded before Flop (didn't bet)
Seat 4: Dorex2007 (button) folded before Flop (didn't bet)
Seat 5: stas9038rus (small blind) folded before Flop
Seat 6: KaraFara (big blind) folded before Flop
Seat 7: x@v@nt3 folded before Flop (didn't bet)
Seat 8: MadDonkin showed [Ah 4h] and won ($2.62) with a flush, Ace high
Seat 9: zapper58 folded before Flop



PokerStars Hand #224713831839:  Hold'em No Limit ($0.01/$0.02 USD) - 2021/03/11 20:21:59 PT [2021/03/11 23:21:59 ET]
Table 'Kleopatra IV' 9-max Seat #5 is the button
Seat 1: JEH1997 ($2.40 in chips) 
Seat 3: Paty Doll726 ($3.41 in chips) 
Seat 4: Dorex2007 ($1.94 in chips) 
Seat 5: stas9038rus ($1.99 in chips) 
Seat 6: KaraFara ($2 in chips) 
Seat 7: x@v@nt3 ($0.73 in chips) 
Seat 8: MadDonkin ($4.81 in chips) 
Seat 9: zapper58 ($0.32 in chips) 
KaraFara: posts small blind $0.01
x@v@nt3: posts big blind $0.02
*** HOLE CARDS ***
Dealt to Dorex2007 [9s 4h]
MadDonkin: calls $0.02
zapper58: folds 
JEH1997: folds 
Paty Doll726: folds 
Dorex2007: folds 
stas9038rus: folds 
KaraFara: folds 
x@v@nt3: checks 
*** FLOP *** [Js 7h Tc]
x@v@nt3: checks 
MadDonkin: checks 
*** TURN *** [Js 7h Tc] [Ac]
x@v@nt3: checks 
MadDonkin: bets $0.05
x@v@nt3: folds 
Uncalled bet ($0.05) returned to MadDonkin
MadDonkin collected $0.05 from pot
MadDonkin: doesn't show hand 
*** SUMMARY ***
Total pot $0.05 | Rake $0 
Board [Js 7h Tc Ac]
Seat 1: JEH1997 folded before Flop (didn't bet)
Seat 3: Paty Doll726 folded before Flop (didn't bet)
Seat 4: Dorex2007 folded before Flop (didn't bet)
Seat 5: stas9038rus (button) folded before Flop (didn't bet)
Seat 6: KaraFara (small blind) folded before Flop
Seat 7: x@v@nt3 (big blind) folded on the Turn
Seat 8: MadDonkin collected ($0.05)
Seat 9: zapper58 folded before Flop (didn't bet)



PokerStars Hand #224713841101:  Hold'em No Limit ($0.01/$0.02 USD) - 2021/03/11 20:22:38 PT [2021/03/11 23:22:38 ET]
Table 'Kleopatra IV' 9-max Seat #6 is the button
Seat 1: JEH1997 ($2.40 in chips) 
Seat 2: scv321123 ($2 in chips) 
Seat 3: Paty Doll726 ($3.41 in chips) 
Seat 4: Dorex2007 ($1.94 in chips) 
Seat 5: stas9038rus ($1.99 in chips) 
Seat 6: KaraFara ($2 in chips) 
Seat 7: x@v@nt3 ($0.71 in chips) 
Seat 8: MadDonkin ($4.84 in chips) 
Seat 9: zapper58 ($0.32 in chips) 
x@v@nt3: posts small blind $0.01
MadDonkin: posts big blind $0.02
*** HOLE CARDS ***
Dealt to Dorex2007 [Qs 2c]
zapper58: raises $0.30 to $0.32 and is all-in
JEH1997: folds 
scv321123: calls $0.32
Paty Doll726: folds 
Dorex2007: folds 
stas9038rus: folds 
KaraFara: folds 
x@v@nt3: calls $0.31
MadDonkin: folds 
*** FLOP *** [Ks Tc Qd]
x@v@nt3: checks 
scv321123: bets $0.95
x@v@nt3: calls $0.39 and is all-in
Uncalled bet ($0.56) returned to scv321123
*** TURN *** [Ks Tc Qd] [4s]
*** RIVER *** [Ks Tc Qd 4s] [8h]
*** SHOW DOWN ***
x@v@nt3: shows [Ah Jd] (a straight, Ten to Ace)
scv321123: shows [Qh Ac] (a pair of Queens)
x@v@nt3 collected $0.75 from side pot
zapper58: shows [Kd Kh] (three of a kind, Kings)
x@v@nt3 collected $0.95 from main pot
scv321123 cashed out the hand for $0.11
zapper58 cashed out the hand for $0.30
*** SUMMARY ***
Total pot $1.76 Main pot $0.95. Side pot $0.75. | Rake $0.06 
Board [Ks Tc Qd 4s 8h]
Seat 1: JEH1997 folded before Flop (didn't bet)
Seat 2: scv321123 showed [Qh Ac] and lost with a pair of Queens (cashed out).
Seat 3: Paty Doll726 folded before Flop (didn't bet)
Seat 4: Dorex2007 folded before Flop (didn't bet)
Seat 5: stas9038rus folded before Flop (didn't bet)
Seat 6: KaraFara (button) folded before Flop (didn't bet)
Seat 7: x@v@nt3 (small blind) showed [Ah Jd] and won ($1.70) with a straight, Ten to Ace
Seat 8: MadDonkin (big blind) folded before Flop
Seat 9: zapper58 showed [Kd Kh] and lost with three of a kind, Kings (cashed out).



PokerStars Hand #224713853891:  Hold'em No Limit ($0.01/$0.02 USD) - 2021/03/11 20:23:30 PT [2021/03/11 23:23:30 ET]
Table 'Kleopatra IV' 9-max Seat #7 is the button
Seat 1: JEH1997 ($2.40 in chips) 
Seat 2: scv321123 ($1.40 in chips) 
Seat 3: Paty Doll726 ($3.41 in chips) 
Seat 4: Dorex2007 ($1.94 in chips) 
Seat 5: stas9038rus ($1.99 in chips) 
Seat 6: KaraFara ($2 in chips) 
Seat 7: x@v@nt3 ($1.70 in chips) 
Seat 8: MadDonkin ($4.82 in chips) 
Seat 9: zapper58 ($0.30 in chips) 
MadDonkin: posts small blind $0.01
zapper58: posts big blind $0.02
*** HOLE CARDS ***
Dealt to Dorex2007 [Kh 5s]
JEH1997: folds 
scv321123: raises $0.04 to $0.06
Paty Doll726: folds 
Dorex2007: folds 
stas9038rus: folds 
KaraFara: folds 
x@v@nt3: folds 
MadDonkin: folds 
zapper58: raises $0.24 to $0.30 and is all-in
scv321123: calls $0.24
MadDonkin leaves the table
*** FLOP *** [2d 7d Ts]
*** TURN *** [2d 7d Ts] [Jh]
*** RIVER *** [2d 7d Ts Jh] [9h]
*** SHOW DOWN ***
zapper58: shows [Ac Jc] (a pair of Jacks)
scv321123: shows [Ad 4d] (high card Ace)
scv321123 cashed out the hand for $0.18
zapper58 cashed out the hand for $0.41
*** SUMMARY ***
Total pot $0.61 | Rake $0.02 
Board [2d 7d Ts Jh 9h]
Seat 1: JEH1997 folded before Flop (didn't bet)
Seat 2: scv321123 showed [Ad 4d] and lost with high card Ace (cashed out).
Seat 3: Paty Doll726 folded before Flop (didn't bet)
Seat 4: Dorex2007 folded before Flop (didn't bet)
Seat 5: stas9038rus folded before Flop (didn't bet)
Seat 6: KaraFara folded before Flop (didn't bet)
Seat 7: x@v@nt3 (button) folded before Flop (didn't bet)
Seat 8: MadDonkin (small blind) folded before Flop
Seat 9: zapper58 (big blind) showed [Ac Jc] and won ($0.59) with a pair of Jacks (pot not awarded as player cashed out)



PokerStars Hand #224713860038:  Hold'em No Limit ($0.01/$0.02 USD) - 2021/03/11 20:23:56 PT [2021/03/11 23:23:56 ET]
Table 'Kleopatra IV' 9-max Seat #9 is the button
Seat 1: JEH1997 ($2.40 in chips) 
Seat 2: scv321123 ($1.28 in chips) 
Seat 3: Paty Doll726 ($3.41 in chips) 
Seat 4: Dorex2007 ($1.94 in chips) 
Seat 5: stas9038rus ($1.99 in chips) 
Seat 6: KaraFara ($2 in chips) 
Seat 7: x@v@nt3 ($1.70 in chips) 
Seat 9: zapper58 ($0.41 in chips) 
JEH1997: posts small blind $0.01
scv321123: posts big blind $0.02
*** HOLE CARDS ***
Dealt to Dorex2007 [9c 6c]
Paty Doll726: folds 
Dorex2007: folds 
stas9038rus: folds 
KaraFara: folds 
x@v@nt3: folds 
zapper58: folds 
JEH1997: raises $0.02 to $0.04
scv321123: raises $0.08 to $0.12
JEH1997: calls $0.08
*** FLOP *** [3c Ah Qs]
JEH1997: checks 
scv321123: bets $0.23
JEH1997: folds 
Uncalled bet ($0.23) returned to scv321123
scv321123 collected $0.23 from pot
scv321123: doesn't show hand 
*** SUMMARY ***
Total pot $0.24 | Rake $0.01 
Board [3c Ah Qs]
Seat 1: JEH1997 (small blind) folded on the Flop
Seat 2: scv321123 (big blind) collected ($0.23)
Seat 3: Paty Doll726 folded before Flop (didn't bet)
Seat 4: Dorex2007 folded before Flop (didn't bet)
Seat 5: stas9038rus folded before Flop (didn't bet)
Seat 6: KaraFara folded before Flop (didn't bet)
Seat 7: x@v@nt3 folded before Flop (didn't bet)
Seat 9: zapper58 (button) folded before Flop (didn't bet)



PokerStars Hand #224713867610:  Hold'em No Limit ($0.01/$0.02 USD) - 2021/03/11 20:24:27 PT [2021/03/11 23:24:27 ET]
Table 'Kleopatra IV' 9-max Seat #1 is the button
Seat 1: JEH1997 ($2.28 in chips) 
Seat 2: scv321123 ($1.39 in chips) 
Seat 3: Paty Doll726 ($3.41 in chips) 
Seat 4: Dorex2007 ($1.94 in chips) 
Seat 5: stas9038rus ($1.99 in chips) 
Seat 6: KaraFara ($2 in chips) 
Seat 7: x@v@nt3 ($1.70 in chips) 
Seat 9: zapper58 ($0.41 in chips) 
scv321123: posts small blind $0.01
Paty Doll726: posts big blind $0.02
*** HOLE CARDS ***
Dealt to Dorex2007 [6c 3h]
Dorex2007: folds 
stas9038rus: folds 
kiling1 joins the table at seat #8 
KaraFara: folds 
x@v@nt3: folds 
zapper58: calls $0.02
JEH1997: raises $0.08 to $0.10
scv321123: raises $1.29 to $1.39 and is all-in
Paty Doll726: folds 
zapper58: folds 
JEH1997: folds 
Uncalled bet ($1.29) returned to scv321123
scv321123 collected $0.24 from pot
scv321123: doesn't show hand 
*** SUMMARY ***
Total pot $0.24 | Rake $0 
Seat 1: JEH1997 (button) folded before Flop
Seat 2: scv321123 (small blind) collected ($0.24)
Seat 3: Paty Doll726 (big blind) folded before Flop
Seat 4: Dorex2007 folded before Flop (didn't bet)
Seat 5: stas9038rus folded before Flop (didn't bet)
Seat 6: KaraFara folded before Flop (didn't bet)
Seat 7: x@v@nt3 folded before Flop (didn't bet)
Seat 9: zapper58 folded before Flop



PokerStars Hand #224713873778:  Hold'em No Limit ($0.01/$0.02 USD) - 2021/03/11 20:24:52 PT [2021/03/11 23:24:52 ET]
Table 'Kleopatra IV' 9-max Seat #2 is the button
Seat 1: JEH1997 ($2.18 in chips) 
Seat 2: scv321123 ($1.53 in chips) 
Seat 3: Paty Doll726 ($3.39 in chips) 
Seat 4: Dorex2007 ($1.94 in chips) 
Seat 5: stas9038rus ($1.99 in chips) 
Seat 6: KaraFara ($2 in chips) 
Seat 7: x@v@nt3 ($1.70 in chips) 
Seat 9: zapper58 ($0.39 in chips) 
Paty Doll726: posts small blind $0.01
Dorex2007: posts big blind $0.02
kiling1: sits out 
*** HOLE CARDS ***
Dealt to Dorex2007 [3d 3s]
stas9038rus: folds 
KaraFara: folds 
x@v@nt3: folds 
zapper58: calls $0.02
JEH1997: raises $0.08 to $0.10
scv321123: folds 
Paty Doll726: folds 
Dorex2007: folds 
zapper58: folds 
Uncalled bet ($0.08) returned to JEH1997
JEH1997 collected $0.07 from pot
JEH1997: doesn't show hand 
*** SUMMARY ***
Total pot $0.07 | Rake $0 
Seat 1: JEH1997 collected ($0.07)
Seat 2: scv321123 (button) folded before Flop (didn't bet)
Seat 3: Paty Doll726 (small blind) folded before Flop
Seat 4: Dorex2007 (big blind) folded before Flop
Seat 5: stas9038rus folded before Flop (didn't bet)
Seat 6: KaraFara folded before Flop (didn't bet)
Seat 7: x@v@nt3 folded before Flop (didn't bet)
Seat 9: zapper58 folded before Flop



PokerStars Hand #224713879731:  Hold'em No Limit ($0.01/$0.02 USD) - 2021/03/11 20:25:17 PT [2021/03/11 23:25:17 ET]
Table 'Kleopatra IV' 9-max Seat #3 is the button
Seat 1: JEH1997 ($2.23 in chips) 
Seat 2: scv321123 ($1.53 in chips) 
Seat 3: Paty Doll726 ($3.38 in chips) 
Seat 4: Dorex2007 ($1.92 in chips) 
Seat 5: stas9038rus ($1.99 in chips) 
Seat 6: KaraFara ($2 in chips) 
Seat 7: x@v@nt3 ($1.70 in chips) 
Seat 9: zapper58 ($0.37 in chips) 
Dorex2007: posts small blind $0.01
stas9038rus: posts big blind $0.02
kiling1: sits out 
*** HOLE CARDS ***
Dealt to Dorex2007 [Kh 7s]
KaraFara: folds 
x@v@nt3: folds 
zapper58: folds 
JEH1997: folds 
scv321123 has timed out
scv321123: folds 
Paty Doll726: folds 
Dorex2007: calls $0.01
stas9038rus: raises $0.04 to $0.06
scv321123 is disconnected 
Dorex2007: folds 
Uncalled bet ($0.04) returned to stas9038rus
stas9038rus collected $0.04 from pot
stas9038rus: doesn't show hand 
*** SUMMARY ***
Total pot $0.04 | Rake $0 
Seat 1: JEH1997 folded before Flop (didn't bet)
Seat 2: scv321123 folded before Flop (didn't bet)
Seat 3: Paty Doll726 (button) folded before Flop (didn't bet)
Seat 4: Dorex2007 (small blind) folded before Flop
Seat 5: stas9038rus (big blind) collected ($0.04)
Seat 6: KaraFara folded before Flop (didn't bet)
Seat 7: x@v@nt3 folded before Flop (didn't bet)
Seat 9: zapper58 folded before Flop (didn't bet)



PokerStars Hand #224713899038:  Hold'em No Limit ($0.01/$0.02 USD) - 2021/03/11 20:25:56 PT [2021/03/11 23:25:56 ET]
Table 'Kleopatra IV' 9-max Seat #4 is the button
Seat 1: JEH1997 ($2.23 in chips) 
Seat 3: Paty Doll726 ($3.38 in chips) 
Seat 4: Dorex2007 ($1.90 in chips) 
Seat 5: stas9038rus ($2.01 in chips) 
Seat 6: KaraFara ($2 in chips) 
Seat 7: x@v@nt3 ($1.70 in chips) 
Seat 9: zapper58 ($0.37 in chips) 
stas9038rus: posts small blind $0.01
KaraFara: posts big blind $0.02
kiling1: sits out 
*** HOLE CARDS ***
Dealt to Dorex2007 [Ah Td]
x@v@nt3: folds 
zapper58: folds 
JEH1997: folds 
Paty Doll726: calls $0.02
Dorex2007: raises $0.08 to $0.10
stas9038rus: folds 
KaraFara: folds 
Paty Doll726: folds 
Uncalled bet ($0.08) returned to Dorex2007
Dorex2007 collected $0.07 from pot
Dorex2007: doesn't show hand 
*** SUMMARY ***
Total pot $0.07 | Rake $0 
Seat 1: JEH1997 folded before Flop (didn't bet)
Seat 3: Paty Doll726 folded before Flop
Seat 4: Dorex2007 (button) collected ($0.07)
Seat 5: stas9038rus (small blind) folded before Flop
Seat 6: KaraFara (big blind) folded before Flop
Seat 7: x@v@nt3 folded before Flop (didn't bet)
Seat 9: zapper58 folded before Flop (didn't bet)



PokerStars Hand #224713904212:  Hold'em No Limit ($0.01/$0.02 USD) - 2021/03/11 20:26:18 PT [2021/03/11 23:26:18 ET]
Table 'Kleopatra IV' 9-max Seat #5 is the button
Seat 1: JEH1997 ($2.23 in chips) 
Seat 3: Paty Doll726 ($3.36 in chips) 
Seat 4: Dorex2007 ($1.95 in chips) 
Seat 5: stas9038rus ($2 in chips) 
Seat 6: KaraFara ($2 in chips) 
Seat 7: x@v@nt3 ($1.70 in chips) 
Seat 9: zapper58 ($0.37 in chips) 
KaraFara: posts small blind $0.01
x@v@nt3: posts big blind $0.02
kiling1: sits out 
*** HOLE CARDS ***
Dealt to Dorex2007 [Js Ks]
zapper58: folds 
JEH1997: folds 
Paty Doll726: calls $0.02
Dorex2007: raises $0.06 to $0.08
stas9038rus: calls $0.08
KaraFara: folds 
kiling1 leaves the table
x@v@nt3: folds 
Paty Doll726: calls $0.06
*** FLOP *** [Jd Kc 3d]
Paty Doll726: checks 
Dorex2007: bets $0.13
stas9038rus: calls $0.13
Paty Doll726: folds 
*** TURN *** [Jd Kc 3d] [5h]
Dorex2007: bets $0.51
stas9038rus: calls $0.51
*** RIVER *** [Jd Kc 3d 5h] [7d]
Dorex2007: bets $1.23 and is all-in
stas9038rus: calls $1.23
*** SHOW DOWN ***
Dorex2007: shows [Js Ks] (two pair, Kings and Jacks)
stas9038rus: shows [Kd Td] (a flush, King high)
stas9038rus collected $3.87 from pot
*** SUMMARY ***
Total pot $4.01 | Rake $0.14 
Board [Jd Kc 3d 5h 7d]
Seat 1: JEH1997 folded before Flop (didn't bet)
Seat 3: Paty Doll726 folded on the Flop
Seat 4: Dorex2007 showed [Js Ks] and lost with two pair, Kings and Jacks
Seat 5: stas9038rus (button) showed [Kd Td] and won ($3.87) with a flush, King high
Seat 6: KaraFara (small blind) folded before Flop
Seat 7: x@v@nt3 (big blind) folded before Flop
Seat 9: zapper58 folded before Flop (didn't bet)



PokerStars Hand #224713923319:  Hold'em No Limit ($0.01/$0.02 USD) - 2021/03/11 20:27:37 PT [2021/03/11 23:27:37 ET]
Table 'Kleopatra IV' 9-max Seat #7 is the button
Seat 1: JEH1997 ($2.23 in chips) 
Seat 3: Paty Doll726 ($3.28 in chips) 
Seat 4: Dorex2007 ($2 in chips) 
Seat 5: stas9038rus ($3.92 in chips) 
Seat 6: KaraFara ($2 in chips) 
Seat 7: x@v@nt3 ($1.72 in chips) 
Seat 9: zapper58 ($0.33 in chips) 
zapper58: posts small blind $0.01
JEH1997: posts big blind $0.02
*** HOLE CARDS ***
Dealt to Dorex2007 [Jc 6h]
Paty Doll726: calls $0.02
Dorex2007: folds 
stas9038rus: folds 
KaraFara: raises $0.02 to $0.04
x@v@nt3: calls $0.04
zapper58: folds 
JEH1997: folds 
Paty Doll726: calls $0.02
*** FLOP *** [4c 5c Ts]
Paty Doll726: checks 
KaraFara: checks 
x@v@nt3: checks 
*** TURN *** [4c 5c Ts] [4s]
Paty Doll726: checks 
KaraFara: checks 
x@v@nt3: checks 
*** RIVER *** [4c 5c Ts 4s] [Kd]
Paty Doll726: checks 
KaraFara: checks 
x@v@nt3: bets $0.06
Paty Doll726: folds 
KaraFara: folds 
Uncalled bet ($0.06) returned to x@v@nt3
x@v@nt3 collected $0.14 from pot
x@v@nt3: doesn't show hand 
*** SUMMARY ***
Total pot $0.15 | Rake $0.01 
Board [4c 5c Ts 4s Kd]
Seat 1: JEH1997 (big blind) folded before Flop
Seat 3: Paty Doll726 folded on the River
Seat 4: Dorex2007 folded before Flop (didn't bet)
Seat 5: stas9038rus folded before Flop (didn't bet)
Seat 6: KaraFara folded on the River
Seat 7: x@v@nt3 (button) collected ($0.14)
Seat 9: zapper58 (small blind) folded before Flop



PokerStars Hand #224713936705:  Hold'em No Limit ($0.01/$0.02 USD) - 2021/03/11 20:28:34 PT [2021/03/11 23:28:34 ET]
Table 'Kleopatra IV' 9-max Seat #9 is the button
Seat 1: JEH1997 ($2.21 in chips) 
Seat 3: Paty Doll726 ($3.24 in chips) 
Seat 4: Dorex2007 ($2 in chips) 
Seat 5: stas9038rus ($3.92 in chips) 
Seat 6: KaraFara ($2 in chips) 
Seat 7: x@v@nt3 ($1.82 in chips) 
Seat 9: zapper58 ($0.32 in chips) 
JEH1997: posts small blind $0.01
Paty Doll726: posts big blind $0.02
*** HOLE CARDS ***
Dealt to Dorex2007 [7d 3d]
carodm123 joins the table at seat #8 
Dorex2007: folds 
stas9038rus: folds 
KaraFara: folds 
x@v@nt3: folds 
zapper58: folds 
JEH1997: folds 
Uncalled bet ($0.01) returned to Paty Doll726
Paty Doll726 collected $0.02 from pot
Paty Doll726: doesn't show hand 
*** SUMMARY ***
Total pot $0.02 | Rake $0 
Seat 1: JEH1997 (small blind) folded before Flop
Seat 3: Paty Doll726 (big blind) collected ($0.02)
Seat 4: Dorex2007 folded before Flop (didn't bet)
Seat 5: stas9038rus folded before Flop (didn't bet)
Seat 6: KaraFara folded before Flop (didn't bet)
Seat 7: x@v@nt3 folded before Flop (didn't bet)
Seat 9: zapper58 (button) folded before Flop (didn't bet)



PokerStars Hand #224713941415:  Hold'em No Limit ($0.01/$0.02 USD) - 2021/03/11 20:28:54 PT [2021/03/11 23:28:54 ET]
Table 'Kleopatra IV' 9-max Seat #1 is the button
Seat 1: JEH1997 ($2.20 in chips) 
Seat 3: Paty Doll726 ($3.25 in chips) 
Seat 4: Dorex2007 ($2 in chips) 
Seat 5: stas9038rus ($3.92 in chips) 
Seat 6: KaraFara ($2 in chips) 
Seat 7: x@v@nt3 ($1.82 in chips) 
Seat 8: carodm123 ($1.60 in chips) 
Seat 9: zapper58 ($0.32 in chips) 
Paty Doll726: posts small blind $0.01
Dorex2007: posts big blind $0.02
carodm123: posts big blind $0.02
*** HOLE CARDS ***
Dealt to Dorex2007 [As 6s]
stas9038rus: folds 
KaraFara: folds 
x@v@nt3: folds 
carodm123: raises $0.04 to $0.06
zapper58: folds 
JEH1997: folds 
Paty Doll726: folds 
Dorex2007: calls $0.04
*** FLOP *** [6d Jc Kc]
Dorex2007: checks 
carodm123: bets $0.06
Dorex2007: folds 
Uncalled bet ($0.06) returned to carodm123
carodm123 collected $0.13 from pot
carodm123: doesn't show hand 
*** SUMMARY ***
Total pot $0.13 | Rake $0 
Board [6d Jc Kc]
Seat 1: JEH1997 (button) folded before Flop (didn't bet)
Seat 3: Paty Doll726 (small blind) folded before Flop
Seat 4: Dorex2007 (big blind) folded on the Flop
Seat 5: stas9038rus folded before Flop (didn't bet)
Seat 6: KaraFara folded before Flop (didn't bet)
Seat 7: x@v@nt3 folded before Flop (didn't bet)
Seat 8: carodm123 collected ($0.13)
Seat 9: zapper58 folded before Flop (didn't bet)



PokerStars Hand #224713951607:  Hold'em No Limit ($0.01/$0.02 USD) - 2021/03/11 20:29:37 PT [2021/03/11 23:29:37 ET]
Table 'Kleopatra IV' 9-max Seat #3 is the button
Seat 1: JEH1997 ($2.20 in chips) 
Seat 3: Paty Doll726 ($3.24 in chips) 
Seat 4: Dorex2007 ($1.94 in chips) 
Seat 5: stas9038rus ($3.92 in chips) 
Seat 6: KaraFara ($2 in chips) 
Seat 7: x@v@nt3 ($1.82 in chips) 
Seat 8: carodm123 ($1.67 in chips) 
Seat 9: zapper58 ($0.32 in chips) 
Dorex2007: posts small blind $0.01
stas9038rus: posts big blind $0.02
*** HOLE CARDS ***
Dealt to Dorex2007 [8d 2h]
KaraFara: raises $0.04 to $0.06
x@v@nt3: calls $0.06
carodm123: calls $0.06
zapper58: folds 
JEH1997: folds 
Paty Doll726: folds 
Dorex2007: folds 
stas9038rus: calls $0.04
*** FLOP *** [Jd Td Js]
stas9038rus: checks 
KaraFara: bets $0.07
x@v@nt3: calls $0.07
carodm123: folds 
stas9038rus: folds 
*** TURN *** [Jd Td Js] [6s]
KaraFara: checks 
x@v@nt3: checks 
*** RIVER *** [Jd Td Js 6s] [9d]
KaraFara: bets $0.11
x@v@nt3: raises $0.11 to $0.22
KaraFara: calls $0.11
*** SHOW DOWN ***
x@v@nt3: shows [Qh Kd] (a straight, Nine to King)
KaraFara: shows [Kc Qc] (a straight, Nine to King)
KaraFara collected $0.40 from pot
x@v@nt3 collected $0.40 from pot
*** SUMMARY ***
Total pot $0.83 | Rake $0.03 
Board [Jd Td Js 6s 9d]
Seat 1: JEH1997 folded before Flop (didn't bet)
Seat 3: Paty Doll726 (button) folded before Flop (didn't bet)
Seat 4: Dorex2007 (small blind) folded before Flop
Seat 5: stas9038rus (big blind) folded on the Flop
Seat 6: KaraFara showed [Kc Qc] and won ($0.40) with a straight, Nine to King
Seat 7: x@v@nt3 showed [Qh Kd] and won ($0.40) with a straight, Nine to King
Seat 8: carodm123 folded on the Flop
Seat 9: zapper58 folded before Flop (didn't bet)



PokerStars Hand #224713965872:  Hold'em No Limit ($0.01/$0.02 USD) - 2021/03/11 20:30:37 PT [2021/03/11 23:30:37 ET]
Table 'Kleopatra IV' 9-max Seat #4 is the button
Seat 1: JEH1997 ($2.20 in chips) 
Seat 3: Paty Doll726 ($3.24 in chips) 
Seat 4: Dorex2007 ($1.93 in chips) 
Seat 5: stas9038rus ($3.86 in chips) 
Seat 6: KaraFara ($2.05 in chips) 
Seat 7: x@v@nt3 ($1.87 in chips) 
Seat 8: carodm123 ($1.61 in chips) 
Seat 9: zapper58 ($0.32 in chips) 
stas9038rus: posts small blind $0.01
KaraFara: posts big blind $0.02
*** HOLE CARDS ***
Dealt to Dorex2007 [7h Jh]
x@v@nt3: calls $0.02
carodm123: raises $0.06 to $0.08
zapper58: folds 
JEH1997: folds 
Paty Doll726: folds 
Dorex2007: folds 
stas9038rus: calls $0.07
KaraFara: calls $0.06
x@v@nt3: calls $0.06
*** FLOP *** [Qh 2s Ad]
stas9038rus: checks 
KaraFara: bets $0.09
x@v@nt3: folds 
carodm123: folds 
stas9038rus: folds 
Uncalled bet ($0.09) returned to KaraFara
KaraFara collected $0.31 from pot
KaraFara: doesn't show hand 
*** SUMMARY ***
Total pot $0.32 | Rake $0.01 
Board [Qh 2s Ad]
Seat 1: JEH1997 folded before Flop (didn't bet)
Seat 3: Paty Doll726 folded before Flop (didn't bet)
Seat 4: Dorex2007 (button) folded before Flop (didn't bet)
Seat 5: stas9038rus (small blind) folded on the Flop
Seat 6: KaraFara (big blind) collected ($0.31)
Seat 7: x@v@nt3 folded on the Flop
Seat 8: carodm123 folded on the Flop
Seat 9: zapper58 folded before Flop (didn't bet)



PokerStars Hand #224713976191:  Hold'em No Limit ($0.01/$0.02 USD) - 2021/03/11 20:31:22 PT [2021/03/11 23:31:22 ET]
Table 'Kleopatra IV' 9-max Seat #5 is the button
Seat 1: JEH1997 ($2.20 in chips) 
Seat 3: Paty Doll726 ($3.24 in chips) 
Seat 4: Dorex2007 ($1.93 in chips) 
Seat 5: stas9038rus ($3.78 in chips) 
Seat 6: KaraFara ($2.28 in chips) 
Seat 7: x@v@nt3 ($1.79 in chips) 
Seat 8: carodm123 ($1.53 in chips) 
Seat 9: zapper58 ($0.32 in chips) 
KaraFara: posts small blind $0.01
x@v@nt3: posts big blind $0.02
*** HOLE CARDS ***
Dealt to Dorex2007 [3s 6d]
carodm123: folds 
zapper58: folds 
JEH1997: folds 
Paty Doll726: calls $0.02
Dorex2007: folds 
stas9038rus: folds 
KaraFara: raises $0.04 to $0.06
x@v@nt3: calls $0.04
Paty Doll726: calls $0.04
*** FLOP *** [Qs 3c 9h]
KaraFara: bets $0.10
x@v@nt3: folds 
Paty Doll726: folds 
Uncalled bet ($0.10) returned to KaraFara
KaraFara collected $0.17 from pot
KaraFara: doesn't show hand 
*** SUMMARY ***
Total pot $0.18 | Rake $0.01 
Board [Qs 3c 9h]
Seat 1: JEH1997 folded before Flop (didn't bet)
Seat 3: Paty Doll726 folded on the Flop
Seat 4: Dorex2007 folded before Flop (didn't bet)
Seat 5: stas9038rus (button) folded before Flop (didn't bet)
Seat 6: KaraFara (small blind) collected ($0.17)
Seat 7: x@v@nt3 (big blind) folded on the Flop
Seat 8: carodm123 folded before Flop (didn't bet)
Seat 9: zapper58 folded before Flop (didn't bet)



PokerStars Hand #224713984414:  Hold'em No Limit ($0.01/$0.02 USD) - 2021/03/11 20:31:57 PT [2021/03/11 23:31:57 ET]
Table 'Kleopatra IV' 9-max Seat #6 is the button
Seat 1: JEH1997 ($2.20 in chips) 
Seat 3: Paty Doll726 ($3.18 in chips) 
Seat 4: Dorex2007 ($1.93 in chips) 
Seat 5: stas9038rus ($3.78 in chips) 
Seat 6: KaraFara ($2.39 in chips) 
Seat 7: x@v@nt3 ($1.73 in chips) 
Seat 8: carodm123 ($1.53 in chips) 
Seat 9: zapper58 ($0.32 in chips) 
x@v@nt3: posts small blind $0.01
carodm123: posts big blind $0.02
*** HOLE CARDS ***
Dealt to Dorex2007 [9s Jd]
zapper58: folds 
JEH1997 has timed out
JEH1997: folds 
Paty Doll726: folds 
Dorex2007: folds 
stas9038rus: folds 
KaraFara: calls $0.02
x@v@nt3: folds 
carodm123: checks 
*** FLOP *** [8c 8s Ad]
carodm123: checks 
KaraFara: checks 
*** TURN *** [8c 8s Ad] [3h]
carodm123: checks 
KaraFara: checks 
*** RIVER *** [8c 8s Ad 3h] [8d]
carodm123: checks 
KaraFara: checks 
*** SHOW DOWN ***
carodm123: shows [9d 4h] (three of a kind, Eights)
KaraFara: shows [Kc Ts] (three of a kind, Eights - Ace+King kicker)
KaraFara collected $0.05 from pot
*** SUMMARY ***
Total pot $0.05 | Rake $0 
Board [8c 8s Ad 3h 8d]
Seat 1: JEH1997 folded before Flop (didn't bet)
Seat 3: Paty Doll726 folded before Flop (didn't bet)
Seat 4: Dorex2007 folded before Flop (didn't bet)
Seat 5: stas9038rus folded before Flop (didn't bet)
Seat 6: KaraFara (button) showed [Kc Ts] and won ($0.05) with three of a kind, Eights
Seat 7: x@v@nt3 (small blind) folded before Flop
Seat 8: carodm123 (big blind) showed [9d 4h] and lost with three of a kind, Eights
Seat 9: zapper58 folded before Flop (didn't bet)



PokerStars Hand #224713993001:  Hold'em No Limit ($0.01/$0.02 USD) - 2021/03/11 20:32:34 PT [2021/03/11 23:32:34 ET]
Table 'Kleopatra IV' 9-max Seat #7 is the button
Seat 1: JEH1997 ($2.20 in chips) 
Seat 3: Paty Doll726 ($3.18 in chips) 
Seat 4: Dorex2007 ($1.93 in chips) 
Seat 5: stas9038rus ($3.78 in chips) 
Seat 6: KaraFara ($2.42 in chips) 
Seat 7: x@v@nt3 ($1.72 in chips) 
Seat 8: carodm123 ($1.51 in chips) 
Seat 9: zapper58 ($0.32 in chips) 
carodm123: posts small blind $0.01
zapper58: posts big blind $0.02
*** HOLE CARDS ***
Dealt to Dorex2007 [7d 5h]
JEH1997: folds 
Paty Doll726: calls $0.02
Dorex2007: folds 
stas9038rus: folds 
KaraFara: raises $0.02 to $0.04
x@v@nt3: calls $0.04
carodm123: calls $0.03
zapper58: calls $0.02
Paty Doll726: calls $0.02
*** FLOP *** [5d 2c Ts]
carodm123: checks 
zapper58: checks 
Paty Doll726: bets $0.10
KaraFara: folds 
x@v@nt3: folds 
carodm123: calls $0.10
zapper58: folds 
*** TURN *** [5d 2c Ts] [Ah]
carodm123: checks 
Paty Doll726: bets $0.12
carodm123: calls $0.12
*** RIVER *** [5d 2c Ts Ah] [Td]
carodm123: checks 
Paty Doll726: checks 
*** SHOW DOWN ***
carodm123: shows [8c Th] (three of a kind, Tens)
Paty Doll726: mucks hand 
carodm123 collected $0.62 from pot
*** SUMMARY ***
Total pot $0.64 | Rake $0.02 
Board [5d 2c Ts Ah Td]
Seat 1: JEH1997 folded before Flop (didn't bet)
Seat 3: Paty Doll726 mucked [Js Jc]
Seat 4: Dorex2007 folded before Flop (didn't bet)
Seat 5: stas9038rus folded before Flop (didn't bet)
Seat 6: KaraFara folded on the Flop
Seat 7: x@v@nt3 (button) folded on the Flop
Seat 8: carodm123 (small blind) showed [8c Th] and won ($0.62) with three of a kind, Tens
Seat 9: zapper58 (big blind) folded on the Flop



PokerStars Hand #224714008744:  Hold'em No Limit ($0.01/$0.02 USD) - 2021/03/11 20:33:43 PT [2021/03/11 23:33:43 ET]
Table 'Kleopatra IV' 9-max Seat #8 is the button
Seat 1: JEH1997 ($2.20 in chips) 
Seat 3: Paty Doll726 ($2.92 in chips) 
Seat 4: Dorex2007 ($1.93 in chips) 
Seat 5: stas9038rus ($3.78 in chips) 
Seat 6: KaraFara ($2.38 in chips) 
Seat 7: x@v@nt3 ($1.68 in chips) 
Seat 8: carodm123 ($1.87 in chips) 
Seat 9: zapper58 ($0.28 in chips) 
zapper58: posts small blind $0.01
JEH1997: posts big blind $0.02
*** HOLE CARDS ***
Dealt to Dorex2007 [Ad 2c]
Paty Doll726: folds 
Dorex2007: folds 
stas9038rus: raises $0.04 to $0.06
KaraFara: folds 
x@v@nt3: folds 
carodm123: calls $0.06
zapper58: folds 
JEH1997: folds 
*** FLOP *** [Jd Kd 9d]
stas9038rus: bets $0.07
carodm123: folds 
Uncalled bet ($0.07) returned to stas9038rus
stas9038rus collected $0.14 from pot
stas9038rus: doesn't show hand 
*** SUMMARY ***
Total pot $0.15 | Rake $0.01 
Board [Jd Kd 9d]
Seat 1: JEH1997 (big blind) folded before Flop
Seat 3: Paty Doll726 folded before Flop (didn't bet)
Seat 4: Dorex2007 folded before Flop (didn't bet)
Seat 5: stas9038rus collected ($0.14)
Seat 6: KaraFara folded before Flop (didn't bet)
Seat 7: x@v@nt3 folded before Flop (didn't bet)
Seat 8: carodm123 (button) folded on the Flop
Seat 9: zapper58 (small blind) folded before Flop



PokerStars Hand #224714015611:  Hold'em No Limit ($0.01/$0.02 USD) - 2021/03/11 20:34:12 PT [2021/03/11 23:34:12 ET]
Table 'Kleopatra IV' 9-max Seat #9 is the button
Seat 1: JEH1997 ($2.18 in chips) 
Seat 3: Paty Doll726 ($2.92 in chips) 
Seat 4: Dorex2007 ($1.93 in chips) 
Seat 5: stas9038rus ($3.86 in chips) 
Seat 6: KaraFara ($2.38 in chips) 
Seat 7: x@v@nt3 ($1.68 in chips) 
Seat 8: carodm123 ($1.81 in chips) 
Seat 9: zapper58 ($0.27 in chips) 
JEH1997: posts small blind $0.01
Paty Doll726: posts big blind $0.02
*** HOLE CARDS ***
Dealt to Dorex2007 [Th Qc]
Dorex2007: folds 
stas9038rus: folds 
KaraFara: folds 
x@v@nt3: folds 
carodm123: calls $0.02
zapper58: folds 
JEH1997: calls $0.01
Paty Doll726: checks 
*** FLOP *** [6s Kc 9d]
JEH1997: checks 
Paty Doll726: checks 
carodm123: checks 
*** TURN *** [6s Kc 9d] [9s]
JEH1997: checks 
Paty Doll726: checks 
carodm123: checks 
*** RIVER *** [6s Kc 9d 9s] [Ah]
JEH1997: bets $0.18
Paty Doll726: folds 
carodm123: calls $0.18
*** SHOW DOWN ***
JEH1997: shows [Kd 9h] (a full house, Nines full of Kings)
carodm123: mucks hand 
JEH1997 collected $0.41 from pot
*** SUMMARY ***
Total pot $0.42 | Rake $0.01 
Board [6s Kc 9d 9s Ah]
Seat 1: JEH1997 (small blind) showed [Kd 9h] and won ($0.41) with a full house, Nines full of Kings
Seat 3: Paty Doll726 (big blind) folded on the River
Seat 4: Dorex2007 folded before Flop (didn't bet)
Seat 5: stas9038rus folded before Flop (didn't bet)
Seat 6: KaraFara folded before Flop (didn't bet)
Seat 7: x@v@nt3 folded before Flop (didn't bet)
Seat 8: carodm123 mucked [5c Ac]
Seat 9: zapper58 (button) folded before Flop (didn't bet)



PokerStars Hand #224714031046:  Hold'em No Limit ($0.01/$0.02 USD) - 2021/03/11 20:35:00 PT [2021/03/11 23:35:00 ET]
Table 'Kleopatra IV' 9-max Seat #1 is the button
Seat 1: JEH1997 ($2.39 in chips) 
Seat 3: Paty Doll726 ($2.90 in chips) 
Seat 4: Dorex2007 ($1.93 in chips) 
Seat 5: stas9038rus ($3.86 in chips) 
Seat 6: KaraFara ($2.38 in chips) 
Seat 7: x@v@nt3 ($1.68 in chips) 
Seat 8: carodm123 ($1.61 in chips) 
Seat 9: zapper58 ($0.27 in chips) 
Paty Doll726: posts small blind $0.01
Dorex2007: posts big blind $0.02
*** HOLE CARDS ***
Dealt to Dorex2007 [Qs 7c]
stas9038rus: folds 
KaraFara: raises $0.02 to $0.04
x@v@nt3: folds 
carodm123: calls $0.04
zapper58: calls $0.04
JEH1997: folds 
Paty Doll726: folds 
Dorex2007: folds 
*** FLOP *** [Jc 2c Ks]
KaraFara: checks 
carodm123: checks 
zapper58: bets $0.23 and is all-in
KaraFara: folds 
carodm123: calls $0.23
*** TURN *** [Jc 2c Ks] [4d]
*** RIVER *** [Jc 2c Ks 4d] [2s]
*** SHOW DOWN ***
carodm123: shows [Qh Td] (a pair of Deuces)
zapper58: shows [Js Kd] (two pair, Kings and Jacks)
carodm123 cashed out the hand for $0.18
zapper58 cashed out the hand for $0.41
*** SUMMARY ***
Total pot $0.61 | Rake $0.02 
Board [Jc 2c Ks 4d 2s]
Seat 1: JEH1997 (button) folded before Flop (didn't bet)
Seat 3: Paty Doll726 (small blind) folded before Flop
Seat 4: Dorex2007 (big blind) folded before Flop
Seat 5: stas9038rus folded before Flop (didn't bet)
Seat 6: KaraFara folded on the Flop
Seat 7: x@v@nt3 folded before Flop (didn't bet)
Seat 8: carodm123 showed [Qh Td] and lost with a pair of Deuces (cashed out).
Seat 9: zapper58 showed [Js Kd] and won ($0.59) with two pair, Kings and Jacks (pot not awarded as player cashed out)



PokerStars Hand #224714043314:  Hold'em No Limit ($0.01/$0.02 USD) - 2021/03/11 20:35:54 PT [2021/03/11 23:35:54 ET]
Table 'Kleopatra IV' 9-max Seat #3 is the button
Seat 1: JEH1997 ($2.39 in chips) 
Seat 3: Paty Doll726 ($2.89 in chips) 
Seat 4: Dorex2007 ($1.91 in chips) 
Seat 5: stas9038rus ($3.86 in chips) 
Seat 6: KaraFara ($2.34 in chips) 
Seat 7: x@v@nt3 ($1.68 in chips) 
Seat 8: carodm123 ($1.52 in chips) 
Seat 9: zapper58 ($0.41 in chips) 
scv321123 leaves the table
Dorex2007: posts small blind $0.01
stas9038rus: posts big blind $0.02
*** HOLE CARDS ***
Dealt to Dorex2007 [Qs Ad]
KaraFara: folds 
x@v@nt3: folds 
carodm123: calls $0.02
zapper58: folds 
JEH1997: folds 
Paty Doll726: folds 
Dorex2007: raises $0.04 to $0.06
stas9038rus: folds 
carodm123: calls $0.04
*** FLOP *** [3h Th 6h]
Dorex2007: checks 
carodm123: checks 
*** TURN *** [3h Th 6h] [3d]
Dorex2007: checks 
carodm123: checks 
*** RIVER *** [3h Th 6h 3d] [2h]
Dorex2007: bets $0.14
mikekekwek joins the table at seat #2 
carodm123: raises $0.18 to $0.32
Dorex2007: folds 
Uncalled bet ($0.18) returned to carodm123
carodm123 collected $0.41 from pot
carodm123: doesn't show hand 
*** SUMMARY ***
Total pot $0.42 | Rake $0.01 
Board [3h Th 6h 3d 2h]
Seat 1: JEH1997 folded before Flop (didn't bet)
Seat 3: Paty Doll726 (button) folded before Flop (didn't bet)
Seat 4: Dorex2007 (small blind) folded on the River
Seat 5: stas9038rus (big blind) folded before Flop
Seat 6: KaraFara folded before Flop (didn't bet)
Seat 7: x@v@nt3 folded before Flop (didn't bet)
Seat 8: carodm123 collected ($0.41)
Seat 9: zapper58 folded before Flop (didn't bet)



PokerStars Hand #224714056894:  Hold'em No Limit ($0.01/$0.02 USD) - 2021/03/11 20:36:53 PT [2021/03/11 23:36:53 ET]
Table 'Kleopatra IV' 9-max Seat #4 is the button
Seat 1: JEH1997 ($2.39 in chips) 
Seat 2: mikekekwek ($1 in chips) 
Seat 3: Paty Doll726 ($2.89 in chips) 
Seat 4: Dorex2007 ($1.71 in chips) 
Seat 5: stas9038rus ($3.84 in chips) 
Seat 6: KaraFara ($2.34 in chips) 
Seat 7: x@v@nt3 ($1.68 in chips) 
Seat 8: carodm123 ($1.73 in chips) 
Seat 9: zapper58 ($0.41 in chips) 
stas9038rus: posts small blind $0.01
KaraFara: posts big blind $0.02
mikekekwek: posts big blind $0.02
*** HOLE CARDS ***
Dealt to Dorex2007 [Qd 7c]
x@v@nt3: folds 
carodm123: folds 
zapper58: calls $0.02
x@v@nt3 leaves the table
JEH1997: folds 
mikekekwek: checks 
Paty Doll726: calls $0.02
Dorex2007: folds 
stas9038rus: calls $0.01
KaraFara: raises $0.02 to $0.04
zapper58: calls $0.02
mikekekwek: calls $0.02
Paty Doll726: calls $0.02
stas9038rus: calls $0.02
*** FLOP *** [6h 2h 7d]
stas9038rus: checks 
KaraFara: checks 
zapper58: checks 
mikekekwek: checks 
Paty Doll726: checks 
*** TURN *** [6h 2h 7d] [5h]
stas9038rus: checks 
ioaann67 joins the table at seat #7 
KaraFara: checks 
zapper58: checks 
mikekekwek: checks 
Paty Doll726: checks 
*** RIVER *** [6h 2h 7d 5h] [Ah]
stas9038rus: checks 
KaraFara: checks 
zapper58: checks 
mikekekwek: checks 
Paty Doll726: checks 
*** SHOW DOWN ***
stas9038rus: shows [Kd Td] (high card Ace)
KaraFara: mucks hand 
zapper58: shows [Ad Ts] (a pair of Aces)
mikekekwek: shows [9d 3h] (a flush, Ace high)
Paty Doll726: mucks hand 
mikekekwek collected $0.19 from pot
*** SUMMARY ***
Total pot $0.20 | Rake $0.01 
Board [6h 2h 7d 5h Ah]
Seat 1: JEH1997 folded before Flop (didn't bet)
Seat 2: mikekekwek showed [9d 3h] and won ($0.19) with a flush, Ace high
Seat 3: Paty Doll726 mucked [Ac 4s]
Seat 4: Dorex2007 (button) folded before Flop (didn't bet)
Seat 5: stas9038rus (small blind) showed [Kd Td] and lost with high card Ace
Seat 6: KaraFara (big blind) mucked [Tc 9c]
Seat 7: x@v@nt3 folded before Flop (didn't bet)
Seat 8: carodm123 folded before Flop (didn't bet)
Seat 9: zapper58 showed [Ad Ts] and lost with a pair of Aces



PokerStars Hand #224714072214:  Hold'em No Limit ($0.01/$0.02 USD) - 2021/03/11 20:38:00 PT [2021/03/11 23:38:00 ET]
Table 'Kleopatra IV' 9-max Seat #5 is the button
Seat 1: JEH1997 ($2.39 in chips) 
Seat 2: mikekekwek ($1.15 in chips) 
Seat 3: Paty Doll726 ($2.85 in chips) 
Seat 4: Dorex2007 ($1.71 in chips) 
Seat 5: stas9038rus ($3.80 in chips) 
Seat 6: KaraFara ($2.30 in chips) 
Seat 7: ioaann67 ($1.21 in chips) 
Seat 8: carodm123 ($1.73 in chips) 
Seat 9: zapper58 ($0.37 in chips) 
KaraFara: posts small blind $0.01
ioaann67: posts big blind $0.02
*** HOLE CARDS ***
Dealt to Dorex2007 [Kd 9d]
carodm123: folds 
zapper58: folds 
JEH1997: folds 
mikekekwek: calls $0.02
Paty Doll726: calls $0.02
Dorex2007: calls $0.02
stas9038rus: folds 
KaraFara: folds 
ioaann67: checks 
*** FLOP *** [Jc Th 9s]
ioaann67: checks 
mikekekwek: checks 
Paty Doll726: bets $0.05
Dorex2007: calls $0.05
ioaann67: calls $0.05
mikekekwek: folds 
*** TURN *** [Jc Th 9s] [4c]
ioaann67: checks 
Paty Doll726: bets $0.23
Dorex2007: folds 
ioaann67: calls $0.23
*** RIVER *** [Jc Th 9s 4c] [Qc]
ioaann67: checks 
Paty Doll726: checks 
*** SHOW DOWN ***
ioaann67: shows [Qs As] (a pair of Queens)
Paty Doll726: shows [8h Qh] (a straight, Eight to Queen)
Paty Doll726 collected $0.68 from pot
*** SUMMARY ***
Total pot $0.70 | Rake $0.02 
Board [Jc Th 9s 4c Qc]
Seat 1: JEH1997 folded before Flop (didn't bet)
Seat 2: mikekekwek folded on the Flop
Seat 3: Paty Doll726 showed [8h Qh] and won ($0.68) with a straight, Eight to Queen
Seat 4: Dorex2007 folded on the Turn
Seat 5: stas9038rus (button) folded before Flop (didn't bet)
Seat 6: KaraFara (small blind) folded before Flop
Seat 7: ioaann67 (big blind) showed [Qs As] and lost with a pair of Queens
Seat 8: carodm123 folded before Flop (didn't bet)
Seat 9: zapper58 folded before Flop (didn't bet)



PokerStars Hand #224714084285:  Hold'em No Limit ($0.01/$0.02 USD) - 2021/03/11 20:38:53 PT [2021/03/11 23:38:53 ET]
Table 'Kleopatra IV' 9-max Seat #6 is the button
Seat 1: JEH1997 ($2.39 in chips) 
Seat 2: mikekekwek ($1.13 in chips) 
Seat 3: Paty Doll726 ($3.23 in chips) 
Seat 4: Dorex2007 ($2 in chips) 
Seat 5: stas9038rus ($3.80 in chips) 
Seat 6: KaraFara ($2.29 in chips) 
Seat 7: ioaann67 ($0.91 in chips) 
Seat 8: carodm123 ($1.73 in chips) 
Seat 9: zapper58 ($0.37 in chips) 
ioaann67: posts small blind $0.01
carodm123: posts big blind $0.02
*** HOLE CARDS ***
Dealt to Dorex2007 [Jd Jc]
zapper58: folds 
JEH1997: raises $0.02 to $0.04
mikekekwek: calls $0.04
Paty Doll726: calls $0.04
Dorex2007: raises $0.02 to $0.06
stas9038rus: calls $0.06
KaraFara: folds 
ioaann67: calls $0.05
carodm123: folds 
JEH1997: raises $0.44 to $0.50
mikekekwek: folds 
Paty Doll726: folds 
Dorex2007: calls $0.44
stas9038rus: folds 
ioaann67: folds 
*** FLOP *** [5c 2c Ac]
JEH1997: checks 
Dorex2007: bets $1.50 and is all-in
JEH1997: calls $1.50
*** TURN *** [5c 2c Ac] [2h]
*** RIVER *** [5c 2c Ac 2h] [3h]
*** SHOW DOWN ***
JEH1997: shows [Kc Ah] (two pair, Aces and Deuces)
Dorex2007: shows [Jd Jc] (two pair, Jacks and Deuces)
JEH1997 collected $4.07 from pot
*** SUMMARY ***
Total pot $4.22 | Rake $0.15 
Board [5c 2c Ac 2h 3h]
Seat 1: JEH1997 showed [Kc Ah] and won ($4.07) with two pair, Aces and Deuces
Seat 2: mikekekwek folded before Flop
Seat 3: Paty Doll726 folded before Flop
Seat 4: Dorex2007 showed [Jd Jc] and lost with two pair, Jacks and Deuces
Seat 5: stas9038rus folded before Flop
Seat 6: KaraFara (button) folded before Flop (didn't bet)
Seat 7: ioaann67 (small blind) folded before Flop
Seat 8: carodm123 (big blind) folded before Flop
Seat 9: zapper58 folded before Flop (didn't bet)



PokerStars Hand #224714123068:  Hold'em No Limit ($0.01/$0.02 USD) - 2021/03/11 20:41:45 PT [2021/03/11 23:41:45 ET]
Table 'Kleopatra IV' 9-max Seat #8 is the button
Seat 1: JEH1997 ($4.46 in chips) 
Seat 2: mikekekwek ($1.07 in chips) 
Seat 3: Paty Doll726 ($3.61 in chips) 
Seat 4: Dorex2007 ($2 in chips) 
Seat 5: stas9038rus ($3.74 in chips) 
Seat 6: KaraFara ($2.29 in chips) 
Seat 7: ioaann67 ($0.83 in chips) 
Seat 8: carodm123 ($1.32 in chips) 
Seat 9: zapper58 ($0.35 in chips) 
zapper58: posts small blind $0.01
JEH1997: posts big blind $0.02
*** HOLE CARDS ***
Dealt to Dorex2007 [2h Tc]
mikekekwek: folds 
Paty Doll726: folds 
Dorex2007: folds 
stas9038rus: folds 
KaraFara: folds 
ioaann67: folds 
mikekekwek leaves the table
carodm123: raises $0.04 to $0.06
zapper58: raises $0.29 to $0.35 and is all-in
JEH1997: calls $0.33
carodm123: folds 
*** FLOP *** [6h Kd Jh]
*** TURN *** [6h Kd Jh] [Js]
Vatter Fil joins the table at seat #2 
*** RIVER *** [6h Kd Jh Js] [5c]
*** SHOW DOWN ***
zapper58: shows [Qc Qs] (two pair, Queens and Jacks)
JEH1997: shows [Ad Td] (a pair of Jacks)
zapper58 cashed out the hand for $0.50
*** SUMMARY ***
Total pot $0.76 | Rake $0.03 
Board [6h Kd Jh Js 5c]
Seat 1: JEH1997 (big blind) showed [Ad Td] and lost with a pair of Jacks
Seat 2: mikekekwek folded before Flop (didn't bet)
Seat 3: Paty Doll726 folded before Flop (didn't bet)
Seat 4: Dorex2007 folded before Flop (didn't bet)
Seat 5: stas9038rus folded before Flop (didn't bet)
Seat 6: KaraFara folded before Flop (didn't bet)
Seat 7: ioaann67 folded before Flop (didn't bet)
Seat 8: carodm123 (button) folded before Flop
Seat 9: zapper58 (small blind) showed [Qc Qs] and won ($0.73) with two pair, Queens and Jacks (pot not awarded as player cashed out)



PokerStars Hand #224714136529:  Hold'em No Limit ($0.01/$0.02 USD) - 2021/03/11 20:42:44 PT [2021/03/11 23:42:44 ET]
Table 'Kleopatra IV' 9-max Seat #9 is the button
Seat 1: JEH1997 ($4.11 in chips) 
Seat 2: Vatter Fil ($0.80 in chips) 
Seat 3: Paty Doll726 ($3.61 in chips) 
Seat 4: Dorex2007 ($2 in chips) 
Seat 5: stas9038rus ($3.74 in chips) 
Seat 6: KaraFara ($2.29 in chips) 
Seat 7: ioaann67 ($0.83 in chips) 
Seat 8: carodm123 ($1.26 in chips) 
Seat 9: zapper58 ($0.50 in chips) 
JEH1997: posts small blind $0.01
Vatter Fil: posts big blind $0.02
*** HOLE CARDS ***
Dealt to Dorex2007 [2d 5s]
Paty Doll726: folds 
Dorex2007: folds 
stas9038rus: raises $0.04 to $0.06
KaraFara: folds 
ioaann67: calls $0.06
carodm123: folds 
zapper58: folds 
JEH1997: calls $0.05
Vatter Fil: calls $0.04
*** FLOP *** [4h 8h Kd]
JEH1997: bets $0.17
Vatter Fil: calls $0.17
stas9038rus: folds 
ioaann67: folds 
*** TURN *** [4h 8h Kd] [6s]
JEH1997: checks 
Vatter Fil: bets $0.28
JEH1997: raises $3.60 to $3.88 and is all-in
Vatter Fil: calls $0.29 and is all-in
Uncalled bet ($3.31) returned to JEH1997
*** RIVER *** [4h 8h Kd 6s] [4d]
*** SHOW DOWN ***
JEH1997: shows [Kh Qc] (two pair, Kings and Fours)
Vatter Fil: shows [Kc 6d] (two pair, Kings and Sixes)
Vatter Fil collected $1.66 from pot
*** SUMMARY ***
Total pot $1.72 | Rake $0.06 
Board [4h 8h Kd 6s 4d]
Seat 1: JEH1997 (small blind) showed [Kh Qc] and lost with two pair, Kings and Fours
Seat 2: Vatter Fil (big blind) showed [Kc 6d] and won ($1.66) with two pair, Kings and Sixes
Seat 3: Paty Doll726 folded before Flop (didn't bet)
Seat 4: Dorex2007 folded before Flop (didn't bet)
Seat 5: stas9038rus folded on the Flop
Seat 6: KaraFara folded before Flop (didn't bet)
Seat 7: ioaann67 folded on the Flop
Seat 8: carodm123 folded before Flop (didn't bet)
Seat 9: zapper58 (button) folded before Flop (didn't bet)



PokerStars Hand #224714161665:  Hold'em No Limit ($0.01/$0.02 USD) - 2021/03/11 20:44:36 PT [2021/03/11 23:44:36 ET]
Table 'Kleopatra IV' 9-max Seat #1 is the button
Seat 1: JEH1997 ($3.31 in chips) 
Seat 2: Vatter Fil ($1.66 in chips) 
Seat 3: Paty Doll726 ($3.61 in chips) 
Seat 4: Dorex2007 ($2 in chips) 
Seat 5: stas9038rus ($3.68 in chips) 
Seat 6: KaraFara ($2.29 in chips) 
Seat 7: ioaann67 ($0.77 in chips) 
Seat 8: carodm123 ($1.26 in chips) 
Seat 9: zapper58 ($0.50 in chips) 
Vatter Fil: posts small blind $0.01
Paty Doll726: posts big blind $0.02
*** HOLE CARDS ***
Dealt to Dorex2007 [6s Kh]
Dorex2007: folds 
stas9038rus: folds 
KaraFara: folds 
ioaann67: calls $0.02
carodm123: folds 
zapper58: calls $0.02
JEH1997: folds 
Vatter Fil: raises $1.64 to $1.66 and is all-in
Paty Doll726: folds 
ioaann67: folds 
zapper58: folds 
Uncalled bet ($1.64) returned to Vatter Fil
Vatter Fil collected $0.08 from pot
Vatter Fil: doesn't show hand 
*** SUMMARY ***
Total pot $0.08 | Rake $0 
Seat 1: JEH1997 (button) folded before Flop (didn't bet)
Seat 2: Vatter Fil (small blind) collected ($0.08)
Seat 3: Paty Doll726 (big blind) folded before Flop
Seat 4: Dorex2007 folded before Flop (didn't bet)
Seat 5: stas9038rus folded before Flop (didn't bet)
Seat 6: KaraFara folded before Flop (didn't bet)
Seat 7: ioaann67 folded before Flop
Seat 8: carodm123 folded before Flop (didn't bet)
Seat 9: zapper58 folded before Flop



PokerStars Hand #224714168067:  Hold'em No Limit ($0.01/$0.02 USD) - 2021/03/11 20:45:04 PT [2021/03/11 23:45:04 ET]
Table 'Kleopatra IV' 9-max Seat #2 is the button
Seat 1: JEH1997 ($3.31 in chips) 
Seat 2: Vatter Fil ($1.72 in chips) 
Seat 3: Paty Doll726 ($3.59 in chips) 
Seat 4: Dorex2007 ($2 in chips) 
Seat 5: stas9038rus ($3.68 in chips) 
Seat 6: KaraFara ($2.29 in chips) 
Seat 7: ioaann67 ($0.75 in chips) 
Seat 8: carodm123 ($1.26 in chips) 
Seat 9: zapper58 ($0.48 in chips) 
Paty Doll726: posts small blind $0.01
Dorex2007: posts big blind $0.02
*** HOLE CARDS ***
Dealt to Dorex2007 [5h Ac]
stas9038rus: folds 
KaraFara: folds 
ioaann67: calls $0.02
carodm123: folds 
zapper58: raises $0.46 to $0.48 and is all-in
JEH1997: folds 
Vatter Fil: folds 
Paty Doll726: folds 
Dorex2007: folds 
ioaann67: folds 
Uncalled bet ($0.46) returned to zapper58
zapper58 collected $0.07 from pot
zapper58: doesn't show hand 
*** SUMMARY ***
Total pot $0.07 | Rake $0 
Seat 1: JEH1997 folded before Flop (didn't bet)
Seat 2: Vatter Fil (button) folded before Flop (didn't bet)
Seat 3: Paty Doll726 (small blind) folded before Flop
Seat 4: Dorex2007 (big blind) folded before Flop
Seat 5: stas9038rus folded before Flop (didn't bet)
Seat 6: KaraFara folded before Flop (didn't bet)
Seat 7: ioaann67 folded before Flop
Seat 8: carodm123 folded before Flop (didn't bet)
Seat 9: zapper58 collected ($0.07)



PokerStars Hand #224714173477:  Hold'em No Limit ($0.01/$0.02 USD) - 2021/03/11 20:45:28 PT [2021/03/11 23:45:28 ET]
Table 'Kleopatra IV' 9-max Seat #3 is the button
Seat 1: JEH1997 ($3.31 in chips) 
Seat 2: Vatter Fil ($1.72 in chips) 
Seat 3: Paty Doll726 ($3.58 in chips) 
Seat 4: Dorex2007 ($1.98 in chips) 
Seat 5: stas9038rus ($3.68 in chips) 
Seat 6: KaraFara ($2.29 in chips) 
Seat 7: ioaann67 ($0.73 in chips) 
Seat 8: carodm123 ($1.26 in chips) 
Seat 9: zapper58 ($0.53 in chips) 
Dorex2007: posts small blind $0.01
stas9038rus: posts big blind $0.02
*** HOLE CARDS ***
Dealt to Dorex2007 [9d 6c]
KaraFara: folds 
ioaann67: folds 
carodm123: calls $0.02
zapper58: folds 
JEH1997: raises $0.06 to $0.08
Vatter Fil: folds 
Paty Doll726: folds 
Dorex2007: folds 
stas9038rus: folds 
carodm123: calls $0.06
*** FLOP *** [3d 4c Th]
carodm123: checks 
JEH1997: checks 
*** TURN *** [3d 4c Th] [Kh]
carodm123: checks 
JEH1997: checks 
*** RIVER *** [3d 4c Th Kh] [Ts]
carodm123: checks 
JEH1997: checks 
*** SHOW DOWN ***
carodm123: shows [7c Qc] (a pair of Tens)
JEH1997: shows [As 8s] (a pair of Tens - Ace kicker)
JEH1997 collected $0.18 from pot
*** SUMMARY ***
Total pot $0.19 | Rake $0.01 
Board [3d 4c Th Kh Ts]
Seat 1: JEH1997 showed [As 8s] and won ($0.18) with a pair of Tens
Seat 2: Vatter Fil folded before Flop (didn't bet)
Seat 3: Paty Doll726 (button) folded before Flop (didn't bet)
Seat 4: Dorex2007 (small blind) folded before Flop
Seat 5: stas9038rus (big blind) folded before Flop
Seat 6: KaraFara folded before Flop (didn't bet)
Seat 7: ioaann67 folded before Flop (didn't bet)
Seat 8: carodm123 showed [7c Qc] and lost with a pair of Tens
Seat 9: zapper58 folded before Flop (didn't bet)



PokerStars Hand #224714185104:  Hold'em No Limit ($0.01/$0.02 USD) - 2021/03/11 20:46:21 PT [2021/03/11 23:46:21 ET]
Table 'Kleopatra IV' 9-max Seat #4 is the button
Seat 1: JEH1997 ($3.41 in chips) 
Seat 2: Vatter Fil ($1.72 in chips) 
Seat 3: Paty Doll726 ($3.58 in chips) 
Seat 4: Dorex2007 ($1.97 in chips) 
Seat 5: stas9038rus ($3.66 in chips) 
Seat 6: KaraFara ($2.29 in chips) 
Seat 7: ioaann67 ($0.73 in chips) 
Seat 8: carodm123 ($1.18 in chips) 
Seat 9: zapper58 ($0.53 in chips) 
stas9038rus: posts small blind $0.01
KaraFara: posts big blind $0.02
*** HOLE CARDS ***
Dealt to Dorex2007 [8h 9s]
ioaann67: calls $0.02
carodm123: folds 
zapper58: calls $0.02
JEH1997: folds 
Vatter Fil: calls $0.02
Paty Doll726: calls $0.02
Dorex2007: calls $0.02
stas9038rus: calls $0.01
KaraFara: checks 
*** FLOP *** [4d 3d 5h]
stas9038rus: checks 
KaraFara: checks 
ioaann67: checks 
zapper58: checks 
Vatter Fil: checks 
Paty Doll726: checks 
Dorex2007: checks 
*** TURN *** [4d 3d 5h] [6d]
stas9038rus: checks 
KaraFara: checks 
ioaann67: checks 
zapper58: checks 
Vatter Fil: checks 
Paty Doll726: checks 
Dorex2007: checks 
*** RIVER *** [4d 3d 5h 6d] [Ks]
stas9038rus: checks 
KaraFara: checks 
ioaann67: checks 
zapper58: checks 
Vatter Fil: checks 
Paty Doll726: checks 
Dorex2007: checks 
*** SHOW DOWN ***
stas9038rus: shows [Qd Jc] (high card King)
KaraFara: shows [3s Ah] (a pair of Threes)
ioaann67: shows [7s 6c] (a straight, Three to Seven)
zapper58: mucks hand 
Vatter Fil: mucks hand 
Paty Doll726: mucks hand 
Dorex2007: mucks hand 
ioaann67 collected $0.14 from pot
*** SUMMARY ***
Total pot $0.14 | Rake $0 
Board [4d 3d 5h 6d Ks]
Seat 1: JEH1997 folded before Flop (didn't bet)
Seat 2: Vatter Fil mucked [Jd Qh]
Seat 3: Paty Doll726 mucked [4c Qc]
Seat 4: Dorex2007 (button) mucked [8h 9s]
Seat 5: stas9038rus (small blind) showed [Qd Jc] and lost with high card King
Seat 6: KaraFara (big blind) showed [3s Ah] and lost with a pair of Threes
Seat 7: ioaann67 showed [7s 6c] and won ($0.14) with a straight, Three to Seven
Seat 8: carodm123 folded before Flop (didn't bet)
Seat 9: zapper58 mucked [Td Qs]



PokerStars Hand #224714210573:  Hold'em No Limit ($0.01/$0.02 USD) - 2021/03/11 20:48:02 PT [2021/03/11 23:48:02 ET]
Table 'Kleopatra IV' 9-max Seat #5 is the button
Seat 1: JEH1997 ($3.41 in chips) 
Seat 2: Vatter Fil ($1.70 in chips) 
Seat 3: Paty Doll726 ($3.56 in chips) 
Seat 4: Dorex2007 ($1.95 in chips) 
Seat 5: stas9038rus ($3.64 in chips) 
Seat 6: KaraFara ($2.27 in chips) 
Seat 8: carodm123 ($1.18 in chips) 
Seat 9: zapper58 ($0.51 in chips) 
KaraFara: posts small blind $0.01
ioaann67 has timed out
ioaann67: is sitting out 
carodm123: posts big blind $0.02
*** HOLE CARDS ***
Dealt to Dorex2007 [7d 9h]
zapper58: calls $0.02
ioaann67 is disconnected 
JEH1997: folds 
Vatter Fil: folds 
Paty Doll726: calls $0.02
Dorex2007: folds 
stas9038rus: folds 
KaraFara: folds 
carodm123: raises $0.06 to $0.08
zapper58: folds 
Paty Doll726: calls $0.06
*** FLOP *** [8c 5c Qs]
carodm123: bets $0.10
Paty Doll726: calls $0.10
*** TURN *** [8c 5c Qs] [5d]
carodm123: bets $0.28
Paty Doll726: folds 
Uncalled bet ($0.28) returned to carodm123
carodm123 collected $0.38 from pot
carodm123: doesn't show hand 
*** SUMMARY ***
Total pot $0.39 | Rake $0.01 
Board [8c 5c Qs 5d]
Seat 1: JEH1997 folded before Flop (didn't bet)
Seat 2: Vatter Fil folded before Flop (didn't bet)
Seat 3: Paty Doll726 folded on the Turn
Seat 4: Dorex2007 folded before Flop (didn't bet)
Seat 5: stas9038rus (button) folded before Flop (didn't bet)
Seat 6: KaraFara (small blind) folded before Flop
Seat 8: carodm123 (big blind) collected ($0.38)
Seat 9: zapper58 folded before Flop



PokerStars Hand #224714223914:  Hold'em No Limit ($0.01/$0.02 USD) - 2021/03/11 20:49:02 PT [2021/03/11 23:49:02 ET]
Table 'Kleopatra IV' 9-max Seat #6 is the button
Seat 1: JEH1997 ($3.41 in chips) 
Seat 2: Vatter Fil ($1.70 in chips) 
Seat 3: Paty Doll726 ($3.38 in chips) 
Seat 4: Dorex2007 ($1.95 in chips) 
Seat 5: stas9038rus ($3.64 in chips) 
Seat 6: KaraFara ($2.26 in chips) 
Seat 8: carodm123 ($1.38 in chips) 
Seat 9: zapper58 ($0.49 in chips) 
carodm123: posts small blind $0.01
zapper58: posts big blind $0.02
*** HOLE CARDS ***
Dealt to Dorex2007 [6c 8h]
JEH1997: folds 
Vatter Fil: folds 
Paty Doll726: folds 
Dorex2007: folds 
stas9038rus: raises $0.04 to $0.06
KaraFara: folds 
carodm123: calls $0.05
zapper58: folds 
*** FLOP *** [Qs 4d 3d]
carodm123: checks 
stas9038rus: bets $0.07
carodm123: calls $0.07
*** TURN *** [Qs 4d 3d] [Jc]
carodm123: checks 
stas9038rus: bets $0.14
carodm123: folds 
Uncalled bet ($0.14) returned to stas9038rus
stas9038rus collected $0.27 from pot
stas9038rus: doesn't show hand 
*** SUMMARY ***
Total pot $0.28 | Rake $0.01 
Board [Qs 4d 3d Jc]
Seat 1: JEH1997 folded before Flop (didn't bet)
Seat 2: Vatter Fil folded before Flop (didn't bet)
Seat 3: Paty Doll726 folded before Flop (didn't bet)
Seat 4: Dorex2007 folded before Flop (didn't bet)
Seat 5: stas9038rus collected ($0.27)
Seat 6: KaraFara (button) folded before Flop (didn't bet)
Seat 8: carodm123 (small blind) folded on the Turn
Seat 9: zapper58 (big blind) folded before Flop



PokerStars Hand #224714240103:  Hold'em No Limit ($0.01/$0.02 USD) - 2021/03/11 20:49:48 PT [2021/03/11 23:49:48 ET]
Table 'Kleopatra IV' 9-max Seat #8 is the button
Seat 1: JEH1997 ($3.41 in chips) 
Seat 2: Vatter Fil ($1.70 in chips) 
Seat 3: Paty Doll726 ($3.38 in chips) 
Seat 4: Dorex2007 ($1.95 in chips) 
Seat 5: stas9038rus ($3.78 in chips) 
Seat 6: KaraFara ($2.26 in chips) 
Seat 7: ioaann67 ($0.85 in chips) 
Seat 8: carodm123 ($1.25 in chips) 
Seat 9: zapper58 ($0.47 in chips) 
zapper58: posts small blind $0.01
JEH1997: posts big blind $0.02
ioaann67: posts small & big blinds $0.03
*** HOLE CARDS ***
Dealt to Dorex2007 [Qs 5h]
Vatter Fil: calls $0.02
Paty Doll726: folds 
Dorex2007: folds 
stas9038rus: folds 
KaraFara: folds 
ioaann67: checks 
carodm123: folds 
zapper58: calls $0.01
JEH1997: checks 
*** FLOP *** [Ks Ac 2h]
zapper58: checks 
JEH1997: checks 
Vatter Fil: bets $0.02
ioaann67 is disconnected 
ioaann67 has timed out while disconnected
ioaann67: folds 
zapper58: folds 
JEH1997: calls $0.02
*** TURN *** [Ks Ac 2h] [3d]
JEH1997: checks 
Vatter Fil: bets $0.06
JEH1997: calls $0.06
*** RIVER *** [Ks Ac 2h 3d] [Qd]
JEH1997: checks 
Vatter Fil: bets $0.12
JEH1997: raises $0.36 to $0.48
Vatter Fil: calls $0.36
*** SHOW DOWN ***
JEH1997: shows [Kc Jd] (a pair of Kings)
Vatter Fil: shows [Ad 8d] (a pair of Aces)
Vatter Fil collected $1.17 from pot
*** SUMMARY ***
Total pot $1.21 | Rake $0.04 
Board [Ks Ac 2h 3d Qd]
Seat 1: JEH1997 (big blind) showed [Kc Jd] and lost with a pair of Kings
Seat 2: Vatter Fil showed [Ad 8d] and won ($1.17) with a pair of Aces
Seat 3: Paty Doll726 folded before Flop (didn't bet)
Seat 4: Dorex2007 folded before Flop (didn't bet)
Seat 5: stas9038rus folded before Flop (didn't bet)
Seat 6: KaraFara folded before Flop (didn't bet)
Seat 7: ioaann67 folded on the Flop (didn't bet)
Seat 8: carodm123 (button) folded before Flop (didn't bet)
Seat 9: zapper58 (small blind) folded on the Flop



PokerStars Hand #224714262285:  Hold'em No Limit ($0.01/$0.02 USD) - 2021/03/11 20:51:29 PT [2021/03/11 23:51:29 ET]
Table 'Kleopatra IV' 9-max Seat #9 is the button
Seat 1: JEH1997 ($2.83 in chips) 
Seat 2: Vatter Fil ($2.29 in chips) 
Seat 3: Paty Doll726 ($3.38 in chips) 
Seat 4: Dorex2007 ($1.95 in chips) 
Seat 5: stas9038rus ($3.78 in chips) 
Seat 6: KaraFara ($2.26 in chips) 
Seat 7: ioaann67 ($0.82 in chips) 
Seat 8: carodm123 ($1.25 in chips) 
Seat 9: zapper58 ($0.45 in chips) 
JEH1997: posts small blind $0.01
Vatter Fil: posts big blind $0.02
*** HOLE CARDS ***
Dealt to Dorex2007 [4c Jc]
Paty Doll726: calls $0.02
Dorex2007: folds 
stas9038rus: raises $0.04 to $0.06
KaraFara: folds 
ioaann67: calls $0.06
carodm123: folds 
zapper58: folds 
JEH1997: folds 
Vatter Fil: folds 
Paty Doll726: calls $0.04
*** FLOP *** [Qh 9c 5h]
Paty Doll726: checks 
stas9038rus: checks 
ioaann67: checks 
*** TURN *** [Qh 9c 5h] [6d]
Paty Doll726: checks 
stas9038rus: checks 
ioaann67: checks 
*** RIVER *** [Qh 9c 5h 6d] [4h]
Paty Doll726: checks 
stas9038rus: checks 
ioaann67: checks 
*** SHOW DOWN ***
Paty Doll726: shows [Js Kc] (high card King)
stas9038rus: shows [Ac Jh] (high card Ace)
ioaann67: shows [6c 7h] (a pair of Sixes)
ioaann67 collected $0.20 from pot
*** SUMMARY ***
Total pot $0.21 | Rake $0.01 
Board [Qh 9c 5h 6d 4h]
Seat 1: JEH1997 (small blind) folded before Flop
Seat 2: Vatter Fil (big blind) folded before Flop
Seat 3: Paty Doll726 showed [Js Kc] and lost with high card King
Seat 4: Dorex2007 folded before Flop (didn't bet)
Seat 5: stas9038rus showed [Ac Jh] and lost with high card Ace
Seat 6: KaraFara folded before Flop (didn't bet)
Seat 7: ioaann67 showed [6c 7h] and won ($0.20) with a pair of Sixes
Seat 8: carodm123 folded before Flop (didn't bet)
Seat 9: zapper58 (button) folded before Flop (didn't bet)



PokerStars Hand #224714275825:  Hold'em No Limit ($0.01/$0.02 USD) - 2021/03/11 20:52:31 PT [2021/03/11 23:52:31 ET]
Table 'Kleopatra IV' 9-max Seat #1 is the button
Seat 1: JEH1997 ($2.82 in chips) 
Seat 2: Vatter Fil ($2.27 in chips) 
Seat 3: Paty Doll726 ($3.32 in chips) 
Seat 4: Dorex2007 ($1.95 in chips) 
Seat 5: stas9038rus ($3.72 in chips) 
Seat 6: KaraFara ($2.26 in chips) 
Seat 7: ioaann67 ($0.96 in chips) 
Seat 8: carodm123 ($1.25 in chips) 
Seat 9: zapper58 ($0.45 in chips) 
Vatter Fil: posts small blind $0.01
Paty Doll726: posts big blind $0.02
*** HOLE CARDS ***
Dealt to Dorex2007 [Qd 3h]
Dorex2007: folds 
stas9038rus: folds 
KaraFara: folds 
ioaann67: folds 
carodm123: folds 
ioaann67 is disconnected 
zapper58: calls $0.02
JEH1997: folds 
Vatter Fil: calls $0.01
Paty Doll726: checks 
*** FLOP *** [9s Th Ac]
Vatter Fil: checks 
Paty Doll726: checks 
zapper58: bets $0.02
Vatter Fil: folds 
Paty Doll726: calls $0.02
*** TURN *** [9s Th Ac] [4d]
Paty Doll726: checks 
zapper58: checks 
*** RIVER *** [9s Th Ac 4d] [8c]
Paty Doll726: bets $0.05
zapper58: calls $0.05
*** SHOW DOWN ***
Paty Doll726: shows [4h 9h] (two pair, Nines and Fours)
zapper58: mucks hand 
Paty Doll726 collected $0.19 from pot
*** SUMMARY ***
Total pot $0.20 | Rake $0.01 
Board [9s Th Ac 4d 8c]
Seat 1: JEH1997 (button) folded before Flop (didn't bet)
Seat 2: Vatter Fil (small blind) folded on the Flop
Seat 3: Paty Doll726 (big blind) showed [4h 9h] and won ($0.19) with two pair, Nines and Fours
Seat 4: Dorex2007 folded before Flop (didn't bet)
Seat 5: stas9038rus folded before Flop (didn't bet)
Seat 6: KaraFara folded before Flop (didn't bet)
Seat 7: ioaann67 folded before Flop (didn't bet)
Seat 8: carodm123 folded before Flop (didn't bet)
Seat 9: zapper58 mucked [7s Ts]



PokerStars Hand #224714288188:  Hold'em No Limit ($0.01/$0.02 USD) - 2021/03/11 20:53:27 PT [2021/03/11 23:53:27 ET]
Table 'Kleopatra IV' 9-max Seat #2 is the button
Seat 1: JEH1997 ($2.82 in chips) 
Seat 2: Vatter Fil ($2.25 in chips) 
Seat 3: Paty Doll726 ($3.42 in chips) 
Seat 4: Dorex2007 ($1.95 in chips) 
Seat 5: stas9038rus ($3.72 in chips) 
Seat 6: KaraFara ($2.26 in chips) 
Seat 7: ioaann67 ($0.96 in chips) 
Seat 8: carodm123 ($1.25 in chips) 
Seat 9: zapper58 ($0.36 in chips) 
Paty Doll726: posts small blind $0.01
Dorex2007: posts big blind $0.02
*** HOLE CARDS ***
Dealt to Dorex2007 [5s Kh]
stas9038rus: folds 
KaraFara: folds 
ioaann67: calls $0.02
carodm123 has timed out
carodm123: folds 
zapper58: calls $0.02
JEH1997: folds 
Vatter Fil: folds 
Paty Doll726: calls $0.01
Dorex2007: checks 
*** FLOP *** [2d 3c 6s]
Paty Doll726: checks 
Dorex2007: checks 
ioaann67: checks 
zapper58: checks 
*** TURN *** [2d 3c 6s] [2c]
Paty Doll726: checks 
Dorex2007: checks 
ioaann67: checks 
zapper58: checks 
*** RIVER *** [2d 3c 6s 2c] [Qh]
Paty Doll726: checks 
Dorex2007: checks 
ioaann67: checks 
zapper58: bets $0.02
Paty Doll726: folds 
Dorex2007: folds 
ioaann67: folds 
Uncalled bet ($0.02) returned to zapper58
zapper58 collected $0.08 from pot
zapper58: doesn't show hand 
*** SUMMARY ***
Total pot $0.08 | Rake $0 
Board [2d 3c 6s 2c Qh]
Seat 1: JEH1997 folded before Flop (didn't bet)
Seat 2: Vatter Fil (button) folded before Flop (didn't bet)
Seat 3: Paty Doll726 (small blind) folded on the River
Seat 4: Dorex2007 (big blind) folded on the River
Seat 5: stas9038rus folded before Flop (didn't bet)
Seat 6: KaraFara folded before Flop (didn't bet)
Seat 7: ioaann67 folded on the River
Seat 8: carodm123 folded before Flop (didn't bet)
Seat 9: zapper58 collected ($0.08)



PokerStars Hand #224714299402:  Hold'em No Limit ($0.01/$0.02 USD) - 2021/03/11 20:54:19 PT [2021/03/11 23:54:19 ET]
Table 'Kleopatra IV' 9-max Seat #3 is the button
Seat 1: JEH1997 ($2.82 in chips) 
Seat 2: Vatter Fil ($2.25 in chips) 
Seat 3: Paty Doll726 ($3.40 in chips) 
Seat 4: Dorex2007 ($1.93 in chips) 
Seat 5: stas9038rus ($3.72 in chips) 
Seat 6: KaraFara ($2.26 in chips) 
Seat 7: ioaann67 ($0.94 in chips) 
Seat 8: carodm123 ($1.25 in chips) 
Seat 9: zapper58 ($0.42 in chips) 
Dorex2007: posts small blind $0.01
stas9038rus: posts big blind $0.02
*** HOLE CARDS ***
Dealt to Dorex2007 [Js 7c]
KaraFara: calls $0.02
ioaann67: calls $0.02
carodm123 has timed out
carodm123: folds 
zapper58: folds 
JEH1997: folds 
Vatter Fil: folds 
Paty Doll726: calls $0.02
Dorex2007: calls $0.01
stas9038rus: checks 
*** FLOP *** [4d 8c Kc]
Dorex2007: checks 
stas9038rus: checks 
KaraFara: checks 
ioaann67: checks 
Paty Doll726: checks 
*** TURN *** [4d 8c Kc] [2s]
Dorex2007: checks 
stas9038rus: checks 
KaraFara: checks 
ioaann67: bets $0.10
Paty Doll726: folds 
Dorex2007: folds 
stas9038rus: folds 
KaraFara: folds 
Uncalled bet ($0.10) returned to ioaann67
ioaann67 collected $0.10 from pot
*** SUMMARY ***
Total pot $0.10 | Rake $0 
Board [4d 8c Kc 2s]
Seat 1: JEH1997 folded before Flop (didn't bet)
Seat 2: Vatter Fil folded before Flop (didn't bet)
Seat 3: Paty Doll726 (button) folded on the Turn
Seat 4: Dorex2007 (small blind) folded on the Turn
Seat 5: stas9038rus (big blind) folded on the Turn
Seat 6: KaraFara folded on the Turn
Seat 7: ioaann67 collected ($0.10)
Seat 8: carodm123 folded before Flop (didn't bet)
Seat 9: zapper58 folded before Flop (didn't bet)



PokerStars Hand #224714310684:  Hold'em No Limit ($0.01/$0.02 USD) - 2021/03/11 20:55:11 PT [2021/03/11 23:55:11 ET]
Table 'Kleopatra IV' 9-max Seat #4 is the button
Seat 1: JEH1997 ($2.82 in chips) 
Seat 2: Vatter Fil ($2.25 in chips) 
Seat 3: Paty Doll726 ($3.38 in chips) 
Seat 4: Dorex2007 ($1.91 in chips) 
Seat 5: stas9038rus ($3.70 in chips) 
Seat 6: KaraFara ($2.24 in chips) 
Seat 7: ioaann67 ($1.02 in chips) 
Seat 9: zapper58 ($0.42 in chips) 
stas9038rus: posts small blind $0.01
KaraFara: posts big blind $0.02
*** HOLE CARDS ***
Dealt to Dorex2007 [2c Jd]
ioaann67: calls $0.02
zapper58: folds 
JEH1997: folds 
Vatter Fil: folds 
Paty Doll726: folds 
Dorex2007: folds 
stas9038rus: calls $0.01
KaraFara: checks 
*** FLOP *** [Ah 2s 7d]
stas9038rus: checks 
KaraFara: checks 
ioaann67: checks 
*** TURN *** [Ah 2s 7d] [5h]
stas9038rus: checks 
KaraFara: checks 
ioaann67: checks 
*** RIVER *** [Ah 2s 7d 5h] [Kd]
stas9038rus: checks 
KaraFara: checks 
ioaann67: checks 
*** SHOW DOWN ***
stas9038rus: shows [9d 6d] (high card Ace)
KaraFara: shows [2h Qs] (a pair of Deuces)
ioaann67: shows [5d 4h] (a pair of Fives)
ioaann67 collected $0.06 from pot
*** SUMMARY ***
Total pot $0.06 | Rake $0 
Board [Ah 2s 7d 5h Kd]
Seat 1: JEH1997 folded before Flop (didn't bet)
Seat 2: Vatter Fil folded before Flop (didn't bet)
Seat 3: Paty Doll726 folded before Flop (didn't bet)
Seat 4: Dorex2007 (button) folded before Flop (didn't bet)
Seat 5: stas9038rus (small blind) showed [9d 6d] and lost with high card Ace
Seat 6: KaraFara (big blind) showed [2h Qs] and lost with a pair of Deuces
Seat 7: ioaann67 showed [5d 4h] and won ($0.06) with a pair of Fives
Seat 9: zapper58 folded before Flop (didn't bet)



PokerStars Hand #224714322519:  Hold'em No Limit ($0.01/$0.02 USD) - 2021/03/11 20:56:04 PT [2021/03/11 23:56:04 ET]
Table 'Kleopatra IV' 9-max Seat #5 is the button
Seat 1: JEH1997 ($2.82 in chips) 
Seat 2: Vatter Fil ($2.25 in chips) 
Seat 4: Dorex2007 ($1.91 in chips) 
Seat 5: stas9038rus ($3.68 in chips) 
Seat 6: KaraFara ($2.22 in chips) 
Seat 7: ioaann67 ($1.06 in chips) 
Seat 8: carodm123 ($1.25 in chips) 
Seat 9: zapper58 ($0.42 in chips) 
KaraFara: posts small blind $0.01
ioaann67: posts big blind $0.02
*** HOLE CARDS ***
Dealt to Dorex2007 [8s 6c]
carodm123: folds 
zapper58: calls $0.02
JEH1997: folds 
Vatter Fil: calls $0.02
Dorex2007: folds 
stas9038rus: folds 
KaraFara: folds 
ioaann67: checks 
*** FLOP *** [6s Kd 2h]
ioaann67: checks 
zapper58: checks 
Vatter Fil: bets $0.03
ioaann67: raises $1.01 to $1.04 and is all-in
zapper58: folds 
Vatter Fil: folds 
Uncalled bet ($1.01) returned to ioaann67
ioaann67 collected $0.13 from pot
*** SUMMARY ***
Total pot $0.13 | Rake $0 
Board [6s Kd 2h]
Seat 1: JEH1997 folded before Flop (didn't bet)
Seat 2: Vatter Fil folded on the Flop
Seat 4: Dorex2007 folded before Flop (didn't bet)
Seat 5: stas9038rus (button) folded before Flop (didn't bet)
Seat 6: KaraFara (small blind) folded before Flop
Seat 7: ioaann67 (big blind) collected ($0.13)
Seat 8: carodm123 folded before Flop (didn't bet)
Seat 9: zapper58 folded on the Flop



PokerStars Hand #224714330598:  Hold'em No Limit ($0.01/$0.02 USD) - 2021/03/11 20:56:51 PT [2021/03/11 23:56:51 ET]
Table 'Kleopatra IV' 9-max Seat #6 is the button
Seat 1: JEH1997 ($2.82 in chips) 
Seat 2: Vatter Fil ($2.20 in chips) 
Seat 4: Dorex2007 ($1.91 in chips) 
Seat 5: stas9038rus ($3.68 in chips) 
Seat 6: KaraFara ($2.21 in chips) 
Seat 8: carodm123 ($1.25 in chips) 
Seat 9: zapper58 ($0.40 in chips) 
ioaann67 has timed out
ioaann67: is sitting out 
carodm123: posts small blind $0.01
zapper58: posts big blind $0.02
*** HOLE CARDS ***
Dealt to Dorex2007 [6c 2h]
JEH1997: folds 
Vatter Fil: calls $0.02
Dorex2007: folds 
ioaann67 leaves the table
stas9038rus: folds 
KaraFara: raises $0.02 to $0.04
carodm123: folds 
zapper58: calls $0.02
Vatter Fil: calls $0.02
*** FLOP *** [Ad Kh 7d]
BigJim42069 joins the table at seat #7 
zapper58: checks 
Vatter Fil: bets $0.06
KaraFara: folds 
zapper58: folds 
Uncalled bet ($0.06) returned to Vatter Fil
Vatter Fil collected $0.13 from pot
Vatter Fil: doesn't show hand 
*** SUMMARY ***
Total pot $0.13 | Rake $0 
Board [Ad Kh 7d]
Seat 1: JEH1997 folded before Flop (didn't bet)
Seat 2: Vatter Fil collected ($0.13)
Seat 4: Dorex2007 folded before Flop (didn't bet)
Seat 5: stas9038rus folded before Flop (didn't bet)
Seat 6: KaraFara (button) folded on the Flop
Seat 8: carodm123 (small blind) folded before Flop
Seat 9: zapper58 (big blind) folded on the Flop



PokerStars Hand #224714338426:  Hold'em No Limit ($0.01/$0.02 USD) - 2021/03/11 20:57:36 PT [2021/03/11 23:57:36 ET]
Table 'Kleopatra IV' 9-max Seat #8 is the button
Seat 1: JEH1997 ($2.82 in chips) 
Seat 2: Vatter Fil ($2.29 in chips) 
Seat 4: Dorex2007 ($1.91 in chips) 
Seat 5: stas9038rus ($3.68 in chips) 
Seat 6: KaraFara ($2.17 in chips) 
Seat 8: carodm123 ($1.24 in chips) 
Seat 9: zapper58 ($0.36 in chips) 
zapper58: posts small blind $0.01
JEH1997: posts big blind $0.02
BigJim42069: sits out 
*** HOLE CARDS ***
Dealt to Dorex2007 [8c 5s]
Vatter Fil: calls $0.02
Dorex2007: folds 
stas9038rus: folds 
KaraFara: raises $0.02 to $0.04
carodm123: folds 
zapper58: calls $0.03
JEH1997: folds 
Vatter Fil: raises $0.02 to $0.06
KaraFara: calls $0.02
zapper58: calls $0.02
*** FLOP *** [4d As 4h]
zapper58: checks 
Vatter Fil: bets $0.09
KaraFara: folds 
zapper58: folds 
Uncalled bet ($0.09) returned to Vatter Fil
Vatter Fil collected $0.19 from pot
Vatter Fil: doesn't show hand 
*** SUMMARY ***
Total pot $0.20 | Rake $0.01 
Board [4d As 4h]
Seat 1: JEH1997 (big blind) folded before Flop
Seat 2: Vatter Fil collected ($0.19)
Seat 4: Dorex2007 folded before Flop (didn't bet)
Seat 5: stas9038rus folded before Flop (didn't bet)
Seat 6: KaraFara folded on the Flop
Seat 8: carodm123 (button) folded before Flop (didn't bet)
Seat 9: zapper58 (small blind) folded on the Flop



PokerStars Hand #224714345169:  Hold'em No Limit ($0.01/$0.02 USD) - 2021/03/11 20:58:16 PT [2021/03/11 23:58:16 ET]
Table 'Kleopatra IV' 9-max Seat #9 is the button
Seat 1: JEH1997 ($2.80 in chips) 
Seat 2: Vatter Fil ($2.42 in chips) 
Seat 4: Dorex2007 ($1.91 in chips) 
Seat 5: stas9038rus ($3.68 in chips) 
Seat 6: KaraFara ($2.11 in chips) 
Seat 7: BigJim42069 ($0.96 in chips) 
Seat 8: carodm123 ($1.24 in chips) 
Seat 9: zapper58 ($0.30 in chips) 
JEH1997: posts small blind $0.01
Vatter Fil: posts big blind $0.02
BigJim42069: posts big blind $0.02
*** HOLE CARDS ***
Dealt to Dorex2007 [Ks 2h]
Dorex2007: folds 
stas9038rus: folds 
KaraFara: folds 
BigJim42069: raises $0.05 to $0.07
carodm123: folds 
zapper58: folds 
JEH1997: folds 
Vatter Fil: folds 
Uncalled bet ($0.05) returned to BigJim42069
BigJim42069 collected $0.05 from pot
BigJim42069: doesn't show hand 
*** SUMMARY ***
Total pot $0.05 | Rake $0 
Seat 1: JEH1997 (small blind) folded before Flop
Seat 2: Vatter Fil (big blind) folded before Flop
Seat 4: Dorex2007 folded before Flop (didn't bet)
Seat 5: stas9038rus folded before Flop (didn't bet)
Seat 6: KaraFara folded before Flop (didn't bet)
Seat 7: BigJim42069 collected ($0.05)
Seat 8: carodm123 folded before Flop (didn't bet)
Seat 9: zapper58 (button) folded before Flop (didn't bet)



PokerStars Hand #224714349349:  Hold'em No Limit ($0.01/$0.02 USD) - 2021/03/11 20:58:40 PT [2021/03/11 23:58:40 ET]
Table 'Kleopatra IV' 9-max Seat #1 is the button
Seat 1: JEH1997 ($2.79 in chips) 
Seat 2: Vatter Fil ($2.40 in chips) 
Seat 4: Dorex2007 ($1.91 in chips) 
Seat 5: stas9038rus ($3.68 in chips) 
Seat 6: KaraFara ($2.11 in chips) 
Seat 7: BigJim42069 ($0.99 in chips) 
Seat 8: carodm123 ($1.24 in chips) 
Seat 9: zapper58 ($0.30 in chips) 
Vatter Fil: posts small blind $0.01
Dorex2007: posts big blind $0.02
*** HOLE CARDS ***
Dealt to Dorex2007 [Tc Ah]
stas9038rus: folds 
KaraFara: folds 
BigJim42069: folds 
carodm123: folds 
zapper58: folds 
JEH1997: folds 
Vatter Fil: calls $0.01
Dorex2007: checks 
*** FLOP *** [Ac 3h 8c]
Vatter Fil: checks 
Dorex2007: bets $0.06
Vatter Fil: folds 
Uncalled bet ($0.06) returned to Dorex2007
Dorex2007 collected $0.04 from pot
Dorex2007: doesn't show hand 
*** SUMMARY ***
Total pot $0.04 | Rake $0 
Board [Ac 3h 8c]
Seat 1: JEH1997 (button) folded before Flop (didn't bet)
Seat 2: Vatter Fil (small blind) folded on the Flop
Seat 4: Dorex2007 (big blind) collected ($0.04)
Seat 5: stas9038rus folded before Flop (didn't bet)
Seat 6: KaraFara folded before Flop (didn't bet)
Seat 7: BigJim42069 folded before Flop (didn't bet)
Seat 8: carodm123 folded before Flop (didn't bet)
Seat 9: zapper58 folded before Flop (didn't bet)



PokerStars Hand #224714355219:  Hold'em No Limit ($0.01/$0.02 USD) - 2021/03/11 20:59:16 PT [2021/03/11 23:59:16 ET]
Table 'Kleopatra IV' 9-max Seat #2 is the button
Seat 1: JEH1997 ($2.79 in chips) 
Seat 2: Vatter Fil ($2.38 in chips) 
Seat 4: Dorex2007 ($1.93 in chips) 
Seat 5: stas9038rus ($3.68 in chips) 
Seat 6: KaraFara ($2.11 in chips) 
Seat 7: BigJim42069 ($0.99 in chips) 
Seat 8: carodm123 ($1.24 in chips) 
Seat 9: zapper58 ($0.30 in chips) 
Dorex2007: posts small blind $0.01
stas9038rus: posts big blind $0.02
*** HOLE CARDS ***
Dealt to Dorex2007 [6d 2s]
KaraFara: folds 
BigJim42069: folds 
carodm123: calls $0.02
zapper58: folds 
JEH1997: folds 
Vatter Fil: calls $0.02
Dorex2007: folds 
stas9038rus: checks 
*** FLOP *** [Ac 3s 6h]
stas9038rus: checks 
carodm123: checks 
Vatter Fil: checks 
*** TURN *** [Ac 3s 6h] [3d]
stas9038rus: checks 
carodm123: bets $0.06
Vatter Fil: folds 
stas9038rus: folds 
Uncalled bet ($0.06) returned to carodm123
carodm123 collected $0.07 from pot
carodm123: doesn't show hand 
*** SUMMARY ***
Total pot $0.07 | Rake $0 
Board [Ac 3s 6h 3d]
Seat 1: JEH1997 folded before Flop (didn't bet)
Seat 2: Vatter Fil (button) folded on the Turn
Seat 4: Dorex2007 (small blind) folded before Flop
Seat 5: stas9038rus (big blind) folded on the Turn
Seat 6: KaraFara folded before Flop (didn't bet)
Seat 7: BigJim42069 folded before Flop (didn't bet)
Seat 8: carodm123 collected ($0.07)
Seat 9: zapper58 folded before Flop (didn't bet)



PokerStars Hand #224714362514:  Hold'em No Limit ($0.01/$0.02 USD) - 2021/03/11 20:59:58 PT [2021/03/11 23:59:58 ET]
Table 'Kleopatra IV' 9-max Seat #4 is the button
Seat 1: JEH1997 ($2.79 in chips) 
Seat 2: Vatter Fil ($2.36 in chips) 
Seat 4: Dorex2007 ($1.92 in chips) 
Seat 5: stas9038rus ($3.66 in chips) 
Seat 6: KaraFara ($2.11 in chips) 
Seat 7: BigJim42069 ($0.99 in chips) 
Seat 8: carodm123 ($1.29 in chips) 
Seat 9: zapper58 ($0.30 in chips) 
stas9038rus: posts small blind $0.01
KaraFara: posts big blind $0.02
*** HOLE CARDS ***
Dealt to Dorex2007 [7c 5s]
BigJim42069: folds 
carodm123: calls $0.02
zapper58: folds 
JEH1997: folds 
Vatter Fil: folds 
Dorex2007: folds 
stas9038rus: calls $0.01
KaraFara: checks 
*** FLOP *** [5c 8c Ah]
stas9038rus: checks 
KaraFara: checks 
carodm123: bets $0.06
stas9038rus: calls $0.06
KaraFara: folds 
*** TURN *** [5c 8c Ah] [7d]
stas9038rus: checks 
carodm123: bets $0.12
stas9038rus: calls $0.12
*** RIVER *** [5c 8c Ah 7d] [Td]
stas9038rus: checks 
carodm123: bets $0.34
stas9038rus: folds 
Uncalled bet ($0.34) returned to carodm123
carodm123 collected $0.41 from pot
carodm123: doesn't show hand 
*** SUMMARY ***
Total pot $0.42 | Rake $0.01 
Board [5c 8c Ah 7d Td]
Seat 1: JEH1997 folded before Flop (didn't bet)
Seat 2: Vatter Fil folded before Flop (didn't bet)
Seat 4: Dorex2007 (button) folded before Flop (didn't bet)
Seat 5: stas9038rus (small blind) folded on the River
Seat 6: KaraFara (big blind) folded on the Flop
Seat 7: BigJim42069 folded before Flop (didn't bet)
Seat 8: carodm123 collected ($0.41)
Seat 9: zapper58 folded before Flop (didn't bet)



