PokerStars Hand #224876455973:  Hold'em No Limit ($0.01/$0.02 USD) - 2021/03/16 12:37:41 PT [2021/03/16 15:37:41 ET]
Table 'Hudrus V' 9-max Seat #3 is the button
Seat 1: BluesBro2007 ($2.39 in chips) 
Seat 2: BeeperKing ($1.45 in chips) 
Seat 3: fanczy ($2.08 in chips) 
Seat 4: novoxopersk ($2.09 in chips) 
Seat 5: Dorex2007 ($1.50 in chips) 
Seat 6: glelite ($1.99 in chips) 
Seat 7: Ebisu 64 ($2.29 in chips) 
Seat 9: Z4dyIII ($3.76 in chips) 
novoxopersk: posts small blind $0.01
Dorex2007: posts big blind $0.02
*** HOLE CARDS ***
Dealt to Dorex2007 [9c 9s]
glelite: raises $0.04 to $0.06
Ebisu 64: folds 
Z4dyIII: folds 
BluesBro2007: folds 
BeeperKing: calls $0.06
fanczy: folds 
novoxopersk: folds 
Dorex2007: calls $0.04
*** FLOP *** [Ad 6s 7c]
Dorex2007: checks 
glelite: checks 
BeeperKing: checks 
*** TURN *** [Ad 6s 7c] [5h]
Dorex2007: bets $0.12
glelite: calls $0.12
BeeperKing: folds 
*** RIVER *** [Ad 6s 7c 5h] [Ks]
Dorex2007: checks 
glelite: bets $0.18
Dorex2007: folds 
Uncalled bet ($0.18) returned to glelite
glelite collected $0.41 from pot
glelite: doesn't show hand 
*** SUMMARY ***
Total pot $0.43 | Rake $0.02 
Board [Ad 6s 7c 5h Ks]
Seat 1: BluesBro2007 folded before Flop (didn't bet)
Seat 2: BeeperKing folded on the Turn
Seat 3: fanczy (button) folded before Flop (didn't bet)
Seat 4: novoxopersk (small blind) folded before Flop
Seat 5: Dorex2007 (big blind) folded on the River
Seat 6: glelite collected ($0.41)
Seat 7: Ebisu 64 folded before Flop (didn't bet)
Seat 9: Z4dyIII folded before Flop (didn't bet)



PokerStars Hand #224876496651:  Hold'em No Limit ($0.01/$0.02 USD) - 2021/03/16 12:38:37 PT [2021/03/16 15:38:37 ET]
Table 'Hudrus V' 9-max Seat #4 is the button
Seat 1: BluesBro2007 ($2.39 in chips) 
Seat 2: BeeperKing ($1.39 in chips) 
Seat 3: fanczy ($2.08 in chips) 
Seat 4: novoxopersk ($2.08 in chips) 
Seat 5: Dorex2007 ($1.32 in chips) 
Seat 6: glelite ($2.22 in chips) 
Seat 7: Ebisu 64 ($2.29 in chips) 
Seat 8: CardVision ($2 in chips) 
Seat 9: Z4dyIII ($3.76 in chips) 
Dorex2007: posts small blind $0.01
glelite: posts big blind $0.02
*** HOLE CARDS ***
Dealt to Dorex2007 [9d 4d]
Ebisu 64: folds 
CardVision: folds 
Z4dyIII: folds 
BluesBro2007: folds 
BeeperKing: folds 
fanczy: folds 
novoxopersk: calls $0.02
Dorex2007: folds 
glelite: checks 
*** FLOP *** [Ts 8c Qh]
glelite: checks 
novoxopersk: checks 
*** TURN *** [Ts 8c Qh] [9c]
glelite: checks 
novoxopersk: checks 
*** RIVER *** [Ts 8c Qh 9c] [Qd]
glelite: bets $0.06
novoxopersk: folds 
Uncalled bet ($0.06) returned to glelite
glelite collected $0.05 from pot
glelite: doesn't show hand 
*** SUMMARY ***
Total pot $0.05 | Rake $0 
Board [Ts 8c Qh 9c Qd]
Seat 1: BluesBro2007 folded before Flop (didn't bet)
Seat 2: BeeperKing folded before Flop (didn't bet)
Seat 3: fanczy folded before Flop (didn't bet)
Seat 4: novoxopersk (button) folded on the River
Seat 5: Dorex2007 (small blind) folded before Flop
Seat 6: glelite (big blind) collected ($0.05)
Seat 7: Ebisu 64 folded before Flop (didn't bet)
Seat 8: CardVision folded before Flop (didn't bet)
Seat 9: Z4dyIII folded before Flop (didn't bet)



PokerStars Hand #224876522897:  Hold'em No Limit ($0.01/$0.02 USD) - 2021/03/16 12:39:18 PT [2021/03/16 15:39:18 ET]
Table 'Hudrus V' 9-max Seat #5 is the button
Seat 1: BluesBro2007 ($2.39 in chips) 
Seat 2: BeeperKing ($1.39 in chips) 
Seat 3: fanczy ($2.08 in chips) 
Seat 4: novoxopersk ($2.06 in chips) 
Seat 5: Dorex2007 ($1.31 in chips) 
Seat 6: glelite ($2.25 in chips) 
Seat 7: Ebisu 64 ($2.29 in chips) 
Seat 8: CardVision ($2 in chips) 
Seat 9: Z4dyIII ($3.76 in chips) 
glelite: posts small blind $0.01
Ebisu 64: posts big blind $0.02
*** HOLE CARDS ***
Dealt to Dorex2007 [Qd 2c]
CardVision: folds 
Z4dyIII: folds 
BluesBro2007: folds 
BeeperKing: raises $0.04 to $0.06
fanczy: folds 
novoxopersk: folds 
Dorex2007: folds 
glelite: folds 
Ebisu 64: calls $0.04
*** FLOP *** [Tc 5h 8c]
Ebisu 64: bets $0.02
BeeperKing: raises $0.09 to $0.11
Ebisu 64: calls $0.09
*** TURN *** [Tc 5h 8c] [4c]
Ebisu 64: bets $0.02
BeeperKing: calls $0.02
*** RIVER *** [Tc 5h 8c 4c] [8s]
Ebisu 64: bets $0.02
BeeperKing: calls $0.02
*** SHOW DOWN ***
Ebisu 64: shows [Td Ks] (two pair, Tens and Eights)
BeeperKing: mucks hand 
Ebisu 64 collected $0.41 from pot
*** SUMMARY ***
Total pot $0.43 | Rake $0.02 
Board [Tc 5h 8c 4c 8s]
Seat 1: BluesBro2007 folded before Flop (didn't bet)
Seat 2: BeeperKing mucked [Ts Jh]
Seat 3: fanczy folded before Flop (didn't bet)
Seat 4: novoxopersk folded before Flop (didn't bet)
Seat 5: Dorex2007 (button) folded before Flop (didn't bet)
Seat 6: glelite (small blind) folded before Flop
Seat 7: Ebisu 64 (big blind) showed [Td Ks] and won ($0.41) with two pair, Tens and Eights
Seat 8: CardVision folded before Flop (didn't bet)
Seat 9: Z4dyIII folded before Flop (didn't bet)



PokerStars Hand #224876555448:  Hold'em No Limit ($0.01/$0.02 USD) - 2021/03/16 12:40:09 PT [2021/03/16 15:40:09 ET]
Table 'Hudrus V' 9-max Seat #6 is the button
Seat 1: BluesBro2007 ($2.39 in chips) 
Seat 2: BeeperKing ($1.18 in chips) 
Seat 3: fanczy ($2.08 in chips) 
Seat 4: novoxopersk ($2.06 in chips) 
Seat 5: Dorex2007 ($1.31 in chips) 
Seat 6: glelite ($2.24 in chips) 
Seat 7: Ebisu 64 ($2.49 in chips) 
Seat 8: CardVision ($2 in chips) 
Seat 9: Z4dyIII ($3.76 in chips) 
Ebisu 64: posts small blind $0.01
CardVision: posts big blind $0.02
*** HOLE CARDS ***
Dealt to Dorex2007 [9d 8h]
Z4dyIII: folds 
BluesBro2007: folds 
BeeperKing: folds 
fanczy: folds 
novoxopersk: folds 
Dorex2007: folds 
glelite: folds 
Ebisu 64: calls $0.01
CardVision: raises $0.04 to $0.06
Ebisu 64: folds 
Uncalled bet ($0.04) returned to CardVision
CardVision collected $0.04 from pot
CardVision: doesn't show hand 
*** SUMMARY ***
Total pot $0.04 | Rake $0 
Seat 1: BluesBro2007 folded before Flop (didn't bet)
Seat 2: BeeperKing folded before Flop (didn't bet)
Seat 3: fanczy folded before Flop (didn't bet)
Seat 4: novoxopersk folded before Flop (didn't bet)
Seat 5: Dorex2007 folded before Flop (didn't bet)
Seat 6: glelite (button) folded before Flop (didn't bet)
Seat 7: Ebisu 64 (small blind) folded before Flop
Seat 8: CardVision (big blind) collected ($0.04)
Seat 9: Z4dyIII folded before Flop (didn't bet)



PokerStars Hand #224876570895:  Hold'em No Limit ($0.01/$0.02 USD) - 2021/03/16 12:40:34 PT [2021/03/16 15:40:34 ET]
Table 'Hudrus V' 9-max Seat #7 is the button
Seat 1: BluesBro2007 ($2.39 in chips) 
Seat 2: BeeperKing ($1.18 in chips) 
Seat 3: fanczy ($2.08 in chips) 
Seat 4: novoxopersk ($2.06 in chips) 
Seat 5: Dorex2007 ($1.31 in chips) 
Seat 6: glelite ($2.24 in chips) 
Seat 7: Ebisu 64 ($2.47 in chips) 
Seat 8: CardVision ($2.02 in chips) 
Seat 9: Z4dyIII ($3.76 in chips) 
CardVision: posts small blind $0.01
Z4dyIII: posts big blind $0.02
*** HOLE CARDS ***
Dealt to Dorex2007 [8c Ac]
BluesBro2007: calls $0.02
BeeperKing: folds 
fanczy: folds 
novoxopersk: folds 
Dorex2007: raises $0.04 to $0.06
glelite: folds 
Ebisu 64: folds 
CardVision: folds 
Z4dyIII: folds 
BluesBro2007: calls $0.04
*** FLOP *** [7s 2s 8s]
BluesBro2007: checks 
Dorex2007: checks 
*** TURN *** [7s 2s 8s] [2h]
BluesBro2007: checks 
Dorex2007: bets $0.09
BluesBro2007: folds 
Uncalled bet ($0.09) returned to Dorex2007
Dorex2007 collected $0.14 from pot
Dorex2007: doesn't show hand 
*** SUMMARY ***
Total pot $0.15 | Rake $0.01 
Board [7s 2s 8s 2h]
Seat 1: BluesBro2007 folded on the Turn
Seat 2: BeeperKing folded before Flop (didn't bet)
Seat 3: fanczy folded before Flop (didn't bet)
Seat 4: novoxopersk folded before Flop (didn't bet)
Seat 5: Dorex2007 collected ($0.14)
Seat 6: glelite folded before Flop (didn't bet)
Seat 7: Ebisu 64 (button) folded before Flop (didn't bet)
Seat 8: CardVision (small blind) folded before Flop
Seat 9: Z4dyIII (big blind) folded before Flop



PokerStars Hand #224876605364:  Hold'em No Limit ($0.01/$0.02 USD) - 2021/03/16 12:41:27 PT [2021/03/16 15:41:27 ET]
Table 'Hudrus V' 9-max Seat #8 is the button
Seat 1: BluesBro2007 ($2.33 in chips) 
Seat 2: BeeperKing ($1.18 in chips) 
Seat 3: fanczy ($2.08 in chips) 
Seat 4: novoxopersk ($2.06 in chips) 
Seat 5: Dorex2007 ($1.39 in chips) 
Seat 6: glelite ($2.24 in chips) 
Seat 7: Ebisu 64 ($2.47 in chips) 
Seat 8: CardVision ($2.01 in chips) 
Seat 9: Z4dyIII ($3.74 in chips) 
Z4dyIII: posts small blind $0.01
BluesBro2007: posts big blind $0.02
*** HOLE CARDS ***
Dealt to Dorex2007 [3d 4s]
BeeperKing: folds 
fanczy: raises $0.04 to $0.06
novoxopersk: folds 
Dorex2007: folds 
glelite: folds 
Ebisu 64: folds 
CardVision: folds 
Z4dyIII: folds 
BluesBro2007: folds 
Uncalled bet ($0.04) returned to fanczy
fanczy collected $0.05 from pot
fanczy: doesn't show hand 
*** SUMMARY ***
Total pot $0.05 | Rake $0 
Seat 1: BluesBro2007 (big blind) folded before Flop
Seat 2: BeeperKing folded before Flop (didn't bet)
Seat 3: fanczy collected ($0.05)
Seat 4: novoxopersk folded before Flop (didn't bet)
Seat 5: Dorex2007 folded before Flop (didn't bet)
Seat 6: glelite folded before Flop (didn't bet)
Seat 7: Ebisu 64 folded before Flop (didn't bet)
Seat 8: CardVision (button) folded before Flop (didn't bet)
Seat 9: Z4dyIII (small blind) folded before Flop



PokerStars Hand #224876618785:  Hold'em No Limit ($0.01/$0.02 USD) - 2021/03/16 12:41:49 PT [2021/03/16 15:41:49 ET]
Table 'Hudrus V' 9-max Seat #9 is the button
Seat 1: BluesBro2007 ($2.31 in chips) 
Seat 3: fanczy ($2.11 in chips) 
Seat 4: novoxopersk ($2.06 in chips) 
Seat 5: Dorex2007 ($1.39 in chips) 
Seat 6: glelite ($2.24 in chips) 
Seat 7: Ebisu 64 ($2.47 in chips) 
Seat 8: CardVision ($2.01 in chips) 
Seat 9: Z4dyIII ($3.73 in chips) 
BluesBro2007: posts small blind $0.01
BeeperKing: is sitting out 
fanczy: posts big blind $0.02
*** HOLE CARDS ***
Dealt to Dorex2007 [Qs 3s]
novoxopersk: folds 
Dorex2007: folds 
glelite: raises $0.04 to $0.06
Ebisu 64: folds 
CardVision: folds 
Z4dyIII: folds 
BluesBro2007: folds 
fanczy: folds 
Uncalled bet ($0.04) returned to glelite
glelite collected $0.05 from pot
glelite: doesn't show hand 
*** SUMMARY ***
Total pot $0.05 | Rake $0 
Seat 1: BluesBro2007 (small blind) folded before Flop
Seat 3: fanczy (big blind) folded before Flop
Seat 4: novoxopersk folded before Flop (didn't bet)
Seat 5: Dorex2007 folded before Flop (didn't bet)
Seat 6: glelite collected ($0.05)
Seat 7: Ebisu 64 folded before Flop (didn't bet)
Seat 8: CardVision folded before Flop (didn't bet)
Seat 9: Z4dyIII (button) folded before Flop (didn't bet)



PokerStars Hand #224876633163:  Hold'em No Limit ($0.01/$0.02 USD) - 2021/03/16 12:42:11 PT [2021/03/16 15:42:11 ET]
Table 'Hudrus V' 9-max Seat #1 is the button
Seat 1: BluesBro2007 ($2.30 in chips) 
Seat 3: fanczy ($2.09 in chips) 
Seat 4: novoxopersk ($2.06 in chips) 
Seat 5: Dorex2007 ($1.39 in chips) 
Seat 6: glelite ($2.27 in chips) 
Seat 7: Ebisu 64 ($2.47 in chips) 
Seat 8: CardVision ($2.01 in chips) 
Seat 9: Z4dyIII ($3.73 in chips) 
fanczy: posts small blind $0.01
novoxopersk: posts big blind $0.02
*** HOLE CARDS ***
Dealt to Dorex2007 [Ac 9h]
BeeperKing leaves the table
Dorex2007: folds 
glelite: raises $0.04 to $0.06
Ebisu 64: folds 
CardVision: folds 
Z4dyIII: folds 
BluesBro2007: folds 
fanczy: folds 
novoxopersk: calls $0.04
*** FLOP *** [Qc 9s 6s]
novoxopersk: checks 
glelite: checks 
*** TURN *** [Qc 9s 6s] [2s]
novoxopersk: bets $0.07
glelite: folds 
Uncalled bet ($0.07) returned to novoxopersk
novoxopersk collected $0.13 from pot
novoxopersk: doesn't show hand 
*** SUMMARY ***
Total pot $0.13 | Rake $0 
Board [Qc 9s 6s 2s]
Seat 1: BluesBro2007 (button) folded before Flop (didn't bet)
Seat 3: fanczy (small blind) folded before Flop
Seat 4: novoxopersk (big blind) collected ($0.13)
Seat 5: Dorex2007 folded before Flop (didn't bet)
Seat 6: glelite folded on the Turn
Seat 7: Ebisu 64 folded before Flop (didn't bet)
Seat 8: CardVision folded before Flop (didn't bet)
Seat 9: Z4dyIII folded before Flop (didn't bet)



PokerStars Hand #224876654385:  Hold'em No Limit ($0.01/$0.02 USD) - 2021/03/16 12:42:44 PT [2021/03/16 15:42:44 ET]
Table 'Hudrus V' 9-max Seat #3 is the button
Seat 1: BluesBro2007 ($2.30 in chips) 
Seat 3: fanczy ($2.08 in chips) 
Seat 4: novoxopersk ($2.13 in chips) 
Seat 5: Dorex2007 ($1.39 in chips) 
Seat 6: glelite ($2.21 in chips) 
Seat 7: Ebisu 64 ($2.47 in chips) 
Seat 8: CardVision ($2.01 in chips) 
Seat 9: Z4dyIII ($3.73 in chips) 
novoxopersk: posts small blind $0.01
Dorex2007: posts big blind $0.02
*** HOLE CARDS ***
Dealt to Dorex2007 [Td Ts]
glelite: folds 
senhorbigodess joins the table at seat #2 
Ebisu 64: folds 
CardVision: folds 
Z4dyIII: folds 
BluesBro2007: folds 
fanczy: folds 
novoxopersk: calls $0.01
Dorex2007: raises $0.06 to $0.08
novoxopersk: calls $0.06
*** FLOP *** [Ks 6s 5h]
novoxopersk: checks 
Dorex2007: bets $0.15
novoxopersk: calls $0.15
*** TURN *** [Ks 6s 5h] [Jc]
novoxopersk: checks 
Dorex2007: bets $1.14
novoxopersk: folds 
Uncalled bet ($1.14) returned to Dorex2007
Dorex2007 collected $0.44 from pot
Dorex2007: doesn't show hand 
*** SUMMARY ***
Total pot $0.46 | Rake $0.02 
Board [Ks 6s 5h Jc]
Seat 1: BluesBro2007 folded before Flop (didn't bet)
Seat 3: fanczy (button) folded before Flop (didn't bet)
Seat 4: novoxopersk (small blind) folded on the Turn
Seat 5: Dorex2007 (big blind) collected ($0.44)
Seat 6: glelite folded before Flop (didn't bet)
Seat 7: Ebisu 64 folded before Flop (didn't bet)
Seat 8: CardVision folded before Flop (didn't bet)
Seat 9: Z4dyIII folded before Flop (didn't bet)



PokerStars Hand #224876701168:  Hold'em No Limit ($0.01/$0.02 USD) - 2021/03/16 12:43:57 PT [2021/03/16 15:43:57 ET]
Table 'Hudrus V' 9-max Seat #4 is the button
Seat 1: BluesBro2007 ($2.30 in chips) 
Seat 3: fanczy ($2.08 in chips) 
Seat 4: novoxopersk ($1.90 in chips) 
Seat 5: Dorex2007 ($1.60 in chips) 
Seat 6: glelite ($2.21 in chips) 
Seat 7: Ebisu 64 ($2.47 in chips) 
Seat 8: CardVision ($2.01 in chips) 
Seat 9: Z4dyIII ($3.73 in chips) 
Dorex2007: posts small blind $0.01
glelite: posts big blind $0.02
senhorbigodess: sits out 
*** HOLE CARDS ***
Dealt to Dorex2007 [Jc Jd]
Ebisu 64: folds 
CardVision: folds 
Z4dyIII: folds 
BluesBro2007: folds 
fanczy: folds 
novoxopersk: calls $0.02
Dorex2007: raises $0.06 to $0.08
glelite: folds 
novoxopersk: folds 
Uncalled bet ($0.06) returned to Dorex2007
Dorex2007 collected $0.06 from pot
Dorex2007: doesn't show hand 
*** SUMMARY ***
Total pot $0.06 | Rake $0 
Seat 1: BluesBro2007 folded before Flop (didn't bet)
Seat 3: fanczy folded before Flop (didn't bet)
Seat 4: novoxopersk (button) folded before Flop
Seat 5: Dorex2007 (small blind) collected ($0.06)
Seat 6: glelite (big blind) folded before Flop
Seat 7: Ebisu 64 folded before Flop (didn't bet)
Seat 8: CardVision folded before Flop (didn't bet)
Seat 9: Z4dyIII folded before Flop (didn't bet)



PokerStars Hand #224876715900:  Hold'em No Limit ($0.01/$0.02 USD) - 2021/03/16 12:44:20 PT [2021/03/16 15:44:20 ET]
Table 'Hudrus V' 9-max Seat #5 is the button
Seat 1: BluesBro2007 ($2.30 in chips) 
Seat 3: fanczy ($2.08 in chips) 
Seat 4: novoxopersk ($1.88 in chips) 
Seat 5: Dorex2007 ($1.64 in chips) 
Seat 6: glelite ($2.19 in chips) 
Seat 7: Ebisu 64 ($2.47 in chips) 
Seat 8: CardVision ($2.01 in chips) 
Seat 9: Z4dyIII ($3.73 in chips) 
glelite: posts small blind $0.01
Ebisu 64: posts big blind $0.02
senhorbigodess: sits out 
*** HOLE CARDS ***
Dealt to Dorex2007 [Jh 3c]
CardVision: folds 
Z4dyIII: folds 
BluesBro2007: folds 
fanczy: raises $0.04 to $0.06
novoxopersk: folds 
Dorex2007: folds 
glelite: calls $0.05
Ebisu 64: calls $0.04
*** FLOP *** [Qd 9c Qc]
glelite: checks 
Ebisu 64: checks 
fanczy: checks 
*** TURN *** [Qd 9c Qc] [7s]
glelite: bets $0.09
Ebisu 64: raises $0.09 to $0.18
fanczy: folds 
glelite: calls $0.09
*** RIVER *** [Qd 9c Qc 7s] [8h]
glelite: checks 
Ebisu 64: bets $0.26
glelite: calls $0.26
*** SHOW DOWN ***
Ebisu 64: shows [9s 9d] (a full house, Nines full of Queens)
glelite: mucks hand 
Ebisu 64 collected $1.02 from pot
*** SUMMARY ***
Total pot $1.06 | Rake $0.04 
Board [Qd 9c Qc 7s 8h]
Seat 1: BluesBro2007 folded before Flop (didn't bet)
Seat 3: fanczy folded on the Turn
Seat 4: novoxopersk folded before Flop (didn't bet)
Seat 5: Dorex2007 (button) folded before Flop (didn't bet)
Seat 6: glelite (small blind) mucked [Qh 5h]
Seat 7: Ebisu 64 (big blind) showed [9s 9d] and won ($1.02) with a full house, Nines full of Queens
Seat 8: CardVision folded before Flop (didn't bet)
Seat 9: Z4dyIII folded before Flop (didn't bet)



PokerStars Hand #224876787066:  Hold'em No Limit ($0.01/$0.02 USD) - 2021/03/16 12:45:57 PT [2021/03/16 15:45:57 ET]
Table 'Hudrus V' 9-max Seat #6 is the button
Seat 1: BluesBro2007 ($2.30 in chips) 
Seat 3: fanczy ($2.02 in chips) 
Seat 4: novoxopersk ($1.88 in chips) 
Seat 5: Dorex2007 ($1.64 in chips) 
Seat 6: glelite ($2 in chips) 
Seat 7: Ebisu 64 ($2.99 in chips) 
Seat 8: CardVision ($2.01 in chips) 
Seat 9: Z4dyIII ($3.73 in chips) 
Ebisu 64: posts small blind $0.01
CardVision: posts big blind $0.02
senhorbigodess: sits out 
*** HOLE CARDS ***
Dealt to Dorex2007 [Js 5s]
Z4dyIII: folds 
BluesBro2007: raises $0.04 to $0.06
fanczy: folds 
novoxopersk: folds 
Dorex2007: folds 
glelite: folds 
Ebisu 64: folds 
CardVision: folds 
Uncalled bet ($0.04) returned to BluesBro2007
BluesBro2007 collected $0.05 from pot
BluesBro2007: doesn't show hand 
*** SUMMARY ***
Total pot $0.05 | Rake $0 
Seat 1: BluesBro2007 collected ($0.05)
Seat 3: fanczy folded before Flop (didn't bet)
Seat 4: novoxopersk folded before Flop (didn't bet)
Seat 5: Dorex2007 folded before Flop (didn't bet)
Seat 6: glelite (button) folded before Flop (didn't bet)
Seat 7: Ebisu 64 (small blind) folded before Flop
Seat 8: CardVision (big blind) folded before Flop
Seat 9: Z4dyIII folded before Flop (didn't bet)



PokerStars Hand #224876803052:  Hold'em No Limit ($0.01/$0.02 USD) - 2021/03/16 12:46:22 PT [2021/03/16 15:46:22 ET]
Table 'Hudrus V' 9-max Seat #7 is the button
Seat 1: BluesBro2007 ($2.33 in chips) 
Seat 3: fanczy ($2.02 in chips) 
Seat 4: novoxopersk ($1.88 in chips) 
Seat 5: Dorex2007 ($1.64 in chips) 
Seat 6: glelite ($2 in chips) 
Seat 7: Ebisu 64 ($2.98 in chips) 
Seat 8: CardVision ($2 in chips) 
Seat 9: Z4dyIII ($3.73 in chips) 
CardVision: posts small blind $0.01
Z4dyIII: posts big blind $0.02
senhorbigodess: sits out 
*** HOLE CARDS ***
Dealt to Dorex2007 [9d Td]
BluesBro2007: folds 
fanczy: folds 
novoxopersk: folds 
Dorex2007: raises $0.04 to $0.06
glelite: calls $0.06
Ebisu 64: folds 
CardVision: folds 
Z4dyIII: folds 
*** FLOP *** [6c 9c 9s]
Dorex2007: bets $0.07
glelite: folds 
Uncalled bet ($0.07) returned to Dorex2007
Dorex2007 collected $0.14 from pot
Dorex2007: doesn't show hand 
*** SUMMARY ***
Total pot $0.15 | Rake $0.01 
Board [6c 9c 9s]
Seat 1: BluesBro2007 folded before Flop (didn't bet)
Seat 3: fanczy folded before Flop (didn't bet)
Seat 4: novoxopersk folded before Flop (didn't bet)
Seat 5: Dorex2007 collected ($0.14)
Seat 6: glelite folded on the Flop
Seat 7: Ebisu 64 (button) folded before Flop (didn't bet)
Seat 8: CardVision (small blind) folded before Flop
Seat 9: Z4dyIII (big blind) folded before Flop



PokerStars Hand #224876825338:  Hold'em No Limit ($0.01/$0.02 USD) - 2021/03/16 12:46:58 PT [2021/03/16 15:46:58 ET]
Table 'Hudrus V' 9-max Seat #8 is the button
Seat 2: senhorbigodess ($0.80 in chips) 
Seat 3: fanczy ($2.02 in chips) 
Seat 4: novoxopersk ($1.88 in chips) 
Seat 5: Dorex2007 ($1.72 in chips) 
Seat 6: glelite ($1.94 in chips) 
Seat 7: Ebisu 64 ($2.98 in chips) 
Seat 8: CardVision ($2 in chips) 
Seat 9: Z4dyIII ($3.71 in chips) 
Z4dyIII: posts small blind $0.01
BluesBro2007: is sitting out 
BluesBro2007 leaves the table
senhorbigodess: posts big blind $0.02
*** HOLE CARDS ***
Dealt to Dorex2007 [Ts 2s]
fanczy: folds 
novoxopersk: folds 
Dorex2007: folds 
glelite: folds 
Ebisu 64: calls $0.02
CardVision: folds 
Z4dyIII: folds 
senhorbigodess: checks 
*** FLOP *** [7c Jd Ac]
senhorbigodess: checks 
Ebisu 64: bets $0.02
senhorbigodess: calls $0.02
*** TURN *** [7c Jd Ac] [Kh]
senhorbigodess: checks 
Ebisu 64: bets $0.02
mellmax777 joins the table at seat #1 
senhorbigodess: calls $0.02
*** RIVER *** [7c Jd Ac Kh] [7s]
senhorbigodess: checks 
Ebisu 64: bets $0.02
senhorbigodess: calls $0.02
*** SHOW DOWN ***
Ebisu 64: shows [9s As] (two pair, Aces and Sevens)
senhorbigodess: mucks hand 
Ebisu 64 collected $0.16 from pot
*** SUMMARY ***
Total pot $0.17 | Rake $0.01 
Board [7c Jd Ac Kh 7s]
Seat 2: senhorbigodess (big blind) mucked [Ks Th]
Seat 3: fanczy folded before Flop (didn't bet)
Seat 4: novoxopersk folded before Flop (didn't bet)
Seat 5: Dorex2007 folded before Flop (didn't bet)
Seat 6: glelite folded before Flop (didn't bet)
Seat 7: Ebisu 64 showed [9s As] and won ($0.16) with two pair, Aces and Sevens
Seat 8: CardVision (button) folded before Flop (didn't bet)
Seat 9: Z4dyIII (small blind) folded before Flop



PokerStars Hand #224876883416:  Hold'em No Limit ($0.01/$0.02 USD) - 2021/03/16 12:48:29 PT [2021/03/16 15:48:29 ET]
Table 'Hudrus V' 9-max Seat #9 is the button
Seat 2: senhorbigodess ($0.72 in chips) 
Seat 3: fanczy ($2.02 in chips) 
Seat 4: novoxopersk ($1.88 in chips) 
Seat 5: Dorex2007 ($1.72 in chips) 
Seat 6: glelite ($1.94 in chips) 
Seat 7: Ebisu 64 ($3.06 in chips) 
Seat 8: CardVision ($2 in chips) 
Seat 9: Z4dyIII ($3.70 in chips) 
senhorbigodess: posts small blind $0.01
fanczy: posts big blind $0.02
*** HOLE CARDS ***
Dealt to Dorex2007 [8s 5c]
novoxopersk: calls $0.02
Dorex2007: folds 
glelite: raises $0.02 to $0.04
Ebisu 64: calls $0.04
CardVision: folds 
Z4dyIII: folds 
senhorbigodess: folds 
fanczy: folds 
novoxopersk: calls $0.02
*** FLOP *** [6c 5s Qs]
novoxopersk: checks 
glelite: checks 
Ebisu 64: bets $0.02
novoxopersk: calls $0.02
glelite: calls $0.02
*** TURN *** [6c 5s Qs] [9c]
novoxopersk: checks 
glelite: checks 
Ebisu 64: bets $0.10
novoxopersk: folds 
glelite: calls $0.10
*** RIVER *** [6c 5s Qs 9c] [Td]
glelite: checks 
Ebisu 64: checks 
*** SHOW DOWN ***
glelite: shows [Js 9h] (a pair of Nines)
Ebisu 64: shows [Kc Qc] (a pair of Queens)
Ebisu 64 collected $0.40 from pot
*** SUMMARY ***
Total pot $0.41 | Rake $0.01 
Board [6c 5s Qs 9c Td]
Seat 2: senhorbigodess (small blind) folded before Flop
Seat 3: fanczy (big blind) folded before Flop
Seat 4: novoxopersk folded on the Turn
Seat 5: Dorex2007 folded before Flop (didn't bet)
Seat 6: glelite showed [Js 9h] and lost with a pair of Nines
Seat 7: Ebisu 64 showed [Kc Qc] and won ($0.40) with a pair of Queens
Seat 8: CardVision folded before Flop (didn't bet)
Seat 9: Z4dyIII (button) folded before Flop (didn't bet)



PokerStars Hand #224876938850:  Hold'em No Limit ($0.01/$0.02 USD) - 2021/03/16 12:49:55 PT [2021/03/16 15:49:55 ET]
Table 'Hudrus V' 9-max Seat #3 is the button
Seat 1: mellmax777 ($1.60 in chips) 
Seat 3: fanczy ($2 in chips) 
Seat 4: novoxopersk ($1.82 in chips) 
Seat 5: Dorex2007 ($1.72 in chips) 
Seat 6: glelite ($2 in chips) 
Seat 7: Ebisu 64 ($3.30 in chips) 
Seat 8: CardVision ($2 in chips) 
Seat 9: Z4dyIII ($3.70 in chips) 
novoxopersk: posts small blind $0.01
Dorex2007: posts big blind $0.02
mellmax777: posts big blind $0.02
*** HOLE CARDS ***
Dealt to Dorex2007 [9d Jd]
glelite: folds 
Ebisu 64: calls $0.02
CardVision: folds 
Z4dyIII: folds 
mellmax777: checks 
fanczy: folds 
novoxopersk: calls $0.01
Dorex2007: checks 
*** FLOP *** [9s 8c Kc]
novoxopersk: checks 
Dorex2007: checks 
Ebisu 64: checks 
mellmax777: checks 
*** TURN *** [9s 8c Kc] [Ad]
novoxopersk: checks 
Dorex2007: checks 
Ebisu 64: checks 
mellmax777: checks 
*** RIVER *** [9s 8c Kc Ad] [3d]
novoxopersk: checks 
Dorex2007: checks 
Ebisu 64: checks 
mellmax777: checks 
*** SHOW DOWN ***
novoxopersk: shows [9c 2s] (a pair of Nines)
Dorex2007: shows [9d Jd] (a pair of Nines - Ace+King+Jack kicker)
Ebisu 64: mucks hand 
mellmax777: mucks hand 
Dorex2007 collected $0.08 from pot
*** SUMMARY ***
Total pot $0.08 | Rake $0 
Board [9s 8c Kc Ad 3d]
Seat 1: mellmax777 mucked [Tc Qd]
Seat 3: fanczy (button) folded before Flop (didn't bet)
Seat 4: novoxopersk (small blind) showed [9c 2s] and lost with a pair of Nines
Seat 5: Dorex2007 (big blind) showed [9d Jd] and won ($0.08) with a pair of Nines
Seat 6: glelite folded before Flop (didn't bet)
Seat 7: Ebisu 64 mucked [Qc Jh]
Seat 8: CardVision folded before Flop (didn't bet)
Seat 9: Z4dyIII folded before Flop (didn't bet)



PokerStars Hand #224876975113:  Hold'em No Limit ($0.01/$0.02 USD) - 2021/03/16 12:50:52 PT [2021/03/16 15:50:52 ET]
Table 'Hudrus V' 9-max Seat #4 is the button
Seat 1: mellmax777 ($1.58 in chips) 
Seat 2: senhorbigodess ($0.71 in chips) 
Seat 3: fanczy ($2 in chips) 
Seat 4: novoxopersk ($1.80 in chips) 
Seat 5: Dorex2007 ($1.78 in chips) 
Seat 6: glelite ($2 in chips) 
Seat 7: Ebisu 64 ($3.28 in chips) 
Seat 8: CardVision ($2 in chips) 
Seat 9: Z4dyIII ($3.70 in chips) 
Dorex2007: posts small blind $0.01
glelite: posts big blind $0.02
*** HOLE CARDS ***
Dealt to Dorex2007 [Ac 3c]
Ebisu 64: folds 
CardVision: folds 
Z4dyIII: folds 
mellmax777: calls $0.02
senhorbigodess: folds 
fanczy: folds 
novoxopersk: folds 
Dorex2007: calls $0.01
glelite: checks 
*** FLOP *** [6s Qs 8d]
Dorex2007: checks 
glelite: bets $0.05
mellmax777: folds 
Dorex2007: folds 
Uncalled bet ($0.05) returned to glelite
glelite collected $0.06 from pot
glelite: doesn't show hand 
*** SUMMARY ***
Total pot $0.06 | Rake $0 
Board [6s Qs 8d]
Seat 1: mellmax777 folded on the Flop
Seat 2: senhorbigodess folded before Flop (didn't bet)
Seat 3: fanczy folded before Flop (didn't bet)
Seat 4: novoxopersk (button) folded before Flop (didn't bet)
Seat 5: Dorex2007 (small blind) folded on the Flop
Seat 6: glelite (big blind) collected ($0.06)
Seat 7: Ebisu 64 folded before Flop (didn't bet)
Seat 8: CardVision folded before Flop (didn't bet)
Seat 9: Z4dyIII folded before Flop (didn't bet)



PokerStars Hand #224876998120:  Hold'em No Limit ($0.01/$0.02 USD) - 2021/03/16 12:51:29 PT [2021/03/16 15:51:29 ET]
Table 'Hudrus V' 9-max Seat #5 is the button
Seat 1: mellmax777 ($1.56 in chips) 
Seat 2: senhorbigodess ($0.71 in chips) 
Seat 3: fanczy ($2 in chips) 
Seat 4: novoxopersk ($1.80 in chips) 
Seat 5: Dorex2007 ($1.76 in chips) 
Seat 6: glelite ($2.04 in chips) 
Seat 7: Ebisu 64 ($3.28 in chips) 
Seat 8: CardVision ($2 in chips) 
Seat 9: Z4dyIII ($3.70 in chips) 
glelite: posts small blind $0.01
Ebisu 64: posts big blind $0.02
*** HOLE CARDS ***
Dealt to Dorex2007 [Kh 7s]
CardVision: folds 
Z4dyIII: folds 
mellmax777: folds 
senhorbigodess: calls $0.02
fanczy: folds 
novoxopersk: calls $0.02
Dorex2007: folds 
glelite: raises $0.04 to $0.06
Ebisu 64: folds 
senhorbigodess: calls $0.04
novoxopersk: calls $0.04
*** FLOP *** [Jd 5h Ac]
glelite: checks 
senhorbigodess: bets $0.06
novoxopersk: calls $0.06
mellmax777 leaves the table
glelite: calls $0.06
*** TURN *** [Jd 5h Ac] [5s]
glelite: checks 
senhorbigodess: checks 
novoxopersk: checks 
*** RIVER *** [Jd 5h Ac 5s] [As]
glelite: checks 
senhorbigodess: checks 
DVJuni joins the table at seat #1 
novoxopersk: checks 
*** SHOW DOWN ***
glelite: shows [Qd Ks] (two pair, Aces and Fives)
senhorbigodess: shows [Tc Jc] (two pair, Aces and Jacks)
novoxopersk: mucks hand 
senhorbigodess collected $0.37 from pot
*** SUMMARY ***
Total pot $0.38 | Rake $0.01 
Board [Jd 5h Ac 5s As]
Seat 1: mellmax777 folded before Flop (didn't bet)
Seat 2: senhorbigodess showed [Tc Jc] and won ($0.37) with two pair, Aces and Jacks
Seat 3: fanczy folded before Flop (didn't bet)
Seat 4: novoxopersk mucked [4s 4h]
Seat 5: Dorex2007 (button) folded before Flop (didn't bet)
Seat 6: glelite (small blind) showed [Qd Ks] and lost with two pair, Aces and Fives
Seat 7: Ebisu 64 (big blind) folded before Flop
Seat 8: CardVision folded before Flop (didn't bet)
Seat 9: Z4dyIII folded before Flop (didn't bet)



PokerStars Hand #224877053999:  Hold'em No Limit ($0.01/$0.02 USD) - 2021/03/16 12:52:57 PT [2021/03/16 15:52:57 ET]
Table 'Hudrus V' 9-max Seat #6 is the button
Seat 2: senhorbigodess ($0.96 in chips) 
Seat 3: fanczy ($2 in chips) 
Seat 4: novoxopersk ($1.68 in chips) 
Seat 5: Dorex2007 ($1.76 in chips) 
Seat 6: glelite ($1.92 in chips) 
Seat 7: Ebisu 64 ($3.26 in chips) 
Seat 8: CardVision ($2 in chips) 
Seat 9: Z4dyIII ($3.70 in chips) 
Ebisu 64: posts small blind $0.01
CardVision: posts big blind $0.02
DVJuni: sits out 
*** HOLE CARDS ***
Dealt to Dorex2007 [Jh 5h]
Z4dyIII: folds 
senhorbigodess: folds 
fanczy: folds 
novoxopersk: folds 
Dorex2007: folds 
glelite: raises $0.04 to $0.06
Ebisu 64: folds 
CardVision: raises $0.12 to $0.18
glelite: folds 
Uncalled bet ($0.12) returned to CardVision
CardVision collected $0.13 from pot
CardVision: doesn't show hand 
*** SUMMARY ***
Total pot $0.13 | Rake $0 
Seat 2: senhorbigodess folded before Flop (didn't bet)
Seat 3: fanczy folded before Flop (didn't bet)
Seat 4: novoxopersk folded before Flop (didn't bet)
Seat 5: Dorex2007 folded before Flop (didn't bet)
Seat 6: glelite (button) folded before Flop
Seat 7: Ebisu 64 (small blind) folded before Flop
Seat 8: CardVision (big blind) collected ($0.13)
Seat 9: Z4dyIII folded before Flop (didn't bet)



PokerStars Hand #224877070281:  Hold'em No Limit ($0.01/$0.02 USD) - 2021/03/16 12:53:22 PT [2021/03/16 15:53:22 ET]
Table 'Hudrus V' 9-max Seat #7 is the button
Seat 2: senhorbigodess ($0.96 in chips) 
Seat 3: fanczy ($2 in chips) 
Seat 4: novoxopersk ($1.68 in chips) 
Seat 5: Dorex2007 ($1.76 in chips) 
Seat 6: glelite ($1.86 in chips) 
Seat 7: Ebisu 64 ($3.25 in chips) 
Seat 8: CardVision ($2.07 in chips) 
Seat 9: Z4dyIII ($3.70 in chips) 
CardVision: posts small blind $0.01
Z4dyIII: posts big blind $0.02
DVJuni: sits out 
*** HOLE CARDS ***
Dealt to Dorex2007 [5h 8h]
senhorbigodess: folds 
fanczy: raises $0.04 to $0.06
novoxopersk: folds 
Dorex2007: folds 
glelite: folds 
Ebisu 64 has timed out
Ebisu 64: folds 
CardVision: folds 
Z4dyIII: folds 
Uncalled bet ($0.04) returned to fanczy
fanczy collected $0.05 from pot
fanczy: doesn't show hand 
*** SUMMARY ***
Total pot $0.05 | Rake $0 
Seat 2: senhorbigodess folded before Flop (didn't bet)
Seat 3: fanczy collected ($0.05)
Seat 4: novoxopersk folded before Flop (didn't bet)
Seat 5: Dorex2007 folded before Flop (didn't bet)
Seat 6: glelite folded before Flop (didn't bet)
Seat 7: Ebisu 64 (button) folded before Flop (didn't bet)
Seat 8: CardVision (small blind) folded before Flop
Seat 9: Z4dyIII (big blind) folded before Flop



PokerStars Hand #224877099795:  Hold'em No Limit ($0.01/$0.02 USD) - 2021/03/16 12:53:54 PT [2021/03/16 15:53:54 ET]
Table 'Hudrus V' 9-max Seat #8 is the button
Seat 1: DVJuni ($1.50 in chips) 
Seat 2: senhorbigodess ($0.96 in chips) 
Seat 3: fanczy ($2.03 in chips) 
Seat 4: novoxopersk ($1.68 in chips) 
Seat 5: Dorex2007 ($1.76 in chips) 
Seat 6: glelite ($1.86 in chips) 
Seat 8: CardVision ($2.06 in chips) 
Seat 9: Z4dyIII ($3.68 in chips) 
Z4dyIII: posts small blind $0.01
DVJuni: posts big blind $0.02
*** HOLE CARDS ***
Dealt to Dorex2007 [Kc 4s]
senhorbigodess: folds 
fanczy: folds 
novoxopersk: folds 
Dorex2007: folds 
glelite: raises $0.03 to $0.05
CardVision: folds 
Z4dyIII: folds 
DVJuni: calls $0.03
*** FLOP *** [Jd Tc Td]
DVJuni: checks 
glelite: bets $0.05
DVJuni: folds 
Uncalled bet ($0.05) returned to glelite
glelite collected $0.11 from pot
glelite: doesn't show hand 
*** SUMMARY ***
Total pot $0.11 | Rake $0 
Board [Jd Tc Td]
Seat 1: DVJuni (big blind) folded on the Flop
Seat 2: senhorbigodess folded before Flop (didn't bet)
Seat 3: fanczy folded before Flop (didn't bet)
Seat 4: novoxopersk folded before Flop (didn't bet)
Seat 5: Dorex2007 folded before Flop (didn't bet)
Seat 6: glelite collected ($0.11)
Seat 8: CardVision (button) folded before Flop (didn't bet)
Seat 9: Z4dyIII (small blind) folded before Flop



PokerStars Hand #224877126840:  Hold'em No Limit ($0.01/$0.02 USD) - 2021/03/16 12:54:37 PT [2021/03/16 15:54:37 ET]
Table 'Hudrus V' 9-max Seat #9 is the button
Seat 1: DVJuni ($1.45 in chips) 
Seat 2: senhorbigodess ($0.96 in chips) 
Seat 3: fanczy ($2.03 in chips) 
Seat 4: novoxopersk ($1.68 in chips) 
Seat 5: Dorex2007 ($1.76 in chips) 
Seat 6: glelite ($1.92 in chips) 
Seat 7: Ebisu 64 ($3.25 in chips) 
Seat 8: CardVision ($2.06 in chips) 
Seat 9: Z4dyIII ($3.67 in chips) 
DVJuni: posts small blind $0.01
senhorbigodess: posts big blind $0.02
*** HOLE CARDS ***
Dealt to Dorex2007 [6s Ah]
fanczy: folds 
novoxopersk: folds 
Dorex2007: folds 
glelite: folds 
Ebisu 64 has timed out
Ebisu 64: folds 
CardVision: raises $0.03 to $0.05
Z4dyIII: folds 
DVJuni: folds 
senhorbigodess: folds 
Uncalled bet ($0.03) returned to CardVision
CardVision collected $0.05 from pot
CardVision: doesn't show hand 
*** SUMMARY ***
Total pot $0.05 | Rake $0 
Seat 1: DVJuni (small blind) folded before Flop
Seat 2: senhorbigodess (big blind) folded before Flop
Seat 3: fanczy folded before Flop (didn't bet)
Seat 4: novoxopersk folded before Flop (didn't bet)
Seat 5: Dorex2007 folded before Flop (didn't bet)
Seat 6: glelite folded before Flop (didn't bet)
Seat 7: Ebisu 64 folded before Flop (didn't bet)
Seat 8: CardVision collected ($0.05)
Seat 9: Z4dyIII (button) folded before Flop (didn't bet)



PokerStars Hand #224877144212:  Hold'em No Limit ($0.01/$0.02 USD) - 2021/03/16 12:55:04 PT [2021/03/16 15:55:04 ET]
Table 'Hudrus V' 9-max Seat #1 is the button
Seat 1: DVJuni ($1.44 in chips) 
Seat 2: senhorbigodess ($0.94 in chips) 
Seat 3: fanczy ($2.03 in chips) 
Seat 4: novoxopersk ($1.68 in chips) 
Seat 5: Dorex2007 ($1.76 in chips) 
Seat 6: glelite ($1.92 in chips) 
Seat 8: CardVision ($2.09 in chips) 
Seat 9: Z4dyIII ($3.67 in chips) 
senhorbigodess: posts small blind $0.01
fanczy: posts big blind $0.02
*** HOLE CARDS ***
Dealt to Dorex2007 [7s 4s]
novoxopersk: folds 
Dorex2007: folds 
glelite: folds 
CardVision: folds 
Z4dyIII: folds 
DVJuni: folds 
senhorbigodess: calls $0.01
fanczy: raises $0.04 to $0.06
senhorbigodess: folds 
Uncalled bet ($0.04) returned to fanczy
fanczy collected $0.04 from pot
fanczy: doesn't show hand 
*** SUMMARY ***
Total pot $0.04 | Rake $0 
Seat 1: DVJuni (button) folded before Flop (didn't bet)
Seat 2: senhorbigodess (small blind) folded before Flop
Seat 3: fanczy (big blind) collected ($0.04)
Seat 4: novoxopersk folded before Flop (didn't bet)
Seat 5: Dorex2007 folded before Flop (didn't bet)
Seat 6: glelite folded before Flop (didn't bet)
Seat 8: CardVision folded before Flop (didn't bet)
Seat 9: Z4dyIII folded before Flop (didn't bet)



PokerStars Hand #224877155049:  Hold'em No Limit ($0.01/$0.02 USD) - 2021/03/16 12:55:25 PT [2021/03/16 15:55:25 ET]
Table 'Hudrus V' 9-max Seat #2 is the button
Seat 1: DVJuni ($1.44 in chips) 
Seat 2: senhorbigodess ($0.92 in chips) 
Seat 3: fanczy ($2.05 in chips) 
Seat 5: Dorex2007 ($1.76 in chips) 
Seat 6: glelite ($1.92 in chips) 
Seat 8: CardVision ($2.09 in chips) 
Seat 9: Z4dyIII ($3.67 in chips) 
fanczy: posts small blind $0.01
Dorex2007: posts big blind $0.02
*** HOLE CARDS ***
Dealt to Dorex2007 [Ah 3d]
glelite: raises $0.02 to $0.04
CardVision: folds 
Z4dyIII: folds 
DVJuni: folds 
senhorbigodess: folds 
fanczy: folds 
Dorex2007: folds 
Uncalled bet ($0.02) returned to glelite
glelite collected $0.05 from pot
glelite: doesn't show hand 
*** SUMMARY ***
Total pot $0.05 | Rake $0 
Seat 1: DVJuni folded before Flop (didn't bet)
Seat 2: senhorbigodess (button) folded before Flop (didn't bet)
Seat 3: fanczy (small blind) folded before Flop
Seat 5: Dorex2007 (big blind) folded before Flop
Seat 6: glelite collected ($0.05)
Seat 8: CardVision folded before Flop (didn't bet)
Seat 9: Z4dyIII folded before Flop (didn't bet)



PokerStars Hand #224877164631:  Hold'em No Limit ($0.01/$0.02 USD) - 2021/03/16 12:55:45 PT [2021/03/16 15:55:45 ET]
Table 'Hudrus V' 9-max Seat #3 is the button
Seat 1: DVJuni ($1.44 in chips) 
Seat 2: senhorbigodess ($0.92 in chips) 
Seat 3: fanczy ($2.04 in chips) 
Seat 5: Dorex2007 ($1.74 in chips) 
Seat 6: glelite ($1.95 in chips) 
Seat 8: CardVision ($2.09 in chips) 
Dorex2007: posts small blind $0.01
glelite: posts big blind $0.02
*** HOLE CARDS ***
Dealt to Dorex2007 [4d Td]
CardVision: raises $0.04 to $0.06
DVJuni: folds 
novoxopersk leaves the table
Z4dyIII leaves the table
senhorbigodess: raises $0.06 to $0.12
fanczy: folds 
Dorex2007: folds 
glelite: folds 
CardVision: calls $0.06
*** FLOP *** [8h Ac 3s]
CardVision: checks 
senhorbigodess: bets $0.06
CardVision: folds 
Uncalled bet ($0.06) returned to senhorbigodess
senhorbigodess collected $0.26 from pot
*** SUMMARY ***
Total pot $0.27 | Rake $0.01 
Board [8h Ac 3s]
Seat 1: DVJuni folded before Flop (didn't bet)
Seat 2: senhorbigodess collected ($0.26)
Seat 3: fanczy (button) folded before Flop (didn't bet)
Seat 5: Dorex2007 (small blind) folded before Flop
Seat 6: glelite (big blind) folded before Flop
Seat 8: CardVision folded on the Flop



PokerStars Hand #224877181739:  Hold'em No Limit ($0.01/$0.02 USD) - 2021/03/16 12:56:21 PT [2021/03/16 15:56:21 ET]
Table 'Hudrus V' 9-max Seat #5 is the button
Seat 1: DVJuni ($1.44 in chips) 
Seat 2: senhorbigodess ($1.06 in chips) 
Seat 3: fanczy ($2.04 in chips) 
Seat 5: Dorex2007 ($1.73 in chips) 
Seat 6: glelite ($1.93 in chips) 
Seat 8: CardVision ($2 in chips) 
glelite: posts small blind $0.01
CardVision: posts big blind $0.02
*** HOLE CARDS ***
Dealt to Dorex2007 [5h 6h]
DVJuni: calls $0.02
senhorbigodess: folds 
fanczy: folds 
Dorex2007: calls $0.02
glelite: folds 
CardVision: checks 
*** FLOP *** [7c 3h 4h]
CardVision: checks 
DVJuni: checks 
Dorex2007: bets $0.07
CardVision: folds 
DVJuni: folds 
Uncalled bet ($0.07) returned to Dorex2007
Dorex2007 collected $0.07 from pot
Dorex2007: doesn't show hand 
*** SUMMARY ***
Total pot $0.07 | Rake $0 
Board [7c 3h 4h]
Seat 1: DVJuni folded on the Flop
Seat 2: senhorbigodess folded before Flop (didn't bet)
Seat 3: fanczy folded before Flop (didn't bet)
Seat 5: Dorex2007 (button) collected ($0.07)
Seat 6: glelite (small blind) folded before Flop
Seat 8: CardVision (big blind) folded on the Flop



PokerStars Hand #224877203515:  Hold'em No Limit ($0.01/$0.02 USD) - 2021/03/16 12:57:06 PT [2021/03/16 15:57:06 ET]
Table 'Hudrus V' 9-max Seat #6 is the button
Seat 1: DVJuni ($1.42 in chips) 
Seat 2: senhorbigodess ($1.06 in chips) 
Seat 3: fanczy ($2.04 in chips) 
Seat 5: Dorex2007 ($1.78 in chips) 
Seat 6: glelite ($1.92 in chips) 
Seat 8: CardVision ($2 in chips) 
CardVision: posts small blind $0.01
DVJuni: posts big blind $0.02
*** HOLE CARDS ***
Dealt to Dorex2007 [3s 4c]
senhorbigodess: folds 
fanczy: folds 
Dorex2007: folds 
glelite: folds 
CardVision: folds 
Uncalled bet ($0.01) returned to DVJuni
DVJuni collected $0.02 from pot
*** SUMMARY ***
Total pot $0.02 | Rake $0 
Seat 1: DVJuni (big blind) collected ($0.02)
Seat 2: senhorbigodess folded before Flop (didn't bet)
Seat 3: fanczy folded before Flop (didn't bet)
Seat 5: Dorex2007 folded before Flop (didn't bet)
Seat 6: glelite (button) folded before Flop (didn't bet)
Seat 8: CardVision (small blind) folded before Flop



PokerStars Hand #224877210202:  Hold'em No Limit ($0.01/$0.02 USD) - 2021/03/16 12:57:20 PT [2021/03/16 15:57:20 ET]
Table 'Hudrus V' 9-max Seat #8 is the button
Seat 1: DVJuni ($1.43 in chips) 
Seat 2: senhorbigodess ($1.06 in chips) 
Seat 3: fanczy ($2.04 in chips) 
Seat 5: Dorex2007 ($1.78 in chips) 
Seat 6: glelite ($1.92 in chips) 
Seat 8: CardVision ($2 in chips) 
DVJuni: posts small blind $0.01
senhorbigodess: posts big blind $0.02
*** HOLE CARDS ***
Dealt to Dorex2007 [Ad 7h]
fanczy: raises $0.04 to $0.06
Dorex2007: folds 
glelite: folds 
CardVision: folds 
Vitiiok joins the table at seat #9 
DVJuni: folds 
senhorbigodess: calls $0.04
*** FLOP *** [3s Qd 8s]
senhorbigodess: checks 
fanczy: checks 
*** TURN *** [3s Qd 8s] [2c]
senhorbigodess: checks 
fanczy: bets $0.04
senhorbigodess: folds 
Uncalled bet ($0.04) returned to fanczy
fanczy collected $0.13 from pot
fanczy: doesn't show hand 
*** SUMMARY ***
Total pot $0.13 | Rake $0 
Board [3s Qd 8s 2c]
Seat 1: DVJuni (small blind) folded before Flop
Seat 2: senhorbigodess (big blind) folded on the Turn
Seat 3: fanczy collected ($0.13)
Seat 5: Dorex2007 folded before Flop (didn't bet)
Seat 6: glelite folded before Flop (didn't bet)
Seat 8: CardVision (button) folded before Flop (didn't bet)



PokerStars Hand #224877238678:  Hold'em No Limit ($0.01/$0.02 USD) - 2021/03/16 12:58:19 PT [2021/03/16 15:58:19 ET]
Table 'Hudrus V' 9-max Seat #1 is the button
Seat 1: DVJuni ($1.42 in chips) 
Seat 2: senhorbigodess ($1 in chips) 
Seat 3: fanczy ($2.11 in chips) 
Seat 5: Dorex2007 ($1.78 in chips) 
Seat 6: glelite ($1.92 in chips) 
Seat 8: CardVision ($2 in chips) 
Seat 9: Vitiiok ($0.80 in chips) 
senhorbigodess: posts small blind $0.01
fanczy: posts big blind $0.02
Vitiiok: posts big blind $0.02
*** HOLE CARDS ***
Dealt to Dorex2007 [9c Ah]
Dorex2007: folds 
glelite: raises $0.02 to $0.04
CardVision: folds 
Kate 7744 joins the table at seat #4 
Vitiiok: folds 
DVJuni: folds 
senhorbigodess: folds 
fanczy: raises $0.08 to $0.12
glelite: calls $0.08
*** FLOP *** [6s 7h 4c]
fanczy: checks 
glelite: checks 
*** TURN *** [6s 7h 4c] [4d]
fanczy: bets $0.08
glelite: folds 
Uncalled bet ($0.08) returned to fanczy
fanczy collected $0.26 from pot
fanczy: doesn't show hand 
*** SUMMARY ***
Total pot $0.27 | Rake $0.01 
Board [6s 7h 4c 4d]
Seat 1: DVJuni (button) folded before Flop (didn't bet)
Seat 2: senhorbigodess (small blind) folded before Flop
Seat 3: fanczy (big blind) collected ($0.26)
Seat 5: Dorex2007 folded before Flop (didn't bet)
Seat 6: glelite folded on the Turn
Seat 8: CardVision folded before Flop (didn't bet)
Seat 9: Vitiiok folded before Flop (didn't bet)



PokerStars Hand #224877256088:  Hold'em No Limit ($0.01/$0.02 USD) - 2021/03/16 12:58:55 PT [2021/03/16 15:58:55 ET]
Table 'Hudrus V' 9-max Seat #2 is the button
Seat 1: DVJuni ($1.42 in chips) 
Seat 2: senhorbigodess ($0.99 in chips) 
Seat 3: fanczy ($2.25 in chips) 
Seat 4: Kate 7744 ($0.80 in chips) 
Seat 5: Dorex2007 ($1.78 in chips) 
Seat 6: glelite ($1.80 in chips) 
Seat 8: CardVision ($2 in chips) 
Seat 9: Vitiiok ($0.78 in chips) 
fanczy: posts small blind $0.01
Kate 7744: posts big blind $0.02
*** HOLE CARDS ***
Dealt to Dorex2007 [7s Kh]
Dorex2007: folds 
glelite: folds 
CardVision: raises $0.04 to $0.06
Vitiiok: folds 
DVJuni: folds 
senhorbigodess: folds 
fanczy: folds 
Kate 7744: folds 
Uncalled bet ($0.04) returned to CardVision
CardVision collected $0.05 from pot
CardVision: doesn't show hand 
*** SUMMARY ***
Total pot $0.05 | Rake $0 
Seat 1: DVJuni folded before Flop (didn't bet)
Seat 2: senhorbigodess (button) folded before Flop (didn't bet)
Seat 3: fanczy (small blind) folded before Flop
Seat 4: Kate 7744 (big blind) folded before Flop
Seat 5: Dorex2007 folded before Flop (didn't bet)
Seat 6: glelite folded before Flop (didn't bet)
Seat 8: CardVision collected ($0.05)
Seat 9: Vitiiok folded before Flop (didn't bet)



PokerStars Hand #224877263907:  Hold'em No Limit ($0.01/$0.02 USD) - 2021/03/16 12:59:12 PT [2021/03/16 15:59:12 ET]
Table 'Hudrus V' 9-max Seat #3 is the button
Seat 1: DVJuni ($1.42 in chips) 
Seat 2: senhorbigodess ($0.99 in chips) 
Seat 3: fanczy ($2.24 in chips) 
Seat 4: Kate 7744 ($0.78 in chips) 
Seat 5: Dorex2007 ($1.78 in chips) 
Seat 6: glelite ($1.80 in chips) 
Seat 8: CardVision ($2.03 in chips) 
Seat 9: Vitiiok ($0.78 in chips) 
Kate 7744: posts small blind $0.01
Dorex2007: posts big blind $0.02
*** HOLE CARDS ***
Dealt to Dorex2007 [Js 3h]
glelite: folds 
CardVision: folds 
Vitiiok: folds 
DVJuni: raises $0.02 to $0.04
senhorbigodess: calls $0.04
fanczy: folds 
Kate 7744: folds 
Dorex2007: folds 
*** FLOP *** [5s 7d Jc]
DVJuni: checks 
senhorbigodess: checks 
*** TURN *** [5s 7d Jc] [Jh]
DVJuni: checks 
senhorbigodess: bets $0.04
DVJuni: calls $0.04
*** RIVER *** [5s 7d Jc Jh] [9s]
DVJuni: checks 
senhorbigodess: bets $0.06
DVJuni: folds 
Uncalled bet ($0.06) returned to senhorbigodess
senhorbigodess collected $0.18 from pot
senhorbigodess: doesn't show hand 
*** SUMMARY ***
Total pot $0.19 | Rake $0.01 
Board [5s 7d Jc Jh 9s]
Seat 1: DVJuni folded on the River
Seat 2: senhorbigodess collected ($0.18)
Seat 3: fanczy (button) folded before Flop (didn't bet)
Seat 4: Kate 7744 (small blind) folded before Flop
Seat 5: Dorex2007 (big blind) folded before Flop
Seat 6: glelite folded before Flop (didn't bet)
Seat 8: CardVision folded before Flop (didn't bet)
Seat 9: Vitiiok folded before Flop (didn't bet)



PokerStars Hand #224877292028:  Hold'em No Limit ($0.01/$0.02 USD) - 2021/03/16 13:00:09 PT [2021/03/16 16:00:09 ET]
Table 'Hudrus V' 9-max Seat #4 is the button
Seat 1: DVJuni ($1.34 in chips) 
Seat 2: senhorbigodess ($1.09 in chips) 
Seat 3: fanczy ($2.24 in chips) 
Seat 4: Kate 7744 ($0.77 in chips) 
Seat 5: Dorex2007 ($1.76 in chips) 
Seat 6: glelite ($1.80 in chips) 
Seat 8: CardVision ($2.03 in chips) 
Seat 9: Vitiiok ($0.78 in chips) 
Dorex2007: posts small blind $0.01
glelite: posts big blind $0.02
*** HOLE CARDS ***
Dealt to Dorex2007 [8c Qc]
CardVision: folds 
Vitiiok: folds 
DVJuni: folds 
senhorbigodess: folds 
fanczy: folds 
Kate 7744: calls $0.02
Dorex2007: calls $0.01
glelite: checks 
*** FLOP *** [3d Ac 9c]
Dorex2007: bets $0.04
glelite: folds 
Kate 7744: folds 
Uncalled bet ($0.04) returned to Dorex2007
Dorex2007 collected $0.06 from pot
Dorex2007: doesn't show hand 
*** SUMMARY ***
Total pot $0.06 | Rake $0 
Board [3d Ac 9c]
Seat 1: DVJuni folded before Flop (didn't bet)
Seat 2: senhorbigodess folded before Flop (didn't bet)
Seat 3: fanczy folded before Flop (didn't bet)
Seat 4: Kate 7744 (button) folded on the Flop
Seat 5: Dorex2007 (small blind) collected ($0.06)
Seat 6: glelite (big blind) folded on the Flop
Seat 8: CardVision folded before Flop (didn't bet)
Seat 9: Vitiiok folded before Flop (didn't bet)



PokerStars Hand #224877304889:  Hold'em No Limit ($0.01/$0.02 USD) - 2021/03/16 13:00:35 PT [2021/03/16 16:00:35 ET]
Table 'Hudrus V' 9-max Seat #5 is the button
Seat 1: DVJuni ($1.34 in chips) 
Seat 2: senhorbigodess ($1.09 in chips) 
Seat 3: fanczy ($2.24 in chips) 
Seat 4: Kate 7744 ($0.75 in chips) 
Seat 5: Dorex2007 ($1.80 in chips) 
Seat 6: glelite ($2 in chips) 
Seat 8: CardVision ($2.03 in chips) 
Seat 9: Vitiiok ($0.78 in chips) 
glelite: posts small blind $0.01
CardVision: posts big blind $0.02
*** HOLE CARDS ***
Dealt to Dorex2007 [8h 5d]
Vitiiok: calls $0.02
DVJuni: folds 
senhorbigodess has timed out
senhorbigodess: folds 
fanczy: raises $0.04 to $0.06
Kate 7744: folds 
Dorex2007: folds 
glelite: calls $0.05
CardVision: folds 
Vitiiok: calls $0.04
*** FLOP *** [Qd 3d 4h]
glelite: checks 
Vitiiok: checks 
fanczy: bets $0.10
glelite: folds 
Vitiiok: folds 
Uncalled bet ($0.10) returned to fanczy
fanczy collected $0.19 from pot
fanczy: doesn't show hand 
*** SUMMARY ***
Total pot $0.20 | Rake $0.01 
Board [Qd 3d 4h]
Seat 1: DVJuni folded before Flop (didn't bet)
Seat 2: senhorbigodess folded before Flop (didn't bet)
Seat 3: fanczy collected ($0.19)
Seat 4: Kate 7744 folded before Flop (didn't bet)
Seat 5: Dorex2007 (button) folded before Flop (didn't bet)
Seat 6: glelite (small blind) folded on the Flop
Seat 8: CardVision (big blind) folded before Flop
Seat 9: Vitiiok folded on the Flop



PokerStars Hand #224877330663:  Hold'em No Limit ($0.01/$0.02 USD) - 2021/03/16 13:01:22 PT [2021/03/16 16:01:22 ET]
Table 'Hudrus V' 9-max Seat #6 is the button
Seat 2: senhorbigodess ($1.09 in chips) 
Seat 3: fanczy ($2.37 in chips) 
Seat 4: Kate 7744 ($0.75 in chips) 
Seat 5: Dorex2007 ($1.80 in chips) 
Seat 6: glelite ($1.94 in chips) 
Seat 8: CardVision ($2.01 in chips) 
CardVision: posts small blind $0.01
Vitiiok: is sitting out 
DVJuni: is sitting out 
senhorbigodess: posts big blind $0.02
*** HOLE CARDS ***
Dealt to Dorex2007 [5c 7h]
fanczy: raises $0.04 to $0.06
DVJuni leaves the table
Kate 7744: folds 
Vitiiok leaves the table
Dorex2007: folds 
glelite: folds 
Kate 7744 leaves the table
CardVision: folds 
senhorbigodess: folds 
Uncalled bet ($0.04) returned to fanczy
fanczy collected $0.05 from pot
fanczy: doesn't show hand 
*** SUMMARY ***
Total pot $0.05 | Rake $0 
Seat 2: senhorbigodess (big blind) folded before Flop
Seat 3: fanczy collected ($0.05)
Seat 4: Kate 7744 folded before Flop (didn't bet)
Seat 5: Dorex2007 folded before Flop (didn't bet)
Seat 6: glelite (button) folded before Flop (didn't bet)
Seat 8: CardVision (small blind) folded before Flop



PokerStars Hand #224877343186:  Hold'em No Limit ($0.01/$0.02 USD) - 2021/03/16 13:01:43 PT [2021/03/16 16:01:43 ET]
Table 'Hudrus V' 9-max Seat #8 is the button
Seat 2: senhorbigodess ($1.07 in chips) 
Seat 3: fanczy ($2.40 in chips) 
Seat 5: Dorex2007 ($1.80 in chips) 
Seat 6: glelite ($1.94 in chips) 
Seat 8: CardVision ($2 in chips) 
senhorbigodess: posts small blind $0.01
fanczy: posts big blind $0.02
*** HOLE CARDS ***
Dealt to Dorex2007 [As Qc]
Dorex2007: raises $0.04 to $0.06
glelite: folds 
CardVision: calls $0.06
senhorbigodess: folds 
fanczy: folds 
*** FLOP *** [Td 8d Js]
Dorex2007: checks 
CardVision: checks 
*** TURN *** [Td 8d Js] [9h]
Dorex2007: bets $0.09
CardVision: calls $0.09
*** RIVER *** [Td 8d Js 9h] [4c]
Dorex2007: bets $0.21
CardVision: raises $0.37 to $0.58
Dorex2007: calls $0.37
*** SHOW DOWN ***
CardVision: shows [Ah Qs] (a straight, Eight to Queen)
Dorex2007: shows [As Qc] (a straight, Eight to Queen)
Dorex2007 collected $0.72 from pot
CardVision collected $0.72 from pot
*** SUMMARY ***
Total pot $1.49 | Rake $0.05 
Board [Td 8d Js 9h 4c]
Seat 2: senhorbigodess (small blind) folded before Flop
Seat 3: fanczy (big blind) folded before Flop
Seat 5: Dorex2007 showed [As Qc] and won ($0.72) with a straight, Eight to Queen
Seat 6: glelite folded before Flop (didn't bet)
Seat 8: CardVision (button) showed [Ah Qs] and won ($0.72) with a straight, Eight to Queen



PokerStars Hand #224877379690:  Hold'em No Limit ($0.01/$0.02 USD) - 2021/03/16 13:02:43 PT [2021/03/16 16:02:43 ET]
Table 'Hudrus V' 9-max Seat #2 is the button
Seat 2: senhorbigodess ($1.06 in chips) 
Seat 3: fanczy ($2.38 in chips) 
Seat 5: Dorex2007 ($1.79 in chips) 
Seat 6: glelite ($1.94 in chips) 
Seat 7: Ebisu 64 ($3.25 in chips) 
Seat 8: CardVision ($2 in chips) 
fanczy: posts small blind $0.01
Dorex2007: posts big blind $0.02
Ebisu 64: posts small & big blinds $0.03
*** HOLE CARDS ***
Dealt to Dorex2007 [Th Kc]
glelite: raises $0.04 to $0.06
Ebisu 64: folds 
CardVision: calls $0.06
senhorbigodess: folds 
senhorbigodess leaves the table
fanczy: calls $0.05
Dorex2007: folds 
*** FLOP *** [4s 7c Ts]
fanczy: checks 
glelite: checks 
CardVision: bets $0.15
fanczy: folds 
glelite: folds 
Uncalled bet ($0.15) returned to CardVision
CardVision collected $0.22 from pot
CardVision: doesn't show hand 
*** SUMMARY ***
Total pot $0.23 | Rake $0.01 
Board [4s 7c Ts]
Seat 2: senhorbigodess (button) folded before Flop (didn't bet)
Seat 3: fanczy (small blind) folded on the Flop
Seat 5: Dorex2007 (big blind) folded before Flop
Seat 6: glelite folded on the Flop
Seat 7: Ebisu 64 folded before Flop (didn't bet)
Seat 8: CardVision collected ($0.22)



PokerStars Hand #224877407400:  Hold'em No Limit ($0.01/$0.02 USD) - 2021/03/16 13:03:27 PT [2021/03/16 16:03:27 ET]
Table 'Hudrus V' 9-max Seat #3 is the button
Seat 3: fanczy ($2.32 in chips) 
Seat 5: Dorex2007 ($1.77 in chips) 
Seat 7: Ebisu 64 ($3.22 in chips) 
Seat 8: CardVision ($2.16 in chips) 
Dorex2007: posts small blind $0.01
glelite: is sitting out 
Ebisu 64: posts big blind $0.02
*** HOLE CARDS ***
Dealt to Dorex2007 [9c Ah]
CardVision: folds 
fanczy: folds 
Dorex2007: calls $0.01
Ebisu 64: checks 
*** FLOP *** [Ad 6d 4h]
Dorex2007: bets $0.04
Ebisu 64: folds 
Uncalled bet ($0.04) returned to Dorex2007
glelite leaves the table
Dorex2007 collected $0.04 from pot
Dorex2007: doesn't show hand 
*** SUMMARY ***
Total pot $0.04 | Rake $0 
Board [Ad 6d 4h]
Seat 3: fanczy (button) folded before Flop (didn't bet)
Seat 5: Dorex2007 (small blind) collected ($0.04)
Seat 7: Ebisu 64 (big blind) folded on the Flop
Seat 8: CardVision folded before Flop (didn't bet)



