PokerStars Hand #232651543132:  Hold'em No Limit ($0.01/$0.02 USD) - 2021/12/29 22:10:34 PT [2021/12/30 1:10:34 ET]
Table 'Owa III' 9-max Seat #9 is the button
Seat 2: dboulay1979 ($2 in chips) 
Seat 3: rocks all ($1.60 in chips) 
Seat 4: votanic ($1.58 in chips) 
Seat 5: KATASTROF118 ($0.35 in chips) 
Seat 6: BERKYT1 ($1.62 in chips) 
Seat 7: Dorex2007 ($2 in chips) 
Seat 8: BR00RB ($2.37 in chips) 
Seat 9: taramario ($1.94 in chips) 
dboulay1979: posts small blind $0.01
rocks all: posts big blind $0.02
Dorex2007: posts big blind $0.02
*** HOLE CARDS ***
Dealt to Dorex2007 [3d 7c]
votanic: folds 
KATASTROF118: raises $0.06 to $0.08
BERKYT1: folds 
Dorex2007: folds 
BR00RB: folds 
taramario: folds 
dboulay1979: folds 
bojnice21 leaves the table
rocks all: calls $0.06
*** FLOP *** [9h 7s 8h]
rocks all: checks 
KATASTROF118: bets $0.27 and is all-in
sofaking1973 joins the table at seat #1 
rocks all: calls $0.27
*** TURN *** [9h 7s 8h] [3h]
*** RIVER *** [9h 7s 8h 3h] [Kh]
*** SHOW DOWN ***
rocks all: shows [Kc 9d] (two pair, Kings and Nines)
KATASTROF118: shows [Tc Ah] (a flush, Ace high)
KATASTROF118 collected $0.70 from pot
*** SUMMARY ***
Total pot $0.73 | Rake $0.03 
Board [9h 7s 8h 3h Kh]
Seat 2: dboulay1979 (small blind) folded before Flop
Seat 3: rocks all (big blind) showed [Kc 9d] and lost with two pair, Kings and Nines
Seat 4: votanic folded before Flop (didn't bet)
Seat 5: KATASTROF118 showed [Tc Ah] and won ($0.70) with a flush, Ace high
Seat 6: BERKYT1 folded before Flop (didn't bet)
Seat 7: Dorex2007 folded before Flop (didn't bet)
Seat 8: BR00RB folded before Flop (didn't bet)
Seat 9: taramario (button) folded before Flop (didn't bet)



PokerStars Hand #232651556629:  Hold'em No Limit ($0.01/$0.02 USD) - 2021/12/29 22:11:25 PT [2021/12/30 1:11:25 ET]
Table 'Owa III' 9-max Seat #2 is the button
Seat 2: dboulay1979 ($2 in chips) 
Seat 3: rocks all ($1.25 in chips) 
Seat 4: votanic ($1.58 in chips) 
Seat 5: KATASTROF118 ($0.70 in chips) 
Seat 6: BERKYT1 ($1.62 in chips) 
Seat 7: Dorex2007 ($2 in chips) 
Seat 8: BR00RB ($2.37 in chips) 
Seat 9: taramario ($1.94 in chips) 
rocks all: posts small blind $0.01
votanic: posts big blind $0.02
sofaking1973: sits out 
*** HOLE CARDS ***
Dealt to Dorex2007 [9c Jc]
KATASTROF118: folds 
BERKYT1: folds 
Dorex2007: folds 
BR00RB: folds 
taramario: calls $0.02
dboulay1979: folds 
rocks all: folds 
votanic: checks 
*** FLOP *** [6c 7d Qh]
votanic: checks 
taramario: checks 
*** TURN *** [6c 7d Qh] [3s]
votanic: checks 
taramario: checks 
*** RIVER *** [6c 7d Qh 3s] [3d]
votanic: checks 
taramario: checks 
*** SHOW DOWN ***
votanic: shows [4h 9h] (a pair of Threes)
taramario: shows [Jd Th] (a pair of Threes - Queen+Jack kicker)
taramario collected $0.05 from pot
*** SUMMARY ***
Total pot $0.05 | Rake $0 
Board [6c 7d Qh 3s 3d]
Seat 2: dboulay1979 (button) folded before Flop (didn't bet)
Seat 3: rocks all (small blind) folded before Flop
Seat 4: votanic (big blind) showed [4h 9h] and lost with a pair of Threes
Seat 5: KATASTROF118 folded before Flop (didn't bet)
Seat 6: BERKYT1 folded before Flop (didn't bet)
Seat 7: Dorex2007 folded before Flop (didn't bet)
Seat 8: BR00RB folded before Flop (didn't bet)
Seat 9: taramario showed [Jd Th] and won ($0.05) with a pair of Threes



PokerStars Hand #232651562143:  Hold'em No Limit ($0.01/$0.02 USD) - 2021/12/29 22:12:02 PT [2021/12/30 1:12:02 ET]
Table 'Owa III' 9-max Seat #3 is the button
Seat 2: dboulay1979 ($2 in chips) 
Seat 3: rocks all ($1.24 in chips) 
Seat 4: votanic ($1.56 in chips) 
Seat 5: KATASTROF118 ($0.70 in chips) 
Seat 6: BERKYT1 ($1.62 in chips) 
Seat 7: Dorex2007 ($2 in chips) 
Seat 8: BR00RB ($2.37 in chips) 
Seat 9: taramario ($1.97 in chips) 
votanic: posts small blind $0.01
KATASTROF118: posts big blind $0.02
sofaking1973: sits out 
*** HOLE CARDS ***
Dealt to Dorex2007 [Ad 2c]
BERKYT1: folds 
Dorex2007: folds 
BR00RB: folds 
taramario: raises $0.02 to $0.04
dboulay1979: folds 
rocks all: calls $0.04
votanic: folds 
KATASTROF118: folds 
*** FLOP *** [Qh As 8d]
taramario: bets $0.04
rocks all: folds 
Uncalled bet ($0.04) returned to taramario
taramario collected $0.11 from pot
taramario: doesn't show hand 
*** SUMMARY ***
Total pot $0.11 | Rake $0 
Board [Qh As 8d]
Seat 2: dboulay1979 folded before Flop (didn't bet)
Seat 3: rocks all (button) folded on the Flop
Seat 4: votanic (small blind) folded before Flop
Seat 5: KATASTROF118 (big blind) folded before Flop
Seat 6: BERKYT1 folded before Flop (didn't bet)
Seat 7: Dorex2007 folded before Flop (didn't bet)
Seat 8: BR00RB folded before Flop (didn't bet)
Seat 9: taramario collected ($0.11)



PokerStars Hand #232651565715:  Hold'em No Limit ($0.01/$0.02 USD) - 2021/12/29 22:12:25 PT [2021/12/30 1:12:25 ET]
Table 'Owa III' 9-max Seat #4 is the button
Seat 2: dboulay1979 ($2 in chips) 
Seat 3: rocks all ($1.20 in chips) 
Seat 4: votanic ($1.55 in chips) 
Seat 5: KATASTROF118 ($0.68 in chips) 
Seat 6: BERKYT1 ($1.62 in chips) 
Seat 7: Dorex2007 ($2 in chips) 
Seat 8: BR00RB ($2.37 in chips) 
Seat 9: taramario ($2.04 in chips) 
KATASTROF118: posts small blind $0.01
BERKYT1: posts big blind $0.02
sofaking1973: sits out 
*** HOLE CARDS ***
Dealt to Dorex2007 [4c Kc]
Dorex2007: folds 
BR00RB: folds 
taramario: raises $0.02 to $0.04
dboulay1979: calls $0.04
rocks all: folds 
votanic: folds 
KATASTROF118: folds 
BERKYT1: calls $0.02
*** FLOP *** [6c Kh 5c]
BERKYT1: checks 
taramario: checks 
dboulay1979: checks 
*** TURN *** [6c Kh 5c] [5s]
BERKYT1: checks 
taramario: bets $0.04
dboulay1979: folds 
BERKYT1: folds 
Uncalled bet ($0.04) returned to taramario
taramario collected $0.13 from pot
taramario: doesn't show hand 
*** SUMMARY ***
Total pot $0.13 | Rake $0 
Board [6c Kh 5c 5s]
Seat 2: dboulay1979 folded on the Turn
Seat 3: rocks all folded before Flop (didn't bet)
Seat 4: votanic (button) folded before Flop (didn't bet)
Seat 5: KATASTROF118 (small blind) folded before Flop
Seat 6: BERKYT1 (big blind) folded on the Turn
Seat 7: Dorex2007 folded before Flop (didn't bet)
Seat 8: BR00RB folded before Flop (didn't bet)
Seat 9: taramario collected ($0.13)



PokerStars Hand #232651572007:  Hold'em No Limit ($0.01/$0.02 USD) - 2021/12/29 22:13:08 PT [2021/12/30 1:13:08 ET]
Table 'Owa III' 9-max Seat #5 is the button
Seat 2: dboulay1979 ($2 in chips) 
Seat 4: votanic ($1.55 in chips) 
Seat 5: KATASTROF118 ($0.67 in chips) 
Seat 6: BERKYT1 ($1.58 in chips) 
Seat 7: Dorex2007 ($2 in chips) 
Seat 8: BR00RB ($2.37 in chips) 
Seat 9: taramario ($2.13 in chips) 
BERKYT1: posts small blind $0.01
Dorex2007: posts big blind $0.02
sofaking1973: sits out 
*** HOLE CARDS ***
Dealt to Dorex2007 [4c 5h]
BR00RB: calls $0.02
taramario: folds 
dboulay1979: raises $0.08 to $0.10
votanic: folds 
KATASTROF118: folds 
BERKYT1: folds 
Dorex2007: folds 
BR00RB: folds 
Uncalled bet ($0.08) returned to dboulay1979
dboulay1979 collected $0.07 from pot
dboulay1979: doesn't show hand 
*** SUMMARY ***
Total pot $0.07 | Rake $0 
Seat 2: dboulay1979 collected ($0.07)
Seat 4: votanic folded before Flop (didn't bet)
Seat 5: KATASTROF118 (button) folded before Flop (didn't bet)
Seat 6: BERKYT1 (small blind) folded before Flop
Seat 7: Dorex2007 (big blind) folded before Flop
Seat 8: BR00RB folded before Flop
Seat 9: taramario folded before Flop (didn't bet)



PokerStars Hand #232651577052:  Hold'em No Limit ($0.01/$0.02 USD) - 2021/12/29 22:13:42 PT [2021/12/30 1:13:42 ET]
Table 'Owa III' 9-max Seat #6 is the button
Seat 2: dboulay1979 ($2.05 in chips) 
Seat 4: votanic ($1.55 in chips) 
Seat 5: KATASTROF118 ($0.67 in chips) 
Seat 6: BERKYT1 ($1.57 in chips) 
Seat 7: Dorex2007 ($2 in chips) 
Seat 8: BR00RB ($2.35 in chips) 
Seat 9: taramario ($2.13 in chips) 
Dorex2007: posts small blind $0.01
BR00RB: posts big blind $0.02
sofaking1973: sits out 
*** HOLE CARDS ***
Dealt to Dorex2007 [4d 2c]
taramario: folds 
dboulay1979: folds 
votanic: folds 
KATASTROF118: folds 
BERKYT1: folds 
Dorex2007: folds 
Uncalled bet ($0.01) returned to BR00RB
BR00RB collected $0.02 from pot
*** SUMMARY ***
Total pot $0.02 | Rake $0 
Seat 2: dboulay1979 folded before Flop (didn't bet)
Seat 4: votanic folded before Flop (didn't bet)
Seat 5: KATASTROF118 folded before Flop (didn't bet)
Seat 6: BERKYT1 (button) folded before Flop (didn't bet)
Seat 7: Dorex2007 (small blind) folded before Flop
Seat 8: BR00RB (big blind) collected ($0.02)
Seat 9: taramario folded before Flop (didn't bet)



PokerStars Hand #232651582610:  Hold'em No Limit ($0.01/$0.02 USD) - 2021/12/29 22:14:01 PT [2021/12/30 1:14:01 ET]
Table 'Owa III' 9-max Seat #7 is the button
Seat 2: dboulay1979 ($2.05 in chips) 
Seat 4: votanic ($1.55 in chips) 
Seat 5: KATASTROF118 ($0.67 in chips) 
Seat 6: BERKYT1 ($1.57 in chips) 
Seat 7: Dorex2007 ($2 in chips) 
Seat 8: BR00RB ($2.36 in chips) 
Seat 9: taramario ($2.13 in chips) 
BR00RB: posts small blind $0.01
taramario: posts big blind $0.02
sofaking1973: sits out 
*** HOLE CARDS ***
Dealt to Dorex2007 [2c 8s]
dboulay1979: folds 
votanic: folds 
KATASTROF118: folds 
BERKYT1: folds 
Dorex2007: folds 
BR00RB: folds 
Uncalled bet ($0.01) returned to taramario
BR00RB leaves the table
taramario collected $0.02 from pot
taramario: doesn't show hand 
*** SUMMARY ***
Total pot $0.02 | Rake $0 
Seat 2: dboulay1979 folded before Flop (didn't bet)
Seat 4: votanic folded before Flop (didn't bet)
Seat 5: KATASTROF118 folded before Flop (didn't bet)
Seat 6: BERKYT1 folded before Flop (didn't bet)
Seat 7: Dorex2007 (button) folded before Flop (didn't bet)
Seat 8: BR00RB (small blind) folded before Flop
Seat 9: taramario (big blind) collected ($0.02)



PokerStars Hand #232651588130:  Hold'em No Limit ($0.01/$0.02 USD) - 2021/12/29 22:14:38 PT [2021/12/30 1:14:38 ET]
Table 'Owa III' 9-max Seat #9 is the button
Seat 2: dboulay1979 ($2.05 in chips) 
Seat 4: votanic ($1.55 in chips) 
Seat 5: KATASTROF118 ($0.67 in chips) 
Seat 6: BERKYT1 ($1.57 in chips) 
Seat 7: Dorex2007 ($2 in chips) 
Seat 9: taramario ($2.14 in chips) 
dboulay1979: posts small blind $0.01
votanic: posts big blind $0.02
*** HOLE CARDS ***
Dealt to Dorex2007 [Kd Kc]
KATASTROF118: raises $0.04 to $0.06
BERKYT1: folds 
djdlp joins the table at seat #8 
Dorex2007: raises $0.18 to $0.24
taramario: folds 
dboulay1979: folds 
votanic: folds 
KATASTROF118: folds 
Uncalled bet ($0.18) returned to Dorex2007
Dorex2007 collected $0.15 from pot
Dorex2007: doesn't show hand 
*** SUMMARY ***
Total pot $0.15 | Rake $0 
Seat 2: dboulay1979 (small blind) folded before Flop
Seat 4: votanic (big blind) folded before Flop
Seat 5: KATASTROF118 folded before Flop
Seat 6: BERKYT1 folded before Flop (didn't bet)
Seat 7: Dorex2007 collected ($0.15)
Seat 9: taramario (button) folded before Flop (didn't bet)



PokerStars Hand #232651591769:  Hold'em No Limit ($0.01/$0.02 USD) - 2021/12/29 22:15:02 PT [2021/12/30 1:15:02 ET]
Table 'Owa III' 9-max Seat #2 is the button
Seat 2: dboulay1979 ($2.04 in chips) 
Seat 4: votanic ($1.53 in chips) 
Seat 5: KATASTROF118 ($0.61 in chips) 
Seat 6: BERKYT1 ($1.57 in chips) 
Seat 7: Dorex2007 ($2.09 in chips) 
Seat 9: taramario ($2.14 in chips) 
votanic: posts small blind $0.01
KATASTROF118: posts big blind $0.02
djdlp: sits out 
sofaking1973: sits out 
*** HOLE CARDS ***
Dealt to Dorex2007 [5h 9d]
BERKYT1: folds 
Dorex2007: folds 
taramario: folds 
dboulay1979: folds 
votanic: calls $0.01
KATASTROF118: checks 
*** FLOP *** [4d Kc Tc]
votanic: checks 
KATASTROF118: checks 
*** TURN *** [4d Kc Tc] [Ad]
votanic: checks 
KATASTROF118: checks 
*** RIVER *** [4d Kc Tc Ad] [8h]
votanic: checks 
KATASTROF118: checks 
*** SHOW DOWN ***
votanic: shows [3s 3d] (a pair of Threes)
KATASTROF118: shows [4h 6h] (a pair of Fours)
KATASTROF118 collected $0.04 from pot
*** SUMMARY ***
Total pot $0.04 | Rake $0 
Board [4d Kc Tc Ad 8h]
Seat 2: dboulay1979 (button) folded before Flop (didn't bet)
Seat 4: votanic (small blind) showed [3s 3d] and lost with a pair of Threes
Seat 5: KATASTROF118 (big blind) showed [4h 6h] and won ($0.04) with a pair of Fours
Seat 6: BERKYT1 folded before Flop (didn't bet)
Seat 7: Dorex2007 folded before Flop (didn't bet)
Seat 9: taramario folded before Flop (didn't bet)



PokerStars Hand #232651596691:  Hold'em No Limit ($0.01/$0.02 USD) - 2021/12/29 22:15:35 PT [2021/12/30 1:15:35 ET]
Table 'Owa III' 9-max Seat #4 is the button
Seat 2: dboulay1979 ($2.04 in chips) 
Seat 4: votanic ($1.51 in chips) 
Seat 5: KATASTROF118 ($0.63 in chips) 
Seat 6: BERKYT1 ($1.57 in chips) 
Seat 7: Dorex2007 ($2.09 in chips) 
Seat 9: taramario ($2.14 in chips) 
KATASTROF118: posts small blind $0.01
BERKYT1: posts big blind $0.02
djdlp: sits out 
sofaking1973: sits out 
*** HOLE CARDS ***
Dealt to Dorex2007 [Jc 2h]
Dorex2007: folds 
djdlp leaves the table
taramario: folds 
dboulay1979: folds 
votanic: folds 
KATASTROF118: folds 
Uncalled bet ($0.01) returned to BERKYT1
BERKYT1 collected $0.02 from pot
BERKYT1: doesn't show hand 
*** SUMMARY ***
Total pot $0.02 | Rake $0 
Seat 2: dboulay1979 folded before Flop (didn't bet)
Seat 4: votanic (button) folded before Flop (didn't bet)
Seat 5: KATASTROF118 (small blind) folded before Flop
Seat 6: BERKYT1 (big blind) collected ($0.02)
Seat 7: Dorex2007 folded before Flop (didn't bet)
Seat 9: taramario folded before Flop (didn't bet)



PokerStars Hand #232651598237:  Hold'em No Limit ($0.01/$0.02 USD) - 2021/12/29 22:15:46 PT [2021/12/30 1:15:46 ET]
Table 'Owa III' 9-max Seat #5 is the button
Seat 2: dboulay1979 ($2.04 in chips) 
Seat 4: votanic ($1.51 in chips) 
Seat 5: KATASTROF118 ($0.62 in chips) 
Seat 6: BERKYT1 ($1.58 in chips) 
Seat 7: Dorex2007 ($2.09 in chips) 
Seat 9: taramario ($2.14 in chips) 
BERKYT1: posts small blind $0.01
Dorex2007: posts big blind $0.02
sofaking1973: sits out 
*** HOLE CARDS ***
Dealt to Dorex2007 [Ad Jh]
taramario: folds 
dboulay1979: folds 
votanic: folds 
KATASTROF118: folds 
BERKYT1: raises $0.04 to $0.06
Dorex2007: raises $0.10 to $0.16
BERKYT1: calls $0.10
*** FLOP *** [3c 6h 7s]
BERKYT1: checks 
Dorex2007: bets $0.31
sofaking1973 leaves the table
BERKYT1: calls $0.31
*** TURN *** [3c 6h 7s] [7c]
BERKYT1: checks 
Dorex2007: bets $1.62 and is all-in
BERKYT1: calls $1.11 and is all-in
Uncalled bet ($0.51) returned to Dorex2007
*** RIVER *** [3c 6h 7s 7c] [Qs]
*** SHOW DOWN ***
BERKYT1: shows [Ah As] (two pair, Aces and Sevens)
Dorex2007: shows [Ad Jh] (a pair of Sevens)
BERKYT1 collected $3.05 from pot
*** SUMMARY ***
Total pot $3.16 | Rake $0.11 
Board [3c 6h 7s 7c Qs]
Seat 2: dboulay1979 folded before Flop (didn't bet)
Seat 4: votanic folded before Flop (didn't bet)
Seat 5: KATASTROF118 (button) folded before Flop (didn't bet)
Seat 6: BERKYT1 (small blind) showed [Ah As] and won ($3.05) with two pair, Aces and Sevens
Seat 7: Dorex2007 (big blind) showed [Ad Jh] and lost with a pair of Sevens
Seat 9: taramario folded before Flop (didn't bet)



PokerStars Hand #232651604484:  Hold'em No Limit ($0.01/$0.02 USD) - 2021/12/29 22:16:28 PT [2021/12/30 1:16:28 ET]
Table 'Owa III' 9-max Seat #6 is the button
Seat 2: dboulay1979 ($2.04 in chips) 
Seat 4: votanic ($1.51 in chips) 
Seat 5: KATASTROF118 ($0.62 in chips) 
Seat 6: BERKYT1 ($3.05 in chips) 
Seat 7: Dorex2007 ($2 in chips) 
Seat 9: taramario ($2.14 in chips) 
Dorex2007: posts small blind $0.01
taramario: posts big blind $0.02
*** HOLE CARDS ***
Dealt to Dorex2007 [7h 4s]
dboulay1979: folds 
votanic: folds 
KATASTROF118: raises $0.04 to $0.06
BERKYT1: folds 
Dorex2007: folds 
taramario: folds 
Uncalled bet ($0.04) returned to KATASTROF118
KATASTROF118 collected $0.05 from pot
KATASTROF118: doesn't show hand 
*** SUMMARY ***
Total pot $0.05 | Rake $0 
Seat 2: dboulay1979 folded before Flop (didn't bet)
Seat 4: votanic folded before Flop (didn't bet)
Seat 5: KATASTROF118 collected ($0.05)
Seat 6: BERKYT1 (button) folded before Flop (didn't bet)
Seat 7: Dorex2007 (small blind) folded before Flop
Seat 9: taramario (big blind) folded before Flop



PokerStars Hand #232651606113:  Hold'em No Limit ($0.01/$0.02 USD) - 2021/12/29 22:16:39 PT [2021/12/30 1:16:39 ET]
Table 'Owa III' 9-max Seat #7 is the button
Seat 2: dboulay1979 ($2.04 in chips) 
Seat 4: votanic ($1.51 in chips) 
Seat 5: KATASTROF118 ($0.65 in chips) 
Seat 6: BERKYT1 ($3.05 in chips) 
Seat 7: Dorex2007 ($2 in chips) 
Seat 9: taramario ($2.12 in chips) 
taramario: posts small blind $0.01
dboulay1979: posts big blind $0.02
*** HOLE CARDS ***
Dealt to Dorex2007 [6d 9c]
votanic: folds 
KATASTROF118: folds 
BERKYT1: raises $0.04 to $0.06
Dorex2007: folds 
taramario: folds 
dboulay1979: raises $0.12 to $0.18
BERKYT1: folds 
Uncalled bet ($0.12) returned to dboulay1979
dboulay1979 collected $0.13 from pot
dboulay1979: doesn't show hand 
*** SUMMARY ***
Total pot $0.13 | Rake $0 
Seat 2: dboulay1979 (big blind) collected ($0.13)
Seat 4: votanic folded before Flop (didn't bet)
Seat 5: KATASTROF118 folded before Flop (didn't bet)
Seat 6: BERKYT1 folded before Flop
Seat 7: Dorex2007 (button) folded before Flop (didn't bet)
Seat 9: taramario (small blind) folded before Flop



PokerStars Hand #232651609300:  Hold'em No Limit ($0.01/$0.02 USD) - 2021/12/29 22:17:00 PT [2021/12/30 1:17:00 ET]
Table 'Owa III' 9-max Seat #9 is the button
Seat 2: dboulay1979 ($2.11 in chips) 
Seat 4: votanic ($1.51 in chips) 
Seat 5: KATASTROF118 ($0.65 in chips) 
Seat 6: BERKYT1 ($2.99 in chips) 
Seat 7: Dorex2007 ($2 in chips) 
Seat 9: taramario ($2.11 in chips) 
dboulay1979: posts small blind $0.01
votanic: posts big blind $0.02
*** HOLE CARDS ***
Dealt to Dorex2007 [Jd 5h]
KATASTROF118: folds 
BERKYT1: folds 
Dorex2007: folds 
taramario: calls $0.02
dboulay1979: calls $0.01
votanic: checks 
*** FLOP *** [Qc 7s 3s]
17d17g17 joins the table at seat #8 
dboulay1979: checks 
votanic: checks 
taramario: checks 
*** TURN *** [Qc 7s 3s] [6d]
dboulay1979: bets $0.05
votanic: folds 
taramario: folds 
Uncalled bet ($0.05) returned to dboulay1979
dboulay1979 collected $0.06 from pot
dboulay1979: doesn't show hand 
*** SUMMARY ***
Total pot $0.06 | Rake $0 
Board [Qc 7s 3s 6d]
Seat 2: dboulay1979 (small blind) collected ($0.06)
Seat 4: votanic (big blind) folded on the Turn
Seat 5: KATASTROF118 folded before Flop (didn't bet)
Seat 6: BERKYT1 folded before Flop (didn't bet)
Seat 7: Dorex2007 folded before Flop (didn't bet)
Seat 9: taramario (button) folded on the Turn



PokerStars Hand #232651613071:  Hold'em No Limit ($0.01/$0.02 USD) - 2021/12/29 22:17:26 PT [2021/12/30 1:17:26 ET]
Table 'Owa III' 9-max Seat #2 is the button
Seat 2: dboulay1979 ($2.15 in chips) 
Seat 4: votanic ($1.49 in chips) 
Seat 5: KATASTROF118 ($0.65 in chips) 
Seat 7: Dorex2007 ($2 in chips) 
Seat 9: taramario ($2.09 in chips) 
votanic: posts small blind $0.01
KATASTROF118: posts big blind $0.02
17d17g17: sits out 
*** HOLE CARDS ***
Dealt to Dorex2007 [Ac Tc]
Dorex2007: raises $0.04 to $0.06
taramario: calls $0.06
dboulay1979: calls $0.06
votanic: folds 
KATASTROF118: folds 
*** FLOP *** [2c As Jc]
Dorex2007: bets $0.10
taramario: folds 
dboulay1979: calls $0.10
*** TURN *** [2c As Jc] [3d]
Dorex2007: bets $0.27
dboulay1979: folds 
Uncalled bet ($0.27) returned to Dorex2007
Dorex2007 collected $0.40 from pot
Dorex2007: doesn't show hand 
*** SUMMARY ***
Total pot $0.41 | Rake $0.01 
Board [2c As Jc 3d]
Seat 2: dboulay1979 (button) folded on the Turn
Seat 4: votanic (small blind) folded before Flop
Seat 5: KATASTROF118 (big blind) folded before Flop
Seat 7: Dorex2007 collected ($0.40)
Seat 9: taramario folded on the Flop



PokerStars Hand #232651618026:  Hold'em No Limit ($0.01/$0.02 USD) - 2021/12/29 22:17:59 PT [2021/12/30 1:17:59 ET]
Table 'Owa III' 9-max Seat #4 is the button
Seat 2: dboulay1979 ($2 in chips) 
Seat 4: votanic ($1.48 in chips) 
Seat 5: KATASTROF118 ($0.63 in chips) 
Seat 7: Dorex2007 ($2.24 in chips) 
Seat 9: taramario ($2.03 in chips) 
KATASTROF118: posts small blind $0.01
Dorex2007: posts big blind $0.02
17d17g17: sits out 
*** HOLE CARDS ***
Dealt to Dorex2007 [Kc 7h]
taramario: raises $0.02 to $0.04
dboulay1979: folds 
votanic: folds 
KATASTROF118: folds 
Dorex2007: folds 
Uncalled bet ($0.02) returned to taramario
taramario collected $0.05 from pot
taramario: doesn't show hand 
*** SUMMARY ***
Total pot $0.05 | Rake $0 
Seat 2: dboulay1979 folded before Flop (didn't bet)
Seat 4: votanic (button) folded before Flop (didn't bet)
Seat 5: KATASTROF118 (small blind) folded before Flop
Seat 7: Dorex2007 (big blind) folded before Flop
Seat 9: taramario collected ($0.05)



PokerStars Hand #232651619845:  Hold'em No Limit ($0.01/$0.02 USD) - 2021/12/29 22:18:12 PT [2021/12/30 1:18:12 ET]
Table 'Owa III' 9-max Seat #5 is the button
Seat 2: dboulay1979 ($2 in chips) 
Seat 4: votanic ($1.48 in chips) 
Seat 5: KATASTROF118 ($0.62 in chips) 
Seat 7: Dorex2007 ($2.22 in chips) 
Seat 8: 17d17g17 ($2 in chips) 
Seat 9: taramario ($2.06 in chips) 
Dorex2007: posts small blind $0.01
17d17g17: posts big blind $0.02
*** HOLE CARDS ***
Dealt to Dorex2007 [8s Kd]
taramario: folds 
dboulay1979: folds 
votanic: folds 
KATASTROF118: folds 
Dorex2007: folds 
Uncalled bet ($0.01) returned to 17d17g17
17d17g17 collected $0.02 from pot
17d17g17: doesn't show hand 
*** SUMMARY ***
Total pot $0.02 | Rake $0 
Seat 2: dboulay1979 folded before Flop (didn't bet)
Seat 4: votanic folded before Flop (didn't bet)
Seat 5: KATASTROF118 (button) folded before Flop (didn't bet)
Seat 7: Dorex2007 (small blind) folded before Flop
Seat 8: 17d17g17 (big blind) collected ($0.02)
Seat 9: taramario folded before Flop (didn't bet)



PokerStars Hand #232651621115:  Hold'em No Limit ($0.01/$0.02 USD) - 2021/12/29 22:18:20 PT [2021/12/30 1:18:20 ET]
Table 'Owa III' 9-max Seat #7 is the button
Seat 2: dboulay1979 ($2 in chips) 
Seat 4: votanic ($1.48 in chips) 
Seat 5: KATASTROF118 ($0.62 in chips) 
Seat 7: Dorex2007 ($2.21 in chips) 
Seat 8: 17d17g17 ($2.01 in chips) 
Seat 9: taramario ($2.06 in chips) 
17d17g17: posts small blind $0.01
taramario: posts big blind $0.02
*** HOLE CARDS ***
Dealt to Dorex2007 [3d Qs]
dboulay1979: folds 
votanic: calls $0.02
KATASTROF118: raises $0.06 to $0.08
Dorex2007: folds 
A..Y ANAEL joins the table at seat #1 
17d17g17 has timed out
17d17g17: folds 
taramario: folds 
votanic: folds 
Uncalled bet ($0.06) returned to KATASTROF118
KATASTROF118 collected $0.07 from pot
KATASTROF118: doesn't show hand 
*** SUMMARY ***
Total pot $0.07 | Rake $0 
Seat 2: dboulay1979 folded before Flop (didn't bet)
Seat 4: votanic folded before Flop
Seat 5: KATASTROF118 collected ($0.07)
Seat 7: Dorex2007 (button) folded before Flop (didn't bet)
Seat 8: 17d17g17 (small blind) folded before Flop
Seat 9: taramario (big blind) folded before Flop



PokerStars Hand #232651627826:  Hold'em No Limit ($0.01/$0.02 USD) - 2021/12/29 22:19:06 PT [2021/12/30 1:19:06 ET]
Table 'Owa III' 9-max Seat #9 is the button
Seat 2: dboulay1979 ($2 in chips) 
Seat 4: votanic ($1.46 in chips) 
Seat 5: KATASTROF118 ($0.67 in chips) 
Seat 7: Dorex2007 ($2.21 in chips) 
Seat 9: taramario ($2.04 in chips) 
dboulay1979: posts small blind $0.01
votanic: posts big blind $0.02
*** HOLE CARDS ***
Dealt to Dorex2007 [7s 8s]
BERKYT1 leaves the table
KATASTROF118 has timed out
KATASTROF118: folds 
Dorex2007: folds 
taramario: calls $0.02
dboulay1979: calls $0.01
votanic: checks 
*** FLOP *** [9c 8c Ac]
dboulay1979: checks 
votanic: checks 
taramario: checks 
*** TURN *** [9c 8c Ac] [2d]
dboulay1979: checks 
votanic: bets $0.06
taramario: folds 
pooby81 joins the table at seat #6 
dboulay1979: calls $0.06
*** RIVER *** [9c 8c Ac 2d] [Qd]
dboulay1979: checks 
votanic: checks 
*** SHOW DOWN ***
dboulay1979: shows [Ks Ah] (a pair of Aces)
votanic: mucks hand 
dboulay1979 collected $0.17 from pot
*** SUMMARY ***
Total pot $0.18 | Rake $0.01 
Board [9c 8c Ac 2d Qd]
Seat 2: dboulay1979 (small blind) showed [Ks Ah] and won ($0.17) with a pair of Aces
Seat 4: votanic (big blind) mucked [Ad 6c]
Seat 5: KATASTROF118 folded before Flop (didn't bet)
Seat 7: Dorex2007 folded before Flop (didn't bet)
Seat 9: taramario (button) folded on the Turn



PokerStars Hand #232651637288:  Hold'em No Limit ($0.01/$0.02 USD) - 2021/12/29 22:20:10 PT [2021/12/30 1:20:10 ET]
Table 'Owa III' 9-max Seat #2 is the button
Seat 1: A..Y ANAEL ($2 in chips) 
Seat 2: dboulay1979 ($2.09 in chips) 
Seat 4: votanic ($1.38 in chips) 
Seat 5: KATASTROF118 ($0.67 in chips) 
Seat 7: Dorex2007 ($2.21 in chips) 
Seat 8: 17d17g17 ($2 in chips) 
Seat 9: taramario ($2.02 in chips) 
votanic: posts small blind $0.01
KATASTROF118: posts big blind $0.02
pooby81: sits out 
A..Y ANAEL: posts big blind $0.02
*** HOLE CARDS ***
Dealt to Dorex2007 [7d Jh]
Dorex2007: folds 
17d17g17: raises $0.04 to $0.06
taramario: folds 
A..Y ANAEL: calls $0.04
dboulay1979: calls $0.06
votanic: calls $0.05
KATASTROF118: folds 
*** FLOP *** [Ks 2s 9d]
votanic: checks 
17d17g17: checks 
A..Y ANAEL: checks 
dboulay1979: checks 
*** TURN *** [Ks 2s 9d] [4c]
votanic: bets $0.25
17d17g17: folds 
A..Y ANAEL: folds 
dboulay1979: folds 
Uncalled bet ($0.25) returned to votanic
votanic collected $0.25 from pot
*** SUMMARY ***
Total pot $0.26 | Rake $0.01 
Board [Ks 2s 9d 4c]
Seat 1: A..Y ANAEL folded on the Turn
Seat 2: dboulay1979 (button) folded on the Turn
Seat 4: votanic (small blind) collected ($0.25)
Seat 5: KATASTROF118 (big blind) folded before Flop
Seat 7: Dorex2007 folded before Flop (didn't bet)
Seat 8: 17d17g17 folded on the Turn
Seat 9: taramario folded before Flop (didn't bet)



PokerStars Hand #232651644361:  Hold'em No Limit ($0.01/$0.02 USD) - 2021/12/29 22:20:58 PT [2021/12/30 1:20:58 ET]
Table 'Owa III' 9-max Seat #4 is the button
Seat 1: A..Y ANAEL ($1.94 in chips) 
Seat 2: dboulay1979 ($2.03 in chips) 
Seat 4: votanic ($1.57 in chips) 
Seat 5: KATASTROF118 ($0.65 in chips) 
Seat 6: pooby81 ($0.80 in chips) 
Seat 7: Dorex2007 ($2.21 in chips) 
Seat 8: 17d17g17 ($1.94 in chips) 
Seat 9: taramario ($2.02 in chips) 
KATASTROF118: posts small blind $0.01
pooby81: posts big blind $0.02
*** HOLE CARDS ***
Dealt to Dorex2007 [3s 6c]
Dorex2007: folds 
17d17g17: folds 
taramario: raises $0.06 to $0.08
A..Y ANAEL: raises $0.06 to $0.14
dboulay1979: folds 
votanic: folds 
KATASTROF118: folds 
pooby81: folds 
taramario: calls $0.06
*** FLOP *** [4h Ac 7h]
taramario: checks 
A..Y ANAEL: checks 
*** TURN *** [4h Ac 7h] [Ad]
taramario: bets $0.10
A..Y ANAEL: calls $0.10
*** RIVER *** [4h Ac 7h Ad] [3h]
taramario: checks 
A..Y ANAEL: bets $0.56
taramario: folds 
Uncalled bet ($0.56) returned to A..Y ANAEL
A..Y ANAEL collected $0.49 from pot
A..Y ANAEL: doesn't show hand 
*** SUMMARY ***
Total pot $0.51 | Rake $0.02 
Board [4h Ac 7h Ad 3h]
Seat 1: A..Y ANAEL collected ($0.49)
Seat 2: dboulay1979 folded before Flop (didn't bet)
Seat 4: votanic (button) folded before Flop (didn't bet)
Seat 5: KATASTROF118 (small blind) folded before Flop
Seat 6: pooby81 (big blind) folded before Flop
Seat 7: Dorex2007 folded before Flop (didn't bet)
Seat 8: 17d17g17 folded before Flop (didn't bet)
Seat 9: taramario folded on the River



PokerStars Hand #232651654881:  Hold'em No Limit ($0.01/$0.02 USD) - 2021/12/29 22:22:08 PT [2021/12/30 1:22:08 ET]
Table 'Owa III' 9-max Seat #5 is the button
Seat 1: A..Y ANAEL ($2.19 in chips) 
Seat 2: dboulay1979 ($2.03 in chips) 
Seat 4: votanic ($1.57 in chips) 
Seat 5: KATASTROF118 ($0.64 in chips) 
Seat 6: pooby81 ($0.78 in chips) 
Seat 7: Dorex2007 ($2.21 in chips) 
Seat 8: 17d17g17 ($1.94 in chips) 
Seat 9: taramario ($1.78 in chips) 
pooby81: posts small blind $0.01
Dorex2007: posts big blind $0.02
*** HOLE CARDS ***
Dealt to Dorex2007 [Ad Kd]
17d17g17: calls $0.02
taramario: folds 
A..Y ANAEL: folds 
dboulay1979: raises $0.06 to $0.08
votanic: folds 
KATASTROF118: folds 
pooby81: folds 
Dorex2007: raises $0.08 to $0.16
17d17g17: folds 
dboulay1979: calls $0.08
*** FLOP *** [7s 5d 3c]
Dorex2007: bets $0.23
dboulay1979: calls $0.23
*** TURN *** [7s 5d 3c] [2s]
Dorex2007: bets $0.39
dboulay1979: calls $0.39
*** RIVER *** [7s 5d 3c 2s] [Ts]
Dorex2007: bets $1.43 and is all-in
dboulay1979: calls $1.25 and is all-in
Uncalled bet ($0.18) returned to Dorex2007
*** SHOW DOWN ***
Dorex2007: shows [Ad Kd] (high card Ace)
dboulay1979: shows [Jd Jh] (a pair of Jacks)
dboulay1979 collected $3.95 from pot
*** SUMMARY ***
Total pot $4.09 | Rake $0.14 
Board [7s 5d 3c 2s Ts]
Seat 1: A..Y ANAEL folded before Flop (didn't bet)
Seat 2: dboulay1979 showed [Jd Jh] and won ($3.95) with a pair of Jacks
Seat 4: votanic folded before Flop (didn't bet)
Seat 5: KATASTROF118 (button) folded before Flop (didn't bet)
Seat 6: pooby81 (small blind) folded before Flop
Seat 7: Dorex2007 (big blind) showed [Ad Kd] and lost with high card Ace
Seat 8: 17d17g17 folded before Flop
Seat 9: taramario folded before Flop (didn't bet)



PokerStars Hand #232651662570:  Hold'em No Limit ($0.01/$0.02 USD) - 2021/12/29 22:23:00 PT [2021/12/30 1:23:00 ET]
Table 'Owa III' 9-max Seat #6 is the button
Seat 1: A..Y ANAEL ($2.19 in chips) 
Seat 2: dboulay1979 ($3.95 in chips) 
Seat 4: votanic ($1.57 in chips) 
Seat 5: KATASTROF118 ($0.64 in chips) 
Seat 6: pooby81 ($0.77 in chips) 
Seat 7: Dorex2007 ($2 in chips) 
Seat 8: 17d17g17 ($1.92 in chips) 
Seat 9: taramario ($1.78 in chips) 
Dorex2007: posts small blind $0.01
17d17g17: posts big blind $0.02
*** HOLE CARDS ***
Dealt to Dorex2007 [7d 9h]
taramario: folds 
A..Y ANAEL: calls $0.02
dboulay1979: folds 
votanic: folds 
KATASTROF118: folds 
pooby81: folds 
Dorex2007: calls $0.01
17d17g17: checks 
*** FLOP *** [9d 2c 3s]
Dorex2007: bets $0.06
17d17g17: calls $0.06
A..Y ANAEL: folds 
*** TURN *** [9d 2c 3s] [7h]
Dorex2007 is disconnected 
Dorex2007 has timed out while disconnected
Dorex2007: checks 
17d17g17: checks 
*** RIVER *** [9d 2c 3s 7h] [5s]
Dorex2007 has timed out while disconnected
Dorex2007: checks 
17d17g17: checks 
*** SHOW DOWN ***
Dorex2007: shows [7d 9h] (two pair, Nines and Sevens)
17d17g17: mucks hand 
Dorex2007 collected $0.17 from pot
*** SUMMARY ***
Total pot $0.18 | Rake $0.01 
Board [9d 2c 3s 7h 5s]
Seat 1: A..Y ANAEL folded on the Flop
Seat 2: dboulay1979 folded before Flop (didn't bet)
Seat 4: votanic folded before Flop (didn't bet)
Seat 5: KATASTROF118 folded before Flop (didn't bet)
Seat 6: pooby81 (button) folded before Flop (didn't bet)
Seat 7: Dorex2007 (small blind) showed [7d 9h] and won ($0.17) with two pair, Nines and Sevens
Seat 8: 17d17g17 (big blind) mucked [6h 6c]
Seat 9: taramario folded before Flop (didn't bet)



PokerStars Hand #232651710406:  Hold'em No Limit ($0.01/$0.02 USD) - 2021/12/29 22:28:27 PT [2021/12/30 1:28:27 ET]
Table 'Owa III' 9-max Seat #1 is the button
Seat 1: A..Y ANAEL ($1.34 in chips) 
Seat 2: dboulay1979 ($3.93 in chips) 
Seat 4: votanic ($2.47 in chips) 
Seat 5: KATASTROF118 ($0.64 in chips) 
Seat 6: pooby81 ($0.77 in chips) 
Seat 7: Dorex2007 ($2.09 in chips) 
Seat 8: 17d17g17 ($1.80 in chips) 
Seat 9: taramario ($1.70 in chips) 
dboulay1979: posts small blind $0.01
votanic: posts big blind $0.02
*** HOLE CARDS ***
Dealt to Dorex2007 [2d Qs]
KATASTROF118: folds 
pooby81: folds 
Dorex2007: folds 
17d17g17: folds 
taramario: calls $0.02
A..Y ANAEL: raises $0.02 to $0.04
dboulay1979: folds 
votanic: calls $0.02
taramario: calls $0.02
*** FLOP *** [3s Ah 7d]
votanic: checks 
taramario: checks 
A..Y ANAEL: checks 
*** TURN *** [3s Ah 7d] [Ts]
votanic: checks 
taramario: checks 
A..Y ANAEL: checks 
*** RIVER *** [3s Ah 7d Ts] [8d]
votanic: checks 
taramario: checks 
A..Y ANAEL: checks 
*** SHOW DOWN ***
votanic: shows [6h 6s] (a pair of Sixes)
taramario: mucks hand 
A..Y ANAEL: mucks hand 
votanic collected $0.13 from pot
rocks all leaves the table
*** SUMMARY ***
Total pot $0.13 | Rake $0 
Board [3s Ah 7d Ts 8d]
Seat 1: A..Y ANAEL (button) mucked [5h Jd]
Seat 2: dboulay1979 (small blind) folded before Flop
Seat 4: votanic (big blind) showed [6h 6s] and won ($0.13) with a pair of Sixes
Seat 5: KATASTROF118 folded before Flop (didn't bet)
Seat 6: pooby81 folded before Flop (didn't bet)
Seat 7: Dorex2007 folded before Flop (didn't bet)
Seat 8: 17d17g17 folded before Flop (didn't bet)
Seat 9: taramario mucked [5c Qc]



PokerStars Hand #232651716591:  Hold'em No Limit ($0.01/$0.02 USD) - 2021/12/29 22:29:10 PT [2021/12/30 1:29:10 ET]
Table 'Owa III' 9-max Seat #2 is the button
Seat 1: A..Y ANAEL ($1.30 in chips) 
Seat 2: dboulay1979 ($3.92 in chips) 
Seat 4: votanic ($2.56 in chips) 
Seat 6: pooby81 ($0.77 in chips) 
Seat 7: Dorex2007 ($2.09 in chips) 
Seat 8: 17d17g17 ($1.80 in chips) 
Seat 9: taramario ($1.66 in chips) 
votanic: posts small blind $0.01
KATASTROF118: is sitting out 
pooby81: posts big blind $0.02
*** HOLE CARDS ***
Dealt to Dorex2007 [4h Tc]
KATASTROF118 leaves the table
Dorex2007: folds 
17d17g17: folds 
taramario: folds 
taramario leaves the table
A..Y ANAEL: folds 
dboulay1979: folds 
votanic: calls $0.01
pooby81: checks 
*** FLOP *** [Jc Jd Ac]
votanic: checks 
pooby81: checks 
*** TURN *** [Jc Jd Ac] [2d]
votanic: bets $0.04
pooby81: calls $0.04
*** RIVER *** [Jc Jd Ac 2d] [7s]
votanic: checks 
pooby81: bets $0.04
votanic: folds 
Uncalled bet ($0.04) returned to pooby81
pooby81 collected $0.12 from pot
pooby81: doesn't show hand 
*** SUMMARY ***
Total pot $0.12 | Rake $0 
Board [Jc Jd Ac 2d 7s]
Seat 1: A..Y ANAEL folded before Flop (didn't bet)
Seat 2: dboulay1979 (button) folded before Flop (didn't bet)
Seat 4: votanic (small blind) folded on the River
Seat 6: pooby81 (big blind) collected ($0.12)
Seat 7: Dorex2007 folded before Flop (didn't bet)
Seat 8: 17d17g17 folded before Flop (didn't bet)
Seat 9: taramario folded before Flop (didn't bet)



PokerStars Hand #232651722484:  Hold'em No Limit ($0.01/$0.02 USD) - 2021/12/29 22:29:51 PT [2021/12/30 1:29:51 ET]
Table 'Owa III' 9-max Seat #4 is the button
Seat 1: A..Y ANAEL ($1.30 in chips) 
Seat 2: dboulay1979 ($3.92 in chips) 
Seat 4: votanic ($2.50 in chips) 
Seat 6: pooby81 ($0.83 in chips) 
Seat 7: Dorex2007 ($2.09 in chips) 
Seat 8: 17d17g17 ($1.80 in chips) 
pooby81: posts small blind $0.01
Dorex2007: posts big blind $0.02
*** HOLE CARDS ***
Dealt to Dorex2007 [7h 5h]
17d17g17: calls $0.02
A..Y ANAEL: folds 
dboulay1979: folds 
votanic: calls $0.02
pooby81: calls $0.01
Dorex2007: checks 
*** FLOP *** [Ah Qs 4c]
pooby81: checks 
Dorex2007: checks 
17d17g17: bets $0.04
votanic: folds 
pooby81: folds 
Dorex2007: folds 
Uncalled bet ($0.04) returned to 17d17g17
17d17g17 collected $0.08 from pot
17d17g17: doesn't show hand 
*** SUMMARY ***
Total pot $0.08 | Rake $0 
Board [Ah Qs 4c]
Seat 1: A..Y ANAEL folded before Flop (didn't bet)
Seat 2: dboulay1979 folded before Flop (didn't bet)
Seat 4: votanic (button) folded on the Flop
Seat 6: pooby81 (small blind) folded on the Flop
Seat 7: Dorex2007 (big blind) folded on the Flop
Seat 8: 17d17g17 collected ($0.08)



PokerStars Hand #232651733348:  Hold'em No Limit ($0.01/$0.02 USD) - 2021/12/29 22:30:32 PT [2021/12/30 1:30:32 ET]
Table 'Owa III' 9-max Seat #6 is the button
Seat 1: A..Y ANAEL ($1.30 in chips) 
Seat 2: dboulay1979 ($3.92 in chips) 
Seat 4: votanic ($2.48 in chips) 
Seat 6: pooby81 ($0.81 in chips) 
Seat 7: Dorex2007 ($2.07 in chips) 
Seat 8: 17d17g17 ($1.86 in chips) 
Dorex2007: posts small blind $0.01
17d17g17: posts big blind $0.02
*** HOLE CARDS ***
Dealt to Dorex2007 [6d 5c]
A..Y ANAEL: raises $0.02 to $0.04
dboulay1979: folds 
votanic: folds 
pooby81: folds 
Dorex2007: folds 
ZmeelovKAA joins the table at seat #3 
17d17g17: calls $0.02
*** FLOP *** [Tc 9s 3h]
17d17g17: checks 
A..Y ANAEL: bets $0.06
17d17g17: folds 
Uncalled bet ($0.06) returned to A..Y ANAEL
A..Y ANAEL collected $0.09 from pot
*** SUMMARY ***
Total pot $0.09 | Rake $0 
Board [Tc 9s 3h]
Seat 1: A..Y ANAEL collected ($0.09)
Seat 2: dboulay1979 folded before Flop (didn't bet)
Seat 4: votanic folded before Flop (didn't bet)
Seat 6: pooby81 (button) folded before Flop (didn't bet)
Seat 7: Dorex2007 (small blind) folded before Flop
Seat 8: 17d17g17 (big blind) folded on the Flop



PokerStars Hand #232651738513:  Hold'em No Limit ($0.01/$0.02 USD) - 2021/12/29 22:31:09 PT [2021/12/30 1:31:09 ET]
Table 'Owa III' 9-max Seat #7 is the button
Seat 1: A..Y ANAEL ($1.35 in chips) 
Seat 2: dboulay1979 ($3.92 in chips) 
Seat 3: ZmeelovKAA ($2 in chips) 
Seat 4: votanic ($2.48 in chips) 
Seat 6: pooby81 ($0.81 in chips) 
Seat 7: Dorex2007 ($2.06 in chips) 
Seat 8: 17d17g17 ($1.82 in chips) 
17d17g17: posts small blind $0.01
A..Y ANAEL: posts big blind $0.02
ZmeelovKAA: posts big blind $0.02
*** HOLE CARDS ***
Dealt to Dorex2007 [Qc Jh]
dboulay1979: calls $0.02
ZmeelovKAA: checks 
votanic: calls $0.02
pooby81: raises $0.06 to $0.08
Dorex2007: folds 
17d17g17: folds 
A..Y ANAEL: calls $0.06
dboulay1979: calls $0.06
ZmeelovKAA: folds 
votanic: folds 
*** FLOP *** [Tc Jc 2c]
Stefan111161 joins the table at seat #5 
A..Y ANAEL: bets $0.14
dboulay1979: folds 
pooby81: raises $0.40 to $0.54
joetam68 joins the table at seat #9 
A..Y ANAEL: folds 
Uncalled bet ($0.40) returned to pooby81
pooby81 collected $0.55 from pot
pooby81: doesn't show hand 
*** SUMMARY ***
Total pot $0.57 | Rake $0.02 
Board [Tc Jc 2c]
Seat 1: A..Y ANAEL (big blind) folded on the Flop
Seat 2: dboulay1979 folded on the Flop
Seat 3: ZmeelovKAA folded before Flop (didn't bet)
Seat 4: votanic folded before Flop
Seat 6: pooby81 collected ($0.55)
Seat 7: Dorex2007 (button) folded before Flop (didn't bet)
Seat 8: 17d17g17 (small blind) folded before Flop



PokerStars Hand #232651747684:  Hold'em No Limit ($0.01/$0.02 USD) - 2021/12/29 22:32:11 PT [2021/12/30 1:32:11 ET]
Table 'Owa III' 9-max Seat #8 is the button
Seat 1: A..Y ANAEL ($1.13 in chips) 
Seat 2: dboulay1979 ($3.84 in chips) 
Seat 3: ZmeelovKAA ($2 in chips) 
Seat 4: votanic ($2.46 in chips) 
Seat 6: pooby81 ($1.14 in chips) 
Seat 7: Dorex2007 ($2.06 in chips) 
Seat 8: 17d17g17 ($1.81 in chips) 
A..Y ANAEL: posts small blind $0.01
dboulay1979: posts big blind $0.02
Stefan111161: sits out 
*** HOLE CARDS ***
Dealt to Dorex2007 [9c Ad]
ZmeelovKAA: folds 
votanic: folds 
pooby81: folds 
Dorex2007: folds 
17d17g17: folds 
A..Y ANAEL: folds 
Uncalled bet ($0.01) returned to dboulay1979
dboulay1979 collected $0.02 from pot
dboulay1979: doesn't show hand 
*** SUMMARY ***
Total pot $0.02 | Rake $0 
Seat 1: A..Y ANAEL (small blind) folded before Flop
Seat 2: dboulay1979 (big blind) collected ($0.02)
Seat 3: ZmeelovKAA folded before Flop (didn't bet)
Seat 4: votanic folded before Flop (didn't bet)
Seat 6: pooby81 folded before Flop (didn't bet)
Seat 7: Dorex2007 folded before Flop (didn't bet)
Seat 8: 17d17g17 (button) folded before Flop (didn't bet)



PokerStars Hand #232651749952:  Hold'em No Limit ($0.01/$0.02 USD) - 2021/12/29 22:32:26 PT [2021/12/30 1:32:26 ET]
Table 'Owa III' 9-max Seat #1 is the button
Seat 1: A..Y ANAEL ($1.12 in chips) 
Seat 2: dboulay1979 ($3.85 in chips) 
Seat 3: ZmeelovKAA ($2 in chips) 
Seat 4: votanic ($2.46 in chips) 
Seat 6: pooby81 ($1.14 in chips) 
Seat 7: Dorex2007 ($2.06 in chips) 
Seat 8: 17d17g17 ($1.81 in chips) 
dboulay1979: posts small blind $0.01
ZmeelovKAA: posts big blind $0.02
Stefan111161: sits out 
joetam68: sits out 
*** HOLE CARDS ***
Dealt to Dorex2007 [9h 2h]
votanic: folds 
pooby81: calls $0.02
Dorex2007: folds 
17d17g17: calls $0.02
A..Y ANAEL: raises $0.14 to $0.16
dboulay1979: folds 
ZmeelovKAA: calls $0.14
pooby81: folds 
17d17g17: calls $0.14
*** FLOP *** [Kh 6d 9c]
ZmeelovKAA: checks 
17d17g17: checks 
A..Y ANAEL: checks 
*** TURN *** [Kh 6d 9c] [Ts]
ZmeelovKAA: checks 
17d17g17: checks 
A..Y ANAEL: checks 
*** RIVER *** [Kh 6d 9c Ts] [8c]
ZmeelovKAA: checks 
17d17g17: checks 
A..Y ANAEL: bets $0.49
ZmeelovKAA: folds 
17d17g17: folds 
Uncalled bet ($0.49) returned to A..Y ANAEL
A..Y ANAEL collected $0.49 from pot
A..Y ANAEL: doesn't show hand 
*** SUMMARY ***
Total pot $0.51 | Rake $0.02 
Board [Kh 6d 9c Ts 8c]
Seat 1: A..Y ANAEL (button) collected ($0.49)
Seat 2: dboulay1979 (small blind) folded before Flop
Seat 3: ZmeelovKAA (big blind) folded on the River
Seat 4: votanic folded before Flop (didn't bet)
Seat 6: pooby81 folded before Flop
Seat 7: Dorex2007 folded before Flop (didn't bet)
Seat 8: 17d17g17 folded on the River



PokerStars Hand #232651763198:  Hold'em No Limit ($0.01/$0.02 USD) - 2021/12/29 22:33:57 PT [2021/12/30 1:33:57 ET]
Table 'Owa III' 9-max Seat #2 is the button
Seat 1: A..Y ANAEL ($1.45 in chips) 
Seat 2: dboulay1979 ($3.84 in chips) 
Seat 3: ZmeelovKAA ($2 in chips) 
Seat 4: votanic ($2.46 in chips) 
Seat 6: pooby81 ($1.12 in chips) 
Seat 7: Dorex2007 ($2.06 in chips) 
Seat 8: 17d17g17 ($1.65 in chips) 
ZmeelovKAA: posts small blind $0.01
votanic: posts big blind $0.02
Stefan111161: sits out 
joetam68: sits out 
*** HOLE CARDS ***
Dealt to Dorex2007 [Jh As]
pooby81: folds 
Dorex2007: raises $0.04 to $0.06
17d17g17: folds 
A..Y ANAEL: folds 
dboulay1979: folds 
ZmeelovKAA: folds 
votanic: folds 
Uncalled bet ($0.04) returned to Dorex2007
Dorex2007 collected $0.05 from pot
Dorex2007: doesn't show hand 
*** SUMMARY ***
Total pot $0.05 | Rake $0 
Seat 1: A..Y ANAEL folded before Flop (didn't bet)
Seat 2: dboulay1979 (button) folded before Flop (didn't bet)
Seat 3: ZmeelovKAA (small blind) folded before Flop
Seat 4: votanic (big blind) folded before Flop
Seat 6: pooby81 folded before Flop (didn't bet)
Seat 7: Dorex2007 collected ($0.05)
Seat 8: 17d17g17 folded before Flop (didn't bet)



PokerStars Hand #232651766350:  Hold'em No Limit ($0.01/$0.02 USD) - 2021/12/29 22:34:18 PT [2021/12/30 1:34:18 ET]
Table 'Owa III' 9-max Seat #3 is the button
Seat 1: A..Y ANAEL ($1.45 in chips) 
Seat 2: dboulay1979 ($3.84 in chips) 
Seat 3: ZmeelovKAA ($2 in chips) 
Seat 4: votanic ($2.44 in chips) 
Seat 5: Stefan111161 ($0.80 in chips) 
Seat 6: pooby81 ($1.12 in chips) 
Seat 7: Dorex2007 ($2.09 in chips) 
Seat 8: 17d17g17 ($1.65 in chips) 
votanic: posts small blind $0.01
Stefan111161: posts big blind $0.02
joetam68: sits out 
*** HOLE CARDS ***
Dealt to Dorex2007 [3h 5d]
pooby81: folds 
Dorex2007: folds 
17d17g17: calls $0.02
A..Y ANAEL: calls $0.02
dboulay1979: folds 
ZmeelovKAA: folds 
votanic: calls $0.01
Stefan111161: checks 
*** FLOP *** [5s 7h 8d]
votanic: checks 
Stefan111161: checks 
17d17g17: bets $0.04
A..Y ANAEL: calls $0.04
votanic: folds 
Stefan111161: raises $0.20 to $0.24
17d17g17: folds 
A..Y ANAEL: calls $0.20
*** TURN *** [5s 7h 8d] [Tc]
Stefan111161: bets $0.54 and is all-in
A..Y ANAEL: calls $0.54
*** RIVER *** [5s 7h 8d Tc] [3d]
*** SHOW DOWN ***
Stefan111161: shows [9h 6c] (a straight, Six to Ten)
A..Y ANAEL: shows [4d 4h] (a pair of Fours)
Stefan111161 collected $1.62 from pot
*** SUMMARY ***
Total pot $1.68 | Rake $0.06 
Board [5s 7h 8d Tc 3d]
Seat 1: A..Y ANAEL showed [4d 4h] and lost with a pair of Fours
Seat 2: dboulay1979 folded before Flop (didn't bet)
Seat 3: ZmeelovKAA (button) folded before Flop (didn't bet)
Seat 4: votanic (small blind) folded on the Flop
Seat 5: Stefan111161 (big blind) showed [9h 6c] and won ($1.62) with a straight, Six to Ten
Seat 6: pooby81 folded before Flop (didn't bet)
Seat 7: Dorex2007 folded before Flop (didn't bet)
Seat 8: 17d17g17 folded on the Flop



PokerStars Hand #232651777688:  Hold'em No Limit ($0.01/$0.02 USD) - 2021/12/29 22:35:36 PT [2021/12/30 1:35:36 ET]
Table 'Owa III' 9-max Seat #4 is the button
Seat 1: A..Y ANAEL ($0.65 in chips) 
Seat 2: dboulay1979 ($3.84 in chips) 
Seat 3: ZmeelovKAA ($2 in chips) 
Seat 4: votanic ($2.42 in chips) 
Seat 5: Stefan111161 ($1.62 in chips) 
Seat 6: pooby81 ($1.12 in chips) 
Seat 7: Dorex2007 ($2.09 in chips) 
Seat 8: 17d17g17 ($1.59 in chips) 
Stefan111161: posts small blind $0.01
pooby81: posts big blind $0.02
joetam68: sits out 
*** HOLE CARDS ***
Dealt to Dorex2007 [4h Ad]
Dorex2007 has timed out
Dorex2007: folds 
17d17g17: calls $0.02
A..Y ANAEL: folds 
dboulay1979: folds 
ZmeelovKAA: folds 
votanic: calls $0.02
Stefan111161: folds 
pooby81: checks 
*** FLOP *** [5s 9d 9s]
Stefan111161 leaves the table
pooby81: checks 
PhatPanda420 joins the table at seat #5 
17d17g17: checks 
votanic: checks 
*** TURN *** [5s 9d 9s] [Qs]
pooby81: checks 
17d17g17: bets $0.04
votanic: folds 
pooby81: calls $0.04
*** RIVER *** [5s 9d 9s Qs] [8c]
pooby81: checks 
17d17g17: checks 
*** SHOW DOWN ***
pooby81: shows [9c Ac] (three of a kind, Nines)
17d17g17: mucks hand 
pooby81 collected $0.14 from pot
*** SUMMARY ***
Total pot $0.15 | Rake $0.01 
Board [5s 9d 9s Qs 8c]
Seat 1: A..Y ANAEL folded before Flop (didn't bet)
Seat 2: dboulay1979 folded before Flop (didn't bet)
Seat 3: ZmeelovKAA folded before Flop (didn't bet)
Seat 4: votanic (button) folded on the Turn
Seat 5: Stefan111161 (small blind) folded before Flop
Seat 6: pooby81 (big blind) showed [9c Ac] and won ($0.14) with three of a kind, Nines
Seat 7: Dorex2007 folded before Flop (didn't bet)
Seat 8: 17d17g17 mucked [Ks Th]



PokerStars Hand #232651788308:  Hold'em No Limit ($0.01/$0.02 USD) - 2021/12/29 22:36:37 PT [2021/12/30 1:36:37 ET]
Table 'Owa III' 9-max Seat #6 is the button
Seat 1: A..Y ANAEL ($0.65 in chips) 
Seat 2: dboulay1979 ($3.84 in chips) 
Seat 3: ZmeelovKAA ($2 in chips) 
Seat 4: votanic ($2.40 in chips) 
Seat 6: pooby81 ($1.20 in chips) 
Seat 7: Dorex2007 ($2.09 in chips) 
Seat 8: 17d17g17 ($1.53 in chips) 
Dorex2007: posts small blind $0.01
17d17g17: posts big blind $0.02
joetam68: sits out 
PhatPanda420: sits out 
*** HOLE CARDS ***
Dealt to Dorex2007 [2h 9c]
A..Y ANAEL: raises $0.06 to $0.08
dboulay1979: folds 
ZmeelovKAA: folds 
votanic: folds 
pooby81: folds 
Dorex2007: folds 
17d17g17: calls $0.06
*** FLOP *** [Ad 6c 7d]
17d17g17: checks 
A..Y ANAEL: checks 
*** TURN *** [Ad 6c 7d] [Qh]
17d17g17: checks 
A..Y ANAEL: checks 
*** RIVER *** [Ad 6c 7d Qh] [4d]
17d17g17: checks 
A..Y ANAEL: bets $0.26
17d17g17: folds 
Uncalled bet ($0.26) returned to A..Y ANAEL
A..Y ANAEL collected $0.16 from pot
A..Y ANAEL: doesn't show hand 
*** SUMMARY ***
Total pot $0.17 | Rake $0.01 
Board [Ad 6c 7d Qh 4d]
Seat 1: A..Y ANAEL collected ($0.16)
Seat 2: dboulay1979 folded before Flop (didn't bet)
Seat 3: ZmeelovKAA folded before Flop (didn't bet)
Seat 4: votanic folded before Flop (didn't bet)
Seat 6: pooby81 (button) folded before Flop (didn't bet)
Seat 7: Dorex2007 (small blind) folded before Flop
Seat 8: 17d17g17 (big blind) folded on the River



PokerStars Hand #232651795307:  Hold'em No Limit ($0.01/$0.02 USD) - 2021/12/29 22:37:26 PT [2021/12/30 1:37:26 ET]
Table 'Owa III' 9-max Seat #7 is the button
Seat 1: A..Y ANAEL ($0.73 in chips) 
Seat 2: dboulay1979 ($3.84 in chips) 
Seat 3: ZmeelovKAA ($2 in chips) 
Seat 4: votanic ($2.40 in chips) 
Seat 6: pooby81 ($1.20 in chips) 
Seat 7: Dorex2007 ($2.08 in chips) 
Seat 8: 17d17g17 ($1.45 in chips) 
Seat 9: joetam68 ($0.80 in chips) 
17d17g17: posts small blind $0.01
joetam68: posts big blind $0.02
PhatPanda420: sits out 
*** HOLE CARDS ***
Dealt to Dorex2007 [Jc Kd]
A..Y ANAEL: folds 
dboulay1979: folds 
ZmeelovKAA: raises $0.05 to $0.07
votanic: calls $0.07
pooby81: folds 
Dorex2007: folds 
17d17g17: folds 
joetam68: calls $0.05
*** FLOP *** [3s Th 8d]
joetam68: checks 
ZmeelovKAA: bets $0.06
votanic: folds 
joetam68: raises $0.33 to $0.39
ZmeelovKAA: folds 
Uncalled bet ($0.33) returned to joetam68
joetam68 collected $0.33 from pot
*** SUMMARY ***
Total pot $0.34 | Rake $0.01 
Board [3s Th 8d]
Seat 1: A..Y ANAEL folded before Flop (didn't bet)
Seat 2: dboulay1979 folded before Flop (didn't bet)
Seat 3: ZmeelovKAA folded on the Flop
Seat 4: votanic folded on the Flop
Seat 6: pooby81 folded before Flop (didn't bet)
Seat 7: Dorex2007 (button) folded before Flop (didn't bet)
Seat 8: 17d17g17 (small blind) folded before Flop
Seat 9: joetam68 (big blind) collected ($0.33)



PokerStars Hand #232651803481:  Hold'em No Limit ($0.01/$0.02 USD) - 2021/12/29 22:38:15 PT [2021/12/30 1:38:15 ET]
Table 'Owa III' 9-max Seat #8 is the button
Seat 1: A..Y ANAEL ($0.73 in chips) 
Seat 2: dboulay1979 ($3.84 in chips) 
Seat 3: ZmeelovKAA ($2 in chips) 
Seat 4: votanic ($2.33 in chips) 
Seat 6: pooby81 ($1.20 in chips) 
Seat 7: Dorex2007 ($2.08 in chips) 
Seat 8: 17d17g17 ($1.44 in chips) 
Seat 9: joetam68 ($1 in chips) 
joetam68: posts small blind $0.01
A..Y ANAEL: posts big blind $0.02
PhatPanda420: sits out 
*** HOLE CARDS ***
Dealt to Dorex2007 [As 7s]
dboulay1979: folds 
ZmeelovKAA: calls $0.02
votanic: folds 
pooby81: folds 
Dorex2007: raises $0.02 to $0.04
17d17g17: calls $0.04
joetam68: folds 
A..Y ANAEL: calls $0.02
ZmeelovKAA: calls $0.02
*** FLOP *** [3d 8h 4h]
A..Y ANAEL: bets $0.69 and is all-in
ZmeelovKAA: folds 
Dorex2007: folds 
17d17g17: calls $0.69
*** TURN *** [3d 8h 4h] [2h]
*** RIVER *** [3d 8h 4h 2h] [Tc]
*** SHOW DOWN ***
A..Y ANAEL: shows [6c 3c] (a pair of Threes)
17d17g17: shows [9c 8d] (a pair of Eights)
17d17g17 collected $1.50 from pot
*** SUMMARY ***
Total pot $1.55 | Rake $0.05 
Board [3d 8h 4h 2h Tc]
Seat 1: A..Y ANAEL (big blind) showed [6c 3c] and lost with a pair of Threes
Seat 2: dboulay1979 folded before Flop (didn't bet)
Seat 3: ZmeelovKAA folded on the Flop
Seat 4: votanic folded before Flop (didn't bet)
Seat 6: pooby81 folded before Flop (didn't bet)
Seat 7: Dorex2007 folded on the Flop
Seat 8: 17d17g17 (button) showed [9c 8d] and won ($1.50) with a pair of Eights
Seat 9: joetam68 (small blind) folded before Flop



PokerStars Hand #232651812793:  Hold'em No Limit ($0.01/$0.02 USD) - 2021/12/29 22:39:20 PT [2021/12/30 1:39:20 ET]
Table 'Owa III' 9-max Seat #9 is the button
Seat 2: dboulay1979 ($3.84 in chips) 
Seat 3: ZmeelovKAA ($2 in chips) 
Seat 4: votanic ($2.33 in chips) 
Seat 6: pooby81 ($1.20 in chips) 
Seat 7: Dorex2007 ($2.04 in chips) 
Seat 8: 17d17g17 ($2.21 in chips) 
Seat 9: joetam68 ($0.99 in chips) 
dboulay1979: posts small blind $0.01
ZmeelovKAA: posts big blind $0.02
PhatPanda420: sits out 
*** HOLE CARDS ***
Dealt to Dorex2007 [Ad 5s]
votanic: folds 
A..Y ANAEL leaves the table
pooby81: folds 
Dorex2007: folds 
17d17g17: raises $0.02 to $0.04
joetam68: calls $0.04
dboulay1979: calls $0.03
ZmeelovKAA: calls $0.02
*** FLOP *** [9s 4d Kh]
KevinT64 joins the table at seat #1 
dboulay1979: checks 
ZmeelovKAA: checks 
17d17g17: checks 
joetam68: bets $0.15
dboulay1979: folds 
ZmeelovKAA: folds 
17d17g17: calls $0.15
*** TURN *** [9s 4d Kh] [Td]
17d17g17: checks 
joetam68: bets $0.80 and is all-in
17d17g17: calls $0.80
17d17g17 has timed out
*** RIVER *** [9s 4d Kh Td] [Ac]
*** SHOW DOWN ***
17d17g17: shows [Jc Qd] (a straight, Ten to Ace)
joetam68: shows [Kd 7d] (a pair of Kings)
17d17g17 collected $1.99 from pot
joetam68 cashed out the hand for $0.36
*** SUMMARY ***
Total pot $2.06 | Rake $0.07 
Board [9s 4d Kh Td Ac]
Seat 2: dboulay1979 (small blind) folded on the Flop
Seat 3: ZmeelovKAA (big blind) folded on the Flop
Seat 4: votanic folded before Flop (didn't bet)
Seat 6: pooby81 folded before Flop (didn't bet)
Seat 7: Dorex2007 folded before Flop (didn't bet)
Seat 8: 17d17g17 showed [Jc Qd] and won ($1.99) with a straight, Ten to Ace
Seat 9: joetam68 (button) showed [Kd 7d] and lost with a pair of Kings (cashed out).



PokerStars Hand #232651821240:  Hold'em No Limit ($0.01/$0.02 USD) - 2021/12/29 22:40:18 PT [2021/12/30 1:40:18 ET]
Table 'Owa III' 9-max Seat #2 is the button
Seat 1: KevinT64 ($2 in chips) 
Seat 2: dboulay1979 ($3.80 in chips) 
Seat 3: ZmeelovKAA ($2 in chips) 
Seat 4: votanic ($2.33 in chips) 
Seat 6: pooby81 ($1.20 in chips) 
Seat 7: Dorex2007 ($2.04 in chips) 
Seat 8: 17d17g17 ($3.21 in chips) 
Seat 9: joetam68 ($0.36 in chips) 
ZmeelovKAA: posts small blind $0.01
votanic: posts big blind $0.02
PhatPanda420: sits out 
KevinT64: posts big blind $0.02
*** HOLE CARDS ***
Dealt to Dorex2007 [Qc Kc]
pooby81: folds 
Dorex2007: raises $0.04 to $0.06
17d17g17: folds 
joetam68: folds 
KevinT64: calls $0.04
joetam68 leaves the table
dboulay1979: calls $0.06
ZmeelovKAA: folds 
votanic: folds 
*** FLOP *** [Ah 8c Kh]
Dorex2007: bets $0.13
RoyalFlush1019 joins the table at seat #9 
KevinT64: folds 
dboulay1979: folds 
Uncalled bet ($0.13) returned to Dorex2007
Dorex2007 collected $0.20 from pot
Dorex2007: doesn't show hand 
*** SUMMARY ***
Total pot $0.21 | Rake $0.01 
Board [Ah 8c Kh]
Seat 1: KevinT64 folded on the Flop
Seat 2: dboulay1979 (button) folded on the Flop
Seat 3: ZmeelovKAA (small blind) folded before Flop
Seat 4: votanic (big blind) folded before Flop
Seat 6: pooby81 folded before Flop (didn't bet)
Seat 7: Dorex2007 collected ($0.20)
Seat 8: 17d17g17 folded before Flop (didn't bet)
Seat 9: joetam68 folded before Flop (didn't bet)



PokerStars Hand #232651826069:  Hold'em No Limit ($0.01/$0.02 USD) - 2021/12/29 22:40:51 PT [2021/12/30 1:40:51 ET]
Table 'Owa III' 9-max Seat #3 is the button
Seat 1: KevinT64 ($1.94 in chips) 
Seat 2: dboulay1979 ($3.74 in chips) 
Seat 3: ZmeelovKAA ($2 in chips) 
Seat 4: votanic ($2.31 in chips) 
Seat 5: PhatPanda420 ($2 in chips) 
Seat 6: pooby81 ($1.20 in chips) 
Seat 7: Dorex2007 ($2.18 in chips) 
Seat 8: 17d17g17 ($3.21 in chips) 
votanic: posts small blind $0.01
PhatPanda420: posts big blind $0.02
RoyalFlush1019: sits out 
*** HOLE CARDS ***
Dealt to Dorex2007 [Ts Js]
pooby81: folds 
Dorex2007: raises $0.02 to $0.04
17d17g17: calls $0.04
KevinT64: folds 
dboulay1979: calls $0.04
ZmeelovKAA: folds 
votanic: calls $0.03
PhatPanda420: raises $0.02 to $0.06
Dorex2007: calls $0.02
17d17g17: calls $0.02
dboulay1979: calls $0.02
votanic: calls $0.02
*** FLOP *** [7s Ks 8h]
votanic: checks 
PhatPanda420: checks 
Dorex2007: bets $0.15
17d17g17: folds 
dboulay1979: calls $0.15
votanic: raises $0.74 to $0.89
PhatPanda420: folds 
Dorex2007: calls $0.74
dboulay1979: folds 
*** TURN *** [7s Ks 8h] [2c]
votanic: bets $1.36 and is all-in
Dorex2007 has timed out
Dorex2007: folds 
Uncalled bet ($1.36) returned to votanic
votanic collected $2.15 from pot
*** SUMMARY ***
Total pot $2.23 | Rake $0.08 
Board [7s Ks 8h 2c]
Seat 1: KevinT64 folded before Flop (didn't bet)
Seat 2: dboulay1979 folded on the Flop
Seat 3: ZmeelovKAA (button) folded before Flop (didn't bet)
Seat 4: votanic (small blind) collected ($2.15)
Seat 5: PhatPanda420 (big blind) folded on the Flop
Seat 6: pooby81 folded before Flop (didn't bet)
Seat 7: Dorex2007 folded on the Turn
Seat 8: 17d17g17 folded on the Flop



PokerStars Hand #232651863463:  Hold'em No Limit ($0.01/$0.02 USD) - 2021/12/29 22:43:55 PT [2021/12/30 1:43:55 ET]
Table 'Owa III' 9-max Seat #5 is the button
Seat 1: KevinT64 ($1.94 in chips) 
Seat 3: ZmeelovKAA ($2 in chips) 
Seat 4: votanic ($3.51 in chips) 
Seat 5: PhatPanda420 ($2.42 in chips) 
Seat 6: pooby81 ($1.18 in chips) 
Seat 7: Dorex2007 ($2 in chips) 
Seat 8: 17d17g17 ($3.15 in chips) 
Seat 9: RoyalFlush1019 ($0.78 in chips) 
pooby81: posts small blind $0.01
Dorex2007: posts big blind $0.02
Ebleco: sits out 
*** HOLE CARDS ***
Dealt to Dorex2007 [7h 8d]
17d17g17: folds 
RoyalFlush1019: calls $0.02
KevinT64: folds 
ZmeelovKAA: folds 
votanic: folds 
PhatPanda420: raises $0.07 to $0.09
pooby81: folds 
Dorex2007: folds 
RoyalFlush1019: folds 
Uncalled bet ($0.07) returned to PhatPanda420
PhatPanda420 collected $0.07 from pot
PhatPanda420: doesn't show hand 
*** SUMMARY ***
Total pot $0.07 | Rake $0 
Seat 1: KevinT64 folded before Flop (didn't bet)
Seat 3: ZmeelovKAA folded before Flop (didn't bet)
Seat 4: votanic folded before Flop (didn't bet)
Seat 5: PhatPanda420 (button) collected ($0.07)
Seat 6: pooby81 (small blind) folded before Flop
Seat 7: Dorex2007 (big blind) folded before Flop
Seat 8: 17d17g17 folded before Flop (didn't bet)
Seat 9: RoyalFlush1019 folded before Flop



PokerStars Hand #232651867222:  Hold'em No Limit ($0.01/$0.02 USD) - 2021/12/29 22:44:21 PT [2021/12/30 1:44:21 ET]
Table 'Owa III' 9-max Seat #6 is the button
Seat 1: KevinT64 ($1.94 in chips) 
Seat 3: ZmeelovKAA ($2 in chips) 
Seat 4: votanic ($3.51 in chips) 
Seat 5: PhatPanda420 ($2.47 in chips) 
Seat 6: pooby81 ($1.17 in chips) 
Seat 7: Dorex2007 ($2 in chips) 
Seat 8: 17d17g17 ($3.15 in chips) 
Seat 9: RoyalFlush1019 ($0.76 in chips) 
Dorex2007: posts small blind $0.01
17d17g17: posts big blind $0.02
Ebleco: sits out 
*** HOLE CARDS ***
Dealt to Dorex2007 [Tc Ac]
RoyalFlush1019: folds 
KevinT64: folds 
ZmeelovKAA: calls $0.02
votanic: calls $0.02
PhatPanda420: folds 
pooby81: calls $0.02
Dorex2007: raises $0.14 to $0.16
17d17g17: folds 
ZmeelovKAA: folds 
votanic: folds 
pooby81: folds 
Uncalled bet ($0.14) returned to Dorex2007
Dorex2007 collected $0.10 from pot
Dorex2007: doesn't show hand 
*** SUMMARY ***
Total pot $0.10 | Rake $0 
Seat 1: KevinT64 folded before Flop (didn't bet)
Seat 3: ZmeelovKAA folded before Flop
Seat 4: votanic folded before Flop
Seat 5: PhatPanda420 folded before Flop (didn't bet)
Seat 6: pooby81 (button) folded before Flop
Seat 7: Dorex2007 (small blind) collected ($0.10)
Seat 8: 17d17g17 (big blind) folded before Flop
Seat 9: RoyalFlush1019 folded before Flop (didn't bet)



PokerStars Hand #232651872284:  Hold'em No Limit ($0.01/$0.02 USD) - 2021/12/29 22:44:56 PT [2021/12/30 1:44:56 ET]
Table 'Owa III' 9-max Seat #7 is the button
Seat 1: KevinT64 ($1.94 in chips) 
Seat 3: ZmeelovKAA ($2 in chips) 
Seat 4: votanic ($3.49 in chips) 
Seat 5: PhatPanda420 ($2.47 in chips) 
Seat 6: pooby81 ($1.15 in chips) 
Seat 7: Dorex2007 ($2.08 in chips) 
Seat 8: 17d17g17 ($3.13 in chips) 
Seat 9: RoyalFlush1019 ($0.76 in chips) 
17d17g17: posts small blind $0.01
RoyalFlush1019: posts big blind $0.02
Ebleco: sits out 
*** HOLE CARDS ***
Dealt to Dorex2007 [5h 7s]
KevinT64: folds 
ZmeelovKAA: calls $0.02
votanic: folds 
PhatPanda420: folds 
pooby81: folds 
Dorex2007: folds 
17d17g17: calls $0.01
RoyalFlush1019: checks 
*** FLOP *** [Td Jc 6h]
PhatPanda420 leaves the table
17d17g17: checks 
RoyalFlush1019: bets $0.02
ZmeelovKAA: calls $0.02
17d17g17: calls $0.02
*** TURN *** [Td Jc 6h] [9h]
ToffeeTom81 joins the table at seat #5 
17d17g17: checks 
RoyalFlush1019: checks 
ZmeelovKAA: checks 
*** RIVER *** [Td Jc 6h 9h] [8s]
17d17g17: checks 
RoyalFlush1019: checks 
ZmeelovKAA: checks 
*** SHOW DOWN ***
17d17g17: shows [2d 2c] (a pair of Deuces)
RoyalFlush1019: shows [Ah 6d] (a pair of Sixes)
ZmeelovKAA: shows [Tc As] (a pair of Tens)
ZmeelovKAA collected $0.12 from pot
*** SUMMARY ***
Total pot $0.12 | Rake $0 
Board [Td Jc 6h 9h 8s]
Seat 1: KevinT64 folded before Flop (didn't bet)
Seat 3: ZmeelovKAA showed [Tc As] and won ($0.12) with a pair of Tens
Seat 4: votanic folded before Flop (didn't bet)
Seat 5: PhatPanda420 folded before Flop (didn't bet)
Seat 6: pooby81 folded before Flop (didn't bet)
Seat 7: Dorex2007 (button) folded before Flop (didn't bet)
Seat 8: 17d17g17 (small blind) showed [2d 2c] and lost with a pair of Deuces
Seat 9: RoyalFlush1019 (big blind) showed [Ah 6d] and lost with a pair of Sixes



PokerStars Hand #232651880158:  Hold'em No Limit ($0.01/$0.02 USD) - 2021/12/29 22:45:50 PT [2021/12/30 1:45:50 ET]
Table 'Owa III' 9-max Seat #8 is the button
Seat 1: KevinT64 ($1.94 in chips) 
Seat 3: ZmeelovKAA ($2.08 in chips) 
Seat 4: votanic ($3.49 in chips) 
Seat 6: pooby81 ($1.15 in chips) 
Seat 7: Dorex2007 ($2.08 in chips) 
Seat 8: 17d17g17 ($3.09 in chips) 
Seat 9: RoyalFlush1019 ($0.72 in chips) 
RoyalFlush1019: posts small blind $0.01
KevinT64: posts big blind $0.02
Ebleco: sits out 
ToffeeTom81: sits out 
*** HOLE CARDS ***
Dealt to Dorex2007 [9h 9c]
ZmeelovKAA: folds 
votanic: folds 
pooby81: folds 
Dorex2007: raises $0.04 to $0.06
17d17g17: calls $0.06
RoyalFlush1019: folds 
KevinT64: folds 
*** FLOP *** [8d 3c Qd]
Dorex2007: checks 
17d17g17: checks 
*** TURN *** [8d 3c Qd] [Kh]
Dorex2007: checks 
17d17g17: checks 
*** RIVER *** [8d 3c Qd Kh] [6c]
Dorex2007: bets $0.07
17d17g17: calls $0.07
*** SHOW DOWN ***
Dorex2007: shows [9h 9c] (a pair of Nines)
17d17g17: mucks hand 
Dorex2007 collected $0.28 from pot
*** SUMMARY ***
Total pot $0.29 | Rake $0.01 
Board [8d 3c Qd Kh 6c]
Seat 1: KevinT64 (big blind) folded before Flop
Seat 3: ZmeelovKAA folded before Flop (didn't bet)
Seat 4: votanic folded before Flop (didn't bet)
Seat 6: pooby81 folded before Flop (didn't bet)
Seat 7: Dorex2007 showed [9h 9c] and won ($0.28) with a pair of Nines
Seat 8: 17d17g17 (button) mucked [As 6d]
Seat 9: RoyalFlush1019 (small blind) folded before Flop



PokerStars Hand #232651887065:  Hold'em No Limit ($0.01/$0.02 USD) - 2021/12/29 22:46:37 PT [2021/12/30 1:46:37 ET]
Table 'Owa III' 9-max Seat #9 is the button
Seat 1: KevinT64 ($1.92 in chips) 
Seat 2: Ebleco ($0.80 in chips) 
Seat 3: ZmeelovKAA ($2.08 in chips) 
Seat 4: votanic ($3.49 in chips) 
Seat 5: ToffeeTom81 ($2 in chips) 
Seat 6: pooby81 ($1.15 in chips) 
Seat 7: Dorex2007 ($2.23 in chips) 
Seat 8: 17d17g17 ($2.96 in chips) 
Seat 9: RoyalFlush1019 ($0.71 in chips) 
KevinT64: posts small blind $0.01
Ebleco: posts big blind $0.02
ToffeeTom81: posts big blind $0.02
*** HOLE CARDS ***
Dealt to Dorex2007 [Jc As]
ZmeelovKAA: folds 
votanic: calls $0.02
ToffeeTom81: raises $0.06 to $0.08
pooby81: folds 
Dorex2007: folds 
17d17g17: folds 
RoyalFlush1019: folds 
KevinT64: folds 
Ebleco: folds 
votanic: calls $0.06
*** FLOP *** [4c Jd 7h]
votanic: checks 
ToffeeTom81: bets $0.11
votanic: folds 
Uncalled bet ($0.11) returned to ToffeeTom81
ToffeeTom81 collected $0.18 from pot
*** SUMMARY ***
Total pot $0.19 | Rake $0.01 
Board [4c Jd 7h]
Seat 1: KevinT64 (small blind) folded before Flop
Seat 2: Ebleco (big blind) folded before Flop
Seat 3: ZmeelovKAA folded before Flop (didn't bet)
Seat 4: votanic folded on the Flop
Seat 5: ToffeeTom81 collected ($0.18)
Seat 6: pooby81 folded before Flop (didn't bet)
Seat 7: Dorex2007 folded before Flop (didn't bet)
Seat 8: 17d17g17 folded before Flop (didn't bet)
Seat 9: RoyalFlush1019 (button) folded before Flop (didn't bet)



PokerStars Hand #232651891373:  Hold'em No Limit ($0.01/$0.02 USD) - 2021/12/29 22:47:08 PT [2021/12/30 1:47:08 ET]
Table 'Owa III' 9-max Seat #2 is the button
Seat 2: Ebleco ($0.78 in chips) 
Seat 3: ZmeelovKAA ($2.08 in chips) 
Seat 4: votanic ($3.41 in chips) 
Seat 5: ToffeeTom81 ($2.10 in chips) 
Seat 6: pooby81 ($1.15 in chips) 
Seat 7: Dorex2007 ($2.23 in chips) 
Seat 8: 17d17g17 ($2.96 in chips) 
Seat 9: RoyalFlush1019 ($0.71 in chips) 
ZmeelovKAA: posts small blind $0.01
votanic: posts big blind $0.02
*** HOLE CARDS ***
Dealt to Dorex2007 [Ac Jc]
ToffeeTom81: folds 
pooby81: folds 
Dorex2007: raises $0.04 to $0.06
17d17g17: folds 
RoyalFlush1019: folds 
Ebleco: folds 
ZmeelovKAA: folds 
votanic: folds 
Uncalled bet ($0.04) returned to Dorex2007
Dorex2007 collected $0.05 from pot
Dorex2007: doesn't show hand 
*** SUMMARY ***
Total pot $0.05 | Rake $0 
Seat 2: Ebleco (button) folded before Flop (didn't bet)
Seat 3: ZmeelovKAA (small blind) folded before Flop
Seat 4: votanic (big blind) folded before Flop
Seat 5: ToffeeTom81 folded before Flop (didn't bet)
Seat 6: pooby81 folded before Flop (didn't bet)
Seat 7: Dorex2007 collected ($0.05)
Seat 8: 17d17g17 folded before Flop (didn't bet)
Seat 9: RoyalFlush1019 folded before Flop (didn't bet)



PokerStars Hand #232651894086:  Hold'em No Limit ($0.01/$0.02 USD) - 2021/12/29 22:47:26 PT [2021/12/30 1:47:26 ET]
Table 'Owa III' 9-max Seat #3 is the button
Seat 2: Ebleco ($0.78 in chips) 
Seat 3: ZmeelovKAA ($2.07 in chips) 
Seat 4: votanic ($3.39 in chips) 
Seat 5: ToffeeTom81 ($2.10 in chips) 
Seat 6: pooby81 ($1.15 in chips) 
Seat 7: Dorex2007 ($2.26 in chips) 
Seat 8: 17d17g17 ($2.96 in chips) 
Seat 9: RoyalFlush1019 ($0.71 in chips) 
votanic: posts small blind $0.01
ToffeeTom81: posts big blind $0.02
*** HOLE CARDS ***
Dealt to Dorex2007 [6c 2c]
pooby81: folds 
Dorex2007: folds 
17d17g17: folds 
RoyalFlush1019: calls $0.02
Ebleco: folds 
ZmeelovKAA: folds 
votanic: calls $0.01
ToffeeTom81: raises $0.18 to $0.20
RoyalFlush1019: folds 
votanic: folds 
Uncalled bet ($0.18) returned to ToffeeTom81
ToffeeTom81 collected $0.06 from pot
*** SUMMARY ***
Total pot $0.06 | Rake $0 
Seat 2: Ebleco folded before Flop (didn't bet)
Seat 3: ZmeelovKAA (button) folded before Flop (didn't bet)
Seat 4: votanic (small blind) folded before Flop
Seat 5: ToffeeTom81 (big blind) collected ($0.06)
Seat 6: pooby81 folded before Flop (didn't bet)
Seat 7: Dorex2007 folded before Flop (didn't bet)
Seat 8: 17d17g17 folded before Flop (didn't bet)
Seat 9: RoyalFlush1019 folded before Flop



PokerStars Hand #232651898085:  Hold'em No Limit ($0.01/$0.02 USD) - 2021/12/29 22:47:54 PT [2021/12/30 1:47:54 ET]
Table 'Owa III' 9-max Seat #4 is the button
Seat 2: Ebleco ($0.78 in chips) 
Seat 3: ZmeelovKAA ($2.07 in chips) 
Seat 4: votanic ($3.37 in chips) 
Seat 5: ToffeeTom81 ($2.14 in chips) 
Seat 6: pooby81 ($1.15 in chips) 
Seat 7: Dorex2007 ($2.26 in chips) 
Seat 8: 17d17g17 ($2.96 in chips) 
Seat 9: RoyalFlush1019 ($0.69 in chips) 
ToffeeTom81: posts small blind $0.01
pooby81: posts big blind $0.02
*** HOLE CARDS ***
Dealt to Dorex2007 [3d Jc]
Dorex2007: folds 
17d17g17: folds 
RoyalFlush1019: calls $0.02
Ebleco: folds 
ZmeelovKAA: raises $0.04 to $0.06
votanic: calls $0.06
ToffeeTom81: folds 
pooby81: folds 
RoyalFlush1019: calls $0.04
*** FLOP *** [2c Td 4d]
RoyalFlush1019: checks 
ZmeelovKAA: bets $0.08
votanic: calls $0.08
RoyalFlush1019: folds 
*** TURN *** [2c Td 4d] [2h]
ZmeelovKAA: bets $0.12
votanic: calls $0.12
*** RIVER *** [2c Td 4d 2h] [5s]
ZmeelovKAA: bets $0.06
votanic: calls $0.06
*** SHOW DOWN ***
ZmeelovKAA: shows [Tc 9c] (two pair, Tens and Deuces)
votanic: shows [Ts As] (two pair, Tens and Deuces - Ace kicker)
votanic collected $0.70 from pot
*** SUMMARY ***
Total pot $0.73 | Rake $0.03 
Board [2c Td 4d 2h 5s]
Seat 2: Ebleco folded before Flop (didn't bet)
Seat 3: ZmeelovKAA showed [Tc 9c] and lost with two pair, Tens and Deuces
Seat 4: votanic (button) showed [Ts As] and won ($0.70) with two pair, Tens and Deuces
Seat 5: ToffeeTom81 (small blind) folded before Flop
Seat 6: pooby81 (big blind) folded before Flop
Seat 7: Dorex2007 folded before Flop (didn't bet)
Seat 8: 17d17g17 folded before Flop (didn't bet)
Seat 9: RoyalFlush1019 folded on the Flop



PokerStars Hand #232651907719:  Hold'em No Limit ($0.01/$0.02 USD) - 2021/12/29 22:49:01 PT [2021/12/30 1:49:01 ET]
Table 'Owa III' 9-max Seat #5 is the button
Seat 1: KevinT64 ($1.91 in chips) 
Seat 2: Ebleco ($0.78 in chips) 
Seat 3: ZmeelovKAA ($1.92 in chips) 
Seat 4: votanic ($3.75 in chips) 
Seat 5: ToffeeTom81 ($2.13 in chips) 
Seat 6: pooby81 ($1.13 in chips) 
Seat 7: Dorex2007 ($2.26 in chips) 
Seat 8: 17d17g17 ($2.96 in chips) 
Seat 9: RoyalFlush1019 ($0.63 in chips) 
pooby81: posts small blind $0.01
Dorex2007: posts big blind $0.02
*** HOLE CARDS ***
Dealt to Dorex2007 [Ts 9s]
17d17g17: folds 
RoyalFlush1019: folds 
KevinT64: folds 
Ebleco: folds 
ZmeelovKAA: folds 
votanic has timed out
votanic: folds 
ToffeeTom81: raises $0.04 to $0.06
pooby81: folds 
Dorex2007: folds 
Uncalled bet ($0.04) returned to ToffeeTom81
ToffeeTom81 collected $0.05 from pot
*** SUMMARY ***
Total pot $0.05 | Rake $0 
Seat 1: KevinT64 folded before Flop (didn't bet)
Seat 2: Ebleco folded before Flop (didn't bet)
Seat 3: ZmeelovKAA folded before Flop (didn't bet)
Seat 4: votanic folded before Flop (didn't bet)
Seat 5: ToffeeTom81 (button) collected ($0.05)
Seat 6: pooby81 (small blind) folded before Flop
Seat 7: Dorex2007 (big blind) folded before Flop
Seat 8: 17d17g17 folded before Flop (didn't bet)
Seat 9: RoyalFlush1019 folded before Flop (didn't bet)



PokerStars Hand #232651912483:  Hold'em No Limit ($0.01/$0.02 USD) - 2021/12/29 22:49:34 PT [2021/12/30 1:49:34 ET]
Table 'Owa III' 9-max Seat #6 is the button
Seat 1: KevinT64 ($1.91 in chips) 
Seat 2: Ebleco ($0.78 in chips) 
Seat 3: ZmeelovKAA ($1.92 in chips) 
Seat 4: votanic ($3.75 in chips) 
Seat 5: ToffeeTom81 ($2.16 in chips) 
Seat 6: pooby81 ($1.12 in chips) 
Seat 7: Dorex2007 ($2.24 in chips) 
Seat 8: 17d17g17 ($2.96 in chips) 
Seat 9: RoyalFlush1019 ($0.63 in chips) 
Dorex2007: posts small blind $0.01
17d17g17: posts big blind $0.02
*** HOLE CARDS ***
Dealt to Dorex2007 [Tc 6s]
RoyalFlush1019: folds 
KevinT64: calls $0.02
Ebleco: folds 
ZmeelovKAA: folds 
votanic: folds 
ToffeeTom81: calls $0.02
pooby81: folds 
Dorex2007: folds 
17d17g17: checks 
*** FLOP *** [Kd Kh Ac]
17d17g17: checks 
KevinT64: checks 
ToffeeTom81: bets $0.02
17d17g17: folds 
KevinT64: calls $0.02
*** TURN *** [Kd Kh Ac] [2c]
KevinT64: checks 
ToffeeTom81: bets $0.02
KevinT64: calls $0.02
*** RIVER *** [Kd Kh Ac 2c] [2h]
KevinT64: checks 
ToffeeTom81: bets $0.11
KevinT64: calls $0.11
*** SHOW DOWN ***
ToffeeTom81: shows [4h Ad] (two pair, Aces and Kings)
KevinT64: mucks hand 
ToffeeTom81 collected $0.36 from pot
*** SUMMARY ***
Total pot $0.37 | Rake $0.01 
Board [Kd Kh Ac 2c 2h]
Seat 1: KevinT64 mucked [Qs Qd]
Seat 2: Ebleco folded before Flop (didn't bet)
Seat 3: ZmeelovKAA folded before Flop (didn't bet)
Seat 4: votanic folded before Flop (didn't bet)
Seat 5: ToffeeTom81 showed [4h Ad] and won ($0.36) with two pair, Aces and Kings
Seat 6: pooby81 (button) folded before Flop (didn't bet)
Seat 7: Dorex2007 (small blind) folded before Flop
Seat 8: 17d17g17 (big blind) folded on the Flop
Seat 9: RoyalFlush1019 folded before Flop (didn't bet)



PokerStars Hand #232651921912:  Hold'em No Limit ($0.01/$0.02 USD) - 2021/12/29 22:50:39 PT [2021/12/30 1:50:39 ET]
Table 'Owa III' 9-max Seat #7 is the button
Seat 1: KevinT64 ($1.74 in chips) 
Seat 2: Ebleco ($0.78 in chips) 
Seat 3: ZmeelovKAA ($1.92 in chips) 
Seat 4: votanic ($3.75 in chips) 
Seat 5: ToffeeTom81 ($2.35 in chips) 
Seat 6: pooby81 ($1.12 in chips) 
Seat 7: Dorex2007 ($2.23 in chips) 
Seat 8: 17d17g17 ($2.94 in chips) 
Seat 9: RoyalFlush1019 ($0.63 in chips) 
17d17g17: posts small blind $0.01
RoyalFlush1019: posts big blind $0.02
*** HOLE CARDS ***
Dealt to Dorex2007 [Jd 5h]
KevinT64: folds 
Ebleco: folds 
ZmeelovKAA: calls $0.02
votanic: folds 
ToffeeTom81: raises $0.04 to $0.06
pooby81: folds 
Dorex2007: folds 
17d17g17: folds 
RoyalFlush1019: calls $0.04
ZmeelovKAA: calls $0.04
*** FLOP *** [8s Ks Ac]
RoyalFlush1019: checks 
ZmeelovKAA: checks 
ToffeeTom81: bets $0.11
RoyalFlush1019: folds 
ZmeelovKAA: folds 
Uncalled bet ($0.11) returned to ToffeeTom81
ToffeeTom81 collected $0.18 from pot
*** SUMMARY ***
Total pot $0.19 | Rake $0.01 
Board [8s Ks Ac]
Seat 1: KevinT64 folded before Flop (didn't bet)
Seat 2: Ebleco folded before Flop (didn't bet)
Seat 3: ZmeelovKAA folded on the Flop
Seat 4: votanic folded before Flop (didn't bet)
Seat 5: ToffeeTom81 collected ($0.18)
Seat 6: pooby81 folded before Flop (didn't bet)
Seat 7: Dorex2007 (button) folded before Flop (didn't bet)
Seat 8: 17d17g17 (small blind) folded before Flop
Seat 9: RoyalFlush1019 (big blind) folded on the Flop



PokerStars Hand #232651926923:  Hold'em No Limit ($0.01/$0.02 USD) - 2021/12/29 22:51:15 PT [2021/12/30 1:51:15 ET]
Table 'Owa III' 9-max Seat #8 is the button
Seat 1: KevinT64 ($1.74 in chips) 
Seat 2: Ebleco ($0.78 in chips) 
Seat 3: ZmeelovKAA ($1.86 in chips) 
Seat 4: votanic ($3.75 in chips) 
Seat 5: ToffeeTom81 ($2.47 in chips) 
Seat 6: pooby81 ($1.12 in chips) 
Seat 7: Dorex2007 ($2.23 in chips) 
Seat 8: 17d17g17 ($2.93 in chips) 
Seat 9: RoyalFlush1019 ($0.57 in chips) 
RoyalFlush1019: posts small blind $0.01
KevinT64: posts big blind $0.02
*** HOLE CARDS ***
Dealt to Dorex2007 [Kd 8d]
Ebleco: folds 
ZmeelovKAA: folds 
votanic: calls $0.02
ToffeeTom81: folds 
pooby81: calls $0.02
Dorex2007: calls $0.02
17d17g17: calls $0.02
RoyalFlush1019: calls $0.01
KevinT64: checks 
*** FLOP *** [2d 6h Td]
RoyalFlush1019: checks 
KevinT64: checks 
votanic: checks 
pooby81: checks 
Dorex2007: bets $0.08
17d17g17: folds 
RoyalFlush1019: folds 
KevinT64: folds 
votanic: folds 
pooby81: folds 
Uncalled bet ($0.08) returned to Dorex2007
Dorex2007 collected $0.12 from pot
Dorex2007: doesn't show hand 
*** SUMMARY ***
Total pot $0.12 | Rake $0 
Board [2d 6h Td]
Seat 1: KevinT64 (big blind) folded on the Flop
Seat 2: Ebleco folded before Flop (didn't bet)
Seat 3: ZmeelovKAA folded before Flop (didn't bet)
Seat 4: votanic folded on the Flop
Seat 5: ToffeeTom81 folded before Flop (didn't bet)
Seat 6: pooby81 folded on the Flop
Seat 7: Dorex2007 collected ($0.12)
Seat 8: 17d17g17 (button) folded on the Flop
Seat 9: RoyalFlush1019 (small blind) folded on the Flop



PokerStars Hand #232651934092:  Hold'em No Limit ($0.01/$0.02 USD) - 2021/12/29 22:52:04 PT [2021/12/30 1:52:04 ET]
Table 'Owa III' 9-max Seat #9 is the button
Seat 1: KevinT64 ($1.72 in chips) 
Seat 2: Ebleco ($0.78 in chips) 
Seat 3: ZmeelovKAA ($1.86 in chips) 
Seat 4: votanic ($3.73 in chips) 
Seat 5: ToffeeTom81 ($2.47 in chips) 
Seat 6: pooby81 ($1.10 in chips) 
Seat 7: Dorex2007 ($2.33 in chips) 
Seat 8: 17d17g17 ($2.91 in chips) 
Seat 9: RoyalFlush1019 ($0.55 in chips) 
KevinT64: posts small blind $0.01
Ebleco: posts big blind $0.02
*** HOLE CARDS ***
Dealt to Dorex2007 [8s 4c]
ZmeelovKAA: folds 
votanic: folds 
ToffeeTom81: raises $0.04 to $0.06
pooby81: folds 
Dorex2007: folds 
17d17g17: folds 
RoyalFlush1019: raises $0.49 to $0.55 and is all-in
KevinT64: folds 
Ebleco: folds 
ToffeeTom81: calls $0.49
*** FLOP *** [Kd 7c Ah]
*** TURN *** [Kd 7c Ah] [Jd]
*** RIVER *** [Kd 7c Ah Jd] [7d]
*** SHOW DOWN ***
ToffeeTom81: shows [6c 5c] (a pair of Sevens)
RoyalFlush1019: shows [9s 9d] (two pair, Nines and Sevens)
RoyalFlush1019 collected $1.09 from pot
*** SUMMARY ***
Total pot $1.13 | Rake $0.04 
Board [Kd 7c Ah Jd 7d]
Seat 1: KevinT64 (small blind) folded before Flop
Seat 2: Ebleco (big blind) folded before Flop
Seat 3: ZmeelovKAA folded before Flop (didn't bet)
Seat 4: votanic folded before Flop (didn't bet)
Seat 5: ToffeeTom81 showed [6c 5c] and lost with a pair of Sevens
Seat 6: pooby81 folded before Flop (didn't bet)
Seat 7: Dorex2007 folded before Flop (didn't bet)
Seat 8: 17d17g17 folded before Flop (didn't bet)
Seat 9: RoyalFlush1019 (button) showed [9s 9d] and won ($1.09) with two pair, Nines and Sevens



PokerStars Hand #232651938416:  Hold'em No Limit ($0.01/$0.02 USD) - 2021/12/29 22:52:34 PT [2021/12/30 1:52:34 ET]
Table 'Owa III' 9-max Seat #1 is the button
Seat 1: KevinT64 ($1.71 in chips) 
Seat 2: Ebleco ($0.76 in chips) 
Seat 3: ZmeelovKAA ($1.86 in chips) 
Seat 4: votanic ($3.73 in chips) 
Seat 5: ToffeeTom81 ($1.92 in chips) 
Seat 6: pooby81 ($1.10 in chips) 
Seat 7: Dorex2007 ($2.33 in chips) 
Seat 8: 17d17g17 ($2.91 in chips) 
Seat 9: RoyalFlush1019 ($1.09 in chips) 
Ebleco: posts small blind $0.01
ZmeelovKAA: posts big blind $0.02
*** HOLE CARDS ***
Dealt to Dorex2007 [Kc Qh]
votanic: folds 
ToffeeTom81: folds 
pooby81: calls $0.02
Dorex2007: calls $0.02
17d17g17: folds 
RoyalFlush1019: calls $0.02
KevinT64: folds 
Ebleco: folds 
ZmeelovKAA: checks 
*** FLOP *** [Ad Kd 5c]
ZmeelovKAA: checks 
pooby81: checks 
Dorex2007: bets $0.05
RoyalFlush1019: calls $0.05
ZmeelovKAA: folds 
pooby81: calls $0.05
*** TURN *** [Ad Kd 5c] [7s]
pooby81: checks 
Dorex2007: checks 
RoyalFlush1019: checks 
*** RIVER *** [Ad Kd 5c 7s] [Ts]
pooby81: bets $0.06
Dorex2007: calls $0.06
RoyalFlush1019: calls $0.06
*** SHOW DOWN ***
pooby81: shows [Ac Ks] (two pair, Aces and Kings)
Dorex2007: mucks hand 
RoyalFlush1019: mucks hand 
pooby81 collected $0.41 from pot
*** SUMMARY ***
Total pot $0.42 | Rake $0.01 
Board [Ad Kd 5c 7s Ts]
Seat 1: KevinT64 (button) folded before Flop (didn't bet)
Seat 2: Ebleco (small blind) folded before Flop
Seat 3: ZmeelovKAA (big blind) folded on the Flop
Seat 4: votanic folded before Flop (didn't bet)
Seat 5: ToffeeTom81 folded before Flop (didn't bet)
Seat 6: pooby81 showed [Ac Ks] and won ($0.41) with two pair, Aces and Kings
Seat 7: Dorex2007 mucked [Kc Qh]
Seat 8: 17d17g17 folded before Flop (didn't bet)
Seat 9: RoyalFlush1019 mucked [2d Td]



PokerStars Hand #232651947113:  Hold'em No Limit ($0.01/$0.02 USD) - 2021/12/29 22:53:34 PT [2021/12/30 1:53:34 ET]
Table 'Owa III' 9-max Seat #2 is the button
Seat 1: KevinT64 ($1.71 in chips) 
Seat 2: Ebleco ($0.75 in chips) 
Seat 3: ZmeelovKAA ($1.84 in chips) 
Seat 4: votanic ($3.73 in chips) 
Seat 5: ToffeeTom81 ($1.92 in chips) 
Seat 6: pooby81 ($1.38 in chips) 
Seat 7: Dorex2007 ($2.20 in chips) 
Seat 8: 17d17g17 ($2.91 in chips) 
Seat 9: RoyalFlush1019 ($0.96 in chips) 
ZmeelovKAA: posts small blind $0.01
votanic: posts big blind $0.02
*** HOLE CARDS ***
Dealt to Dorex2007 [Ac 5h]
ToffeeTom81: folds 
pooby81: folds 
Dorex2007: folds 
17d17g17: raises $0.02 to $0.04
RoyalFlush1019: calls $0.04
KevinT64: folds 
Ebleco: folds 
ZmeelovKAA: folds 
votanic: calls $0.02
*** FLOP *** [9d 4d 6d]
votanic: checks 
17d17g17: bets $0.06
RoyalFlush1019: folds 
votanic: raises $0.25 to $0.31
17d17g17: folds 
Uncalled bet ($0.25) returned to votanic
votanic collected $0.24 from pot
*** SUMMARY ***
Total pot $0.25 | Rake $0.01 
Board [9d 4d 6d]
Seat 1: KevinT64 folded before Flop (didn't bet)
Seat 2: Ebleco (button) folded before Flop (didn't bet)
Seat 3: ZmeelovKAA (small blind) folded before Flop
Seat 4: votanic (big blind) collected ($0.24)
Seat 5: ToffeeTom81 folded before Flop (didn't bet)
Seat 6: pooby81 folded before Flop (didn't bet)
Seat 7: Dorex2007 folded before Flop (didn't bet)
Seat 8: 17d17g17 folded on the Flop
Seat 9: RoyalFlush1019 folded on the Flop



PokerStars Hand #232651953481:  Hold'em No Limit ($0.01/$0.02 USD) - 2021/12/29 22:54:19 PT [2021/12/30 1:54:19 ET]
Table 'Owa III' 9-max Seat #3 is the button
Seat 1: KevinT64 ($1.71 in chips) 
Seat 2: Ebleco ($0.75 in chips) 
Seat 3: ZmeelovKAA ($1.83 in chips) 
Seat 4: votanic ($3.87 in chips) 
Seat 5: ToffeeTom81 ($1.92 in chips) 
Seat 6: pooby81 ($1.38 in chips) 
Seat 7: Dorex2007 ($2.20 in chips) 
Seat 8: 17d17g17 ($2.81 in chips) 
Seat 9: RoyalFlush1019 ($0.92 in chips) 
votanic: posts small blind $0.01
ToffeeTom81: posts big blind $0.02
*** HOLE CARDS ***
Dealt to Dorex2007 [5d 2c]
pooby81: folds 
Dorex2007: folds 
17d17g17: folds 
RoyalFlush1019: calls $0.02
KevinT64: folds 
Ebleco: folds 
ZmeelovKAA: folds 
votanic: calls $0.01
ToffeeTom81: raises $0.12 to $0.14
RoyalFlush1019: folds 
votanic: folds 
Uncalled bet ($0.12) returned to ToffeeTom81
ToffeeTom81 collected $0.06 from pot
*** SUMMARY ***
Total pot $0.06 | Rake $0 
Seat 1: KevinT64 folded before Flop (didn't bet)
Seat 2: Ebleco folded before Flop (didn't bet)
Seat 3: ZmeelovKAA (button) folded before Flop (didn't bet)
Seat 4: votanic (small blind) folded before Flop
Seat 5: ToffeeTom81 (big blind) collected ($0.06)
Seat 6: pooby81 folded before Flop (didn't bet)
Seat 7: Dorex2007 folded before Flop (didn't bet)
Seat 8: 17d17g17 folded before Flop (didn't bet)
Seat 9: RoyalFlush1019 folded before Flop



PokerStars Hand #232651957258:  Hold'em No Limit ($0.01/$0.02 USD) - 2021/12/29 22:54:45 PT [2021/12/30 1:54:45 ET]
Table 'Owa III' 9-max Seat #4 is the button
Seat 1: KevinT64 ($1.71 in chips) 
Seat 2: Ebleco ($0.75 in chips) 
Seat 3: ZmeelovKAA ($1.83 in chips) 
Seat 4: votanic ($3.85 in chips) 
Seat 5: ToffeeTom81 ($1.96 in chips) 
Seat 6: pooby81 ($1.38 in chips) 
Seat 7: Dorex2007 ($2.20 in chips) 
Seat 8: 17d17g17 ($2.81 in chips) 
Seat 9: RoyalFlush1019 ($0.90 in chips) 
ToffeeTom81: posts small blind $0.01
pooby81: posts big blind $0.02
*** HOLE CARDS ***
Dealt to Dorex2007 [6d 9h]
Dorex2007: folds 
17d17g17: folds 
RoyalFlush1019: calls $0.02
KevinT64: folds 
Ebleco: folds 
ZmeelovKAA: folds 
votanic: folds 
ToffeeTom81: folds 
pooby81: checks 
*** FLOP *** [Ks Kh Qc]
pooby81: checks 
RoyalFlush1019: checks 
*** TURN *** [Ks Kh Qc] [4d]
pooby81: checks 
RoyalFlush1019: bets $0.02
pooby81: folds 
Uncalled bet ($0.02) returned to RoyalFlush1019
RoyalFlush1019 collected $0.05 from pot
RoyalFlush1019: doesn't show hand 
*** SUMMARY ***
Total pot $0.05 | Rake $0 
Board [Ks Kh Qc 4d]
Seat 1: KevinT64 folded before Flop (didn't bet)
Seat 2: Ebleco folded before Flop (didn't bet)
Seat 3: ZmeelovKAA folded before Flop (didn't bet)
Seat 4: votanic (button) folded before Flop (didn't bet)
Seat 5: ToffeeTom81 (small blind) folded before Flop
Seat 6: pooby81 (big blind) folded on the Turn
Seat 7: Dorex2007 folded before Flop (didn't bet)
Seat 8: 17d17g17 folded before Flop (didn't bet)
Seat 9: RoyalFlush1019 collected ($0.05)



PokerStars Hand #232651961778:  Hold'em No Limit ($0.01/$0.02 USD) - 2021/12/29 22:55:20 PT [2021/12/30 1:55:20 ET]
Table 'Owa III' 9-max Seat #5 is the button
Seat 1: KevinT64 ($1.71 in chips) 
Seat 2: Ebleco ($0.75 in chips) 
Seat 3: ZmeelovKAA ($1.83 in chips) 
Seat 4: votanic ($3.85 in chips) 
Seat 5: ToffeeTom81 ($1.95 in chips) 
Seat 6: pooby81 ($1.36 in chips) 
Seat 7: Dorex2007 ($2.20 in chips) 
Seat 8: 17d17g17 ($2.81 in chips) 
Seat 9: RoyalFlush1019 ($0.93 in chips) 
pooby81: posts small blind $0.01
Dorex2007: posts big blind $0.02
*** HOLE CARDS ***
Dealt to Dorex2007 [9d 5c]
17d17g17: folds 
RoyalFlush1019: calls $0.02
KevinT64: folds 
Ebleco: folds 
ZmeelovKAA: folds 
votanic: folds 
ToffeeTom81: raises $0.14 to $0.16
pooby81: folds 
Dorex2007: folds 
RoyalFlush1019: folds 
Uncalled bet ($0.14) returned to ToffeeTom81
ToffeeTom81 collected $0.07 from pot
*** SUMMARY ***
Total pot $0.07 | Rake $0 
Seat 1: KevinT64 folded before Flop (didn't bet)
Seat 2: Ebleco folded before Flop (didn't bet)
Seat 3: ZmeelovKAA folded before Flop (didn't bet)
Seat 4: votanic folded before Flop (didn't bet)
Seat 5: ToffeeTom81 (button) collected ($0.07)
Seat 6: pooby81 (small blind) folded before Flop
Seat 7: Dorex2007 (big blind) folded before Flop
Seat 8: 17d17g17 folded before Flop (didn't bet)
Seat 9: RoyalFlush1019 folded before Flop



PokerStars Hand #232651964849:  Hold'em No Limit ($0.01/$0.02 USD) - 2021/12/29 22:55:46 PT [2021/12/30 1:55:46 ET]
Table 'Owa III' 9-max Seat #6 is the button
Seat 1: KevinT64 ($1.71 in chips) 
Seat 2: Ebleco ($0.75 in chips) 
Seat 3: ZmeelovKAA ($1.83 in chips) 
Seat 4: votanic ($3.85 in chips) 
Seat 5: ToffeeTom81 ($2 in chips) 
Seat 6: pooby81 ($1.35 in chips) 
Seat 7: Dorex2007 ($2.18 in chips) 
Seat 8: 17d17g17 ($2.81 in chips) 
Seat 9: RoyalFlush1019 ($0.91 in chips) 
Dorex2007: posts small blind $0.01
17d17g17: posts big blind $0.02
*** HOLE CARDS ***
Dealt to Dorex2007 [2d 8s]
RoyalFlush1019: folds 
KevinT64: folds 
Ebleco: folds 
ZmeelovKAA: calls $0.02
votanic: folds 
ToffeeTom81: folds 
pooby81: folds 
Dorex2007: folds 
17d17g17: checks 
*** FLOP *** [Ts Qh 7s]
17d17g17: checks 
ZmeelovKAA: bets $0.02
17d17g17: calls $0.02
*** TURN *** [Ts Qh 7s] [3h]
17d17g17: checks 
ZmeelovKAA: bets $0.02
17d17g17: calls $0.02
*** RIVER *** [Ts Qh 7s 3h] [Jh]
17d17g17: checks 
ZmeelovKAA: checks 
*** SHOW DOWN ***
17d17g17: shows [As 2h] (high card Ace)
ZmeelovKAA: shows [Kc Tc] (a pair of Tens)
ZmeelovKAA collected $0.13 from pot
*** SUMMARY ***
Total pot $0.13 | Rake $0 
Board [Ts Qh 7s 3h Jh]
Seat 1: KevinT64 folded before Flop (didn't bet)
Seat 2: Ebleco folded before Flop (didn't bet)
Seat 3: ZmeelovKAA showed [Kc Tc] and won ($0.13) with a pair of Tens
Seat 4: votanic folded before Flop (didn't bet)
Seat 5: ToffeeTom81 folded before Flop (didn't bet)
Seat 6: pooby81 (button) folded before Flop (didn't bet)
Seat 7: Dorex2007 (small blind) folded before Flop
Seat 8: 17d17g17 (big blind) showed [As 2h] and lost with high card Ace
Seat 9: RoyalFlush1019 folded before Flop (didn't bet)



PokerStars Hand #232651971192:  Hold'em No Limit ($0.01/$0.02 USD) - 2021/12/29 22:56:37 PT [2021/12/30 1:56:37 ET]
Table 'Owa III' 9-max Seat #7 is the button
Seat 1: KevinT64 ($1.71 in chips) 
Seat 2: Ebleco ($0.75 in chips) 
Seat 3: ZmeelovKAA ($1.90 in chips) 
Seat 4: votanic ($3.85 in chips) 
Seat 5: ToffeeTom81 ($2 in chips) 
Seat 6: pooby81 ($1.35 in chips) 
Seat 7: Dorex2007 ($2.17 in chips) 
Seat 8: 17d17g17 ($2.75 in chips) 
Seat 9: RoyalFlush1019 ($0.91 in chips) 
17d17g17: posts small blind $0.01
RoyalFlush1019: posts big blind $0.02
*** HOLE CARDS ***
Dealt to Dorex2007 [6d 4c]
KevinT64: folds 
Ebleco: folds 
ZmeelovKAA: folds 
votanic: calls $0.02
ToffeeTom81: raises $0.06 to $0.08
pooby81: folds 
Dorex2007: folds 
17d17g17: folds 
RoyalFlush1019: folds 
votanic: calls $0.06
*** FLOP *** [2c Ac Td]
votanic: checks 
ToffeeTom81: bets $0.11
ZmeelovKAA leaves the table
votanic has timed out
votanic: folds 
Uncalled bet ($0.11) returned to ToffeeTom81
ToffeeTom81 collected $0.18 from pot
*** SUMMARY ***
Total pot $0.19 | Rake $0.01 
Board [2c Ac Td]
Seat 1: KevinT64 folded before Flop (didn't bet)
Seat 2: Ebleco folded before Flop (didn't bet)
Seat 3: ZmeelovKAA folded before Flop (didn't bet)
Seat 4: votanic folded on the Flop
Seat 5: ToffeeTom81 collected ($0.18)
Seat 6: pooby81 folded before Flop (didn't bet)
Seat 7: Dorex2007 (button) folded before Flop (didn't bet)
Seat 8: 17d17g17 (small blind) folded before Flop
Seat 9: RoyalFlush1019 (big blind) folded before Flop



PokerStars Hand #232651983586:  Hold'em No Limit ($0.01/$0.02 USD) - 2021/12/29 22:58:18 PT [2021/12/30 1:58:18 ET]
Table 'Owa III' 9-max Seat #8 is the button
Seat 1: KevinT64 ($1.71 in chips) 
Seat 2: Ebleco ($0.75 in chips) 
Seat 5: ToffeeTom81 ($2.10 in chips) 
Seat 6: pooby81 ($1.35 in chips) 
Seat 7: Dorex2007 ($2.17 in chips) 
Seat 8: 17d17g17 ($2.74 in chips) 
Seat 9: RoyalFlush1019 ($0.89 in chips) 
RoyalFlush1019: posts small blind $0.01
KevinT64: posts big blind $0.02
*** HOLE CARDS ***
Dealt to Dorex2007 [2c 3s]
Ebleco: folds 
ToffeeTom81: folds 
Ebleco leaves the table
pooby81: folds 
Dorex2007: folds 
17d17g17: folds 
RoyalFlush1019: calls $0.01
KevinT64: checks 
*** FLOP *** [Ad 6c Jc]
RoyalFlush1019: checks 
KevinT64: checks 
*** TURN *** [Ad 6c Jc] [8s]
votanic leaves the table
RoyalFlush1019: bets $0.04
KevinT64: calls $0.04
*** RIVER *** [Ad 6c Jc 8s] [Tc]
RoyalFlush1019: bets $0.24
KevinT64: folds 
Uncalled bet ($0.24) returned to RoyalFlush1019
RoyalFlush1019 collected $0.12 from pot
RoyalFlush1019: doesn't show hand 
*** SUMMARY ***
Total pot $0.12 | Rake $0 
Board [Ad 6c Jc 8s Tc]
Seat 1: KevinT64 (big blind) folded on the River
Seat 2: Ebleco folded before Flop (didn't bet)
Seat 5: ToffeeTom81 folded before Flop (didn't bet)
Seat 6: pooby81 folded before Flop (didn't bet)
Seat 7: Dorex2007 folded before Flop (didn't bet)
Seat 8: 17d17g17 (button) folded before Flop (didn't bet)
Seat 9: RoyalFlush1019 (small blind) collected ($0.12)



PokerStars Hand #232651988321:  Hold'em No Limit ($0.01/$0.02 USD) - 2021/12/29 22:58:57 PT [2021/12/30 1:58:57 ET]
Table 'Owa III' 9-max Seat #9 is the button
Seat 1: KevinT64 ($1.65 in chips) 
Seat 5: ToffeeTom81 ($2.10 in chips) 
Seat 6: pooby81 ($1.35 in chips) 
Seat 7: Dorex2007 ($2.17 in chips) 
Seat 8: 17d17g17 ($2.74 in chips) 
Seat 9: RoyalFlush1019 ($0.95 in chips) 
KevinT64: posts small blind $0.01
ToffeeTom81: posts big blind $0.02
*** HOLE CARDS ***
Dealt to Dorex2007 [Th 3c]
pooby81: folds 
Dorex2007: folds 
17d17g17: folds 
RoyalFlush1019: folds 
RoyalFlush1019 leaves the table
KevinT64: folds 
Uncalled bet ($0.01) returned to ToffeeTom81
ToffeeTom81 collected $0.02 from pot
*** SUMMARY ***
Total pot $0.02 | Rake $0 
Seat 1: KevinT64 (small blind) folded before Flop
Seat 5: ToffeeTom81 (big blind) collected ($0.02)
Seat 6: pooby81 folded before Flop (didn't bet)
Seat 7: Dorex2007 folded before Flop (didn't bet)
Seat 8: 17d17g17 folded before Flop (didn't bet)
Seat 9: RoyalFlush1019 (button) folded before Flop (didn't bet)



PokerStars Hand #232651989667:  Hold'em No Limit ($0.01/$0.02 USD) - 2021/12/29 22:59:08 PT [2021/12/30 1:59:08 ET]
Table 'Owa III' 9-max Seat #1 is the button
Seat 1: KevinT64 ($1.64 in chips) 
Seat 5: ToffeeTom81 ($2.11 in chips) 
Seat 6: pooby81 ($1.35 in chips) 
Seat 7: Dorex2007 ($2.17 in chips) 
Seat 8: 17d17g17 ($2.74 in chips) 
ToffeeTom81: posts small blind $0.01
pooby81: posts big blind $0.02
*** HOLE CARDS ***
Dealt to Dorex2007 [5s 9h]
Dorex2007: folds 
17d17g17: calls $0.02
KevinT64: folds 
ToffeeTom81: calls $0.01
pooby81: checks 
*** FLOP *** [6c 7s 4h]
ToffeeTom81: bets $0.04
KevinT64 leaves the table
pooby81: calls $0.04
17d17g17: calls $0.04
*** TURN *** [6c 7s 4h] [Td]
ToffeeTom81: checks 
pooby81: checks 
17d17g17: checks 
*** RIVER *** [6c 7s 4h Td] [7c]
ToffeeTom81: bets $0.13
pooby81: raises $0.23 to $0.36
17d17g17: folds 
ToffeeTom81: raises $0.53 to $0.89
pooby81: calls $0.53
*** SHOW DOWN ***
ToffeeTom81: shows [2c 3s] (a pair of Sevens)
pooby81: shows [8d 9s] (a straight, Six to Ten)
pooby81 collected $1.89 from pot
*** SUMMARY ***
Total pot $1.96 | Rake $0.07 
Board [6c 7s 4h Td 7c]
Seat 1: KevinT64 (button) folded before Flop (didn't bet)
Seat 5: ToffeeTom81 (small blind) showed [2c 3s] and lost with a pair of Sevens
Seat 6: pooby81 (big blind) showed [8d 9s] and won ($1.89) with a straight, Six to Ten
Seat 7: Dorex2007 folded before Flop (didn't bet)
Seat 8: 17d17g17 folded on the River



PokerStars Hand #232652001142:  Hold'em No Limit ($0.01/$0.02 USD) - 2021/12/29 23:00:38 PT [2021/12/30 2:00:38 ET]
Table 'Owa III' 9-max Seat #5 is the button
Seat 5: ToffeeTom81 ($1.16 in chips) 
Seat 6: pooby81 ($2.29 in chips) 
Seat 7: Dorex2007 ($2.17 in chips) 
Seat 8: 17d17g17 ($2.68 in chips) 
pooby81: posts small blind $0.01
Dorex2007: posts big blind $0.02
*** HOLE CARDS ***
Dealt to Dorex2007 [3d Ah]
17d17g17: folds 
ToffeeTom81: raises $0.03 to $0.05
pooby81: calls $0.04
Dorex2007: folds 
*** FLOP *** [3h 4s 8d]
pooby81: checks 
ToffeeTom81: bets $0.04
pooby81: folds 
Uncalled bet ($0.04) returned to ToffeeTom81
ToffeeTom81 collected $0.12 from pot
*** SUMMARY ***
Total pot $0.12 | Rake $0 
Board [3h 4s 8d]
Seat 5: ToffeeTom81 (button) collected ($0.12)
Seat 6: pooby81 (small blind) folded on the Flop
Seat 7: Dorex2007 (big blind) folded before Flop
Seat 8: 17d17g17 folded before Flop (didn't bet)



PokerStars Hand #232652006734:  Hold'em No Limit ($0.01/$0.02 USD) - 2021/12/29 23:01:17 PT [2021/12/30 2:01:17 ET]
Table 'Owa III' 9-max Seat #6 is the button
Seat 5: ToffeeTom81 ($1.23 in chips) 
Seat 6: pooby81 ($2.24 in chips) 
Seat 7: Dorex2007 ($2.15 in chips) 
Seat 8: 17d17g17 ($2.68 in chips) 
Dorex2007: posts small blind $0.01
17d17g17: posts big blind $0.02
*** HOLE CARDS ***
Dealt to Dorex2007 [Qc 8h]
ToffeeTom81: raises $0.03 to $0.05
pooby81: folds 
Dorex2007: calls $0.04
17d17g17: folds 
*** FLOP *** [8d Kh 3c]
Dorex2007: bets $0.08
ToffeeTom81: calls $0.08
*** TURN *** [8d Kh 3c] [Td]
Dorex2007: checks 
ToffeeTom81: bets $0.20
Dorex2007: folds 
Uncalled bet ($0.20) returned to ToffeeTom81
ToffeeTom81 collected $0.27 from pot
*** SUMMARY ***
Total pot $0.28 | Rake $0.01 
Board [8d Kh 3c Td]
Seat 5: ToffeeTom81 collected ($0.27)
Seat 6: pooby81 (button) folded before Flop (didn't bet)
Seat 7: Dorex2007 (small blind) folded on the Turn
Seat 8: 17d17g17 (big blind) folded before Flop



