PokerStars Hand #227284784263:  Hold'em No Limit ($0.01/$0.02 USD) - 2021/06/02 20:58:58 PT [2021/06/02 23:58:58 ET]
Table 'Massalia III' 9-max Seat #1 is the button
Seat 1: Las_Vegor ($1.85 in chips) 
Seat 2: Bover68 ($3.14 in chips) 
Seat 3: Dorex2007 ($2 in chips) 
Seat 4: SunTzuARG ($2.04 in chips) 
Seat 6: Realtor59 ($2.40 in chips) 
Seat 7: Qw33nOfHeart ($2.15 in chips) 
Seat 8: sansisbai ($2.46 in chips) 
Bover68: posts small blind $0.01
Dorex2007: posts big blind $0.02
pleasenono: sits out 
*** HOLE CARDS ***
Dealt to Dorex2007 [Ac Td]
SunTzuARG: folds 
Realtor59: folds 
Qw33nOfHeart: folds 
sansisbai: folds 
Las_Vegor: folds 
Bover68: raises $0.04 to $0.06
Dorex2007: calls $0.04
*** FLOP *** [5d 6c Jc]
Bover68: checks 
Dorex2007: bets $0.08
Bover68: folds 
Uncalled bet ($0.08) returned to Dorex2007
Dorex2007 collected $0.12 from pot
Dorex2007: doesn't show hand 
*** SUMMARY ***
Total pot $0.12 | Rake $0 
Board [5d 6c Jc]
Seat 1: Las_Vegor (button) folded before Flop (didn't bet)
Seat 2: Bover68 (small blind) folded on the Flop
Seat 3: Dorex2007 (big blind) collected ($0.12)
Seat 4: SunTzuARG folded before Flop (didn't bet)
Seat 6: Realtor59 folded before Flop (didn't bet)
Seat 7: Qw33nOfHeart folded before Flop (didn't bet)
Seat 8: sansisbai folded before Flop (didn't bet)



PokerStars Hand #227284788946:  Hold'em No Limit ($0.01/$0.02 USD) - 2021/06/02 20:59:30 PT [2021/06/02 23:59:30 ET]
Table 'Massalia III' 9-max Seat #2 is the button
Seat 1: Las_Vegor ($1.85 in chips) 
Seat 2: Bover68 ($3.08 in chips) 
Seat 3: Dorex2007 ($2.06 in chips) 
Seat 4: SunTzuARG ($2.04 in chips) 
Seat 6: Realtor59 ($2.40 in chips) 
Seat 7: Qw33nOfHeart ($2.15 in chips) 
Seat 8: sansisbai ($2.46 in chips) 
Dorex2007: posts small blind $0.01
SunTzuARG: posts big blind $0.02
pleasenono: sits out 
*** HOLE CARDS ***
Dealt to Dorex2007 [6c 3d]
Realtor59: folds 
Qw33nOfHeart: raises $0.02 to $0.04
sansisbai: calls $0.04
Las_Vegor: folds 
Bover68: folds 
Dorex2007: folds 
SunTzuARG: folds 
*** FLOP *** [3h Ah Jd]
Qw33nOfHeart: checks 
sansisbai: bets $0.08
Qw33nOfHeart: calls $0.08
*** TURN *** [3h Ah Jd] [Js]
Qw33nOfHeart: checks 
sansisbai: checks 
*** RIVER *** [3h Ah Jd Js] [Td]
Qw33nOfHeart: bets $0.26
sansisbai: folds 
Uncalled bet ($0.26) returned to Qw33nOfHeart
Qw33nOfHeart collected $0.26 from pot
Qw33nOfHeart: doesn't show hand 
*** SUMMARY ***
Total pot $0.27 | Rake $0.01 
Board [3h Ah Jd Js Td]
Seat 1: Las_Vegor folded before Flop (didn't bet)
Seat 2: Bover68 (button) folded before Flop (didn't bet)
Seat 3: Dorex2007 (small blind) folded before Flop
Seat 4: SunTzuARG (big blind) folded before Flop
Seat 6: Realtor59 folded before Flop (didn't bet)
Seat 7: Qw33nOfHeart collected ($0.26)
Seat 8: sansisbai folded on the River



