PokerStars Hand #229834841543:  Hold'em No Limit ($0.01/$0.02 USD) - 2021/09/13 16:12:31 PT [2021/09/13 19:12:31 ET]
Table 'Horus III' 9-max Seat #6 is the button
Seat 1: Betto173 ($0.80 in chips) 
Seat 2: dimasya1990 ($3.78 in chips) 
Seat 3: neuterra ($2.90 in chips) 
Seat 4: titi8388 ($1.60 in chips) 
Seat 5: AilPail ($2 in chips) 
Seat 6: pf10362 ($1.57 in chips) 
Seat 7: Frosty196 ($1.96 in chips) 
Seat 8: Dorex2007 ($2 in chips) 
Seat 9: SlNNED ($2.68 in chips) 
Frosty196: posts small blind $0.01
Dorex2007: posts big blind $0.02
titi8388: posts big blind $0.02
*** HOLE CARDS ***
Dealt to Dorex2007 [3h Ks]
SlNNED: folds 
Betto173: folds 
dimasya1990: folds 
neuterra: folds 
titi8388: checks 
AilPail: folds 
pf10362: folds 
Frosty196: calls $0.01
Dorex2007: checks 
*** FLOP *** [Js 5d Ad]
Frosty196: bets $0.04
Dorex2007: folds 
titi8388: folds 
Uncalled bet ($0.04) returned to Frosty196
Frosty196 collected $0.06 from pot
Frosty196: doesn't show hand 
*** SUMMARY ***
Total pot $0.06 | Rake $0 
Board [Js 5d Ad]
Seat 1: Betto173 folded before Flop (didn't bet)
Seat 2: dimasya1990 folded before Flop (didn't bet)
Seat 3: neuterra folded before Flop (didn't bet)
Seat 4: titi8388 folded on the Flop (didn't bet)
Seat 5: AilPail folded before Flop (didn't bet)
Seat 6: pf10362 (button) folded before Flop (didn't bet)
Seat 7: Frosty196 (small blind) collected ($0.06)
Seat 8: Dorex2007 (big blind) folded on the Flop
Seat 9: SlNNED folded before Flop (didn't bet)



PokerStars Hand #229834855048:  Hold'em No Limit ($0.01/$0.02 USD) - 2021/09/13 16:13:10 PT [2021/09/13 19:13:10 ET]
Table 'Horus III' 9-max Seat #7 is the button
Seat 1: Betto173 ($0.80 in chips) 
Seat 2: dimasya1990 ($3.78 in chips) 
Seat 3: neuterra ($2.90 in chips) 
Seat 4: titi8388 ($1.58 in chips) 
Seat 5: AilPail ($2 in chips) 
Seat 6: pf10362 ($1.57 in chips) 
Seat 7: Frosty196 ($2 in chips) 
Seat 8: Dorex2007 ($1.98 in chips) 
Seat 9: SlNNED ($2.68 in chips) 
Dorex2007: posts small blind $0.01
SlNNED: posts big blind $0.02
*** HOLE CARDS ***
Dealt to Dorex2007 [Tc 5c]
Betto173: folds 
dimasya1990: folds 
neuterra: folds 
titi8388: folds 
AilPail: raises $0.03 to $0.05
pf10362: folds 
Frosty196: calls $0.05
Dorex2007: folds 
SlNNED: calls $0.03
*** FLOP *** [4c As 5d]
SlNNED: checks 
AilPail: bets $0.12
Frosty196: folds 
SlNNED: calls $0.12
*** TURN *** [4c As 5d] [3h]
SlNNED: checks 
AilPail: checks 
*** RIVER *** [4c As 5d 3h] [6h]
SlNNED: checks 
AilPail: bets $0.20
SlNNED: raises $0.59 to $0.79
AilPail: raises $1.04 to $1.83 and is all-in
SlNNED: folds 
Uncalled bet ($1.04) returned to AilPail
AilPail collected $1.89 from pot
*** SUMMARY ***
Total pot $1.98 | Rake $0.09 
Board [4c As 5d 3h 6h]
Seat 1: Betto173 folded before Flop (didn't bet)
Seat 2: dimasya1990 folded before Flop (didn't bet)
Seat 3: neuterra folded before Flop (didn't bet)
Seat 4: titi8388 folded before Flop (didn't bet)
Seat 5: AilPail collected ($1.89)
Seat 6: pf10362 folded before Flop (didn't bet)
Seat 7: Frosty196 (button) folded on the Flop
Seat 8: Dorex2007 (small blind) folded before Flop
Seat 9: SlNNED (big blind) folded on the River



PokerStars Hand #229834885620:  Hold'em No Limit ($0.01/$0.02 USD) - 2021/09/13 16:14:39 PT [2021/09/13 19:14:39 ET]
Table 'Horus III' 9-max Seat #8 is the button
Seat 1: Betto173 ($0.80 in chips) 
Seat 2: dimasya1990 ($3.78 in chips) 
Seat 3: neuterra ($2.90 in chips) 
Seat 4: titi8388 ($1.58 in chips) 
Seat 5: AilPail ($2.93 in chips) 
Seat 6: pf10362 ($1.57 in chips) 
Seat 7: Frosty196 ($1.95 in chips) 
Seat 8: Dorex2007 ($1.97 in chips) 
Seat 9: SlNNED ($2 in chips) 
SlNNED: posts small blind $0.01
Betto173: posts big blind $0.02
*** HOLE CARDS ***
Dealt to Dorex2007 [Td 8h]
dimasya1990: folds 
dimasya1990 leaves the table
neuterra: folds 
titi8388: folds 
AilPail: folds 
pf10362: raises $0.04 to $0.06
Frosty196: folds 
Dorex2007: folds 
SlNNED: folds 
Betto173: folds 
Uncalled bet ($0.04) returned to pf10362
pf10362 collected $0.05 from pot
pf10362: doesn't show hand 
kublord joins the table at seat #2 
*** SUMMARY ***
Total pot $0.05 | Rake $0 
Seat 1: Betto173 (big blind) folded before Flop
Seat 2: dimasya1990 folded before Flop (didn't bet)
Seat 3: neuterra folded before Flop (didn't bet)
Seat 4: titi8388 folded before Flop (didn't bet)
Seat 5: AilPail folded before Flop (didn't bet)
Seat 6: pf10362 collected ($0.05)
Seat 7: Frosty196 folded before Flop (didn't bet)
Seat 8: Dorex2007 (button) folded before Flop (didn't bet)
Seat 9: SlNNED (small blind) folded before Flop



PokerStars Hand #229834899217:  Hold'em No Limit ($0.01/$0.02 USD) - 2021/09/13 16:15:18 PT [2021/09/13 19:15:18 ET]
Table 'Horus III' 9-max Seat #9 is the button
Seat 1: Betto173 ($0.78 in chips) 
Seat 2: kublord ($1 in chips) 
Seat 3: neuterra ($2.90 in chips) 
Seat 4: titi8388 ($1.58 in chips) 
Seat 5: AilPail ($2.93 in chips) 
Seat 6: pf10362 ($1.60 in chips) 
Seat 7: Frosty196 ($1.95 in chips) 
Seat 8: Dorex2007 ($1.97 in chips) 
Seat 9: SlNNED ($2 in chips) 
Betto173: posts small blind $0.01
kublord: posts big blind $0.02
*** HOLE CARDS ***
Dealt to Dorex2007 [9h 4s]
neuterra: calls $0.02
titi8388: folds 
AilPail: raises $0.07 to $0.09
pf10362: folds 
Frosty196: folds 
Dorex2007: folds 
SlNNED: folds 
Betto173: folds 
kublord: calls $0.07
neuterra: calls $0.07
*** FLOP *** [Jh 7c 8h]
kublord: checks 
neuterra: checks 
AilPail: bets $0.22
kublord: calls $0.22
neuterra: folds 
*** TURN *** [Jh 7c 8h] [7s]
kublord: checks 
AilPail: checks 
*** RIVER *** [Jh 7c 8h 7s] [6d]
kublord: checks 
AilPail: checks 
*** SHOW DOWN ***
kublord: shows [Js Tc] (two pair, Jacks and Sevens)
AilPail: shows [Kc Jc] (two pair, Jacks and Sevens - King kicker)
AilPail collected $0.68 from pot
*** SUMMARY ***
Total pot $0.72 | Rake $0.04 
Board [Jh 7c 8h 7s 6d]
Seat 1: Betto173 (small blind) folded before Flop
Seat 2: kublord (big blind) showed [Js Tc] and lost with two pair, Jacks and Sevens
Seat 3: neuterra folded on the Flop
Seat 4: titi8388 folded before Flop (didn't bet)
Seat 5: AilPail showed [Kc Jc] and won ($0.68) with two pair, Jacks and Sevens
Seat 6: pf10362 folded before Flop (didn't bet)
Seat 7: Frosty196 folded before Flop (didn't bet)
Seat 8: Dorex2007 folded before Flop (didn't bet)
Seat 9: SlNNED (button) folded before Flop (didn't bet)



PokerStars Hand #229834925274:  Hold'em No Limit ($0.01/$0.02 USD) - 2021/09/13 16:16:34 PT [2021/09/13 19:16:34 ET]
Table 'Horus III' 9-max Seat #1 is the button
Seat 1: Betto173 ($0.77 in chips) 
Seat 2: kublord ($0.69 in chips) 
Seat 3: neuterra ($2.81 in chips) 
Seat 4: titi8388 ($1.58 in chips) 
Seat 5: AilPail ($3.30 in chips) 
Seat 6: pf10362 ($1.60 in chips) 
Seat 7: Frosty196 ($1.95 in chips) 
Seat 8: Dorex2007 ($2 in chips) 
Seat 9: SlNNED ($2 in chips) 
kublord: posts small blind $0.01
neuterra: posts big blind $0.02
*** HOLE CARDS ***
Dealt to Dorex2007 [5d 2c]
titi8388: folds 
AilPail: folds 
pf10362: calls $0.02
Frosty196: folds 
Dorex2007: folds 
SlNNED: raises $0.06 to $0.08
Betto173: folds 
kublord: folds 
neuterra: folds 
pf10362: calls $0.06
*** FLOP *** [Th Qh 5h]
pf10362: checks 
SlNNED: checks 
*** TURN *** [Th Qh 5h] [4c]
pf10362: checks 
SlNNED: checks 
*** RIVER *** [Th Qh 5h 4c] [2d]
pf10362: checks 
SlNNED: checks 
*** SHOW DOWN ***
pf10362: shows [Kd 7d] (high card King)
SlNNED: shows [Ac Td] (a pair of Tens)
SlNNED collected $0.18 from pot
*** SUMMARY ***
Total pot $0.19 | Rake $0.01 
Board [Th Qh 5h 4c 2d]
Seat 1: Betto173 (button) folded before Flop (didn't bet)
Seat 2: kublord (small blind) folded before Flop
Seat 3: neuterra (big blind) folded before Flop
Seat 4: titi8388 folded before Flop (didn't bet)
Seat 5: AilPail folded before Flop (didn't bet)
Seat 6: pf10362 showed [Kd 7d] and lost with high card King
Seat 7: Frosty196 folded before Flop (didn't bet)
Seat 8: Dorex2007 folded before Flop (didn't bet)
Seat 9: SlNNED showed [Ac Td] and won ($0.18) with a pair of Tens



PokerStars Hand #229834944796:  Hold'em No Limit ($0.01/$0.02 USD) - 2021/09/13 16:17:28 PT [2021/09/13 19:17:28 ET]
Table 'Horus III' 9-max Seat #2 is the button
Seat 1: Betto173 ($0.77 in chips) 
Seat 2: kublord ($0.68 in chips) 
Seat 3: neuterra ($2.79 in chips) 
Seat 4: titi8388 ($1.58 in chips) 
Seat 5: AilPail ($3.30 in chips) 
Seat 6: pf10362 ($1.52 in chips) 
Seat 7: Frosty196 ($1.95 in chips) 
Seat 8: Dorex2007 ($2 in chips) 
Seat 9: SlNNED ($2.10 in chips) 
neuterra: posts small blind $0.01
titi8388: posts big blind $0.02
*** HOLE CARDS ***
Dealt to Dorex2007 [2h 6c]
AilPail: folds 
pf10362: folds 
Frosty196: folds 
Dorex2007: folds 
SlNNED: folds 
Betto173: calls $0.02
kublord: folds 
neuterra: folds 
titi8388: checks 
*** FLOP *** [Tc Ah 6s]
titi8388: checks 
Betto173: checks 
*** TURN *** [Tc Ah 6s] [7h]
titi8388: checks 
Betto173: checks 
*** RIVER *** [Tc Ah 6s 7h] [5s]
titi8388: checks 
Betto173: checks 
*** SHOW DOWN ***
titi8388: shows [4s 9s] (high card Ace)
Betto173: shows [9d Jd] (high card Ace - Jack kicker)
Betto173 collected $0.05 from pot
*** SUMMARY ***
Total pot $0.05 | Rake $0 
Board [Tc Ah 6s 7h 5s]
Seat 1: Betto173 showed [9d Jd] and won ($0.05) with high card Ace
Seat 2: kublord (button) folded before Flop (didn't bet)
Seat 3: neuterra (small blind) folded before Flop
Seat 4: titi8388 (big blind) showed [4s 9s] and lost with high card Ace
Seat 5: AilPail folded before Flop (didn't bet)
Seat 6: pf10362 folded before Flop (didn't bet)
Seat 7: Frosty196 folded before Flop (didn't bet)
Seat 8: Dorex2007 folded before Flop (didn't bet)
Seat 9: SlNNED folded before Flop (didn't bet)



PokerStars Hand #229834956785:  Hold'em No Limit ($0.01/$0.02 USD) - 2021/09/13 16:18:03 PT [2021/09/13 19:18:03 ET]
Table 'Horus III' 9-max Seat #3 is the button
Seat 1: Betto173 ($0.80 in chips) 
Seat 2: kublord ($0.68 in chips) 
Seat 3: neuterra ($2.78 in chips) 
Seat 4: titi8388 ($1.56 in chips) 
Seat 5: AilPail ($3.30 in chips) 
Seat 6: pf10362 ($1.52 in chips) 
Seat 7: Frosty196 ($1.95 in chips) 
Seat 8: Dorex2007 ($2 in chips) 
Seat 9: SlNNED ($2.10 in chips) 
titi8388: posts small blind $0.01
AilPail: posts big blind $0.02
*** HOLE CARDS ***
Dealt to Dorex2007 [8c Qc]
pf10362: folds 
Frosty196: folds 
Dorex2007: folds 
SlNNED: folds 
Betto173: folds 
kublord: folds 
neuterra: folds 
titi8388: calls $0.01
AilPail: checks 
*** FLOP *** [4d Tc 7h]
titi8388: checks 
AilPail: checks 
*** TURN *** [4d Tc 7h] [6h]
titi8388: checks 
AilPail: checks 
*** RIVER *** [4d Tc 7h 6h] [Ks]
titi8388: checks 
AilPail: checks 
*** SHOW DOWN ***
titi8388: shows [Jd 8d] (high card King)
AilPail: shows [3s Qs] (high card King - Queen kicker)
AilPail collected $0.04 from pot
*** SUMMARY ***
Total pot $0.04 | Rake $0 
Board [4d Tc 7h 6h Ks]
Seat 1: Betto173 folded before Flop (didn't bet)
Seat 2: kublord folded before Flop (didn't bet)
Seat 3: neuterra (button) folded before Flop (didn't bet)
Seat 4: titi8388 (small blind) showed [Jd 8d] and lost with high card King
Seat 5: AilPail (big blind) showed [3s Qs] and won ($0.04) with high card King
Seat 6: pf10362 folded before Flop (didn't bet)
Seat 7: Frosty196 folded before Flop (didn't bet)
Seat 8: Dorex2007 folded before Flop (didn't bet)
Seat 9: SlNNED folded before Flop (didn't bet)



PokerStars Hand #229834967709:  Hold'em No Limit ($0.01/$0.02 USD) - 2021/09/13 16:18:36 PT [2021/09/13 19:18:36 ET]
Table 'Horus III' 9-max Seat #4 is the button
Seat 1: Betto173 ($0.80 in chips) 
Seat 2: kublord ($0.68 in chips) 
Seat 3: neuterra ($2.78 in chips) 
Seat 4: titi8388 ($1.54 in chips) 
Seat 5: AilPail ($3.32 in chips) 
Seat 6: pf10362 ($1.52 in chips) 
Seat 7: Frosty196 ($1.95 in chips) 
Seat 8: Dorex2007 ($2 in chips) 
Seat 9: SlNNED ($2.10 in chips) 
AilPail: posts small blind $0.01
pf10362: posts big blind $0.02
*** HOLE CARDS ***
Dealt to Dorex2007 [6d 4d]
Frosty196: folds 
Dorex2007: folds 
SlNNED: folds 
Betto173: raises $0.02 to $0.04
kublord: folds 
neuterra: folds 
titi8388: calls $0.04
AilPail: folds 
pf10362: calls $0.02
*** FLOP *** [8h 6s Js]
pf10362: checks 
Betto173: checks 
titi8388: checks 
*** TURN *** [8h 6s Js] [2s]
pf10362: checks 
neuterra leaves the table
Betto173: checks 
titi8388: checks 
*** RIVER *** [8h 6s Js 2s] [Jd]
pf10362: checks 
Betto173: checks 
titi8388: checks 
*** SHOW DOWN ***
pf10362: shows [Ks Qd] (a pair of Jacks)
Betto173: shows [Kh Ah] (a pair of Jacks - Ace kicker)
titi8388: mucks hand 
Betto173 collected $0.13 from pot
*** SUMMARY ***
Total pot $0.13 | Rake $0 
Board [8h 6s Js 2s Jd]
Seat 1: Betto173 showed [Kh Ah] and won ($0.13) with a pair of Jacks
Seat 2: kublord folded before Flop (didn't bet)
Seat 3: neuterra folded before Flop (didn't bet)
Seat 4: titi8388 (button) mucked [5h 4h]
Seat 5: AilPail (small blind) folded before Flop
Seat 6: pf10362 (big blind) showed [Ks Qd] and lost with a pair of Jacks
Seat 7: Frosty196 folded before Flop (didn't bet)
Seat 8: Dorex2007 folded before Flop (didn't bet)
Seat 9: SlNNED folded before Flop (didn't bet)



PokerStars Hand #229834990505:  Hold'em No Limit ($0.01/$0.02 USD) - 2021/09/13 16:19:38 PT [2021/09/13 19:19:38 ET]
Table 'Horus III' 9-max Seat #5 is the button
Seat 1: Betto173 ($0.89 in chips) 
Seat 2: kublord ($0.68 in chips) 
Seat 4: titi8388 ($1.50 in chips) 
Seat 5: AilPail ($3.31 in chips) 
Seat 6: pf10362 ($1.48 in chips) 
Seat 7: Frosty196 ($1.95 in chips) 
Seat 8: Dorex2007 ($2 in chips) 
Seat 9: SlNNED ($2.10 in chips) 
pf10362: posts small blind $0.01
Frosty196: posts big blind $0.02
*** HOLE CARDS ***
Dealt to Dorex2007 [5s 3d]
Dorex2007: folds 
SlNNED: folds 
Betto173: folds 
kublord: folds 
titi8388: folds 
AilPail: folds 
pf10362: calls $0.01
Frosty196: checks 
*** FLOP *** [2s Kd 9c]
pf10362: checks 
Frosty196: checks 
*** TURN *** [2s Kd 9c] [9d]
pf10362: checks 
Frosty196: checks 
*** RIVER *** [2s Kd 9c 9d] [9s]
pf10362: checks 
Frosty196: checks 
*** SHOW DOWN ***
pf10362: shows [5c Jc] (three of a kind, Nines)
Frosty196: shows [Ah Ts] (three of a kind, Nines - Ace kicker)
Frosty196 collected $0.04 from pot
*** SUMMARY ***
Total pot $0.04 | Rake $0 
Board [2s Kd 9c 9d 9s]
Seat 1: Betto173 folded before Flop (didn't bet)
Seat 2: kublord folded before Flop (didn't bet)
Seat 4: titi8388 folded before Flop (didn't bet)
Seat 5: AilPail (button) folded before Flop (didn't bet)
Seat 6: pf10362 (small blind) showed [5c Jc] and lost with three of a kind, Nines
Seat 7: Frosty196 (big blind) showed [Ah Ts] and won ($0.04) with three of a kind, Nines
Seat 8: Dorex2007 folded before Flop (didn't bet)
Seat 9: SlNNED folded before Flop (didn't bet)



PokerStars Hand #229835001588:  Hold'em No Limit ($0.01/$0.02 USD) - 2021/09/13 16:20:12 PT [2021/09/13 19:20:12 ET]
Table 'Horus III' 9-max Seat #6 is the button
Seat 1: Betto173 ($0.89 in chips) 
Seat 2: kublord ($0.68 in chips) 
Seat 4: titi8388 ($1.50 in chips) 
Seat 5: AilPail ($3.31 in chips) 
Seat 6: pf10362 ($1.46 in chips) 
Seat 7: Frosty196 ($1.97 in chips) 
Seat 8: Dorex2007 ($2 in chips) 
Seat 9: SlNNED ($2.10 in chips) 
Frosty196: posts small blind $0.01
Dorex2007: posts big blind $0.02
*** HOLE CARDS ***
Dealt to Dorex2007 [5h 7h]
SlNNED: folds 
Betto173: folds 
kublord: calls $0.02
titi8388: folds 
AilPail: calls $0.02
pf10362: folds 
Frosty196: calls $0.01
Dorex2007: checks 
*** FLOP *** [4d 2c 7s]
Frosty196: checks 
Dorex2007: checks 
kublord: bets $0.02
AilPail: folds 
Frosty196: calls $0.02
Dorex2007: calls $0.02
*** TURN *** [4d 2c 7s] [Tc]
Frosty196: bets $0.07
Dorex2007: folds 
kublord: calls $0.07
*** RIVER *** [4d 2c 7s Tc] [7c]
Frosty196: checks 
kublord: checks 
*** SHOW DOWN ***
Frosty196: shows [Qd Qc] (two pair, Queens and Sevens)
kublord: mucks hand 
Frosty196 collected $0.27 from pot
*** SUMMARY ***
Total pot $0.28 | Rake $0.01 
Board [4d 2c 7s Tc 7c]
Seat 1: Betto173 folded before Flop (didn't bet)
Seat 2: kublord mucked [5d 6d]
Seat 4: titi8388 folded before Flop (didn't bet)
Seat 5: AilPail folded on the Flop
Seat 6: pf10362 (button) folded before Flop (didn't bet)
Seat 7: Frosty196 (small blind) showed [Qd Qc] and won ($0.27) with two pair, Queens and Sevens
Seat 8: Dorex2007 (big blind) folded on the Turn
Seat 9: SlNNED folded before Flop (didn't bet)



PokerStars Hand #229835018051:  Hold'em No Limit ($0.01/$0.02 USD) - 2021/09/13 16:21:01 PT [2021/09/13 19:21:01 ET]
Table 'Horus III' 9-max Seat #7 is the button
Seat 1: Betto173 ($0.89 in chips) 
Seat 2: kublord ($0.57 in chips) 
Seat 4: titi8388 ($1.50 in chips) 
Seat 5: AilPail ($3.29 in chips) 
Seat 6: pf10362 ($1.46 in chips) 
Seat 7: Frosty196 ($2.13 in chips) 
Seat 8: Dorex2007 ($2 in chips) 
Seat 9: SlNNED ($2.10 in chips) 
Dorex2007: posts small blind $0.01
SlNNED: posts big blind $0.02
*** HOLE CARDS ***
Dealt to Dorex2007 [Ah 6c]
Betto173: calls $0.02
kublord: folds 
titi8388: folds 
AilPail: folds 
pf10362: folds 
Frosty196: raises $0.04 to $0.06
b3stsc0rpi joins the table at seat #3 
Dorex2007: folds 
SlNNED: raises $0.16 to $0.22
Betto173: folds 
Frosty196: folds 
Uncalled bet ($0.16) returned to SlNNED
SlNNED collected $0.15 from pot
SlNNED: doesn't show hand 
*** SUMMARY ***
Total pot $0.15 | Rake $0 
Seat 1: Betto173 folded before Flop
Seat 2: kublord folded before Flop (didn't bet)
Seat 4: titi8388 folded before Flop (didn't bet)
Seat 5: AilPail folded before Flop (didn't bet)
Seat 6: pf10362 folded before Flop (didn't bet)
Seat 7: Frosty196 (button) folded before Flop
Seat 8: Dorex2007 (small blind) folded before Flop
Seat 9: SlNNED (big blind) collected ($0.15)



PokerStars Hand #229835029195:  Hold'em No Limit ($0.01/$0.02 USD) - 2021/09/13 16:21:34 PT [2021/09/13 19:21:34 ET]
Table 'Horus III' 9-max Seat #8 is the button
Seat 1: Betto173 ($0.87 in chips) 
Seat 2: kublord ($0.57 in chips) 
Seat 4: titi8388 ($1.50 in chips) 
Seat 5: AilPail ($3.29 in chips) 
Seat 6: pf10362 ($1.46 in chips) 
Seat 7: Frosty196 ($2.07 in chips) 
Seat 8: Dorex2007 ($2 in chips) 
Seat 9: SlNNED ($2.19 in chips) 
SlNNED: posts small blind $0.01
Betto173: posts big blind $0.02
b3stsc0rpi: sits out 
*** HOLE CARDS ***
Dealt to Dorex2007 [Kd Tc]
kublord: folds 
titi8388: calls $0.02
AilPail: raises $0.07 to $0.09
pf10362: folds 
Frosty196: folds 
Dorex2007: folds 
SlNNED: folds 
Betto173: folds 
titi8388: calls $0.07
*** FLOP *** [As Ks 4d]
titi8388: checks 
AilPail: bets $0.11
titi8388: calls $0.11
*** TURN *** [As Ks 4d] [2h]
titi8388: checks 
AilPail: checks 
*** RIVER *** [As Ks 4d 2h] [7h]
titi8388: bets $0.14
AilPail: folds 
Uncalled bet ($0.14) returned to titi8388
titi8388 collected $0.41 from pot
titi8388: doesn't show hand 
*** SUMMARY ***
Total pot $0.43 | Rake $0.02 
Board [As Ks 4d 2h 7h]
Seat 1: Betto173 (big blind) folded before Flop
Seat 2: kublord folded before Flop (didn't bet)
Seat 4: titi8388 collected ($0.41)
Seat 5: AilPail folded on the River
Seat 6: pf10362 folded before Flop (didn't bet)
Seat 7: Frosty196 folded before Flop (didn't bet)
Seat 8: Dorex2007 (button) folded before Flop (didn't bet)
Seat 9: SlNNED (small blind) folded before Flop



PokerStars Hand #229835045693:  Hold'em No Limit ($0.01/$0.02 USD) - 2021/09/13 16:22:24 PT [2021/09/13 19:22:24 ET]
Table 'Horus III' 9-max Seat #9 is the button
Seat 1: Betto173 ($0.85 in chips) 
Seat 2: kublord ($0.57 in chips) 
Seat 4: titi8388 ($1.71 in chips) 
Seat 5: AilPail ($3.09 in chips) 
Seat 6: pf10362 ($1.46 in chips) 
Seat 7: Frosty196 ($2.07 in chips) 
Seat 8: Dorex2007 ($2 in chips) 
Seat 9: SlNNED ($2.18 in chips) 
Betto173: posts small blind $0.01
kublord: posts big blind $0.02
b3stsc0rpi: sits out 
*** HOLE CARDS ***
Dealt to Dorex2007 [6s Ah]
titi8388: folds 
AilPail: folds 
pf10362: folds 
Frosty196: raises $0.02 to $0.04
Dorex2007: folds 
pf10362 leaves the table
SlNNED: calls $0.04
Betto173: folds 
kublord: calls $0.02
*** FLOP *** [9d 2d 6d]
kublord: checks 
Frosty196: checks 
SlNNED: checks 
*** TURN *** [9d 2d 6d] [2s]
kublord: checks 
Frosty196: checks 
SlNNED: checks 
*** RIVER *** [9d 2d 6d 2s] [Tc]
kublord: bets $0.07
Frosty196: folds 
SlNNED: folds 
Uncalled bet ($0.07) returned to kublord
kublord collected $0.13 from pot
kublord: doesn't show hand 
*** SUMMARY ***
Total pot $0.13 | Rake $0 
Board [9d 2d 6d 2s Tc]
Seat 1: Betto173 (small blind) folded before Flop
Seat 2: kublord (big blind) collected ($0.13)
Seat 4: titi8388 folded before Flop (didn't bet)
Seat 5: AilPail folded before Flop (didn't bet)
Seat 6: pf10362 folded before Flop (didn't bet)
Seat 7: Frosty196 folded on the River
Seat 8: Dorex2007 folded before Flop (didn't bet)
Seat 9: SlNNED (button) folded on the River



PokerStars Hand #229835071209:  Hold'em No Limit ($0.01/$0.02 USD) - 2021/09/13 16:23:26 PT [2021/09/13 19:23:26 ET]
Table 'Horus III' 9-max Seat #1 is the button
Seat 1: Betto173 ($0.84 in chips) 
Seat 2: kublord ($0.66 in chips) 
Seat 3: b3stsc0rpi ($1.60 in chips) 
Seat 4: titi8388 ($1.71 in chips) 
Seat 5: AilPail ($3.09 in chips) 
Seat 7: Frosty196 ($2.03 in chips) 
Seat 8: Dorex2007 ($2 in chips) 
Seat 9: SlNNED ($2.14 in chips) 
kublord: posts small blind $0.01
b3stsc0rpi: posts big blind $0.02
*** HOLE CARDS ***
Dealt to Dorex2007 [5d Kh]
titi8388: folds 
titi8388 leaves the table
AilPail: raises $0.04 to $0.06
Frosty196: folds 
Dorex2007: folds 
SlNNED: folds 
Betto173: folds 
kublord: calls $0.05
b3stsc0rpi: calls $0.04
*** FLOP *** [7s 4d 2s]
kublord: checks 
b3stsc0rpi: bets $0.17
AilPail: calls $0.17
kublord: folds 
*** TURN *** [7s 4d 2s] [Td]
b3stsc0rpi: bets $0.25
AilPail: calls $0.25
*** RIVER *** [7s 4d 2s Td] [3c]
b3stsc0rpi: checks 
AilPail: bets $0.20
b3stsc0rpi: calls $0.20
*** SHOW DOWN ***
AilPail: shows [Qh Qs] (a pair of Queens)
b3stsc0rpi: mucks hand 
AilPail collected $1.36 from pot
*** SUMMARY ***
Total pot $1.42 | Rake $0.06 
Board [7s 4d 2s Td 3c]
Seat 1: Betto173 (button) folded before Flop (didn't bet)
Seat 2: kublord (small blind) folded on the Flop
Seat 3: b3stsc0rpi (big blind) mucked [8h 8s]
Seat 4: titi8388 folded before Flop (didn't bet)
Seat 5: AilPail showed [Qh Qs] and won ($1.36) with a pair of Queens
Seat 7: Frosty196 folded before Flop (didn't bet)
Seat 8: Dorex2007 folded before Flop (didn't bet)
Seat 9: SlNNED folded before Flop (didn't bet)



PokerStars Hand #229835096930:  Hold'em No Limit ($0.01/$0.02 USD) - 2021/09/13 16:24:44 PT [2021/09/13 19:24:44 ET]
Table 'Horus III' 9-max Seat #2 is the button
Seat 1: Betto173 ($0.84 in chips) 
Seat 2: kublord ($0.60 in chips) 
Seat 3: b3stsc0rpi ($0.92 in chips) 
Seat 5: AilPail ($3.77 in chips) 
Seat 7: Frosty196 ($2.03 in chips) 
Seat 8: Dorex2007 ($2 in chips) 
Seat 9: SlNNED ($2.14 in chips) 
b3stsc0rpi: posts small blind $0.01
AilPail: posts big blind $0.02
*** HOLE CARDS ***
Dealt to Dorex2007 [6s Qs]
Frosty196: folds 
Dorex2007: folds 
SlNNED: folds 
Betto173: folds 
kublord: calls $0.02
b3stsc0rpi: folds 
AilPail: checks 
*** FLOP *** [2d Jc Kh]
AilPail: checks 
kublord: checks 
*** TURN *** [2d Jc Kh] [Ad]
MayZerG joins the table at seat #4 
AilPail: checks 
kublord: bets $0.03
AilPail: folds 
Uncalled bet ($0.03) returned to kublord
kublord collected $0.05 from pot
kublord: doesn't show hand 
*** SUMMARY ***
Total pot $0.05 | Rake $0 
Board [2d Jc Kh Ad]
Seat 1: Betto173 folded before Flop (didn't bet)
Seat 2: kublord (button) collected ($0.05)
Seat 3: b3stsc0rpi (small blind) folded before Flop
Seat 5: AilPail (big blind) folded on the Turn
Seat 7: Frosty196 folded before Flop (didn't bet)
Seat 8: Dorex2007 folded before Flop (didn't bet)
Seat 9: SlNNED folded before Flop (didn't bet)



PokerStars Hand #229835113420:  Hold'em No Limit ($0.01/$0.02 USD) - 2021/09/13 16:25:33 PT [2021/09/13 19:25:33 ET]
Table 'Horus III' 9-max Seat #3 is the button
Seat 1: Betto173 ($0.84 in chips) 
Seat 2: kublord ($0.63 in chips) 
Seat 3: b3stsc0rpi ($0.91 in chips) 
Seat 5: AilPail ($3.75 in chips) 
Seat 7: Frosty196 ($2.03 in chips) 
Seat 8: Dorex2007 ($2 in chips) 
Seat 9: SlNNED ($2.14 in chips) 
AilPail: posts small blind $0.01
Frosty196: posts big blind $0.02
*** HOLE CARDS ***
Dealt to Dorex2007 [4c 9c]
Dorex2007: folds 
SlNNED: folds 
Betto173: calls $0.02
kublord: raises $0.06 to $0.08
b3stsc0rpi: folds 
AilPail: calls $0.07
Frosty196: folds 
Betto173: calls $0.06
*** FLOP *** [7s 4s Jh]
AilPail: checks 
Betto173: checks 
kublord: bets $0.13
AilPail: folds 
Betto173: calls $0.13
*** TURN *** [7s 4s Jh] [8d]
Betto173: bets $0.63 and is all-in
kublord: calls $0.42 and is all-in
Uncalled bet ($0.21) returned to Betto173
*** RIVER *** [7s 4s Jh 8d] [3c]
*** SHOW DOWN ***
Betto173: shows [9h Th] (a straight, Seven to Jack)
kublord: shows [Qc Qs] (a pair of Queens)
Betto173 collected $1.31 from pot
*** SUMMARY ***
Total pot $1.36 | Rake $0.05 
Board [7s 4s Jh 8d 3c]
Seat 1: Betto173 showed [9h Th] and won ($1.31) with a straight, Seven to Jack
Seat 2: kublord showed [Qc Qs] and lost with a pair of Queens
Seat 3: b3stsc0rpi (button) folded before Flop (didn't bet)
Seat 5: AilPail (small blind) folded on the Flop
Seat 7: Frosty196 (big blind) folded before Flop
Seat 8: Dorex2007 folded before Flop (didn't bet)
Seat 9: SlNNED folded before Flop (didn't bet)



PokerStars Hand #229835134006:  Hold'em No Limit ($0.01/$0.02 USD) - 2021/09/13 16:26:35 PT [2021/09/13 19:26:35 ET]
Table 'Horus III' 9-max Seat #5 is the button
Seat 1: Betto173 ($1.52 in chips) 
Seat 3: b3stsc0rpi ($0.91 in chips) 
Seat 5: AilPail ($3.67 in chips) 
Seat 7: Frosty196 ($2.01 in chips) 
Seat 8: Dorex2007 ($2 in chips) 
Seat 9: SlNNED ($2.14 in chips) 
Frosty196: posts small blind $0.01
kublord leaves the table
Dorex2007: posts big blind $0.02
MayZerG: sits out 
*** HOLE CARDS ***
Dealt to Dorex2007 [Qs 5c]
saton64 joins the table at seat #6 
SlNNED: folds 
Betto173: calls $0.02
b3stsc0rpi: raises $0.06 to $0.08
AilPail: folds 
Frosty196: folds 
Dorex2007: folds 
Betto173: folds 
Uncalled bet ($0.06) returned to b3stsc0rpi
b3stsc0rpi collected $0.07 from pot
*** SUMMARY ***
Total pot $0.07 | Rake $0 
Seat 1: Betto173 folded before Flop
Seat 3: b3stsc0rpi collected ($0.07)
Seat 5: AilPail (button) folded before Flop (didn't bet)
Seat 7: Frosty196 (small blind) folded before Flop
Seat 8: Dorex2007 (big blind) folded before Flop
Seat 9: SlNNED folded before Flop (didn't bet)



PokerStars Hand #229835141385:  Hold'em No Limit ($0.01/$0.02 USD) - 2021/09/13 16:26:58 PT [2021/09/13 19:26:58 ET]
Table 'Horus III' 9-max Seat #7 is the button
Seat 1: Betto173 ($1.50 in chips) 
Seat 3: b3stsc0rpi ($0.96 in chips) 
Seat 5: AilPail ($3.67 in chips) 
Seat 7: Frosty196 ($2 in chips) 
Seat 8: Dorex2007 ($2 in chips) 
Seat 9: SlNNED ($2.14 in chips) 
Dorex2007: posts small blind $0.01
SlNNED: posts big blind $0.02
MayZerG: sits out 
saton64: sits out 
*** HOLE CARDS ***
Dealt to Dorex2007 [8d 6c]
Betto173: folds 
131313bs joins the table at seat #2 
b3stsc0rpi: folds 
AilPail: folds 
Frosty196: folds 
Dorex2007: folds 
Uncalled bet ($0.01) returned to SlNNED
SlNNED collected $0.02 from pot
SlNNED: doesn't show hand 
*** SUMMARY ***
Total pot $0.02 | Rake $0 
Seat 1: Betto173 folded before Flop (didn't bet)
Seat 3: b3stsc0rpi folded before Flop (didn't bet)
Seat 5: AilPail folded before Flop (didn't bet)
Seat 7: Frosty196 (button) folded before Flop (didn't bet)
Seat 8: Dorex2007 (small blind) folded before Flop
Seat 9: SlNNED (big blind) collected ($0.02)



PokerStars Hand #229835145337:  Hold'em No Limit ($0.01/$0.02 USD) - 2021/09/13 16:27:10 PT [2021/09/13 19:27:10 ET]
Table 'Horus III' 9-max Seat #8 is the button
Seat 1: Betto173 ($1.50 in chips) 
Seat 3: b3stsc0rpi ($0.96 in chips) 
Seat 5: AilPail ($3.67 in chips) 
Seat 7: Frosty196 ($2 in chips) 
Seat 8: Dorex2007 ($2 in chips) 
Seat 9: SlNNED ($2.15 in chips) 
SlNNED: posts small blind $0.01
Betto173: posts big blind $0.02
131313bs: sits out 
MayZerG: sits out 
saton64: sits out 
*** HOLE CARDS ***
Dealt to Dorex2007 [As Js]
b3stsc0rpi: folds 
AilPail: raises $0.03 to $0.05
Frosty196: folds 
Dorex2007: raises $0.09 to $0.14
SlNNED: folds 
Betto173: folds 
AilPail: folds 
Uncalled bet ($0.09) returned to Dorex2007
Dorex2007 collected $0.13 from pot
Dorex2007: doesn't show hand 
*** SUMMARY ***
Total pot $0.13 | Rake $0 
Seat 1: Betto173 (big blind) folded before Flop
Seat 3: b3stsc0rpi folded before Flop (didn't bet)
Seat 5: AilPail folded before Flop
Seat 7: Frosty196 folded before Flop (didn't bet)
Seat 8: Dorex2007 (button) collected ($0.13)
Seat 9: SlNNED (small blind) folded before Flop



PokerStars Hand #229835151923:  Hold'em No Limit ($0.01/$0.02 USD) - 2021/09/13 16:27:29 PT [2021/09/13 19:27:29 ET]
Table 'Horus III' 9-max Seat #9 is the button
Seat 1: Betto173 ($1.48 in chips) 
Seat 2: 131313bs ($2 in chips) 
Seat 3: b3stsc0rpi ($0.96 in chips) 
Seat 5: AilPail ($3.62 in chips) 
Seat 7: Frosty196 ($2 in chips) 
Seat 8: Dorex2007 ($2.08 in chips) 
Seat 9: SlNNED ($2.14 in chips) 
Betto173: posts small blind $0.01
131313bs: posts big blind $0.02
MayZerG: sits out 
saton64: sits out 
*** HOLE CARDS ***
Dealt to Dorex2007 [Tc 4s]
b3stsc0rpi: raises $0.02 to $0.04
AilPail: folds 
Frosty196: folds 
Dorex2007: folds 
SlNNED: folds 
Betto173: folds 
131313bs: folds 
Uncalled bet ($0.02) returned to b3stsc0rpi
b3stsc0rpi collected $0.05 from pot
*** SUMMARY ***
Total pot $0.05 | Rake $0 
Seat 1: Betto173 (small blind) folded before Flop
Seat 2: 131313bs (big blind) folded before Flop
Seat 3: b3stsc0rpi collected ($0.05)
Seat 5: AilPail folded before Flop (didn't bet)
Seat 7: Frosty196 folded before Flop (didn't bet)
Seat 8: Dorex2007 folded before Flop (didn't bet)
Seat 9: SlNNED (button) folded before Flop (didn't bet)



PokerStars Hand #229835163479:  Hold'em No Limit ($0.01/$0.02 USD) - 2021/09/13 16:27:48 PT [2021/09/13 19:27:48 ET]
Table 'Horus III' 9-max Seat #1 is the button
Seat 1: Betto173 ($1.47 in chips) 
Seat 2: 131313bs ($2 in chips) 
Seat 3: b3stsc0rpi ($0.99 in chips) 
Seat 5: AilPail ($3.62 in chips) 
Seat 7: Frosty196 ($2 in chips) 
Seat 8: Dorex2007 ($2.08 in chips) 
Seat 9: SlNNED ($2.14 in chips) 
131313bs: posts small blind $0.01
b3stsc0rpi: posts big blind $0.02
MayZerG: sits out 
saton64: sits out 
*** HOLE CARDS ***
Dealt to Dorex2007 [4c As]
AilPail: folds 
Frosty196: folds 
Dorex2007: folds 
SlNNED: folds 
Betto173: folds 
131313bs: raises $0.06 to $0.08
b3stsc0rpi: folds 
Uncalled bet ($0.06) returned to 131313bs
131313bs collected $0.04 from pot
131313bs: doesn't show hand 
*** SUMMARY ***
Total pot $0.04 | Rake $0 
Seat 1: Betto173 (button) folded before Flop (didn't bet)
Seat 2: 131313bs (small blind) collected ($0.04)
Seat 3: b3stsc0rpi (big blind) folded before Flop
Seat 5: AilPail folded before Flop (didn't bet)
Seat 7: Frosty196 folded before Flop (didn't bet)
Seat 8: Dorex2007 folded before Flop (didn't bet)
Seat 9: SlNNED folded before Flop (didn't bet)



PokerStars Hand #229835198319:  Hold'em No Limit ($0.01/$0.02 USD) - 2021/09/13 16:29:36 PT [2021/09/13 19:29:36 ET]
Table 'Horus III' 9-max Seat #4 is the button
Seat 1: Betto173 ($1.47 in chips) 
Seat 2: 131313bs ($2.11 in chips) 
Seat 3: b3stsc0rpi ($0.96 in chips) 
Seat 4: MayZerG ($2 in chips) 
Seat 5: AilPail ($3.58 in chips) 
Seat 6: saton64 ($2 in chips) 
Seat 7: Frosty196 ($2.01 in chips) 
Seat 8: Dorex2007 ($2.08 in chips) 
Seat 9: SlNNED ($2.14 in chips) 
AilPail: posts small blind $0.01
saton64: posts big blind $0.02
*** HOLE CARDS ***
Dealt to Dorex2007 [2h 6s]
Frosty196: raises $0.04 to $0.06
Dorex2007: folds 
SlNNED: folds 
Betto173: folds 
131313bs: folds 
b3stsc0rpi: calls $0.06
MayZerG: folds 
AilPail: folds 
saton64: calls $0.04
*** FLOP *** [9h 3c Ac]
saton64: checks 
Frosty196: bets $0.10
b3stsc0rpi: folds 
saton64: folds 
Uncalled bet ($0.10) returned to Frosty196
Frosty196 collected $0.18 from pot
Frosty196: doesn't show hand 
*** SUMMARY ***
Total pot $0.19 | Rake $0.01 
Board [9h 3c Ac]
Seat 1: Betto173 folded before Flop (didn't bet)
Seat 2: 131313bs folded before Flop (didn't bet)
Seat 3: b3stsc0rpi folded on the Flop
Seat 4: MayZerG (button) folded before Flop (didn't bet)
Seat 5: AilPail (small blind) folded before Flop
Seat 6: saton64 (big blind) folded on the Flop
Seat 7: Frosty196 collected ($0.18)
Seat 8: Dorex2007 folded before Flop (didn't bet)
Seat 9: SlNNED folded before Flop (didn't bet)



PokerStars Hand #229835209444:  Hold'em No Limit ($0.01/$0.02 USD) - 2021/09/13 16:30:10 PT [2021/09/13 19:30:10 ET]
Table 'Horus III' 9-max Seat #5 is the button
Seat 1: Betto173 ($1.47 in chips) 
Seat 2: 131313bs ($2.11 in chips) 
Seat 3: b3stsc0rpi ($0.90 in chips) 
Seat 4: MayZerG ($2 in chips) 
Seat 5: AilPail ($3.57 in chips) 
Seat 6: saton64 ($1.94 in chips) 
Seat 7: Frosty196 ($2.13 in chips) 
Seat 8: Dorex2007 ($2.08 in chips) 
Seat 9: SlNNED ($2.14 in chips) 
saton64: posts small blind $0.01
Frosty196: posts big blind $0.02
*** HOLE CARDS ***
Dealt to Dorex2007 [Js Kc]
Dorex2007: folds 
SlNNED: folds 
Betto173: calls $0.02
131313bs: folds 
b3stsc0rpi: folds 
MayZerG: folds 
AilPail: calls $0.02
saton64: folds 
Frosty196: checks 
*** FLOP *** [3s 5d 8h]
Frosty196: checks 
Betto173: checks 
AilPail: checks 
*** TURN *** [3s 5d 8h] [8d]
Frosty196: checks 
Betto173: checks 
AilPail: checks 
*** RIVER *** [3s 5d 8h 8d] [6h]
Frosty196: checks 
Betto173: checks 
AilPail: checks 
*** SHOW DOWN ***
Frosty196: shows [4c Jd] (a pair of Eights)
Betto173: shows [Qs Ks] (a pair of Eights - King kicker)
AilPail: mucks hand 
Betto173 collected $0.07 from pot
*** SUMMARY ***
Total pot $0.07 | Rake $0 
Board [3s 5d 8h 8d 6h]
Seat 1: Betto173 showed [Qs Ks] and won ($0.07) with a pair of Eights
Seat 2: 131313bs folded before Flop (didn't bet)
Seat 3: b3stsc0rpi folded before Flop (didn't bet)
Seat 4: MayZerG folded before Flop (didn't bet)
Seat 5: AilPail (button) mucked [Qh 9d]
Seat 6: saton64 (small blind) folded before Flop
Seat 7: Frosty196 (big blind) showed [4c Jd] and lost with a pair of Eights
Seat 8: Dorex2007 folded before Flop (didn't bet)
Seat 9: SlNNED folded before Flop (didn't bet)



PokerStars Hand #229835222263:  Hold'em No Limit ($0.01/$0.02 USD) - 2021/09/13 16:30:50 PT [2021/09/13 19:30:50 ET]
Table 'Horus III' 9-max Seat #6 is the button
Seat 1: Betto173 ($1.52 in chips) 
Seat 2: 131313bs ($2.11 in chips) 
Seat 3: b3stsc0rpi ($0.90 in chips) 
Seat 4: MayZerG ($2 in chips) 
Seat 5: AilPail ($3.55 in chips) 
Seat 6: saton64 ($1.93 in chips) 
Seat 7: Frosty196 ($2.11 in chips) 
Seat 8: Dorex2007 ($2.08 in chips) 
Seat 9: SlNNED ($2.14 in chips) 
Frosty196: posts small blind $0.01
Dorex2007: posts big blind $0.02
*** HOLE CARDS ***
Dealt to Dorex2007 [Ac Jd]
SlNNED: folds 
Betto173: folds 
Betto173 leaves the table
131313bs: raises $0.06 to $0.08
b3stsc0rpi: folds 
MayZerG: raises $0.16 to $0.24
AilPail: folds 
saton64: folds 
Frosty196: folds 
Dorex2007: folds 
131313bs: folds 
Uncalled bet ($0.16) returned to MayZerG
MayZerG collected $0.19 from pot
MayZerG: doesn't show hand 
*** SUMMARY ***
Total pot $0.19 | Rake $0 
Seat 1: Betto173 folded before Flop (didn't bet)
Seat 2: 131313bs folded before Flop
Seat 3: b3stsc0rpi folded before Flop (didn't bet)
Seat 4: MayZerG collected ($0.19)
Seat 5: AilPail folded before Flop (didn't bet)
Seat 6: saton64 (button) folded before Flop (didn't bet)
Seat 7: Frosty196 (small blind) folded before Flop
Seat 8: Dorex2007 (big blind) folded before Flop
Seat 9: SlNNED folded before Flop (didn't bet)



PokerStars Hand #229835242006:  Hold'em No Limit ($0.01/$0.02 USD) - 2021/09/13 16:31:21 PT [2021/09/13 19:31:21 ET]
Table 'Horus III' 9-max Seat #7 is the button
Seat 2: 131313bs ($2.03 in chips) 
Seat 3: b3stsc0rpi ($0.90 in chips) 
Seat 4: MayZerG ($2.11 in chips) 
Seat 5: AilPail ($3.55 in chips) 
Seat 6: saton64 ($1.93 in chips) 
Seat 7: Frosty196 ($2.10 in chips) 
Seat 8: Dorex2007 ($2.06 in chips) 
Seat 9: SlNNED ($2.14 in chips) 
Dorex2007: posts small blind $0.01
SlNNED: posts big blind $0.02
*** HOLE CARDS ***
Dealt to Dorex2007 [9c 5c]
131313bs: folds 
b3stsc0rpi: raises $0.02 to $0.04
MayZerG: folds 
AilPail: folds 
saton64: folds 
Frosty196: calls $0.04
Dorex2007: folds 
131313bs leaves the table
SlNNED: folds 
*** FLOP *** [7d 7s Jh]
b3stsc0rpi: checks 
Frosty196: checks 
*** TURN *** [7d 7s Jh] [7h]
b3stsc0rpi: checks 
Frosty196: checks 
*** RIVER *** [7d 7s Jh 7h] [4c]
b3stsc0rpi: checks 
Frosty196: checks 
*** SHOW DOWN ***
b3stsc0rpi: shows [As 6h] (three of a kind, Sevens)
Frosty196: mucks hand 
b3stsc0rpi collected $0.11 from pot
*** SUMMARY ***
Total pot $0.11 | Rake $0 
Board [7d 7s Jh 7h 4c]
Seat 2: 131313bs folded before Flop (didn't bet)
Seat 3: b3stsc0rpi showed [As 6h] and won ($0.11) with three of a kind, Sevens
Seat 4: MayZerG folded before Flop (didn't bet)
Seat 5: AilPail folded before Flop (didn't bet)
Seat 6: saton64 folded before Flop (didn't bet)
Seat 7: Frosty196 (button) mucked [Kh Qd]
Seat 8: Dorex2007 (small blind) folded before Flop
Seat 9: SlNNED (big blind) folded before Flop



PokerStars Hand #229835252193:  Hold'em No Limit ($0.01/$0.02 USD) - 2021/09/13 16:31:53 PT [2021/09/13 19:31:53 ET]
Table 'Horus III' 9-max Seat #8 is the button
Seat 3: b3stsc0rpi ($0.97 in chips) 
Seat 4: MayZerG ($2.11 in chips) 
Seat 5: AilPail ($3.55 in chips) 
Seat 6: saton64 ($1.93 in chips) 
Seat 7: Frosty196 ($2.06 in chips) 
Seat 8: Dorex2007 ($2.05 in chips) 
Seat 9: SlNNED ($2.12 in chips) 
SlNNED: posts small blind $0.01
b3stsc0rpi: posts big blind $0.02
*** HOLE CARDS ***
Dealt to Dorex2007 [8s Qd]
MayZerG has timed out
MayZerG: folds 
AilPail: raises $0.03 to $0.05
saton64: folds 
Frosty196: folds 
Dorex2007: folds 
SlNNED: folds 
b3stsc0rpi: calls $0.03
*** FLOP *** [5s 7s 6h]
b3stsc0rpi: checks 
AilPail: checks 
*** TURN *** [5s 7s 6h] [Tc]
b3stsc0rpi: checks 
AilPail: bets $0.07
b3stsc0rpi: folds 
Uncalled bet ($0.07) returned to AilPail
AilPail collected $0.11 from pot
*** SUMMARY ***
Total pot $0.11 | Rake $0 
Board [5s 7s 6h Tc]
Seat 3: b3stsc0rpi (big blind) folded on the Turn
Seat 4: MayZerG folded before Flop (didn't bet)
Seat 5: AilPail collected ($0.11)
Seat 6: saton64 folded before Flop (didn't bet)
Seat 7: Frosty196 folded before Flop (didn't bet)
Seat 8: Dorex2007 (button) folded before Flop (didn't bet)
Seat 9: SlNNED (small blind) folded before Flop



PokerStars Hand #229835268077:  Hold'em No Limit ($0.01/$0.02 USD) - 2021/09/13 16:32:43 PT [2021/09/13 19:32:43 ET]
Table 'Horus III' 9-max Seat #9 is the button
Seat 3: b3stsc0rpi ($0.92 in chips) 
Seat 4: MayZerG ($2.11 in chips) 
Seat 5: AilPail ($3.61 in chips) 
Seat 6: saton64 ($1.93 in chips) 
Seat 7: Frosty196 ($2.06 in chips) 
Seat 8: Dorex2007 ($2.05 in chips) 
Seat 9: SlNNED ($2.11 in chips) 
b3stsc0rpi: posts small blind $0.01
MayZerG: posts big blind $0.02
*** HOLE CARDS ***
Dealt to Dorex2007 [Jh 4c]
AilPail: raises $0.04 to $0.06
saton64: folds 
Frosty196: folds 
Dorex2007: folds 
SlNNED: folds 
b3stsc0rpi: calls $0.05
MayZerG: folds 
*** FLOP *** [7d 8c 7c]
b3stsc0rpi: bets $0.14
AilPail: folds 
Uncalled bet ($0.14) returned to b3stsc0rpi
b3stsc0rpi collected $0.14 from pot
*** SUMMARY ***
Total pot $0.14 | Rake $0 
Board [7d 8c 7c]
Seat 3: b3stsc0rpi (small blind) collected ($0.14)
Seat 4: MayZerG (big blind) folded before Flop
Seat 5: AilPail folded on the Flop
Seat 6: saton64 folded before Flop (didn't bet)
Seat 7: Frosty196 folded before Flop (didn't bet)
Seat 8: Dorex2007 folded before Flop (didn't bet)
Seat 9: SlNNED (button) folded before Flop (didn't bet)



PokerStars Hand #229835277227:  Hold'em No Limit ($0.01/$0.02 USD) - 2021/09/13 16:33:11 PT [2021/09/13 19:33:11 ET]
Table 'Horus III' 9-max Seat #3 is the button
Seat 3: b3stsc0rpi ($1 in chips) 
Seat 4: MayZerG ($2.09 in chips) 
Seat 5: AilPail ($3.55 in chips) 
Seat 6: saton64 ($1.93 in chips) 
Seat 7: Frosty196 ($2.06 in chips) 
Seat 8: Dorex2007 ($2.05 in chips) 
Seat 9: SlNNED ($2.11 in chips) 
MayZerG: posts small blind $0.01
AilPail: posts big blind $0.02
*** HOLE CARDS ***
Dealt to Dorex2007 [9s Qs]
saton64: raises $0.04 to $0.06
Frosty196: folds 
Dorex2007: folds 
SlNNED: calls $0.06
b3stsc0rpi: folds 
MayZerG: folds 
AilPail: folds 
*** FLOP *** [7c 8d Jd]
saton64: checks 
SlNNED: checks 
*** TURN *** [7c 8d Jd] [9d]
saton64: checks 
SlNNED: checks 
*** RIVER *** [7c 8d Jd 9d] [6c]
saton64: checks 
SlNNED: checks 
*** SHOW DOWN ***
saton64: shows [7d 7s] (three of a kind, Sevens)
SlNNED: mucks hand 
saton64 collected $0.14 from pot
*** SUMMARY ***
Total pot $0.15 | Rake $0.01 
Board [7c 8d Jd 9d 6c]
Seat 3: b3stsc0rpi (button) folded before Flop (didn't bet)
Seat 4: MayZerG (small blind) folded before Flop
Seat 5: AilPail (big blind) folded before Flop
Seat 6: saton64 showed [7d 7s] and won ($0.14) with three of a kind, Sevens
Seat 7: Frosty196 folded before Flop (didn't bet)
Seat 8: Dorex2007 folded before Flop (didn't bet)
Seat 9: SlNNED mucked [Qc Ad]



PokerStars Hand #229835290166:  Hold'em No Limit ($0.01/$0.02 USD) - 2021/09/13 16:33:46 PT [2021/09/13 19:33:46 ET]
Table 'Horus III' 9-max Seat #5 is the button
Seat 3: b3stsc0rpi ($1 in chips) 
Seat 5: AilPail ($3.53 in chips) 
Seat 6: saton64 ($2.01 in chips) 
Seat 7: Frosty196 ($2.06 in chips) 
Seat 8: Dorex2007 ($2.05 in chips) 
Seat 9: SlNNED ($2.05 in chips) 
MayZerG leaves the table
saton64: posts small blind $0.01
Frosty196: posts big blind $0.02
*** HOLE CARDS ***
Dealt to Dorex2007 [6h 7d]
Dorex2007: folds 
SlNNED: folds 
b3stsc0rpi: folds 
AilPail: folds 
saton64: folds 
Uncalled bet ($0.01) returned to Frosty196
Frosty196 collected $0.02 from pot
Frosty196: doesn't show hand 
*** SUMMARY ***
Total pot $0.02 | Rake $0 
Seat 3: b3stsc0rpi folded before Flop (didn't bet)
Seat 5: AilPail (button) folded before Flop (didn't bet)
Seat 6: saton64 (small blind) folded before Flop
Seat 7: Frosty196 (big blind) collected ($0.02)
Seat 8: Dorex2007 folded before Flop (didn't bet)
Seat 9: SlNNED folded before Flop (didn't bet)



PokerStars Hand #229835293736:  Hold'em No Limit ($0.01/$0.02 USD) - 2021/09/13 16:33:57 PT [2021/09/13 19:33:57 ET]
Table 'Horus III' 9-max Seat #6 is the button
Seat 3: b3stsc0rpi ($1 in chips) 
Seat 5: AilPail ($3.53 in chips) 
Seat 6: saton64 ($2 in chips) 
Seat 7: Frosty196 ($2.07 in chips) 
Seat 8: Dorex2007 ($2.05 in chips) 
Seat 9: SlNNED ($2.05 in chips) 
Frosty196: posts small blind $0.01
Dorex2007: posts big blind $0.02
*** HOLE CARDS ***
Dealt to Dorex2007 [9h Kc]
SlNNED: folds 
b3stsc0rpi: raises $0.02 to $0.04
AilPail: folds 
saton64: calls $0.04
Frosty196: folds 
Dorex2007: folds 
*** FLOP *** [6d 8s 9c]
b3stsc0rpi: checks 
saton64: checks 
*** TURN *** [6d 8s 9c] [3c]
b3stsc0rpi: checks 
saton64: checks 
*** RIVER *** [6d 8s 9c 3c] [2s]
b3stsc0rpi: checks 
saton64: checks 
*** SHOW DOWN ***
b3stsc0rpi: shows [2h Ad] (a pair of Deuces)
saton64: mucks hand 
b3stsc0rpi collected $0.11 from pot
*** SUMMARY ***
Total pot $0.11 | Rake $0 
Board [6d 8s 9c 3c 2s]
Seat 3: b3stsc0rpi showed [2h Ad] and won ($0.11) with a pair of Deuces
Seat 5: AilPail folded before Flop (didn't bet)
Seat 6: saton64 (button) mucked [Ah Tc]
Seat 7: Frosty196 (small blind) folded before Flop
Seat 8: Dorex2007 (big blind) folded before Flop
Seat 9: SlNNED folded before Flop (didn't bet)



PokerStars Hand #229835303387:  Hold'em No Limit ($0.01/$0.02 USD) - 2021/09/13 16:34:28 PT [2021/09/13 19:34:28 ET]
Table 'Horus III' 9-max Seat #7 is the button
Seat 3: b3stsc0rpi ($1.07 in chips) 
Seat 5: AilPail ($3.53 in chips) 
Seat 6: saton64 ($1.96 in chips) 
Seat 7: Frosty196 ($2.06 in chips) 
Seat 8: Dorex2007 ($2.03 in chips) 
Seat 9: SlNNED ($2.05 in chips) 
Dorex2007: posts small blind $0.01
SlNNED: posts big blind $0.02
*** HOLE CARDS ***
Dealt to Dorex2007 [8h Jc]
b3stsc0rpi: raises $0.02 to $0.04
AilPail: calls $0.04
saton64: folds 
Frosty196: folds 
Dorex2007: folds 
SlNNED: folds 
*** FLOP *** [3c 7d 5s]
b3stsc0rpi: checks 
AilPail: checks 
*** TURN *** [3c 7d 5s] [9c]
b3stsc0rpi: bets $0.11
AilPail: calls $0.11
*** RIVER *** [3c 7d 5s 9c] [2h]
b3stsc0rpi: bets $0.16
AilPail: calls $0.16
*** SHOW DOWN ***
b3stsc0rpi: shows [6d 6h] (a pair of Sixes)
AilPail: shows [3d 3h] (three of a kind, Threes)
AilPail collected $0.63 from pot
*** SUMMARY ***
Total pot $0.65 | Rake $0.02 
Board [3c 7d 5s 9c 2h]
Seat 3: b3stsc0rpi showed [6d 6h] and lost with a pair of Sixes
Seat 5: AilPail showed [3d 3h] and won ($0.63) with three of a kind, Threes
Seat 6: saton64 folded before Flop (didn't bet)
Seat 7: Frosty196 (button) folded before Flop (didn't bet)
Seat 8: Dorex2007 (small blind) folded before Flop
Seat 9: SlNNED (big blind) folded before Flop



PokerStars Hand #229835323462:  Hold'em No Limit ($0.01/$0.02 USD) - 2021/09/13 16:35:31 PT [2021/09/13 19:35:31 ET]
Table 'Horus III' 9-max Seat #8 is the button
Seat 3: b3stsc0rpi ($0.76 in chips) 
Seat 5: AilPail ($3.85 in chips) 
Seat 6: saton64 ($1.96 in chips) 
Seat 7: Frosty196 ($2.06 in chips) 
Seat 8: Dorex2007 ($2.02 in chips) 
Seat 9: SlNNED ($2.03 in chips) 
SlNNED: posts small blind $0.01
b3stsc0rpi: posts big blind $0.02
*** HOLE CARDS ***
Dealt to Dorex2007 [9d Ad]
AilPail: folds 
saton64: folds 
Frosty196: folds 
Dorex2007: raises $0.04 to $0.06
SlNNED: raises $0.14 to $0.20
b3stsc0rpi: folds 
Dorex2007: folds 
Uncalled bet ($0.14) returned to SlNNED
SlNNED collected $0.14 from pot
SlNNED: doesn't show hand 
*** SUMMARY ***
Total pot $0.14 | Rake $0 
Seat 3: b3stsc0rpi (big blind) folded before Flop
Seat 5: AilPail folded before Flop (didn't bet)
Seat 6: saton64 folded before Flop (didn't bet)
Seat 7: Frosty196 folded before Flop (didn't bet)
Seat 8: Dorex2007 (button) folded before Flop
Seat 9: SlNNED (small blind) collected ($0.14)



PokerStars Hand #229835328717:  Hold'em No Limit ($0.01/$0.02 USD) - 2021/09/13 16:35:48 PT [2021/09/13 19:35:48 ET]
Table 'Horus III' 9-max Seat #9 is the button
Seat 3: b3stsc0rpi ($0.74 in chips) 
Seat 6: saton64 ($1.96 in chips) 
Seat 7: Frosty196 ($2.06 in chips) 
Seat 8: Dorex2007 ($2 in chips) 
Seat 9: SlNNED ($2.11 in chips) 
b3stsc0rpi: posts small blind $0.01
AilPail: is sitting out 
saton64: posts big blind $0.02
*** HOLE CARDS ***
Dealt to Dorex2007 [Qs 6s]
Frosty196: calls $0.02
Dorex2007: folds 
SlNNED: folds 
SlNNED leaves the table
b3stsc0rpi: folds 
AilPail leaves the table
saton64: checks 
*** FLOP *** [Qh Js Jd]
saton64: checks 
Frosty196: checks 
*** TURN *** [Qh Js Jd] [2d]
saton64: bets $0.02
Frosty196: folds 
Uncalled bet ($0.02) returned to saton64
saton64 collected $0.05 from pot
saton64: doesn't show hand 
*** SUMMARY ***
Total pot $0.05 | Rake $0 
Board [Qh Js Jd 2d]
Seat 3: b3stsc0rpi (small blind) folded before Flop
Seat 6: saton64 (big blind) collected ($0.05)
Seat 7: Frosty196 folded on the Turn
Seat 8: Dorex2007 folded before Flop (didn't bet)
Seat 9: SlNNED (button) folded before Flop (didn't bet)



PokerStars Hand #229835333789:  Hold'em No Limit ($0.01/$0.02 USD) - 2021/09/13 16:36:04 PT [2021/09/13 19:36:04 ET]
Table 'Horus III' 9-max Seat #3 is the button
Seat 3: b3stsc0rpi ($0.73 in chips) 
Seat 6: saton64 ($1.99 in chips) 
Seat 7: Frosty196 ($2.04 in chips) 
Seat 8: Dorex2007 ($2 in chips) 
saton64: posts small blind $0.01
Frosty196: posts big blind $0.02
*** HOLE CARDS ***
Dealt to Dorex2007 [Ts 6s]
Dorex2007: folds 
b3stsc0rpi: folds 
saton64: raises $0.04 to $0.06
Frosty196: folds 
Uncalled bet ($0.04) returned to saton64
saton64 collected $0.04 from pot
b3stsc0rpi leaves the table
saton64: doesn't show hand 
*** SUMMARY ***
Total pot $0.04 | Rake $0 
Seat 3: b3stsc0rpi (button) folded before Flop (didn't bet)
Seat 6: saton64 (small blind) collected ($0.04)
Seat 7: Frosty196 (big blind) folded before Flop
Seat 8: Dorex2007 folded before Flop (didn't bet)



