PokerStars Hand #224054472505:  Hold'em No Limit ($0.01/$0.02 USD) - 2021/02/20 22:35:13 PT [2021/02/21 1:35:13 ET]
Table 'Chalonge V' 9-max Seat #8 is the button
Seat 1: Dorex2007 ($1.50 in chips) 
Seat 2: SlavikPuha ($4.02 in chips) 
Seat 3: BfgloooS ($2.15 in chips) 
Seat 4: muwmakc ($2.33 in chips) 
Seat 6: AlexxxBogum ($2.23 in chips) 
Seat 7: Sal0kcin ($7.30 in chips) 
Seat 8: KankuroSpb ($1.97 in chips) 
Seat 9: bolgov777 ($26.98 in chips) 
bolgov777: posts small blind $0.01
Dorex2007: posts big blind $0.02
*** HOLE CARDS ***
Dealt to Dorex2007 [Qc 9h]
SlavikPuha: folds 
BfgloooS: folds 
muwmakc: folds 
AlexxxBogum: calls $0.02
Sal0kcin: folds 
KankuroSpb: raises $0.04 to $0.06
bolgov777: raises $0.11 to $0.17
Dorex2007: folds 
AlexxxBogum: raises $0.42 to $0.59
KankuroSpb: folds 
bolgov777: folds 
Uncalled bet ($0.42) returned to AlexxxBogum
AlexxxBogum collected $0.42 from pot
AlexxxBogum: doesn't show hand 
*** SUMMARY ***
Total pot $0.42 | Rake $0 
Seat 1: Dorex2007 (big blind) folded before Flop
Seat 2: SlavikPuha folded before Flop (didn't bet)
Seat 3: BfgloooS folded before Flop (didn't bet)
Seat 4: muwmakc folded before Flop (didn't bet)
Seat 6: AlexxxBogum collected ($0.42)
Seat 7: Sal0kcin folded before Flop (didn't bet)
Seat 8: KankuroSpb (button) folded before Flop
Seat 9: bolgov777 (small blind) folded before Flop



PokerStars Hand #224054479446:  Hold'em No Limit ($0.01/$0.02 USD) - 2021/02/20 22:35:45 PT [2021/02/21 1:35:45 ET]
Table 'Chalonge V' 9-max Seat #9 is the button
Seat 1: Dorex2007 ($1.48 in chips) 
Seat 3: BfgloooS ($2.15 in chips) 
Seat 4: muwmakc ($2.33 in chips) 
Seat 6: AlexxxBogum ($2.48 in chips) 
Seat 7: Sal0kcin ($7.30 in chips) 
Seat 8: KankuroSpb ($1.91 in chips) 
Seat 9: bolgov777 ($26.81 in chips) 
Dorex2007: posts small blind $0.01
SlavikPuha: is sitting out 
BfgloooS: posts big blind $0.02
*** HOLE CARDS ***
Dealt to Dorex2007 [8s 4h]
muwmakc: folds 
AlexxxBogum: folds 
Sal0kcin: folds 
KankuroSpb: folds 
bolgov777: raises $0.08 to $0.10
Dorex2007: folds 
BfgloooS: folds 
Uncalled bet ($0.08) returned to bolgov777
bolgov777 collected $0.05 from pot
bolgov777: doesn't show hand 
*** SUMMARY ***
Total pot $0.05 | Rake $0 
Seat 1: Dorex2007 (small blind) folded before Flop
Seat 3: BfgloooS (big blind) folded before Flop
Seat 4: muwmakc folded before Flop (didn't bet)
Seat 6: AlexxxBogum folded before Flop (didn't bet)
Seat 7: Sal0kcin folded before Flop (didn't bet)
Seat 8: KankuroSpb folded before Flop (didn't bet)
Seat 9: bolgov777 (button) collected ($0.05)



PokerStars Hand #224054484725:  Hold'em No Limit ($0.01/$0.02 USD) - 2021/02/20 22:36:09 PT [2021/02/21 1:36:09 ET]
Table 'Chalonge V' 9-max Seat #1 is the button
Seat 1: Dorex2007 ($1.47 in chips) 
Seat 3: BfgloooS ($2.13 in chips) 
Seat 4: muwmakc ($2.33 in chips) 
Seat 6: AlexxxBogum ($2.48 in chips) 
Seat 7: Sal0kcin ($7.30 in chips) 
Seat 8: KankuroSpb ($1.91 in chips) 
Seat 9: bolgov777 ($26.84 in chips) 
BfgloooS: posts small blind $0.01
muwmakc: posts big blind $0.02
*** HOLE CARDS ***
Dealt to Dorex2007 [6d Ac]
AlexxxBogum: calls $0.02
Sal0kcin: folds 
KankuroSpb: folds 
bolgov777: raises $0.38 to $0.40
Dorex2007: folds 
BfgloooS: folds 
muwmakc: folds 
AlexxxBogum: folds 
Uncalled bet ($0.38) returned to bolgov777
bolgov777 collected $0.07 from pot
bolgov777: doesn't show hand 
*** SUMMARY ***
Total pot $0.07 | Rake $0 
Seat 1: Dorex2007 (button) folded before Flop (didn't bet)
Seat 3: BfgloooS (small blind) folded before Flop
Seat 4: muwmakc (big blind) folded before Flop
Seat 6: AlexxxBogum folded before Flop
Seat 7: Sal0kcin folded before Flop (didn't bet)
Seat 8: KankuroSpb folded before Flop (didn't bet)
Seat 9: bolgov777 collected ($0.07)



