PokerStars Hand #232680231970:  Hold'em No Limit ($0.01/$0.02 USD) - 2021/12/30 21:00:34 PT [2021/12/31 0:00:34 ET]
Table 'Laodica II' 9-max Seat #3 is the button
Seat 1: MrBSJ ($1.31 in chips) 
Seat 2: chipleadNgo ($1.62 in chips) 
Seat 3: olioli264 ($2.20 in chips) 
Seat 4: Minakhat ($0.88 in chips) 
Seat 5: VTN*81 ($2 in chips) 
Seat 6: RiqueBPoker ($0.64 in chips) 
Seat 7: KingzClub ($1.06 in chips) 
Seat 8: Dorex2007 ($2 in chips) 
Seat 9: xaxa420 ($1.59 in chips) 
Minakhat: posts small blind $0.01
VTN*81: posts big blind $0.02
MrBSJ: posts big blind $0.02
*** HOLE CARDS ***
Dealt to Dorex2007 [Js Ts]
RiqueBPoker has timed out
RiqueBPoker: folds 
KingzClub: folds 
Dorex2007: raises $0.02 to $0.04
xaxa420: folds 
MrBSJ: folds 
chipleadNgo: folds 
olioli264: folds 
Minakhat: folds 
VTN*81: folds 
Uncalled bet ($0.02) returned to Dorex2007
Dorex2007 collected $0.07 from pot
Dorex2007: doesn't show hand 
*** SUMMARY ***
Total pot $0.07 | Rake $0 
Seat 1: MrBSJ folded before Flop (didn't bet)
Seat 2: chipleadNgo folded before Flop (didn't bet)
Seat 3: olioli264 (button) folded before Flop (didn't bet)
Seat 4: Minakhat (small blind) folded before Flop
Seat 5: VTN*81 (big blind) folded before Flop
Seat 6: RiqueBPoker folded before Flop (didn't bet)
Seat 7: KingzClub folded before Flop (didn't bet)
Seat 8: Dorex2007 collected ($0.07)
Seat 9: xaxa420 folded before Flop (didn't bet)



PokerStars Hand #232680237956:  Hold'em No Limit ($0.01/$0.02 USD) - 2021/12/30 21:01:07 PT [2021/12/31 0:01:07 ET]
Table 'Laodica II' 9-max Seat #4 is the button
Seat 1: MrBSJ ($1.29 in chips) 
Seat 2: chipleadNgo ($1.62 in chips) 
Seat 3: olioli264 ($2.20 in chips) 
Seat 4: Minakhat ($0.87 in chips) 
Seat 5: VTN*81 ($1.98 in chips) 
Seat 7: KingzClub ($1.06 in chips) 
Seat 8: Dorex2007 ($2.05 in chips) 
Seat 9: xaxa420 ($1.59 in chips) 
VTN*81: posts small blind $0.01
KingzClub: posts big blind $0.02
*** HOLE CARDS ***
Dealt to Dorex2007 [Qh 5d]
Dorex2007: folds 
xaxa420: calls $0.02
MrBSJ: folds 
chipleadNgo: folds 
olioli264: calls $0.02
Minakhat: calls $0.02
VTN*81: folds 
KingzClub: checks 
*** FLOP *** [3h 7h Td]
KingzClub: checks 
xaxa420: bets $0.06
olioli264: folds 
Minakhat: folds 
KingzClub: folds 
Uncalled bet ($0.06) returned to xaxa420
xaxa420 collected $0.09 from pot
xaxa420: doesn't show hand 
*** SUMMARY ***
Total pot $0.09 | Rake $0 
Board [3h 7h Td]
Seat 1: MrBSJ folded before Flop (didn't bet)
Seat 2: chipleadNgo folded before Flop (didn't bet)
Seat 3: olioli264 folded on the Flop
Seat 4: Minakhat (button) folded on the Flop
Seat 5: VTN*81 (small blind) folded before Flop
Seat 7: KingzClub (big blind) folded on the Flop
Seat 8: Dorex2007 folded before Flop (didn't bet)
Seat 9: xaxa420 collected ($0.09)



PokerStars Hand #232680246065:  Hold'em No Limit ($0.01/$0.02 USD) - 2021/12/30 21:01:51 PT [2021/12/31 0:01:51 ET]
Table 'Laodica II' 9-max Seat #5 is the button
Seat 1: MrBSJ ($1.29 in chips) 
Seat 2: chipleadNgo ($1.62 in chips) 
Seat 3: olioli264 ($2.18 in chips) 
Seat 4: Minakhat ($0.85 in chips) 
Seat 5: VTN*81 ($1.97 in chips) 
Seat 7: KingzClub ($1.04 in chips) 
Seat 8: Dorex2007 ($2.05 in chips) 
Seat 9: xaxa420 ($1.66 in chips) 
KingzClub: posts small blind $0.01
Dorex2007: posts big blind $0.02
*** HOLE CARDS ***
Dealt to Dorex2007 [Qd Qc]
xaxa420: folds 
MrBSJ: folds 
chipleadNgo: folds 
olioli264: folds 
Minakhat: raises $0.03 to $0.05
VTN*81: calls $0.05
KingzClub: calls $0.04
Dorex2007: calls $0.03
*** FLOP *** [8h 6s 9d]
KingzClub: checks 
Dorex2007: bets $0.19
Minakhat: folds 
VTN*81: folds 
KingzClub: folds 
Uncalled bet ($0.19) returned to Dorex2007
Dorex2007 collected $0.19 from pot
Dorex2007: doesn't show hand 
*** SUMMARY ***
Total pot $0.20 | Rake $0.01 
Board [8h 6s 9d]
Seat 1: MrBSJ folded before Flop (didn't bet)
Seat 2: chipleadNgo folded before Flop (didn't bet)
Seat 3: olioli264 folded before Flop (didn't bet)
Seat 4: Minakhat folded on the Flop
Seat 5: VTN*81 (button) folded on the Flop
Seat 7: KingzClub (small blind) folded on the Flop
Seat 8: Dorex2007 (big blind) collected ($0.19)
Seat 9: xaxa420 folded before Flop (didn't bet)



PokerStars Hand #232680253661:  Hold'em No Limit ($0.01/$0.02 USD) - 2021/12/30 21:02:32 PT [2021/12/31 0:02:32 ET]
Table 'Laodica II' 9-max Seat #7 is the button
Seat 1: MrBSJ ($1.29 in chips) 
Seat 2: chipleadNgo ($1.62 in chips) 
Seat 3: olioli264 ($2.18 in chips) 
Seat 4: Minakhat ($0.80 in chips) 
Seat 5: VTN*81 ($1.92 in chips) 
Seat 7: KingzClub ($0.99 in chips) 
Seat 8: Dorex2007 ($2.19 in chips) 
Seat 9: xaxa420 ($1.66 in chips) 
Dorex2007: posts small blind $0.01
xaxa420: posts big blind $0.02
*** HOLE CARDS ***
Dealt to Dorex2007 [4d 6s]
MrBSJ: calls $0.02
chipleadNgo: folds 
olioli264: calls $0.02
Minakhat: folds 
VTN*81: calls $0.02
KingzClub: calls $0.02
Dorex2007: folds 
xaxa420: checks 
*** FLOP *** [Ah As 7h]
xaxa420: checks 
MrBSJ: bets $0.11
olioli264: folds 
VTN*81: folds 
KingzClub: folds 
xaxa420: folds 
Uncalled bet ($0.11) returned to MrBSJ
MrBSJ collected $0.11 from pot
*** SUMMARY ***
Total pot $0.11 | Rake $0 
Board [Ah As 7h]
Seat 1: MrBSJ collected ($0.11)
Seat 2: chipleadNgo folded before Flop (didn't bet)
Seat 3: olioli264 folded on the Flop
Seat 4: Minakhat folded before Flop (didn't bet)
Seat 5: VTN*81 folded on the Flop
Seat 7: KingzClub (button) folded on the Flop
Seat 8: Dorex2007 (small blind) folded before Flop
Seat 9: xaxa420 (big blind) folded on the Flop



PokerStars Hand #232680263961:  Hold'em No Limit ($0.01/$0.02 USD) - 2021/12/30 21:03:28 PT [2021/12/31 0:03:28 ET]
Table 'Laodica II' 9-max Seat #8 is the button
Seat 1: MrBSJ ($1.38 in chips) 
Seat 2: chipleadNgo ($1.62 in chips) 
Seat 3: olioli264 ($2.16 in chips) 
Seat 4: Minakhat ($0.80 in chips) 
Seat 5: VTN*81 ($1.90 in chips) 
Seat 7: KingzClub ($0.97 in chips) 
Seat 8: Dorex2007 ($2.18 in chips) 
Seat 9: xaxa420 ($1.64 in chips) 
xaxa420: posts small blind $0.01
MrBSJ: posts big blind $0.02
*** HOLE CARDS ***
Dealt to Dorex2007 [Ah 4d]
chipleadNgo: folds 
olioli264: calls $0.02
Minakhat: folds 
VTN*81: calls $0.02
KingzClub: raises $0.04 to $0.06
Dorex2007: folds 
xaxa420: folds 
MrBSJ: calls $0.04
olioli264: calls $0.04
VTN*81: calls $0.04
*** FLOP *** [Qc 2h 3d]
MrBSJ: bets $0.24
olioli264: folds 
VTN*81: folds 
KingzClub: calls $0.24
*** TURN *** [Qc 2h 3d] [5c]
MrBSJ: checks 
KingzClub: checks 
*** RIVER *** [Qc 2h 3d 5c] [Tc]
MrBSJ: checks 
KingzClub: checks 
*** SHOW DOWN ***
MrBSJ: shows [Qs Ad] (a pair of Queens)
KingzClub: mucks hand 
MrBSJ collected $0.70 from pot
*** SUMMARY ***
Total pot $0.73 | Rake $0.03 
Board [Qc 2h 3d 5c Tc]
Seat 1: MrBSJ (big blind) showed [Qs Ad] and won ($0.70) with a pair of Queens
Seat 2: chipleadNgo folded before Flop (didn't bet)
Seat 3: olioli264 folded on the Flop
Seat 4: Minakhat folded before Flop (didn't bet)
Seat 5: VTN*81 folded on the Flop
Seat 7: KingzClub mucked [8h Qh]
Seat 8: Dorex2007 (button) folded before Flop (didn't bet)
Seat 9: xaxa420 (small blind) folded before Flop



PokerStars Hand #232680273319:  Hold'em No Limit ($0.01/$0.02 USD) - 2021/12/30 21:04:19 PT [2021/12/31 0:04:19 ET]
Table 'Laodica II' 9-max Seat #9 is the button
Seat 1: MrBSJ ($1.78 in chips) 
Seat 2: chipleadNgo ($1.62 in chips) 
Seat 3: olioli264 ($2.10 in chips) 
Seat 4: Minakhat ($0.80 in chips) 
Seat 5: VTN*81 ($1.84 in chips) 
Seat 7: KingzClub ($0.67 in chips) 
Seat 8: Dorex2007 ($2.18 in chips) 
Seat 9: xaxa420 ($1.63 in chips) 
MrBSJ: posts small blind $0.01
chipleadNgo: posts big blind $0.02
*** HOLE CARDS ***
Dealt to Dorex2007 [Ks 8h]
olioli264: folds 
Minakhat: folds 
VTN*81: folds 
KingzClub: calls $0.02
Dorex2007: folds 
xaxa420: calls $0.02
MrBSJ: folds 
chipleadNgo: checks 
*** FLOP *** [5d 2d Qh]
chipleadNgo: checks 
KingzClub: bets $0.02
xaxa420: folds 
chipleadNgo: calls $0.02
*** TURN *** [5d 2d Qh] [6s]
chipleadNgo: checks 
KingzClub: checks 
*** RIVER *** [5d 2d Qh 6s] [9d]
chipleadNgo: checks 
KingzClub: checks 
*** SHOW DOWN ***
chipleadNgo: shows [Jc 2c] (a pair of Deuces)
KingzClub: shows [5h Ac] (a pair of Fives)
KingzClub collected $0.11 from pot
*** SUMMARY ***
Total pot $0.11 | Rake $0 
Board [5d 2d Qh 6s 9d]
Seat 1: MrBSJ (small blind) folded before Flop
Seat 2: chipleadNgo (big blind) showed [Jc 2c] and lost with a pair of Deuces
Seat 3: olioli264 folded before Flop (didn't bet)
Seat 4: Minakhat folded before Flop (didn't bet)
Seat 5: VTN*81 folded before Flop (didn't bet)
Seat 7: KingzClub showed [5h Ac] and won ($0.11) with a pair of Fives
Seat 8: Dorex2007 folded before Flop (didn't bet)
Seat 9: xaxa420 (button) folded on the Flop



PokerStars Hand #232680282814:  Hold'em No Limit ($0.01/$0.02 USD) - 2021/12/30 21:05:11 PT [2021/12/31 0:05:11 ET]
Table 'Laodica II' 9-max Seat #1 is the button
Seat 1: MrBSJ ($1.77 in chips) 
Seat 2: chipleadNgo ($1.58 in chips) 
Seat 3: olioli264 ($2.10 in chips) 
Seat 4: Minakhat ($0.80 in chips) 
Seat 5: VTN*81 ($1.84 in chips) 
Seat 7: KingzClub ($0.74 in chips) 
Seat 8: Dorex2007 ($2.18 in chips) 
Seat 9: xaxa420 ($1.61 in chips) 
chipleadNgo: posts small blind $0.01
olioli264: posts big blind $0.02
*** HOLE CARDS ***
Dealt to Dorex2007 [Ah 2h]
Minakhat: folds 
VTN*81: calls $0.02
KingzClub: raises $0.04 to $0.06
Dorex2007: folds 
xaxa420: folds 
MrBSJ: folds 
chipleadNgo: folds 
olioli264: folds 
VTN*81: calls $0.04
*** FLOP *** [Jh Th Kh]
VTN*81: checks 
KingzClub: bets $0.06
VTN*81: calls $0.06
*** TURN *** [Jh Th Kh] [7d]
VTN*81: checks 
KingzClub: checks 
*** RIVER *** [Jh Th Kh 7d] [3d]
VTN*81: bets $0.18
KingzClub: calls $0.18
*** SHOW DOWN ***
VTN*81: shows [9s 8d] (a straight, Seven to Jack)
KingzClub: mucks hand 
VTN*81 collected $0.61 from pot
*** SUMMARY ***
Total pot $0.63 | Rake $0.02 
Board [Jh Th Kh 7d 3d]
Seat 1: MrBSJ (button) folded before Flop (didn't bet)
Seat 2: chipleadNgo (small blind) folded before Flop
Seat 3: olioli264 (big blind) folded before Flop
Seat 4: Minakhat folded before Flop (didn't bet)
Seat 5: VTN*81 showed [9s 8d] and won ($0.61) with a straight, Seven to Jack
Seat 7: KingzClub mucked [As Kc]
Seat 8: Dorex2007 folded before Flop (didn't bet)
Seat 9: xaxa420 folded before Flop (didn't bet)



PokerStars Hand #232680292934:  Hold'em No Limit ($0.01/$0.02 USD) - 2021/12/30 21:06:06 PT [2021/12/31 0:06:06 ET]
Table 'Laodica II' 9-max Seat #2 is the button
Seat 1: MrBSJ ($1.77 in chips) 
Seat 2: chipleadNgo ($1.57 in chips) 
Seat 3: olioli264 ($2.08 in chips) 
Seat 4: Minakhat ($0.80 in chips) 
Seat 5: VTN*81 ($2.15 in chips) 
Seat 7: KingzClub ($0.44 in chips) 
Seat 8: Dorex2007 ($2.18 in chips) 
Seat 9: xaxa420 ($1.61 in chips) 
olioli264: posts small blind $0.01
Minakhat: posts big blind $0.02
*** HOLE CARDS ***
Dealt to Dorex2007 [4s 3d]
VTN*81: folds 
KingzClub: calls $0.02
Dorex2007: folds 
xaxa420: folds 
MrBSJ: folds 
chipleadNgo: folds 
olioli264: calls $0.01
Minakhat: checks 
*** FLOP *** [4c 2d 2h]
olioli264: checks 
Minakhat: checks 
KingzClub: bets $0.02
olioli264: folds 
Minakhat: folds 
Uncalled bet ($0.02) returned to KingzClub
KingzClub collected $0.06 from pot
KingzClub: doesn't show hand 
*** SUMMARY ***
Total pot $0.06 | Rake $0 
Board [4c 2d 2h]
Seat 1: MrBSJ folded before Flop (didn't bet)
Seat 2: chipleadNgo (button) folded before Flop (didn't bet)
Seat 3: olioli264 (small blind) folded on the Flop
Seat 4: Minakhat (big blind) folded on the Flop
Seat 5: VTN*81 folded before Flop (didn't bet)
Seat 7: KingzClub collected ($0.06)
Seat 8: Dorex2007 folded before Flop (didn't bet)
Seat 9: xaxa420 folded before Flop (didn't bet)



PokerStars Hand #232680299562:  Hold'em No Limit ($0.01/$0.02 USD) - 2021/12/30 21:06:42 PT [2021/12/31 0:06:42 ET]
Table 'Laodica II' 9-max Seat #3 is the button
Seat 1: MrBSJ ($1.77 in chips) 
Seat 2: chipleadNgo ($1.57 in chips) 
Seat 3: olioli264 ($2.06 in chips) 
Seat 4: Minakhat ($0.80 in chips) 
Seat 5: VTN*81 ($2.15 in chips) 
Seat 7: KingzClub ($0.48 in chips) 
Seat 8: Dorex2007 ($2.18 in chips) 
Seat 9: xaxa420 ($1.61 in chips) 
Minakhat: posts small blind $0.01
VTN*81: posts big blind $0.02
*** HOLE CARDS ***
Dealt to Dorex2007 [6c 4d]
KingzClub: folds 
Dorex2007: folds 
xaxa420: calls $0.02
MrBSJ: calls $0.02
chipleadNgo: folds 
olioli264: folds 
Minakhat: calls $0.01
VTN*81: checks 
*** FLOP *** [6d Jc Qs]
Minakhat: bets $0.02
VTN*81: calls $0.02
xaxa420: folds 
MrBSJ: raises $0.02 to $0.04
Minakhat: folds 
VTN*81: calls $0.02
*** TURN *** [6d Jc Qs] [2s]
VTN*81: checks 
MrBSJ: bets $0.17
VTN*81: folds 
Uncalled bet ($0.17) returned to MrBSJ
MrBSJ collected $0.17 from pot
*** SUMMARY ***
Total pot $0.18 | Rake $0.01 
Board [6d Jc Qs 2s]
Seat 1: MrBSJ collected ($0.17)
Seat 2: chipleadNgo folded before Flop (didn't bet)
Seat 3: olioli264 (button) folded before Flop (didn't bet)
Seat 4: Minakhat (small blind) folded on the Flop
Seat 5: VTN*81 (big blind) folded on the Turn
Seat 7: KingzClub folded before Flop (didn't bet)
Seat 8: Dorex2007 folded before Flop (didn't bet)
Seat 9: xaxa420 folded on the Flop



PokerStars Hand #232680312268:  Hold'em No Limit ($0.01/$0.02 USD) - 2021/12/30 21:07:50 PT [2021/12/31 0:07:50 ET]
Table 'Laodica II' 9-max Seat #4 is the button
Seat 1: MrBSJ ($1.88 in chips) 
Seat 2: chipleadNgo ($1.57 in chips) 
Seat 3: olioli264 ($2.06 in chips) 
Seat 4: Minakhat ($0.80 in chips) 
Seat 5: VTN*81 ($2.09 in chips) 
Seat 7: KingzClub ($0.48 in chips) 
Seat 8: Dorex2007 ($2.18 in chips) 
Seat 9: xaxa420 ($1.59 in chips) 
VTN*81: posts small blind $0.01
KingzClub: posts big blind $0.02
*** HOLE CARDS ***
Dealt to Dorex2007 [4c 9h]
Dorex2007: folds 
xaxa420: calls $0.02
MrBSJ: folds 
chipleadNgo: calls $0.02
olioli264: folds 
Minakhat: raises $0.78 to $0.80 and is all-in
VTN*81: folds 
KingzClub: folds 
xaxa420: folds 
chipleadNgo: calls $0.78
*** FLOP *** [3h 2d 4d]
*** TURN *** [3h 2d 4d] [5d]
*** RIVER *** [3h 2d 4d 5d] [Jh]
*** SHOW DOWN ***
chipleadNgo: shows [8c 8s] (a pair of Eights)
Minakhat: shows [Ah Ac] (a straight, Ace to Five)
Minakhat collected $1.59 from pot
*** SUMMARY ***
Total pot $1.65 | Rake $0.06 
Board [3h 2d 4d 5d Jh]
Seat 1: MrBSJ folded before Flop (didn't bet)
Seat 2: chipleadNgo showed [8c 8s] and lost with a pair of Eights
Seat 3: olioli264 folded before Flop (didn't bet)
Seat 4: Minakhat (button) showed [Ah Ac] and won ($1.59) with a straight, Ace to Five
Seat 5: VTN*81 (small blind) folded before Flop
Seat 7: KingzClub (big blind) folded before Flop
Seat 8: Dorex2007 folded before Flop (didn't bet)
Seat 9: xaxa420 folded before Flop



PokerStars Hand #232680319095:  Hold'em No Limit ($0.01/$0.02 USD) - 2021/12/30 21:08:28 PT [2021/12/31 0:08:28 ET]
Table 'Laodica II' 9-max Seat #5 is the button
Seat 1: MrBSJ ($1.88 in chips) 
Seat 2: chipleadNgo ($0.77 in chips) 
Seat 3: olioli264 ($2.06 in chips) 
Seat 4: Minakhat ($1.59 in chips) 
Seat 5: VTN*81 ($2.08 in chips) 
Seat 7: KingzClub ($0.46 in chips) 
Seat 8: Dorex2007 ($2.18 in chips) 
Seat 9: xaxa420 ($1.57 in chips) 
KingzClub: posts small blind $0.01
Dorex2007: posts big blind $0.02
*** HOLE CARDS ***
Dealt to Dorex2007 [4c 2s]
xaxa420: calls $0.02
MrBSJ: calls $0.02
chipleadNgo: folds 
olioli264: folds 
Minakhat: calls $0.02
VTN*81: folds 
KingzClub: calls $0.01
Dorex2007: checks 
*** FLOP *** [7h Jc 6h]
KingzClub: checks 
Dorex2007: checks 
xaxa420: checks 
MrBSJ: checks 
Minakhat: checks 
*** TURN *** [7h Jc 6h] [9c]
KingzClub: bets $0.02
Dorex2007: folds 
xaxa420: calls $0.02
MrBSJ: raises $0.16 to $0.18
Minakhat: folds 
KingzClub: calls $0.16
xaxa420: folds 
*** RIVER *** [7h Jc 6h 9c] [Qh]
KingzClub: checks 
MrBSJ: bets $0.08
KingzClub: calls $0.08
*** SHOW DOWN ***
MrBSJ: shows [9h Jh] (a flush, Queen high)
KingzClub: mucks hand 
MrBSJ collected $0.62 from pot
*** SUMMARY ***
Total pot $0.64 | Rake $0.02 
Board [7h Jc 6h 9c Qh]
Seat 1: MrBSJ showed [9h Jh] and won ($0.62) with a flush, Queen high
Seat 2: chipleadNgo folded before Flop (didn't bet)
Seat 3: olioli264 folded before Flop (didn't bet)
Seat 4: Minakhat folded on the Turn
Seat 5: VTN*81 (button) folded before Flop (didn't bet)
Seat 7: KingzClub (small blind) mucked [7d 8h]
Seat 8: Dorex2007 (big blind) folded on the Turn
Seat 9: xaxa420 folded on the Turn



PokerStars Hand #232680339207:  Hold'em No Limit ($0.01/$0.02 USD) - 2021/12/30 21:09:53 PT [2021/12/31 0:09:53 ET]
Table 'Laodica II' 9-max Seat #7 is the button
Seat 1: MrBSJ ($2.22 in chips) 
Seat 2: chipleadNgo ($0.77 in chips) 
Seat 3: olioli264 ($2.06 in chips) 
Seat 4: Minakhat ($1.57 in chips) 
Seat 5: VTN*81 ($2.08 in chips) 
Seat 7: KingzClub ($0.18 in chips) 
Seat 8: Dorex2007 ($2.16 in chips) 
Seat 9: xaxa420 ($1.53 in chips) 
Dorex2007: posts small blind $0.01
xaxa420: posts big blind $0.02
*** HOLE CARDS ***
Dealt to Dorex2007 [2c Ac]
MrBSJ: folds 
chipleadNgo: folds 
olioli264: folds 
Minakhat: folds 
VTN*81: raises $0.02 to $0.04
KingzClub: calls $0.04
Dorex2007: folds 
xaxa420: folds 
*** FLOP *** [Qd Kh 3s]
VTN*81: checks 
KingzClub: checks 
*** TURN *** [Qd Kh 3s] [3c]
VTN*81: checks 
KingzClub: bets $0.04
VTN*81: folds 
Uncalled bet ($0.04) returned to KingzClub
KingzClub collected $0.11 from pot
KingzClub: doesn't show hand 
*** SUMMARY ***
Total pot $0.11 | Rake $0 
Board [Qd Kh 3s 3c]
Seat 1: MrBSJ folded before Flop (didn't bet)
Seat 2: chipleadNgo folded before Flop (didn't bet)
Seat 3: olioli264 folded before Flop (didn't bet)
Seat 4: Minakhat folded before Flop (didn't bet)
Seat 5: VTN*81 folded on the Turn
Seat 7: KingzClub (button) collected ($0.11)
Seat 8: Dorex2007 (small blind) folded before Flop
Seat 9: xaxa420 (big blind) folded before Flop



PokerStars Hand #232680361922:  Hold'em No Limit ($0.01/$0.02 USD) - 2021/12/30 21:10:40 PT [2021/12/31 0:10:40 ET]
Table 'Laodica II' 9-max Seat #8 is the button
Seat 1: MrBSJ ($2.22 in chips) 
Seat 2: chipleadNgo ($0.77 in chips) 
Seat 3: olioli264 ($2.06 in chips) 
Seat 4: Minakhat ($1.57 in chips) 
Seat 5: VTN*81 ($2.04 in chips) 
Seat 7: KingzClub ($0.25 in chips) 
Seat 8: Dorex2007 ($2.15 in chips) 
Seat 9: xaxa420 ($1.51 in chips) 
xaxa420: posts small blind $0.01
MrBSJ: posts big blind $0.02
*** HOLE CARDS ***
Dealt to Dorex2007 [3c 9c]
chipleadNgo: raises $0.06 to $0.08
olioli264: folds 
Minakhat: folds 
VTN*81: folds 
KingzClub: calls $0.08
Dorex2007: folds 
xaxa420: folds 
MrBSJ: folds 
*** FLOP *** [Kh As 3h]
chipleadNgo: bets $0.18
KingzClub: calls $0.17 and is all-in
Uncalled bet ($0.01) returned to chipleadNgo
*** TURN *** [Kh As 3h] [5c]
*** RIVER *** [Kh As 3h 5c] [4h]
*** SHOW DOWN ***
chipleadNgo: shows [Th Ad] (a pair of Aces)
KingzClub: shows [Jd Kc] (a pair of Kings)
chipleadNgo collected $0.51 from pot
*** SUMMARY ***
Total pot $0.53 | Rake $0.02 
Board [Kh As 3h 5c 4h]
Seat 1: MrBSJ (big blind) folded before Flop
Seat 2: chipleadNgo showed [Th Ad] and won ($0.51) with a pair of Aces
Seat 3: olioli264 folded before Flop (didn't bet)
Seat 4: Minakhat folded before Flop (didn't bet)
Seat 5: VTN*81 folded before Flop (didn't bet)
Seat 7: KingzClub showed [Jd Kc] and lost with a pair of Kings
Seat 8: Dorex2007 (button) folded before Flop (didn't bet)
Seat 9: xaxa420 (small blind) folded before Flop



PokerStars Hand #232680370789:  Hold'em No Limit ($0.01/$0.02 USD) - 2021/12/30 21:11:28 PT [2021/12/31 0:11:28 ET]
Table 'Laodica II' 9-max Seat #9 is the button
Seat 1: MrBSJ ($2.20 in chips) 
Seat 2: chipleadNgo ($1.03 in chips) 
Seat 3: olioli264 ($2.06 in chips) 
Seat 4: Minakhat ($1.57 in chips) 
Seat 5: VTN*81 ($2.04 in chips) 
Seat 8: Dorex2007 ($2.15 in chips) 
Seat 9: xaxa420 ($1.50 in chips) 
MrBSJ: posts small blind $0.01
chipleadNgo: posts big blind $0.02
*** HOLE CARDS ***
Dealt to Dorex2007 [4h 8h]
olioli264: folds 
Minakhat: folds 
VTN*81: folds 
Dorex2007: folds 
xaxa420: folds 
MrBSJ: folds 
Uncalled bet ($0.01) returned to chipleadNgo
chipleadNgo collected $0.02 from pot
chipleadNgo: doesn't show hand 
*** SUMMARY ***
Total pot $0.02 | Rake $0 
Seat 1: MrBSJ (small blind) folded before Flop
Seat 2: chipleadNgo (big blind) collected ($0.02)
Seat 3: olioli264 folded before Flop (didn't bet)
Seat 4: Minakhat folded before Flop (didn't bet)
Seat 5: VTN*81 folded before Flop (didn't bet)
Seat 8: Dorex2007 folded before Flop (didn't bet)
Seat 9: xaxa420 (button) folded before Flop (didn't bet)



PokerStars Hand #232680373702:  Hold'em No Limit ($0.01/$0.02 USD) - 2021/12/30 21:11:44 PT [2021/12/31 0:11:44 ET]
Table 'Laodica II' 9-max Seat #1 is the button
Seat 1: MrBSJ ($2.19 in chips) 
Seat 2: chipleadNgo ($1.04 in chips) 
Seat 3: olioli264 ($2.06 in chips) 
Seat 4: Minakhat ($1.57 in chips) 
Seat 5: VTN*81 ($2.04 in chips) 
Seat 7: KingzClub ($0.80 in chips) 
Seat 8: Dorex2007 ($2.15 in chips) 
Seat 9: xaxa420 ($1.50 in chips) 
chipleadNgo: posts small blind $0.01
olioli264: posts big blind $0.02
*** HOLE CARDS ***
Dealt to Dorex2007 [7s 3h]
Minakhat: folds 
VTN*81: calls $0.02
KingzClub has timed out
KingzClub: folds 
Dorex2007: folds 
xaxa420: calls $0.02
MrBSJ: calls $0.02
chipleadNgo: raises $0.08 to $0.10
olioli264: folds 
VTN*81: folds 
xaxa420: folds 
MrBSJ: folds 
Uncalled bet ($0.08) returned to chipleadNgo
chipleadNgo collected $0.10 from pot
chipleadNgo: doesn't show hand 
*** SUMMARY ***
Total pot $0.10 | Rake $0 
Seat 1: MrBSJ (button) folded before Flop
Seat 2: chipleadNgo (small blind) collected ($0.10)
Seat 3: olioli264 (big blind) folded before Flop
Seat 4: Minakhat folded before Flop (didn't bet)
Seat 5: VTN*81 folded before Flop
Seat 7: KingzClub folded before Flop (didn't bet)
Seat 8: Dorex2007 folded before Flop (didn't bet)
Seat 9: xaxa420 folded before Flop



PokerStars Hand #232680379783:  Hold'em No Limit ($0.01/$0.02 USD) - 2021/12/30 21:12:17 PT [2021/12/31 0:12:17 ET]
Table 'Laodica II' 9-max Seat #2 is the button
Seat 1: MrBSJ ($2.17 in chips) 
Seat 2: chipleadNgo ($1.12 in chips) 
Seat 3: olioli264 ($2.04 in chips) 
Seat 4: Minakhat ($1.57 in chips) 
Seat 5: VTN*81 ($2.02 in chips) 
Seat 7: KingzClub ($0.80 in chips) 
Seat 8: Dorex2007 ($2.15 in chips) 
Seat 9: xaxa420 ($1.48 in chips) 
olioli264: posts small blind $0.01
Minakhat: posts big blind $0.02
*** HOLE CARDS ***
Dealt to Dorex2007 [4h Th]
VTN*81: calls $0.02
KingzClub: calls $0.02
Dorex2007: folds 
xaxa420: calls $0.02
MrBSJ: folds 
chipleadNgo: folds 
olioli264: calls $0.01
Minakhat: checks 
*** FLOP *** [6h Tc Qc]
olioli264: checks 
Minakhat: checks 
VTN*81: bets $0.06
KingzClub: calls $0.06
xaxa420: calls $0.06
olioli264: folds 
Minakhat: folds 
*** TURN *** [6h Tc Qc] [3s]
VTN*81: bets $0.14
KingzClub: calls $0.14
xaxa420: calls $0.14
*** RIVER *** [6h Tc Qc 3s] [7s]
VTN*81: checks 
KingzClub: checks 
xaxa420: checks 
*** SHOW DOWN ***
VTN*81: shows [Qs Js] (a pair of Queens)
KingzClub: shows [Qh Ah] (a pair of Queens - Ace kicker)
xaxa420: mucks hand 
KingzClub collected $0.68 from pot
*** SUMMARY ***
Total pot $0.70 | Rake $0.02 
Board [6h Tc Qc 3s 7s]
Seat 1: MrBSJ folded before Flop (didn't bet)
Seat 2: chipleadNgo (button) folded before Flop (didn't bet)
Seat 3: olioli264 (small blind) folded on the Flop
Seat 4: Minakhat (big blind) folded on the Flop
Seat 5: VTN*81 showed [Qs Js] and lost with a pair of Queens
Seat 7: KingzClub showed [Qh Ah] and won ($0.68) with a pair of Queens
Seat 8: Dorex2007 folded before Flop (didn't bet)
Seat 9: xaxa420 mucked [2d Qd]



PokerStars Hand #232680396904:  Hold'em No Limit ($0.01/$0.02 USD) - 2021/12/30 21:13:52 PT [2021/12/31 0:13:52 ET]
Table 'Laodica II' 9-max Seat #3 is the button
Seat 1: MrBSJ ($2.17 in chips) 
Seat 2: chipleadNgo ($1.12 in chips) 
Seat 3: olioli264 ($2.02 in chips) 
Seat 4: Minakhat ($1.55 in chips) 
Seat 5: VTN*81 ($1.80 in chips) 
Seat 7: KingzClub ($1.26 in chips) 
Seat 8: Dorex2007 ($2.15 in chips) 
Seat 9: xaxa420 ($1.26 in chips) 
Minakhat: posts small blind $0.01
VTN*81: posts big blind $0.02
*** HOLE CARDS ***
Dealt to Dorex2007 [6h 2d]
KingzClub: folds 
Dorex2007: folds 
xaxa420: folds 
MrBSJ: calls $0.02
chipleadNgo: folds 
olioli264: calls $0.02
Minakhat: calls $0.01
VTN*81: checks 
*** FLOP *** [Jh Js Qc]
Minakhat: checks 
VTN*81: checks 
MrBSJ: checks 
olioli264: checks 
*** TURN *** [Jh Js Qc] [7c]
Minakhat: checks 
VTN*81: checks 
MrBSJ: bets $0.02
olioli264: folds 
Minakhat: calls $0.02
VTN*81: calls $0.02
*** RIVER *** [Jh Js Qc 7c] [4d]
Minakhat: checks 
VTN*81: checks 
MrBSJ: bets $0.02
Minakhat: calls $0.02
VTN*81: calls $0.02
*** SHOW DOWN ***
MrBSJ: shows [8d 7d] (two pair, Jacks and Sevens)
Minakhat: shows [8h 8s] (two pair, Jacks and Eights)
VTN*81: shows [Qs 5c] (two pair, Queens and Jacks)
VTN*81 collected $0.19 from pot
*** SUMMARY ***
Total pot $0.20 | Rake $0.01 
Board [Jh Js Qc 7c 4d]
Seat 1: MrBSJ showed [8d 7d] and lost with two pair, Jacks and Sevens
Seat 2: chipleadNgo folded before Flop (didn't bet)
Seat 3: olioli264 (button) folded on the Turn
Seat 4: Minakhat (small blind) showed [8h 8s] and lost with two pair, Jacks and Eights
Seat 5: VTN*81 (big blind) showed [Qs 5c] and won ($0.19) with two pair, Queens and Jacks
Seat 7: KingzClub folded before Flop (didn't bet)
Seat 8: Dorex2007 folded before Flop (didn't bet)
Seat 9: xaxa420 folded before Flop (didn't bet)



PokerStars Hand #232680410439:  Hold'em No Limit ($0.01/$0.02 USD) - 2021/12/30 21:15:06 PT [2021/12/31 0:15:06 ET]
Table 'Laodica II' 9-max Seat #4 is the button
Seat 1: MrBSJ ($2.11 in chips) 
Seat 2: chipleadNgo ($1.12 in chips) 
Seat 3: olioli264 ($2 in chips) 
Seat 4: Minakhat ($1.49 in chips) 
Seat 5: VTN*81 ($1.93 in chips) 
Seat 7: KingzClub ($1.26 in chips) 
Seat 8: Dorex2007 ($2.15 in chips) 
Seat 9: xaxa420 ($1.26 in chips) 
VTN*81: posts small blind $0.01
KingzClub: posts big blind $0.02
*** HOLE CARDS ***
Dealt to Dorex2007 [5c Ad]
Dorex2007: folds 
xaxa420: folds 
MrBSJ: folds 
chipleadNgo: folds 
olioli264: raises $0.04 to $0.06
Minakhat: folds 
VTN*81: calls $0.05
KingzClub: calls $0.04
*** FLOP *** [9d 5d 7s]
VTN*81: bets $0.09
KingzClub: calls $0.09
olioli264: calls $0.09
*** TURN *** [9d 5d 7s] [Kc]
VTN*81: checks 
KingzClub: checks 
olioli264: bets $0.22
VTN*81: calls $0.22
KingzClub: folds 
*** RIVER *** [9d 5d 7s Kc] [2d]
VTN*81: bets $0.43
olioli264: calls $0.43
*** SHOW DOWN ***
VTN*81: shows [Th Ts] (a pair of Tens)
olioli264: shows [Kd Ks] (three of a kind, Kings)
olioli264 collected $1.69 from pot
*** SUMMARY ***
Total pot $1.75 | Rake $0.06 
Board [9d 5d 7s Kc 2d]
Seat 1: MrBSJ folded before Flop (didn't bet)
Seat 2: chipleadNgo folded before Flop (didn't bet)
Seat 3: olioli264 showed [Kd Ks] and won ($1.69) with three of a kind, Kings
Seat 4: Minakhat (button) folded before Flop (didn't bet)
Seat 5: VTN*81 (small blind) showed [Th Ts] and lost with a pair of Tens
Seat 7: KingzClub (big blind) folded on the Turn
Seat 8: Dorex2007 folded before Flop (didn't bet)
Seat 9: xaxa420 folded before Flop (didn't bet)



PokerStars Hand #232680423837:  Hold'em No Limit ($0.01/$0.02 USD) - 2021/12/30 21:16:20 PT [2021/12/31 0:16:20 ET]
Table 'Laodica II' 9-max Seat #5 is the button
Seat 1: MrBSJ ($2.11 in chips) 
Seat 2: chipleadNgo ($1.12 in chips) 
Seat 3: olioli264 ($2.89 in chips) 
Seat 4: Minakhat ($1.49 in chips) 
Seat 5: VTN*81 ($1.13 in chips) 
Seat 7: KingzClub ($1.11 in chips) 
Seat 8: Dorex2007 ($2.15 in chips) 
Seat 9: xaxa420 ($1.26 in chips) 
KingzClub: posts small blind $0.01
Dorex2007: posts big blind $0.02
*** HOLE CARDS ***
Dealt to Dorex2007 [5h Qc]
xaxa420: calls $0.02
MrBSJ: folds 
chipleadNgo: raises $0.04 to $0.06
olioli264: folds 
Minakhat: folds 
VTN*81: calls $0.06
KingzClub: calls $0.05
Dorex2007: folds 
xaxa420: calls $0.04
*** FLOP *** [5s 4s Th]
KingzClub: checks 
xaxa420: checks 
chipleadNgo: bets $0.26
VTN*81: folds 
KingzClub: calls $0.26
xaxa420: folds 
*** TURN *** [5s 4s Th] [3s]
KingzClub: checks 
chipleadNgo: checks 
*** RIVER *** [5s 4s Th 3s] [4h]
KingzClub: bets $0.79 and is all-in
chipleadNgo: calls $0.79
*** SHOW DOWN ***
KingzClub: shows [6d 7c] (a straight, Three to Seven)
chipleadNgo: shows [Td Ad] (two pair, Tens and Fours)
KingzClub collected $2.28 from pot
*** SUMMARY ***
Total pot $2.36 | Rake $0.08 
Board [5s 4s Th 3s 4h]
Seat 1: MrBSJ folded before Flop (didn't bet)
Seat 2: chipleadNgo showed [Td Ad] and lost with two pair, Tens and Fours
Seat 3: olioli264 folded before Flop (didn't bet)
Seat 4: Minakhat folded before Flop (didn't bet)
Seat 5: VTN*81 (button) folded on the Flop
Seat 7: KingzClub (small blind) showed [6d 7c] and won ($2.28) with a straight, Three to Seven
Seat 8: Dorex2007 (big blind) folded before Flop
Seat 9: xaxa420 folded on the Flop



PokerStars Hand #232680451449:  Hold'em No Limit ($0.01/$0.02 USD) - 2021/12/30 21:18:56 PT [2021/12/31 0:18:56 ET]
Table 'Laodica II' 9-max Seat #9 is the button
Seat 1: MrBSJ ($2.09 in chips) 
Seat 2: Tavrus32 ($2 in chips) 
Seat 3: olioli264 ($2.89 in chips) 
Seat 4: Minakhat ($1.49 in chips) 
Seat 5: VTN*81 ($1.05 in chips) 
Seat 7: KingzClub ($2.34 in chips) 
Seat 8: Dorex2007 ($2.13 in chips) 
Seat 9: xaxa420 ($1.18 in chips) 
MrBSJ: posts small blind $0.01
Tavrus32: posts big blind $0.02
Dorex2007: posts small blind $0.01
*** HOLE CARDS ***
Dealt to Dorex2007 [7h 2c]
olioli264: folds 
Minakhat: folds 
VTN*81: folds 
KingzClub: raises $0.04 to $0.06
Dorex2007: folds 
xaxa420: folds 
MrBSJ: folds 
Tavrus32: folds 
Uncalled bet ($0.04) returned to KingzClub
KingzClub collected $0.06 from pot
KingzClub: doesn't show hand 
*** SUMMARY ***
Total pot $0.06 | Rake $0 
Seat 1: MrBSJ (small blind) folded before Flop
Seat 2: Tavrus32 (big blind) folded before Flop
Seat 3: olioli264 folded before Flop (didn't bet)
Seat 4: Minakhat folded before Flop (didn't bet)
Seat 5: VTN*81 folded before Flop (didn't bet)
Seat 7: KingzClub collected ($0.06)
Seat 8: Dorex2007 folded before Flop (didn't bet)
Seat 9: xaxa420 (button) folded before Flop (didn't bet)



PokerStars Hand #232680454593:  Hold'em No Limit ($0.01/$0.02 USD) - 2021/12/30 21:19:13 PT [2021/12/31 0:19:13 ET]
Table 'Laodica II' 9-max Seat #1 is the button
Seat 1: MrBSJ ($2.08 in chips) 
Seat 2: Tavrus32 ($2 in chips) 
Seat 3: olioli264 ($2.89 in chips) 
Seat 4: Minakhat ($1.49 in chips) 
Seat 5: VTN*81 ($1.05 in chips) 
Seat 7: KingzClub ($2.38 in chips) 
Seat 8: Dorex2007 ($2.12 in chips) 
Seat 9: xaxa420 ($1.18 in chips) 
Tavrus32: posts small blind $0.01
olioli264: posts big blind $0.02
*** HOLE CARDS ***
Dealt to Dorex2007 [4d 3h]
Minakhat: folds 
VTN*81: calls $0.02
KingzClub: calls $0.02
Dorex2007: folds 
xaxa420: folds 
MrBSJ: folds 
Tavrus32: folds 
olioli264: checks 
*** FLOP *** [4s 2s Ts]
olioli264: checks 
VTN*81: checks 
KingzClub: bets $0.02
olioli264: folds 
VTN*81: folds 
Uncalled bet ($0.02) returned to KingzClub
KingzClub collected $0.07 from pot
KingzClub: doesn't show hand 
*** SUMMARY ***
Total pot $0.07 | Rake $0 
Board [4s 2s Ts]
Seat 1: MrBSJ (button) folded before Flop (didn't bet)
Seat 2: Tavrus32 (small blind) folded before Flop
Seat 3: olioli264 (big blind) folded on the Flop
Seat 4: Minakhat folded before Flop (didn't bet)
Seat 5: VTN*81 folded on the Flop
Seat 7: KingzClub collected ($0.07)
Seat 8: Dorex2007 folded before Flop (didn't bet)
Seat 9: xaxa420 folded before Flop (didn't bet)



PokerStars Hand #232680461494:  Hold'em No Limit ($0.01/$0.02 USD) - 2021/12/30 21:19:52 PT [2021/12/31 0:19:52 ET]
Table 'Laodica II' 9-max Seat #2 is the button
Seat 1: MrBSJ ($2.08 in chips) 
Seat 2: Tavrus32 ($2 in chips) 
Seat 3: olioli264 ($2.87 in chips) 
Seat 5: VTN*81 ($1.03 in chips) 
Seat 7: KingzClub ($2.43 in chips) 
Seat 8: Dorex2007 ($2.12 in chips) 
Seat 9: xaxa420 ($1.18 in chips) 
olioli264: posts small blind $0.01
Minakhat: is sitting out 
VTN*81: posts big blind $0.02
Minakhat leaves the table
RiqueBPoker: sits out 
*** HOLE CARDS ***
Dealt to Dorex2007 [6h 7c]
KingzClub: folds 
Dorex2007: folds 
xaxa420: folds 
MrBSJ: folds 
Tavrus32: folds 
olioli264: folds 
Uncalled bet ($0.01) returned to VTN*81
VTN*81 collected $0.02 from pot
VTN*81: doesn't show hand 
*** SUMMARY ***
Total pot $0.02 | Rake $0 
Seat 1: MrBSJ folded before Flop (didn't bet)
Seat 2: Tavrus32 (button) folded before Flop (didn't bet)
Seat 3: olioli264 (small blind) folded before Flop
Seat 5: VTN*81 (big blind) collected ($0.02)
Seat 7: KingzClub folded before Flop (didn't bet)
Seat 8: Dorex2007 folded before Flop (didn't bet)
Seat 9: xaxa420 folded before Flop (didn't bet)



PokerStars Hand #232680464127:  Hold'em No Limit ($0.01/$0.02 USD) - 2021/12/30 21:20:07 PT [2021/12/31 0:20:07 ET]
Table 'Laodica II' 9-max Seat #3 is the button
Seat 1: MrBSJ ($2.08 in chips) 
Seat 2: Tavrus32 ($2 in chips) 
Seat 3: olioli264 ($2.86 in chips) 
Seat 5: VTN*81 ($1.04 in chips) 
Seat 6: RiqueBPoker ($0.64 in chips) 
Seat 7: KingzClub ($2.43 in chips) 
Seat 8: Dorex2007 ($2.12 in chips) 
Seat 9: xaxa420 ($1.18 in chips) 
VTN*81: posts small blind $0.01
RiqueBPoker: posts big blind $0.02
*** HOLE CARDS ***
Dealt to Dorex2007 [Td 2d]
KingzClub: calls $0.02
Dorex2007: folds 
xaxa420: calls $0.02
MrBSJ: raises $0.02 to $0.04
Tavrus32: folds 
olioli264: folds 
VTN*81: folds 
RiqueBPoker has timed out
RiqueBPoker: folds 
KingzClub: calls $0.02
xaxa420: calls $0.02
*** FLOP *** [Qc 8s 7s]
KingzClub: checks 
xaxa420: checks 
MrBSJ: bets $0.14
KingzClub: folds 
xaxa420: calls $0.14
*** TURN *** [Qc 8s 7s] [7h]
xaxa420: checks 
MrBSJ: checks 
*** RIVER *** [Qc 8s 7s 7h] [9c]
Chano54289 joins the table at seat #4 
xaxa420: checks 
MrBSJ: checks 
*** SHOW DOWN ***
xaxa420: shows [Ks 4s] (a pair of Sevens)
MrBSJ: shows [Qh Jc] (two pair, Queens and Sevens)
MrBSJ collected $0.41 from pot
*** SUMMARY ***
Total pot $0.43 | Rake $0.02 
Board [Qc 8s 7s 7h 9c]
Seat 1: MrBSJ showed [Qh Jc] and won ($0.41) with two pair, Queens and Sevens
Seat 2: Tavrus32 folded before Flop (didn't bet)
Seat 3: olioli264 (button) folded before Flop (didn't bet)
Seat 5: VTN*81 (small blind) folded before Flop
Seat 6: RiqueBPoker (big blind) folded before Flop
Seat 7: KingzClub folded on the Flop
Seat 8: Dorex2007 folded before Flop (didn't bet)
Seat 9: xaxa420 showed [Ks 4s] and lost with a pair of Sevens



PokerStars Hand #232680494039:  Hold'em No Limit ($0.01/$0.02 USD) - 2021/12/30 21:22:56 PT [2021/12/31 0:22:56 ET]
Table 'Laodica II' 9-max Seat #6 is the button
Seat 1: MrBSJ ($2.23 in chips) 
Seat 2: Tavrus32 ($2 in chips) 
Seat 3: olioli264 ($3.13 in chips) 
Seat 4: Chano54289 ($0.78 in chips) 
Seat 5: VTN*81 ($1.03 in chips) 
Seat 6: RiqueBPoker ($0.61 in chips) 
Seat 7: KingzClub ($2.21 in chips) 
Seat 8: Dorex2007 ($2.12 in chips) 
Seat 9: Mike_Junction56 ($2 in chips) 
KingzClub: posts small blind $0.01
Dorex2007: posts big blind $0.02
Mike_Junction56: posts big blind $0.02
*** HOLE CARDS ***
Dealt to Dorex2007 [6d Qd]
Mike_Junction56: checks 
MrBSJ: folds 
Tavrus32 is connected 
Tavrus32 has timed out
Tavrus32: folds 
olioli264: folds 
Chano54289: calls $0.02
VTN*81: folds 
RiqueBPoker has timed out
RiqueBPoker: folds 
KingzClub: calls $0.01
Dorex2007: checks 
*** FLOP *** [Qs Td As]
KingzClub: checks 
Dorex2007: checks 
Mike_Junction56: checks 
Chano54289: checks 
*** TURN *** [Qs Td As] [Jd]
KingzClub: checks 
Dorex2007: bets $0.04
Mike_Junction56: folds 
Chano54289: calls $0.04
KingzClub: folds 
*** RIVER *** [Qs Td As Jd] [7s]
Dorex2007: bets $0.08
Chano54289: calls $0.08
*** SHOW DOWN ***
Dorex2007: shows [6d Qd] (a pair of Queens)
Chano54289: shows [Jh Qc] (two pair, Queens and Jacks)
Chano54289 collected $0.31 from pot
*** SUMMARY ***
Total pot $0.32 | Rake $0.01 
Board [Qs Td As Jd 7s]
Seat 1: MrBSJ folded before Flop (didn't bet)
Seat 2: Tavrus32 folded before Flop (didn't bet)
Seat 3: olioli264 folded before Flop (didn't bet)
Seat 4: Chano54289 showed [Jh Qc] and won ($0.31) with two pair, Queens and Jacks
Seat 5: VTN*81 folded before Flop (didn't bet)
Seat 6: RiqueBPoker (button) folded before Flop (didn't bet)
Seat 7: KingzClub (small blind) folded on the Turn
Seat 8: Dorex2007 (big blind) showed [6d Qd] and lost with a pair of Queens
Seat 9: Mike_Junction56 folded on the Turn (didn't bet)



PokerStars Hand #232680507413:  Hold'em No Limit ($0.01/$0.02 USD) - 2021/12/30 21:24:12 PT [2021/12/31 0:24:12 ET]
Table 'Laodica II' 9-max Seat #7 is the button
Seat 1: MrBSJ ($2.23 in chips) 
Seat 2: Tavrus32 ($2 in chips) 
Seat 4: Chano54289 ($0.95 in chips) 
Seat 5: VTN*81 ($1.03 in chips) 
Seat 7: KingzClub ($2.19 in chips) 
Seat 8: Dorex2007 ($2 in chips) 
Seat 9: Mike_Junction56 ($1.98 in chips) 
Dorex2007: posts small blind $0.01
Mike_Junction56: posts big blind $0.02
*** HOLE CARDS ***
Dealt to Dorex2007 [9d 3h]
MrBSJ: calls $0.02
Tavrus32: calls $0.02
Chano54289: calls $0.02
VTN*81: folds 
KingzClub: calls $0.02
Dorex2007: folds 
Mike_Junction56: checks 
*** FLOP *** [As 6s Jc]
Mike_Junction56: checks 
MrBSJ: bets $0.11
Tavrus32: folds 
Chano54289: folds 
KingzClub: folds 
Mike_Junction56: folds 
Uncalled bet ($0.11) returned to MrBSJ
MrBSJ collected $0.11 from pot
*** SUMMARY ***
Total pot $0.11 | Rake $0 
Board [As 6s Jc]
Seat 1: MrBSJ collected ($0.11)
Seat 2: Tavrus32 folded on the Flop
Seat 4: Chano54289 folded on the Flop
Seat 5: VTN*81 folded before Flop (didn't bet)
Seat 7: KingzClub (button) folded on the Flop
Seat 8: Dorex2007 (small blind) folded before Flop
Seat 9: Mike_Junction56 (big blind) folded on the Flop



PokerStars Hand #232680513247:  Hold'em No Limit ($0.01/$0.02 USD) - 2021/12/30 21:24:45 PT [2021/12/31 0:24:45 ET]
Table 'Laodica II' 9-max Seat #8 is the button
Seat 1: MrBSJ ($2.32 in chips) 
Seat 2: Tavrus32 ($2 in chips) 
Seat 4: Chano54289 ($0.93 in chips) 
Seat 5: VTN*81 ($1.03 in chips) 
Seat 6: RiqueBPoker ($0.61 in chips) 
Seat 7: KingzClub ($2.17 in chips) 
Seat 8: Dorex2007 ($2 in chips) 
Seat 9: Mike_Junction56 ($1.96 in chips) 
Mike_Junction56: posts small blind $0.01
MrBSJ: posts big blind $0.02
*** HOLE CARDS ***
Dealt to Dorex2007 [Ah Jd]
Tavrus32: folds 
Chano54289: folds 
VTN*81: folds 
RiqueBPoker: calls $0.02
KingzClub: calls $0.02
Dorex2007: calls $0.02
Mike_Junction56: folds 
MrBSJ: checks 
*** FLOP *** [9d Th 2c]
Mike_Junction56 leaves the table
MrBSJ: checks 
RiqueBPoker: checks 
KingzClub: checks 
Dorex2007: bets $0.06
karl_yourself joins the table at seat #9 
MrBSJ: folds 
RiqueBPoker: folds 
KingzClub: calls $0.06
*** TURN *** [9d Th 2c] [2h]
KingzClub: checks 
Dorex2007: checks 
*** RIVER *** [9d Th 2c 2h] [8s]
KingzClub: checks 
Dorex2007: bets $0.13
KingzClub: calls $0.13
*** SHOW DOWN ***
Dorex2007: shows [Ah Jd] (a pair of Deuces)
KingzClub: shows [9s 3s] (two pair, Nines and Deuces)
KingzClub collected $0.45 from pot
*** SUMMARY ***
Total pot $0.47 | Rake $0.02 
Board [9d Th 2c 2h 8s]
Seat 1: MrBSJ (big blind) folded on the Flop
Seat 2: Tavrus32 folded before Flop (didn't bet)
Seat 4: Chano54289 folded before Flop (didn't bet)
Seat 5: VTN*81 folded before Flop (didn't bet)
Seat 6: RiqueBPoker folded on the Flop
Seat 7: KingzClub showed [9s 3s] and won ($0.45) with two pair, Nines and Deuces
Seat 8: Dorex2007 (button) showed [Ah Jd] and lost with a pair of Deuces
Seat 9: Mike_Junction56 (small blind) folded before Flop



PokerStars Hand #232680522461:  Hold'em No Limit ($0.01/$0.02 USD) - 2021/12/30 21:25:35 PT [2021/12/31 0:25:35 ET]
Table 'Laodica II' 9-max Seat #1 is the button
Seat 1: MrBSJ ($2.30 in chips) 
Seat 2: Tavrus32 ($2 in chips) 
Seat 4: Chano54289 ($0.93 in chips) 
Seat 5: VTN*81 ($1.03 in chips) 
Seat 6: RiqueBPoker ($0.59 in chips) 
Seat 7: KingzClub ($2.41 in chips) 
Seat 8: Dorex2007 ($2 in chips) 
Tavrus32: posts small blind $0.01
Chano54289: posts big blind $0.02
karl_yourself: sits out 
*** HOLE CARDS ***
Dealt to Dorex2007 [4d Kh]
VTN*81: raises $0.02 to $0.04
RiqueBPoker has timed out
RiqueBPoker: folds 
KingzClub: calls $0.04
Dorex2007: folds 
MrBSJ: calls $0.04
Tavrus32: folds 
Chano54289: folds 
*** FLOP *** [5s 6c Th]
VTN*81: checks 
KingzClub: checks 
MrBSJ: bets $0.06
VTN*81: folds 
KingzClub: calls $0.06
*** TURN *** [5s 6c Th] [8c]
KingzClub: checks 
MrBSJ: checks 
*** RIVER *** [5s 6c Th 8c] [9h]
KingzClub: bets $0.04
MrBSJ: calls $0.04
*** SHOW DOWN ***
KingzClub: shows [2h 4h] (high card Ten)
MrBSJ: shows [5c Ad] (a pair of Fives)
MrBSJ collected $0.34 from pot
*** SUMMARY ***
Total pot $0.35 | Rake $0.01 
Board [5s 6c Th 8c 9h]
Seat 1: MrBSJ (button) showed [5c Ad] and won ($0.34) with a pair of Fives
Seat 2: Tavrus32 (small blind) folded before Flop
Seat 4: Chano54289 (big blind) folded before Flop
Seat 5: VTN*81 folded on the Flop
Seat 6: RiqueBPoker folded before Flop (didn't bet)
Seat 7: KingzClub showed [2h 4h] and lost with high card Ten
Seat 8: Dorex2007 folded before Flop (didn't bet)



PokerStars Hand #232680541567:  Hold'em No Limit ($0.01/$0.02 USD) - 2021/12/30 21:26:50 PT [2021/12/31 0:26:50 ET]
Table 'Laodica II' 9-max Seat #2 is the button
Seat 1: MrBSJ ($2.50 in chips) 
Seat 2: Tavrus32 ($2 in chips) 
Seat 4: Chano54289 ($0.91 in chips) 
Seat 5: VTN*81 ($0.99 in chips) 
Seat 7: KingzClub ($2.27 in chips) 
Seat 8: Dorex2007 ($2 in chips) 
Seat 9: karl_yourself ($2 in chips) 
Chano54289: posts small blind $0.01
VTN*81: posts big blind $0.02
karl_yourself: posts big blind $0.02
*** HOLE CARDS ***
Dealt to Dorex2007 [8d 8h]
KingzClub: calls $0.02
Dorex2007: calls $0.02
karl_yourself: checks 
MrBSJ: folds 
Tavrus32 is disconnected 
Tavrus32 has timed out while being disconnected
Tavrus32: folds 
Chano54289: calls $0.01
VTN*81: checks 
*** FLOP *** [Qc 4s 5d]
Chano54289: checks 
VTN*81: checks 
KingzClub: bets $0.06
Dorex2007: folds 
karl_yourself: folds 
Chano54289: folds 
VTN*81: folds 
Uncalled bet ($0.06) returned to KingzClub
KingzClub collected $0.10 from pot
KingzClub: doesn't show hand 
*** SUMMARY ***
Total pot $0.10 | Rake $0 
Board [Qc 4s 5d]
Seat 1: MrBSJ folded before Flop (didn't bet)
Seat 2: Tavrus32 (button) folded before Flop (didn't bet)
Seat 4: Chano54289 (small blind) folded on the Flop
Seat 5: VTN*81 (big blind) folded on the Flop
Seat 7: KingzClub collected ($0.10)
Seat 8: Dorex2007 folded on the Flop
Seat 9: karl_yourself folded on the Flop (didn't bet)



PokerStars Hand #232680551101:  Hold'em No Limit ($0.01/$0.02 USD) - 2021/12/30 21:27:45 PT [2021/12/31 0:27:45 ET]
Table 'Laodica II' 9-max Seat #4 is the button
Seat 1: MrBSJ ($2.50 in chips) 
Seat 4: Chano54289 ($0.89 in chips) 
Seat 5: VTN*81 ($0.97 in chips) 
Seat 7: KingzClub ($2.35 in chips) 
Seat 8: Dorex2007 ($2 in chips) 
Seat 9: karl_yourself ($1.98 in chips) 
VTN*81: posts small blind $0.01
KingzClub: posts big blind $0.02
*** HOLE CARDS ***
Dealt to Dorex2007 [7c Qd]
Dorex2007: folds 
karl_yourself: calls $0.02
MrBSJ: folds 
Chano54289: folds 
VTN*81: calls $0.01
KingzClub: checks 
*** FLOP *** [4s Ks 2c]
VTN*81: checks 
KingzClub: checks 
karl_yourself: checks 
*** TURN *** [4s Ks 2c] [6c]
VTN*81: checks 
KingzClub: checks 
karl_yourself: checks 
*** RIVER *** [4s Ks 2c 6c] [5h]
VTN*81: checks 
KingzClub: checks 
karl_yourself: checks 
*** SHOW DOWN ***
VTN*81: shows [9d Jh] (high card King)
KingzClub: shows [7s Ac] (high card Ace)
karl_yourself: shows [As 6s] (a pair of Sixes)
karl_yourself collected $0.06 from pot
*** SUMMARY ***
Total pot $0.06 | Rake $0 
Board [4s Ks 2c 6c 5h]
Seat 1: MrBSJ folded before Flop (didn't bet)
Seat 4: Chano54289 (button) folded before Flop (didn't bet)
Seat 5: VTN*81 (small blind) showed [9d Jh] and lost with high card King
Seat 7: KingzClub (big blind) showed [7s Ac] and lost with high card Ace
Seat 8: Dorex2007 folded before Flop (didn't bet)
Seat 9: karl_yourself showed [As 6s] and won ($0.06) with a pair of Sixes



PokerStars Hand #232680558654:  Hold'em No Limit ($0.01/$0.02 USD) - 2021/12/30 21:28:29 PT [2021/12/31 0:28:29 ET]
Table 'Laodica II' 9-max Seat #5 is the button
Seat 1: MrBSJ ($2.50 in chips) 
Seat 4: Chano54289 ($0.89 in chips) 
Seat 5: VTN*81 ($0.95 in chips) 
Seat 7: KingzClub ($2.33 in chips) 
Seat 8: Dorex2007 ($2 in chips) 
Seat 9: karl_yourself ($2.02 in chips) 
KingzClub: posts small blind $0.01
Dorex2007: posts big blind $0.02
*** HOLE CARDS ***
Dealt to Dorex2007 [3c 4h]
karl_yourself: raises $0.02 to $0.04
MrBSJ: raises $0.02 to $0.06
Chano54289: calls $0.06
VTN*81: calls $0.06
KingzClub: calls $0.05
Dorex2007: folds 
karl_yourself: calls $0.02
*** FLOP *** [2c Qd 3h]
KingzClub: checks 
karl_yourself: checks 
MrBSJ: checks 
Chano54289: checks 
VTN*81: bets $0.31
KingzClub: folds 
karl_yourself: folds 
MrBSJ: folds 
Chano54289: folds 
Uncalled bet ($0.31) returned to VTN*81
VTN*81 collected $0.31 from pot
VTN*81: doesn't show hand 
*** SUMMARY ***
Total pot $0.32 | Rake $0.01 
Board [2c Qd 3h]
Seat 1: MrBSJ folded on the Flop
Seat 4: Chano54289 folded on the Flop
Seat 5: VTN*81 (button) collected ($0.31)
Seat 7: KingzClub (small blind) folded on the Flop
Seat 8: Dorex2007 (big blind) folded before Flop
Seat 9: karl_yourself folded on the Flop



PokerStars Hand #232680566131:  Hold'em No Limit ($0.01/$0.02 USD) - 2021/12/30 21:29:12 PT [2021/12/31 0:29:12 ET]
Table 'Laodica II' 9-max Seat #7 is the button
Seat 1: MrBSJ ($2.44 in chips) 
Seat 2: Tavrus32 ($2 in chips) 
Seat 4: Chano54289 ($0.83 in chips) 
Seat 5: VTN*81 ($1.20 in chips) 
Seat 7: KingzClub ($2.27 in chips) 
Seat 8: Dorex2007 ($2 in chips) 
Seat 9: karl_yourself ($1.96 in chips) 
Dorex2007: posts small blind $0.01
karl_yourself: posts big blind $0.02
*** HOLE CARDS ***
Dealt to Dorex2007 [7d 8c]
MrBSJ: folds 
Tavrus32: folds 
Chano54289: calls $0.02
MrBSJ leaves the table
VTN*81: calls $0.02
KingzClub: folds 
Dorex2007: folds 
karl_yourself: checks 
*** FLOP *** [9c 4d 7c]
karl_yourself: checks 
Chano54289: checks 
VTN*81: checks 
*** TURN *** [9c 4d 7c] [8s]
karl_yourself: checks 
Chano54289: checks 
VTN*81: checks 
*** RIVER *** [9c 4d 7c 8s] [Td]
karl_yourself: checks 
Chano54289: checks 
VTN*81: checks 
*** SHOW DOWN ***
karl_yourself: shows [2d 9h] (a pair of Nines)
Chano54289: mucks hand 
VTN*81: mucks hand 
karl_yourself collected $0.07 from pot
*** SUMMARY ***
Total pot $0.07 | Rake $0 
Board [9c 4d 7c 8s Td]
Seat 1: MrBSJ folded before Flop (didn't bet)
Seat 2: Tavrus32 folded before Flop (didn't bet)
Seat 4: Chano54289 mucked [7h Qh]
Seat 5: VTN*81 mucked [3c 3s]
Seat 7: KingzClub (button) folded before Flop (didn't bet)
Seat 8: Dorex2007 (small blind) folded before Flop
Seat 9: karl_yourself (big blind) showed [2d 9h] and won ($0.07) with a pair of Nines



PokerStars Hand #232680573962:  Hold'em No Limit ($0.01/$0.02 USD) - 2021/12/30 21:29:56 PT [2021/12/31 0:29:56 ET]
Table 'Laodica II' 9-max Seat #8 is the button
Seat 2: Tavrus32 ($2 in chips) 
Seat 4: Chano54289 ($0.81 in chips) 
Seat 5: VTN*81 ($1.18 in chips) 
Seat 7: KingzClub ($2.27 in chips) 
Seat 8: Dorex2007 ($2 in chips) 
Seat 9: karl_yourself ($2.01 in chips) 
karl_yourself: posts small blind $0.01
Tavrus32: posts big blind $0.02
*** HOLE CARDS ***
Dealt to Dorex2007 [Kh Tc]
Chano54289: folds 
VTN*81: raises $0.04 to $0.06
KingzClub: calls $0.06
Dorex2007: folds 
karl_yourself: calls $0.05
Tavrus32: folds 
*** FLOP *** [4d 4c 3c]
karl_yourself: checks 
VTN*81: bets $0.10
KingzClub: calls $0.10
karl_yourself: folds 
*** TURN *** [4d 4c 3c] [8h]
VTN*81: checks 
KingzClub: checks 
*** RIVER *** [4d 4c 3c 8h] [2s]
VTN*81: checks 
KingzClub: bets $0.18
VTN*81: calls $0.18
*** SHOW DOWN ***
KingzClub: shows [Ac 2c] (two pair, Fours and Deuces)
VTN*81: mucks hand 
KingzClub collected $0.73 from pot
*** SUMMARY ***
Total pot $0.76 | Rake $0.03 
Board [4d 4c 3c 8h 2s]
Seat 2: Tavrus32 (big blind) folded before Flop
Seat 4: Chano54289 folded before Flop (didn't bet)
Seat 5: VTN*81 mucked [Jh Ah]
Seat 7: KingzClub showed [Ac 2c] and won ($0.73) with two pair, Fours and Deuces
Seat 8: Dorex2007 (button) folded before Flop (didn't bet)
Seat 9: karl_yourself (small blind) folded on the Flop



PokerStars Hand #232680586234:  Hold'em No Limit ($0.01/$0.02 USD) - 2021/12/30 21:31:00 PT [2021/12/31 0:31:00 ET]
Table 'Laodica II' 9-max Seat #9 is the button
Seat 2: Tavrus32 ($2 in chips) 
Seat 4: Chano54289 ($0.81 in chips) 
Seat 5: VTN*81 ($0.84 in chips) 
Seat 7: KingzClub ($2.66 in chips) 
Seat 8: Dorex2007 ($2 in chips) 
Seat 9: karl_yourself ($1.95 in chips) 
Tavrus32: posts small blind $0.01
Chano54289: posts big blind $0.02
*** HOLE CARDS ***
Dealt to Dorex2007 [Tc 9h]
VTN*81: raises $0.04 to $0.06
KingzClub: calls $0.06
Dorex2007: folds 
karl_yourself: folds 
Tavrus32: folds 
Chano54289: calls $0.04
*** FLOP *** [Ah 5c 5s]
Chano54289: checks 
VTN*81: checks 
KingzClub: checks 
*** TURN *** [Ah 5c 5s] [9d]
Chano54289: checks 
VTN*81: bets $0.09
KingzClub: folds 
Chano54289: folds 
Uncalled bet ($0.09) returned to VTN*81
VTN*81 collected $0.18 from pot
VTN*81: doesn't show hand 
*** SUMMARY ***
Total pot $0.19 | Rake $0.01 
Board [Ah 5c 5s 9d]
Seat 2: Tavrus32 (small blind) folded before Flop
Seat 4: Chano54289 (big blind) folded on the Turn
Seat 5: VTN*81 collected ($0.18)
Seat 7: KingzClub folded on the Turn
Seat 8: Dorex2007 folded before Flop (didn't bet)
Seat 9: karl_yourself (button) folded before Flop (didn't bet)



PokerStars Hand #232680592772:  Hold'em No Limit ($0.01/$0.02 USD) - 2021/12/30 21:31:38 PT [2021/12/31 0:31:38 ET]
Table 'Laodica II' 9-max Seat #2 is the button
Seat 2: Tavrus32 ($2 in chips) 
Seat 4: Chano54289 ($0.75 in chips) 
Seat 5: VTN*81 ($0.96 in chips) 
Seat 7: KingzClub ($2.60 in chips) 
Seat 8: Dorex2007 ($2 in chips) 
Seat 9: karl_yourself ($1.95 in chips) 
Chano54289: posts small blind $0.01
VTN*81: posts big blind $0.02
*** HOLE CARDS ***
Dealt to Dorex2007 [Kh 6s]
KingzClub: folds 
Dorex2007: folds 
karl_yourself: folds 
Tavrus32: folds 
A.DOD4 joins the table at seat #1 
Chano54289: calls $0.01
VTN*81: checks 
*** FLOP *** [Jc 7h 2s]
Chano54289: checks 
VTN*81: bets $0.02
Chano54289: calls $0.02
*** TURN *** [Jc 7h 2s] [3c]
Chano54289: checks 
VTN*81: bets $0.08
Chano54289: calls $0.08
*** RIVER *** [Jc 7h 2s 3c] [3h]
Chano54289: checks 
VTN*81: bets $0.14
Chano54289: folds 
Uncalled bet ($0.14) returned to VTN*81
VTN*81 collected $0.23 from pot
VTN*81: doesn't show hand 
*** SUMMARY ***
Total pot $0.24 | Rake $0.01 
Board [Jc 7h 2s 3c 3h]
Seat 2: Tavrus32 (button) folded before Flop (didn't bet)
Seat 4: Chano54289 (small blind) folded on the River
Seat 5: VTN*81 (big blind) collected ($0.23)
Seat 7: KingzClub folded before Flop (didn't bet)
Seat 8: Dorex2007 folded before Flop (didn't bet)
Seat 9: karl_yourself folded before Flop (didn't bet)



PokerStars Hand #232680602102:  Hold'em No Limit ($0.01/$0.02 USD) - 2021/12/30 21:32:32 PT [2021/12/31 0:32:32 ET]
Table 'Laodica II' 9-max Seat #4 is the button
Seat 1: A.DOD4 ($2 in chips) 
Seat 2: Tavrus32 ($2 in chips) 
Seat 4: Chano54289 ($0.63 in chips) 
Seat 5: VTN*81 ($1.07 in chips) 
Seat 6: RiqueBPoker ($0.59 in chips) 
Seat 7: KingzClub ($2.60 in chips) 
Seat 8: Dorex2007 ($2 in chips) 
Seat 9: karl_yourself ($1.95 in chips) 
VTN*81: posts small blind $0.01
RiqueBPoker: posts big blind $0.02
A.DOD4: posts big blind $0.02
olioli264: sits out 
*** HOLE CARDS ***
Dealt to Dorex2007 [3h 7d]
KingzClub: calls $0.02
Dorex2007: folds 
karl_yourself: calls $0.02
A.DOD4: checks 
Tavrus32: folds 
Chano54289: calls $0.02
VTN*81: folds 
olioli264 leaves the table
RiqueBPoker has timed out
RiqueBPoker: checks 
*** FLOP *** [Ks 6c 9s]
RiqueBPoker: checks 
KingzClub: checks 
karl_yourself: checks 
A.DOD4: checks 
Chano54289: checks 
*** TURN *** [Ks 6c 9s] [8h]
RiqueBPoker: checks 
KingzClub: checks 
karl_yourself: checks 
A.DOD4: checks 
Chano54289: checks 
*** RIVER *** [Ks 6c 9s 8h] [5s]
RiqueBPoker: checks 
crossfade1 joins the table at seat #3 
KingzClub: checks 
karl_yourself: checks 
A.DOD4: checks 
Chano54289: bets $0.14
RiqueBPoker: calls $0.14
KingzClub: folds 
karl_yourself: calls $0.14
A.DOD4: folds 
*** SHOW DOWN ***
Chano54289: shows [Ac Kh] (a pair of Kings)
RiqueBPoker: mucks hand 
karl_yourself: shows [7c 7h] (a straight, Five to Nine)
karl_yourself collected $0.51 from pot
*** SUMMARY ***
Total pot $0.53 | Rake $0.02 
Board [Ks 6c 9s 8h 5s]
Seat 1: A.DOD4 folded on the River (didn't bet)
Seat 2: Tavrus32 folded before Flop (didn't bet)
Seat 4: Chano54289 (button) showed [Ac Kh] and lost with a pair of Kings
Seat 5: VTN*81 (small blind) folded before Flop
Seat 6: RiqueBPoker (big blind) mucked [Qs 8d]
Seat 7: KingzClub folded on the River
Seat 8: Dorex2007 folded before Flop (didn't bet)
Seat 9: karl_yourself showed [7c 7h] and won ($0.51) with a straight, Five to Nine



PokerStars Hand #232680623223:  Hold'em No Limit ($0.01/$0.02 USD) - 2021/12/30 21:34:33 PT [2021/12/31 0:34:33 ET]
Table 'Laodica II' 9-max Seat #5 is the button
Seat 1: A.DOD4 ($2 in chips) 
Seat 2: Tavrus32 ($2 in chips) 
Seat 4: Chano54289 ($0.47 in chips) 
Seat 5: VTN*81 ($1.06 in chips) 
Seat 6: RiqueBPoker ($0.43 in chips) 
Seat 7: KingzClub ($2.58 in chips) 
Seat 8: Dorex2007 ($2 in chips) 
Seat 9: karl_yourself ($2.30 in chips) 
RiqueBPoker: posts small blind $0.01
KingzClub: posts big blind $0.02
crossfade1: sits out 
*** HOLE CARDS ***
Dealt to Dorex2007 [Qs Ah]
Dorex2007: raises $0.02 to $0.04
karl_yourself: folds 
A.DOD4: folds 
Tavrus32: folds 
Chano54289: raises $0.43 to $0.47 and is all-in
VTN*81: folds 
RiqueBPoker has timed out
RiqueBPoker: folds 
KingzClub: folds 
Dorex2007: folds 
Uncalled bet ($0.43) returned to Chano54289
Chano54289 collected $0.11 from pot
Chano54289: doesn't show hand 
*** SUMMARY ***
Total pot $0.11 | Rake $0 
Seat 1: A.DOD4 folded before Flop (didn't bet)
Seat 2: Tavrus32 folded before Flop (didn't bet)
Seat 4: Chano54289 collected ($0.11)
Seat 5: VTN*81 (button) folded before Flop (didn't bet)
Seat 6: RiqueBPoker (small blind) folded before Flop
Seat 7: KingzClub (big blind) folded before Flop
Seat 8: Dorex2007 folded before Flop
Seat 9: karl_yourself folded before Flop (didn't bet)



PokerStars Hand #232680631463:  Hold'em No Limit ($0.01/$0.02 USD) - 2021/12/30 21:35:20 PT [2021/12/31 0:35:20 ET]
Table 'Laodica II' 9-max Seat #7 is the button
Seat 1: A.DOD4 ($2 in chips) 
Seat 2: Tavrus32 ($2 in chips) 
Seat 4: Chano54289 ($0.54 in chips) 
Seat 5: VTN*81 ($1.06 in chips) 
Seat 7: KingzClub ($2.56 in chips) 
Seat 8: Dorex2007 ($2 in chips) 
Seat 9: karl_yourself ($2.30 in chips) 
Dorex2007: posts small blind $0.01
karl_yourself: posts big blind $0.02
crossfade1: sits out 
*** HOLE CARDS ***
Dealt to Dorex2007 [5s 6h]
A.DOD4: folds 
Tavrus32: folds 
Chano54289: calls $0.02
VTN*81: folds 
KingzClub: raises $0.04 to $0.06
Dorex2007: folds 
karl_yourself: calls $0.04
Chano54289: folds 
*** FLOP *** [6c Kc 7s]
karl_yourself: checks 
KingzClub: checks 
*** TURN *** [6c Kc 7s] [Jc]
karl_yourself: checks 
KingzClub: checks 
*** RIVER *** [6c Kc 7s Jc] [2h]
karl_yourself: checks 
KingzClub: checks 
*** SHOW DOWN ***
karl_yourself: shows [Qs 8h] (high card King)
KingzClub: shows [Ah 3s] (high card Ace)
KingzClub collected $0.14 from pot
*** SUMMARY ***
Total pot $0.15 | Rake $0.01 
Board [6c Kc 7s Jc 2h]
Seat 1: A.DOD4 folded before Flop (didn't bet)
Seat 2: Tavrus32 folded before Flop (didn't bet)
Seat 4: Chano54289 folded before Flop
Seat 5: VTN*81 folded before Flop (didn't bet)
Seat 7: KingzClub (button) showed [Ah 3s] and won ($0.14) with high card Ace
Seat 8: Dorex2007 (small blind) folded before Flop
Seat 9: karl_yourself (big blind) showed [Qs 8h] and lost with high card King



PokerStars Hand #232680639595:  Hold'em No Limit ($0.01/$0.02 USD) - 2021/12/30 21:36:07 PT [2021/12/31 0:36:07 ET]
Table 'Laodica II' 9-max Seat #8 is the button
Seat 1: A.DOD4 ($2 in chips) 
Seat 2: Tavrus32 ($2 in chips) 
Seat 4: Chano54289 ($0.52 in chips) 
Seat 5: VTN*81 ($1.06 in chips) 
Seat 6: RiqueBPoker ($0.42 in chips) 
Seat 7: KingzClub ($2.64 in chips) 
Seat 8: Dorex2007 ($2 in chips) 
Seat 9: karl_yourself ($2.24 in chips) 
karl_yourself: posts small blind $0.01
A.DOD4: posts big blind $0.02
crossfade1: sits out 
*** HOLE CARDS ***
Dealt to Dorex2007 [Ts 4d]
Tavrus32: folds 
Chano54289: calls $0.02
VTN*81: calls $0.02
RiqueBPoker: folds 
KingzClub: calls $0.02
Dorex2007: folds 
karl_yourself: raises $0.10 to $0.12
A.DOD4: folds 
Chano54289: calls $0.10
VTN*81: folds 
KingzClub: calls $0.10
*** FLOP *** [3c Ks Kd]
karl_yourself: bets $0.16
Chano54289: folds 
KingzClub: folds 
Uncalled bet ($0.16) returned to karl_yourself
karl_yourself collected $0.39 from pot
karl_yourself: doesn't show hand 
*** SUMMARY ***
Total pot $0.40 | Rake $0.01 
Board [3c Ks Kd]
Seat 1: A.DOD4 (big blind) folded before Flop
Seat 2: Tavrus32 folded before Flop (didn't bet)
Seat 4: Chano54289 folded on the Flop
Seat 5: VTN*81 folded before Flop
Seat 6: RiqueBPoker folded before Flop (didn't bet)
Seat 7: KingzClub folded on the Flop
Seat 8: Dorex2007 (button) folded before Flop (didn't bet)
Seat 9: karl_yourself (small blind) collected ($0.39)



PokerStars Hand #232680657353:  Hold'em No Limit ($0.01/$0.02 USD) - 2021/12/30 21:36:54 PT [2021/12/31 0:36:54 ET]
Table 'Laodica II' 9-max Seat #9 is the button
Seat 1: A.DOD4 ($2 in chips) 
Seat 2: Tavrus32 ($2 in chips) 
Seat 4: Chano54289 ($0.40 in chips) 
Seat 5: VTN*81 ($1.04 in chips) 
Seat 6: RiqueBPoker ($0.42 in chips) 
Seat 7: KingzClub ($2.52 in chips) 
Seat 8: Dorex2007 ($2 in chips) 
Seat 9: karl_yourself ($2.51 in chips) 
A.DOD4: posts small blind $0.01
Tavrus32: posts big blind $0.02
crossfade1: sits out 
*** HOLE CARDS ***
Dealt to Dorex2007 [5c 9h]
Chano54289: folds 
VTN*81: folds 
RiqueBPoker: calls $0.02
KingzClub: calls $0.02
Dorex2007: folds 
karl_yourself: calls $0.02
A.DOD4: folds 
Tavrus32: checks 
*** FLOP *** [5d Kc Ah]
Tavrus32: checks 
RiqueBPoker: checks 
KingzClub: checks 
karl_yourself: bets $0.02
Tavrus32: folds 
RiqueBPoker: calls $0.02
KingzClub: calls $0.02
*** TURN *** [5d Kc Ah] [7c]
RiqueBPoker: checks 
KingzClub: checks 
karl_yourself: bets $0.10
RiqueBPoker: calls $0.10
KingzClub: folds 
*** RIVER *** [5d Kc Ah 7c] [Kd]
RiqueBPoker: checks 
karl_yourself: bets $0.12
RiqueBPoker: raises $0.16 to $0.28 and is all-in
karl_yourself: calls $0.16
*** SHOW DOWN ***
RiqueBPoker: shows [Kh Ac] (a full house, Kings full of Aces)
karl_yourself: shows [Ad Ts] (two pair, Aces and Kings)
RiqueBPoker collected $0.88 from pot
*** SUMMARY ***
Total pot $0.91 | Rake $0.03 
Board [5d Kc Ah 7c Kd]
Seat 1: A.DOD4 (small blind) folded before Flop
Seat 2: Tavrus32 (big blind) folded on the Flop
Seat 4: Chano54289 folded before Flop (didn't bet)
Seat 5: VTN*81 folded before Flop (didn't bet)
Seat 6: RiqueBPoker showed [Kh Ac] and won ($0.88) with a full house, Kings full of Aces
Seat 7: KingzClub folded on the Turn
Seat 8: Dorex2007 folded before Flop (didn't bet)
Seat 9: karl_yourself (button) showed [Ad Ts] and lost with two pair, Aces and Kings



PokerStars Hand #232680671721:  Hold'em No Limit ($0.01/$0.02 USD) - 2021/12/30 21:38:17 PT [2021/12/31 0:38:17 ET]
Table 'Laodica II' 9-max Seat #1 is the button
Seat 1: A.DOD4 ($2 in chips) 
Seat 2: Tavrus32 ($2 in chips) 
Seat 3: crossfade1 ($2 in chips) 
Seat 4: Chano54289 ($0.40 in chips) 
Seat 5: VTN*81 ($1.04 in chips) 
Seat 6: RiqueBPoker ($0.88 in chips) 
Seat 7: KingzClub ($2.48 in chips) 
Seat 8: Dorex2007 ($2 in chips) 
Seat 9: karl_yourself ($2.09 in chips) 
Tavrus32: posts small blind $0.01
crossfade1: posts big blind $0.02
*** HOLE CARDS ***
Dealt to Dorex2007 [9s 6d]
Chano54289: folds 
VTN*81: folds 
RiqueBPoker: folds 
KingzClub: folds 
Dorex2007: folds 
karl_yourself: calls $0.02
A.DOD4: folds 
Tavrus32: folds 
crossfade1: checks 
*** FLOP *** [Ts 8s Ac]
crossfade1: checks 
karl_yourself: checks 
*** TURN *** [Ts 8s Ac] [3d]
crossfade1: checks 
karl_yourself: checks 
*** RIVER *** [Ts 8s Ac 3d] [Kd]
crossfade1: bets $0.05
karl_yourself: folds 
Uncalled bet ($0.05) returned to crossfade1
crossfade1 collected $0.05 from pot
crossfade1: doesn't show hand 
*** SUMMARY ***
Total pot $0.05 | Rake $0 
Board [Ts 8s Ac 3d Kd]
Seat 1: A.DOD4 (button) folded before Flop (didn't bet)
Seat 2: Tavrus32 (small blind) folded before Flop
Seat 3: crossfade1 (big blind) collected ($0.05)
Seat 4: Chano54289 folded before Flop (didn't bet)
Seat 5: VTN*81 folded before Flop (didn't bet)
Seat 6: RiqueBPoker folded before Flop (didn't bet)
Seat 7: KingzClub folded before Flop (didn't bet)
Seat 8: Dorex2007 folded before Flop (didn't bet)
Seat 9: karl_yourself folded on the River



PokerStars Hand #232680679212:  Hold'em No Limit ($0.01/$0.02 USD) - 2021/12/30 21:39:01 PT [2021/12/31 0:39:01 ET]
Table 'Laodica II' 9-max Seat #2 is the button
Seat 1: A.DOD4 ($2 in chips) 
Seat 2: Tavrus32 ($2 in chips) 
Seat 3: crossfade1 ($2.03 in chips) 
Seat 4: Chano54289 ($0.40 in chips) 
Seat 5: VTN*81 ($1.04 in chips) 
Seat 6: RiqueBPoker ($0.88 in chips) 
Seat 7: KingzClub ($2.48 in chips) 
Seat 8: Dorex2007 ($2 in chips) 
Seat 9: karl_yourself ($2.07 in chips) 
crossfade1: posts small blind $0.01
Chano54289: posts big blind $0.02
*** HOLE CARDS ***
Dealt to Dorex2007 [2h 8s]
VTN*81: folds 
RiqueBPoker: folds 
KingzClub: raises $0.04 to $0.06
Dorex2007: folds 
karl_yourself: calls $0.06
A.DOD4 has timed out
A.DOD4: folds 
Tavrus32: folds 
crossfade1: folds 
Chano54289: folds 
*** FLOP *** [8h Jh 3h]
KingzClub: bets $0.10
karl_yourself: folds 
Uncalled bet ($0.10) returned to KingzClub
KingzClub collected $0.14 from pot
KingzClub: doesn't show hand 
*** SUMMARY ***
Total pot $0.15 | Rake $0.01 
Board [8h Jh 3h]
Seat 1: A.DOD4 folded before Flop (didn't bet)
Seat 2: Tavrus32 (button) folded before Flop (didn't bet)
Seat 3: crossfade1 (small blind) folded before Flop
Seat 4: Chano54289 (big blind) folded before Flop
Seat 5: VTN*81 folded before Flop (didn't bet)
Seat 6: RiqueBPoker folded before Flop (didn't bet)
Seat 7: KingzClub collected ($0.14)
Seat 8: Dorex2007 folded before Flop (didn't bet)
Seat 9: karl_yourself folded on the Flop



PokerStars Hand #232680690037:  Hold'em No Limit ($0.01/$0.02 USD) - 2021/12/30 21:39:50 PT [2021/12/31 0:39:50 ET]
Table 'Laodica II' 9-max Seat #3 is the button
Seat 1: A.DOD4 ($2 in chips) 
Seat 2: Tavrus32 ($2 in chips) 
Seat 3: crossfade1 ($2.02 in chips) 
Seat 4: Chano54289 ($0.38 in chips) 
Seat 5: VTN*81 ($1.04 in chips) 
Seat 6: RiqueBPoker ($0.88 in chips) 
Seat 7: KingzClub ($2.56 in chips) 
Seat 8: Dorex2007 ($2 in chips) 
Seat 9: karl_yourself ($2.01 in chips) 
Chano54289: posts small blind $0.01
VTN*81: posts big blind $0.02
*** HOLE CARDS ***
Dealt to Dorex2007 [6h 7c]
RiqueBPoker: folds 
KingzClub: calls $0.02
Dorex2007: folds 
karl_yourself: calls $0.02
A.DOD4 has timed out
A.DOD4: folds 
Tavrus32: folds 
crossfade1: folds 
Chano54289: calls $0.01
VTN*81: checks 
*** FLOP *** [5c 5h Kd]
Chano54289: bets $0.04
VTN*81: folds 
KingzClub: folds 
karl_yourself: folds 
Uncalled bet ($0.04) returned to Chano54289
Chano54289 collected $0.08 from pot
Chano54289: doesn't show hand 
*** SUMMARY ***
Total pot $0.08 | Rake $0 
Board [5c 5h Kd]
Seat 1: A.DOD4 folded before Flop (didn't bet)
Seat 2: Tavrus32 folded before Flop (didn't bet)
Seat 3: crossfade1 (button) folded before Flop (didn't bet)
Seat 4: Chano54289 (small blind) collected ($0.08)
Seat 5: VTN*81 (big blind) folded on the Flop
Seat 6: RiqueBPoker folded before Flop (didn't bet)
Seat 7: KingzClub folded on the Flop
Seat 8: Dorex2007 folded before Flop (didn't bet)
Seat 9: karl_yourself folded on the Flop



PokerStars Hand #232680699912:  Hold'em No Limit ($0.01/$0.02 USD) - 2021/12/30 21:40:48 PT [2021/12/31 0:40:48 ET]
Table 'Laodica II' 9-max Seat #4 is the button
Seat 2: Tavrus32 ($2 in chips) 
Seat 3: crossfade1 ($2.02 in chips) 
Seat 4: Chano54289 ($0.44 in chips) 
Seat 5: VTN*81 ($1.02 in chips) 
Seat 7: KingzClub ($2.54 in chips) 
Seat 8: Dorex2007 ($2 in chips) 
Seat 9: karl_yourself ($1.99 in chips) 
VTN*81: posts small blind $0.01
RiqueBPoker: is sitting out 
KingzClub: posts big blind $0.02
*** HOLE CARDS ***
Dealt to Dorex2007 [5d Jc]
Dorex2007: folds 
karl_yourself: calls $0.02
Tavrus32: folds 
RiqueBPoker leaves the table
crossfade1: folds 
Chano54289: calls $0.02
VTN*81: calls $0.01
madmunx joins the table at seat #6 
KingzClub: checks 
*** FLOP *** [Kd 9d 3s]
VTN*81: checks 
KingzClub: checks 
karl_yourself: checks 
Chano54289: checks 
*** TURN *** [Kd 9d 3s] [6h]
VTN*81: checks 
KingzClub: checks 
karl_yourself: checks 
Chano54289: checks 
*** RIVER *** [Kd 9d 3s 6h] [7c]
VTN*81: checks 
KingzClub: checks 
karl_yourself: checks 
Chano54289: checks 
*** SHOW DOWN ***
VTN*81: shows [Ad 7h] (a pair of Sevens)
KingzClub: mucks hand 
karl_yourself: shows [Qd 9s] (a pair of Nines)
Chano54289: mucks hand 
karl_yourself collected $0.08 from pot
*** SUMMARY ***
Total pot $0.08 | Rake $0 
Board [Kd 9d 3s 6h 7c]
Seat 2: Tavrus32 folded before Flop (didn't bet)
Seat 3: crossfade1 folded before Flop (didn't bet)
Seat 4: Chano54289 (button) mucked [8d 8c]
Seat 5: VTN*81 (small blind) showed [Ad 7h] and lost with a pair of Sevens
Seat 7: KingzClub (big blind) mucked [Js 3h]
Seat 8: Dorex2007 folded before Flop (didn't bet)
Seat 9: karl_yourself showed [Qd 9s] and won ($0.08) with a pair of Nines



PokerStars Hand #232680710210:  Hold'em No Limit ($0.01/$0.02 USD) - 2021/12/30 21:41:48 PT [2021/12/31 0:41:48 ET]
Table 'Laodica II' 9-max Seat #5 is the button
Seat 1: A.DOD4 ($2 in chips) 
Seat 2: Tavrus32 ($2 in chips) 
Seat 3: crossfade1 ($2.02 in chips) 
Seat 4: Chano54289 ($0.42 in chips) 
Seat 5: VTN*81 ($1 in chips) 
Seat 7: KingzClub ($2.52 in chips) 
Seat 8: Dorex2007 ($2 in chips) 
Seat 9: karl_yourself ($2.05 in chips) 
KingzClub: posts small blind $0.01
Dorex2007: posts big blind $0.02
*** HOLE CARDS ***
Dealt to Dorex2007 [8d 9h]
karl_yourself: folds 
A.DOD4 has timed out
A.DOD4: folds 
Tavrus32: folds 
crossfade1: folds 
Chano54289: calls $0.02
VTN*81: folds 
KingzClub: calls $0.01
Dorex2007: checks 
*** FLOP *** [2d 5s 3s]
KingzClub: checks 
Dorex2007: checks 
Chano54289: checks 
*** TURN *** [2d 5s 3s] [3h]
KingzClub: checks 
Dorex2007: checks 
Chano54289: checks 
*** RIVER *** [2d 5s 3s 3h] [6s]
KingzClub: checks 
Dorex2007: bets $0.04
Chano54289: calls $0.04
KingzClub: folds 
*** SHOW DOWN ***
Dorex2007: shows [8d 9h] (a pair of Threes)
Chano54289: shows [8c Kh] (a pair of Threes - King kicker)
Chano54289 collected $0.14 from pot
*** SUMMARY ***
Total pot $0.14 | Rake $0 
Board [2d 5s 3s 3h 6s]
Seat 1: A.DOD4 folded before Flop (didn't bet)
Seat 2: Tavrus32 folded before Flop (didn't bet)
Seat 3: crossfade1 folded before Flop (didn't bet)
Seat 4: Chano54289 showed [8c Kh] and won ($0.14) with a pair of Threes
Seat 5: VTN*81 (button) folded before Flop (didn't bet)
Seat 7: KingzClub (small blind) folded on the River
Seat 8: Dorex2007 (big blind) showed [8d 9h] and lost with a pair of Threes
Seat 9: karl_yourself folded before Flop (didn't bet)



PokerStars Hand #232680719049:  Hold'em No Limit ($0.01/$0.02 USD) - 2021/12/30 21:42:41 PT [2021/12/31 0:42:41 ET]
Table 'Laodica II' 9-max Seat #7 is the button
Seat 1: A.DOD4 ($2 in chips) 
Seat 2: Tavrus32 ($2 in chips) 
Seat 3: crossfade1 ($2.02 in chips) 
Seat 4: Chano54289 ($0.50 in chips) 
Seat 5: VTN*81 ($1 in chips) 
Seat 6: madmunx ($2 in chips) 
Seat 7: KingzClub ($2.50 in chips) 
Seat 8: Dorex2007 ($2 in chips) 
Seat 9: karl_yourself ($2.05 in chips) 
Dorex2007: posts small blind $0.01
karl_yourself: posts big blind $0.02
madmunx: posts big blind $0.02
*** HOLE CARDS ***
Dealt to Dorex2007 [8s Kh]
A.DOD4: folds 
Tavrus32: folds 
crossfade1: folds 
Chano54289: calls $0.02
VTN*81: folds 
madmunx: checks 
KingzClub: calls $0.02
Dorex2007: folds 
karl_yourself: checks 
*** FLOP *** [2s 7s Qs]
karl_yourself: checks 
Chano54289: checks 
madmunx: checks 
KingzClub: bets $0.04
karl_yourself: raises $0.04 to $0.08
Chano54289: calls $0.08
madmunx: folds 
KingzClub: folds 
*** TURN *** [2s 7s Qs] [Tc]
karl_yourself: checks 
Chano54289: checks 
*** RIVER *** [2s 7s Qs Tc] [5h]
karl_yourself: bets $0.14
Chano54289: calls $0.14
*** SHOW DOWN ***
karl_yourself: shows [Qc Js] (a pair of Queens)
Chano54289: shows [Qd Ad] (a pair of Queens - Ace kicker)
Chano54289 collected $0.55 from pot
*** SUMMARY ***
Total pot $0.57 | Rake $0.02 
Board [2s 7s Qs Tc 5h]
Seat 1: A.DOD4 folded before Flop (didn't bet)
Seat 2: Tavrus32 folded before Flop (didn't bet)
Seat 3: crossfade1 folded before Flop (didn't bet)
Seat 4: Chano54289 showed [Qd Ad] and won ($0.55) with a pair of Queens
Seat 5: VTN*81 folded before Flop (didn't bet)
Seat 6: madmunx folded on the Flop (didn't bet)
Seat 7: KingzClub (button) folded on the Flop
Seat 8: Dorex2007 (small blind) folded before Flop
Seat 9: karl_yourself (big blind) showed [Qc Js] and lost with a pair of Queens



PokerStars Hand #232680728133:  Hold'em No Limit ($0.01/$0.02 USD) - 2021/12/30 21:43:36 PT [2021/12/31 0:43:36 ET]
Table 'Laodica II' 9-max Seat #8 is the button
Seat 1: A.DOD4 ($2 in chips) 
Seat 2: Tavrus32 ($2 in chips) 
Seat 3: crossfade1 ($2.02 in chips) 
Seat 4: Chano54289 ($0.81 in chips) 
Seat 5: VTN*81 ($1 in chips) 
Seat 6: madmunx ($1.98 in chips) 
Seat 7: KingzClub ($2.44 in chips) 
Seat 8: Dorex2007 ($2 in chips) 
Seat 9: karl_yourself ($1.81 in chips) 
karl_yourself: posts small blind $0.01
A.DOD4: posts big blind $0.02
*** HOLE CARDS ***
Dealt to Dorex2007 [Td 6s]
Tavrus32: folds 
crossfade1: folds 
Chano54289: folds 
VTN*81: calls $0.02
madmunx: folds 
KingzClub: calls $0.02
Dorex2007: folds 
karl_yourself: calls $0.01
A.DOD4: checks 
*** FLOP *** [Tc Kc 2h]
karl_yourself: checks 
A.DOD4: checks 
VTN*81: checks 
KingzClub: checks 
*** TURN *** [Tc Kc 2h] [Ah]
karl_yourself: checks 
A.DOD4: checks 
VTN*81: bets $0.08
KingzClub: calls $0.08
karl_yourself: folds 
A.DOD4: folds 
*** RIVER *** [Tc Kc 2h Ah] [8h]
VTN*81: bets $0.23
KingzClub: folds 
Uncalled bet ($0.23) returned to VTN*81
VTN*81 collected $0.23 from pot
VTN*81: doesn't show hand 
*** SUMMARY ***
Total pot $0.24 | Rake $0.01 
Board [Tc Kc 2h Ah 8h]
Seat 1: A.DOD4 (big blind) folded on the Turn
Seat 2: Tavrus32 folded before Flop (didn't bet)
Seat 3: crossfade1 folded before Flop (didn't bet)
Seat 4: Chano54289 folded before Flop (didn't bet)
Seat 5: VTN*81 collected ($0.23)
Seat 6: madmunx folded before Flop (didn't bet)
Seat 7: KingzClub folded on the River
Seat 8: Dorex2007 (button) folded before Flop (didn't bet)
Seat 9: karl_yourself (small blind) folded on the Turn



PokerStars Hand #232680736672:  Hold'em No Limit ($0.01/$0.02 USD) - 2021/12/30 21:44:23 PT [2021/12/31 0:44:23 ET]
Table 'Laodica II' 9-max Seat #9 is the button
Seat 1: A.DOD4 ($2 in chips) 
Seat 2: Tavrus32 ($2 in chips) 
Seat 3: crossfade1 ($2.02 in chips) 
Seat 4: Chano54289 ($0.81 in chips) 
Seat 5: VTN*81 ($1.13 in chips) 
Seat 6: madmunx ($1.98 in chips) 
Seat 7: KingzClub ($2.34 in chips) 
Seat 8: Dorex2007 ($2 in chips) 
Seat 9: karl_yourself ($1.79 in chips) 
A.DOD4: posts small blind $0.01
Tavrus32: posts big blind $0.02
*** HOLE CARDS ***
Dealt to Dorex2007 [Ts 6c]
crossfade1: folds 
Chano54289: calls $0.02
VTN*81: raises $0.04 to $0.06
madmunx: folds 
KingzClub: calls $0.06
Dorex2007: folds 
karl_yourself: folds 
A.DOD4: folds 
Tavrus32: folds 
Chano54289: folds 
*** FLOP *** [Qs 9h Qh]
VTN*81: checks 
KingzClub: checks 
*** TURN *** [Qs 9h Qh] [4s]
VTN*81: bets $0.08
KingzClub: calls $0.08
*** RIVER *** [Qs 9h Qh 4s] [Qd]
VTN*81: bets $0.16
KingzClub: calls $0.16
*** SHOW DOWN ***
VTN*81: shows [Js As] (three of a kind, Queens)
KingzClub: shows [9s Ac] (a full house, Queens full of Nines)
KingzClub collected $0.63 from pot
*** SUMMARY ***
Total pot $0.65 | Rake $0.02 
Board [Qs 9h Qh 4s Qd]
Seat 1: A.DOD4 (small blind) folded before Flop
Seat 2: Tavrus32 (big blind) folded before Flop
Seat 3: crossfade1 folded before Flop (didn't bet)
Seat 4: Chano54289 folded before Flop
Seat 5: VTN*81 showed [Js As] and lost with three of a kind, Queens
Seat 6: madmunx folded before Flop (didn't bet)
Seat 7: KingzClub showed [9s Ac] and won ($0.63) with a full house, Queens full of Nines
Seat 8: Dorex2007 folded before Flop (didn't bet)
Seat 9: karl_yourself (button) folded before Flop (didn't bet)



PokerStars Hand #232680743775:  Hold'em No Limit ($0.01/$0.02 USD) - 2021/12/30 21:45:05 PT [2021/12/31 0:45:05 ET]
Table 'Laodica II' 9-max Seat #1 is the button
Seat 1: A.DOD4 ($2 in chips) 
Seat 2: Tavrus32 ($2 in chips) 
Seat 3: crossfade1 ($2.02 in chips) 
Seat 4: Chano54289 ($0.79 in chips) 
Seat 5: VTN*81 ($0.83 in chips) 
Seat 6: madmunx ($1.98 in chips) 
Seat 7: KingzClub ($2.67 in chips) 
Seat 8: Dorex2007 ($2 in chips) 
Seat 9: karl_yourself ($1.79 in chips) 
Tavrus32: posts small blind $0.01
crossfade1: posts big blind $0.02
*** HOLE CARDS ***
Dealt to Dorex2007 [Ah 8h]
Chano54289: folds 
VTN*81: folds 
madmunx: folds 
KingzClub: folds 
Dorex2007: raises $0.04 to $0.06
karl_yourself: folds 
A.DOD4: folds 
Tavrus32: folds 
crossfade1: folds 
Uncalled bet ($0.04) returned to Dorex2007
Dorex2007 collected $0.05 from pot
Dorex2007: doesn't show hand 
*** SUMMARY ***
Total pot $0.05 | Rake $0 
Seat 1: A.DOD4 (button) folded before Flop (didn't bet)
Seat 2: Tavrus32 (small blind) folded before Flop
Seat 3: crossfade1 (big blind) folded before Flop
Seat 4: Chano54289 folded before Flop (didn't bet)
Seat 5: VTN*81 folded before Flop (didn't bet)
Seat 6: madmunx folded before Flop (didn't bet)
Seat 7: KingzClub folded before Flop (didn't bet)
Seat 8: Dorex2007 collected ($0.05)
Seat 9: karl_yourself folded before Flop (didn't bet)



PokerStars Hand #232680751054:  Hold'em No Limit ($0.01/$0.02 USD) - 2021/12/30 21:45:29 PT [2021/12/31 0:45:29 ET]
Table 'Laodica II' 9-max Seat #2 is the button
Seat 1: A.DOD4 ($2 in chips) 
Seat 2: Tavrus32 ($2 in chips) 
Seat 3: crossfade1 ($2 in chips) 
Seat 4: Chano54289 ($0.79 in chips) 
Seat 5: VTN*81 ($0.83 in chips) 
Seat 6: madmunx ($1.98 in chips) 
Seat 7: KingzClub ($2.67 in chips) 
Seat 8: Dorex2007 ($2.03 in chips) 
Seat 9: karl_yourself ($1.79 in chips) 
crossfade1: posts small blind $0.01
Chano54289: posts big blind $0.02
*** HOLE CARDS ***
Dealt to Dorex2007 [3h 4c]
VTN*81: calls $0.02
madmunx: folds 
KingzClub: calls $0.02
Dorex2007: folds 
karl_yourself: folds 
A.DOD4: folds 
Tavrus32: calls $0.02
crossfade1: calls $0.01
Chano54289: checks 
*** FLOP *** [Jd 6d Jh]
crossfade1: checks 
Chano54289: bets $0.04
VTN*81: folds 
KingzClub: folds 
Tavrus32: folds 
crossfade1: folds 
Uncalled bet ($0.04) returned to Chano54289
Chano54289 collected $0.10 from pot
Chano54289: doesn't show hand 
*** SUMMARY ***
Total pot $0.10 | Rake $0 
Board [Jd 6d Jh]
Seat 1: A.DOD4 folded before Flop (didn't bet)
Seat 2: Tavrus32 (button) folded on the Flop
Seat 3: crossfade1 (small blind) folded on the Flop
Seat 4: Chano54289 (big blind) collected ($0.10)
Seat 5: VTN*81 folded on the Flop
Seat 6: madmunx folded before Flop (didn't bet)
Seat 7: KingzClub folded on the Flop
Seat 8: Dorex2007 folded before Flop (didn't bet)
Seat 9: karl_yourself folded before Flop (didn't bet)



PokerStars Hand #232680757400:  Hold'em No Limit ($0.01/$0.02 USD) - 2021/12/30 21:46:07 PT [2021/12/31 0:46:07 ET]
Table 'Laodica II' 9-max Seat #3 is the button
Seat 1: A.DOD4 ($2 in chips) 
Seat 2: Tavrus32 ($2 in chips) 
Seat 3: crossfade1 ($1.98 in chips) 
Seat 4: Chano54289 ($0.87 in chips) 
Seat 5: VTN*81 ($0.81 in chips) 
Seat 6: madmunx ($1.98 in chips) 
Seat 7: KingzClub ($2.65 in chips) 
Seat 8: Dorex2007 ($2.03 in chips) 
Seat 9: karl_yourself ($1.79 in chips) 
Chano54289: posts small blind $0.01
VTN*81: posts big blind $0.02
*** HOLE CARDS ***
Dealt to Dorex2007 [3d 7d]
madmunx: folds 
KingzClub: calls $0.02
Dorex2007: folds 
karl_yourself: folds 
A.DOD4: folds 
Tavrus32: raises $0.06 to $0.08
crossfade1: folds 
Chano54289: calls $0.07
VTN*81: folds 
KingzClub: calls $0.06
*** FLOP *** [Qd 9c 6c]
Chano54289: checks 
KingzClub: checks 
Tavrus32: checks 
*** TURN *** [Qd 9c 6c] [7c]
Chano54289: checks 
KingzClub: checks 
Tavrus32: checks 
*** RIVER *** [Qd 9c 6c 7c] [8d]
Chano54289: checks 
KingzClub: bets $0.25
Tavrus32: folds 
Chano54289: folds 
Uncalled bet ($0.25) returned to KingzClub
KingzClub collected $0.25 from pot
KingzClub: doesn't show hand 
*** SUMMARY ***
Total pot $0.26 | Rake $0.01 
Board [Qd 9c 6c 7c 8d]
Seat 1: A.DOD4 folded before Flop (didn't bet)
Seat 2: Tavrus32 folded on the River
Seat 3: crossfade1 (button) folded before Flop (didn't bet)
Seat 4: Chano54289 (small blind) folded on the River
Seat 5: VTN*81 (big blind) folded before Flop
Seat 6: madmunx folded before Flop (didn't bet)
Seat 7: KingzClub collected ($0.25)
Seat 8: Dorex2007 folded before Flop (didn't bet)
Seat 9: karl_yourself folded before Flop (didn't bet)



PokerStars Hand #232680768105:  Hold'em No Limit ($0.01/$0.02 USD) - 2021/12/30 21:47:13 PT [2021/12/31 0:47:13 ET]
Table 'Laodica II' 9-max Seat #4 is the button
Seat 1: A.DOD4 ($2 in chips) 
Seat 2: Tavrus32 ($2 in chips) 
Seat 3: crossfade1 ($1.98 in chips) 
Seat 4: Chano54289 ($0.79 in chips) 
Seat 5: VTN*81 ($0.79 in chips) 
Seat 6: madmunx ($1.98 in chips) 
Seat 7: KingzClub ($2.82 in chips) 
Seat 8: Dorex2007 ($2.03 in chips) 
Seat 9: karl_yourself ($1.79 in chips) 
VTN*81: posts small blind $0.01
madmunx: posts big blind $0.02
*** HOLE CARDS ***
Dealt to Dorex2007 [6h 9c]
KingzClub: calls $0.02
Dorex2007: folds 
karl_yourself: calls $0.02
A.DOD4: folds 
Tavrus32: folds 
crossfade1: folds 
Chano54289: folds 
VTN*81: calls $0.01
madmunx: checks 
*** FLOP *** [7d 9h 3s]
VTN*81: checks 
madmunx: checks 
KingzClub: checks 
karl_yourself: checks 
*** TURN *** [7d 9h 3s] [7c]
VTN*81: bets $0.04
madmunx: calls $0.04
KingzClub: calls $0.04
karl_yourself: folds 
*** RIVER *** [7d 9h 3s 7c] [As]
VTN*81: bets $0.19
madmunx: calls $0.19
KingzClub: folds 
*** SHOW DOWN ***
VTN*81: shows [7h Ts] (three of a kind, Sevens)
madmunx: mucks hand 
VTN*81 collected $0.56 from pot
*** SUMMARY ***
Total pot $0.58 | Rake $0.02 
Board [7d 9h 3s 7c As]
Seat 1: A.DOD4 folded before Flop (didn't bet)
Seat 2: Tavrus32 folded before Flop (didn't bet)
Seat 3: crossfade1 folded before Flop (didn't bet)
Seat 4: Chano54289 (button) folded before Flop (didn't bet)
Seat 5: VTN*81 (small blind) showed [7h Ts] and won ($0.56) with three of a kind, Sevens
Seat 6: madmunx (big blind) mucked [9d 8s]
Seat 7: KingzClub folded on the River
Seat 8: Dorex2007 folded before Flop (didn't bet)
Seat 9: karl_yourself folded on the Turn



PokerStars Hand #232680777729:  Hold'em No Limit ($0.01/$0.02 USD) - 2021/12/30 21:48:10 PT [2021/12/31 0:48:10 ET]
Table 'Laodica II' 9-max Seat #5 is the button
Seat 1: A.DOD4 ($2 in chips) 
Seat 2: Tavrus32 ($2 in chips) 
Seat 3: crossfade1 ($1.98 in chips) 
Seat 4: Chano54289 ($0.79 in chips) 
Seat 5: VTN*81 ($1.10 in chips) 
Seat 6: madmunx ($1.73 in chips) 
Seat 7: KingzClub ($2.76 in chips) 
Seat 8: Dorex2007 ($2.03 in chips) 
Seat 9: karl_yourself ($1.77 in chips) 
madmunx: posts small blind $0.01
KingzClub: posts big blind $0.02
*** HOLE CARDS ***
Dealt to Dorex2007 [2h Qd]
Dorex2007: folds 
karl_yourself: calls $0.02
A.DOD4: folds 
Tavrus32: folds 
crossfade1: folds 
Chano54289: calls $0.02
VTN*81: calls $0.02
madmunx: folds 
KingzClub: raises $0.09 to $0.11
karl_yourself: calls $0.09
Chano54289: folds 
VTN*81: folds 
*** FLOP *** [Th Jd 5d]
KingzClub: checks 
karl_yourself: bets $0.13
KingzClub: raises $0.13 to $0.26
karl_yourself: calls $0.13
*** TURN *** [Th Jd 5d] [7c]
KingzClub: bets $0.76
karl_yourself: raises $0.64 to $1.40 and is all-in
KingzClub: calls $0.64
*** RIVER *** [Th Jd 5d 7c] [Ks]
*** SHOW DOWN ***
KingzClub: shows [Jc Jh] (three of a kind, Jacks)
karl_yourself: shows [Tc Ah] (a pair of Tens)
KingzClub collected $3.46 from pot
*** SUMMARY ***
Total pot $3.59 | Rake $0.13 
Board [Th Jd 5d 7c Ks]
Seat 1: A.DOD4 folded before Flop (didn't bet)
Seat 2: Tavrus32 folded before Flop (didn't bet)
Seat 3: crossfade1 folded before Flop (didn't bet)
Seat 4: Chano54289 folded before Flop
Seat 5: VTN*81 (button) folded before Flop
Seat 6: madmunx (small blind) folded before Flop
Seat 7: KingzClub (big blind) showed [Jc Jh] and won ($3.46) with three of a kind, Jacks
Seat 8: Dorex2007 folded before Flop (didn't bet)
Seat 9: karl_yourself showed [Tc Ah] and lost with a pair of Tens



PokerStars Hand #232680786654:  Hold'em No Limit ($0.01/$0.02 USD) - 2021/12/30 21:49:04 PT [2021/12/31 0:49:04 ET]
Table 'Laodica II' 9-max Seat #6 is the button
Seat 1: A.DOD4 ($2 in chips) 
Seat 2: Tavrus32 ($2 in chips) 
Seat 3: crossfade1 ($1.98 in chips) 
Seat 4: Chano54289 ($0.77 in chips) 
Seat 5: VTN*81 ($1.08 in chips) 
Seat 6: madmunx ($1.72 in chips) 
Seat 7: KingzClub ($4.45 in chips) 
Seat 8: Dorex2007 ($2.03 in chips) 
KingzClub: posts small blind $0.01
Dorex2007: posts big blind $0.02
*** HOLE CARDS ***
Dealt to Dorex2007 [9d Jc]
A.DOD4: folds 
Tavrus32: raises $0.04 to $0.06
crossfade1: calls $0.06
karl_yourself leaves the table
Chano54289: folds 
VTN*81: folds 
madmunx: folds 
KingzClub: calls $0.05
Dorex2007: folds 
*** FLOP *** [2c Th 3d]
PhatPanda420 joins the table at seat #9 
KingzClub: checks 
Tavrus32: bets $0.13
crossfade1: folds 
KingzClub: calls $0.13
*** TURN *** [2c Th 3d] [4c]
KingzClub: checks 
Tavrus32: checks 
*** RIVER *** [2c Th 3d 4c] [Qd]
KingzClub: bets $0.24
Tavrus32: folds 
Uncalled bet ($0.24) returned to KingzClub
KingzClub collected $0.44 from pot
KingzClub: doesn't show hand 
*** SUMMARY ***
Total pot $0.46 | Rake $0.02 
Board [2c Th 3d 4c Qd]
Seat 1: A.DOD4 folded before Flop (didn't bet)
Seat 2: Tavrus32 folded on the River
Seat 3: crossfade1 folded on the Flop
Seat 4: Chano54289 folded before Flop (didn't bet)
Seat 5: VTN*81 folded before Flop (didn't bet)
Seat 6: madmunx (button) folded before Flop (didn't bet)
Seat 7: KingzClub (small blind) collected ($0.44)
Seat 8: Dorex2007 (big blind) folded before Flop



PokerStars Hand #232680799213:  Hold'em No Limit ($0.01/$0.02 USD) - 2021/12/30 21:50:06 PT [2021/12/31 0:50:06 ET]
Table 'Laodica II' 9-max Seat #7 is the button
Seat 1: A.DOD4 ($2 in chips) 
Seat 2: Tavrus32 ($2 in chips) 
Seat 3: crossfade1 ($1.92 in chips) 
Seat 4: Chano54289 ($0.77 in chips) 
Seat 5: VTN*81 ($1.08 in chips) 
Seat 6: madmunx ($1.72 in chips) 
Seat 7: KingzClub ($4.70 in chips) 
Seat 8: Dorex2007 ($2.01 in chips) 
Seat 9: PhatPanda420 ($2 in chips) 
Dorex2007: posts small blind $0.01
PhatPanda420: posts big blind $0.02
*** HOLE CARDS ***
Dealt to Dorex2007 [6s 3s]
A.DOD4: folds 
Tavrus32: folds 
crossfade1: folds 
Chano54289: calls $0.02
VTN*81: calls $0.02
madmunx: folds 
KingzClub: calls $0.02
Dorex2007: folds 
PhatPanda420: checks 
*** FLOP *** [7c Ts 7d]
PhatPanda420: checks 
Chano54289: checks 
VTN*81: checks 
KingzClub: checks 
*** TURN *** [7c Ts 7d] [5d]
PhatPanda420: checks 
Chano54289: checks 
VTN*81: bets $0.06
KingzClub: folds 
PhatPanda420: folds 
Chano54289: folds 
Uncalled bet ($0.06) returned to VTN*81
VTN*81 collected $0.09 from pot
VTN*81: doesn't show hand 
*** SUMMARY ***
Total pot $0.09 | Rake $0 
Board [7c Ts 7d 5d]
Seat 1: A.DOD4 folded before Flop (didn't bet)
Seat 2: Tavrus32 folded before Flop (didn't bet)
Seat 3: crossfade1 folded before Flop (didn't bet)
Seat 4: Chano54289 folded on the Turn
Seat 5: VTN*81 collected ($0.09)
Seat 6: madmunx folded before Flop (didn't bet)
Seat 7: KingzClub (button) folded on the Turn
Seat 8: Dorex2007 (small blind) folded before Flop
Seat 9: PhatPanda420 (big blind) folded on the Turn



PokerStars Hand #232680809336:  Hold'em No Limit ($0.01/$0.02 USD) - 2021/12/30 21:51:07 PT [2021/12/31 0:51:07 ET]
Table 'Laodica II' 9-max Seat #8 is the button
Seat 1: A.DOD4 ($2 in chips) 
Seat 2: Tavrus32 ($2 in chips) 
Seat 3: crossfade1 ($1.92 in chips) 
Seat 4: Chano54289 ($0.75 in chips) 
Seat 5: VTN*81 ($1.15 in chips) 
Seat 6: madmunx ($1.72 in chips) 
Seat 7: KingzClub ($4.68 in chips) 
Seat 8: Dorex2007 ($2 in chips) 
Seat 9: PhatPanda420 ($2 in chips) 
PhatPanda420: posts small blind $0.01
A.DOD4: posts big blind $0.02
*** HOLE CARDS ***
Dealt to Dorex2007 [7d Js]
Tavrus32: folds 
crossfade1: raises $0.08 to $0.10
Chano54289: folds 
VTN*81: folds 
madmunx: folds 
KingzClub: folds 
Dorex2007: folds 
PhatPanda420: folds 
A.DOD4: folds 
Uncalled bet ($0.08) returned to crossfade1
crossfade1 collected $0.05 from pot
crossfade1: doesn't show hand 
*** SUMMARY ***
Total pot $0.05 | Rake $0 
Seat 1: A.DOD4 (big blind) folded before Flop
Seat 2: Tavrus32 folded before Flop (didn't bet)
Seat 3: crossfade1 collected ($0.05)
Seat 4: Chano54289 folded before Flop (didn't bet)
Seat 5: VTN*81 folded before Flop (didn't bet)
Seat 6: madmunx folded before Flop (didn't bet)
Seat 7: KingzClub folded before Flop (didn't bet)
Seat 8: Dorex2007 (button) folded before Flop (didn't bet)
Seat 9: PhatPanda420 (small blind) folded before Flop



PokerStars Hand #232680814605:  Hold'em No Limit ($0.01/$0.02 USD) - 2021/12/30 21:51:39 PT [2021/12/31 0:51:39 ET]
Table 'Laodica II' 9-max Seat #9 is the button
Seat 1: A.DOD4 ($2 in chips) 
Seat 2: Tavrus32 ($2 in chips) 
Seat 3: crossfade1 ($1.95 in chips) 
Seat 4: Chano54289 ($0.75 in chips) 
Seat 5: VTN*81 ($1.15 in chips) 
Seat 6: madmunx ($1.72 in chips) 
Seat 7: KingzClub ($4.68 in chips) 
Seat 8: Dorex2007 ($2 in chips) 
Seat 9: PhatPanda420 ($2 in chips) 
A.DOD4: posts small blind $0.01
Tavrus32: posts big blind $0.02
*** HOLE CARDS ***
Dealt to Dorex2007 [Kh 3c]
crossfade1: folds 
Chano54289: calls $0.02
VTN*81: folds 
madmunx: folds 
KingzClub: raises $0.04 to $0.06
Dorex2007: folds 
PhatPanda420: folds 
A.DOD4: folds 
Tavrus32: folds 
Chano54289: calls $0.04
*** FLOP *** [2c 9d 8h]
Chano54289: checks 
KingzClub: checks 
*** TURN *** [2c 9d 8h] [7h]
Chano54289: checks 
KingzClub: bets $0.04
Chano54289: calls $0.04
*** RIVER *** [2c 9d 8h 7h] [6c]
Chano54289: checks 
KingzClub: bets $0.12
Chano54289: calls $0.12
*** SHOW DOWN ***
KingzClub: shows [Qc Ah] (high card Ace)
Chano54289: shows [Jh 9s] (a pair of Nines)
Chano54289 collected $0.45 from pot
*** SUMMARY ***
Total pot $0.47 | Rake $0.02 
Board [2c 9d 8h 7h 6c]
Seat 1: A.DOD4 (small blind) folded before Flop
Seat 2: Tavrus32 (big blind) folded before Flop
Seat 3: crossfade1 folded before Flop (didn't bet)
Seat 4: Chano54289 showed [Jh 9s] and won ($0.45) with a pair of Nines
Seat 5: VTN*81 folded before Flop (didn't bet)
Seat 6: madmunx folded before Flop (didn't bet)
Seat 7: KingzClub showed [Qc Ah] and lost with high card Ace
Seat 8: Dorex2007 folded before Flop (didn't bet)
Seat 9: PhatPanda420 (button) folded before Flop (didn't bet)



PokerStars Hand #232680826356:  Hold'em No Limit ($0.01/$0.02 USD) - 2021/12/30 21:52:51 PT [2021/12/31 0:52:51 ET]
Table 'Laodica II' 9-max Seat #1 is the button
Seat 1: A.DOD4 ($2 in chips) 
Seat 2: Tavrus32 ($2 in chips) 
Seat 3: crossfade1 ($1.95 in chips) 
Seat 4: Chano54289 ($0.98 in chips) 
Seat 5: VTN*81 ($1.15 in chips) 
Seat 6: madmunx ($1.72 in chips) 
Seat 7: KingzClub ($4.46 in chips) 
Seat 8: Dorex2007 ($2 in chips) 
Seat 9: PhatPanda420 ($2 in chips) 
Tavrus32: posts small blind $0.01
crossfade1: posts big blind $0.02
*** HOLE CARDS ***
Dealt to Dorex2007 [8s Ac]
Chano54289: calls $0.02
VTN*81: folds 
madmunx: folds 
KingzClub: calls $0.02
Dorex2007: folds 
PhatPanda420: raises $0.03 to $0.05
A.DOD4: folds 
Tavrus32: folds 
crossfade1: folds 
Chano54289: calls $0.03
KingzClub: calls $0.03
*** FLOP *** [6d Jh 3d]
Chano54289: checks 
KingzClub: checks 
PhatPanda420: bets $0.14
Chano54289: folds 
KingzClub: folds 
Uncalled bet ($0.14) returned to PhatPanda420
PhatPanda420 collected $0.17 from pot
PhatPanda420: doesn't show hand 
*** SUMMARY ***
Total pot $0.18 | Rake $0.01 
Board [6d Jh 3d]
Seat 1: A.DOD4 (button) folded before Flop (didn't bet)
Seat 2: Tavrus32 (small blind) folded before Flop
Seat 3: crossfade1 (big blind) folded before Flop
Seat 4: Chano54289 folded on the Flop
Seat 5: VTN*81 folded before Flop (didn't bet)
Seat 6: madmunx folded before Flop (didn't bet)
Seat 7: KingzClub folded on the Flop
Seat 8: Dorex2007 folded before Flop (didn't bet)
Seat 9: PhatPanda420 collected ($0.17)



PokerStars Hand #232680835439:  Hold'em No Limit ($0.01/$0.02 USD) - 2021/12/30 21:53:47 PT [2021/12/31 0:53:47 ET]
Table 'Laodica II' 9-max Seat #2 is the button
Seat 1: A.DOD4 ($2 in chips) 
Seat 2: Tavrus32 ($2 in chips) 
Seat 3: crossfade1 ($1.93 in chips) 
Seat 4: Chano54289 ($0.93 in chips) 
Seat 5: VTN*81 ($1.15 in chips) 
Seat 6: madmunx ($1.72 in chips) 
Seat 7: KingzClub ($4.41 in chips) 
Seat 8: Dorex2007 ($2 in chips) 
Seat 9: PhatPanda420 ($2.12 in chips) 
crossfade1: posts small blind $0.01
Chano54289: posts big blind $0.02
*** HOLE CARDS ***
Dealt to Dorex2007 [9s 3c]
VTN*81: folds 
madmunx: folds 
KingzClub: folds 
Dorex2007: folds 
PhatPanda420: folds 
A.DOD4: folds 
Tavrus32: raises $0.04 to $0.06
crossfade1: calls $0.05
Chano54289: folds 
*** FLOP *** [9h 8h Jc]
crossfade1: checks 
Tavrus32: checks 
*** TURN *** [9h 8h Jc] [Td]
crossfade1: bets $0.06
Tavrus32: folds 
Uncalled bet ($0.06) returned to crossfade1
crossfade1 collected $0.14 from pot
crossfade1: doesn't show hand 
*** SUMMARY ***
Total pot $0.14 | Rake $0 
Board [9h 8h Jc Td]
Seat 1: A.DOD4 folded before Flop (didn't bet)
Seat 2: Tavrus32 (button) folded on the Turn
Seat 3: crossfade1 (small blind) collected ($0.14)
Seat 4: Chano54289 (big blind) folded before Flop
Seat 5: VTN*81 folded before Flop (didn't bet)
Seat 6: madmunx folded before Flop (didn't bet)
Seat 7: KingzClub folded before Flop (didn't bet)
Seat 8: Dorex2007 folded before Flop (didn't bet)
Seat 9: PhatPanda420 folded before Flop (didn't bet)



PokerStars Hand #232680843673:  Hold'em No Limit ($0.01/$0.02 USD) - 2021/12/30 21:54:37 PT [2021/12/31 0:54:37 ET]
Table 'Laodica II' 9-max Seat #3 is the button
Seat 1: A.DOD4 ($2 in chips) 
Seat 2: Tavrus32 ($2 in chips) 
Seat 3: crossfade1 ($2.01 in chips) 
Seat 4: Chano54289 ($0.91 in chips) 
Seat 5: VTN*81 ($1.15 in chips) 
Seat 6: madmunx ($1.72 in chips) 
Seat 7: KingzClub ($4.41 in chips) 
Seat 8: Dorex2007 ($2 in chips) 
Seat 9: PhatPanda420 ($2.12 in chips) 
Chano54289: posts small blind $0.01
VTN*81: posts big blind $0.02
*** HOLE CARDS ***
Dealt to Dorex2007 [Tc Kc]
madmunx: folds 
KingzClub: calls $0.02
Dorex2007: raises $0.02 to $0.04
PhatPanda420: folds 
A.DOD4: folds 
Tavrus32: folds 
crossfade1: folds 
Chano54289: calls $0.03
VTN*81: folds 
KingzClub: calls $0.02
*** FLOP *** [Qd 5d Js]
Chano54289: checks 
KingzClub: checks 
Dorex2007: checks 
*** TURN *** [Qd 5d Js] [Ks]
Chano54289: checks 
KingzClub: bets $0.02
Dorex2007: calls $0.02
Chano54289: calls $0.02
*** RIVER *** [Qd 5d Js Ks] [Jh]
Chano54289: bets $0.04
KingzClub: raises $0.27 to $0.31
Dorex2007: folds 
Chano54289: folds 
Uncalled bet ($0.27) returned to KingzClub
KingzClub collected $0.27 from pot
KingzClub: doesn't show hand 
*** SUMMARY ***
Total pot $0.28 | Rake $0.01 
Board [Qd 5d Js Ks Jh]
Seat 1: A.DOD4 folded before Flop (didn't bet)
Seat 2: Tavrus32 folded before Flop (didn't bet)
Seat 3: crossfade1 (button) folded before Flop (didn't bet)
Seat 4: Chano54289 (small blind) folded on the River
Seat 5: VTN*81 (big blind) folded before Flop
Seat 6: madmunx folded before Flop (didn't bet)
Seat 7: KingzClub collected ($0.27)
Seat 8: Dorex2007 folded on the River
Seat 9: PhatPanda420 folded before Flop (didn't bet)



PokerStars Hand #232680854118:  Hold'em No Limit ($0.01/$0.02 USD) - 2021/12/30 21:55:47 PT [2021/12/31 0:55:47 ET]
Table 'Laodica II' 9-max Seat #4 is the button
Seat 1: A.DOD4 ($2 in chips) 
Seat 2: Tavrus32 ($2 in chips) 
Seat 3: crossfade1 ($2.01 in chips) 
Seat 4: Chano54289 ($0.81 in chips) 
Seat 5: VTN*81 ($1.13 in chips) 
Seat 6: madmunx ($1.72 in chips) 
Seat 7: KingzClub ($4.58 in chips) 
Seat 8: Dorex2007 ($2 in chips) 
Seat 9: PhatPanda420 ($2.12 in chips) 
VTN*81: posts small blind $0.01
madmunx: posts big blind $0.02
*** HOLE CARDS ***
Dealt to Dorex2007 [9s Kd]
KingzClub: calls $0.02
Dorex2007: folds 
PhatPanda420: raises $0.02 to $0.04
A.DOD4: folds 
Tavrus32: folds 
crossfade1: folds 
Chano54289: calls $0.04
VTN*81: calls $0.03
madmunx: folds 
KingzClub: raises $0.18 to $0.22
PhatPanda420: calls $0.18
Chano54289: calls $0.18
VTN*81: folds 
*** FLOP *** [Th Kh 7d]
KingzClub: checks 
PhatPanda420: bets $0.36
Chano54289: folds 
KingzClub: calls $0.36
*** TURN *** [Th Kh 7d] [4c]
KingzClub: checks 
PhatPanda420: bets $0.72
KingzClub: folds 
Uncalled bet ($0.72) returned to PhatPanda420
PhatPanda420 collected $1.39 from pot
PhatPanda420: doesn't show hand 
*** SUMMARY ***
Total pot $1.44 | Rake $0.05 
Board [Th Kh 7d 4c]
Seat 1: A.DOD4 folded before Flop (didn't bet)
Seat 2: Tavrus32 folded before Flop (didn't bet)
Seat 3: crossfade1 folded before Flop (didn't bet)
Seat 4: Chano54289 (button) folded on the Flop
Seat 5: VTN*81 (small blind) folded before Flop
Seat 6: madmunx (big blind) folded before Flop
Seat 7: KingzClub folded on the Turn
Seat 8: Dorex2007 folded before Flop (didn't bet)
Seat 9: PhatPanda420 collected ($1.39)



PokerStars Hand #232680872262:  Hold'em No Limit ($0.01/$0.02 USD) - 2021/12/30 21:56:49 PT [2021/12/31 0:56:49 ET]
Table 'Laodica II' 9-max Seat #5 is the button
Seat 1: A.DOD4 ($2 in chips) 
Seat 2: Tavrus32 ($2 in chips) 
Seat 3: crossfade1 ($2.01 in chips) 
Seat 4: Chano54289 ($0.59 in chips) 
Seat 5: VTN*81 ($1.09 in chips) 
Seat 6: madmunx ($1.70 in chips) 
Seat 7: KingzClub ($4 in chips) 
Seat 8: Dorex2007 ($2 in chips) 
Seat 9: PhatPanda420 ($2.93 in chips) 
madmunx: posts small blind $0.01
KingzClub: posts big blind $0.02
*** HOLE CARDS ***
Dealt to Dorex2007 [Kd Td]
Dorex2007: folds 
PhatPanda420: folds 
A.DOD4: folds 
Tavrus32: folds 
crossfade1: folds 
Chano54289: calls $0.02
VTN*81: calls $0.02
madmunx: calls $0.01
KingzClub: raises $0.04 to $0.06
Chano54289: calls $0.04
VTN*81: calls $0.04
madmunx: calls $0.04
*** FLOP *** [8s Ac 9c]
madmunx: checks 
KingzClub: bets $0.23
Chano54289: folds 
VTN*81: raises $0.69 to $0.92
madmunx: folds 
KingzClub: calls $0.69
*** TURN *** [8s Ac 9c] [4s]
KingzClub: bets $0.12
VTN*81: calls $0.11 and is all-in
Uncalled bet ($0.01) returned to KingzClub
*** RIVER *** [8s Ac 9c 4s] [Jc]
*** SHOW DOWN ***
KingzClub: shows [Ad 3d] (a pair of Aces)
VTN*81: shows [9d 9h] (three of a kind, Nines)
VTN*81 collected $2.22 from pot
*** SUMMARY ***
Total pot $2.30 | Rake $0.08 
Board [8s Ac 9c 4s Jc]
Seat 1: A.DOD4 folded before Flop (didn't bet)
Seat 2: Tavrus32 folded before Flop (didn't bet)
Seat 3: crossfade1 folded before Flop (didn't bet)
Seat 4: Chano54289 folded on the Flop
Seat 5: VTN*81 (button) showed [9d 9h] and won ($2.22) with three of a kind, Nines
Seat 6: madmunx (small blind) folded on the Flop
Seat 7: KingzClub (big blind) showed [Ad 3d] and lost with a pair of Aces
Seat 8: Dorex2007 folded before Flop (didn't bet)
Seat 9: PhatPanda420 folded before Flop (didn't bet)



PokerStars Hand #232680882834:  Hold'em No Limit ($0.01/$0.02 USD) - 2021/12/30 21:58:04 PT [2021/12/31 0:58:04 ET]
Table 'Laodica II' 9-max Seat #6 is the button
Seat 1: A.DOD4 ($2 in chips) 
Seat 2: Tavrus32 ($2 in chips) 
Seat 3: crossfade1 ($2.01 in chips) 
Seat 4: Chano54289 ($0.53 in chips) 
Seat 5: VTN*81 ($2.22 in chips) 
Seat 6: madmunx ($1.64 in chips) 
Seat 7: KingzClub ($2.91 in chips) 
Seat 8: Dorex2007 ($2 in chips) 
Seat 9: PhatPanda420 ($2.93 in chips) 
KingzClub: posts small blind $0.01
Dorex2007: posts big blind $0.02
*** HOLE CARDS ***
Dealt to Dorex2007 [Jc Tc]
PhatPanda420: folds 
A.DOD4: folds 
Tavrus32: folds 
crossfade1: folds 
Chano54289: calls $0.02
VTN*81: folds 
madmunx: folds 
KingzClub: calls $0.01
Dorex2007: checks 
*** FLOP *** [3d 4c 4s]
KingzClub: bets $0.06
Dorex2007: folds 
Chano54289: folds 
Uncalled bet ($0.06) returned to KingzClub
Chano54289 leaves the table
KingzClub collected $0.06 from pot
KingzClub: doesn't show hand 
*** SUMMARY ***
Total pot $0.06 | Rake $0 
Board [3d 4c 4s]
Seat 1: A.DOD4 folded before Flop (didn't bet)
Seat 2: Tavrus32 folded before Flop (didn't bet)
Seat 3: crossfade1 folded before Flop (didn't bet)
Seat 4: Chano54289 folded on the Flop
Seat 5: VTN*81 folded before Flop (didn't bet)
Seat 6: madmunx (button) folded before Flop (didn't bet)
Seat 7: KingzClub (small blind) collected ($0.06)
Seat 8: Dorex2007 (big blind) folded on the Flop
Seat 9: PhatPanda420 folded before Flop (didn't bet)



PokerStars Hand #232680890961:  Hold'em No Limit ($0.01/$0.02 USD) - 2021/12/30 21:58:46 PT [2021/12/31 0:58:46 ET]
Table 'Laodica II' 9-max Seat #7 is the button
Seat 1: A.DOD4 ($2 in chips) 
Seat 2: Tavrus32 ($2 in chips) 
Seat 3: crossfade1 ($2.01 in chips) 
Seat 5: VTN*81 ($2.22 in chips) 
Seat 6: madmunx ($1.64 in chips) 
Seat 7: KingzClub ($2.95 in chips) 
Seat 8: Dorex2007 ($2 in chips) 
Seat 9: PhatPanda420 ($2.93 in chips) 
Dorex2007: posts small blind $0.01
PhatPanda420: posts big blind $0.02
*** HOLE CARDS ***
Dealt to Dorex2007 [Kh 2h]
A.DOD4: folds 
Tavrus32: folds 
GianniML joins the table at seat #4 
crossfade1: raises $0.04 to $0.06
VTN*81: folds 
madmunx: folds 
KingzClub: calls $0.06
Dorex2007: folds 
PhatPanda420: folds 
*** FLOP *** [7d 3d 8d]
crossfade1: checks 
KingzClub: bets $0.07
crossfade1: calls $0.07
*** TURN *** [7d 3d 8d] [Tc]
crossfade1: checks 
KingzClub: bets $0.14
crossfade1: raises $0.14 to $0.28
KingzClub: calls $0.14
*** RIVER *** [7d 3d 8d Tc] [9d]
crossfade1: checks 
KingzClub: checks 
*** SHOW DOWN ***
crossfade1: shows [Jc Ac] (a straight, Seven to Jack)
KingzClub: shows [6c 2d] (a flush, Nine high)
KingzClub collected $0.82 from pot
*** SUMMARY ***
Total pot $0.85 | Rake $0.03 
Board [7d 3d 8d Tc 9d]
Seat 1: A.DOD4 folded before Flop (didn't bet)
Seat 2: Tavrus32 folded before Flop (didn't bet)
Seat 3: crossfade1 showed [Jc Ac] and lost with a straight, Seven to Jack
Seat 5: VTN*81 folded before Flop (didn't bet)
Seat 6: madmunx folded before Flop (didn't bet)
Seat 7: KingzClub (button) showed [6c 2d] and won ($0.82) with a flush, Nine high
Seat 8: Dorex2007 (small blind) folded before Flop
Seat 9: PhatPanda420 (big blind) folded before Flop



PokerStars Hand #232680899099:  Hold'em No Limit ($0.01/$0.02 USD) - 2021/12/30 21:59:42 PT [2021/12/31 0:59:42 ET]
Table 'Laodica II' 9-max Seat #8 is the button
Seat 1: A.DOD4 ($2 in chips) 
Seat 2: Tavrus32 ($2 in chips) 
Seat 3: crossfade1 ($1.60 in chips) 
Seat 4: GianniML ($2 in chips) 
Seat 5: VTN*81 ($2.22 in chips) 
Seat 6: madmunx ($1.64 in chips) 
Seat 7: KingzClub ($3.36 in chips) 
Seat 8: Dorex2007 ($2 in chips) 
Seat 9: PhatPanda420 ($2.91 in chips) 
PhatPanda420: posts small blind $0.01
A.DOD4: posts big blind $0.02
GianniML: posts big blind $0.02
*** HOLE CARDS ***
Dealt to Dorex2007 [7c Ad]
Tavrus32: folds 
crossfade1 has timed out
crossfade1: folds 
GianniML: checks 
VTN*81: folds 
madmunx: calls $0.02
KingzClub: raises $0.04 to $0.06
Dorex2007: folds 
PhatPanda420: folds 
A.DOD4: folds 
GianniML: folds 
madmunx: folds 
Uncalled bet ($0.04) returned to KingzClub
KingzClub collected $0.09 from pot
KingzClub: doesn't show hand 
*** SUMMARY ***
Total pot $0.09 | Rake $0 
Seat 1: A.DOD4 (big blind) folded before Flop
Seat 2: Tavrus32 folded before Flop (didn't bet)
Seat 3: crossfade1 folded before Flop (didn't bet)
Seat 4: GianniML folded before Flop (didn't bet)
Seat 5: VTN*81 folded before Flop (didn't bet)
Seat 6: madmunx folded before Flop
Seat 7: KingzClub collected ($0.09)
Seat 8: Dorex2007 (button) folded before Flop (didn't bet)
Seat 9: PhatPanda420 (small blind) folded before Flop



PokerStars Hand #232680906028:  Hold'em No Limit ($0.01/$0.02 USD) - 2021/12/30 22:00:29 PT [2021/12/31 1:00:29 ET]
Table 'Laodica II' 9-max Seat #9 is the button
Seat 1: A.DOD4 ($2 in chips) 
Seat 2: Tavrus32 ($2 in chips) 
Seat 3: crossfade1 ($1.60 in chips) 
Seat 4: GianniML ($1.98 in chips) 
Seat 5: VTN*81 ($2.22 in chips) 
Seat 6: madmunx ($1.62 in chips) 
Seat 7: KingzClub ($3.43 in chips) 
Seat 8: Dorex2007 ($2 in chips) 
Seat 9: PhatPanda420 ($2.90 in chips) 
A.DOD4: posts small blind $0.01
Tavrus32: posts big blind $0.02
*** HOLE CARDS ***
Dealt to Dorex2007 [9h 7h]
crossfade1: folds 
GianniML: folds 
VTN*81: folds 
madmunx: folds 
KingzClub: raises $0.05 to $0.07
Dorex2007: folds 
PhatPanda420: folds 
A.DOD4: folds 
Tavrus32: folds 
Uncalled bet ($0.05) returned to KingzClub
KingzClub collected $0.05 from pot
KingzClub: doesn't show hand 
*** SUMMARY ***
Total pot $0.05 | Rake $0 
Seat 1: A.DOD4 (small blind) folded before Flop
Seat 2: Tavrus32 (big blind) folded before Flop
Seat 3: crossfade1 folded before Flop (didn't bet)
Seat 4: GianniML folded before Flop (didn't bet)
Seat 5: VTN*81 folded before Flop (didn't bet)
Seat 6: madmunx folded before Flop (didn't bet)
Seat 7: KingzClub collected ($0.05)
Seat 8: Dorex2007 folded before Flop (didn't bet)
Seat 9: PhatPanda420 (button) folded before Flop (didn't bet)



PokerStars Hand #232680908383:  Hold'em No Limit ($0.01/$0.02 USD) - 2021/12/30 22:00:44 PT [2021/12/31 1:00:44 ET]
Table 'Laodica II' 9-max Seat #1 is the button
Seat 1: A.DOD4 ($2 in chips) 
Seat 2: Tavrus32 ($2 in chips) 
Seat 3: crossfade1 ($1.60 in chips) 
Seat 4: GianniML ($1.98 in chips) 
Seat 5: VTN*81 ($2.22 in chips) 
Seat 6: madmunx ($1.62 in chips) 
Seat 7: KingzClub ($3.46 in chips) 
Seat 8: Dorex2007 ($2 in chips) 
Seat 9: PhatPanda420 ($2.90 in chips) 
Tavrus32: posts small blind $0.01
crossfade1: posts big blind $0.02
*** HOLE CARDS ***
Dealt to Dorex2007 [5d Js]
GianniML: folds 
VTN*81: folds 
madmunx: folds 
KingzClub: calls $0.02
Dorex2007: folds 
PhatPanda420: folds 
A.DOD4: folds 
Tavrus32: folds 
crossfade1: checks 
*** FLOP *** [Kh Qc 2h]
crossfade1: checks 
KingzClub: bets $0.02
crossfade1: calls $0.02
*** TURN *** [Kh Qc 2h] [9d]
crossfade1: checks 
KingzClub: bets $0.06
crossfade1: calls $0.06
*** RIVER *** [Kh Qc 2h 9d] [Jc]
crossfade1: checks 
KingzClub: checks 
*** SHOW DOWN ***
crossfade1: shows [2d Ac] (a pair of Deuces)
KingzClub: shows [Jd Kc] (two pair, Kings and Jacks)
KingzClub collected $0.20 from pot
*** SUMMARY ***
Total pot $0.21 | Rake $0.01 
Board [Kh Qc 2h 9d Jc]
Seat 1: A.DOD4 (button) folded before Flop (didn't bet)
Seat 2: Tavrus32 (small blind) folded before Flop
Seat 3: crossfade1 (big blind) showed [2d Ac] and lost with a pair of Deuces
Seat 4: GianniML folded before Flop (didn't bet)
Seat 5: VTN*81 folded before Flop (didn't bet)
Seat 6: madmunx folded before Flop (didn't bet)
Seat 7: KingzClub showed [Jd Kc] and won ($0.20) with two pair, Kings and Jacks
Seat 8: Dorex2007 folded before Flop (didn't bet)
Seat 9: PhatPanda420 folded before Flop (didn't bet)



PokerStars Hand #232680915656:  Hold'em No Limit ($0.01/$0.02 USD) - 2021/12/30 22:01:29 PT [2021/12/31 1:01:29 ET]
Table 'Laodica II' 9-max Seat #2 is the button
Seat 1: A.DOD4 ($2 in chips) 
Seat 2: Tavrus32 ($2 in chips) 
Seat 3: crossfade1 ($1.50 in chips) 
Seat 4: GianniML ($1.98 in chips) 
Seat 5: VTN*81 ($2.22 in chips) 
Seat 6: madmunx ($1.62 in chips) 
Seat 7: KingzClub ($3.56 in chips) 
Seat 8: Dorex2007 ($2 in chips) 
Seat 9: PhatPanda420 ($2.90 in chips) 
crossfade1: posts small blind $0.01
GianniML: posts big blind $0.02
*** HOLE CARDS ***
Dealt to Dorex2007 [4s 2c]
VTN*81: folds 
madmunx: folds 
KingzClub: raises $0.06 to $0.08
Dorex2007: folds 
PhatPanda420: folds 
A.DOD4: folds 
Tavrus32: folds 
crossfade1: folds 
GianniML: folds 
Uncalled bet ($0.06) returned to KingzClub
KingzClub collected $0.05 from pot
KingzClub: doesn't show hand 
*** SUMMARY ***
Total pot $0.05 | Rake $0 
Seat 1: A.DOD4 folded before Flop (didn't bet)
Seat 2: Tavrus32 (button) folded before Flop (didn't bet)
Seat 3: crossfade1 (small blind) folded before Flop
Seat 4: GianniML (big blind) folded before Flop
Seat 5: VTN*81 folded before Flop (didn't bet)
Seat 6: madmunx folded before Flop (didn't bet)
Seat 7: KingzClub collected ($0.05)
Seat 8: Dorex2007 folded before Flop (didn't bet)
Seat 9: PhatPanda420 folded before Flop (didn't bet)



PokerStars Hand #232680919827:  Hold'em No Limit ($0.01/$0.02 USD) - 2021/12/30 22:01:55 PT [2021/12/31 1:01:55 ET]
Table 'Laodica II' 9-max Seat #3 is the button
Seat 1: A.DOD4 ($2 in chips) 
Seat 2: Tavrus32 ($2 in chips) 
Seat 3: crossfade1 ($1.49 in chips) 
Seat 4: GianniML ($1.96 in chips) 
Seat 5: VTN*81 ($2.22 in chips) 
Seat 6: madmunx ($1.62 in chips) 
Seat 7: KingzClub ($3.59 in chips) 
Seat 8: Dorex2007 ($2 in chips) 
Seat 9: PhatPanda420 ($2.90 in chips) 
GianniML: posts small blind $0.01
VTN*81: posts big blind $0.02
*** HOLE CARDS ***
Dealt to Dorex2007 [9s Ts]
madmunx: folds 
KingzClub: folds 
Dorex2007: folds 
PhatPanda420: raises $0.02 to $0.04
A.DOD4: folds 
Tavrus32: folds 
crossfade1: folds 
GianniML: folds 
VTN*81: calls $0.02
*** FLOP *** [2s 7s 3d]
VTN*81: checks 
PhatPanda420: bets $0.18
VTN*81: folds 
Uncalled bet ($0.18) returned to PhatPanda420
PhatPanda420 collected $0.09 from pot
PhatPanda420: doesn't show hand 
*** SUMMARY ***
Total pot $0.09 | Rake $0 
Board [2s 7s 3d]
Seat 1: A.DOD4 folded before Flop (didn't bet)
Seat 2: Tavrus32 folded before Flop (didn't bet)
Seat 3: crossfade1 (button) folded before Flop (didn't bet)
Seat 4: GianniML (small blind) folded before Flop
Seat 5: VTN*81 (big blind) folded on the Flop
Seat 6: madmunx folded before Flop (didn't bet)
Seat 7: KingzClub folded before Flop (didn't bet)
Seat 8: Dorex2007 folded before Flop (didn't bet)
Seat 9: PhatPanda420 collected ($0.09)



PokerStars Hand #232680924869:  Hold'em No Limit ($0.01/$0.02 USD) - 2021/12/30 22:02:28 PT [2021/12/31 1:02:28 ET]
Table 'Laodica II' 9-max Seat #4 is the button
Seat 1: A.DOD4 ($2 in chips) 
Seat 2: Tavrus32 ($2 in chips) 
Seat 3: crossfade1 ($1.49 in chips) 
Seat 4: GianniML ($1.95 in chips) 
Seat 5: VTN*81 ($2.18 in chips) 
Seat 6: madmunx ($1.62 in chips) 
Seat 7: KingzClub ($3.59 in chips) 
Seat 8: Dorex2007 ($2 in chips) 
Seat 9: PhatPanda420 ($2.95 in chips) 
VTN*81: posts small blind $0.01
madmunx: posts big blind $0.02
*** HOLE CARDS ***
Dealt to Dorex2007 [9s Jd]
KingzClub: folds 
Dorex2007: folds 
PhatPanda420: folds 
A.DOD4: folds 
Tavrus32: folds 
crossfade1: folds 
GianniML: folds 
VTN*81: raises $0.04 to $0.06
madmunx: folds 
Uncalled bet ($0.04) returned to VTN*81
VTN*81 collected $0.04 from pot
VTN*81: doesn't show hand 
*** SUMMARY ***
Total pot $0.04 | Rake $0 
Seat 1: A.DOD4 folded before Flop (didn't bet)
Seat 2: Tavrus32 folded before Flop (didn't bet)
Seat 3: crossfade1 folded before Flop (didn't bet)
Seat 4: GianniML (button) folded before Flop (didn't bet)
Seat 5: VTN*81 (small blind) collected ($0.04)
Seat 6: madmunx (big blind) folded before Flop
Seat 7: KingzClub folded before Flop (didn't bet)
Seat 8: Dorex2007 folded before Flop (didn't bet)
Seat 9: PhatPanda420 folded before Flop (didn't bet)



PokerStars Hand #232680928315:  Hold'em No Limit ($0.01/$0.02 USD) - 2021/12/30 22:02:49 PT [2021/12/31 1:02:49 ET]
Table 'Laodica II' 9-max Seat #5 is the button
Seat 1: A.DOD4 ($2 in chips) 
Seat 2: Tavrus32 ($2 in chips) 
Seat 3: crossfade1 ($1.49 in chips) 
Seat 4: GianniML ($1.95 in chips) 
Seat 5: VTN*81 ($2.20 in chips) 
Seat 6: madmunx ($1.60 in chips) 
Seat 7: KingzClub ($3.59 in chips) 
Seat 8: Dorex2007 ($2 in chips) 
Seat 9: PhatPanda420 ($2.95 in chips) 
madmunx: posts small blind $0.01
KingzClub: posts big blind $0.02
*** HOLE CARDS ***
Dealt to Dorex2007 [Qd 9h]
Dorex2007: folds 
PhatPanda420: folds 
A.DOD4: folds 
Tavrus32: folds 
crossfade1: folds 
GianniML: folds 
VTN*81: folds 
madmunx: folds 
Uncalled bet ($0.01) returned to KingzClub
KingzClub collected $0.02 from pot
KingzClub: doesn't show hand 
*** SUMMARY ***
Total pot $0.02 | Rake $0 
Seat 1: A.DOD4 folded before Flop (didn't bet)
Seat 2: Tavrus32 folded before Flop (didn't bet)
Seat 3: crossfade1 folded before Flop (didn't bet)
Seat 4: GianniML folded before Flop (didn't bet)
Seat 5: VTN*81 (button) folded before Flop (didn't bet)
Seat 6: madmunx (small blind) folded before Flop
Seat 7: KingzClub (big blind) collected ($0.02)
Seat 8: Dorex2007 folded before Flop (didn't bet)
Seat 9: PhatPanda420 folded before Flop (didn't bet)



PokerStars Hand #232680931417:  Hold'em No Limit ($0.01/$0.02 USD) - 2021/12/30 22:03:09 PT [2021/12/31 1:03:09 ET]
Table 'Laodica II' 9-max Seat #6 is the button
Seat 1: A.DOD4 ($2 in chips) 
Seat 2: Tavrus32 ($2 in chips) 
Seat 3: crossfade1 ($1.49 in chips) 
Seat 4: GianniML ($1.95 in chips) 
Seat 5: VTN*81 ($2.20 in chips) 
Seat 6: madmunx ($1.59 in chips) 
Seat 7: KingzClub ($3.60 in chips) 
Seat 8: Dorex2007 ($2 in chips) 
Seat 9: PhatPanda420 ($2.95 in chips) 
KingzClub: posts small blind $0.01
Dorex2007: posts big blind $0.02
*** HOLE CARDS ***
Dealt to Dorex2007 [6s 5d]
PhatPanda420: raises $0.02 to $0.04
A.DOD4: folds 
Tavrus32: folds 
crossfade1: raises $0.18 to $0.22
GianniML: folds 
VTN*81: folds 
madmunx: folds 
KingzClub: calls $0.21
Dorex2007: folds 
PhatPanda420: folds 
*** FLOP *** [Ad 8d Qs]
KingzClub: checks 
crossfade1: bets $0.24
KingzClub: calls $0.24
*** TURN *** [Ad 8d Qs] [4c]
KingzClub: checks 
crossfade1: checks 
*** RIVER *** [Ad 8d Qs 4c] [9s]
KingzClub: bets $0.90
crossfade1: folds 
Uncalled bet ($0.90) returned to KingzClub
KingzClub collected $0.95 from pot
KingzClub: doesn't show hand 
*** SUMMARY ***
Total pot $0.98 | Rake $0.03 
Board [Ad 8d Qs 4c 9s]
Seat 1: A.DOD4 folded before Flop (didn't bet)
Seat 2: Tavrus32 folded before Flop (didn't bet)
Seat 3: crossfade1 folded on the River
Seat 4: GianniML folded before Flop (didn't bet)
Seat 5: VTN*81 folded before Flop (didn't bet)
Seat 6: madmunx (button) folded before Flop (didn't bet)
Seat 7: KingzClub (small blind) collected ($0.95)
Seat 8: Dorex2007 (big blind) folded before Flop
Seat 9: PhatPanda420 folded before Flop



PokerStars Hand #232680944150:  Hold'em No Limit ($0.01/$0.02 USD) - 2021/12/30 22:04:28 PT [2021/12/31 1:04:28 ET]
Table 'Laodica II' 9-max Seat #7 is the button
Seat 1: A.DOD4 ($2 in chips) 
Seat 2: Tavrus32 ($2 in chips) 
Seat 3: crossfade1 ($1.03 in chips) 
Seat 4: GianniML ($1.95 in chips) 
Seat 5: VTN*81 ($2.20 in chips) 
Seat 6: madmunx ($1.59 in chips) 
Seat 7: KingzClub ($4.09 in chips) 
Seat 8: Dorex2007 ($2 in chips) 
Seat 9: PhatPanda420 ($2.91 in chips) 
Dorex2007: posts small blind $0.01
PhatPanda420: posts big blind $0.02
*** HOLE CARDS ***
Dealt to Dorex2007 [2c Qd]
A.DOD4: folds 
Tavrus32: folds 
crossfade1: calls $0.02
GianniML: folds 
VTN*81: folds 
madmunx: folds 
KingzClub: calls $0.02
Dorex2007: folds 
PhatPanda420: checks 
*** FLOP *** [6s 9s 6h]
PhatPanda420: checks 
crossfade1: checks 
KingzClub: checks 
*** TURN *** [6s 9s 6h] [Th]
PhatPanda420: checks 
crossfade1: bets $0.04
KingzClub: folds 
PhatPanda420: folds 
Uncalled bet ($0.04) returned to crossfade1
crossfade1 collected $0.07 from pot
crossfade1: doesn't show hand 
*** SUMMARY ***
Total pot $0.07 | Rake $0 
Board [6s 9s 6h Th]
Seat 1: A.DOD4 folded before Flop (didn't bet)
Seat 2: Tavrus32 folded before Flop (didn't bet)
Seat 3: crossfade1 collected ($0.07)
Seat 4: GianniML folded before Flop (didn't bet)
Seat 5: VTN*81 folded before Flop (didn't bet)
Seat 6: madmunx folded before Flop (didn't bet)
Seat 7: KingzClub (button) folded on the Turn
Seat 8: Dorex2007 (small blind) folded before Flop
Seat 9: PhatPanda420 (big blind) folded on the Turn



PokerStars Hand #232680949615:  Hold'em No Limit ($0.01/$0.02 USD) - 2021/12/30 22:05:02 PT [2021/12/31 1:05:02 ET]
Table 'Laodica II' 9-max Seat #8 is the button
Seat 1: A.DOD4 ($2 in chips) 
Seat 2: Tavrus32 ($2 in chips) 
Seat 3: crossfade1 ($1.08 in chips) 
Seat 4: GianniML ($1.95 in chips) 
Seat 5: VTN*81 ($2.20 in chips) 
Seat 6: madmunx ($1.59 in chips) 
Seat 7: KingzClub ($4.07 in chips) 
Seat 8: Dorex2007 ($2 in chips) 
Seat 9: PhatPanda420 ($2.89 in chips) 
PhatPanda420: posts small blind $0.01
A.DOD4: posts big blind $0.02
*** HOLE CARDS ***
Dealt to Dorex2007 [Qs 7d]
Tavrus32: folds 
crossfade1: folds 
GianniML: folds 
VTN*81: folds 
madmunx: folds 
KingzClub: calls $0.02
Dorex2007: folds 
PhatPanda420: folds 
A.DOD4: raises $0.03 to $0.05
KingzClub: calls $0.03
*** FLOP *** [8s 3s Js]
A.DOD4: bets $0.07
KingzClub: folds 
Uncalled bet ($0.07) returned to A.DOD4
A.DOD4 collected $0.11 from pot
A.DOD4: doesn't show hand 
*** SUMMARY ***
Total pot $0.11 | Rake $0 
Board [8s 3s Js]
Seat 1: A.DOD4 (big blind) collected ($0.11)
Seat 2: Tavrus32 folded before Flop (didn't bet)
Seat 3: crossfade1 folded before Flop (didn't bet)
Seat 4: GianniML folded before Flop (didn't bet)
Seat 5: VTN*81 folded before Flop (didn't bet)
Seat 6: madmunx folded before Flop (didn't bet)
Seat 7: KingzClub folded on the Flop
Seat 8: Dorex2007 (button) folded before Flop (didn't bet)
Seat 9: PhatPanda420 (small blind) folded before Flop



PokerStars Hand #232680954648:  Hold'em No Limit ($0.01/$0.02 USD) - 2021/12/30 22:05:33 PT [2021/12/31 1:05:33 ET]
Table 'Laodica II' 9-max Seat #9 is the button
Seat 1: A.DOD4 ($2.06 in chips) 
Seat 2: Tavrus32 ($2 in chips) 
Seat 3: crossfade1 ($1.08 in chips) 
Seat 4: GianniML ($1.95 in chips) 
Seat 5: VTN*81 ($2.20 in chips) 
Seat 6: madmunx ($1.59 in chips) 
Seat 7: KingzClub ($4.02 in chips) 
Seat 8: Dorex2007 ($2 in chips) 
Seat 9: PhatPanda420 ($2.88 in chips) 
A.DOD4: posts small blind $0.01
Tavrus32: posts big blind $0.02
*** HOLE CARDS ***
Dealt to Dorex2007 [3s Ac]
crossfade1: folds 
GianniML: folds 
VTN*81: calls $0.02
madmunx: folds 
KingzClub: folds 
Dorex2007: folds 
PhatPanda420: folds 
A.DOD4: folds 
Tavrus32: checks 
*** FLOP *** [5d Kd 4d]
Tavrus32: checks 
VTN*81: bets $0.04
Tavrus32: folds 
Uncalled bet ($0.04) returned to VTN*81
VTN*81 collected $0.05 from pot
VTN*81: doesn't show hand 
*** SUMMARY ***
Total pot $0.05 | Rake $0 
Board [5d Kd 4d]
Seat 1: A.DOD4 (small blind) folded before Flop
Seat 2: Tavrus32 (big blind) folded on the Flop
Seat 3: crossfade1 folded before Flop (didn't bet)
Seat 4: GianniML folded before Flop (didn't bet)
Seat 5: VTN*81 collected ($0.05)
Seat 6: madmunx folded before Flop (didn't bet)
Seat 7: KingzClub folded before Flop (didn't bet)
Seat 8: Dorex2007 folded before Flop (didn't bet)
Seat 9: PhatPanda420 (button) folded before Flop (didn't bet)



PokerStars Hand #232680959214:  Hold'em No Limit ($0.01/$0.02 USD) - 2021/12/30 22:06:02 PT [2021/12/31 1:06:02 ET]
Table 'Laodica II' 9-max Seat #1 is the button
Seat 1: A.DOD4 ($2.05 in chips) 
Seat 2: Tavrus32 ($2 in chips) 
Seat 3: crossfade1 ($1.08 in chips) 
Seat 4: GianniML ($1.95 in chips) 
Seat 5: VTN*81 ($2.23 in chips) 
Seat 6: madmunx ($1.59 in chips) 
Seat 7: KingzClub ($4.02 in chips) 
Seat 8: Dorex2007 ($2 in chips) 
Seat 9: PhatPanda420 ($2.88 in chips) 
Tavrus32: posts small blind $0.01
crossfade1: posts big blind $0.02
*** HOLE CARDS ***
Dealt to Dorex2007 [Qc Js]
GianniML: calls $0.02
VTN*81: folds 
madmunx: folds 
KingzClub: calls $0.02
Dorex2007: folds 
PhatPanda420: folds 
A.DOD4: folds 
Tavrus32: folds 
crossfade1: checks 
*** FLOP *** [4h 9s 8d]
crossfade1: checks 
GianniML: checks 
KingzClub: checks 
*** TURN *** [4h 9s 8d] [Kd]
crossfade1: bets $0.04
GianniML: folds 
KingzClub: calls $0.04
*** RIVER *** [4h 9s 8d Kd] [Ks]
crossfade1: bets $0.14
KingzClub: folds 
Uncalled bet ($0.14) returned to crossfade1
crossfade1 collected $0.14 from pot
crossfade1: doesn't show hand 
*** SUMMARY ***
Total pot $0.15 | Rake $0.01 
Board [4h 9s 8d Kd Ks]
Seat 1: A.DOD4 (button) folded before Flop (didn't bet)
Seat 2: Tavrus32 (small blind) folded before Flop
Seat 3: crossfade1 (big blind) collected ($0.14)
Seat 4: GianniML folded on the Turn
Seat 5: VTN*81 folded before Flop (didn't bet)
Seat 6: madmunx folded before Flop (didn't bet)
Seat 7: KingzClub folded on the River
Seat 8: Dorex2007 folded before Flop (didn't bet)
Seat 9: PhatPanda420 folded before Flop (didn't bet)



PokerStars Hand #232680968378:  Hold'em No Limit ($0.01/$0.02 USD) - 2021/12/30 22:06:59 PT [2021/12/31 1:06:59 ET]
Table 'Laodica II' 9-max Seat #2 is the button
Seat 1: A.DOD4 ($2.05 in chips) 
Seat 2: Tavrus32 ($2 in chips) 
Seat 3: crossfade1 ($1.16 in chips) 
Seat 4: GianniML ($1.93 in chips) 
Seat 5: VTN*81 ($2.23 in chips) 
Seat 6: madmunx ($1.59 in chips) 
Seat 7: KingzClub ($3.96 in chips) 
Seat 8: Dorex2007 ($2 in chips) 
Seat 9: PhatPanda420 ($2.88 in chips) 
crossfade1: posts small blind $0.01
GianniML: posts big blind $0.02
*** HOLE CARDS ***
Dealt to Dorex2007 [Js 2s]
VTN*81: calls $0.02
madmunx: folds 
KingzClub: folds 
Dorex2007: folds 
PhatPanda420: raises $0.05 to $0.07
A.DOD4: folds 
Tavrus32: folds 
crossfade1: folds 
GianniML: calls $0.05
VTN*81: calls $0.05
*** FLOP *** [6h 7c Qh]
GianniML: checks 
VTN*81: bets $0.11
PhatPanda420: calls $0.11
GianniML: folds 
*** TURN *** [6h 7c Qh] [6s]
VTN*81: bets $0.24
PhatPanda420: calls $0.24
*** RIVER *** [6h 7c Qh 6s] [Qc]
VTN*81: bets $0.89
PhatPanda420: folds 
Uncalled bet ($0.89) returned to VTN*81
VTN*81 collected $0.89 from pot
VTN*81: doesn't show hand 
*** SUMMARY ***
Total pot $0.92 | Rake $0.03 
Board [6h 7c Qh 6s Qc]
Seat 1: A.DOD4 folded before Flop (didn't bet)
Seat 2: Tavrus32 (button) folded before Flop (didn't bet)
Seat 3: crossfade1 (small blind) folded before Flop
Seat 4: GianniML (big blind) folded on the Flop
Seat 5: VTN*81 collected ($0.89)
Seat 6: madmunx folded before Flop (didn't bet)
Seat 7: KingzClub folded before Flop (didn't bet)
Seat 8: Dorex2007 folded before Flop (didn't bet)
Seat 9: PhatPanda420 folded on the River



PokerStars Hand #232680981527:  Hold'em No Limit ($0.01/$0.02 USD) - 2021/12/30 22:08:02 PT [2021/12/31 1:08:02 ET]
Table 'Laodica II' 9-max Seat #3 is the button
Seat 1: A.DOD4 ($2.05 in chips) 
Seat 2: Tavrus32 ($2 in chips) 
Seat 3: crossfade1 ($1.15 in chips) 
Seat 4: GianniML ($1.86 in chips) 
Seat 5: VTN*81 ($2.70 in chips) 
Seat 6: madmunx ($1.59 in chips) 
Seat 7: KingzClub ($3.96 in chips) 
Seat 8: Dorex2007 ($2 in chips) 
Seat 9: PhatPanda420 ($2.46 in chips) 
GianniML: posts small blind $0.01
VTN*81: posts big blind $0.02
*** HOLE CARDS ***
Dealt to Dorex2007 [Ks 8s]
madmunx: folds 
KingzClub: calls $0.02
Dorex2007: folds 
PhatPanda420: folds 
A.DOD4: folds 
Tavrus32: raises $0.06 to $0.08
crossfade1: folds 
GianniML: calls $0.07
VTN*81: folds 
KingzClub: calls $0.06
*** FLOP *** [Jc 7d 8d]
GianniML: checks 
KingzClub: checks 
Tavrus32: checks 
*** TURN *** [Jc 7d 8d] [Tc]
GianniML: checks 
KingzClub: checks 
Tavrus32: checks 
*** RIVER *** [Jc 7d 8d Tc] [4s]
GianniML: checks 
KingzClub: checks 
Tavrus32: checks 
*** SHOW DOWN ***
GianniML: shows [Ad Kd] (high card Ace)
KingzClub: shows [6s 8c] (a pair of Eights)
Tavrus32: mucks hand 
KingzClub collected $0.25 from pot
*** SUMMARY ***
Total pot $0.26 | Rake $0.01 
Board [Jc 7d 8d Tc 4s]
Seat 1: A.DOD4 folded before Flop (didn't bet)
Seat 2: Tavrus32 mucked [Ah 3h]
Seat 3: crossfade1 (button) folded before Flop (didn't bet)
Seat 4: GianniML (small blind) showed [Ad Kd] and lost with high card Ace
Seat 5: VTN*81 (big blind) folded before Flop
Seat 6: madmunx folded before Flop (didn't bet)
Seat 7: KingzClub showed [6s 8c] and won ($0.25) with a pair of Eights
Seat 8: Dorex2007 folded before Flop (didn't bet)
Seat 9: PhatPanda420 folded before Flop (didn't bet)



PokerStars Hand #232680989409:  Hold'em No Limit ($0.01/$0.02 USD) - 2021/12/30 22:08:52 PT [2021/12/31 1:08:52 ET]
Table 'Laodica II' 9-max Seat #4 is the button
Seat 1: A.DOD4 ($2.05 in chips) 
Seat 2: Tavrus32 ($2 in chips) 
Seat 3: crossfade1 ($1.15 in chips) 
Seat 4: GianniML ($1.78 in chips) 
Seat 5: VTN*81 ($2.68 in chips) 
Seat 6: madmunx ($1.59 in chips) 
Seat 7: KingzClub ($4.13 in chips) 
Seat 8: Dorex2007 ($2 in chips) 
Seat 9: PhatPanda420 ($2.46 in chips) 
VTN*81: posts small blind $0.01
madmunx: posts big blind $0.02
*** HOLE CARDS ***
Dealt to Dorex2007 [2s Ad]
KingzClub: folds 
Dorex2007: folds 
PhatPanda420: folds 
A.DOD4: folds 
Tavrus32: raises $0.04 to $0.06
crossfade1: calls $0.06
GianniML: folds 
VTN*81: folds 
madmunx: folds 
*** FLOP *** [9s 8s Qh]
Tavrus32: bets $0.07
crossfade1: folds 
Uncalled bet ($0.07) returned to Tavrus32
Tavrus32 collected $0.14 from pot
Tavrus32: doesn't show hand 
*** SUMMARY ***
Total pot $0.15 | Rake $0.01 
Board [9s 8s Qh]
Seat 1: A.DOD4 folded before Flop (didn't bet)
Seat 2: Tavrus32 collected ($0.14)
Seat 3: crossfade1 folded on the Flop
Seat 4: GianniML (button) folded before Flop (didn't bet)
Seat 5: VTN*81 (small blind) folded before Flop
Seat 6: madmunx (big blind) folded before Flop
Seat 7: KingzClub folded before Flop (didn't bet)
Seat 8: Dorex2007 folded before Flop (didn't bet)
Seat 9: PhatPanda420 folded before Flop (didn't bet)



PokerStars Hand #232680994666:  Hold'em No Limit ($0.01/$0.02 USD) - 2021/12/30 22:09:25 PT [2021/12/31 1:09:25 ET]
Table 'Laodica II' 9-max Seat #5 is the button
Seat 1: A.DOD4 ($2.05 in chips) 
Seat 2: Tavrus32 ($2.08 in chips) 
Seat 3: crossfade1 ($1.09 in chips) 
Seat 4: GianniML ($1.78 in chips) 
Seat 5: VTN*81 ($2.67 in chips) 
Seat 6: madmunx ($1.57 in chips) 
Seat 7: KingzClub ($4.13 in chips) 
Seat 8: Dorex2007 ($2 in chips) 
Seat 9: PhatPanda420 ($2.46 in chips) 
madmunx: posts small blind $0.01
KingzClub: posts big blind $0.02
*** HOLE CARDS ***
Dealt to Dorex2007 [3c 6d]
Dorex2007: folds 
PhatPanda420: folds 
A.DOD4: folds 
Tavrus32: folds 
crossfade1: folds 
GianniML: folds 
VTN*81: calls $0.02
madmunx: folds 
KingzClub: checks 
*** FLOP *** [Jc Ad 2s]
KingzClub: checks 
VTN*81: bets $0.04
KingzClub: folds 
Uncalled bet ($0.04) returned to VTN*81
VTN*81 collected $0.05 from pot
VTN*81: doesn't show hand 
*** SUMMARY ***
Total pot $0.05 | Rake $0 
Board [Jc Ad 2s]
Seat 1: A.DOD4 folded before Flop (didn't bet)
Seat 2: Tavrus32 folded before Flop (didn't bet)
Seat 3: crossfade1 folded before Flop (didn't bet)
Seat 4: GianniML folded before Flop (didn't bet)
Seat 5: VTN*81 (button) collected ($0.05)
Seat 6: madmunx (small blind) folded before Flop
Seat 7: KingzClub (big blind) folded on the Flop
Seat 8: Dorex2007 folded before Flop (didn't bet)
Seat 9: PhatPanda420 folded before Flop (didn't bet)



PokerStars Hand #232681000592:  Hold'em No Limit ($0.01/$0.02 USD) - 2021/12/30 22:10:02 PT [2021/12/31 1:10:02 ET]
Table 'Laodica II' 9-max Seat #6 is the button
Seat 1: A.DOD4 ($2.05 in chips) 
Seat 2: Tavrus32 ($2.08 in chips) 
Seat 3: crossfade1 ($1.09 in chips) 
Seat 4: GianniML ($1.78 in chips) 
Seat 5: VTN*81 ($2.70 in chips) 
Seat 6: madmunx ($1.56 in chips) 
Seat 7: KingzClub ($4.11 in chips) 
Seat 8: Dorex2007 ($2 in chips) 
Seat 9: PhatPanda420 ($2.46 in chips) 
KingzClub: posts small blind $0.01
Dorex2007: posts big blind $0.02
*** HOLE CARDS ***
Dealt to Dorex2007 [6d 3c]
PhatPanda420: folds 
A.DOD4: folds 
Tavrus32: folds 
crossfade1: folds 
GianniML: folds 
VTN*81: calls $0.02
madmunx: calls $0.02
KingzClub: calls $0.01
Dorex2007: checks 
*** FLOP *** [5d 9h As]
KingzClub: checks 
Dorex2007: checks 
VTN*81: checks 
madmunx: checks 
*** TURN *** [5d 9h As] [Jd]
KingzClub: checks 
Dorex2007: checks 
VTN*81: checks 
madmunx: checks 
*** RIVER *** [5d 9h As Jd] [3s]
KingzClub: checks 
Dorex2007: checks 
VTN*81: bets $0.10
madmunx: folds 
KingzClub: folds 
Dorex2007: folds 
Uncalled bet ($0.10) returned to VTN*81
VTN*81 collected $0.08 from pot
VTN*81: doesn't show hand 
*** SUMMARY ***
Total pot $0.08 | Rake $0 
Board [5d 9h As Jd 3s]
Seat 1: A.DOD4 folded before Flop (didn't bet)
Seat 2: Tavrus32 folded before Flop (didn't bet)
Seat 3: crossfade1 folded before Flop (didn't bet)
Seat 4: GianniML folded before Flop (didn't bet)
Seat 5: VTN*81 collected ($0.08)
Seat 6: madmunx (button) folded on the River
Seat 7: KingzClub (small blind) folded on the River
Seat 8: Dorex2007 (big blind) folded on the River
Seat 9: PhatPanda420 folded before Flop (didn't bet)



PokerStars Hand #232681010339:  Hold'em No Limit ($0.01/$0.02 USD) - 2021/12/30 22:11:04 PT [2021/12/31 1:11:04 ET]
Table 'Laodica II' 9-max Seat #7 is the button
Seat 1: A.DOD4 ($2.05 in chips) 
Seat 2: Tavrus32 ($2.08 in chips) 
Seat 3: crossfade1 ($1.09 in chips) 
Seat 4: GianniML ($1.78 in chips) 
Seat 5: VTN*81 ($2.76 in chips) 
Seat 6: madmunx ($1.54 in chips) 
Seat 7: KingzClub ($4.09 in chips) 
Seat 8: Dorex2007 ($2 in chips) 
Seat 9: PhatPanda420 ($2.46 in chips) 
Dorex2007: posts small blind $0.01
PhatPanda420: posts big blind $0.02
*** HOLE CARDS ***
Dealt to Dorex2007 [4s 8c]
A.DOD4: folds 
Tavrus32: folds 
crossfade1: folds 
GianniML: folds 
VTN*81: calls $0.02
madmunx: folds 
KingzClub: calls $0.02
Dorex2007: folds 
PhatPanda420: checks 
*** FLOP *** [As 9h 7d]
PhatPanda420: checks 
VTN*81: checks 
KingzClub: bets $0.02
PhatPanda420: folds 
VTN*81: folds 
Uncalled bet ($0.02) returned to KingzClub
KingzClub collected $0.07 from pot
KingzClub: doesn't show hand 
*** SUMMARY ***
Total pot $0.07 | Rake $0 
Board [As 9h 7d]
Seat 1: A.DOD4 folded before Flop (didn't bet)
Seat 2: Tavrus32 folded before Flop (didn't bet)
Seat 3: crossfade1 folded before Flop (didn't bet)
Seat 4: GianniML folded before Flop (didn't bet)
Seat 5: VTN*81 folded on the Flop
Seat 6: madmunx folded before Flop (didn't bet)
Seat 7: KingzClub (button) collected ($0.07)
Seat 8: Dorex2007 (small blind) folded before Flop
Seat 9: PhatPanda420 (big blind) folded on the Flop



PokerStars Hand #232681014741:  Hold'em No Limit ($0.01/$0.02 USD) - 2021/12/30 22:11:32 PT [2021/12/31 1:11:32 ET]
Table 'Laodica II' 9-max Seat #8 is the button
Seat 1: A.DOD4 ($2.05 in chips) 
Seat 2: Tavrus32 ($2.08 in chips) 
Seat 3: crossfade1 ($1.09 in chips) 
Seat 4: GianniML ($1.78 in chips) 
Seat 5: VTN*81 ($2.74 in chips) 
Seat 6: madmunx ($1.54 in chips) 
Seat 7: KingzClub ($4.14 in chips) 
Seat 8: Dorex2007 ($2 in chips) 
Seat 9: PhatPanda420 ($2.44 in chips) 
PhatPanda420: posts small blind $0.01
A.DOD4: posts big blind $0.02
*** HOLE CARDS ***
Dealt to Dorex2007 [Kc Jd]
Tavrus32: folds 
crossfade1: folds 
GianniML: raises $0.04 to $0.06
VTN*81: folds 
madmunx: folds 
KingzClub: calls $0.06
Dorex2007: folds 
PhatPanda420: folds 
A.DOD4: calls $0.04
*** FLOP *** [7h 6d 4d]
A.DOD4: checks 
GianniML: bets $0.08
KingzClub: calls $0.08
A.DOD4: calls $0.08
*** TURN *** [7h 6d 4d] [9c]
A.DOD4: checks 
GianniML: checks 
KingzClub: checks 
*** RIVER *** [7h 6d 4d 9c] [2s]
A.DOD4: checks 
GianniML: bets $0.22
KingzClub: folds 
A.DOD4: folds 
Uncalled bet ($0.22) returned to GianniML
GianniML collected $0.41 from pot
GianniML: doesn't show hand 
*** SUMMARY ***
Total pot $0.43 | Rake $0.02 
Board [7h 6d 4d 9c 2s]
Seat 1: A.DOD4 (big blind) folded on the River
Seat 2: Tavrus32 folded before Flop (didn't bet)
Seat 3: crossfade1 folded before Flop (didn't bet)
Seat 4: GianniML collected ($0.41)
Seat 5: VTN*81 folded before Flop (didn't bet)
Seat 6: madmunx folded before Flop (didn't bet)
Seat 7: KingzClub folded on the River
Seat 8: Dorex2007 (button) folded before Flop (didn't bet)
Seat 9: PhatPanda420 (small blind) folded before Flop



PokerStars Hand #232681024344:  Hold'em No Limit ($0.01/$0.02 USD) - 2021/12/30 22:12:32 PT [2021/12/31 1:12:32 ET]
Table 'Laodica II' 9-max Seat #9 is the button
Seat 1: A.DOD4 ($2 in chips) 
Seat 2: Tavrus32 ($2.08 in chips) 
Seat 3: crossfade1 ($1.09 in chips) 
Seat 4: GianniML ($2.05 in chips) 
Seat 5: VTN*81 ($2.74 in chips) 
Seat 6: madmunx ($1.54 in chips) 
Seat 7: KingzClub ($4 in chips) 
Seat 8: Dorex2007 ($2 in chips) 
Seat 9: PhatPanda420 ($2.43 in chips) 
A.DOD4: posts small blind $0.01
Tavrus32: posts big blind $0.02
*** HOLE CARDS ***
Dealt to Dorex2007 [2h Ac]
crossfade1: folds 
GianniML: raises $0.08 to $0.10
VTN*81: folds 
VTN*81 leaves the table
madmunx: calls $0.10
KingzClub: calls $0.10
Dorex2007: folds 
PhatPanda420: folds 
A.DOD4: folds 
Tavrus32: folds 
*** FLOP *** [Ts 9d 8h]
GianniML: checks 
madmunx: checks 
KingzClub: bets $0.32
GianniML: folds 
madmunx: folds 
Uncalled bet ($0.32) returned to KingzClub
KingzClub collected $0.32 from pot
KingzClub: doesn't show hand 
*** SUMMARY ***
Total pot $0.33 | Rake $0.01 
Board [Ts 9d 8h]
Seat 1: A.DOD4 (small blind) folded before Flop
Seat 2: Tavrus32 (big blind) folded before Flop
Seat 3: crossfade1 folded before Flop (didn't bet)
Seat 4: GianniML folded on the Flop
Seat 5: VTN*81 folded before Flop (didn't bet)
Seat 6: madmunx folded on the Flop
Seat 7: KingzClub collected ($0.32)
Seat 8: Dorex2007 folded before Flop (didn't bet)
Seat 9: PhatPanda420 (button) folded before Flop (didn't bet)



PokerStars Hand #232681032243:  Hold'em No Limit ($0.01/$0.02 USD) - 2021/12/30 22:13:22 PT [2021/12/31 1:13:22 ET]
Table 'Laodica II' 9-max Seat #1 is the button
Seat 1: A.DOD4 ($2 in chips) 
Seat 2: Tavrus32 ($2.06 in chips) 
Seat 3: crossfade1 ($1.09 in chips) 
Seat 4: GianniML ($1.95 in chips) 
Seat 6: madmunx ($1.44 in chips) 
Seat 7: KingzClub ($4.22 in chips) 
Seat 8: Dorex2007 ($2 in chips) 
Seat 9: PhatPanda420 ($2.43 in chips) 
Tavrus32: posts small blind $0.01
crossfade1: posts big blind $0.02
*** HOLE CARDS ***
Dealt to Dorex2007 [5d 7h]
GianniML: folds 
madmunx: folds 
KingzClub: folds 
Dorex2007: folds 
PhatPanda420: folds 
A.DOD4: raises $0.03 to $0.05
Tavrus32: folds 
crossfade1: calls $0.03
*** FLOP *** [8h 9h 5c]
crossfade1: checks 
A.DOD4: checks 
*** TURN *** [8h 9h 5c] [2d]
crossfade1: bets $0.11
A.DOD4: folds 
Uncalled bet ($0.11) returned to crossfade1
crossfade1 collected $0.11 from pot
crossfade1: doesn't show hand 
*** SUMMARY ***
Total pot $0.11 | Rake $0 
Board [8h 9h 5c 2d]
Seat 1: A.DOD4 (button) folded on the Turn
Seat 2: Tavrus32 (small blind) folded before Flop
Seat 3: crossfade1 (big blind) collected ($0.11)
Seat 4: GianniML folded before Flop (didn't bet)
Seat 6: madmunx folded before Flop (didn't bet)
Seat 7: KingzClub folded before Flop (didn't bet)
Seat 8: Dorex2007 folded before Flop (didn't bet)
Seat 9: PhatPanda420 folded before Flop (didn't bet)



PokerStars Hand #232681038811:  Hold'em No Limit ($0.01/$0.02 USD) - 2021/12/30 22:14:04 PT [2021/12/31 1:14:04 ET]
Table 'Laodica II' 9-max Seat #2 is the button
Seat 1: A.DOD4 ($2 in chips) 
Seat 2: Tavrus32 ($2.05 in chips) 
Seat 3: crossfade1 ($1.15 in chips) 
Seat 4: GianniML ($1.95 in chips) 
Seat 6: madmunx ($1.44 in chips) 
Seat 7: KingzClub ($4.22 in chips) 
Seat 8: Dorex2007 ($2 in chips) 
Seat 9: PhatPanda420 ($2.43 in chips) 
crossfade1: posts small blind $0.01
GianniML: posts big blind $0.02
*** HOLE CARDS ***
Dealt to Dorex2007 [3s Qd]
madmunx: folds 
No]I[bIk joins the table at seat #5 
KingzClub: calls $0.02
Dorex2007: folds 
PhatPanda420: folds 
A.DOD4: folds 
Tavrus32: folds 
crossfade1: calls $0.01
GianniML: checks 
*** FLOP *** [Kc 5d 2c]
crossfade1: checks 
GianniML: checks 
KingzClub: bets $0.06
crossfade1: folds 
GianniML: folds 
Uncalled bet ($0.06) returned to KingzClub
KingzClub collected $0.06 from pot
KingzClub: doesn't show hand 
*** SUMMARY ***
Total pot $0.06 | Rake $0 
Board [Kc 5d 2c]
Seat 1: A.DOD4 folded before Flop (didn't bet)
Seat 2: Tavrus32 (button) folded before Flop (didn't bet)
Seat 3: crossfade1 (small blind) folded on the Flop
Seat 4: GianniML (big blind) folded on the Flop
Seat 6: madmunx folded before Flop (didn't bet)
Seat 7: KingzClub collected ($0.06)
Seat 8: Dorex2007 folded before Flop (didn't bet)
Seat 9: PhatPanda420 folded before Flop (didn't bet)



PokerStars Hand #232681045310:  Hold'em No Limit ($0.01/$0.02 USD) - 2021/12/30 22:14:44 PT [2021/12/31 1:14:44 ET]
Table 'Laodica II' 9-max Seat #3 is the button
Seat 1: A.DOD4 ($2 in chips) 
Seat 2: Tavrus32 ($2.05 in chips) 
Seat 3: crossfade1 ($1.13 in chips) 
Seat 4: GianniML ($1.93 in chips) 
Seat 5: No]I[bIk ($2 in chips) 
Seat 6: madmunx ($1.44 in chips) 
Seat 7: KingzClub ($4.26 in chips) 
Seat 8: Dorex2007 ($2 in chips) 
Seat 9: PhatPanda420 ($2.43 in chips) 
GianniML: posts small blind $0.01
No]I[bIk: posts big blind $0.02
*** HOLE CARDS ***
Dealt to Dorex2007 [9c 2d]
madmunx: folds 
KingzClub: calls $0.02
Dorex2007: folds 
PhatPanda420: folds 
A.DOD4: raises $0.03 to $0.05
Tavrus32: folds 
crossfade1: folds 
GianniML: folds 
No]I[bIk: folds 
KingzClub: calls $0.03
*** FLOP *** [Qd Kd Qh]
KingzClub: checks 
A.DOD4: checks 
*** TURN *** [Qd Kd Qh] [Qc]
KingzClub: bets $0.02
A.DOD4: folds 
Uncalled bet ($0.02) returned to KingzClub
KingzClub collected $0.13 from pot
KingzClub: doesn't show hand 
*** SUMMARY ***
Total pot $0.13 | Rake $0 
Board [Qd Kd Qh Qc]
Seat 1: A.DOD4 folded on the Turn
Seat 2: Tavrus32 folded before Flop (didn't bet)
Seat 3: crossfade1 (button) folded before Flop (didn't bet)
Seat 4: GianniML (small blind) folded before Flop
Seat 5: No]I[bIk (big blind) folded before Flop
Seat 6: madmunx folded before Flop (didn't bet)
Seat 7: KingzClub collected ($0.13)
Seat 8: Dorex2007 folded before Flop (didn't bet)
Seat 9: PhatPanda420 folded before Flop (didn't bet)



PokerStars Hand #232681051506:  Hold'em No Limit ($0.01/$0.02 USD) - 2021/12/30 22:15:23 PT [2021/12/31 1:15:23 ET]
Table 'Laodica II' 9-max Seat #4 is the button
Seat 1: A.DOD4 ($2 in chips) 
Seat 2: Tavrus32 ($2.05 in chips) 
Seat 3: crossfade1 ($1.13 in chips) 
Seat 4: GianniML ($1.92 in chips) 
Seat 5: No]I[bIk ($2 in chips) 
Seat 6: madmunx ($1.44 in chips) 
Seat 7: KingzClub ($4.34 in chips) 
Seat 8: Dorex2007 ($2 in chips) 
Seat 9: PhatPanda420 ($2.43 in chips) 
No]I[bIk: posts small blind $0.01
madmunx: posts big blind $0.02
*** HOLE CARDS ***
Dealt to Dorex2007 [7s Ad]
KingzClub: folds 
Dorex2007: folds 
PhatPanda420: folds 
A.DOD4: folds 
Tavrus32: folds 
crossfade1: folds 
GianniML: folds 
No]I[bIk: folds 
Uncalled bet ($0.01) returned to madmunx
madmunx collected $0.02 from pot
madmunx: doesn't show hand 
*** SUMMARY ***
Total pot $0.02 | Rake $0 
Seat 1: A.DOD4 folded before Flop (didn't bet)
Seat 2: Tavrus32 folded before Flop (didn't bet)
Seat 3: crossfade1 folded before Flop (didn't bet)
Seat 4: GianniML (button) folded before Flop (didn't bet)
Seat 5: No]I[bIk (small blind) folded before Flop
Seat 6: madmunx (big blind) collected ($0.02)
Seat 7: KingzClub folded before Flop (didn't bet)
Seat 8: Dorex2007 folded before Flop (didn't bet)
Seat 9: PhatPanda420 folded before Flop (didn't bet)



PokerStars Hand #232681054114:  Hold'em No Limit ($0.01/$0.02 USD) - 2021/12/30 22:15:40 PT [2021/12/31 1:15:40 ET]
Table 'Laodica II' 9-max Seat #5 is the button
Seat 1: A.DOD4 ($2 in chips) 
Seat 2: Tavrus32 ($2.05 in chips) 
Seat 3: crossfade1 ($1.13 in chips) 
Seat 4: GianniML ($1.92 in chips) 
Seat 5: No]I[bIk ($2 in chips) 
Seat 6: madmunx ($1.45 in chips) 
Seat 7: KingzClub ($4.34 in chips) 
Seat 8: Dorex2007 ($2 in chips) 
Seat 9: PhatPanda420 ($2.43 in chips) 
madmunx: posts small blind $0.01
KingzClub: posts big blind $0.02
*** HOLE CARDS ***
Dealt to Dorex2007 [4c Ts]
Dorex2007: folds 
PhatPanda420: folds 
A.DOD4: folds 
Tavrus32: folds 
crossfade1: folds 
GianniML: folds 
No]I[bIk: folds 
madmunx: folds 
Uncalled bet ($0.01) returned to KingzClub
KingzClub collected $0.02 from pot
KingzClub: doesn't show hand 
*** SUMMARY ***
Total pot $0.02 | Rake $0 
Seat 1: A.DOD4 folded before Flop (didn't bet)
Seat 2: Tavrus32 folded before Flop (didn't bet)
Seat 3: crossfade1 folded before Flop (didn't bet)
Seat 4: GianniML folded before Flop (didn't bet)
Seat 5: No]I[bIk (button) folded before Flop (didn't bet)
Seat 6: madmunx (small blind) folded before Flop
Seat 7: KingzClub (big blind) collected ($0.02)
Seat 8: Dorex2007 folded before Flop (didn't bet)
Seat 9: PhatPanda420 folded before Flop (didn't bet)



PokerStars Hand #232681056934:  Hold'em No Limit ($0.01/$0.02 USD) - 2021/12/30 22:15:58 PT [2021/12/31 1:15:58 ET]
Table 'Laodica II' 9-max Seat #6 is the button
Seat 1: A.DOD4 ($2 in chips) 
Seat 2: Tavrus32 ($2.05 in chips) 
Seat 3: crossfade1 ($1.13 in chips) 
Seat 4: GianniML ($1.92 in chips) 
Seat 5: No]I[bIk ($2 in chips) 
Seat 6: madmunx ($1.44 in chips) 
Seat 7: KingzClub ($4.35 in chips) 
Seat 8: Dorex2007 ($2 in chips) 
Seat 9: PhatPanda420 ($2.43 in chips) 
KingzClub: posts small blind $0.01
Dorex2007: posts big blind $0.02
*** HOLE CARDS ***
Dealt to Dorex2007 [Jh 3h]
PhatPanda420: folds 
A.DOD4: folds 
Tavrus32: folds 
crossfade1: folds 
GianniML: folds 
No]I[bIk: folds 
madmunx: folds 
KingzClub: raises $0.04 to $0.06
Dorex2007: folds 
Uncalled bet ($0.04) returned to KingzClub
KingzClub collected $0.04 from pot
KingzClub: doesn't show hand 
*** SUMMARY ***
Total pot $0.04 | Rake $0 
Seat 1: A.DOD4 folded before Flop (didn't bet)
Seat 2: Tavrus32 folded before Flop (didn't bet)
Seat 3: crossfade1 folded before Flop (didn't bet)
Seat 4: GianniML folded before Flop (didn't bet)
Seat 5: No]I[bIk folded before Flop (didn't bet)
Seat 6: madmunx (button) folded before Flop (didn't bet)
Seat 7: KingzClub (small blind) collected ($0.04)
Seat 8: Dorex2007 (big blind) folded before Flop
Seat 9: PhatPanda420 folded before Flop (didn't bet)



PokerStars Hand #232681059048:  Hold'em No Limit ($0.01/$0.02 USD) - 2021/12/30 22:16:12 PT [2021/12/31 1:16:12 ET]
Table 'Laodica II' 9-max Seat #7 is the button
Seat 1: A.DOD4 ($2 in chips) 
Seat 2: Tavrus32 ($2.05 in chips) 
Seat 3: crossfade1 ($1.13 in chips) 
Seat 4: GianniML ($1.92 in chips) 
Seat 5: No]I[bIk ($2 in chips) 
Seat 6: madmunx ($1.44 in chips) 
Seat 7: KingzClub ($4.37 in chips) 
Seat 8: Dorex2007 ($2 in chips) 
Seat 9: PhatPanda420 ($2.43 in chips) 
Dorex2007: posts small blind $0.01
PhatPanda420: posts big blind $0.02
*** HOLE CARDS ***
Dealt to Dorex2007 [8s 3h]
A.DOD4: folds 
Tavrus32: folds 
crossfade1: folds 
GianniML: folds 
No]I[bIk: folds 
madmunx: folds 
KingzClub: calls $0.02
Dorex2007: folds 
PhatPanda420: checks 
*** FLOP *** [3c 6c Qc]
PhatPanda420: checks 
KingzClub: bets $0.02
PhatPanda420: folds 
Uncalled bet ($0.02) returned to KingzClub
KingzClub collected $0.05 from pot
KingzClub: doesn't show hand 
*** SUMMARY ***
Total pot $0.05 | Rake $0 
Board [3c 6c Qc]
Seat 1: A.DOD4 folded before Flop (didn't bet)
Seat 2: Tavrus32 folded before Flop (didn't bet)
Seat 3: crossfade1 folded before Flop (didn't bet)
Seat 4: GianniML folded before Flop (didn't bet)
Seat 5: No]I[bIk folded before Flop (didn't bet)
Seat 6: madmunx folded before Flop (didn't bet)
Seat 7: KingzClub (button) collected ($0.05)
Seat 8: Dorex2007 (small blind) folded before Flop
Seat 9: PhatPanda420 (big blind) folded on the Flop



PokerStars Hand #232681062895:  Hold'em No Limit ($0.01/$0.02 USD) - 2021/12/30 22:16:36 PT [2021/12/31 1:16:36 ET]
Table 'Laodica II' 9-max Seat #8 is the button
Seat 1: A.DOD4 ($2 in chips) 
Seat 2: Tavrus32 ($2.05 in chips) 
Seat 3: crossfade1 ($1.13 in chips) 
Seat 4: GianniML ($1.92 in chips) 
Seat 5: No]I[bIk ($2 in chips) 
Seat 6: madmunx ($1.44 in chips) 
Seat 7: KingzClub ($4.40 in chips) 
Seat 8: Dorex2007 ($2 in chips) 
Seat 9: PhatPanda420 ($2.41 in chips) 
PhatPanda420: posts small blind $0.01
A.DOD4: posts big blind $0.02
*** HOLE CARDS ***
Dealt to Dorex2007 [7c 9d]
Tavrus32: folds 
crossfade1: folds 
GianniML: folds 
No]I[bIk: raises $0.04 to $0.06
madmunx: folds 
KingzClub: folds 
Dorex2007: folds 
PhatPanda420: folds 
A.DOD4: folds 
Uncalled bet ($0.04) returned to No]I[bIk
No]I[bIk collected $0.05 from pot
No]I[bIk: doesn't show hand 
*** SUMMARY ***
Total pot $0.05 | Rake $0 
Seat 1: A.DOD4 (big blind) folded before Flop
Seat 2: Tavrus32 folded before Flop (didn't bet)
Seat 3: crossfade1 folded before Flop (didn't bet)
Seat 4: GianniML folded before Flop (didn't bet)
Seat 5: No]I[bIk collected ($0.05)
Seat 6: madmunx folded before Flop (didn't bet)
Seat 7: KingzClub folded before Flop (didn't bet)
Seat 8: Dorex2007 (button) folded before Flop (didn't bet)
Seat 9: PhatPanda420 (small blind) folded before Flop



PokerStars Hand #232681067373:  Hold'em No Limit ($0.01/$0.02 USD) - 2021/12/30 22:17:04 PT [2021/12/31 1:17:04 ET]
Table 'Laodica II' 9-max Seat #9 is the button
Seat 1: A.DOD4 ($2 in chips) 
Seat 2: Tavrus32 ($2.05 in chips) 
Seat 3: crossfade1 ($1.13 in chips) 
Seat 4: GianniML ($1.92 in chips) 
Seat 5: No]I[bIk ($2.03 in chips) 
Seat 6: madmunx ($1.44 in chips) 
Seat 7: KingzClub ($4.40 in chips) 
Seat 8: Dorex2007 ($2 in chips) 
Seat 9: PhatPanda420 ($2.40 in chips) 
A.DOD4: posts small blind $0.01
Tavrus32: posts big blind $0.02
*** HOLE CARDS ***
Dealt to Dorex2007 [7c 9h]
crossfade1: folds 
GianniML: folds 
No]I[bIk: folds 
madmunx: folds 
KingzClub: calls $0.02
Dorex2007: folds 
PhatPanda420: folds 
A.DOD4: folds 
Tavrus32: checks 
*** FLOP *** [Ac 3h 9d]
Tavrus32: checks 
KingzClub: bets $0.02
Tavrus32: folds 
Uncalled bet ($0.02) returned to KingzClub
KingzClub collected $0.05 from pot
KingzClub: doesn't show hand 
*** SUMMARY ***
Total pot $0.05 | Rake $0 
Board [Ac 3h 9d]
Seat 1: A.DOD4 (small blind) folded before Flop
Seat 2: Tavrus32 (big blind) folded on the Flop
Seat 3: crossfade1 folded before Flop (didn't bet)
Seat 4: GianniML folded before Flop (didn't bet)
Seat 5: No]I[bIk folded before Flop (didn't bet)
Seat 6: madmunx folded before Flop (didn't bet)
Seat 7: KingzClub collected ($0.05)
Seat 8: Dorex2007 folded before Flop (didn't bet)
Seat 9: PhatPanda420 (button) folded before Flop (didn't bet)



PokerStars Hand #232681071409:  Hold'em No Limit ($0.01/$0.02 USD) - 2021/12/30 22:17:30 PT [2021/12/31 1:17:30 ET]
Table 'Laodica II' 9-max Seat #1 is the button
Seat 1: A.DOD4 ($2 in chips) 
Seat 2: Tavrus32 ($2.03 in chips) 
Seat 3: crossfade1 ($1.13 in chips) 
Seat 4: GianniML ($1.92 in chips) 
Seat 5: No]I[bIk ($2.03 in chips) 
Seat 6: madmunx ($1.44 in chips) 
Seat 7: KingzClub ($4.43 in chips) 
Seat 8: Dorex2007 ($2 in chips) 
Seat 9: PhatPanda420 ($2.40 in chips) 
Tavrus32: posts small blind $0.01
crossfade1: posts big blind $0.02
*** HOLE CARDS ***
Dealt to Dorex2007 [8s 2s]
GianniML: calls $0.02
No]I[bIk: raises $0.06 to $0.08
madmunx: folds 
KingzClub: calls $0.08
Dorex2007: folds 
PhatPanda420: folds 
A.DOD4: folds 
Tavrus32: folds 
crossfade1: folds 
GianniML: calls $0.06
*** FLOP *** [3c 9h 7h]
GianniML: bets $0.06
No]I[bIk: calls $0.06
KingzClub: calls $0.06
*** TURN *** [3c 9h 7h] [Ac]
GianniML: checks 
No]I[bIk: bets $0.21
KingzClub: calls $0.21
GianniML: folds 
*** RIVER *** [3c 9h 7h Ac] [2c]
No]I[bIk: bets $0.42
KingzClub: folds 
Uncalled bet ($0.42) returned to No]I[bIk
No]I[bIk collected $0.84 from pot
No]I[bIk: doesn't show hand 
*** SUMMARY ***
Total pot $0.87 | Rake $0.03 
Board [3c 9h 7h Ac 2c]
Seat 1: A.DOD4 (button) folded before Flop (didn't bet)
Seat 2: Tavrus32 (small blind) folded before Flop
Seat 3: crossfade1 (big blind) folded before Flop
Seat 4: GianniML folded on the Turn
Seat 5: No]I[bIk collected ($0.84)
Seat 6: madmunx folded before Flop (didn't bet)
Seat 7: KingzClub folded on the River
Seat 8: Dorex2007 folded before Flop (didn't bet)
Seat 9: PhatPanda420 folded before Flop (didn't bet)



PokerStars Hand #232681081331:  Hold'em No Limit ($0.01/$0.02 USD) - 2021/12/30 22:18:33 PT [2021/12/31 1:18:33 ET]
Table 'Laodica II' 9-max Seat #2 is the button
Seat 1: A.DOD4 ($2 in chips) 
Seat 2: Tavrus32 ($2.02 in chips) 
Seat 3: crossfade1 ($1.11 in chips) 
Seat 4: GianniML ($1.78 in chips) 
Seat 5: No]I[bIk ($2.52 in chips) 
Seat 6: madmunx ($1.44 in chips) 
Seat 7: KingzClub ($4.08 in chips) 
Seat 8: Dorex2007 ($2 in chips) 
Seat 9: PhatPanda420 ($2.40 in chips) 
crossfade1: posts small blind $0.01
GianniML: posts big blind $0.02
*** HOLE CARDS ***
Dealt to Dorex2007 [6h 5s]
No]I[bIk: folds 
madmunx: folds 
KingzClub: folds 
Dorex2007: folds 
PhatPanda420: folds 
A.DOD4: folds 
Tavrus32: raises $0.04 to $0.06
crossfade1: folds 
GianniML: folds 
Uncalled bet ($0.04) returned to Tavrus32
Tavrus32 collected $0.05 from pot
Tavrus32: doesn't show hand 
*** SUMMARY ***
Total pot $0.05 | Rake $0 
Seat 1: A.DOD4 folded before Flop (didn't bet)
Seat 2: Tavrus32 (button) collected ($0.05)
Seat 3: crossfade1 (small blind) folded before Flop
Seat 4: GianniML (big blind) folded before Flop
Seat 5: No]I[bIk folded before Flop (didn't bet)
Seat 6: madmunx folded before Flop (didn't bet)
Seat 7: KingzClub folded before Flop (didn't bet)
Seat 8: Dorex2007 folded before Flop (didn't bet)
Seat 9: PhatPanda420 folded before Flop (didn't bet)



PokerStars Hand #232681084861:  Hold'em No Limit ($0.01/$0.02 USD) - 2021/12/30 22:18:55 PT [2021/12/31 1:18:55 ET]
Table 'Laodica II' 9-max Seat #3 is the button
Seat 1: A.DOD4 ($2 in chips) 
Seat 2: Tavrus32 ($2.05 in chips) 
Seat 3: crossfade1 ($1.10 in chips) 
Seat 4: GianniML ($1.76 in chips) 
Seat 5: No]I[bIk ($2.52 in chips) 
Seat 6: madmunx ($1.44 in chips) 
Seat 7: KingzClub ($4.08 in chips) 
Seat 8: Dorex2007 ($2 in chips) 
Seat 9: PhatPanda420 ($2.40 in chips) 
GianniML: posts small blind $0.01
No]I[bIk: posts big blind $0.02
*** HOLE CARDS ***
Dealt to Dorex2007 [4c 9s]
madmunx: folds 
KingzClub: folds 
Dorex2007: folds 
PhatPanda420: folds 
A.DOD4: raises $0.03 to $0.05
Tavrus32: raises $0.13 to $0.18
crossfade1: folds 
GianniML: folds 
No]I[bIk: folds 
A.DOD4: folds 
Uncalled bet ($0.13) returned to Tavrus32
Tavrus32 collected $0.13 from pot
Tavrus32: doesn't show hand 
*** SUMMARY ***
Total pot $0.13 | Rake $0 
Seat 1: A.DOD4 folded before Flop
Seat 2: Tavrus32 collected ($0.13)
Seat 3: crossfade1 (button) folded before Flop (didn't bet)
Seat 4: GianniML (small blind) folded before Flop
Seat 5: No]I[bIk (big blind) folded before Flop
Seat 6: madmunx folded before Flop (didn't bet)
Seat 7: KingzClub folded before Flop (didn't bet)
Seat 8: Dorex2007 folded before Flop (didn't bet)
Seat 9: PhatPanda420 folded before Flop (didn't bet)



PokerStars Hand #232681088400:  Hold'em No Limit ($0.01/$0.02 USD) - 2021/12/30 22:19:18 PT [2021/12/31 1:19:18 ET]
Table 'Laodica II' 9-max Seat #4 is the button
Seat 1: A.DOD4 ($2 in chips) 
Seat 2: Tavrus32 ($2.13 in chips) 
Seat 3: crossfade1 ($1.10 in chips) 
Seat 4: GianniML ($1.75 in chips) 
Seat 5: No]I[bIk ($2.50 in chips) 
Seat 6: madmunx ($1.44 in chips) 
Seat 7: KingzClub ($4.08 in chips) 
Seat 8: Dorex2007 ($2 in chips) 
Seat 9: PhatPanda420 ($2.40 in chips) 
No]I[bIk: posts small blind $0.01
madmunx: posts big blind $0.02
*** HOLE CARDS ***
Dealt to Dorex2007 [9d Th]
KingzClub: folds 
Dorex2007: folds 
PhatPanda420: raises $0.02 to $0.04
A.DOD4: folds 
KingzClub leaves the table
Tavrus32: folds 
crossfade1: folds 
GianniML: folds 
No]I[bIk: folds 
madmunx: folds 
Uncalled bet ($0.02) returned to PhatPanda420
PhatPanda420 collected $0.05 from pot
PhatPanda420: doesn't show hand 
*** SUMMARY ***
Total pot $0.05 | Rake $0 
Seat 1: A.DOD4 folded before Flop (didn't bet)
Seat 2: Tavrus32 folded before Flop (didn't bet)
Seat 3: crossfade1 folded before Flop (didn't bet)
Seat 4: GianniML (button) folded before Flop (didn't bet)
Seat 5: No]I[bIk (small blind) folded before Flop
Seat 6: madmunx (big blind) folded before Flop
Seat 7: KingzClub folded before Flop (didn't bet)
Seat 8: Dorex2007 folded before Flop (didn't bet)
Seat 9: PhatPanda420 collected ($0.05)



PokerStars Hand #232681091692:  Hold'em No Limit ($0.01/$0.02 USD) - 2021/12/30 22:19:39 PT [2021/12/31 1:19:39 ET]
Table 'Laodica II' 9-max Seat #5 is the button
Seat 1: A.DOD4 ($2 in chips) 
Seat 2: Tavrus32 ($2.13 in chips) 
Seat 3: crossfade1 ($1.10 in chips) 
Seat 4: GianniML ($1.75 in chips) 
Seat 5: No]I[bIk ($2.49 in chips) 
Seat 6: madmunx ($1.42 in chips) 
Seat 8: Dorex2007 ($2 in chips) 
Seat 9: PhatPanda420 ($2.43 in chips) 
madmunx: posts small blind $0.01
Dorex2007: posts big blind $0.02
*** HOLE CARDS ***
Dealt to Dorex2007 [8s 7s]
PhatPanda420: folds 
A.DOD4: folds 
Myrr07 joins the table at seat #7 
Tavrus32: folds 
crossfade1: raises $0.02 to $0.04
GianniML: folds 
No]I[bIk: folds 
madmunx: calls $0.03
Dorex2007: calls $0.02
*** FLOP *** [Kh Ks Th]
madmunx: checks 
Dorex2007: checks 
crossfade1: bets $0.06
madmunx: folds 
Dorex2007: folds 
Uncalled bet ($0.06) returned to crossfade1
crossfade1 collected $0.12 from pot
crossfade1: doesn't show hand 
*** SUMMARY ***
Total pot $0.12 | Rake $0 
Board [Kh Ks Th]
Seat 1: A.DOD4 folded before Flop (didn't bet)
Seat 2: Tavrus32 folded before Flop (didn't bet)
Seat 3: crossfade1 collected ($0.12)
Seat 4: GianniML folded before Flop (didn't bet)
Seat 5: No]I[bIk (button) folded before Flop (didn't bet)
Seat 6: madmunx (small blind) folded on the Flop
Seat 8: Dorex2007 (big blind) folded on the Flop
Seat 9: PhatPanda420 folded before Flop (didn't bet)



PokerStars Hand #232681098368:  Hold'em No Limit ($0.01/$0.02 USD) - 2021/12/30 22:20:22 PT [2021/12/31 1:20:22 ET]
Table 'Laodica II' 9-max Seat #6 is the button
Seat 1: A.DOD4 ($2 in chips) 
Seat 2: Tavrus32 ($2.13 in chips) 
Seat 3: crossfade1 ($1.18 in chips) 
Seat 4: GianniML ($1.75 in chips) 
Seat 5: No]I[bIk ($2.49 in chips) 
Seat 6: madmunx ($1.38 in chips) 
Seat 8: Dorex2007 ($2 in chips) 
Seat 9: PhatPanda420 ($2.43 in chips) 
Dorex2007: posts small blind $0.01
PhatPanda420: posts big blind $0.02
*** HOLE CARDS ***
Dealt to Dorex2007 [Ac 8d]
A.DOD4: folds 
Tavrus32: folds 
crossfade1: folds 
GianniML: folds 
No]I[bIk: raises $0.04 to $0.06
madmunx: folds 
Dorex2007: folds 
PhatPanda420: folds 
Uncalled bet ($0.04) returned to No]I[bIk
No]I[bIk collected $0.05 from pot
No]I[bIk: doesn't show hand 
*** SUMMARY ***
Total pot $0.05 | Rake $0 
Seat 1: A.DOD4 folded before Flop (didn't bet)
Seat 2: Tavrus32 folded before Flop (didn't bet)
Seat 3: crossfade1 folded before Flop (didn't bet)
Seat 4: GianniML folded before Flop (didn't bet)
Seat 5: No]I[bIk collected ($0.05)
Seat 6: madmunx (button) folded before Flop (didn't bet)
Seat 8: Dorex2007 (small blind) folded before Flop
Seat 9: PhatPanda420 (big blind) folded before Flop



PokerStars Hand #232681110521:  Hold'em No Limit ($0.01/$0.02 USD) - 2021/12/30 22:20:39 PT [2021/12/31 1:20:39 ET]
Table 'Laodica II' 9-max Seat #8 is the button
Seat 1: A.DOD4 ($2 in chips) 
Seat 2: Tavrus32 ($2.13 in chips) 
Seat 3: crossfade1 ($1.18 in chips) 
Seat 4: GianniML ($1.75 in chips) 
Seat 5: No]I[bIk ($2.52 in chips) 
Seat 6: madmunx ($1.38 in chips) 
Seat 7: Myrr07 ($0.80 in chips) 
Seat 8: Dorex2007 ($2 in chips) 
Seat 9: PhatPanda420 ($2.41 in chips) 
PhatPanda420: posts small blind $0.01
A.DOD4: posts big blind $0.02
Myrr07: posts big blind $0.02
*** HOLE CARDS ***
Dealt to Dorex2007 [8d 5d]
Tavrus32: folds 
crossfade1: folds 
GianniML: folds 
No]I[bIk: calls $0.02
madmunx: raises $0.04 to $0.06
Myrr07: calls $0.04
Dorex2007: folds 
PhatPanda420: folds 
A.DOD4: folds 
No]I[bIk: folds 
*** FLOP *** [6c 5c Ad]
madmunx: checks 
Myrr07: checks 
*** TURN *** [6c 5c Ad] [Jh]
madmunx: bets $0.12
Myrr07: calls $0.12
*** RIVER *** [6c 5c Ad Jh] [7d]
madmunx: bets $0.20
Myrr07: folds 
Uncalled bet ($0.20) returned to madmunx
madmunx collected $0.40 from pot
madmunx: doesn't show hand 
*** SUMMARY ***
Total pot $0.41 | Rake $0.01 
Board [6c 5c Ad Jh 7d]
Seat 1: A.DOD4 (big blind) folded before Flop
Seat 2: Tavrus32 folded before Flop (didn't bet)
Seat 3: crossfade1 folded before Flop (didn't bet)
Seat 4: GianniML folded before Flop (didn't bet)
Seat 5: No]I[bIk folded before Flop
Seat 6: madmunx collected ($0.40)
Seat 7: Myrr07 folded on the River
Seat 8: Dorex2007 (button) folded before Flop (didn't bet)
Seat 9: PhatPanda420 (small blind) folded before Flop



PokerStars Hand #232681118801:  Hold'em No Limit ($0.01/$0.02 USD) - 2021/12/30 22:21:31 PT [2021/12/31 1:21:31 ET]
Table 'Laodica II' 9-max Seat #9 is the button
Seat 1: A.DOD4 ($2 in chips) 
Seat 2: Tavrus32 ($2.13 in chips) 
Seat 3: crossfade1 ($1.18 in chips) 
Seat 4: GianniML ($1.75 in chips) 
Seat 5: No]I[bIk ($2.50 in chips) 
Seat 6: madmunx ($1.60 in chips) 
Seat 7: Myrr07 ($0.62 in chips) 
Seat 8: Dorex2007 ($2 in chips) 
Seat 9: PhatPanda420 ($2.40 in chips) 
A.DOD4: posts small blind $0.01
Tavrus32: posts big blind $0.02
*** HOLE CARDS ***
Dealt to Dorex2007 [8c Kc]
crossfade1: folds 
GianniML: folds 
No]I[bIk: folds 
madmunx: folds 
Myrr07: folds 
Dorex2007: raises $0.04 to $0.06
PhatPanda420: folds 
A.DOD4: folds 
Tavrus32: folds 
Uncalled bet ($0.04) returned to Dorex2007
Dorex2007 collected $0.05 from pot
Dorex2007: doesn't show hand 
*** SUMMARY ***
Total pot $0.05 | Rake $0 
Seat 1: A.DOD4 (small blind) folded before Flop
Seat 2: Tavrus32 (big blind) folded before Flop
Seat 3: crossfade1 folded before Flop (didn't bet)
Seat 4: GianniML folded before Flop (didn't bet)
Seat 5: No]I[bIk folded before Flop (didn't bet)
Seat 6: madmunx folded before Flop (didn't bet)
Seat 7: Myrr07 folded before Flop (didn't bet)
Seat 8: Dorex2007 collected ($0.05)
Seat 9: PhatPanda420 (button) folded before Flop (didn't bet)



PokerStars Hand #232681122762:  Hold'em No Limit ($0.01/$0.02 USD) - 2021/12/30 22:21:57 PT [2021/12/31 1:21:57 ET]
Table 'Laodica II' 9-max Seat #1 is the button
Seat 1: A.DOD4 ($2 in chips) 
Seat 2: Tavrus32 ($2.11 in chips) 
Seat 3: crossfade1 ($1.18 in chips) 
Seat 4: GianniML ($1.75 in chips) 
Seat 5: No]I[bIk ($2.50 in chips) 
Seat 6: madmunx ($1.60 in chips) 
Seat 7: Myrr07 ($0.62 in chips) 
Seat 8: Dorex2007 ($2.03 in chips) 
Seat 9: PhatPanda420 ($2.40 in chips) 
Tavrus32: posts small blind $0.01
crossfade1: posts big blind $0.02
*** HOLE CARDS ***
Dealt to Dorex2007 [5h 6d]
GianniML: folds 
No]I[bIk: folds 
madmunx: folds 
Myrr07: calls $0.02
Dorex2007: folds 
PhatPanda420: folds 
A.DOD4: folds 
Tavrus32: calls $0.01
crossfade1: checks 
*** FLOP *** [Jd 3c 2d]
Tavrus32: bets $0.04
crossfade1: folds 
Myrr07: folds 
Uncalled bet ($0.04) returned to Tavrus32
Tavrus32 collected $0.06 from pot
Tavrus32: doesn't show hand 
*** SUMMARY ***
Total pot $0.06 | Rake $0 
Board [Jd 3c 2d]
Seat 1: A.DOD4 (button) folded before Flop (didn't bet)
Seat 2: Tavrus32 (small blind) collected ($0.06)
Seat 3: crossfade1 (big blind) folded on the Flop
Seat 4: GianniML folded before Flop (didn't bet)
Seat 5: No]I[bIk folded before Flop (didn't bet)
Seat 6: madmunx folded before Flop (didn't bet)
Seat 7: Myrr07 folded on the Flop
Seat 8: Dorex2007 folded before Flop (didn't bet)
Seat 9: PhatPanda420 folded before Flop (didn't bet)



PokerStars Hand #232681127222:  Hold'em No Limit ($0.01/$0.02 USD) - 2021/12/30 22:22:24 PT [2021/12/31 1:22:24 ET]
Table 'Laodica II' 9-max Seat #2 is the button
Seat 1: A.DOD4 ($2 in chips) 
Seat 2: Tavrus32 ($2.15 in chips) 
Seat 3: crossfade1 ($1.16 in chips) 
Seat 4: GianniML ($1.75 in chips) 
Seat 5: No]I[bIk ($2.50 in chips) 
Seat 6: madmunx ($1.60 in chips) 
Seat 7: Myrr07 ($0.60 in chips) 
Seat 8: Dorex2007 ($2.03 in chips) 
Seat 9: PhatPanda420 ($2.40 in chips) 
crossfade1: posts small blind $0.01
GianniML: posts big blind $0.02
*** HOLE CARDS ***
Dealt to Dorex2007 [Js 4s]
No]I[bIk: folds 
madmunx: folds 
Myrr07: raises $0.10 to $0.12
Dorex2007: folds 
PhatPanda420: folds 
A.DOD4: folds 
Tavrus32: folds 
crossfade1: calls $0.11
GianniML: folds 
*** FLOP *** [4d Td Kc]
crossfade1: checks 
Myrr07: bets $0.25
crossfade1: folds 
Uncalled bet ($0.25) returned to Myrr07
Myrr07 collected $0.25 from pot
Myrr07: doesn't show hand 
*** SUMMARY ***
Total pot $0.26 | Rake $0.01 
Board [4d Td Kc]
Seat 1: A.DOD4 folded before Flop (didn't bet)
Seat 2: Tavrus32 (button) folded before Flop (didn't bet)
Seat 3: crossfade1 (small blind) folded on the Flop
Seat 4: GianniML (big blind) folded before Flop
Seat 5: No]I[bIk folded before Flop (didn't bet)
Seat 6: madmunx folded before Flop (didn't bet)
Seat 7: Myrr07 collected ($0.25)
Seat 8: Dorex2007 folded before Flop (didn't bet)
Seat 9: PhatPanda420 folded before Flop (didn't bet)



PokerStars Hand #232681133105:  Hold'em No Limit ($0.01/$0.02 USD) - 2021/12/30 22:23:02 PT [2021/12/31 1:23:02 ET]
Table 'Laodica II' 9-max Seat #3 is the button
Seat 1: A.DOD4 ($2 in chips) 
Seat 2: Tavrus32 ($2.15 in chips) 
Seat 3: crossfade1 ($1.04 in chips) 
Seat 4: GianniML ($1.73 in chips) 
Seat 5: No]I[bIk ($2.50 in chips) 
Seat 6: madmunx ($1.60 in chips) 
Seat 7: Myrr07 ($0.73 in chips) 
Seat 8: Dorex2007 ($2.03 in chips) 
Seat 9: PhatPanda420 ($2.40 in chips) 
GianniML: posts small blind $0.01
No]I[bIk: posts big blind $0.02
*** HOLE CARDS ***
Dealt to Dorex2007 [4d Tc]
madmunx: folds 
Myrr07: folds 
Dorex2007: folds 
PhatPanda420: raises $0.02 to $0.04
A.DOD4: folds 
Tavrus32: folds 
crossfade1: raises $0.04 to $0.08
GianniML: folds 
No]I[bIk: folds 
PhatPanda420: calls $0.04
*** FLOP *** [4s 2c Qd]
PhatPanda420: checks 
crossfade1: bets $0.18
PhatPanda420: folds 
Uncalled bet ($0.18) returned to crossfade1
crossfade1 collected $0.18 from pot
crossfade1: doesn't show hand 
*** SUMMARY ***
Total pot $0.19 | Rake $0.01 
Board [4s 2c Qd]
Seat 1: A.DOD4 folded before Flop (didn't bet)
Seat 2: Tavrus32 folded before Flop (didn't bet)
Seat 3: crossfade1 (button) collected ($0.18)
Seat 4: GianniML (small blind) folded before Flop
Seat 5: No]I[bIk (big blind) folded before Flop
Seat 6: madmunx folded before Flop (didn't bet)
Seat 7: Myrr07 folded before Flop (didn't bet)
Seat 8: Dorex2007 folded before Flop (didn't bet)
Seat 9: PhatPanda420 folded on the Flop



PokerStars Hand #232681141382:  Hold'em No Limit ($0.01/$0.02 USD) - 2021/12/30 22:23:54 PT [2021/12/31 1:23:54 ET]
Table 'Laodica II' 9-max Seat #4 is the button
Seat 1: A.DOD4 ($2 in chips) 
Seat 2: Tavrus32 ($2.15 in chips) 
Seat 3: crossfade1 ($1.14 in chips) 
Seat 4: GianniML ($1.72 in chips) 
Seat 5: No]I[bIk ($2.48 in chips) 
Seat 6: madmunx ($1.60 in chips) 
Seat 7: Myrr07 ($0.73 in chips) 
Seat 8: Dorex2007 ($2.03 in chips) 
Seat 9: PhatPanda420 ($2.32 in chips) 
No]I[bIk: posts small blind $0.01
madmunx: posts big blind $0.02
*** HOLE CARDS ***
Dealt to Dorex2007 [Th 7s]
Myrr07: calls $0.02
Dorex2007: folds 
PhatPanda420: folds 
A.DOD4: raises $0.03 to $0.05
Tavrus32: folds 
crossfade1: folds 
GianniML: folds 
No]I[bIk: folds 
madmunx: folds 
Myrr07: calls $0.03
*** FLOP *** [3s 5h Jd]
Myrr07: checks 
A.DOD4: checks 
*** TURN *** [3s 5h Jd] [Kh]
Myrr07: checks 
A.DOD4: checks 
*** RIVER *** [3s 5h Jd Kh] [8d]
Myrr07: checks 
A.DOD4: checks 
*** SHOW DOWN ***
Myrr07: shows [Qc Td] (high card King)
A.DOD4: shows [Ad Qs] (high card Ace)
A.DOD4 collected $0.13 from pot
*** SUMMARY ***
Total pot $0.13 | Rake $0 
Board [3s 5h Jd Kh 8d]
Seat 1: A.DOD4 showed [Ad Qs] and won ($0.13) with high card Ace
Seat 2: Tavrus32 folded before Flop (didn't bet)
Seat 3: crossfade1 folded before Flop (didn't bet)
Seat 4: GianniML (button) folded before Flop (didn't bet)
Seat 5: No]I[bIk (small blind) folded before Flop
Seat 6: madmunx (big blind) folded before Flop
Seat 7: Myrr07 showed [Qc Td] and lost with high card King
Seat 8: Dorex2007 folded before Flop (didn't bet)
Seat 9: PhatPanda420 folded before Flop (didn't bet)



PokerStars Hand #232681148965:  Hold'em No Limit ($0.01/$0.02 USD) - 2021/12/30 22:24:43 PT [2021/12/31 1:24:43 ET]
Table 'Laodica II' 9-max Seat #5 is the button
Seat 1: A.DOD4 ($2.08 in chips) 
Seat 2: Tavrus32 ($2.15 in chips) 
Seat 3: crossfade1 ($1.14 in chips) 
Seat 4: GianniML ($1.72 in chips) 
Seat 5: No]I[bIk ($2.47 in chips) 
Seat 6: madmunx ($1.58 in chips) 
Seat 7: Myrr07 ($0.68 in chips) 
Seat 8: Dorex2007 ($2.03 in chips) 
Seat 9: PhatPanda420 ($2.32 in chips) 
madmunx: posts small blind $0.01
Myrr07: posts big blind $0.02
*** HOLE CARDS ***
Dealt to Dorex2007 [7c 4c]
Dorex2007: folds 
PhatPanda420: raises $0.02 to $0.04
A.DOD4: folds 
Tavrus32: folds 
crossfade1: folds 
GianniML: calls $0.04
No]I[bIk: folds 
madmunx: folds 
Myrr07: folds 
*** FLOP *** [6c 5s Jh]
PhatPanda420: checks 
GianniML: checks 
*** TURN *** [6c 5s Jh] [As]
PhatPanda420: checks 
GianniML: bets $0.08
PhatPanda420: folds 
Uncalled bet ($0.08) returned to GianniML
GianniML collected $0.11 from pot
GianniML: doesn't show hand 
*** SUMMARY ***
Total pot $0.11 | Rake $0 
Board [6c 5s Jh As]
Seat 1: A.DOD4 folded before Flop (didn't bet)
Seat 2: Tavrus32 folded before Flop (didn't bet)
Seat 3: crossfade1 folded before Flop (didn't bet)
Seat 4: GianniML collected ($0.11)
Seat 5: No]I[bIk (button) folded before Flop (didn't bet)
Seat 6: madmunx (small blind) folded before Flop
Seat 7: Myrr07 (big blind) folded before Flop
Seat 8: Dorex2007 folded before Flop (didn't bet)
Seat 9: PhatPanda420 folded on the Turn



PokerStars Hand #232681154510:  Hold'em No Limit ($0.01/$0.02 USD) - 2021/12/30 22:25:18 PT [2021/12/31 1:25:18 ET]
Table 'Laodica II' 9-max Seat #6 is the button
Seat 1: A.DOD4 ($2.08 in chips) 
Seat 2: Tavrus32 ($2.15 in chips) 
Seat 4: GianniML ($1.79 in chips) 
Seat 5: No]I[bIk ($2.47 in chips) 
Seat 6: madmunx ($1.57 in chips) 
Seat 7: Myrr07 ($0.66 in chips) 
Seat 8: Dorex2007 ($2.03 in chips) 
Seat 9: PhatPanda420 ($2.28 in chips) 
Myrr07: posts small blind $0.01
Dorex2007: posts big blind $0.02
*** HOLE CARDS ***
Dealt to Dorex2007 [Jc Qs]
PhatPanda420: folds 
A.DOD4: raises $0.03 to $0.05
Tavrus32: folds 
GianniML: folds 
No]I[bIk: folds 
madmunx: folds 
Myrr07: folds 
Dorex2007: folds 
Uncalled bet ($0.03) returned to A.DOD4
A.DOD4 collected $0.05 from pot
A.DOD4: doesn't show hand 
*** SUMMARY ***
Total pot $0.05 | Rake $0 
Seat 1: A.DOD4 collected ($0.05)
Seat 2: Tavrus32 folded before Flop (didn't bet)
Seat 4: GianniML folded before Flop (didn't bet)
Seat 5: No]I[bIk folded before Flop (didn't bet)
Seat 6: madmunx (button) folded before Flop (didn't bet)
Seat 7: Myrr07 (small blind) folded before Flop
Seat 8: Dorex2007 (big blind) folded before Flop
Seat 9: PhatPanda420 folded before Flop (didn't bet)



PokerStars Hand #232681157147:  Hold'em No Limit ($0.01/$0.02 USD) - 2021/12/30 22:25:35 PT [2021/12/31 1:25:35 ET]
Table 'Laodica II' 9-max Seat #7 is the button
Seat 1: A.DOD4 ($2.11 in chips) 
Seat 2: Tavrus32 ($2.15 in chips) 
Seat 4: GianniML ($1.79 in chips) 
Seat 5: No]I[bIk ($2.47 in chips) 
Seat 6: madmunx ($1.57 in chips) 
Seat 7: Myrr07 ($0.65 in chips) 
Seat 8: Dorex2007 ($2.01 in chips) 
Seat 9: PhatPanda420 ($2.28 in chips) 
Dorex2007: posts small blind $0.01
PhatPanda420: posts big blind $0.02
*** HOLE CARDS ***
Dealt to Dorex2007 [Th 7c]
A.DOD4: raises $0.03 to $0.05
Tavrus32: folds 
GianniML: folds 
No]I[bIk: folds 
madmunx: folds 
Myrr07: folds 
Dorex2007: folds 
PhatPanda420: folds 
Uncalled bet ($0.03) returned to A.DOD4
PhatPanda420 leaves the table
A.DOD4 collected $0.05 from pot
A.DOD4: doesn't show hand 
*** SUMMARY ***
Total pot $0.05 | Rake $0 
Seat 1: A.DOD4 collected ($0.05)
Seat 2: Tavrus32 folded before Flop (didn't bet)
Seat 4: GianniML folded before Flop (didn't bet)
Seat 5: No]I[bIk folded before Flop (didn't bet)
Seat 6: madmunx folded before Flop (didn't bet)
Seat 7: Myrr07 (button) folded before Flop (didn't bet)
Seat 8: Dorex2007 (small blind) folded before Flop
Seat 9: PhatPanda420 (big blind) folded before Flop



PokerStars Hand #232681159768:  Hold'em No Limit ($0.01/$0.02 USD) - 2021/12/30 22:25:52 PT [2021/12/31 1:25:52 ET]
Table 'Laodica II' 9-max Seat #8 is the button
Seat 1: A.DOD4 ($2.14 in chips) 
Seat 2: Tavrus32 ($2.15 in chips) 
Seat 4: GianniML ($1.79 in chips) 
Seat 5: No]I[bIk ($2.47 in chips) 
Seat 6: madmunx ($1.57 in chips) 
Seat 7: Myrr07 ($0.65 in chips) 
Seat 8: Dorex2007 ($2 in chips) 
A.DOD4: posts small blind $0.01
Tavrus32: posts big blind $0.02
*** HOLE CARDS ***
Dealt to Dorex2007 [6h 9h]
GianniML: folds 
No]I[bIk: folds 
madmunx: folds 
Myrr07: raises $0.10 to $0.12
Dorex2007: folds 
A.DOD4: folds 
Tavrus32: folds 
Uncalled bet ($0.10) returned to Myrr07
Myrr07 collected $0.05 from pot
Myrr07: doesn't show hand 
*** SUMMARY ***
Total pot $0.05 | Rake $0 
Seat 1: A.DOD4 (small blind) folded before Flop
Seat 2: Tavrus32 (big blind) folded before Flop
Seat 4: GianniML folded before Flop (didn't bet)
Seat 5: No]I[bIk folded before Flop (didn't bet)
Seat 6: madmunx folded before Flop (didn't bet)
Seat 7: Myrr07 collected ($0.05)
Seat 8: Dorex2007 (button) folded before Flop (didn't bet)



PokerStars Hand #232681162808:  Hold'em No Limit ($0.01/$0.02 USD) - 2021/12/30 22:26:11 PT [2021/12/31 1:26:11 ET]
Table 'Laodica II' 9-max Seat #1 is the button
Seat 1: A.DOD4 ($2.13 in chips) 
Seat 2: Tavrus32 ($2.13 in chips) 
Seat 3: crossfade1 ($1.14 in chips) 
Seat 4: GianniML ($1.79 in chips) 
Seat 5: No]I[bIk ($2.47 in chips) 
Seat 6: madmunx ($1.57 in chips) 
Seat 7: Myrr07 ($0.68 in chips) 
Seat 8: Dorex2007 ($2 in chips) 
Tavrus32: posts small blind $0.01
crossfade1: posts big blind $0.02
*** HOLE CARDS ***
Dealt to Dorex2007 [2c 3s]
GianniML: folds 
No]I[bIk: folds 
madmunx: folds 
Myrr07: folds 
Dorex2007: folds 
A.DOD4: folds 
goku27420 joins the table at seat #9 
Tavrus32: raises $0.04 to $0.06
crossfade1: calls $0.04
*** FLOP *** [6h Jh Jc]
Tavrus32: checks 
crossfade1: bets $0.12
Tavrus32: folds 
Uncalled bet ($0.12) returned to crossfade1
crossfade1 collected $0.12 from pot
crossfade1: doesn't show hand 
*** SUMMARY ***
Total pot $0.12 | Rake $0 
Board [6h Jh Jc]
Seat 1: A.DOD4 (button) folded before Flop (didn't bet)
Seat 2: Tavrus32 (small blind) folded on the Flop
Seat 3: crossfade1 (big blind) collected ($0.12)
Seat 4: GianniML folded before Flop (didn't bet)
Seat 5: No]I[bIk folded before Flop (didn't bet)
Seat 6: madmunx folded before Flop (didn't bet)
Seat 7: Myrr07 folded before Flop (didn't bet)
Seat 8: Dorex2007 folded before Flop (didn't bet)



PokerStars Hand #232681167461:  Hold'em No Limit ($0.01/$0.02 USD) - 2021/12/30 22:26:40 PT [2021/12/31 1:26:40 ET]
Table 'Laodica II' 9-max Seat #2 is the button
Seat 1: A.DOD4 ($2.13 in chips) 
Seat 2: Tavrus32 ($2.07 in chips) 
Seat 3: crossfade1 ($1.20 in chips) 
Seat 4: GianniML ($1.79 in chips) 
Seat 5: No]I[bIk ($2.47 in chips) 
Seat 6: madmunx ($1.57 in chips) 
Seat 7: Myrr07 ($0.68 in chips) 
Seat 8: Dorex2007 ($2 in chips) 
Seat 9: goku27420 ($2 in chips) 
crossfade1: posts small blind $0.01
GianniML: posts big blind $0.02
goku27420: posts big blind $0.02
*** HOLE CARDS ***
Dealt to Dorex2007 [Ad Kd]
No]I[bIk: folds 
madmunx: calls $0.02
Myrr07: calls $0.02
Dorex2007: raises $0.10 to $0.12
goku27420: folds 
A.DOD4: folds 
Tavrus32: calls $0.12
crossfade1: folds 
GianniML: folds 
madmunx: calls $0.10
Myrr07: calls $0.10
*** FLOP *** [3d 7s 2s]
crossfade1 leaves the table
madmunx: checks 
No]I[bIk leaves the table
Myrr07: bets $0.26
Dorex2007: folds 
Tavrus32: folds 
madmunx: calls $0.26
*** TURN *** [3d 7s 2s] [8h]
madmunx: bets $0.30
Myrr07: calls $0.30 and is all-in
*** RIVER *** [3d 7s 2s 8h] [4c]
*** SHOW DOWN ***
madmunx: shows [7c Ac] (a pair of Sevens)
Myrr07: shows [2c 2d] (three of a kind, Deuces)
Myrr07 collected $1.59 from pot
*** SUMMARY ***
Total pot $1.65 | Rake $0.06 
Board [3d 7s 2s 8h 4c]
Seat 1: A.DOD4 folded before Flop (didn't bet)
Seat 2: Tavrus32 (button) folded on the Flop
Seat 3: crossfade1 (small blind) folded before Flop
Seat 4: GianniML (big blind) folded before Flop
Seat 5: No]I[bIk folded before Flop (didn't bet)
Seat 6: madmunx showed [7c Ac] and lost with a pair of Sevens
Seat 7: Myrr07 showed [2c 2d] and won ($1.59) with three of a kind, Deuces
Seat 8: Dorex2007 folded on the Flop
Seat 9: goku27420 folded before Flop (didn't bet)



PokerStars Hand #232681176288:  Hold'em No Limit ($0.01/$0.02 USD) - 2021/12/30 22:27:36 PT [2021/12/31 1:27:36 ET]
Table 'Laodica II' 9-max Seat #4 is the button
Seat 1: A.DOD4 ($2.13 in chips) 
Seat 2: Tavrus32 ($2 in chips) 
Seat 4: GianniML ($1.77 in chips) 
Seat 6: madmunx ($0.89 in chips) 
Seat 7: Myrr07 ($1.59 in chips) 
Seat 8: Dorex2007 ($2 in chips) 
Seat 9: goku27420 ($1.98 in chips) 
madmunx: posts small blind $0.01
Myrr07: posts big blind $0.02
*** HOLE CARDS ***
Dealt to Dorex2007 [Qs Qc]
Dorex2007: raises $0.04 to $0.06
goku27420: folds 
A.DOD4: folds 
Tavrus32: calls $0.06
GianniML: folds 
madmunx: folds 
Myrr07: folds 
*** FLOP *** [9s 2c 5d]
Dorex2007 is connected 
Dorex2007: bets $0.14
Tavrus32: folds 
Uncalled bet ($0.14) returned to Dorex2007
Dorex2007 collected $0.14 from pot
Dorex2007: doesn't show hand 
*** SUMMARY ***
Total pot $0.15 | Rake $0.01 
Board [9s 2c 5d]
Seat 1: A.DOD4 folded before Flop (didn't bet)
Seat 2: Tavrus32 folded on the Flop
Seat 4: GianniML (button) folded before Flop (didn't bet)
Seat 6: madmunx (small blind) folded before Flop
Seat 7: Myrr07 (big blind) folded before Flop
Seat 8: Dorex2007 collected ($0.14)
Seat 9: goku27420 folded before Flop (didn't bet)



PokerStars Hand #232681180245:  Hold'em No Limit ($0.01/$0.02 USD) - 2021/12/30 22:28:01 PT [2021/12/31 1:28:01 ET]
Table 'Laodica II' 9-max Seat #6 is the button
Seat 1: A.DOD4 ($2.13 in chips) 
Seat 2: Tavrus32 ($2 in chips) 
Seat 4: GianniML ($1.77 in chips) 
Seat 6: madmunx ($0.88 in chips) 
Seat 7: Myrr07 ($1.57 in chips) 
Seat 8: Dorex2007 ($2.08 in chips) 
Seat 9: goku27420 ($1.98 in chips) 
Myrr07: posts small blind $0.01
Dorex2007: posts big blind $0.02
*** HOLE CARDS ***
Dealt to Dorex2007 [6c 7s]
goku27420: folds 
A.DOD4: raises $0.03 to $0.05
Tavrus32: calls $0.05
GianniML: calls $0.05
madmunx: folds 
Myrr07: folds 
Dorex2007: folds 
*** FLOP *** [2s 9s Tc]
A.DOD4: bets $0.11
Tavrus32: folds 
GianniML: calls $0.11
*** TURN *** [2s 9s Tc] [Ts]
A.DOD4: checks 
GianniML: bets $0.28
A.DOD4: calls $0.28
*** RIVER *** [2s 9s Tc Ts] [5c]
A.DOD4: checks 
GianniML: bets $0.62
A.DOD4: folds 
Uncalled bet ($0.62) returned to GianniML
GianniML collected $0.93 from pot
GianniML: doesn't show hand 
*** SUMMARY ***
Total pot $0.96 | Rake $0.03 
Board [2s 9s Tc Ts 5c]
Seat 1: A.DOD4 folded on the River
Seat 2: Tavrus32 folded on the Flop
Seat 4: GianniML collected ($0.93)
Seat 6: madmunx (button) folded before Flop (didn't bet)
Seat 7: Myrr07 (small blind) folded before Flop
Seat 8: Dorex2007 (big blind) folded before Flop
Seat 9: goku27420 folded before Flop (didn't bet)



PokerStars Hand #232681192281:  Hold'em No Limit ($0.01/$0.02 USD) - 2021/12/30 22:29:19 PT [2021/12/31 1:29:19 ET]
Table 'Laodica II' 9-max Seat #7 is the button
Seat 1: A.DOD4 ($2 in chips) 
Seat 2: Tavrus32 ($2 in chips) 
Seat 4: GianniML ($2.26 in chips) 
Seat 6: madmunx ($0.88 in chips) 
Seat 7: Myrr07 ($1.56 in chips) 
Seat 8: Dorex2007 ($2.06 in chips) 
Seat 9: goku27420 ($1.98 in chips) 
Dorex2007: posts small blind $0.01
goku27420: posts big blind $0.02
*** HOLE CARDS ***
Dealt to Dorex2007 [Kh Jc]
A.DOD4: folds 
Tavrus32: raises $0.04 to $0.06
GianniML: folds 
madmunx: folds 
Myrr07: folds 
Dorex2007: folds 
goku27420: folds 
Uncalled bet ($0.04) returned to Tavrus32
Tavrus32 collected $0.05 from pot
Tavrus32: doesn't show hand 
*** SUMMARY ***
Total pot $0.05 | Rake $0 
Seat 1: A.DOD4 folded before Flop (didn't bet)
Seat 2: Tavrus32 collected ($0.05)
Seat 4: GianniML folded before Flop (didn't bet)
Seat 6: madmunx folded before Flop (didn't bet)
Seat 7: Myrr07 (button) folded before Flop (didn't bet)
Seat 8: Dorex2007 (small blind) folded before Flop
Seat 9: goku27420 (big blind) folded before Flop



PokerStars Hand #232681195577:  Hold'em No Limit ($0.01/$0.02 USD) - 2021/12/30 22:29:40 PT [2021/12/31 1:29:40 ET]
Table 'Laodica II' 9-max Seat #8 is the button
Seat 1: A.DOD4 ($2 in chips) 
Seat 2: Tavrus32 ($2.03 in chips) 
Seat 4: GianniML ($2.26 in chips) 
Seat 6: madmunx ($0.88 in chips) 
Seat 7: Myrr07 ($1.56 in chips) 
Seat 8: Dorex2007 ($2.05 in chips) 
Seat 9: goku27420 ($1.96 in chips) 
goku27420: posts small blind $0.01
A.DOD4: posts big blind $0.02
*** HOLE CARDS ***
Dealt to Dorex2007 [9s 4c]
Tavrus32: folds 
Tavrus32 leaves the table
GianniML: raises $0.02 to $0.04
madmunx: folds 
Myrr07: folds 
Dorex2007: folds 
goku27420: calls $0.03
A.DOD4: folds 
*** FLOP *** [Qs 2s 5h]
goku27420: bets $0.05
GianniML: folds 
Uncalled bet ($0.05) returned to goku27420
goku27420 collected $0.10 from pot
goku27420: doesn't show hand 
*** SUMMARY ***
Total pot $0.10 | Rake $0 
Board [Qs 2s 5h]
Seat 1: A.DOD4 (big blind) folded before Flop
Seat 2: Tavrus32 folded before Flop (didn't bet)
Seat 4: GianniML folded on the Flop
Seat 6: madmunx folded before Flop (didn't bet)
Seat 7: Myrr07 folded before Flop (didn't bet)
Seat 8: Dorex2007 (button) folded before Flop (didn't bet)
Seat 9: goku27420 (small blind) collected ($0.10)



PokerStars Hand #232681210490:  Hold'em No Limit ($0.01/$0.02 USD) - 2021/12/30 22:30:14 PT [2021/12/31 1:30:14 ET]
Table 'Laodica II' 9-max Seat #9 is the button
Seat 1: A.DOD4 ($2 in chips) 
Seat 4: GianniML ($2.22 in chips) 
Seat 6: madmunx ($0.88 in chips) 
Seat 7: Myrr07 ($1.56 in chips) 
Seat 8: Dorex2007 ($2.05 in chips) 
Seat 9: goku27420 ($2.02 in chips) 
A.DOD4: posts small blind $0.01
GianniML: posts big blind $0.02
*** HOLE CARDS ***
Dealt to Dorex2007 [Kd Jh]
madmunx: folds 
Myrr07: folds 
gn4444 joins the table at seat #3 
Dorex2007: calls $0.02
goku27420: raises $0.08 to $0.10
Gorniak A joins the table at seat #2 
A.DOD4: folds 
GianniML: folds 
Dorex2007: folds 
Uncalled bet ($0.08) returned to goku27420
goku27420 collected $0.07 from pot
goku27420: doesn't show hand 
*** SUMMARY ***
Total pot $0.07 | Rake $0 
Seat 1: A.DOD4 (small blind) folded before Flop
Seat 4: GianniML (big blind) folded before Flop
Seat 6: madmunx folded before Flop (didn't bet)
Seat 7: Myrr07 folded before Flop (didn't bet)
Seat 8: Dorex2007 folded before Flop
Seat 9: goku27420 (button) collected ($0.07)



PokerStars Hand #232681213980:  Hold'em No Limit ($0.01/$0.02 USD) - 2021/12/30 22:30:37 PT [2021/12/31 1:30:37 ET]
Table 'Laodica II' 9-max Seat #1 is the button
Seat 1: A.DOD4 ($2 in chips) 
Seat 4: GianniML ($2.20 in chips) 
Seat 6: madmunx ($0.88 in chips) 
Seat 7: Myrr07 ($1.56 in chips) 
Seat 8: Dorex2007 ($2.03 in chips) 
Seat 9: goku27420 ($2.07 in chips) 
GianniML: posts small blind $0.01
madmunx: posts big blind $0.02
*** HOLE CARDS ***
Dealt to Dorex2007 [7c 9d]
Myrr07: folds 
Dorex2007: folds 
goku27420: folds 
TaxedToDeath joins the table at seat #5 
A.DOD4: folds 
GianniML: calls $0.01
madmunx: checks 
*** FLOP *** [3s 2c 9c]
GianniML: checks 
madmunx: checks 
*** TURN *** [3s 2c 9c] [Ac]
GianniML: checks 
madmunx: checks 
*** RIVER *** [3s 2c 9c Ac] [Qd]
GianniML: checks 
madmunx: bets $0.04
GianniML: folds 
Uncalled bet ($0.04) returned to madmunx
madmunx collected $0.04 from pot
madmunx: doesn't show hand 
*** SUMMARY ***
Total pot $0.04 | Rake $0 
Board [3s 2c 9c Ac Qd]
Seat 1: A.DOD4 (button) folded before Flop (didn't bet)
Seat 4: GianniML (small blind) folded on the River
Seat 6: madmunx (big blind) collected ($0.04)
Seat 7: Myrr07 folded before Flop (didn't bet)
Seat 8: Dorex2007 folded before Flop (didn't bet)
Seat 9: goku27420 folded before Flop (didn't bet)



PokerStars Hand #232681220644:  Hold'em No Limit ($0.01/$0.02 USD) - 2021/12/30 22:31:20 PT [2021/12/31 1:31:20 ET]
Table 'Laodica II' 9-max Seat #4 is the button
Seat 1: A.DOD4 ($2 in chips) 
Seat 4: GianniML ($2.18 in chips) 
Seat 6: madmunx ($0.90 in chips) 
Seat 7: Myrr07 ($1.56 in chips) 
Seat 8: Dorex2007 ($2.03 in chips) 
Seat 9: goku27420 ($2.07 in chips) 
madmunx: posts small blind $0.01
Myrr07: posts big blind $0.02
Gorniak A: sits out 
gn4444: sits out 
*** HOLE CARDS ***
Dealt to Dorex2007 [Ah Kc]
Dorex2007: raises $0.04 to $0.06
goku27420: folds 
A.DOD4: folds 
GianniML: folds 
madmunx: folds 
Myrr07: folds 
Uncalled bet ($0.04) returned to Dorex2007
Dorex2007 collected $0.05 from pot
Dorex2007: doesn't show hand 
*** SUMMARY ***
Total pot $0.05 | Rake $0 
Seat 1: A.DOD4 folded before Flop (didn't bet)
Seat 4: GianniML (button) folded before Flop (didn't bet)
Seat 6: madmunx (small blind) folded before Flop
Seat 7: Myrr07 (big blind) folded before Flop
Seat 8: Dorex2007 collected ($0.05)
Seat 9: goku27420 folded before Flop (didn't bet)



PokerStars Hand #232681222295:  Hold'em No Limit ($0.01/$0.02 USD) - 2021/12/30 22:31:31 PT [2021/12/31 1:31:31 ET]
Table 'Laodica II' 9-max Seat #6 is the button
Seat 1: A.DOD4 ($2 in chips) 
Seat 4: GianniML ($2.18 in chips) 
Seat 5: TaxedToDeath ($2 in chips) 
Seat 6: madmunx ($0.89 in chips) 
Seat 7: Myrr07 ($1.54 in chips) 
Seat 8: Dorex2007 ($2.06 in chips) 
Seat 9: goku27420 ($2.07 in chips) 
Myrr07: posts small blind $0.01
Dorex2007: posts big blind $0.02
Gorniak A: sits out 
gn4444: sits out 
TaxedToDeath: posts big blind $0.02
*** HOLE CARDS ***
Dealt to Dorex2007 [8c Ad]
goku27420: folds 
A.DOD4: folds 
GianniML: raises $0.06 to $0.08
TaxedToDeath: folds 
madmunx: folds 
Myrr07: raises $0.20 to $0.28
Dorex2007: folds 
GianniML: folds 
Uncalled bet ($0.20) returned to Myrr07
Myrr07 collected $0.20 from pot
Myrr07: doesn't show hand 
*** SUMMARY ***
Total pot $0.20 | Rake $0 
Seat 1: A.DOD4 folded before Flop (didn't bet)
Seat 4: GianniML folded before Flop
Seat 5: TaxedToDeath folded before Flop (didn't bet)
Seat 6: madmunx (button) folded before Flop (didn't bet)
Seat 7: Myrr07 (small blind) collected ($0.20)
Seat 8: Dorex2007 (big blind) folded before Flop
Seat 9: goku27420 folded before Flop (didn't bet)



PokerStars Hand #232681230811:  Hold'em No Limit ($0.01/$0.02 USD) - 2021/12/30 22:32:13 PT [2021/12/31 1:32:13 ET]
Table 'Laodica II' 9-max Seat #7 is the button
Seat 1: A.DOD4 ($2 in chips) 
Seat 4: GianniML ($2.10 in chips) 
Seat 5: TaxedToDeath ($2 in chips) 
Seat 6: madmunx ($0.89 in chips) 
Seat 7: Myrr07 ($1.66 in chips) 
Seat 8: Dorex2007 ($2.04 in chips) 
Seat 9: goku27420 ($2.07 in chips) 
Dorex2007: posts small blind $0.01
goku27420: posts big blind $0.02
Gorniak A: sits out 
gn4444: sits out 
*** HOLE CARDS ***
Dealt to Dorex2007 [Qh Qd]
A.DOD4: folds 
GianniML: folds 
TaxedToDeath: folds 
madmunx: folds 
Myrr07: folds 
Dorex2007: raises $0.04 to $0.06
goku27420: folds 
Uncalled bet ($0.04) returned to Dorex2007
Dorex2007 collected $0.04 from pot
Dorex2007: doesn't show hand 
*** SUMMARY ***
Total pot $0.04 | Rake $0 
Seat 1: A.DOD4 folded before Flop (didn't bet)
Seat 4: GianniML folded before Flop (didn't bet)
Seat 5: TaxedToDeath folded before Flop (didn't bet)
Seat 6: madmunx folded before Flop (didn't bet)
Seat 7: Myrr07 (button) folded before Flop (didn't bet)
Seat 8: Dorex2007 (small blind) collected ($0.04)
Seat 9: goku27420 (big blind) folded before Flop



PokerStars Hand #232681233861:  Hold'em No Limit ($0.01/$0.02 USD) - 2021/12/30 22:32:33 PT [2021/12/31 1:32:33 ET]
Table 'Laodica II' 9-max Seat #8 is the button
Seat 1: A.DOD4 ($2 in chips) 
Seat 4: GianniML ($2.10 in chips) 
Seat 5: TaxedToDeath ($2 in chips) 
Seat 6: madmunx ($0.89 in chips) 
Seat 7: Myrr07 ($1.66 in chips) 
Seat 8: Dorex2007 ($2.06 in chips) 
Seat 9: goku27420 ($2.05 in chips) 
goku27420: posts small blind $0.01
A.DOD4: posts big blind $0.02
Gorniak A: sits out 
gn4444: sits out 
*** HOLE CARDS ***
Dealt to Dorex2007 [Tc 6d]
GianniML: folds 
TaxedToDeath: calls $0.02
madmunx: folds 
Myrr07: calls $0.02
Dorex2007: folds 
goku27420: calls $0.01
A.DOD4: checks 
*** FLOP *** [2d Ks 4s]
goku27420: checks 
A.DOD4: checks 
TaxedToDeath: checks 
Myrr07: bets $0.12
goku27420: calls $0.12
A.DOD4: folds 
TaxedToDeath: folds 
*** TURN *** [2d Ks 4s] [Jh]
goku27420: bets $0.15
Myrr07: calls $0.15
*** RIVER *** [2d Ks 4s Jh] [2s]
goku27420: bets $0.30
Myrr07: calls $0.30
*** SHOW DOWN ***
goku27420: shows [3s 5h] (a pair of Deuces)
Myrr07: shows [Kd Td] (two pair, Kings and Deuces)
Myrr07 collected $1.18 from pot
*** SUMMARY ***
Total pot $1.22 | Rake $0.04 
Board [2d Ks 4s Jh 2s]
Seat 1: A.DOD4 (big blind) folded on the Flop
Seat 4: GianniML folded before Flop (didn't bet)
Seat 5: TaxedToDeath folded on the Flop
Seat 6: madmunx folded before Flop (didn't bet)
Seat 7: Myrr07 showed [Kd Td] and won ($1.18) with two pair, Kings and Deuces
Seat 8: Dorex2007 (button) folded before Flop (didn't bet)
Seat 9: goku27420 (small blind) showed [3s 5h] and lost with a pair of Deuces



PokerStars Hand #232681243513:  Hold'em No Limit ($0.01/$0.02 USD) - 2021/12/30 22:33:35 PT [2021/12/31 1:33:35 ET]
Table 'Laodica II' 9-max Seat #9 is the button
Seat 1: A.DOD4 ($2 in chips) 
Seat 2: Gorniak A ($1.60 in chips) 
Seat 4: GianniML ($2.10 in chips) 
Seat 5: TaxedToDeath ($2 in chips) 
Seat 6: madmunx ($0.89 in chips) 
Seat 7: Myrr07 ($2.25 in chips) 
Seat 8: Dorex2007 ($2.06 in chips) 
Seat 9: goku27420 ($1.46 in chips) 
A.DOD4: posts small blind $0.01
Gorniak A: posts big blind $0.02
gn4444: sits out 
*** HOLE CARDS ***
Dealt to Dorex2007 [2s 7s]
GianniML: folds 
TaxedToDeath: folds 
madmunx: folds 
Myrr07: folds 
Dorex2007: folds 
goku27420: folds 
A.DOD4: folds 
Uncalled bet ($0.01) returned to Gorniak A
Gorniak A collected $0.02 from pot
*** SUMMARY ***
Total pot $0.02 | Rake $0 
Seat 1: A.DOD4 (small blind) folded before Flop
Seat 2: Gorniak A (big blind) collected ($0.02)
Seat 4: GianniML folded before Flop (didn't bet)
Seat 5: TaxedToDeath folded before Flop (didn't bet)
Seat 6: madmunx folded before Flop (didn't bet)
Seat 7: Myrr07 folded before Flop (didn't bet)
Seat 8: Dorex2007 folded before Flop (didn't bet)
Seat 9: goku27420 (button) folded before Flop (didn't bet)



PokerStars Hand #232681245599:  Hold'em No Limit ($0.01/$0.02 USD) - 2021/12/30 22:33:48 PT [2021/12/31 1:33:48 ET]
Table 'Laodica II' 9-max Seat #1 is the button
Seat 1: A.DOD4 ($2 in chips) 
Seat 2: Gorniak A ($1.61 in chips) 
Seat 3: gn4444 ($2 in chips) 
Seat 4: GianniML ($2.10 in chips) 
Seat 5: TaxedToDeath ($2 in chips) 
Seat 6: madmunx ($0.89 in chips) 
Seat 7: Myrr07 ($2.25 in chips) 
Seat 8: Dorex2007 ($2.06 in chips) 
Seat 9: goku27420 ($1.46 in chips) 
Gorniak A: posts small blind $0.01
gn4444: posts big blind $0.02
*** HOLE CARDS ***
Dealt to Dorex2007 [Qs 6d]
GianniML: folds 
TaxedToDeath: folds 
madmunx: folds 
Myrr07: folds 
Dorex2007: folds 
goku27420: folds 
A.DOD4: folds 
Gorniak A: calls $0.01
gn4444: checks 
*** FLOP *** [2h 5d Th]
Gorniak A: checks 
gn4444: checks 
*** TURN *** [2h 5d Th] [Ah]
Gorniak A: checks 
gn4444: checks 
*** RIVER *** [2h 5d Th Ah] [7h]
Gorniak A: checks 
gn4444: checks 
*** SHOW DOWN ***
Gorniak A: shows [2c 3c] (a pair of Deuces)
gn4444: mucks hand 
Gorniak A collected $0.04 from pot
*** SUMMARY ***
Total pot $0.04 | Rake $0 
Board [2h 5d Th Ah 7h]
Seat 1: A.DOD4 (button) folded before Flop (didn't bet)
Seat 2: Gorniak A (small blind) showed [2c 3c] and won ($0.04) with a pair of Deuces
Seat 3: gn4444 (big blind) mucked [9c Ks]
Seat 4: GianniML folded before Flop (didn't bet)
Seat 5: TaxedToDeath folded before Flop (didn't bet)
Seat 6: madmunx folded before Flop (didn't bet)
Seat 7: Myrr07 folded before Flop (didn't bet)
Seat 8: Dorex2007 folded before Flop (didn't bet)
Seat 9: goku27420 folded before Flop (didn't bet)



PokerStars Hand #232681252527:  Hold'em No Limit ($0.01/$0.02 USD) - 2021/12/30 22:34:32 PT [2021/12/31 1:34:32 ET]
Table 'Laodica II' 9-max Seat #2 is the button
Seat 1: A.DOD4 ($2 in chips) 
Seat 2: Gorniak A ($1.63 in chips) 
Seat 3: gn4444 ($1.98 in chips) 
Seat 4: GianniML ($2.10 in chips) 
Seat 5: TaxedToDeath ($2 in chips) 
Seat 6: madmunx ($0.89 in chips) 
Seat 7: Myrr07 ($2.25 in chips) 
Seat 8: Dorex2007 ($2.06 in chips) 
Seat 9: goku27420 ($1.46 in chips) 
gn4444: posts small blind $0.01
GianniML: posts big blind $0.02
*** HOLE CARDS ***
Dealt to Dorex2007 [Kh 3s]
TaxedToDeath: folds 
madmunx: folds 
Myrr07: folds 
Dorex2007: folds 
goku27420: folds 
A.DOD4: folds 
Gorniak A: folds 
gn4444: calls $0.01
GianniML: checks 
*** FLOP *** [3c 5h 6s]
gn4444: checks 
GianniML: checks 
*** TURN *** [3c 5h 6s] [Qd]
gn4444: bets $0.02
GianniML: folds 
Uncalled bet ($0.02) returned to gn4444
gn4444 collected $0.04 from pot
gn4444: doesn't show hand 
*** SUMMARY ***
Total pot $0.04 | Rake $0 
Board [3c 5h 6s Qd]
Seat 1: A.DOD4 folded before Flop (didn't bet)
Seat 2: Gorniak A (button) folded before Flop (didn't bet)
Seat 3: gn4444 (small blind) collected ($0.04)
Seat 4: GianniML (big blind) folded on the Turn
Seat 5: TaxedToDeath folded before Flop (didn't bet)
Seat 6: madmunx folded before Flop (didn't bet)
Seat 7: Myrr07 folded before Flop (didn't bet)
Seat 8: Dorex2007 folded before Flop (didn't bet)
Seat 9: goku27420 folded before Flop (didn't bet)



PokerStars Hand #232681257574:  Hold'em No Limit ($0.01/$0.02 USD) - 2021/12/30 22:35:04 PT [2021/12/31 1:35:04 ET]
Table 'Laodica II' 9-max Seat #3 is the button
Seat 1: A.DOD4 ($2 in chips) 
Seat 2: Gorniak A ($1.63 in chips) 
Seat 3: gn4444 ($2 in chips) 
Seat 4: GianniML ($2.08 in chips) 
Seat 5: TaxedToDeath ($2 in chips) 
Seat 6: madmunx ($0.89 in chips) 
Seat 7: Myrr07 ($2.25 in chips) 
Seat 8: Dorex2007 ($2.06 in chips) 
Seat 9: goku27420 ($1.46 in chips) 
GianniML: posts small blind $0.01
TaxedToDeath: posts big blind $0.02
*** HOLE CARDS ***
Dealt to Dorex2007 [8c Kh]
madmunx: folds 
Myrr07: folds 
Dorex2007: folds 
goku27420: calls $0.02
A.DOD4: folds 
Gorniak A: folds 
gn4444: folds 
GianniML: calls $0.01
TaxedToDeath: checks 
*** FLOP *** [Qs Ts 2s]
GianniML: checks 
TaxedToDeath: checks 
goku27420: checks 
*** TURN *** [Qs Ts 2s] [Td]
GianniML: bets $0.04
TaxedToDeath: folds 
goku27420: calls $0.04
*** RIVER *** [Qs Ts 2s Td] [7s]
GianniML: bets $0.06
goku27420: calls $0.06
*** SHOW DOWN ***
GianniML: shows [5s Ks] (a flush, King high)
goku27420: mucks hand 
GianniML collected $0.25 from pot
*** SUMMARY ***
Total pot $0.26 | Rake $0.01 
Board [Qs Ts 2s Td 7s]
Seat 1: A.DOD4 folded before Flop (didn't bet)
Seat 2: Gorniak A folded before Flop (didn't bet)
Seat 3: gn4444 (button) folded before Flop (didn't bet)
Seat 4: GianniML (small blind) showed [5s Ks] and won ($0.25) with a flush, King high
Seat 5: TaxedToDeath (big blind) folded on the Turn
Seat 6: madmunx folded before Flop (didn't bet)
Seat 7: Myrr07 folded before Flop (didn't bet)
Seat 8: Dorex2007 folded before Flop (didn't bet)
Seat 9: goku27420 mucked [3c 3s]



