PokerStars Hand #227653174406:  Hold'em No Limit ($0.01/$0.02 USD) - 2021/06/17 13:13:28 PT [2021/06/17 16:13:28 ET]
Table 'Athanasia III' 9-max Seat #3 is the button
Seat 1: Dorex2007 ($2 in chips) 
Seat 3: pepino_manu ($1.37 in chips) 
Seat 5: braga 360 ($2.34 in chips) 
Seat 6: Benoit1999 ($2 in chips) 
Seat 7: OktavianOvid ($1.67 in chips) 
Seat 8: tequs1 ($1.98 in chips) 
Seat 9: holdend51 ($1.98 in chips) 
braga 360: posts small blind $0.01
Benoit1999: posts big blind $0.02
Dorex2007: posts big blind $0.02
*** HOLE CARDS ***
Dealt to Dorex2007 [Qc 2h]
OktavianOvid: folds 
tequs1: raises $0.04 to $0.06
holdend51: folds 
Dorex2007: folds 
pepino_manu: folds 
braga 360: folds 
Benoit1999: calls $0.04
*** FLOP *** [Qs Kd Jh]
Benoit1999: checks 
tequs1: bets $0.07
Benoit1999: folds 
Uncalled bet ($0.07) returned to tequs1
tequs1 collected $0.14 from pot
tequs1: doesn't show hand 
*** SUMMARY ***
Total pot $0.15 | Rake $0.01 
Board [Qs Kd Jh]
Seat 1: Dorex2007 folded before Flop (didn't bet)
Seat 3: pepino_manu (button) folded before Flop (didn't bet)
Seat 5: braga 360 (small blind) folded before Flop
Seat 6: Benoit1999 (big blind) folded on the Flop
Seat 7: OktavianOvid folded before Flop (didn't bet)
Seat 8: tequs1 collected ($0.14)
Seat 9: holdend51 folded before Flop (didn't bet)



PokerStars Hand #227653186701:  Hold'em No Limit ($0.01/$0.02 USD) - 2021/06/17 13:13:55 PT [2021/06/17 16:13:55 ET]
Table 'Athanasia III' 9-max Seat #5 is the button
Seat 1: Dorex2007 ($1.98 in chips) 
Seat 3: pepino_manu ($1.37 in chips) 
Seat 5: braga 360 ($2.33 in chips) 
Seat 6: Benoit1999 ($2 in chips) 
Seat 7: OktavianOvid ($1.67 in chips) 
Seat 8: tequs1 ($2.06 in chips) 
Seat 9: holdend51 ($1.98 in chips) 
Benoit1999: posts small blind $0.01
OktavianOvid: posts big blind $0.02
*** HOLE CARDS ***
Dealt to Dorex2007 [8d 7d]
tequs1: folds 
holdend51: folds 
Dorex2007: folds 
pepino_manu: folds 
braga 360: folds 
Benoit1999: raises $0.04 to $0.06
OktavianOvid: folds 
Uncalled bet ($0.04) returned to Benoit1999
Benoit1999 collected $0.04 from pot
*** SUMMARY ***
Total pot $0.04 | Rake $0 
Seat 1: Dorex2007 folded before Flop (didn't bet)
Seat 3: pepino_manu folded before Flop (didn't bet)
Seat 5: braga 360 (button) folded before Flop (didn't bet)
Seat 6: Benoit1999 (small blind) collected ($0.04)
Seat 7: OktavianOvid (big blind) folded before Flop
Seat 8: tequs1 folded before Flop (didn't bet)
Seat 9: holdend51 folded before Flop (didn't bet)



PokerStars Hand #227653194873:  Hold'em No Limit ($0.01/$0.02 USD) - 2021/06/17 13:14:13 PT [2021/06/17 16:14:13 ET]
Table 'Athanasia III' 9-max Seat #6 is the button
Seat 1: Dorex2007 ($1.98 in chips) 
Seat 3: pepino_manu ($1.37 in chips) 
Seat 5: braga 360 ($2.33 in chips) 
Seat 6: Benoit1999 ($2.02 in chips) 
Seat 7: OktavianOvid ($1.65 in chips) 
Seat 8: tequs1 ($2.06 in chips) 
Seat 9: holdend51 ($1.98 in chips) 
OktavianOvid: posts small blind $0.01
tequs1: posts big blind $0.02
*** HOLE CARDS ***
Dealt to Dorex2007 [Ts Jd]
holdend51: folds 
Dorex2007: folds 
pepino_manu: folds 
braga 360: raises $0.02 to $0.04
Benoit1999: folds 
OktavianOvid: folds 
tequs1: folds 
Uncalled bet ($0.02) returned to braga 360
braga 360 collected $0.05 from pot
*** SUMMARY ***
Total pot $0.05 | Rake $0 
Seat 1: Dorex2007 folded before Flop (didn't bet)
Seat 3: pepino_manu folded before Flop (didn't bet)
Seat 5: braga 360 collected ($0.05)
Seat 6: Benoit1999 (button) folded before Flop (didn't bet)
Seat 7: OktavianOvid (small blind) folded before Flop
Seat 8: tequs1 (big blind) folded before Flop
Seat 9: holdend51 folded before Flop (didn't bet)



PokerStars Hand #227653208226:  Hold'em No Limit ($0.01/$0.02 USD) - 2021/06/17 13:14:43 PT [2021/06/17 16:14:43 ET]
Table 'Athanasia III' 9-max Seat #7 is the button
Seat 1: Dorex2007 ($1.98 in chips) 
Seat 3: pepino_manu ($1.37 in chips) 
Seat 5: braga 360 ($2.36 in chips) 
Seat 6: Benoit1999 ($2.02 in chips) 
Seat 7: OktavianOvid ($1.64 in chips) 
Seat 8: tequs1 ($2.04 in chips) 
Seat 9: holdend51 ($1.98 in chips) 
tequs1: posts small blind $0.01
holdend51: posts big blind $0.02
*** HOLE CARDS ***
Dealt to Dorex2007 [Ad 7d]
Dorex2007: folds 
pepino_manu: calls $0.02
braga 360: calls $0.02
Benoit1999: raises $0.10 to $0.12
OktavianOvid: folds 
tequs1: folds 
holdend51: folds 
pepino_manu: folds 
braga 360: folds 
Uncalled bet ($0.10) returned to Benoit1999
Benoit1999 collected $0.09 from pot
*** SUMMARY ***
Total pot $0.09 | Rake $0 
Seat 1: Dorex2007 folded before Flop (didn't bet)
Seat 3: pepino_manu folded before Flop
Seat 5: braga 360 folded before Flop
Seat 6: Benoit1999 collected ($0.09)
Seat 7: OktavianOvid (button) folded before Flop (didn't bet)
Seat 8: tequs1 (small blind) folded before Flop
Seat 9: holdend51 (big blind) folded before Flop



PokerStars Hand #227653222901:  Hold'em No Limit ($0.01/$0.02 USD) - 2021/06/17 13:15:14 PT [2021/06/17 16:15:14 ET]
Table 'Athanasia III' 9-max Seat #8 is the button
Seat 1: Dorex2007 ($1.98 in chips) 
Seat 3: pepino_manu ($1.35 in chips) 
Seat 5: braga 360 ($2.34 in chips) 
Seat 6: Benoit1999 ($2.09 in chips) 
Seat 7: OktavianOvid ($1.64 in chips) 
Seat 8: tequs1 ($2.03 in chips) 
Seat 9: holdend51 ($1.96 in chips) 
holdend51: posts small blind $0.01
Dorex2007: posts big blind $0.02
*** HOLE CARDS ***
Dealt to Dorex2007 [6s Ac]
pepino_manu: folds 
braga 360: folds 
Benoit1999: raises $0.03 to $0.05
OktavianOvid: calls $0.05
tequs1: calls $0.05
holdend51: folds 
Dorex2007: folds 
*** FLOP *** [9h 7c 7d]
Benoit1999: checks 
OktavianOvid: bets $0.02
tequs1: folds 
Benoit1999: calls $0.02
*** TURN *** [9h 7c 7d] [6d]
Benoit1999: checks 
OktavianOvid: bets $0.02
Benoit1999: calls $0.02
*** RIVER *** [9h 7c 7d 6d] [7s]
Benoit1999: checks 
OktavianOvid: bets $0.13
Benoit1999: folds 
Uncalled bet ($0.13) returned to OktavianOvid
OktavianOvid collected $0.25 from pot
*** SUMMARY ***
Total pot $0.26 | Rake $0.01 
Board [9h 7c 7d 6d 7s]
Seat 1: Dorex2007 (big blind) folded before Flop
Seat 3: pepino_manu folded before Flop (didn't bet)
Seat 5: braga 360 folded before Flop (didn't bet)
Seat 6: Benoit1999 folded on the River
Seat 7: OktavianOvid collected ($0.25)
Seat 8: tequs1 (button) folded on the Flop
Seat 9: holdend51 (small blind) folded before Flop



PokerStars Hand #227653255804:  Hold'em No Limit ($0.01/$0.02 USD) - 2021/06/17 13:16:26 PT [2021/06/17 16:16:26 ET]
Table 'Athanasia III' 9-max Seat #9 is the button
Seat 1: Dorex2007 ($1.96 in chips) 
Seat 2: lucky230268 ($1.80 in chips) 
Seat 3: pepino_manu ($1.35 in chips) 
Seat 5: braga 360 ($2.34 in chips) 
Seat 6: Benoit1999 ($2 in chips) 
Seat 7: OktavianOvid ($1.80 in chips) 
Seat 8: tequs1 ($1.98 in chips) 
Seat 9: holdend51 ($1.95 in chips) 
Dorex2007: posts small blind $0.01
lucky230268: posts big blind $0.02
*** HOLE CARDS ***
Dealt to Dorex2007 [Ac 6d]
pepino_manu: folds 
braga 360: raises $0.02 to $0.04
Benoit1999: folds 
OktavianOvid: folds 
tequs1: folds 
holdend51: folds 
Dorex2007: folds 
lucky230268: calls $0.02
*** FLOP *** [3d 6c 3h]
lucky230268: checks 
braga 360: checks 
*** TURN *** [3d 6c 3h] [7s]
lucky230268: checks 
braga 360: bets $0.12
lucky230268: folds 
Uncalled bet ($0.12) returned to braga 360
braga 360 collected $0.09 from pot
*** SUMMARY ***
Total pot $0.09 | Rake $0 
Board [3d 6c 3h 7s]
Seat 1: Dorex2007 (small blind) folded before Flop
Seat 2: lucky230268 (big blind) folded on the Turn
Seat 3: pepino_manu folded before Flop (didn't bet)
Seat 5: braga 360 collected ($0.09)
Seat 6: Benoit1999 folded before Flop (didn't bet)
Seat 7: OktavianOvid folded before Flop (didn't bet)
Seat 8: tequs1 folded before Flop (didn't bet)
Seat 9: holdend51 (button) folded before Flop (didn't bet)



PokerStars Hand #227653289752:  Hold'em No Limit ($0.01/$0.02 USD) - 2021/06/17 13:17:39 PT [2021/06/17 16:17:39 ET]
Table 'Athanasia III' 9-max Seat #1 is the button
Seat 1: Dorex2007 ($1.95 in chips) 
Seat 2: lucky230268 ($1.76 in chips) 
Seat 3: pepino_manu ($1.35 in chips) 
Seat 5: braga 360 ($2.39 in chips) 
Seat 6: Benoit1999 ($2 in chips) 
Seat 7: OktavianOvid ($1.80 in chips) 
Seat 8: tequs1 ($1.98 in chips) 
Seat 9: holdend51 ($1.95 in chips) 
lucky230268: posts small blind $0.01
pepino_manu: posts big blind $0.02
tomashovka55: sits out 
*** HOLE CARDS ***
Dealt to Dorex2007 [4d Kh]
braga 360: folds 
Benoit1999: raises $0.03 to $0.05
OktavianOvid: folds 
tequs1: folds 
holdend51: folds 
Dorex2007: folds 
lucky230268: folds 
pepino_manu: folds 
Uncalled bet ($0.03) returned to Benoit1999
Benoit1999 collected $0.05 from pot
*** SUMMARY ***
Total pot $0.05 | Rake $0 
Seat 1: Dorex2007 (button) folded before Flop (didn't bet)
Seat 2: lucky230268 (small blind) folded before Flop
Seat 3: pepino_manu (big blind) folded before Flop
Seat 5: braga 360 folded before Flop (didn't bet)
Seat 6: Benoit1999 collected ($0.05)
Seat 7: OktavianOvid folded before Flop (didn't bet)
Seat 8: tequs1 folded before Flop (didn't bet)
Seat 9: holdend51 folded before Flop (didn't bet)



PokerStars Hand #227653300711:  Hold'em No Limit ($0.01/$0.02 USD) - 2021/06/17 13:18:02 PT [2021/06/17 16:18:02 ET]
Table 'Athanasia III' 9-max Seat #2 is the button
Seat 1: Dorex2007 ($1.95 in chips) 
Seat 2: lucky230268 ($1.75 in chips) 
Seat 3: pepino_manu ($1.33 in chips) 
Seat 4: tomashovka55 ($3.53 in chips) 
Seat 5: braga 360 ($2.39 in chips) 
Seat 6: Benoit1999 ($2.03 in chips) 
Seat 7: OktavianOvid ($1.80 in chips) 
Seat 8: tequs1 ($1.98 in chips) 
Seat 9: holdend51 ($1.95 in chips) 
pepino_manu: posts small blind $0.01
tomashovka55: posts big blind $0.02
*** HOLE CARDS ***
Dealt to Dorex2007 [Qc Js]
braga 360: folds 
Benoit1999: folds 
OktavianOvid: calls $0.02
tequs1: folds 
holdend51: folds 
Dorex2007: raises $0.02 to $0.04
lucky230268: calls $0.04
pepino_manu: folds 
tomashovka55: calls $0.02
OktavianOvid: calls $0.02
*** FLOP *** [5d 6c As]
tomashovka55: bets $0.06
OktavianOvid: folds 
Dorex2007: folds 
lucky230268: folds 
Uncalled bet ($0.06) returned to tomashovka55
tomashovka55 collected $0.16 from pot
tomashovka55: doesn't show hand 
*** SUMMARY ***
Total pot $0.17 | Rake $0.01 
Board [5d 6c As]
Seat 1: Dorex2007 folded on the Flop
Seat 2: lucky230268 (button) folded on the Flop
Seat 3: pepino_manu (small blind) folded before Flop
Seat 4: tomashovka55 (big blind) collected ($0.16)
Seat 5: braga 360 folded before Flop (didn't bet)
Seat 6: Benoit1999 folded before Flop (didn't bet)
Seat 7: OktavianOvid folded on the Flop
Seat 8: tequs1 folded before Flop (didn't bet)
Seat 9: holdend51 folded before Flop (didn't bet)



PokerStars Hand #227653326333:  Hold'em No Limit ($0.01/$0.02 USD) - 2021/06/17 13:18:57 PT [2021/06/17 16:18:57 ET]
Table 'Athanasia III' 9-max Seat #3 is the button
Seat 1: Dorex2007 ($1.91 in chips) 
Seat 2: lucky230268 ($1.71 in chips) 
Seat 3: pepino_manu ($1.32 in chips) 
Seat 4: tomashovka55 ($3.65 in chips) 
Seat 5: braga 360 ($2.39 in chips) 
Seat 6: Benoit1999 ($2.03 in chips) 
Seat 7: OktavianOvid ($1.76 in chips) 
Seat 8: tequs1 ($1.98 in chips) 
Seat 9: holdend51 ($1.95 in chips) 
tomashovka55: posts small blind $0.01
braga 360: posts big blind $0.02
*** HOLE CARDS ***
Dealt to Dorex2007 [Ah 9d]
Benoit1999: folds 
OktavianOvid: folds 
tequs1: folds 
holdend51: folds 
Dorex2007: folds 
lucky230268: folds 
pepino_manu: calls $0.02
tomashovka55: calls $0.01
braga 360: checks 
*** FLOP *** [Qh Ad Jh]
tomashovka55: bets $0.02
braga 360: calls $0.02
pepino_manu: calls $0.02
*** TURN *** [Qh Ad Jh] [7d]
tomashovka55: bets $0.02
braga 360: raises $0.10 to $0.12
pepino_manu: folds 
tomashovka55: calls $0.10
*** RIVER *** [Qh Ad Jh 7d] [8d]
tomashovka55: bets $0.02
braga 360: calls $0.02
*** SHOW DOWN ***
tomashovka55: shows [3h 5h] (high card Ace)
braga 360: shows [Jd Kh] (a pair of Jacks)
braga 360 collected $0.39 from pot
*** SUMMARY ***
Total pot $0.40 | Rake $0.01 
Board [Qh Ad Jh 7d 8d]
Seat 1: Dorex2007 folded before Flop (didn't bet)
Seat 2: lucky230268 folded before Flop (didn't bet)
Seat 3: pepino_manu (button) folded on the Turn
Seat 4: tomashovka55 (small blind) showed [3h 5h] and lost with high card Ace
Seat 5: braga 360 (big blind) showed [Jd Kh] and won ($0.39) with a pair of Jacks
Seat 6: Benoit1999 folded before Flop (didn't bet)
Seat 7: OktavianOvid folded before Flop (didn't bet)
Seat 8: tequs1 folded before Flop (didn't bet)
Seat 9: holdend51 folded before Flop (didn't bet)



PokerStars Hand #227653355921:  Hold'em No Limit ($0.01/$0.02 USD) - 2021/06/17 13:19:59 PT [2021/06/17 16:19:59 ET]
Table 'Athanasia III' 9-max Seat #4 is the button
Seat 1: Dorex2007 ($1.91 in chips) 
Seat 2: lucky230268 ($1.71 in chips) 
Seat 3: pepino_manu ($1.28 in chips) 
Seat 4: tomashovka55 ($3.47 in chips) 
Seat 5: braga 360 ($2.60 in chips) 
Seat 6: Benoit1999 ($2.03 in chips) 
Seat 7: OktavianOvid ($1.76 in chips) 
Seat 8: tequs1 ($1.98 in chips) 
Seat 9: holdend51 ($1.95 in chips) 
braga 360: posts small blind $0.01
Benoit1999: posts big blind $0.02
*** HOLE CARDS ***
Dealt to Dorex2007 [8c Qd]
OktavianOvid: folds 
tequs1: folds 
holdend51: raises $0.04 to $0.06
Dorex2007: folds 
lucky230268: folds 
pepino_manu: folds 
tomashovka55: folds 
braga 360: folds 
Benoit1999: folds 
Uncalled bet ($0.04) returned to holdend51
holdend51 collected $0.05 from pot
holdend51: doesn't show hand 
*** SUMMARY ***
Total pot $0.05 | Rake $0 
Seat 1: Dorex2007 folded before Flop (didn't bet)
Seat 2: lucky230268 folded before Flop (didn't bet)
Seat 3: pepino_manu folded before Flop (didn't bet)
Seat 4: tomashovka55 (button) folded before Flop (didn't bet)
Seat 5: braga 360 (small blind) folded before Flop
Seat 6: Benoit1999 (big blind) folded before Flop
Seat 7: OktavianOvid folded before Flop (didn't bet)
Seat 8: tequs1 folded before Flop (didn't bet)
Seat 9: holdend51 collected ($0.05)



PokerStars Hand #227653366303:  Hold'em No Limit ($0.01/$0.02 USD) - 2021/06/17 13:20:21 PT [2021/06/17 16:20:21 ET]
Table 'Athanasia III' 9-max Seat #5 is the button
Seat 1: Dorex2007 ($1.91 in chips) 
Seat 2: lucky230268 ($1.71 in chips) 
Seat 3: pepino_manu ($1.28 in chips) 
Seat 4: tomashovka55 ($3.47 in chips) 
Seat 5: braga 360 ($2.59 in chips) 
Seat 6: Benoit1999 ($2.01 in chips) 
Seat 7: OktavianOvid ($1.76 in chips) 
Seat 8: tequs1 ($1.98 in chips) 
Seat 9: holdend51 ($1.98 in chips) 
Benoit1999: posts small blind $0.01
OktavianOvid: posts big blind $0.02
*** HOLE CARDS ***
Dealt to Dorex2007 [6c As]
tequs1: folds 
holdend51: folds 
Dorex2007: folds 
lucky230268: folds 
pepino_manu: calls $0.02
tomashovka55: folds 
braga 360: folds 
Benoit1999: folds 
OktavianOvid: checks 
*** FLOP *** [Ac 8h Jd]
OktavianOvid: checks 
pepino_manu: bets $0.02
OktavianOvid: folds 
Uncalled bet ($0.02) returned to pepino_manu
pepino_manu collected $0.05 from pot
pepino_manu: doesn't show hand 
*** SUMMARY ***
Total pot $0.05 | Rake $0 
Board [Ac 8h Jd]
Seat 1: Dorex2007 folded before Flop (didn't bet)
Seat 2: lucky230268 folded before Flop (didn't bet)
Seat 3: pepino_manu collected ($0.05)
Seat 4: tomashovka55 folded before Flop (didn't bet)
Seat 5: braga 360 (button) folded before Flop (didn't bet)
Seat 6: Benoit1999 (small blind) folded before Flop
Seat 7: OktavianOvid (big blind) folded on the Flop
Seat 8: tequs1 folded before Flop (didn't bet)
Seat 9: holdend51 folded before Flop (didn't bet)



PokerStars Hand #227653378036:  Hold'em No Limit ($0.01/$0.02 USD) - 2021/06/17 13:20:46 PT [2021/06/17 16:20:46 ET]
Table 'Athanasia III' 9-max Seat #6 is the button
Seat 1: Dorex2007 ($1.91 in chips) 
Seat 2: lucky230268 ($1.71 in chips) 
Seat 3: pepino_manu ($1.31 in chips) 
Seat 4: tomashovka55 ($3.47 in chips) 
Seat 5: braga 360 ($2.59 in chips) 
Seat 6: Benoit1999 ($2 in chips) 
Seat 7: OktavianOvid ($1.74 in chips) 
Seat 8: tequs1 ($1.98 in chips) 
Seat 9: holdend51 ($1.98 in chips) 
OktavianOvid: posts small blind $0.01
tequs1: posts big blind $0.02
*** HOLE CARDS ***
Dealt to Dorex2007 [9h Ts]
holdend51: folds 
Dorex2007: folds 
lucky230268 has timed out
lucky230268: folds 
pepino_manu: folds 
tomashovka55 has timed out
tomashovka55: folds 
braga 360: folds 
Benoit1999: raises $0.03 to $0.05
OktavianOvid: folds 
tequs1: folds 
Uncalled bet ($0.03) returned to Benoit1999
Benoit1999 collected $0.05 from pot
*** SUMMARY ***
Total pot $0.05 | Rake $0 
Seat 1: Dorex2007 folded before Flop (didn't bet)
Seat 2: lucky230268 folded before Flop (didn't bet)
Seat 3: pepino_manu folded before Flop (didn't bet)
Seat 4: tomashovka55 folded before Flop (didn't bet)
Seat 5: braga 360 folded before Flop (didn't bet)
Seat 6: Benoit1999 (button) collected ($0.05)
Seat 7: OktavianOvid (small blind) folded before Flop
Seat 8: tequs1 (big blind) folded before Flop
Seat 9: holdend51 folded before Flop (didn't bet)



PokerStars Hand #227653407676:  Hold'em No Limit ($0.01/$0.02 USD) - 2021/06/17 13:21:32 PT [2021/06/17 16:21:32 ET]
Table 'Athanasia III' 9-max Seat #7 is the button
Seat 1: Dorex2007 ($1.91 in chips) 
Seat 2: lucky230268 ($1.71 in chips) 
Seat 3: pepino_manu ($1.31 in chips) 
Seat 5: braga 360 ($2.59 in chips) 
Seat 6: Benoit1999 ($2.03 in chips) 
Seat 7: OktavianOvid ($1.73 in chips) 
Seat 8: tequs1 ($1.96 in chips) 
Seat 9: holdend51 ($1.98 in chips) 
tequs1: posts small blind $0.01
holdend51: posts big blind $0.02
*** HOLE CARDS ***
Dealt to Dorex2007 [4d 6s]
Dorex2007: folds 
lucky230268: folds 
pepino_manu: folds 
braga 360: raises $0.02 to $0.04
Benoit1999: folds 
OktavianOvid: folds 
tequs1: calls $0.03
holdend51: folds 
*** FLOP *** [5c 6d Kh]
tequs1: checks 
braga 360: bets $0.10
tequs1: folds 
Uncalled bet ($0.10) returned to braga 360
braga 360 collected $0.10 from pot
*** SUMMARY ***
Total pot $0.10 | Rake $0 
Board [5c 6d Kh]
Seat 1: Dorex2007 folded before Flop (didn't bet)
Seat 2: lucky230268 folded before Flop (didn't bet)
Seat 3: pepino_manu folded before Flop (didn't bet)
Seat 5: braga 360 collected ($0.10)
Seat 6: Benoit1999 folded before Flop (didn't bet)
Seat 7: OktavianOvid (button) folded before Flop (didn't bet)
Seat 8: tequs1 (small blind) folded on the Flop
Seat 9: holdend51 (big blind) folded before Flop



PokerStars Hand #227653422407:  Hold'em No Limit ($0.01/$0.02 USD) - 2021/06/17 13:22:02 PT [2021/06/17 16:22:02 ET]
Table 'Athanasia III' 9-max Seat #8 is the button
Seat 1: Dorex2007 ($1.91 in chips) 
Seat 2: lucky230268 ($1.71 in chips) 
Seat 3: pepino_manu ($1.31 in chips) 
Seat 5: braga 360 ($2.65 in chips) 
Seat 6: Benoit1999 ($2.03 in chips) 
Seat 7: OktavianOvid ($1.73 in chips) 
Seat 8: tequs1 ($1.92 in chips) 
Seat 9: holdend51 ($1.96 in chips) 
holdend51: posts small blind $0.01
Dorex2007: posts big blind $0.02
*** HOLE CARDS ***
Dealt to Dorex2007 [2c 4d]
lucky230268: raises $0.02 to $0.04
pepino_manu: calls $0.04
braga 360: folds 
Benoit1999: folds 
OktavianOvid: folds 
tequs1: calls $0.04
holdend51: folds 
Dorex2007: folds 
*** FLOP *** [8h 6c Kd]
lucky230268: bets $0.07
pepino_manu: folds 
tequs1: raises $0.07 to $0.14
lucky230268: folds 
Uncalled bet ($0.07) returned to tequs1
tequs1 collected $0.28 from pot
tequs1: doesn't show hand 
*** SUMMARY ***
Total pot $0.29 | Rake $0.01 
Board [8h 6c Kd]
Seat 1: Dorex2007 (big blind) folded before Flop
Seat 2: lucky230268 folded on the Flop
Seat 3: pepino_manu folded on the Flop
Seat 5: braga 360 folded before Flop (didn't bet)
Seat 6: Benoit1999 folded before Flop (didn't bet)
Seat 7: OktavianOvid folded before Flop (didn't bet)
Seat 8: tequs1 (button) collected ($0.28)
Seat 9: holdend51 (small blind) folded before Flop



PokerStars Hand #227653452589:  Hold'em No Limit ($0.01/$0.02 USD) - 2021/06/17 13:23:06 PT [2021/06/17 16:23:06 ET]
Table 'Athanasia III' 9-max Seat #9 is the button
Seat 1: Dorex2007 ($1.89 in chips) 
Seat 2: lucky230268 ($1.60 in chips) 
Seat 3: pepino_manu ($1.27 in chips) 
Seat 5: braga 360 ($2.65 in chips) 
Seat 6: Benoit1999 ($2.03 in chips) 
Seat 7: OktavianOvid ($1.73 in chips) 
Seat 8: tequs1 ($2.09 in chips) 
Seat 9: holdend51 ($1.95 in chips) 
Dorex2007: posts small blind $0.01
lucky230268: posts big blind $0.02
*** HOLE CARDS ***
Dealt to Dorex2007 [Tc Kc]
pepino_manu: calls $0.02
braga 360: folds 
Benoit1999: folds 
OktavianOvid: folds 
tequs1: folds 
holdend51: raises $0.04 to $0.06
Dorex2007: raises $0.10 to $0.16
lucky230268: folds 
pepino_manu: folds 
holdend51: calls $0.10
*** FLOP *** [2h Jh 5s]
Dorex2007: bets $0.18
holdend51: calls $0.18
*** TURN *** [2h Jh 5s] [3c]
Dorex2007: bets $0.69
holdend51: raises $0.92 to $1.61 and is all-in
Dorex2007: folds 
Uncalled bet ($0.92) returned to holdend51
holdend51 collected $2.03 from pot
holdend51: doesn't show hand 
*** SUMMARY ***
Total pot $2.10 | Rake $0.07 
Board [2h Jh 5s 3c]
Seat 1: Dorex2007 (small blind) folded on the Turn
Seat 2: lucky230268 (big blind) folded before Flop
Seat 3: pepino_manu folded before Flop
Seat 5: braga 360 folded before Flop (didn't bet)
Seat 6: Benoit1999 folded before Flop (didn't bet)
Seat 7: OktavianOvid folded before Flop (didn't bet)
Seat 8: tequs1 folded before Flop (didn't bet)
Seat 9: holdend51 (button) collected ($2.03)



PokerStars Hand #227653478280:  Hold'em No Limit ($0.01/$0.02 USD) - 2021/06/17 13:24:02 PT [2021/06/17 16:24:02 ET]
Table 'Athanasia III' 9-max Seat #1 is the button
Seat 1: Dorex2007 ($0.86 in chips) 
Seat 2: lucky230268 ($1.58 in chips) 
Seat 3: pepino_manu ($1.25 in chips) 
Seat 4: tomashovka55 ($3.47 in chips) 
Seat 5: braga 360 ($2.65 in chips) 
Seat 6: Benoit1999 ($2.03 in chips) 
Seat 7: OktavianOvid ($1.73 in chips) 
Seat 8: tequs1 ($2.09 in chips) 
Seat 9: holdend51 ($2.95 in chips) 
lucky230268: posts small blind $0.01
pepino_manu: posts big blind $0.02
*** HOLE CARDS ***
Dealt to Dorex2007 [8s 3h]
tomashovka55: raises $0.03 to $0.05
braga 360: folds 
Benoit1999: folds 
OktavianOvid: calls $0.05
tequs1: folds 
holdend51: folds 
Dorex2007: folds 
lucky230268: folds 
pepino_manu: folds 
*** FLOP *** [Jc 4c Tc]
tomashovka55: checks 
OktavianOvid: checks 
*** TURN *** [Jc 4c Tc] [4h]
tomashovka55: checks 
OktavianOvid: checks 
*** RIVER *** [Jc 4c Tc 4h] [As]
tomashovka55: checks 
OktavianOvid: bets $0.07
tomashovka55: calls $0.07
*** SHOW DOWN ***
OktavianOvid: shows [Kd Qd] (a straight, Ten to Ace)
tomashovka55: mucks hand 
OktavianOvid collected $0.26 from pot
*** SUMMARY ***
Total pot $0.27 | Rake $0.01 
Board [Jc 4c Tc 4h As]
Seat 1: Dorex2007 (button) folded before Flop (didn't bet)
Seat 2: lucky230268 (small blind) folded before Flop
Seat 3: pepino_manu (big blind) folded before Flop
Seat 4: tomashovka55 mucked [Jh 9h]
Seat 5: braga 360 folded before Flop (didn't bet)
Seat 6: Benoit1999 folded before Flop (didn't bet)
Seat 7: OktavianOvid showed [Kd Qd] and won ($0.26) with a straight, Ten to Ace
Seat 8: tequs1 folded before Flop (didn't bet)
Seat 9: holdend51 folded before Flop (didn't bet)



PokerStars Hand #227653504696:  Hold'em No Limit ($0.01/$0.02 USD) - 2021/06/17 13:25:00 PT [2021/06/17 16:25:00 ET]
Table 'Athanasia III' 9-max Seat #2 is the button
Seat 1: Dorex2007 ($1.66 in chips) 
Seat 2: lucky230268 ($1.57 in chips) 
Seat 3: pepino_manu ($1.23 in chips) 
Seat 4: tomashovka55 ($3.35 in chips) 
Seat 5: braga 360 ($2.65 in chips) 
Seat 6: Benoit1999 ($2.03 in chips) 
Seat 7: OktavianOvid ($1.87 in chips) 
Seat 8: tequs1 ($2.09 in chips) 
Seat 9: holdend51 ($2.95 in chips) 
pepino_manu: posts small blind $0.01
tomashovka55: posts big blind $0.02
*** HOLE CARDS ***
Dealt to Dorex2007 [Ks Ac]
braga 360: folds 
Benoit1999: folds 
OktavianOvid: folds 
tequs1 has timed out
tequs1: folds 
holdend51: folds 
Dorex2007: raises $0.04 to $0.06
lucky230268: folds 
pepino_manu: calls $0.05
tomashovka55: folds 
*** FLOP *** [5d As 2c]
pepino_manu: bets $0.04
Dorex2007: calls $0.04
*** TURN *** [5d As 2c] [8h]
pepino_manu: checks 
Dorex2007: checks 
*** RIVER *** [5d As 2c 8h] [Ad]
pepino_manu: bets $0.02
Dorex2007: raises $0.12 to $0.14
pepino_manu: folds 
Uncalled bet ($0.12) returned to Dorex2007
Dorex2007 collected $0.25 from pot
Dorex2007: doesn't show hand 
*** SUMMARY ***
Total pot $0.26 | Rake $0.01 
Board [5d As 2c 8h Ad]
Seat 1: Dorex2007 collected ($0.25)
Seat 2: lucky230268 (button) folded before Flop (didn't bet)
Seat 3: pepino_manu (small blind) folded on the River
Seat 4: tomashovka55 (big blind) folded before Flop
Seat 5: braga 360 folded before Flop (didn't bet)
Seat 6: Benoit1999 folded before Flop (didn't bet)
Seat 7: OktavianOvid folded before Flop (didn't bet)
Seat 8: tequs1 folded before Flop (didn't bet)
Seat 9: holdend51 folded before Flop (didn't bet)



PokerStars Hand #227653533796:  Hold'em No Limit ($0.01/$0.02 USD) - 2021/06/17 13:26:03 PT [2021/06/17 16:26:03 ET]
Table 'Athanasia III' 9-max Seat #3 is the button
Seat 1: Dorex2007 ($1.79 in chips) 
Seat 2: lucky230268 ($1.57 in chips) 
Seat 3: pepino_manu ($1.11 in chips) 
Seat 4: tomashovka55 ($3.33 in chips) 
Seat 5: braga 360 ($2.65 in chips) 
Seat 6: Benoit1999 ($2.03 in chips) 
Seat 7: OktavianOvid ($1.87 in chips) 
Seat 8: tequs1 ($2.09 in chips) 
Seat 9: holdend51 ($2.95 in chips) 
tomashovka55: posts small blind $0.01
braga 360: posts big blind $0.02
*** HOLE CARDS ***
Dealt to Dorex2007 [4d Qs]
Benoit1999: folds 
OktavianOvid: calls $0.02
tequs1: folds 
holdend51: folds 
Dorex2007: folds 
lucky230268: calls $0.02
pepino_manu: folds 
tomashovka55: calls $0.01
braga 360: checks 
*** FLOP *** [5h Ac 5s]
tomashovka55: checks 
braga 360: checks 
OktavianOvid: checks 
lucky230268: bets $0.04
tomashovka55: calls $0.04
braga 360: folds 
OktavianOvid: folds 
*** TURN *** [5h Ac 5s] [Qc]
tomashovka55: checks 
lucky230268: checks 
*** RIVER *** [5h Ac 5s Qc] [4h]
tomashovka55: bets $0.22
lucky230268: calls $0.22
*** SHOW DOWN ***
tomashovka55: shows [Ah 7s] (two pair, Aces and Fives)
lucky230268: shows [9d As] (two pair, Aces and Fives)
tomashovka55 collected $0.29 from pot
lucky230268 collected $0.29 from pot
*** SUMMARY ***
Total pot $0.60 | Rake $0.02 
Board [5h Ac 5s Qc 4h]
Seat 1: Dorex2007 folded before Flop (didn't bet)
Seat 2: lucky230268 showed [9d As] and won ($0.29) with two pair, Aces and Fives
Seat 3: pepino_manu (button) folded before Flop (didn't bet)
Seat 4: tomashovka55 (small blind) showed [Ah 7s] and won ($0.29) with two pair, Aces and Fives
Seat 5: braga 360 (big blind) folded on the Flop
Seat 6: Benoit1999 folded before Flop (didn't bet)
Seat 7: OktavianOvid folded on the Flop
Seat 8: tequs1 folded before Flop (didn't bet)
Seat 9: holdend51 folded before Flop (didn't bet)



PokerStars Hand #227653562073:  Hold'em No Limit ($0.01/$0.02 USD) - 2021/06/17 13:27:00 PT [2021/06/17 16:27:00 ET]
Table 'Athanasia III' 9-max Seat #4 is the button
Seat 1: Dorex2007 ($1.79 in chips) 
Seat 2: lucky230268 ($1.58 in chips) 
Seat 3: pepino_manu ($1.11 in chips) 
Seat 4: tomashovka55 ($3.34 in chips) 
Seat 5: braga 360 ($2.63 in chips) 
Seat 6: Benoit1999 ($2.03 in chips) 
Seat 7: OktavianOvid ($1.85 in chips) 
Seat 8: tequs1 ($2.09 in chips) 
Seat 9: holdend51 ($2.95 in chips) 
braga 360: posts small blind $0.01
Benoit1999: posts big blind $0.02
*** HOLE CARDS ***
Dealt to Dorex2007 [Kh As]
OktavianOvid: folds 
tequs1: folds 
holdend51: folds 
Dorex2007: raises $0.04 to $0.06
lucky230268: folds 
pepino_manu: folds 
tomashovka55: calls $0.06
braga 360: calls $0.05
Benoit1999: folds 
*** FLOP *** [4s Jh Kc]
braga 360: checks 
Dorex2007: checks 
tomashovka55: bets $0.11
braga 360: folds 
Dorex2007: calls $0.11
*** TURN *** [4s Jh Kc] [Ad]
Dorex2007: checks 
tomashovka55: bets $0.36
Dorex2007: raises $0.36 to $0.72
tomashovka55: folds 
Uncalled bet ($0.36) returned to Dorex2007
Dorex2007 collected $1.10 from pot
Dorex2007: doesn't show hand 
*** SUMMARY ***
Total pot $1.14 | Rake $0.04 
Board [4s Jh Kc Ad]
Seat 1: Dorex2007 collected ($1.10)
Seat 2: lucky230268 folded before Flop (didn't bet)
Seat 3: pepino_manu folded before Flop (didn't bet)
Seat 4: tomashovka55 (button) folded on the Turn
Seat 5: braga 360 (small blind) folded on the Flop
Seat 6: Benoit1999 (big blind) folded before Flop
Seat 7: OktavianOvid folded before Flop (didn't bet)
Seat 8: tequs1 folded before Flop (didn't bet)
Seat 9: holdend51 folded before Flop (didn't bet)



PokerStars Hand #227653588818:  Hold'em No Limit ($0.01/$0.02 USD) - 2021/06/17 13:27:59 PT [2021/06/17 16:27:59 ET]
Table 'Athanasia III' 9-max Seat #5 is the button
Seat 1: Dorex2007 ($2.36 in chips) 
Seat 2: lucky230268 ($1.58 in chips) 
Seat 3: pepino_manu ($1.11 in chips) 
Seat 4: tomashovka55 ($2.81 in chips) 
Seat 5: braga 360 ($2.57 in chips) 
Seat 6: Benoit1999 ($2.01 in chips) 
Seat 7: OktavianOvid ($1.85 in chips) 
Seat 8: tequs1 ($2.09 in chips) 
Seat 9: holdend51 ($2.95 in chips) 
Benoit1999: posts small blind $0.01
OktavianOvid: posts big blind $0.02
*** HOLE CARDS ***
Dealt to Dorex2007 [Jd 2s]
tequs1: folds 
holdend51: folds 
Dorex2007: folds 
lucky230268: folds 
pepino_manu: folds 
tomashovka55: folds 
braga 360 has timed out
braga 360: folds 
Benoit1999: folds 
Uncalled bet ($0.01) returned to OktavianOvid
OktavianOvid collected $0.02 from pot
*** SUMMARY ***
Total pot $0.02 | Rake $0 
Seat 1: Dorex2007 folded before Flop (didn't bet)
Seat 2: lucky230268 folded before Flop (didn't bet)
Seat 3: pepino_manu folded before Flop (didn't bet)
Seat 4: tomashovka55 folded before Flop (didn't bet)
Seat 5: braga 360 (button) folded before Flop (didn't bet)
Seat 6: Benoit1999 (small blind) folded before Flop
Seat 7: OktavianOvid (big blind) collected ($0.02)
Seat 8: tequs1 folded before Flop (didn't bet)
Seat 9: holdend51 folded before Flop (didn't bet)



PokerStars Hand #227653600131:  Hold'em No Limit ($0.01/$0.02 USD) - 2021/06/17 13:28:23 PT [2021/06/17 16:28:23 ET]
Table 'Athanasia III' 9-max Seat #6 is the button
Seat 1: Dorex2007 ($2.36 in chips) 
Seat 2: lucky230268 ($1.58 in chips) 
Seat 3: pepino_manu ($1.11 in chips) 
Seat 4: tomashovka55 ($2.81 in chips) 
Seat 6: Benoit1999 ($2 in chips) 
Seat 7: OktavianOvid ($1.86 in chips) 
Seat 8: tequs1 ($2.09 in chips) 
Seat 9: holdend51 ($2.95 in chips) 
OktavianOvid: posts small blind $0.01
tequs1: posts big blind $0.02
*** HOLE CARDS ***
Dealt to Dorex2007 [8d 7c]
holdend51: folds 
Dorex2007: folds 
lucky230268: raises $0.04 to $0.06
pepino_manu: folds 
tomashovka55: folds 
Benoit1999: folds 
OktavianOvid: calls $0.05
tequs1: calls $0.04
*** FLOP *** [8s Kd Qh]
OktavianOvid: bets $0.02
tequs1: folds 
lucky230268: raises $0.11 to $0.13
OktavianOvid: calls $0.11
*** TURN *** [8s Kd Qh] [5h]
OktavianOvid: checks 
lucky230268: bets $0.21
OktavianOvid: calls $0.21
*** RIVER *** [8s Kd Qh 5h] [5s]
OktavianOvid: checks 
lucky230268: bets $0.42
OktavianOvid: folds 
Uncalled bet ($0.42) returned to lucky230268
lucky230268 collected $0.83 from pot
*** SUMMARY ***
Total pot $0.86 | Rake $0.03 
Board [8s Kd Qh 5h 5s]
Seat 1: Dorex2007 folded before Flop (didn't bet)
Seat 2: lucky230268 collected ($0.83)
Seat 3: pepino_manu folded before Flop (didn't bet)
Seat 4: tomashovka55 folded before Flop (didn't bet)
Seat 6: Benoit1999 (button) folded before Flop (didn't bet)
Seat 7: OktavianOvid (small blind) folded on the River
Seat 8: tequs1 (big blind) folded on the Flop
Seat 9: holdend51 folded before Flop (didn't bet)



PokerStars Hand #227653633881:  Hold'em No Limit ($0.01/$0.02 USD) - 2021/06/17 13:29:37 PT [2021/06/17 16:29:37 ET]
Table 'Athanasia III' 9-max Seat #7 is the button
Seat 1: Dorex2007 ($2.36 in chips) 
Seat 2: lucky230268 ($2.01 in chips) 
Seat 3: pepino_manu ($1.11 in chips) 
Seat 4: tomashovka55 ($2.81 in chips) 
Seat 5: braga 360 ($2.57 in chips) 
Seat 6: Benoit1999 ($2 in chips) 
Seat 7: OktavianOvid ($1.46 in chips) 
Seat 8: tequs1 ($2.03 in chips) 
Seat 9: holdend51 ($2.95 in chips) 
tequs1: posts small blind $0.01
holdend51: posts big blind $0.02
*** HOLE CARDS ***
Dealt to Dorex2007 [Qs 7h]
Dorex2007: folds 
lucky230268: folds 
pepino_manu: raises $0.04 to $0.06
tomashovka55: calls $0.06
braga 360: folds 
Benoit1999: folds 
OktavianOvid: folds 
tequs1: folds 
holdend51: folds 
*** FLOP *** [Ah 9h Tc]
pepino_manu: bets $0.07
tomashovka55: folds 
Uncalled bet ($0.07) returned to pepino_manu
pepino_manu collected $0.14 from pot
pepino_manu: doesn't show hand 
*** SUMMARY ***
Total pot $0.15 | Rake $0.01 
Board [Ah 9h Tc]
Seat 1: Dorex2007 folded before Flop (didn't bet)
Seat 2: lucky230268 folded before Flop (didn't bet)
Seat 3: pepino_manu collected ($0.14)
Seat 4: tomashovka55 folded on the Flop
Seat 5: braga 360 folded before Flop (didn't bet)
Seat 6: Benoit1999 folded before Flop (didn't bet)
Seat 7: OktavianOvid (button) folded before Flop (didn't bet)
Seat 8: tequs1 (small blind) folded before Flop
Seat 9: holdend51 (big blind) folded before Flop



PokerStars Hand #227653645402:  Hold'em No Limit ($0.01/$0.02 USD) - 2021/06/17 13:30:02 PT [2021/06/17 16:30:02 ET]
Table 'Athanasia III' 9-max Seat #8 is the button
Seat 1: Dorex2007 ($2.36 in chips) 
Seat 2: lucky230268 ($2.01 in chips) 
Seat 3: pepino_manu ($1.19 in chips) 
Seat 4: tomashovka55 ($2.75 in chips) 
Seat 5: braga 360 ($2.57 in chips) 
Seat 6: Benoit1999 ($2 in chips) 
Seat 7: OktavianOvid ($1.46 in chips) 
Seat 8: tequs1 ($2.02 in chips) 
Seat 9: holdend51 ($2.93 in chips) 
holdend51: posts small blind $0.01
Dorex2007: posts big blind $0.02
*** HOLE CARDS ***
Dealt to Dorex2007 [5h 9c]
lucky230268: folds 
pepino_manu: folds 
pepino_manu leaves the table
RealLerxst joins the table at seat #3 
tomashovka55 has timed out
tomashovka55: folds 
braga 360: raises $0.02 to $0.04
Benoit1999: folds 
OktavianOvid: folds 
tequs1: folds 
holdend51: raises $0.08 to $0.12
Dorex2007: folds 
braga 360: folds 
Uncalled bet ($0.08) returned to holdend51
holdend51 collected $0.10 from pot
holdend51: doesn't show hand 
*** SUMMARY ***
Total pot $0.10 | Rake $0 
Seat 1: Dorex2007 (big blind) folded before Flop
Seat 2: lucky230268 folded before Flop (didn't bet)
Seat 3: pepino_manu folded before Flop (didn't bet)
Seat 4: tomashovka55 folded before Flop (didn't bet)
Seat 5: braga 360 folded before Flop
Seat 6: Benoit1999 folded before Flop (didn't bet)
Seat 7: OktavianOvid folded before Flop (didn't bet)
Seat 8: tequs1 (button) folded before Flop (didn't bet)
Seat 9: holdend51 (small blind) collected ($0.10)



PokerStars Hand #227653664826:  Hold'em No Limit ($0.01/$0.02 USD) - 2021/06/17 13:30:43 PT [2021/06/17 16:30:43 ET]
Table 'Athanasia III' 9-max Seat #9 is the button
Seat 1: Dorex2007 ($2.34 in chips) 
Seat 2: lucky230268 ($2.01 in chips) 
Seat 3: RealLerxst ($2 in chips) 
Seat 4: tomashovka55 ($2.75 in chips) 
Seat 5: braga 360 ($2.53 in chips) 
Seat 6: Benoit1999 ($2 in chips) 
Seat 7: OktavianOvid ($1.46 in chips) 
Seat 8: tequs1 ($2.02 in chips) 
Seat 9: holdend51 ($2.99 in chips) 
Dorex2007: posts small blind $0.01
lucky230268: posts big blind $0.02
RealLerxst: posts big blind $0.02
*** HOLE CARDS ***
Dealt to Dorex2007 [Tc 3c]
RealLerxst: checks 
tomashovka55: folds 
braga 360: folds 
Benoit1999: folds 
OktavianOvid: calls $0.02
tequs1: folds 
holdend51: folds 
Dorex2007: folds 
lucky230268: checks 
*** FLOP *** [8d 4h Kh]
lucky230268: checks 
RealLerxst: checks 
OktavianOvid: checks 
*** TURN *** [8d 4h Kh] [9h]
lucky230268: checks 
RealLerxst: bets $0.07
OktavianOvid: folds 
lucky230268: folds 
Uncalled bet ($0.07) returned to RealLerxst
RealLerxst collected $0.07 from pot
RealLerxst: doesn't show hand 
*** SUMMARY ***
Total pot $0.07 | Rake $0 
Board [8d 4h Kh 9h]
Seat 1: Dorex2007 (small blind) folded before Flop
Seat 2: lucky230268 (big blind) folded on the Turn
Seat 3: RealLerxst collected ($0.07)
Seat 4: tomashovka55 folded before Flop (didn't bet)
Seat 5: braga 360 folded before Flop (didn't bet)
Seat 6: Benoit1999 folded before Flop (didn't bet)
Seat 7: OktavianOvid folded on the Turn
Seat 8: tequs1 folded before Flop (didn't bet)
Seat 9: holdend51 (button) folded before Flop (didn't bet)



PokerStars Hand #227653689778:  Hold'em No Limit ($0.01/$0.02 USD) - 2021/06/17 13:31:37 PT [2021/06/17 16:31:37 ET]
Table 'Athanasia III' 9-max Seat #1 is the button
Seat 1: Dorex2007 ($2.33 in chips) 
Seat 2: lucky230268 ($1.99 in chips) 
Seat 3: RealLerxst ($2.05 in chips) 
Seat 4: tomashovka55 ($2.75 in chips) 
Seat 5: braga 360 ($2.53 in chips) 
Seat 6: Benoit1999 ($2 in chips) 
Seat 7: OktavianOvid ($1.44 in chips) 
Seat 8: tequs1 ($2.02 in chips) 
Seat 9: holdend51 ($2.99 in chips) 
lucky230268: posts small blind $0.01
RealLerxst: posts big blind $0.02
*** HOLE CARDS ***
Dealt to Dorex2007 [Td Ad]
tomashovka55: folds 
braga 360: folds 
Benoit1999: folds 
OktavianOvid: calls $0.02
tequs1 has timed out
tequs1: folds 
holdend51: raises $0.06 to $0.08
Dorex2007: calls $0.08
lucky230268: folds 
RealLerxst: calls $0.06
OktavianOvid: folds 
*** FLOP *** [3s 7d 5h]
RealLerxst: checks 
holdend51: checks 
Dorex2007: checks 
*** TURN *** [3s 7d 5h] [2d]
RealLerxst: checks 
holdend51: bets $0.20
Dorex2007: calls $0.20
RealLerxst: folds 
*** RIVER *** [3s 7d 5h 2d] [6c]
holdend51: checks 
Dorex2007: bets $0.33
holdend51: folds 
Uncalled bet ($0.33) returned to Dorex2007
Dorex2007 collected $0.65 from pot
Dorex2007: doesn't show hand 
*** SUMMARY ***
Total pot $0.67 | Rake $0.02 
Board [3s 7d 5h 2d 6c]
Seat 1: Dorex2007 (button) collected ($0.65)
Seat 2: lucky230268 (small blind) folded before Flop
Seat 3: RealLerxst (big blind) folded on the Turn
Seat 4: tomashovka55 folded before Flop (didn't bet)
Seat 5: braga 360 folded before Flop (didn't bet)
Seat 6: Benoit1999 folded before Flop (didn't bet)
Seat 7: OktavianOvid folded before Flop
Seat 8: tequs1 folded before Flop (didn't bet)
Seat 9: holdend51 folded on the River



PokerStars Hand #227653729910:  Hold'em No Limit ($0.01/$0.02 USD) - 2021/06/17 13:33:05 PT [2021/06/17 16:33:05 ET]
Table 'Athanasia III' 9-max Seat #2 is the button
Seat 1: Dorex2007 ($2.70 in chips) 
Seat 2: lucky230268 ($1.98 in chips) 
Seat 3: RealLerxst ($1.97 in chips) 
Seat 4: tomashovka55 ($2.75 in chips) 
Seat 5: braga 360 ($2.53 in chips) 
Seat 6: Benoit1999 ($2 in chips) 
Seat 7: OktavianOvid ($1.42 in chips) 
Seat 8: tequs1 ($2.02 in chips) 
Seat 9: holdend51 ($2.71 in chips) 
RealLerxst: posts small blind $0.01
tomashovka55: posts big blind $0.02
*** HOLE CARDS ***
Dealt to Dorex2007 [8c 5h]
braga 360: raises $0.02 to $0.04
Benoit1999: folds 
OktavianOvid: calls $0.04
tequs1: folds 
holdend51: calls $0.04
Dorex2007: folds 
lucky230268: folds 
RealLerxst: folds 
tomashovka55: calls $0.02
*** FLOP *** [Js 9d As]
tomashovka55: bets $0.06
braga 360: calls $0.06
OktavianOvid: raises $0.17 to $0.23
holdend51: folds 
tomashovka55: calls $0.17
braga 360: calls $0.17
*** TURN *** [Js 9d As] [Qh]
tomashovka55: bets $0.32
braga 360: calls $0.32
OktavianOvid: raises $0.83 to $1.15 and is all-in
tomashovka55: folds 
braga 360: calls $0.83
*** RIVER *** [Js 9d As Qh] [Qd]
*** SHOW DOWN ***
braga 360: shows [6s 8s] (a pair of Queens)
OktavianOvid: shows [Ah Qs] (a full house, Queens full of Aces)
OktavianOvid cashed out the hand for $2.49 | Cash Out Fee $0.03
*** SUMMARY ***
Total pot $3.48 | Rake $0.12 
Board [Js 9d As Qh Qd]
Seat 1: Dorex2007 folded before Flop (didn't bet)
Seat 2: lucky230268 (button) folded before Flop (didn't bet)
Seat 3: RealLerxst (small blind) folded before Flop
Seat 4: tomashovka55 (big blind) folded on the Turn
Seat 5: braga 360 showed [6s 8s] and lost with a pair of Queens
Seat 6: Benoit1999 folded before Flop (didn't bet)
Seat 7: OktavianOvid showed [Ah Qs] and won ($3.36) with a full house, Queens full of Aces (pot not awarded as player cashed out)
Seat 8: tequs1 folded before Flop (didn't bet)
Seat 9: holdend51 folded on the Flop



PokerStars Hand #227653781377:  Hold'em No Limit ($0.01/$0.02 USD) - 2021/06/17 13:34:42 PT [2021/06/17 16:34:42 ET]
Table 'Athanasia III' 9-max Seat #3 is the button
Seat 1: Dorex2007 ($2.70 in chips) 
Seat 2: lucky230268 ($1.98 in chips) 
Seat 3: RealLerxst ($1.96 in chips) 
Seat 4: tomashovka55 ($2.16 in chips) 
Seat 5: braga 360 ($1.11 in chips) 
Seat 6: Benoit1999 ($2 in chips) 
Seat 7: OktavianOvid ($2.49 in chips) 
Seat 8: tequs1 ($2.02 in chips) 
Seat 9: holdend51 ($2.67 in chips) 
tomashovka55: posts small blind $0.01
braga 360: posts big blind $0.02
*** HOLE CARDS ***
Dealt to Dorex2007 [Ad Js]
Benoit1999: folds 
OktavianOvid: calls $0.02
tequs1: folds 
holdend51: folds 
Dorex2007: raises $0.02 to $0.04
lucky230268: folds 
RealLerxst: calls $0.04
tomashovka55: folds 
braga 360: calls $0.02
OktavianOvid: calls $0.02
*** FLOP *** [8d 8s 9h]
braga 360: checks 
OktavianOvid: checks 
Dorex2007: checks 
RealLerxst: checks 
*** TURN *** [8d 8s 9h] [2h]
braga 360: bets $0.12
OktavianOvid: folds 
Dorex2007: folds 
RealLerxst: folds 
Uncalled bet ($0.12) returned to braga 360
braga 360 collected $0.16 from pot
*** SUMMARY ***
Total pot $0.17 | Rake $0.01 
Board [8d 8s 9h 2h]
Seat 1: Dorex2007 folded on the Turn
Seat 2: lucky230268 folded before Flop (didn't bet)
Seat 3: RealLerxst (button) folded on the Turn
Seat 4: tomashovka55 (small blind) folded before Flop
Seat 5: braga 360 (big blind) collected ($0.16)
Seat 6: Benoit1999 folded before Flop (didn't bet)
Seat 7: OktavianOvid folded on the Turn
Seat 8: tequs1 folded before Flop (didn't bet)
Seat 9: holdend51 folded before Flop (didn't bet)



PokerStars Hand #227653810273:  Hold'em No Limit ($0.01/$0.02 USD) - 2021/06/17 13:35:46 PT [2021/06/17 16:35:46 ET]
Table 'Athanasia III' 9-max Seat #4 is the button
Seat 1: Dorex2007 ($2.66 in chips) 
Seat 2: lucky230268 ($1.98 in chips) 
Seat 3: RealLerxst ($1.92 in chips) 
Seat 4: tomashovka55 ($2.15 in chips) 
Seat 5: braga 360 ($1.23 in chips) 
Seat 7: OktavianOvid ($2.45 in chips) 
Seat 8: tequs1 ($2.02 in chips) 
Seat 9: holdend51 ($2.67 in chips) 
braga 360: posts small blind $0.01
Benoit1999: is sitting out 
OktavianOvid: posts big blind $0.02
*** HOLE CARDS ***
Dealt to Dorex2007 [5h Td]
tequs1: folds 
holdend51: folds 
Dorex2007: folds 
lucky230268: raises $0.04 to $0.06
RealLerxst: folds 
tomashovka55: calls $0.06
braga 360: calls $0.05
OktavianOvid: calls $0.04
*** FLOP *** [5c Ac 2d]
braga 360: checks 
OktavianOvid: checks 
lucky230268: bets $0.12
tomashovka55: calls $0.12
braga 360: folds 
OktavianOvid: folds 
*** TURN *** [5c Ac 2d] [9h]
lucky230268: bets $0.23
tomashovka55: folds 
Uncalled bet ($0.23) returned to lucky230268
lucky230268 collected $0.46 from pot
*** SUMMARY ***
Total pot $0.48 | Rake $0.02 
Board [5c Ac 2d 9h]
Seat 1: Dorex2007 folded before Flop (didn't bet)
Seat 2: lucky230268 collected ($0.46)
Seat 3: RealLerxst folded before Flop (didn't bet)
Seat 4: tomashovka55 (button) folded on the Turn
Seat 5: braga 360 (small blind) folded on the Flop
Seat 7: OktavianOvid (big blind) folded on the Flop
Seat 8: tequs1 folded before Flop (didn't bet)
Seat 9: holdend51 folded before Flop (didn't bet)



PokerStars Hand #227653841312:  Hold'em No Limit ($0.01/$0.02 USD) - 2021/06/17 13:36:54 PT [2021/06/17 16:36:54 ET]
Table 'Athanasia III' 9-max Seat #5 is the button
Seat 1: Dorex2007 ($2.66 in chips) 
Seat 2: lucky230268 ($2.26 in chips) 
Seat 3: RealLerxst ($1.92 in chips) 
Seat 4: tomashovka55 ($2 in chips) 
Seat 5: braga 360 ($1.17 in chips) 
Seat 7: OktavianOvid ($2.39 in chips) 
Seat 8: tequs1 ($2.02 in chips) 
Seat 9: holdend51 ($2.67 in chips) 
OktavianOvid: posts small blind $0.01
tequs1: posts big blind $0.02
*** HOLE CARDS ***
Dealt to Dorex2007 [7h Kh]
Benoit1999 leaves the table
holdend51: folds 
Dorex2007: folds 
holdend51 leaves the table
lucky230268: folds 
RealLerxst: folds 
tomashovka55: folds 
PAULOS_1970 joins the table at seat #9 
braga 360: folds 
OktavianOvid: folds 
Uncalled bet ($0.01) returned to tequs1
tequs1 collected $0.02 from pot
tequs1: doesn't show hand 
*** SUMMARY ***
Total pot $0.02 | Rake $0 
Seat 1: Dorex2007 folded before Flop (didn't bet)
Seat 2: lucky230268 folded before Flop (didn't bet)
Seat 3: RealLerxst folded before Flop (didn't bet)
Seat 4: tomashovka55 folded before Flop (didn't bet)
Seat 5: braga 360 (button) folded before Flop (didn't bet)
Seat 7: OktavianOvid (small blind) folded before Flop
Seat 8: tequs1 (big blind) collected ($0.02)
Seat 9: holdend51 folded before Flop (didn't bet)



PokerStars Hand #227653852216:  Hold'em No Limit ($0.01/$0.02 USD) - 2021/06/17 13:37:18 PT [2021/06/17 16:37:18 ET]
Table 'Athanasia III' 9-max Seat #7 is the button
Seat 1: Dorex2007 ($2.66 in chips) 
Seat 2: lucky230268 ($2.26 in chips) 
Seat 3: RealLerxst ($1.92 in chips) 
Seat 4: tomashovka55 ($2 in chips) 
Seat 5: braga 360 ($1.17 in chips) 
Seat 7: OktavianOvid ($2.38 in chips) 
Seat 8: tequs1 ($2.03 in chips) 
Seat 9: PAULOS_1970 ($1.29 in chips) 
tequs1: posts small blind $0.01
PAULOS_1970: posts big blind $0.02
*** HOLE CARDS ***
Dealt to Dorex2007 [2c 7d]
Dorex2007: folds 
lucky230268: folds 
RealLerxst: folds 
tomashovka55: folds 
braga 360: raises $0.05 to $0.07
OktavianOvid: folds 
tequs1: folds 
PAULOS_1970: folds 
Uncalled bet ($0.05) returned to braga 360
braga 360 collected $0.05 from pot
*** SUMMARY ***
Total pot $0.05 | Rake $0 
Seat 1: Dorex2007 folded before Flop (didn't bet)
Seat 2: lucky230268 folded before Flop (didn't bet)
Seat 3: RealLerxst folded before Flop (didn't bet)
Seat 4: tomashovka55 folded before Flop (didn't bet)
Seat 5: braga 360 collected ($0.05)
Seat 7: OktavianOvid (button) folded before Flop (didn't bet)
Seat 8: tequs1 (small blind) folded before Flop
Seat 9: PAULOS_1970 (big blind) folded before Flop



PokerStars Hand #227653862858:  Hold'em No Limit ($0.01/$0.02 USD) - 2021/06/17 13:37:41 PT [2021/06/17 16:37:41 ET]
Table 'Athanasia III' 9-max Seat #8 is the button
Seat 1: Dorex2007 ($2.66 in chips) 
Seat 2: lucky230268 ($2.26 in chips) 
Seat 3: RealLerxst ($1.92 in chips) 
Seat 4: tomashovka55 ($2 in chips) 
Seat 5: braga 360 ($1.20 in chips) 
Seat 7: OktavianOvid ($2.38 in chips) 
Seat 8: tequs1 ($2.02 in chips) 
Seat 9: PAULOS_1970 ($1.27 in chips) 
WG8978 joins the table at seat #6 
PAULOS_1970: posts small blind $0.01
Dorex2007: posts big blind $0.02
*** HOLE CARDS ***
Dealt to Dorex2007 [6s 8c]
lucky230268: folds 
RealLerxst: calls $0.02
tomashovka55: folds 
braga 360: folds 
OktavianOvid: folds 
tequs1: folds 
PAULOS_1970: calls $0.01
Dorex2007: checks 
*** FLOP *** [8d 2s Jh]
PAULOS_1970: checks 
Dorex2007: checks 
RealLerxst: checks 
*** TURN *** [8d 2s Jh] [4c]
PAULOS_1970: checks 
Dorex2007: bets $0.06
RealLerxst: folds 
PAULOS_1970: folds 
Uncalled bet ($0.06) returned to Dorex2007
Dorex2007 collected $0.06 from pot
Dorex2007: doesn't show hand 
*** SUMMARY ***
Total pot $0.06 | Rake $0 
Board [8d 2s Jh 4c]
Seat 1: Dorex2007 (big blind) collected ($0.06)
Seat 2: lucky230268 folded before Flop (didn't bet)
Seat 3: RealLerxst folded on the Turn
Seat 4: tomashovka55 folded before Flop (didn't bet)
Seat 5: braga 360 folded before Flop (didn't bet)
Seat 7: OktavianOvid folded before Flop (didn't bet)
Seat 8: tequs1 (button) folded before Flop (didn't bet)
Seat 9: PAULOS_1970 (small blind) folded on the Turn



PokerStars Hand #227653878408:  Hold'em No Limit ($0.01/$0.02 USD) - 2021/06/17 13:38:16 PT [2021/06/17 16:38:16 ET]
Table 'Athanasia III' 9-max Seat #9 is the button
Seat 1: Dorex2007 ($2.70 in chips) 
Seat 2: lucky230268 ($2.26 in chips) 
Seat 3: RealLerxst ($1.90 in chips) 
Seat 4: tomashovka55 ($2 in chips) 
Seat 5: braga 360 ($1.20 in chips) 
Seat 7: OktavianOvid ($2.38 in chips) 
Seat 8: tequs1 ($2.02 in chips) 
Seat 9: PAULOS_1970 ($1.25 in chips) 
Dorex2007: posts small blind $0.01
lucky230268: posts big blind $0.02
WG8978: sits out 
*** HOLE CARDS ***
Dealt to Dorex2007 [7d 4h]
RealLerxst: calls $0.02
tomashovka55: folds 
braga 360: folds 
OktavianOvid: folds 
tequs1: folds 
PAULOS_1970: folds 
Dorex2007: folds 
lucky230268: checks 
*** FLOP *** [8s Jd As]
lucky230268: checks 
RealLerxst: checks 
*** TURN *** [8s Jd As] [Kh]
lucky230268: checks 
RealLerxst: checks 
*** RIVER *** [8s Jd As Kh] [2s]
lucky230268: checks 
RealLerxst: bets $0.05
lucky230268: folds 
Uncalled bet ($0.05) returned to RealLerxst
RealLerxst collected $0.05 from pot
RealLerxst: doesn't show hand 
*** SUMMARY ***
Total pot $0.05 | Rake $0 
Board [8s Jd As Kh 2s]
Seat 1: Dorex2007 (small blind) folded before Flop
Seat 2: lucky230268 (big blind) folded on the River
Seat 3: RealLerxst collected ($0.05)
Seat 4: tomashovka55 folded before Flop (didn't bet)
Seat 5: braga 360 folded before Flop (didn't bet)
Seat 7: OktavianOvid folded before Flop (didn't bet)
Seat 8: tequs1 folded before Flop (didn't bet)
Seat 9: PAULOS_1970 (button) folded before Flop (didn't bet)



PokerStars Hand #227653910912:  Hold'em No Limit ($0.01/$0.02 USD) - 2021/06/17 13:39:27 PT [2021/06/17 16:39:27 ET]
Table 'Athanasia III' 9-max Seat #1 is the button
Seat 1: Dorex2007 ($2.69 in chips) 
Seat 2: lucky230268 ($2.24 in chips) 
Seat 3: RealLerxst ($1.93 in chips) 
Seat 4: tomashovka55 ($2 in chips) 
Seat 5: braga 360 ($1.20 in chips) 
Seat 7: OktavianOvid ($2.38 in chips) 
Seat 8: tequs1 ($2.02 in chips) 
Seat 9: PAULOS_1970 ($1.25 in chips) 
lucky230268: posts small blind $0.01
RealLerxst: posts big blind $0.02
WG8978: sits out 
*** HOLE CARDS ***
Dealt to Dorex2007 [Tc 4c]
tomashovka55: raises $0.06 to $0.08
braga 360: folds 
OktavianOvid: folds 
tequs1: folds 
PAULOS_1970: folds 
Dorex2007: folds 
lucky230268: folds 
RealLerxst: folds 
Uncalled bet ($0.06) returned to tomashovka55
tomashovka55 collected $0.05 from pot
tomashovka55: doesn't show hand 
*** SUMMARY ***
Total pot $0.05 | Rake $0 
Seat 1: Dorex2007 (button) folded before Flop (didn't bet)
Seat 2: lucky230268 (small blind) folded before Flop
Seat 3: RealLerxst (big blind) folded before Flop
Seat 4: tomashovka55 collected ($0.05)
Seat 5: braga 360 folded before Flop (didn't bet)
Seat 7: OktavianOvid folded before Flop (didn't bet)
Seat 8: tequs1 folded before Flop (didn't bet)
Seat 9: PAULOS_1970 folded before Flop (didn't bet)



PokerStars Hand #227653921595:  Hold'em No Limit ($0.01/$0.02 USD) - 2021/06/17 13:39:51 PT [2021/06/17 16:39:51 ET]
Table 'Athanasia III' 9-max Seat #2 is the button
Seat 1: Dorex2007 ($2.69 in chips) 
Seat 2: lucky230268 ($2.23 in chips) 
Seat 3: RealLerxst ($1.91 in chips) 
Seat 4: tomashovka55 ($2.03 in chips) 
Seat 5: braga 360 ($1.20 in chips) 
Seat 7: OktavianOvid ($2.38 in chips) 
Seat 8: tequs1 ($2.02 in chips) 
Seat 9: PAULOS_1970 ($1.25 in chips) 
RealLerxst: posts small blind $0.01
tomashovka55: posts big blind $0.02
WG8978: sits out 
*** HOLE CARDS ***
Dealt to Dorex2007 [8h 6h]
braga 360: folds 
OktavianOvid: raises $0.02 to $0.04
tequs1: folds 
PAULOS_1970: calls $0.04
Dorex2007: folds 
lucky230268: folds 
RealLerxst has timed out
RealLerxst: folds 
tomashovka55: calls $0.02
*** FLOP *** [3s 7s Js]
tomashovka55: checks 
OktavianOvid: checks 
PAULOS_1970: checks 
*** TURN *** [3s 7s Js] [6s]
tomashovka55: checks 
OktavianOvid: checks 
PAULOS_1970: checks 
*** RIVER *** [3s 7s Js 6s] [Qs]
tomashovka55: checks 
OktavianOvid: checks 
PAULOS_1970: checks 
*** SHOW DOWN ***
tomashovka55: shows [Th Jc] (a flush, Queen high)
OktavianOvid: shows [Ah Td] (a flush, Queen high)
PAULOS_1970: shows [7c Ac] (a flush, Queen high)
tomashovka55 collected $0.05 from pot
OktavianOvid collected $0.04 from pot
PAULOS_1970 collected $0.04 from pot
*** SUMMARY ***
Total pot $0.13 | Rake $0 
Board [3s 7s Js 6s Qs]
Seat 1: Dorex2007 folded before Flop (didn't bet)
Seat 2: lucky230268 (button) folded before Flop (didn't bet)
Seat 3: RealLerxst (small blind) folded before Flop
Seat 4: tomashovka55 (big blind) showed [Th Jc] and won ($0.05) with a flush, Queen high
Seat 5: braga 360 folded before Flop (didn't bet)
Seat 7: OktavianOvid showed [Ah Td] and won ($0.04) with a flush, Queen high
Seat 8: tequs1 folded before Flop (didn't bet)
Seat 9: PAULOS_1970 showed [7c Ac] and won ($0.04) with a flush, Queen high



PokerStars Hand #227654057015:  Hold'em No Limit ($0.01/$0.02 USD) - 2021/06/17 13:44:49 PT [2021/06/17 16:44:49 ET]
Table 'Athanasia III' 9-max Seat #2 is the button
Seat 1: Dorex2007 ($2.69 in chips) 
Seat 2: lucky230268 ($2.23 in chips) 
Seat 4: tomashovka55 ($2.01 in chips) 
Seat 5: braga 360 ($2 in chips) 
Seat 6: WG8978 ($2.14 in chips) 
Seat 8: tequs1 ($1.93 in chips) 
Seat 9: PAULOS_1970 ($1.54 in chips) 
tomashovka55: posts small blind $0.01
braga 360: posts big blind $0.02
Dorex2007: posts small & big blinds $0.03
*** HOLE CARDS ***
Dealt to Dorex2007 [4c 2s]
WG8978: folds 
tequs1: raises $0.04 to $0.06
PAULOS_1970: folds 
Dorex2007: folds 
lucky230268: folds 
tomashovka55: folds 
braga 360: folds 
Uncalled bet ($0.04) returned to tequs1
tequs1 collected $0.08 from pot
tequs1: doesn't show hand 
*** SUMMARY ***
Total pot $0.08 | Rake $0 
Seat 1: Dorex2007 folded before Flop (didn't bet)
Seat 2: lucky230268 (button) folded before Flop (didn't bet)
Seat 4: tomashovka55 (small blind) folded before Flop
Seat 5: braga 360 (big blind) folded before Flop
Seat 6: WG8978 folded before Flop (didn't bet)
Seat 8: tequs1 collected ($0.08)
Seat 9: PAULOS_1970 folded before Flop (didn't bet)



PokerStars Hand #227654068673:  Hold'em No Limit ($0.01/$0.02 USD) - 2021/06/17 13:45:15 PT [2021/06/17 16:45:15 ET]
Table 'Athanasia III' 9-max Seat #4 is the button
Seat 1: Dorex2007 ($2.66 in chips) 
Seat 2: lucky230268 ($2.23 in chips) 
Seat 4: tomashovka55 ($2 in chips) 
Seat 5: braga 360 ($1.98 in chips) 
Seat 8: tequs1 ($1.99 in chips) 
Seat 9: PAULOS_1970 ($1.54 in chips) 
braga 360: posts small blind $0.01
tequs1: posts big blind $0.02
*** HOLE CARDS ***
Dealt to Dorex2007 [3d Th]
PAULOS_1970: folds 
Dorex2007: folds 
lucky230268: folds 
tomashovka55: raises $0.02 to $0.04
braga 360: folds 
tequs1: folds 
Uncalled bet ($0.02) returned to tomashovka55
tomashovka55 collected $0.05 from pot
tomashovka55: doesn't show hand 
*** SUMMARY ***
Total pot $0.05 | Rake $0 
Seat 1: Dorex2007 folded before Flop (didn't bet)
Seat 2: lucky230268 folded before Flop (didn't bet)
Seat 4: tomashovka55 (button) collected ($0.05)
Seat 5: braga 360 (small blind) folded before Flop
Seat 8: tequs1 (big blind) folded before Flop
Seat 9: PAULOS_1970 folded before Flop (didn't bet)



PokerStars Hand #227654079586:  Hold'em No Limit ($0.01/$0.02 USD) - 2021/06/17 13:45:39 PT [2021/06/17 16:45:39 ET]
Table 'Athanasia III' 9-max Seat #5 is the button
Seat 1: Dorex2007 ($2.66 in chips) 
Seat 2: lucky230268 ($2.23 in chips) 
Seat 4: tomashovka55 ($2.03 in chips) 
Seat 5: braga 360 ($1.97 in chips) 
Seat 8: tequs1 ($1.97 in chips) 
Seat 9: PAULOS_1970 ($1.54 in chips) 
tequs1: posts small blind $0.01
PAULOS_1970: posts big blind $0.02
*** HOLE CARDS ***
Dealt to Dorex2007 [8d 2c]
RealLerxst is disconnected 
Dorex2007: folds 
lucky230268: folds 
tomashovka55: raises $0.02 to $0.04
braga 360: folds 
tequs1: folds 
PAULOS_1970: raises $0.09 to $0.13
tomashovka55: raises $0.09 to $0.22
PAULOS_1970: raises $1.32 to $1.54 and is all-in
tomashovka55: folds 
Uncalled bet ($1.32) returned to PAULOS_1970
PAULOS_1970 collected $0.45 from pot
PAULOS_1970: doesn't show hand 
*** SUMMARY ***
Total pot $0.45 | Rake $0 
Seat 1: Dorex2007 folded before Flop (didn't bet)
Seat 2: lucky230268 folded before Flop (didn't bet)
Seat 4: tomashovka55 folded before Flop
Seat 5: braga 360 (button) folded before Flop (didn't bet)
Seat 8: tequs1 (small blind) folded before Flop
Seat 9: PAULOS_1970 (big blind) collected ($0.45)



PokerStars Hand #227654098015:  Hold'em No Limit ($0.01/$0.02 USD) - 2021/06/17 13:46:19 PT [2021/06/17 16:46:19 ET]
Table 'Athanasia III' 9-max Seat #8 is the button
Seat 1: Dorex2007 ($2.66 in chips) 
Seat 2: lucky230268 ($2.23 in chips) 
Seat 4: tomashovka55 ($2 in chips) 
Seat 5: braga 360 ($1.97 in chips) 
Seat 8: tequs1 ($1.96 in chips) 
Seat 9: PAULOS_1970 ($1.77 in chips) 
PAULOS_1970: posts small blind $0.01
Dorex2007: posts big blind $0.02
*** HOLE CARDS ***
Dealt to Dorex2007 [Td 6d]
lucky230268: folds 
tomashovka55: folds 
braga 360: folds 
tequs1: folds 
PAULOS_1970: calls $0.01
Dorex2007: checks 
*** FLOP *** [5c 2d 8c]
PAULOS_1970: checks 
Dorex2007: checks 
*** TURN *** [5c 2d 8c] [Ks]
PAULOS_1970: checks 
Dorex2007: checks 
*** RIVER *** [5c 2d 8c Ks] [Qh]
PAULOS_1970: bets $0.04
Dorex2007: folds 
Uncalled bet ($0.04) returned to PAULOS_1970
PAULOS_1970 collected $0.04 from pot
PAULOS_1970: doesn't show hand 
*** SUMMARY ***
Total pot $0.04 | Rake $0 
Board [5c 2d 8c Ks Qh]
Seat 1: Dorex2007 (big blind) folded on the River
Seat 2: lucky230268 folded before Flop (didn't bet)
Seat 4: tomashovka55 folded before Flop (didn't bet)
Seat 5: braga 360 folded before Flop (didn't bet)
Seat 8: tequs1 (button) folded before Flop (didn't bet)
Seat 9: PAULOS_1970 (small blind) collected ($0.04)



PokerStars Hand #227654124757:  Hold'em No Limit ($0.01/$0.02 USD) - 2021/06/17 13:47:18 PT [2021/06/17 16:47:18 ET]
Table 'Athanasia III' 9-max Seat #9 is the button
Seat 1: Dorex2007 ($2.64 in chips) 
Seat 2: lucky230268 ($2.23 in chips) 
Seat 4: tomashovka55 ($2 in chips) 
Seat 5: braga 360 ($1.97 in chips) 
Seat 8: tequs1 ($1.96 in chips) 
Seat 9: PAULOS_1970 ($1.79 in chips) 
Dorex2007: posts small blind $0.01
lucky230268: posts big blind $0.02
*** HOLE CARDS ***
Dealt to Dorex2007 [9c Tc]
tomashovka55: folds 
braga 360: folds 
tequs1: folds 
PAULOS_1970: folds 
Dorex2007: raises $0.02 to $0.04
lucky230268: calls $0.02
*** FLOP *** [Js 3d 5s]
Dorex2007: checks 
lucky230268: checks 
*** TURN *** [Js 3d 5s] [Ks]
Dorex2007: bets $0.08
lucky230268: calls $0.08
*** RIVER *** [Js 3d 5s Ks] [9s]
Dorex2007: bets $0.15
lucky230268: calls $0.15
*** SHOW DOWN ***
Dorex2007: shows [9c Tc] (a pair of Nines)
lucky230268: shows [6s Ah] (a flush, King high)
lucky230268 collected $0.52 from pot
*** SUMMARY ***
Total pot $0.54 | Rake $0.02 
Board [Js 3d 5s Ks 9s]
Seat 1: Dorex2007 (small blind) showed [9c Tc] and lost with a pair of Nines
Seat 2: lucky230268 (big blind) showed [6s Ah] and won ($0.52) with a flush, King high
Seat 4: tomashovka55 folded before Flop (didn't bet)
Seat 5: braga 360 folded before Flop (didn't bet)
Seat 8: tequs1 folded before Flop (didn't bet)
Seat 9: PAULOS_1970 (button) folded before Flop (didn't bet)



PokerStars Hand #227654152150:  Hold'em No Limit ($0.01/$0.02 USD) - 2021/06/17 13:48:18 PT [2021/06/17 16:48:18 ET]
Table 'Athanasia III' 9-max Seat #1 is the button
Seat 1: Dorex2007 ($2.37 in chips) 
Seat 2: lucky230268 ($2.48 in chips) 
Seat 4: tomashovka55 ($2 in chips) 
Seat 5: braga 360 ($1.97 in chips) 
Seat 8: tequs1 ($1.96 in chips) 
Seat 9: PAULOS_1970 ($1.79 in chips) 
lucky230268: posts small blind $0.01
tomashovka55: posts big blind $0.02
*** HOLE CARDS ***
Dealt to Dorex2007 [Qd 3c]
braga 360: folds 
tequs1: folds 
PAULOS_1970: calls $0.02
Dorex2007: folds 
lucky230268: calls $0.01
tomashovka55: raises $1.98 to $2 and is all-in
PAULOS_1970: folds 
lucky230268: folds 
Uncalled bet ($1.98) returned to tomashovka55
tomashovka55 collected $0.06 from pot
tomashovka55: doesn't show hand 
*** SUMMARY ***
Total pot $0.06 | Rake $0 
Seat 1: Dorex2007 (button) folded before Flop (didn't bet)
Seat 2: lucky230268 (small blind) folded before Flop
Seat 4: tomashovka55 (big blind) collected ($0.06)
Seat 5: braga 360 folded before Flop (didn't bet)
Seat 8: tequs1 folded before Flop (didn't bet)
Seat 9: PAULOS_1970 folded before Flop



PokerStars Hand #227654169106:  Hold'em No Limit ($0.01/$0.02 USD) - 2021/06/17 13:48:55 PT [2021/06/17 16:48:55 ET]
Table 'Athanasia III' 9-max Seat #2 is the button
Seat 1: Dorex2007 ($2.37 in chips) 
Seat 2: lucky230268 ($2.46 in chips) 
Seat 4: tomashovka55 ($2.04 in chips) 
Seat 8: tequs1 ($1.96 in chips) 
Seat 9: PAULOS_1970 ($1.77 in chips) 
tomashovka55: posts small blind $0.01
tequs1: posts big blind $0.02
*** HOLE CARDS ***
Dealt to Dorex2007 [9s 6s]
PAULOS_1970: calls $0.02
Dorex2007: folds 
lucky230268: folds 
tomashovka55: folds 
tequs1: checks 
*** FLOP *** [9h Tc 7d]
tequs1: bets $0.06
PAULOS_1970: calls $0.06
*** TURN *** [9h Tc 7d] [Kd]
tequs1: bets $0.16
PAULOS_1970: calls $0.16
*** RIVER *** [9h Tc 7d Kd] [3h]
tequs1: bets $0.24
PAULOS_1970: folds 
Uncalled bet ($0.24) returned to tequs1
tequs1 collected $0.47 from pot
tequs1: doesn't show hand 
*** SUMMARY ***
Total pot $0.49 | Rake $0.02 
Board [9h Tc 7d Kd 3h]
Seat 1: Dorex2007 folded before Flop (didn't bet)
Seat 2: lucky230268 (button) folded before Flop (didn't bet)
Seat 4: tomashovka55 (small blind) folded before Flop
Seat 8: tequs1 (big blind) collected ($0.47)
Seat 9: PAULOS_1970 folded on the River



PokerStars Hand #227654200874:  Hold'em No Limit ($0.01/$0.02 USD) - 2021/06/17 13:50:04 PT [2021/06/17 16:50:04 ET]
Table 'Athanasia III' 9-max Seat #4 is the button
Seat 1: Dorex2007 ($2.37 in chips) 
Seat 4: tomashovka55 ($2.03 in chips) 
Seat 8: tequs1 ($2.19 in chips) 
Seat 9: PAULOS_1970 ($1.53 in chips) 
tequs1: posts small blind $0.01
PAULOS_1970: posts big blind $0.02
*** HOLE CARDS ***
Dealt to Dorex2007 [9s Jd]
Dorex2007: folds 
tomashovka55: folds 
tequs1: raises $0.04 to $0.06
PAULOS_1970: calls $0.04
*** FLOP *** [7c Js 7d]
tequs1: checks 
PAULOS_1970: checks 
*** TURN *** [7c Js 7d] [Ad]
tequs1: checks 
PAULOS_1970: checks 
*** RIVER *** [7c Js 7d Ad] [Kc]
tequs1: checks 
PAULOS_1970: bets $0.12
tequs1: folds 
Uncalled bet ($0.12) returned to PAULOS_1970
PAULOS_1970 collected $0.12 from pot
PAULOS_1970: doesn't show hand 
*** SUMMARY ***
Total pot $0.12 | Rake $0 
Board [7c Js 7d Ad Kc]
Seat 1: Dorex2007 folded before Flop (didn't bet)
Seat 4: tomashovka55 (button) folded before Flop (didn't bet)
Seat 8: tequs1 (small blind) folded on the River
Seat 9: PAULOS_1970 (big blind) collected ($0.12)



PokerStars Hand #227654214264:  Hold'em No Limit ($0.01/$0.02 USD) - 2021/06/17 13:50:35 PT [2021/06/17 16:50:35 ET]
Table 'Athanasia III' 9-max Seat #8 is the button
Seat 1: Dorex2007 ($2.37 in chips) 
Seat 4: tomashovka55 ($2.03 in chips) 
Seat 8: tequs1 ($2.13 in chips) 
Seat 9: PAULOS_1970 ($1.59 in chips) 
PAULOS_1970: posts small blind $0.01
Dorex2007: posts big blind $0.02
*** HOLE CARDS ***
Dealt to Dorex2007 [Th 7s]
tomashovka55: raises $0.03 to $0.05
tequs1: folds 
PAULOS_1970: folds 
Dorex2007: folds 
Uncalled bet ($0.03) returned to tomashovka55
tomashovka55 collected $0.05 from pot
tomashovka55: doesn't show hand 
*** SUMMARY ***
Total pot $0.05 | Rake $0 
Seat 1: Dorex2007 (big blind) folded before Flop
Seat 4: tomashovka55 collected ($0.05)
Seat 8: tequs1 (button) folded before Flop (didn't bet)
Seat 9: PAULOS_1970 (small blind) folded before Flop



PokerStars Hand #227654220030:  Hold'em No Limit ($0.01/$0.02 USD) - 2021/06/17 13:50:48 PT [2021/06/17 16:50:48 ET]
Table 'Athanasia III' 9-max Seat #9 is the button
Seat 1: Dorex2007 ($2.35 in chips) 
Seat 4: tomashovka55 ($2.06 in chips) 
Seat 8: tequs1 ($2.13 in chips) 
Seat 9: PAULOS_1970 ($1.58 in chips) 
Dorex2007: posts small blind $0.01
tomashovka55: posts big blind $0.02
*** HOLE CARDS ***
Dealt to Dorex2007 [6s Ah]
tequs1: folds 
PAULOS_1970 has timed out
PAULOS_1970: folds 
Dorex2007: raises $0.04 to $0.06
tomashovka55: raises $0.20 to $0.26
Dorex2007: folds 
Uncalled bet ($0.20) returned to tomashovka55
tomashovka55 collected $0.12 from pot
tomashovka55: doesn't show hand 
*** SUMMARY ***
Total pot $0.12 | Rake $0 
Seat 1: Dorex2007 (small blind) folded before Flop
Seat 4: tomashovka55 (big blind) collected ($0.12)
Seat 8: tequs1 folded before Flop (didn't bet)
Seat 9: PAULOS_1970 (button) folded before Flop (didn't bet)



PokerStars Hand #227654236454:  Hold'em No Limit ($0.01/$0.02 USD) - 2021/06/17 13:51:24 PT [2021/06/17 16:51:24 ET]
Table 'Athanasia III' 9-max Seat #1 is the button
Seat 1: Dorex2007 ($2.29 in chips) 
Seat 4: tomashovka55 ($2.12 in chips) 
Seat 8: tequs1 ($2.13 in chips) 
Seat 9: PAULOS_1970 ($1.58 in chips) 
tomashovka55: posts small blind $0.01
tequs1: posts big blind $0.02
*** HOLE CARDS ***
Dealt to Dorex2007 [8d 6s]
PAULOS_1970 has timed out
PAULOS_1970: folds 
Dorex2007: folds 
tomashovka55: calls $0.01
tequs1: checks 
*** FLOP *** [7d 3h 8c]
tomashovka55: checks 
tequs1: checks 
*** TURN *** [7d 3h 8c] [7h]
tomashovka55: checks 
tequs1: bets $0.04
tomashovka55: folds 
Uncalled bet ($0.04) returned to tequs1
tequs1 collected $0.04 from pot
OktavianOvid leaves the table
tequs1: doesn't show hand 
Nick.Siloff joins the table at seat #7 
*** SUMMARY ***
Total pot $0.04 | Rake $0 
Board [7d 3h 8c 7h]
Seat 1: Dorex2007 (button) folded before Flop (didn't bet)
Seat 4: tomashovka55 (small blind) folded on the Turn
Seat 8: tequs1 (big blind) collected ($0.04)
Seat 9: PAULOS_1970 folded before Flop (didn't bet)



PokerStars Hand #227654257458:  Hold'em No Limit ($0.01/$0.02 USD) - 2021/06/17 13:52:11 PT [2021/06/17 16:52:11 ET]
Table 'Athanasia III' 9-max Seat #4 is the button
Seat 1: Dorex2007 ($2.29 in chips) 
Seat 4: tomashovka55 ($2.10 in chips) 
Seat 8: tequs1 ($2.15 in chips) 
tequs1: posts small blind $0.01
Dorex2007: posts big blind $0.02
*** HOLE CARDS ***
Dealt to Dorex2007 [4c 6c]
tomashovka55: raises $0.14 to $0.16
tequs1: folds 
Dorex2007: folds 
Uncalled bet ($0.14) returned to tomashovka55
tomashovka55 collected $0.05 from pot
tomashovka55: doesn't show hand 
*** SUMMARY ***
Total pot $0.05 | Rake $0 
Seat 1: Dorex2007 (big blind) folded before Flop
Seat 4: tomashovka55 (button) collected ($0.05)
Seat 8: tequs1 (small blind) folded before Flop



PokerStars Hand #227654263314:  Hold'em No Limit ($0.01/$0.02 USD) - 2021/06/17 13:52:24 PT [2021/06/17 16:52:24 ET]
Table 'Athanasia III' 9-max Seat #8 is the button
Seat 1: Dorex2007 ($2.27 in chips) 
Seat 4: tomashovka55 ($2.13 in chips) 
Seat 5: braga 360 ($1.97 in chips) 
Seat 7: Nick.Siloff ($2 in chips) 
Seat 8: tequs1 ($2.14 in chips) 
Dorex2007: posts small blind $0.01
tomashovka55: posts big blind $0.02
braga 360: posts small & big blinds $0.03
Nick.Siloff: posts big blind $0.02
*** HOLE CARDS ***
Dealt to Dorex2007 [3s 5d]
braga 360: checks 
Nick.Siloff: checks 
tequs1: folds 
Dorex2007: folds 
tomashovka55: checks 
*** FLOP *** [Jc Qh 3d]
tomashovka55: checks 
braga 360: checks 
Nick.Siloff: checks 
*** TURN *** [Jc Qh 3d] [Kc]
tomashovka55: checks 
braga 360: checks 
Nick.Siloff: checks 
*** RIVER *** [Jc Qh 3d Kc] [Ks]
tomashovka55: checks 
braga 360: checks 
Nick.Siloff: checks 
*** SHOW DOWN ***
tomashovka55: shows [9d As] (a pair of Kings)
braga 360: shows [2s 2c] (two pair, Kings and Deuces)
Nick.Siloff: mucks hand 
braga 360 collected $0.08 from pot
RealLerxst leaves the table
*** SUMMARY ***
Total pot $0.08 | Rake $0 
Board [Jc Qh 3d Kc Ks]
Seat 1: Dorex2007 (small blind) folded before Flop
Seat 4: tomashovka55 (big blind) showed [9d As] and lost with a pair of Kings
Seat 5: braga 360 showed [2s 2c] and won ($0.08) with two pair, Kings and Deuces
Seat 7: Nick.Siloff mucked [6h 5h]
Seat 8: tequs1 (button) folded before Flop (didn't bet)



PokerStars Hand #227654287464:  Hold'em No Limit ($0.01/$0.02 USD) - 2021/06/17 13:53:19 PT [2021/06/17 16:53:19 ET]
Table 'Athanasia III' 9-max Seat #1 is the button
Seat 1: Dorex2007 ($2.26 in chips) 
Seat 4: tomashovka55 ($2.11 in chips) 
Seat 5: braga 360 ($2.02 in chips) 
Seat 7: Nick.Siloff ($2 in chips) 
Seat 8: tequs1 ($2.14 in chips) 
Seat 9: PAULOS_1970 ($1.58 in chips) 
tomashovka55: posts small blind $0.01
braga 360: posts big blind $0.02
PAULOS_1970: posts small & big blinds $0.03
*** HOLE CARDS ***
Dealt to Dorex2007 [7d Ts]
Nick.Siloff: folds 
tequs1: folds 
easymoneyguy joins the table at seat #3 
PAULOS_1970 has timed out
PAULOS_1970: checks 
Dorex2007: folds 
tomashovka55: calls $0.01
braga 360: checks 
*** FLOP *** [Ac Ah 3h]
tomashovka55: checks 
braga 360: checks 
PAULOS_1970 has timed out
PAULOS_1970: checks 
*** TURN *** [Ac Ah 3h] [2h]
tomashovka55: bets $0.10
braga 360: folds 
PAULOS_1970 has timed out
PAULOS_1970: folds 
Uncalled bet ($0.10) returned to tomashovka55
tomashovka55 collected $0.07 from pot
tomashovka55: doesn't show hand 
*** SUMMARY ***
Total pot $0.07 | Rake $0 
Board [Ac Ah 3h 2h]
Seat 1: Dorex2007 (button) folded before Flop (didn't bet)
Seat 4: tomashovka55 (small blind) collected ($0.07)
Seat 5: braga 360 (big blind) folded on the Turn
Seat 7: Nick.Siloff folded before Flop (didn't bet)
Seat 8: tequs1 folded before Flop (didn't bet)
Seat 9: PAULOS_1970 folded on the Turn (didn't bet)



PokerStars Hand #227654337645:  Hold'em No Limit ($0.01/$0.02 USD) - 2021/06/17 13:55:14 PT [2021/06/17 16:55:14 ET]
Table 'Athanasia III' 9-max Seat #4 is the button
Seat 1: Dorex2007 ($2.26 in chips) 
Seat 3: easymoneyguy ($2 in chips) 
Seat 4: tomashovka55 ($2.16 in chips) 
Seat 5: braga 360 ($2 in chips) 
Seat 7: Nick.Siloff ($2 in chips) 
Seat 8: tequs1 ($2.14 in chips) 
braga 360: posts small blind $0.01
Nick.Siloff: posts big blind $0.02
easymoneyguy: posts big blind $0.02
*** HOLE CARDS ***
Dealt to Dorex2007 [2c 6c]
tequs1 has timed out
tequs1: folds 
Dorex2007: folds 
easymoneyguy: checks 
tomashovka55: folds 
braga 360: folds 
Nick.Siloff: raises $0.06 to $0.08
easymoneyguy: folds 
Uncalled bet ($0.06) returned to Nick.Siloff
Nick.Siloff collected $0.05 from pot
WG8978 leaves the table
Nick.Siloff: doesn't show hand 
*** SUMMARY ***
Total pot $0.05 | Rake $0 
Seat 1: Dorex2007 folded before Flop (didn't bet)
Seat 3: easymoneyguy folded before Flop (didn't bet)
Seat 4: tomashovka55 (button) folded before Flop (didn't bet)
Seat 5: braga 360 (small blind) folded before Flop
Seat 7: Nick.Siloff (big blind) collected ($0.05)
Seat 8: tequs1 folded before Flop (didn't bet)



PokerStars Hand #227654351349:  Hold'em No Limit ($0.01/$0.02 USD) - 2021/06/17 13:55:55 PT [2021/06/17 16:55:55 ET]
Table 'Athanasia III' 9-max Seat #5 is the button
Seat 1: Dorex2007 ($2.26 in chips) 
Seat 3: easymoneyguy ($1.98 in chips) 
Seat 4: tomashovka55 ($2.16 in chips) 
Seat 5: braga 360 ($1.99 in chips) 
Seat 7: Nick.Siloff ($2.03 in chips) 
Seat 8: tequs1 ($2.14 in chips) 
Nick.Siloff: posts small blind $0.01
tequs1: posts big blind $0.02
*** HOLE CARDS ***
Dealt to Dorex2007 [9d 4h]
Dorex2007: folds 
easymoneyguy: folds 
tomashovka55: folds 
braga 360: folds 
Nick.Siloff: folds 
Uncalled bet ($0.01) returned to tequs1
tequs1 collected $0.02 from pot
tequs1: doesn't show hand 
*** SUMMARY ***
Total pot $0.02 | Rake $0 
Seat 1: Dorex2007 folded before Flop (didn't bet)
Seat 3: easymoneyguy folded before Flop (didn't bet)
Seat 4: tomashovka55 folded before Flop (didn't bet)
Seat 5: braga 360 (button) folded before Flop (didn't bet)
Seat 7: Nick.Siloff (small blind) folded before Flop
Seat 8: tequs1 (big blind) collected ($0.02)



PokerStars Hand #227654356448:  Hold'em No Limit ($0.01/$0.02 USD) - 2021/06/17 13:56:11 PT [2021/06/17 16:56:11 ET]
Table 'Athanasia III' 9-max Seat #7 is the button
Seat 1: Dorex2007 ($2.26 in chips) 
Seat 3: easymoneyguy ($1.98 in chips) 
Seat 4: tomashovka55 ($2.16 in chips) 
Seat 5: braga 360 ($1.99 in chips) 
Seat 7: Nick.Siloff ($2.02 in chips) 
Seat 8: tequs1 ($2.15 in chips) 
tequs1: posts small blind $0.01
Dorex2007: posts big blind $0.02
*** HOLE CARDS ***
Dealt to Dorex2007 [Js 2c]
easymoneyguy: folds 
tomashovka55: folds 
braga 360: folds 
Nick.Siloff: folds 
tequs1: calls $0.01
Dorex2007: checks 
*** FLOP *** [9s 9c Ad]
tequs1: checks 
Dorex2007: checks 
*** TURN *** [9s 9c Ad] [Ks]
tequs1: checks 
Dorex2007: checks 
*** RIVER *** [9s 9c Ad Ks] [8c]
tequs1: bets $0.02
Dorex2007: folds 
Uncalled bet ($0.02) returned to tequs1
tequs1 collected $0.04 from pot
tequs1: doesn't show hand 
*** SUMMARY ***
Total pot $0.04 | Rake $0 
Board [9s 9c Ad Ks 8c]
Seat 1: Dorex2007 (big blind) folded on the River
Seat 3: easymoneyguy folded before Flop (didn't bet)
Seat 4: tomashovka55 folded before Flop (didn't bet)
Seat 5: braga 360 folded before Flop (didn't bet)
Seat 7: Nick.Siloff (button) folded before Flop (didn't bet)
Seat 8: tequs1 (small blind) collected ($0.04)



PokerStars Hand #227654381951:  Hold'em No Limit ($0.01/$0.02 USD) - 2021/06/17 13:57:19 PT [2021/06/17 16:57:19 ET]
Table 'Athanasia III' 9-max Seat #8 is the button
Seat 1: Dorex2007 ($2.24 in chips) 
Seat 3: easymoneyguy ($1.98 in chips) 
Seat 4: tomashovka55 ($2.16 in chips) 
Seat 5: braga 360 ($1.99 in chips) 
Seat 7: Nick.Siloff ($2.02 in chips) 
Seat 8: tequs1 ($2.17 in chips) 
Dorex2007: posts small blind $0.01
easymoneyguy: posts big blind $0.02
*** HOLE CARDS ***
Dealt to Dorex2007 [7h 9s]
tomashovka55: folds 
braga 360: folds 
Nick.Siloff: raises $0.02 to $0.04
tequs1: folds 
Dorex2007: folds 
easymoneyguy: calls $0.02
*** FLOP *** [8d Jc Js]
easymoneyguy: checks 
Nick.Siloff: checks 
*** TURN *** [8d Jc Js] [Qh]
easymoneyguy: checks 
Nick.Siloff: checks 
*** RIVER *** [8d Jc Js Qh] [Ad]
easymoneyguy: checks 
Nick.Siloff: checks 
*** SHOW DOWN ***
easymoneyguy: shows [3s 5s] (a pair of Jacks)
Nick.Siloff: shows [8h Th] (two pair, Jacks and Eights)
Nick.Siloff collected $0.09 from pot
*** SUMMARY ***
Total pot $0.09 | Rake $0 
Board [8d Jc Js Qh Ad]
Seat 1: Dorex2007 (small blind) folded before Flop
Seat 3: easymoneyguy (big blind) showed [3s 5s] and lost with a pair of Jacks
Seat 4: tomashovka55 folded before Flop (didn't bet)
Seat 5: braga 360 folded before Flop (didn't bet)
Seat 7: Nick.Siloff showed [8h Th] and won ($0.09) with two pair, Jacks and Eights
Seat 8: tequs1 (button) folded before Flop (didn't bet)



PokerStars Hand #227654400662:  Hold'em No Limit ($0.01/$0.02 USD) - 2021/06/17 13:57:59 PT [2021/06/17 16:57:59 ET]
Table 'Athanasia III' 9-max Seat #1 is the button
Seat 1: Dorex2007 ($2.23 in chips) 
Seat 3: easymoneyguy ($1.94 in chips) 
Seat 4: tomashovka55 ($2.16 in chips) 
Seat 5: braga 360 ($1.99 in chips) 
Seat 7: Nick.Siloff ($2.07 in chips) 
Seat 8: tequs1 ($2.17 in chips) 
easymoneyguy: posts small blind $0.01
tomashovka55: posts big blind $0.02
*** HOLE CARDS ***
Dealt to Dorex2007 [2h 8d]
braga 360: folds 
Nick.Siloff: folds 
tequs1: folds 
Dorex2007: folds 
easymoneyguy: calls $0.01
tomashovka55: raises $0.24 to $0.26
easymoneyguy: folds 
Uncalled bet ($0.24) returned to tomashovka55
tomashovka55 collected $0.04 from pot
tomashovka55: doesn't show hand 
*** SUMMARY ***
Total pot $0.04 | Rake $0 
Seat 1: Dorex2007 (button) folded before Flop (didn't bet)
Seat 3: easymoneyguy (small blind) folded before Flop
Seat 4: tomashovka55 (big blind) collected ($0.04)
Seat 5: braga 360 folded before Flop (didn't bet)
Seat 7: Nick.Siloff folded before Flop (didn't bet)
Seat 8: tequs1 folded before Flop (didn't bet)



PokerStars Hand #227654407272:  Hold'em No Limit ($0.01/$0.02 USD) - 2021/06/17 13:58:18 PT [2021/06/17 16:58:18 ET]
Table 'Athanasia III' 9-max Seat #3 is the button
Seat 1: Dorex2007 ($2.23 in chips) 
Seat 3: easymoneyguy ($1.92 in chips) 
Seat 4: tomashovka55 ($2.18 in chips) 
Seat 5: braga 360 ($1.99 in chips) 
Seat 7: Nick.Siloff ($2.07 in chips) 
Seat 8: tequs1 ($2.17 in chips) 
tomashovka55: posts small blind $0.01
braga 360: posts big blind $0.02
*** HOLE CARDS ***
Dealt to Dorex2007 [Kh 5c]
Nick.Siloff: raises $0.02 to $0.04
tequs1: folds 
Dorex2007: folds 
easymoneyguy: calls $0.04
tomashovka55: folds 
braga 360: folds 
*** FLOP *** [5h 5d Kc]
Nick.Siloff: bets $0.06
easymoneyguy: folds 
Uncalled bet ($0.06) returned to Nick.Siloff
Nick.Siloff collected $0.11 from pot
Nick.Siloff: doesn't show hand 
*** SUMMARY ***
Total pot $0.11 | Rake $0 
Board [5h 5d Kc]
Seat 1: Dorex2007 folded before Flop (didn't bet)
Seat 3: easymoneyguy (button) folded on the Flop
Seat 4: tomashovka55 (small blind) folded before Flop
Seat 5: braga 360 (big blind) folded before Flop
Seat 7: Nick.Siloff collected ($0.11)
Seat 8: tequs1 folded before Flop (didn't bet)



PokerStars Hand #227654418989:  Hold'em No Limit ($0.01/$0.02 USD) - 2021/06/17 13:58:53 PT [2021/06/17 16:58:53 ET]
Table 'Athanasia III' 9-max Seat #4 is the button
Seat 1: Dorex2007 ($2.23 in chips) 
Seat 3: easymoneyguy ($1.88 in chips) 
Seat 4: tomashovka55 ($2.17 in chips) 
Seat 7: Nick.Siloff ($2.14 in chips) 
Seat 8: tequs1 ($2.17 in chips) 
braga 360 has timed out
braga 360: is sitting out 
Nick.Siloff: posts small blind $0.01
Bosik927 joins the table at seat #6 
tequs1: posts big blind $0.02
*** HOLE CARDS ***
Dealt to Dorex2007 [4c 8s]
Dorex2007: folds 
easymoneyguy: folds 
tomashovka55: folds 
Nick.Siloff: folds 
Uncalled bet ($0.01) returned to tequs1
tequs1 collected $0.02 from pot
tequs1: doesn't show hand 
*** SUMMARY ***
Total pot $0.02 | Rake $0 
Seat 1: Dorex2007 folded before Flop (didn't bet)
Seat 3: easymoneyguy folded before Flop (didn't bet)
Seat 4: tomashovka55 (button) folded before Flop (didn't bet)
Seat 7: Nick.Siloff (small blind) folded before Flop
Seat 8: tequs1 (big blind) collected ($0.02)



PokerStars Hand #227654426358:  Hold'em No Limit ($0.01/$0.02 USD) - 2021/06/17 13:59:16 PT [2021/06/17 16:59:16 ET]
Table 'Athanasia III' 9-max Seat #7 is the button
Seat 1: Dorex2007 ($2.23 in chips) 
Seat 3: easymoneyguy ($1.88 in chips) 
Seat 4: tomashovka55 ($2.17 in chips) 
Seat 7: Nick.Siloff ($2.13 in chips) 
Seat 8: tequs1 ($2.18 in chips) 
tequs1: posts small blind $0.01
Dorex2007: posts big blind $0.02
Bosik927: sits out 
*** HOLE CARDS ***
Dealt to Dorex2007 [2c 7c]
easymoneyguy: folds 
tomashovka55: folds 
Nick.Siloff: raises $0.02 to $0.04
tequs1: calls $0.03
Dorex2007: folds 
*** FLOP *** [9h Tc Kh]
tequs1: checks 
Nick.Siloff: checks 
*** TURN *** [9h Tc Kh] [Ac]
tequs1: bets $0.05
Nick.Siloff: calls $0.05
*** RIVER *** [9h Tc Kh Ac] [5c]
tequs1: checks 
Nick.Siloff: bets $0.15
tequs1: calls $0.15
*** SHOW DOWN ***
Nick.Siloff: shows [8h As] (a pair of Aces)
tequs1: shows [Td Ad] (two pair, Aces and Tens)
tequs1 collected $0.48 from pot
*** SUMMARY ***
Total pot $0.50 | Rake $0.02 
Board [9h Tc Kh Ac 5c]
Seat 1: Dorex2007 (big blind) folded before Flop
Seat 3: easymoneyguy folded before Flop (didn't bet)
Seat 4: tomashovka55 folded before Flop (didn't bet)
Seat 7: Nick.Siloff (button) showed [8h As] and lost with a pair of Aces
Seat 8: tequs1 (small blind) showed [Td Ad] and won ($0.48) with two pair, Aces and Tens



PokerStars Hand #227654438825:  Hold'em No Limit ($0.01/$0.02 USD) - 2021/06/17 13:59:53 PT [2021/06/17 16:59:53 ET]
Table 'Athanasia III' 9-max Seat #8 is the button
Seat 1: Dorex2007 ($2.21 in chips) 
Seat 3: easymoneyguy ($1.88 in chips) 
Seat 4: tomashovka55 ($2.17 in chips) 
Seat 7: Nick.Siloff ($2 in chips) 
Seat 8: tequs1 ($2.42 in chips) 
Dorex2007: posts small blind $0.01
easymoneyguy: posts big blind $0.02
Bosik927: sits out 
*** HOLE CARDS ***
Dealt to Dorex2007 [Qh 8s]
tomashovka55: folds 
Nick.Siloff: folds 
tequs1: folds 
Dorex2007: folds 
Uncalled bet ($0.01) returned to easymoneyguy
easymoneyguy collected $0.02 from pot
lucky230268 leaves the table
*** SUMMARY ***
Total pot $0.02 | Rake $0 
Seat 1: Dorex2007 (small blind) folded before Flop
Seat 3: easymoneyguy (big blind) collected ($0.02)
Seat 4: tomashovka55 folded before Flop (didn't bet)
Seat 7: Nick.Siloff folded before Flop (didn't bet)
Seat 8: tequs1 (button) folded before Flop (didn't bet)



PokerStars Hand #227654442502:  Hold'em No Limit ($0.01/$0.02 USD) - 2021/06/17 14:00:04 PT [2021/06/17 17:00:04 ET]
Table 'Athanasia III' 9-max Seat #1 is the button
Seat 1: Dorex2007 ($2.20 in chips) 
Seat 3: easymoneyguy ($1.89 in chips) 
Seat 4: tomashovka55 ($2.17 in chips) 
Seat 7: Nick.Siloff ($2 in chips) 
Seat 8: tequs1 ($2.42 in chips) 
easymoneyguy: posts small blind $0.01
tomashovka55: posts big blind $0.02
Bosik927: sits out 
*** HOLE CARDS ***
Dealt to Dorex2007 [2d 8s]
Nick.Siloff: folds 
tequs1: raises $0.04 to $0.06
xXxCMF joins the table at seat #2 
Dorex2007: folds 
easymoneyguy: folds 
tomashovka55: folds 
Uncalled bet ($0.04) returned to tequs1
tequs1 collected $0.05 from pot
tequs1: doesn't show hand 
*** SUMMARY ***
Total pot $0.05 | Rake $0 
Seat 1: Dorex2007 (button) folded before Flop (didn't bet)
Seat 3: easymoneyguy (small blind) folded before Flop
Seat 4: tomashovka55 (big blind) folded before Flop
Seat 7: Nick.Siloff folded before Flop (didn't bet)
Seat 8: tequs1 collected ($0.05)



PokerStars Hand #227654451216:  Hold'em No Limit ($0.01/$0.02 USD) - 2021/06/17 14:00:29 PT [2021/06/17 17:00:29 ET]
Table 'Athanasia III' 9-max Seat #3 is the button
Seat 1: Dorex2007 ($2.20 in chips) 
Seat 3: easymoneyguy ($1.88 in chips) 
Seat 4: tomashovka55 ($2.15 in chips) 
Seat 5: braga 360 ($1.97 in chips) 
Seat 7: Nick.Siloff ($2 in chips) 
Seat 8: tequs1 ($2.45 in chips) 
tomashovka55: posts small blind $0.01
braga 360: posts big blind $0.02
Bosik927: sits out 
xXxCMF: sits out 
*** HOLE CARDS ***
Dealt to Dorex2007 [7h Qc]
Nick.Siloff: folds 
tequs1: raises $0.04 to $0.06
Dorex2007: folds 
easymoneyguy: calls $0.06
tomashovka55: folds 
braga 360: folds 
*** FLOP *** [Ts Js Kh]
tequs1: checks 
easymoneyguy: bets $0.14
tequs1: calls $0.14
*** TURN *** [Ts Js Kh] [Ac]
tequs1: checks 
easymoneyguy: checks 
*** RIVER *** [Ts Js Kh Ac] [9h]
tequs1: checks 
easymoneyguy: checks 
*** SHOW DOWN ***
tequs1: shows [Th Ad] (two pair, Aces and Tens)
easymoneyguy: mucks hand 
tequs1 collected $0.41 from pot
*** SUMMARY ***
Total pot $0.43 | Rake $0.02 
Board [Ts Js Kh Ac 9h]
Seat 1: Dorex2007 folded before Flop (didn't bet)
Seat 3: easymoneyguy (button) mucked [Jc Kd]
Seat 4: tomashovka55 (small blind) folded before Flop
Seat 5: braga 360 (big blind) folded before Flop
Seat 7: Nick.Siloff folded before Flop (didn't bet)
Seat 8: tequs1 showed [Th Ad] and won ($0.41) with two pair, Aces and Tens



PokerStars Hand #227654465296:  Hold'em No Limit ($0.01/$0.02 USD) - 2021/06/17 14:01:07 PT [2021/06/17 17:01:07 ET]
Table 'Athanasia III' 9-max Seat #4 is the button
Seat 1: Dorex2007 ($2.20 in chips) 
Seat 2: xXxCMF ($1.60 in chips) 
Seat 3: easymoneyguy ($1.68 in chips) 
Seat 4: tomashovka55 ($2.14 in chips) 
Seat 5: braga 360 ($1.95 in chips) 
Seat 6: Bosik927 ($2 in chips) 
Seat 7: Nick.Siloff ($2 in chips) 
Seat 8: tequs1 ($2.66 in chips) 
braga 360: posts small blind $0.01
Bosik927: posts big blind $0.02
xXxCMF: posts big blind $0.02
*** HOLE CARDS ***
Dealt to Dorex2007 [2d Td]
Nick.Siloff: raises $0.02 to $0.04
tequs1: folds 
Dorex2007: folds 
xXxCMF: folds 
easymoneyguy: folds 
tomashovka55: calls $0.04
braga 360: calls $0.03
Bosik927: folds 
*** FLOP *** [Js 3s 3c]
braga 360: checks 
Nick.Siloff: checks 
tomashovka55: bets $0.06
braga 360: calls $0.06
Nick.Siloff: calls $0.06
*** TURN *** [Js 3s 3c] [As]
braga 360: checks 
Nick.Siloff: checks 
tomashovka55: checks 
*** RIVER *** [Js 3s 3c As] [8d]
braga 360: checks 
Nick.Siloff: bets $0.26
tomashovka55: raises $1.78 to $2.04 and is all-in
braga 360: folds 
Nick.Siloff: folds 
Uncalled bet ($1.78) returned to tomashovka55
tomashovka55 collected $0.83 from pot
tomashovka55: doesn't show hand 
*** SUMMARY ***
Total pot $0.86 | Rake $0.03 
Board [Js 3s 3c As 8d]
Seat 1: Dorex2007 folded before Flop (didn't bet)
Seat 2: xXxCMF folded before Flop (didn't bet)
Seat 3: easymoneyguy folded before Flop (didn't bet)
Seat 4: tomashovka55 (button) collected ($0.83)
Seat 5: braga 360 (small blind) folded on the River
Seat 6: Bosik927 (big blind) folded before Flop
Seat 7: Nick.Siloff folded on the River
Seat 8: tequs1 folded before Flop (didn't bet)



PokerStars Hand #227654513021:  Hold'em No Limit ($0.01/$0.02 USD) - 2021/06/17 14:02:57 PT [2021/06/17 17:02:57 ET]
Table 'Athanasia III' 9-max Seat #5 is the button
Seat 1: Dorex2007 ($2.20 in chips) 
Seat 2: xXxCMF ($1.58 in chips) 
Seat 3: easymoneyguy ($1.68 in chips) 
Seat 4: tomashovka55 ($2.61 in chips) 
Seat 5: braga 360 ($1.85 in chips) 
Seat 6: Bosik927 ($1.98 in chips) 
Seat 7: Nick.Siloff ($2 in chips) 
Seat 8: tequs1 ($2.66 in chips) 
Bosik927: posts small blind $0.01
Nick.Siloff: posts big blind $0.02
*** HOLE CARDS ***
Dealt to Dorex2007 [7h 5s]
tequs1: folds 
Dorex2007: folds 
xXxCMF: calls $0.02
easymoneyguy: folds 
tomashovka55: folds 
braga 360: folds 
Bosik927: folds 
Nick.Siloff: checks 
*** FLOP *** [6s 7s 3d]
Nick.Siloff: checks 
xXxCMF: checks 
*** TURN *** [6s 7s 3d] [9s]
Nick.Siloff: checks 
xXxCMF: checks 
*** RIVER *** [6s 7s 3d 9s] [8d]
Nick.Siloff: checks 
xXxCMF: bets $0.03
Nick.Siloff: calls $0.03
*** SHOW DOWN ***
xXxCMF: shows [Ks Th] (a straight, Six to Ten)
Nick.Siloff: mucks hand 
xXxCMF collected $0.11 from pot
*** SUMMARY ***
Total pot $0.11 | Rake $0 
Board [6s 7s 3d 9s 8d]
Seat 1: Dorex2007 folded before Flop (didn't bet)
Seat 2: xXxCMF showed [Ks Th] and won ($0.11) with a straight, Six to Ten
Seat 3: easymoneyguy folded before Flop (didn't bet)
Seat 4: tomashovka55 folded before Flop (didn't bet)
Seat 5: braga 360 (button) folded before Flop (didn't bet)
Seat 6: Bosik927 (small blind) folded before Flop
Seat 7: Nick.Siloff (big blind) mucked [5h 2d]
Seat 8: tequs1 folded before Flop (didn't bet)



PokerStars Hand #227654529508:  Hold'em No Limit ($0.01/$0.02 USD) - 2021/06/17 14:03:34 PT [2021/06/17 17:03:34 ET]
Table 'Athanasia III' 9-max Seat #6 is the button
Seat 1: Dorex2007 ($2.20 in chips) 
Seat 2: xXxCMF ($1.64 in chips) 
Seat 3: easymoneyguy ($1.68 in chips) 
Seat 4: tomashovka55 ($2.61 in chips) 
Seat 5: braga 360 ($1.85 in chips) 
Seat 6: Bosik927 ($1.97 in chips) 
Seat 7: Nick.Siloff ($2 in chips) 
Nick.Siloff: posts small blind $0.01
tequs1: is sitting out 
Dorex2007: posts big blind $0.02
*** HOLE CARDS ***
Dealt to Dorex2007 [9s Kd]
tequs1 leaves the table
xXxCMF: folds 
easymoneyguy: folds 
tomashovka55: folds 
braga 360: folds 
Bosik927: raises $0.04 to $0.06
Nick.Siloff: folds 
Dorex2007: folds 
Uncalled bet ($0.04) returned to Bosik927
Bosik927 collected $0.05 from pot
Bosik927: doesn't show hand 
*** SUMMARY ***
Total pot $0.05 | Rake $0 
Seat 1: Dorex2007 (big blind) folded before Flop
Seat 2: xXxCMF folded before Flop (didn't bet)
Seat 3: easymoneyguy folded before Flop (didn't bet)
Seat 4: tomashovka55 folded before Flop (didn't bet)
Seat 5: braga 360 folded before Flop (didn't bet)
Seat 6: Bosik927 (button) collected ($0.05)
Seat 7: Nick.Siloff (small blind) folded before Flop



PokerStars Hand #227654537321:  Hold'em No Limit ($0.01/$0.02 USD) - 2021/06/17 14:03:52 PT [2021/06/17 17:03:52 ET]
Table 'Athanasia III' 9-max Seat #7 is the button
Seat 1: Dorex2007 ($2.18 in chips) 
Seat 2: xXxCMF ($1.64 in chips) 
Seat 3: easymoneyguy ($1.68 in chips) 
Seat 4: tomashovka55 ($2.61 in chips) 
Seat 5: braga 360 ($1.85 in chips) 
Seat 6: Bosik927 ($2 in chips) 
Seat 7: Nick.Siloff ($2 in chips) 
Dorex2007: posts small blind $0.01
xXxCMF: posts big blind $0.02
*** HOLE CARDS ***
Dealt to Dorex2007 [Kd As]
easymoneyguy: folds 
tomashovka55: folds 
braga 360: folds 
Bosik927: folds 
Nick.Siloff: raises $0.02 to $0.04
coyote710 joins the table at seat #8 
Dorex2007: raises $0.02 to $0.06
xXxCMF: folds 
Nick.Siloff: calls $0.02
*** FLOP *** [3c Js 6d]
Dorex2007: checks 
Nick.Siloff: checks 
*** TURN *** [3c Js 6d] [Kh]
Dorex2007: checks 
Nick.Siloff: bets $0.07
Dorex2007: calls $0.07
*** RIVER *** [3c Js 6d Kh] [Qd]
Dorex2007: checks 
Nick.Siloff: bets $0.22
Dorex2007: calls $0.22
*** SHOW DOWN ***
Nick.Siloff: shows [8c Tc] (high card King)
Dorex2007: shows [Kd As] (a pair of Kings)
Dorex2007 collected $0.69 from pot
*** SUMMARY ***
Total pot $0.72 | Rake $0.03 
Board [3c Js 6d Kh Qd]
Seat 1: Dorex2007 (small blind) showed [Kd As] and won ($0.69) with a pair of Kings
Seat 2: xXxCMF (big blind) folded before Flop
Seat 3: easymoneyguy folded before Flop (didn't bet)
Seat 4: tomashovka55 folded before Flop (didn't bet)
Seat 5: braga 360 folded before Flop (didn't bet)
Seat 6: Bosik927 folded before Flop (didn't bet)
Seat 7: Nick.Siloff (button) showed [8c Tc] and lost with high card King



PokerStars Hand #227654565663:  Hold'em No Limit ($0.01/$0.02 USD) - 2021/06/17 14:04:56 PT [2021/06/17 17:04:56 ET]
Table 'Athanasia III' 9-max Seat #1 is the button
Seat 1: Dorex2007 ($2.52 in chips) 
Seat 2: xXxCMF ($1.62 in chips) 
Seat 3: easymoneyguy ($1.68 in chips) 
Seat 4: tomashovka55 ($2.61 in chips) 
Seat 5: braga 360 ($1.85 in chips) 
Seat 6: Bosik927 ($2 in chips) 
Seat 7: Nick.Siloff ($2 in chips) 
Seat 8: coyote710 ($0.95 in chips) 
xXxCMF: posts small blind $0.01
easymoneyguy: posts big blind $0.02
coyote710: posts big blind $0.02
*** HOLE CARDS ***
Dealt to Dorex2007 [4h Kd]
tomashovka55: raises $0.03 to $0.05
braga 360: folds 
Bosik927: folds 
Nick.Siloff: folds 
coyote710: calls $0.03
Dorex2007: folds 
xXxCMF: raises $0.17 to $0.22
easymoneyguy: folds 
tomashovka55: folds 
coyote710: calls $0.17
*** FLOP *** [6c 4c Qs]
xXxCMF: checks 
coyote710: checks 
*** TURN *** [6c 4c Qs] [Td]
xXxCMF: checks 
coyote710: checks 
*** RIVER *** [6c 4c Qs Td] [Jc]
xXxCMF: bets $0.49
coyote710: raises $0.24 to $0.73 and is all-in
xXxCMF: calls $0.24
*** SHOW DOWN ***
coyote710: shows [7c 9c] (a flush, Jack high)
xXxCMF: shows [Kh Ac] (a straight, Ten to Ace)
coyote710 collected $1.90 from pot
*** SUMMARY ***
Total pot $1.97 | Rake $0.07 
Board [6c 4c Qs Td Jc]
Seat 1: Dorex2007 (button) folded before Flop (didn't bet)
Seat 2: xXxCMF (small blind) showed [Kh Ac] and lost with a straight, Ten to Ace
Seat 3: easymoneyguy (big blind) folded before Flop
Seat 4: tomashovka55 folded before Flop
Seat 5: braga 360 folded before Flop (didn't bet)
Seat 6: Bosik927 folded before Flop (didn't bet)
Seat 7: Nick.Siloff folded before Flop (didn't bet)
Seat 8: coyote710 showed [7c 9c] and won ($1.90) with a flush, Jack high



PokerStars Hand #227654594039:  Hold'em No Limit ($0.01/$0.02 USD) - 2021/06/17 14:05:59 PT [2021/06/17 17:05:59 ET]
Table 'Athanasia III' 9-max Seat #2 is the button
Seat 1: Dorex2007 ($2.52 in chips) 
Seat 2: xXxCMF ($0.67 in chips) 
Seat 3: easymoneyguy ($1.66 in chips) 
Seat 4: tomashovka55 ($2.56 in chips) 
Seat 5: braga 360 ($1.85 in chips) 
Seat 6: Bosik927 ($2 in chips) 
Seat 7: Nick.Siloff ($2 in chips) 
Seat 8: coyote710 ($1.90 in chips) 
easymoneyguy: posts small blind $0.01
tomashovka55: posts big blind $0.02
*** HOLE CARDS ***
Dealt to Dorex2007 [Td Jd]
braga 360: raises $0.02 to $0.04
Bosik927: folds 
Nick.Siloff: folds 
coyote710: calls $0.04
Dorex2007: calls $0.04
xXxCMF: folds 
easymoneyguy: folds 
tomashovka55: folds 
*** FLOP *** [Qh Ac 7c]
braga 360: checks 
coyote710: bets $0.06
Dorex2007: folds 
braga 360: folds 
Uncalled bet ($0.06) returned to coyote710
coyote710 collected $0.14 from pot
coyote710: doesn't show hand 
*** SUMMARY ***
Total pot $0.15 | Rake $0.01 
Board [Qh Ac 7c]
Seat 1: Dorex2007 folded on the Flop
Seat 2: xXxCMF (button) folded before Flop (didn't bet)
Seat 3: easymoneyguy (small blind) folded before Flop
Seat 4: tomashovka55 (big blind) folded before Flop
Seat 5: braga 360 folded on the Flop
Seat 6: Bosik927 folded before Flop (didn't bet)
Seat 7: Nick.Siloff folded before Flop (didn't bet)
Seat 8: coyote710 collected ($0.14)



PokerStars Hand #227654612281:  Hold'em No Limit ($0.01/$0.02 USD) - 2021/06/17 14:06:40 PT [2021/06/17 17:06:40 ET]
Table 'Athanasia III' 9-max Seat #3 is the button
Seat 1: Dorex2007 ($2.48 in chips) 
Seat 2: xXxCMF ($0.67 in chips) 
Seat 3: easymoneyguy ($1.65 in chips) 
Seat 4: tomashovka55 ($2.54 in chips) 
Seat 5: braga 360 ($1.81 in chips) 
Seat 6: Bosik927 ($2 in chips) 
Seat 7: Nick.Siloff ($2 in chips) 
Seat 8: coyote710 ($2 in chips) 
tomashovka55: posts small blind $0.01
braga 360: posts big blind $0.02
*** HOLE CARDS ***
Dealt to Dorex2007 [6d 7s]
Bosik927: folds 
Nick.Siloff: folds 
coyote710: folds 
Dorex2007: folds 
xXxCMF: folds 
easymoneyguy: folds 
tomashovka55: raises $0.02 to $0.04
braga 360: calls $0.02
*** FLOP *** [8c 7d 9d]
tomashovka55: bets $0.05
braga 360: raises $0.18 to $0.23
tomashovka55: raises $2.27 to $2.50 and is all-in
braga 360: calls $1.54 and is all-in
Uncalled bet ($0.73) returned to tomashovka55
*** TURN *** [8c 7d 9d] [2c]
*** RIVER *** [8c 7d 9d 2c] [2s]
*** SHOW DOWN ***
tomashovka55: shows [9c Tc] (two pair, Nines and Deuces)
braga 360: shows [6s 5s] (a straight, Five to Nine)
braga 360 collected $3.49 from pot
*** SUMMARY ***
Total pot $3.62 | Rake $0.13 
Board [8c 7d 9d 2c 2s]
Seat 1: Dorex2007 folded before Flop (didn't bet)
Seat 2: xXxCMF folded before Flop (didn't bet)
Seat 3: easymoneyguy (button) folded before Flop (didn't bet)
Seat 4: tomashovka55 (small blind) showed [9c Tc] and lost with two pair, Nines and Deuces
Seat 5: braga 360 (big blind) showed [6s 5s] and won ($3.49) with a straight, Five to Nine
Seat 6: Bosik927 folded before Flop (didn't bet)
Seat 7: Nick.Siloff folded before Flop (didn't bet)
Seat 8: coyote710 folded before Flop (didn't bet)



PokerStars Hand #227654637355:  Hold'em No Limit ($0.01/$0.02 USD) - 2021/06/17 14:07:37 PT [2021/06/17 17:07:37 ET]
Table 'Athanasia III' 9-max Seat #4 is the button
Seat 1: Dorex2007 ($2.48 in chips) 
Seat 2: xXxCMF ($0.67 in chips) 
Seat 3: easymoneyguy ($1.65 in chips) 
Seat 4: tomashovka55 ($0.82 in chips) 
Seat 5: braga 360 ($3.49 in chips) 
Seat 6: Bosik927 ($2 in chips) 
Seat 7: Nick.Siloff ($2 in chips) 
Seat 8: coyote710 ($2 in chips) 
braga 360: posts small blind $0.01
Bosik927: posts big blind $0.02
*** HOLE CARDS ***
Dealt to Dorex2007 [2c Ad]
Nick.Siloff: folds 
coyote710: folds 
coyote710 leaves the table
Dorex2007: folds 
xXxCMF: calls $0.02
easymoneyguy: folds 
tomashovka55: folds 
braga 360: calls $0.01
Bosik927: checks 
*** FLOP *** [Qh Tc Kc]
braga 360: checks 
Bosik927: checks 
xXxCMF: checks 
*** TURN *** [Qh Tc Kc] [4c]
braga 360: checks 
Bosik927: checks 
xXxCMF: checks 
*** RIVER *** [Qh Tc Kc 4c] [8s]
braga 360: checks 
Bosik927: checks 
xXxCMF: bets $0.02
braga 360: calls $0.02
EddieHachem joins the table at seat #8 
Bosik927: folds 
*** SHOW DOWN ***
xXxCMF: shows [8d 9d] (a pair of Eights)
braga 360: shows [2h Kh] (a pair of Kings)
braga 360 collected $0.10 from pot
*** SUMMARY ***
Total pot $0.10 | Rake $0 
Board [Qh Tc Kc 4c 8s]
Seat 1: Dorex2007 folded before Flop (didn't bet)
Seat 2: xXxCMF showed [8d 9d] and lost with a pair of Eights
Seat 3: easymoneyguy folded before Flop (didn't bet)
Seat 4: tomashovka55 (button) folded before Flop (didn't bet)
Seat 5: braga 360 (small blind) showed [2h Kh] and won ($0.10) with a pair of Kings
Seat 6: Bosik927 (big blind) folded on the River
Seat 7: Nick.Siloff folded before Flop (didn't bet)
Seat 8: coyote710 folded before Flop (didn't bet)



PokerStars Hand #227654657048:  Hold'em No Limit ($0.01/$0.02 USD) - 2021/06/17 14:08:21 PT [2021/06/17 17:08:21 ET]
Table 'Athanasia III' 9-max Seat #5 is the button
Seat 1: Dorex2007 ($2.48 in chips) 
Seat 2: xXxCMF ($0.63 in chips) 
Seat 3: easymoneyguy ($1.65 in chips) 
Seat 4: tomashovka55 ($0.82 in chips) 
Seat 5: braga 360 ($3.55 in chips) 
Seat 6: Bosik927 ($1.98 in chips) 
Seat 7: Nick.Siloff ($2 in chips) 
Bosik927: posts small blind $0.01
Nick.Siloff: posts big blind $0.02
EddieHachem: sits out 
*** HOLE CARDS ***
Dealt to Dorex2007 [Ah 9c]
Dorex2007: folds 
xXxCMF: folds 
easymoneyguy: raises $0.05 to $0.07
tomashovka55: calls $0.07
braga 360: folds 
Bosik927: folds 
Nick.Siloff: folds 
*** FLOP *** [6d 9d 4h]
easymoneyguy: checks 
tomashovka55: checks 
*** TURN *** [6d 9d 4h] [7h]
easymoneyguy: bets $0.08
tomashovka55: calls $0.08
*** RIVER *** [6d 9d 4h 7h] [2s]
easymoneyguy: checks 
tomashovka55: checks 
*** SHOW DOWN ***
easymoneyguy: shows [Ks As] (high card Ace)
tomashovka55: mucks hand 
easymoneyguy collected $0.32 from pot
*** SUMMARY ***
Total pot $0.33 | Rake $0.01 
Board [6d 9d 4h 7h 2s]
Seat 1: Dorex2007 folded before Flop (didn't bet)
Seat 2: xXxCMF folded before Flop (didn't bet)
Seat 3: easymoneyguy showed [Ks As] and won ($0.32) with high card Ace
Seat 4: tomashovka55 mucked [Ts Ad]
Seat 5: braga 360 (button) folded before Flop (didn't bet)
Seat 6: Bosik927 (small blind) folded before Flop
Seat 7: Nick.Siloff (big blind) folded before Flop



PokerStars Hand #227654685050:  Hold'em No Limit ($0.01/$0.02 USD) - 2021/06/17 14:09:12 PT [2021/06/17 17:09:12 ET]
Table 'Athanasia III' 9-max Seat #6 is the button
Seat 1: Dorex2007 ($2.48 in chips) 
Seat 2: xXxCMF ($0.63 in chips) 
Seat 3: easymoneyguy ($1.82 in chips) 
Seat 4: tomashovka55 ($0.67 in chips) 
Seat 5: braga 360 ($3.55 in chips) 
Seat 6: Bosik927 ($1.97 in chips) 
Seat 7: Nick.Siloff ($2 in chips) 
Seat 8: EddieHachem ($1.60 in chips) 
Nick.Siloff: posts small blind $0.01
EddieHachem: posts big blind $0.02
*** HOLE CARDS ***
Dealt to Dorex2007 [4c 7c]
Dorex2007: folds 
xXxCMF: folds 
easymoneyguy: folds 
tomashovka55: folds 
braga 360: folds 
Bosik927: folds 
Nick.Siloff: calls $0.01
EddieHachem: checks 
*** FLOP *** [Qc Ad 7s]
Nick.Siloff: checks 
EddieHachem: checks 
*** TURN *** [Qc Ad 7s] [Jc]
Nick.Siloff: checks 
EddieHachem: checks 
*** RIVER *** [Qc Ad 7s Jc] [5d]
Nick.Siloff: checks 
EddieHachem: checks 
*** SHOW DOWN ***
Nick.Siloff: shows [Jd 8d] (a pair of Jacks)
EddieHachem: mucks hand 
Nick.Siloff collected $0.04 from pot
*** SUMMARY ***
Total pot $0.04 | Rake $0 
Board [Qc Ad 7s Jc 5d]
Seat 1: Dorex2007 folded before Flop (didn't bet)
Seat 2: xXxCMF folded before Flop (didn't bet)
Seat 3: easymoneyguy folded before Flop (didn't bet)
Seat 4: tomashovka55 folded before Flop (didn't bet)
Seat 5: braga 360 folded before Flop (didn't bet)
Seat 6: Bosik927 (button) folded before Flop (didn't bet)
Seat 7: Nick.Siloff (small blind) showed [Jd 8d] and won ($0.04) with a pair of Jacks
Seat 8: EddieHachem (big blind) mucked [4s 2c]



PokerStars Hand #227654703700:  Hold'em No Limit ($0.01/$0.02 USD) - 2021/06/17 14:09:54 PT [2021/06/17 17:09:54 ET]
Table 'Athanasia III' 9-max Seat #7 is the button
Seat 1: Dorex2007 ($2.48 in chips) 
Seat 2: xXxCMF ($0.63 in chips) 
Seat 3: easymoneyguy ($1.82 in chips) 
Seat 4: tomashovka55 ($0.67 in chips) 
Seat 5: braga 360 ($3.55 in chips) 
Seat 6: Bosik927 ($1.97 in chips) 
Seat 7: Nick.Siloff ($2.02 in chips) 
Seat 8: EddieHachem ($1.58 in chips) 
EddieHachem: posts small blind $0.01
Dorex2007: posts big blind $0.02
*** HOLE CARDS ***
Dealt to Dorex2007 [Ac 4c]
xXxCMF: folds 
easymoneyguy: folds 
tomashovka55: folds 
braga 360: folds 
Bosik927: folds 
Nick.Siloff: folds 
EddieHachem: calls $0.01
Dorex2007: raises $0.04 to $0.06
EddieHachem: calls $0.04
*** FLOP *** [Qc Jc 4h]
EddieHachem: checks 
Dorex2007: bets $0.12
EddieHachem: folds 
Uncalled bet ($0.12) returned to Dorex2007
Dorex2007 collected $0.12 from pot
PAULOS_1970 leaves the table
Dorex2007: doesn't show hand 
*** SUMMARY ***
Total pot $0.12 | Rake $0 
Board [Qc Jc 4h]
Seat 1: Dorex2007 (big blind) collected ($0.12)
Seat 2: xXxCMF folded before Flop (didn't bet)
Seat 3: easymoneyguy folded before Flop (didn't bet)
Seat 4: tomashovka55 folded before Flop (didn't bet)
Seat 5: braga 360 folded before Flop (didn't bet)
Seat 6: Bosik927 folded before Flop (didn't bet)
Seat 7: Nick.Siloff (button) folded before Flop (didn't bet)
Seat 8: EddieHachem (small blind) folded on the Flop



PokerStars Hand #227654739825:  Hold'em No Limit ($0.01/$0.02 USD) - 2021/06/17 14:10:53 PT [2021/06/17 17:10:53 ET]
Table 'Athanasia III' 9-max Seat #8 is the button
Seat 1: Dorex2007 ($2.54 in chips) 
Seat 2: xXxCMF ($0.63 in chips) 
Seat 3: easymoneyguy ($1.82 in chips) 
Seat 4: tomashovka55 ($0.67 in chips) 
Seat 5: braga 360 ($3.55 in chips) 
Seat 6: Bosik927 ($1.97 in chips) 
Seat 7: Nick.Siloff ($2.02 in chips) 
Seat 8: EddieHachem ($1.52 in chips) 
Dorex2007: posts small blind $0.01
xXxCMF: posts big blind $0.02
*** HOLE CARDS ***
Dealt to Dorex2007 [4d 2h]
easymoneyguy: folds 
tomashovka55: folds 
braga 360: folds 
Bosik927: folds 
Nick.Siloff: raises $0.02 to $0.04
EddieHachem: calls $0.04
Dorex2007: folds 
ilianaki785 joins the table at seat #9 
xXxCMF: folds 
*** FLOP *** [6s Qs 8h]
Nick.Siloff: bets $0.06
EddieHachem is disconnected 
EddieHachem is connected 
EddieHachem has timed out
EddieHachem: folds 
Uncalled bet ($0.06) returned to Nick.Siloff
Nick.Siloff collected $0.11 from pot
Nick.Siloff: doesn't show hand 
*** SUMMARY ***
Total pot $0.11 | Rake $0 
Board [6s Qs 8h]
Seat 1: Dorex2007 (small blind) folded before Flop
Seat 2: xXxCMF (big blind) folded before Flop
Seat 3: easymoneyguy folded before Flop (didn't bet)
Seat 4: tomashovka55 folded before Flop (didn't bet)
Seat 5: braga 360 folded before Flop (didn't bet)
Seat 6: Bosik927 folded before Flop (didn't bet)
Seat 7: Nick.Siloff collected ($0.11)
Seat 8: EddieHachem (button) folded on the Flop



PokerStars Hand #227654764640:  Hold'em No Limit ($0.01/$0.02 USD) - 2021/06/17 14:11:48 PT [2021/06/17 17:11:48 ET]
Table 'Athanasia III' 9-max Seat #1 is the button
Seat 1: Dorex2007 ($2.53 in chips) 
Seat 2: xXxCMF ($0.61 in chips) 
Seat 3: easymoneyguy ($1.82 in chips) 
Seat 4: tomashovka55 ($0.67 in chips) 
Seat 5: braga 360 ($3.55 in chips) 
Seat 6: Bosik927 ($1.97 in chips) 
Seat 7: Nick.Siloff ($2.09 in chips) 
Seat 8: EddieHachem ($1.48 in chips) 
Seat 9: ilianaki785 ($0.80 in chips) 
xXxCMF: posts small blind $0.01
easymoneyguy: posts big blind $0.02
ilianaki785: posts big blind $0.02
*** HOLE CARDS ***
Dealt to Dorex2007 [7s 3h]
tomashovka55: raises $0.24 to $0.26
braga 360: folds 
Bosik927: folds 
Nick.Siloff: folds 
EddieHachem: folds 
ilianaki785: folds 
Dorex2007: folds 
xXxCMF: raises $0.35 to $0.61 and is all-in
easymoneyguy: calls $0.59
tomashovka55: raises $0.06 to $0.67 and is all-in
easymoneyguy: calls $0.06
*** FLOP *** [5s Ts Jd]
*** TURN *** [5s Ts Jd] [6c]
*** RIVER *** [5s Ts Jd 6c] [2d]
*** SHOW DOWN ***
easymoneyguy: shows [Ad Kc] (high card Ace)
tomashovka55: shows [Ac As] (a pair of Aces)
tomashovka55 collected $0.11 from side pot
xXxCMF: shows [Qh Jh] (a pair of Jacks)
tomashovka55 collected $1.79 from main pot
*** SUMMARY ***
Total pot $1.97 Main pot $1.79. Side pot $0.11. | Rake $0.07 
Board [5s Ts Jd 6c 2d]
Seat 1: Dorex2007 (button) folded before Flop (didn't bet)
Seat 2: xXxCMF (small blind) showed [Qh Jh] and lost with a pair of Jacks
Seat 3: easymoneyguy (big blind) showed [Ad Kc] and lost with high card Ace
Seat 4: tomashovka55 showed [Ac As] and won ($1.90) with a pair of Aces
Seat 5: braga 360 folded before Flop (didn't bet)
Seat 6: Bosik927 folded before Flop (didn't bet)
Seat 7: Nick.Siloff folded before Flop (didn't bet)
Seat 8: EddieHachem folded before Flop (didn't bet)
Seat 9: ilianaki785 folded before Flop (didn't bet)



PokerStars Hand #227654783992:  Hold'em No Limit ($0.01/$0.02 USD) - 2021/06/17 14:12:32 PT [2021/06/17 17:12:32 ET]
Table 'Athanasia III' 9-max Seat #3 is the button
Seat 1: Dorex2007 ($2.53 in chips) 
Seat 3: easymoneyguy ($1.15 in chips) 
Seat 4: tomashovka55 ($1.90 in chips) 
Seat 5: braga 360 ($3.55 in chips) 
Seat 6: Bosik927 ($1.97 in chips) 
Seat 7: Nick.Siloff ($2.09 in chips) 
Seat 8: EddieHachem ($1.48 in chips) 
Seat 9: ilianaki785 ($0.78 in chips) 
tomashovka55: posts small blind $0.01
braga 360: posts big blind $0.02
*** HOLE CARDS ***
Dealt to Dorex2007 [6s 3d]
Bosik927: folds 
Nick.Siloff: raises $0.03 to $0.05
EddieHachem: folds 
ilianaki785: folds 
Dorex2007: folds 
easymoneyguy: raises $0.13 to $0.18
tomashovka55: folds 
braga 360: folds 
Nick.Siloff: raises $1.91 to $2.09 and is all-in
easymoneyguy: calls $0.97 and is all-in
Uncalled bet ($0.94) returned to Nick.Siloff
*** FLOP *** [Jc 7c 6c]
*** TURN *** [Jc 7c 6c] [9c]
*** RIVER *** [Jc 7c 6c 9c] [7s]
*** SHOW DOWN ***
Nick.Siloff: shows [As Kc] (a flush, King high)
easymoneyguy: shows [Qd Qc] (a flush, Queen high)
Nick.Siloff collected $2.25 from pot
*** SUMMARY ***
Total pot $2.33 | Rake $0.08 
Board [Jc 7c 6c 9c 7s]
Seat 1: Dorex2007 folded before Flop (didn't bet)
Seat 3: easymoneyguy (button) showed [Qd Qc] and lost with a flush, Queen high
Seat 4: tomashovka55 (small blind) folded before Flop
Seat 5: braga 360 (big blind) folded before Flop
Seat 6: Bosik927 folded before Flop (didn't bet)
Seat 7: Nick.Siloff showed [As Kc] and won ($2.25) with a flush, King high
Seat 8: EddieHachem folded before Flop (didn't bet)
Seat 9: ilianaki785 folded before Flop (didn't bet)



PokerStars Hand #227654803857:  Hold'em No Limit ($0.01/$0.02 USD) - 2021/06/17 14:13:17 PT [2021/06/17 17:13:17 ET]
Table 'Athanasia III' 9-max Seat #4 is the button
Seat 1: Dorex2007 ($2.53 in chips) 
Seat 2: xXxCMF ($2 in chips) 
Seat 4: tomashovka55 ($1.89 in chips) 
Seat 5: braga 360 ($3.53 in chips) 
Seat 6: Bosik927 ($1.97 in chips) 
Seat 7: Nick.Siloff ($3.19 in chips) 
Seat 8: EddieHachem ($1.48 in chips) 
Seat 9: ilianaki785 ($0.78 in chips) 
braga 360: posts small blind $0.01
Bosik927: posts big blind $0.02
*** HOLE CARDS ***
Dealt to Dorex2007 [Td 5d]
Nick.Siloff: folds 
EddieHachem: raises $0.02 to $0.04
ilianaki785: folds 
Dorex2007: folds 
xXxCMF: folds 
tomashovka55: folds 
braga 360: calls $0.03
Bosik927: folds 
*** FLOP *** [Kh 9d Jc]
braga 360: bets $0.10
EddieHachem: folds 
Uncalled bet ($0.10) returned to braga 360
braga 360 collected $0.10 from pot
braga 360: doesn't show hand 
*** SUMMARY ***
Total pot $0.10 | Rake $0 
Board [Kh 9d Jc]
Seat 1: Dorex2007 folded before Flop (didn't bet)
Seat 2: xXxCMF folded before Flop (didn't bet)
Seat 4: tomashovka55 (button) folded before Flop (didn't bet)
Seat 5: braga 360 (small blind) collected ($0.10)
Seat 6: Bosik927 (big blind) folded before Flop
Seat 7: Nick.Siloff folded before Flop (didn't bet)
Seat 8: EddieHachem folded on the Flop
Seat 9: ilianaki785 folded before Flop (didn't bet)



PokerStars Hand #227654815391:  Hold'em No Limit ($0.01/$0.02 USD) - 2021/06/17 14:13:43 PT [2021/06/17 17:13:43 ET]
Table 'Athanasia III' 9-max Seat #5 is the button
Seat 1: Dorex2007 ($2.53 in chips) 
Seat 2: xXxCMF ($2 in chips) 
Seat 3: easymoneyguy ($2 in chips) 
Seat 4: tomashovka55 ($1.89 in chips) 
Seat 5: braga 360 ($3.59 in chips) 
Seat 6: Bosik927 ($1.95 in chips) 
Seat 7: Nick.Siloff ($3.19 in chips) 
Seat 8: EddieHachem ($1.44 in chips) 
Seat 9: ilianaki785 ($0.78 in chips) 
Bosik927: posts small blind $0.01
Nick.Siloff: posts big blind $0.02
*** HOLE CARDS ***
Dealt to Dorex2007 [4h Jc]
EddieHachem: folds 
ilianaki785: folds 
Dorex2007: calls $0.02
xXxCMF: folds 
easymoneyguy: raises $0.08 to $0.10
tomashovka55: folds 
braga 360: folds 
Bosik927: folds 
Nick.Siloff: folds 
Dorex2007: folds 
Uncalled bet ($0.08) returned to easymoneyguy
easymoneyguy collected $0.07 from pot
*** SUMMARY ***
Total pot $0.07 | Rake $0 
Seat 1: Dorex2007 folded before Flop
Seat 2: xXxCMF folded before Flop (didn't bet)
Seat 3: easymoneyguy collected ($0.07)
Seat 4: tomashovka55 folded before Flop (didn't bet)
Seat 5: braga 360 (button) folded before Flop (didn't bet)
Seat 6: Bosik927 (small blind) folded before Flop
Seat 7: Nick.Siloff (big blind) folded before Flop
Seat 8: EddieHachem folded before Flop (didn't bet)
Seat 9: ilianaki785 folded before Flop (didn't bet)



PokerStars Hand #227654826133:  Hold'em No Limit ($0.01/$0.02 USD) - 2021/06/17 14:14:07 PT [2021/06/17 17:14:07 ET]
Table 'Athanasia III' 9-max Seat #6 is the button
Seat 1: Dorex2007 ($2.51 in chips) 
Seat 2: xXxCMF ($2 in chips) 
Seat 3: easymoneyguy ($2.05 in chips) 
Seat 4: tomashovka55 ($1.89 in chips) 
Seat 5: braga 360 ($3.59 in chips) 
Seat 6: Bosik927 ($1.94 in chips) 
Seat 7: Nick.Siloff ($3.17 in chips) 
Seat 8: EddieHachem ($1.44 in chips) 
Seat 9: ilianaki785 ($0.78 in chips) 
Nick.Siloff: posts small blind $0.01
EddieHachem: posts big blind $0.02
*** HOLE CARDS ***
Dealt to Dorex2007 [4d Jd]
ilianaki785: folds 
Dorex2007: folds 
xXxCMF: calls $0.02
easymoneyguy: folds 
tomashovka55: folds 
braga 360: folds 
Bosik927: folds 
Nick.Siloff: raises $0.12 to $0.14
EddieHachem: folds 
xXxCMF: calls $0.12
*** FLOP *** [Qs 4s Ad]
Nick.Siloff: checks 
xXxCMF: bets $0.15
Nick.Siloff: raises $0.47 to $0.62
xXxCMF: calls $0.47
*** TURN *** [Qs 4s Ad] [8c]
Nick.Siloff: checks 
xXxCMF: bets $1.24 and is all-in
Nick.Siloff: calls $1.24
*** RIVER *** [Qs 4s Ad 8c] [3d]
*** SHOW DOWN ***
Nick.Siloff: shows [As Qh] (two pair, Aces and Queens)
xXxCMF: shows [Js 8s] (a pair of Eights)
Nick.Siloff collected $3.88 from pot
*** SUMMARY ***
Total pot $4.02 | Rake $0.14 
Board [Qs 4s Ad 8c 3d]
Seat 1: Dorex2007 folded before Flop (didn't bet)
Seat 2: xXxCMF showed [Js 8s] and lost with a pair of Eights
Seat 3: easymoneyguy folded before Flop (didn't bet)
Seat 4: tomashovka55 folded before Flop (didn't bet)
Seat 5: braga 360 folded before Flop (didn't bet)
Seat 6: Bosik927 (button) folded before Flop (didn't bet)
Seat 7: Nick.Siloff (small blind) showed [As Qh] and won ($3.88) with two pair, Aces and Queens
Seat 8: EddieHachem (big blind) folded before Flop
Seat 9: ilianaki785 folded before Flop (didn't bet)



PokerStars Hand #227654848065:  Hold'em No Limit ($0.01/$0.02 USD) - 2021/06/17 14:14:56 PT [2021/06/17 17:14:56 ET]
Table 'Athanasia III' 9-max Seat #7 is the button
Seat 1: Dorex2007 ($2.51 in chips) 
Seat 3: easymoneyguy ($2.05 in chips) 
Seat 4: tomashovka55 ($1.89 in chips) 
Seat 5: braga 360 ($3.59 in chips) 
Seat 6: Bosik927 ($1.94 in chips) 
Seat 7: Nick.Siloff ($5.05 in chips) 
Seat 8: EddieHachem ($1.42 in chips) 
Seat 9: ilianaki785 ($0.78 in chips) 
EddieHachem: posts small blind $0.01
ilianaki785: posts big blind $0.02
*** HOLE CARDS ***
Dealt to Dorex2007 [8h Ah]
xXxCMF leaves the table
adaliddefortuna joins the table at seat #2 
Dorex2007 has timed out
Dorex2007: folds 
easymoneyguy: calls $0.02
tomashovka55: folds 
braga 360: raises $0.08 to $0.10
Bosik927: folds 
Nick.Siloff: folds 
EddieHachem: folds 
ilianaki785: folds 
easymoneyguy: calls $0.08
*** FLOP *** [8s 6h Kh]
easymoneyguy: checks 
braga 360: bets $0.22
easymoneyguy: calls $0.22
*** TURN *** [8s 6h Kh] [6c]
easymoneyguy: checks 
braga 360: checks 
*** RIVER *** [8s 6h Kh 6c] [2s]
easymoneyguy: checks 
braga 360: checks 
*** SHOW DOWN ***
easymoneyguy: shows [5h 4h] (a pair of Sixes)
braga 360: shows [Kc Jc] (two pair, Kings and Sixes)
braga 360 collected $0.65 from pot
*** SUMMARY ***
Total pot $0.67 | Rake $0.02 
Board [8s 6h Kh 6c 2s]
Seat 1: Dorex2007 folded before Flop (didn't bet)
Seat 3: easymoneyguy showed [5h 4h] and lost with a pair of Sixes
Seat 4: tomashovka55 folded before Flop (didn't bet)
Seat 5: braga 360 showed [Kc Jc] and won ($0.65) with two pair, Kings and Sixes
Seat 6: Bosik927 folded before Flop (didn't bet)
Seat 7: Nick.Siloff (button) folded before Flop (didn't bet)
Seat 8: EddieHachem (small blind) folded before Flop
Seat 9: ilianaki785 (big blind) folded before Flop



PokerStars Hand #227655078267:  Hold'em No Limit ($0.01/$0.02 USD) - 2021/06/17 14:23:16 PT [2021/06/17 17:23:16 ET]
Table 'Athanasia III' 9-max Seat #2 is the button
Seat 1: Dorex2007 ($2.51 in chips) 
Seat 2: adaliddefortuna ($4.05 in chips) 
Seat 3: easymoneyguy ($1.71 in chips) 
Seat 5: braga 360 ($3.75 in chips) 
Seat 6: Bosik927 ($1.93 in chips) 
Seat 7: Nick.Siloff ($5.27 in chips) 
Seat 8: EddieHachem ($2.09 in chips) 
Seat 9: drogon1236 ($1.92 in chips) 
easymoneyguy: posts small blind $0.01
braga 360: posts big blind $0.02
Dorex2007: posts small & big blinds $0.03
*** HOLE CARDS ***
Dealt to Dorex2007 [6h 5d]
Bosik927 has timed out
Bosik927: folds 
Nick.Siloff: folds 
EddieHachem: folds 
drogon1236: raises $0.02 to $0.04
Dorex2007: folds 
adaliddefortuna: raises $0.06 to $0.10
easymoneyguy: folds 
braga 360: calls $0.08
drogon1236: raises $0.10 to $0.20
adaliddefortuna: calls $0.10
braga 360: calls $0.10
*** FLOP *** [Ks 2h 4d]
braga 360: checks 
drogon1236: bets $0.40
adaliddefortuna: folds 
braga 360: folds 
Uncalled bet ($0.40) returned to drogon1236
drogon1236 collected $0.62 from pot
drogon1236: doesn't show hand 
*** SUMMARY ***
Total pot $0.64 | Rake $0.02 
Board [Ks 2h 4d]
Seat 1: Dorex2007 folded before Flop (didn't bet)
Seat 2: adaliddefortuna (button) folded on the Flop
Seat 3: easymoneyguy (small blind) folded before Flop
Seat 5: braga 360 (big blind) folded on the Flop
Seat 6: Bosik927 folded before Flop (didn't bet)
Seat 7: Nick.Siloff folded before Flop (didn't bet)
Seat 8: EddieHachem folded before Flop (didn't bet)
Seat 9: drogon1236 collected ($0.62)



PokerStars Hand #227655105863:  Hold'em No Limit ($0.01/$0.02 USD) - 2021/06/17 14:24:19 PT [2021/06/17 17:24:19 ET]
Table 'Athanasia III' 9-max Seat #3 is the button
Seat 1: Dorex2007 ($2.48 in chips) 
Seat 2: adaliddefortuna ($3.85 in chips) 
Seat 3: easymoneyguy ($1.70 in chips) 
Seat 5: braga 360 ($3.55 in chips) 
Seat 6: Bosik927 ($1.93 in chips) 
Seat 7: Nick.Siloff ($5.27 in chips) 
Seat 8: EddieHachem ($2.09 in chips) 
Seat 9: drogon1236 ($2.34 in chips) 
braga 360: posts small blind $0.01
Bosik927: posts big blind $0.02
*** HOLE CARDS ***
Dealt to Dorex2007 [7d 6d]
Nick.Siloff: folds 
EddieHachem: folds 
drogon1236: folds 
Dorex2007: raises $0.02 to $0.04
adaliddefortuna: folds 
easymoneyguy: folds 
braga 360: calls $0.03
Bosik927: folds 
*** FLOP *** [7h 9s 2d]
Bosik927 leaves the table
braga 360: checks 
Dorex2007: bets $0.10
braga 360: calls $0.10
*** TURN *** [7h 9s 2d] [6h]
braga 360: checks 
Dorex2007: checks 
*** RIVER *** [7h 9s 2d 6h] [4d]
braga 360: checks 
TanjeffRz joins the table at seat #6 
Dorex2007: bets $0.19
braga 360: folds 
Uncalled bet ($0.19) returned to Dorex2007
Dorex2007 collected $0.29 from pot
Dorex2007: doesn't show hand 
*** SUMMARY ***
Total pot $0.30 | Rake $0.01 
Board [7h 9s 2d 6h 4d]
Seat 1: Dorex2007 collected ($0.29)
Seat 2: adaliddefortuna folded before Flop (didn't bet)
Seat 3: easymoneyguy (button) folded before Flop (didn't bet)
Seat 5: braga 360 (small blind) folded on the River
Seat 6: Bosik927 (big blind) folded before Flop
Seat 7: Nick.Siloff folded before Flop (didn't bet)
Seat 8: EddieHachem folded before Flop (didn't bet)
Seat 9: drogon1236 folded before Flop (didn't bet)



PokerStars Hand #227655131185:  Hold'em No Limit ($0.01/$0.02 USD) - 2021/06/17 14:25:16 PT [2021/06/17 17:25:16 ET]
Table 'Athanasia III' 9-max Seat #5 is the button
Seat 1: Dorex2007 ($2.63 in chips) 
Seat 2: adaliddefortuna ($3.85 in chips) 
Seat 3: easymoneyguy ($1.70 in chips) 
Seat 5: braga 360 ($3.41 in chips) 
Seat 7: Nick.Siloff ($5.27 in chips) 
Seat 8: EddieHachem ($2.09 in chips) 
Seat 9: drogon1236 ($2.34 in chips) 
Nick.Siloff: posts small blind $0.01
EddieHachem: posts big blind $0.02
tomashovka55: sits out 
*** HOLE CARDS ***
Dealt to Dorex2007 [Td 5c]
drogon1236: raises $0.02 to $0.04
Dorex2007: folds 
adaliddefortuna: folds 
easymoneyguy: folds 
braga 360: calls $0.04
Nick.Siloff: folds 
EddieHachem: raises $0.16 to $0.20
drogon1236: calls $0.16
braga 360: folds 
*** FLOP *** [8s As 4c]
EddieHachem: bets $0.22
drogon1236: folds 
Uncalled bet ($0.22) returned to EddieHachem
EddieHachem collected $0.43 from pot
EddieHachem: doesn't show hand 
*** SUMMARY ***
Total pot $0.45 | Rake $0.02 
Board [8s As 4c]
Seat 1: Dorex2007 folded before Flop (didn't bet)
Seat 2: adaliddefortuna folded before Flop (didn't bet)
Seat 3: easymoneyguy folded before Flop (didn't bet)
Seat 5: braga 360 (button) folded before Flop
Seat 7: Nick.Siloff (small blind) folded before Flop
Seat 8: EddieHachem (big blind) collected ($0.43)
Seat 9: drogon1236 folded on the Flop



PokerStars Hand #227655146243:  Hold'em No Limit ($0.01/$0.02 USD) - 2021/06/17 14:25:51 PT [2021/06/17 17:25:51 ET]
Table 'Athanasia III' 9-max Seat #7 is the button
Seat 1: Dorex2007 ($2.63 in chips) 
Seat 2: adaliddefortuna ($3.85 in chips) 
Seat 3: easymoneyguy ($1.70 in chips) 
Seat 5: braga 360 ($3.37 in chips) 
Seat 7: Nick.Siloff ($5.26 in chips) 
Seat 8: EddieHachem ($2.32 in chips) 
Seat 9: drogon1236 ($2.14 in chips) 
EddieHachem: posts small blind $0.01
drogon1236: posts big blind $0.02
tomashovka55: sits out 
TanjeffRz: sits out 
*** HOLE CARDS ***
Dealt to Dorex2007 [Jh 5s]
Dorex2007: folds 
adaliddefortuna: folds 
easymoneyguy: calls $0.02
braga 360: raises $0.02 to $0.04
Nick.Siloff: folds 
EddieHachem: calls $0.03
drogon1236: folds 
easymoneyguy: calls $0.02
*** FLOP *** [Qc 6h 7d]
EddieHachem: checks 
easymoneyguy: checks 
braga 360: checks 
*** TURN *** [Qc 6h 7d] [8d]
EddieHachem: checks 
easymoneyguy: checks 
braga 360: checks 
*** RIVER *** [Qc 6h 7d 8d] [9h]
EddieHachem: checks 
easymoneyguy: checks 
braga 360: checks 
*** SHOW DOWN ***
EddieHachem: shows [4d 2d] (high card Queen)
easymoneyguy: shows [Ac 3c] (high card Ace)
braga 360: shows [4h 8h] (a pair of Eights)
braga 360 collected $0.14 from pot
*** SUMMARY ***
Total pot $0.14 | Rake $0 
Board [Qc 6h 7d 8d 9h]
Seat 1: Dorex2007 folded before Flop (didn't bet)
Seat 2: adaliddefortuna folded before Flop (didn't bet)
Seat 3: easymoneyguy showed [Ac 3c] and lost with high card Ace
Seat 5: braga 360 showed [4h 8h] and won ($0.14) with a pair of Eights
Seat 7: Nick.Siloff (button) folded before Flop (didn't bet)
Seat 8: EddieHachem (small blind) showed [4d 2d] and lost with high card Queen
Seat 9: drogon1236 (big blind) folded before Flop



PokerStars Hand #227655169772:  Hold'em No Limit ($0.01/$0.02 USD) - 2021/06/17 14:26:45 PT [2021/06/17 17:26:45 ET]
Table 'Athanasia III' 9-max Seat #8 is the button
Seat 1: Dorex2007 ($2.63 in chips) 
Seat 2: adaliddefortuna ($3.85 in chips) 
Seat 3: easymoneyguy ($1.66 in chips) 
Seat 5: braga 360 ($3.47 in chips) 
Seat 7: Nick.Siloff ($5.26 in chips) 
Seat 8: EddieHachem ($2.28 in chips) 
Seat 9: drogon1236 ($2.12 in chips) 
drogon1236: posts small blind $0.01
Dorex2007: posts big blind $0.02
tomashovka55: sits out 
TanjeffRz: sits out 
*** HOLE CARDS ***
Dealt to Dorex2007 [5h Ad]
adaliddefortuna: raises $0.06 to $0.08
easymoneyguy: folds 
braga 360: folds 
Nick.Siloff: folds 
EddieHachem: folds 
drogon1236: calls $0.07
Dorex2007: folds 
*** FLOP *** [3c 8c 6d]
drogon1236: checks 
adaliddefortuna: bets $0.17
drogon1236: calls $0.17
*** TURN *** [3c 8c 6d] [4d]
drogon1236: checks 
adaliddefortuna: checks 
*** RIVER *** [3c 8c 6d 4d] [Ac]
drogon1236: bets $0.33
adaliddefortuna: calls $0.33
*** SHOW DOWN ***
drogon1236: shows [Jc Kc] (a flush, Ace high)
adaliddefortuna: mucks hand 
drogon1236 collected $1.14 from pot
*** SUMMARY ***
Total pot $1.18 | Rake $0.04 
Board [3c 8c 6d 4d Ac]
Seat 1: Dorex2007 (big blind) folded before Flop
Seat 2: adaliddefortuna mucked [Jh Kh]
Seat 3: easymoneyguy folded before Flop (didn't bet)
Seat 5: braga 360 folded before Flop (didn't bet)
Seat 7: Nick.Siloff folded before Flop (didn't bet)
Seat 8: EddieHachem (button) folded before Flop (didn't bet)
Seat 9: drogon1236 (small blind) showed [Jc Kc] and won ($1.14) with a flush, Ace high



PokerStars Hand #227655190469:  Hold'em No Limit ($0.01/$0.02 USD) - 2021/06/17 14:27:33 PT [2021/06/17 17:27:33 ET]
Table 'Athanasia III' 9-max Seat #9 is the button
Seat 1: Dorex2007 ($2.61 in chips) 
Seat 2: adaliddefortuna ($3.27 in chips) 
Seat 3: easymoneyguy ($1.66 in chips) 
Seat 5: braga 360 ($3.47 in chips) 
Seat 7: Nick.Siloff ($5.26 in chips) 
Seat 8: EddieHachem ($2.28 in chips) 
Seat 9: drogon1236 ($2.68 in chips) 
Dorex2007: posts small blind $0.01
adaliddefortuna: posts big blind $0.02
tomashovka55: sits out 
TanjeffRz: sits out 
*** HOLE CARDS ***
Dealt to Dorex2007 [5h 3c]
easymoneyguy: raises $0.05 to $0.07
braga 360: folds 
Nick.Siloff: folds 
EddieHachem: folds 
drogon1236: folds 
Dorex2007: folds 
adaliddefortuna: folds 
Uncalled bet ($0.05) returned to easymoneyguy
easymoneyguy collected $0.05 from pot
*** SUMMARY ***
Total pot $0.05 | Rake $0 
Seat 1: Dorex2007 (small blind) folded before Flop
Seat 2: adaliddefortuna (big blind) folded before Flop
Seat 3: easymoneyguy collected ($0.05)
Seat 5: braga 360 folded before Flop (didn't bet)
Seat 7: Nick.Siloff folded before Flop (didn't bet)
Seat 8: EddieHachem folded before Flop (didn't bet)
Seat 9: drogon1236 (button) folded before Flop (didn't bet)



PokerStars Hand #227655197995:  Hold'em No Limit ($0.01/$0.02 USD) - 2021/06/17 14:27:50 PT [2021/06/17 17:27:50 ET]
Table 'Athanasia III' 9-max Seat #1 is the button
Seat 1: Dorex2007 ($2.60 in chips) 
Seat 2: adaliddefortuna ($3.25 in chips) 
Seat 3: easymoneyguy ($1.69 in chips) 
Seat 5: braga 360 ($3.47 in chips) 
Seat 7: Nick.Siloff ($5.26 in chips) 
Seat 8: EddieHachem ($2.28 in chips) 
Seat 9: drogon1236 ($2.68 in chips) 
adaliddefortuna: posts small blind $0.01
easymoneyguy: posts big blind $0.02
tomashovka55: sits out 
TanjeffRz: sits out 
*** HOLE CARDS ***
Dealt to Dorex2007 [8d 4c]
braga 360: folds 
Nick.Siloff: folds 
EddieHachem: folds 
drogon1236: raises $0.04 to $0.06
Dorex2007: folds 
adaliddefortuna: raises $0.24 to $0.30
easymoneyguy: folds 
drogon1236: calls $0.24
*** FLOP *** [Qs 2d 2c]
adaliddefortuna: bets $0.60
drogon1236: folds 
Uncalled bet ($0.60) returned to adaliddefortuna
adaliddefortuna collected $0.60 from pot
*** SUMMARY ***
Total pot $0.62 | Rake $0.02 
Board [Qs 2d 2c]
Seat 1: Dorex2007 (button) folded before Flop (didn't bet)
Seat 2: adaliddefortuna (small blind) collected ($0.60)
Seat 3: easymoneyguy (big blind) folded before Flop
Seat 5: braga 360 folded before Flop (didn't bet)
Seat 7: Nick.Siloff folded before Flop (didn't bet)
Seat 8: EddieHachem folded before Flop (didn't bet)
Seat 9: drogon1236 folded on the Flop



PokerStars Hand #227655211445:  Hold'em No Limit ($0.01/$0.02 USD) - 2021/06/17 14:28:21 PT [2021/06/17 17:28:21 ET]
Table 'Athanasia III' 9-max Seat #2 is the button
Seat 1: Dorex2007 ($2.60 in chips) 
Seat 2: adaliddefortuna ($3.55 in chips) 
Seat 3: easymoneyguy ($1.67 in chips) 
Seat 4: tomashovka55 ($1.81 in chips) 
Seat 5: braga 360 ($3.47 in chips) 
Seat 7: Nick.Siloff ($5.26 in chips) 
Seat 8: EddieHachem ($2.28 in chips) 
Seat 9: drogon1236 ($2.38 in chips) 
easymoneyguy: posts small blind $0.01
tomashovka55: posts big blind $0.02
TanjeffRz: sits out 
*** HOLE CARDS ***
Dealt to Dorex2007 [Jd 9d]
braga 360: folds 
Nick.Siloff: folds 
EddieHachem: raises $0.04 to $0.06
drogon1236: folds 
Dorex2007: folds 
adaliddefortuna: folds 
easymoneyguy: raises $0.14 to $0.20
tomashovka55: folds 
EddieHachem: calls $0.14
*** FLOP *** [Qd 7d 2h]
easymoneyguy: bets $0.41
EddieHachem: calls $0.41
*** TURN *** [Qd 7d 2h] [5s]
easymoneyguy: bets $1.06 and is all-in
EddieHachem: calls $1.06
*** RIVER *** [Qd 7d 2h 5s] [As]
*** SHOW DOWN ***
easymoneyguy: shows [Ac Ks] (a pair of Aces)
EddieHachem: shows [7h 7c] (three of a kind, Sevens)
EddieHachem collected $3.24 from pot
*** SUMMARY ***
Total pot $3.36 | Rake $0.12 
Board [Qd 7d 2h 5s As]
Seat 1: Dorex2007 folded before Flop (didn't bet)
Seat 2: adaliddefortuna (button) folded before Flop (didn't bet)
Seat 3: easymoneyguy (small blind) showed [Ac Ks] and lost with a pair of Aces
Seat 4: tomashovka55 (big blind) folded before Flop
Seat 5: braga 360 folded before Flop (didn't bet)
Seat 7: Nick.Siloff folded before Flop (didn't bet)
Seat 8: EddieHachem showed [7h 7c] and won ($3.24) with three of a kind, Sevens
Seat 9: drogon1236 folded before Flop (didn't bet)



PokerStars Hand #227655241047:  Hold'em No Limit ($0.01/$0.02 USD) - 2021/06/17 14:29:30 PT [2021/06/17 17:29:30 ET]
Table 'Athanasia III' 9-max Seat #4 is the button
Seat 1: Dorex2007 ($2.60 in chips) 
Seat 2: adaliddefortuna ($3.55 in chips) 
Seat 4: tomashovka55 ($2 in chips) 
Seat 5: braga 360 ($3.47 in chips) 
Seat 6: TanjeffRz ($2 in chips) 
Seat 7: Nick.Siloff ($5.26 in chips) 
Seat 8: EddieHachem ($3.85 in chips) 
Seat 9: drogon1236 ($2.38 in chips) 
braga 360: posts small blind $0.01
TanjeffRz: posts big blind $0.02
*** HOLE CARDS ***
Dealt to Dorex2007 [Qc Ad]
Nick.Siloff: folds 
easymoneyguy leaves the table
EddieHachem: folds 
drogon1236: folds 
Dorex2007: raises $0.02 to $0.04
adaliddefortuna: folds 
tomashovka55: folds 
braga 360: calls $0.03
TanjeffRz: calls $0.02
*** FLOP *** [5h 5d 4s]
braga 360: checks 
TanjeffRz: checks 
Dorex2007: checks 
*** TURN *** [5h 5d 4s] [Ac]
braga 360: checks 
TanjeffRz: checks 
Dorex2007: bets $0.08
braga 360: folds 
TanjeffRz: folds 
Uncalled bet ($0.08) returned to Dorex2007
Dorex2007 collected $0.12 from pot
Dorex2007: doesn't show hand 
*** SUMMARY ***
Total pot $0.12 | Rake $0 
Board [5h 5d 4s Ac]
Seat 1: Dorex2007 collected ($0.12)
Seat 2: adaliddefortuna folded before Flop (didn't bet)
Seat 4: tomashovka55 (button) folded before Flop (didn't bet)
Seat 5: braga 360 (small blind) folded on the Turn
Seat 6: TanjeffRz (big blind) folded on the Turn
Seat 7: Nick.Siloff folded before Flop (didn't bet)
Seat 8: EddieHachem folded before Flop (didn't bet)
Seat 9: drogon1236 folded before Flop (didn't bet)



PokerStars Hand #227655265015:  Hold'em No Limit ($0.01/$0.02 USD) - 2021/06/17 14:30:26 PT [2021/06/17 17:30:26 ET]
Table 'Athanasia III' 9-max Seat #5 is the button
Seat 1: Dorex2007 ($2.68 in chips) 
Seat 2: adaliddefortuna ($3.55 in chips) 
Seat 4: tomashovka55 ($2 in chips) 
Seat 5: braga 360 ($3.43 in chips) 
Seat 6: TanjeffRz ($2 in chips) 
Seat 7: Nick.Siloff ($5.26 in chips) 
Seat 8: EddieHachem ($3.85 in chips) 
Seat 9: drogon1236 ($2.38 in chips) 
TanjeffRz: posts small blind $0.01
Nick.Siloff: posts big blind $0.02
*** HOLE CARDS ***
Dealt to Dorex2007 [6c 5d]
ranyyy joins the table at seat #3 
EddieHachem: raises $0.04 to $0.06
drogon1236: folds 
Dorex2007: folds 
adaliddefortuna: folds 
tomashovka55: folds 
braga 360: calls $0.06
TanjeffRz: folds 
Nick.Siloff: folds 
*** FLOP *** [3s 2c 2h]
Nick.Siloff leaves the table
EddieHachem: bets $0.07
braga 360: folds 
Uncalled bet ($0.07) returned to EddieHachem
EddieHachem collected $0.14 from pot
EddieHachem: doesn't show hand 
*** SUMMARY ***
Total pot $0.15 | Rake $0.01 
Board [3s 2c 2h]
Seat 1: Dorex2007 folded before Flop (didn't bet)
Seat 2: adaliddefortuna folded before Flop (didn't bet)
Seat 4: tomashovka55 folded before Flop (didn't bet)
Seat 5: braga 360 (button) folded on the Flop
Seat 6: TanjeffRz (small blind) folded before Flop
Seat 7: Nick.Siloff (big blind) folded before Flop
Seat 8: EddieHachem collected ($0.14)
Seat 9: drogon1236 folded before Flop (didn't bet)



PokerStars Hand #227655281968:  Hold'em No Limit ($0.01/$0.02 USD) - 2021/06/17 14:31:05 PT [2021/06/17 17:31:05 ET]
Table 'Athanasia III' 9-max Seat #6 is the button
Seat 1: Dorex2007 ($2.68 in chips) 
Seat 2: adaliddefortuna ($3.55 in chips) 
Seat 4: tomashovka55 ($2 in chips) 
Seat 5: braga 360 ($3.37 in chips) 
Seat 6: TanjeffRz ($2 in chips) 
Seat 8: EddieHachem ($3.93 in chips) 
Seat 9: drogon1236 ($2.38 in chips) 
EddieHachem: posts small blind $0.01
drogon1236: posts big blind $0.02
ranyyy: sits out 
*** HOLE CARDS ***
Dealt to Dorex2007 [9d 8d]
Dorex2007: folds 
adaliddefortuna: folds 
tomashovka55: folds 
felipe.se857 joins the table at seat #7 
braga 360: raises $0.02 to $0.04
TanjeffRz: folds 
EddieHachem: calls $0.03
drogon1236: folds 
*** FLOP *** [3s As 3d]
EddieHachem: checks 
braga 360: checks 
*** TURN *** [3s As 3d] [4h]
EddieHachem: bets $0.05
braga 360: folds 
Uncalled bet ($0.05) returned to EddieHachem
EddieHachem collected $0.10 from pot
EddieHachem: doesn't show hand 
*** SUMMARY ***
Total pot $0.10 | Rake $0 
Board [3s As 3d 4h]
Seat 1: Dorex2007 folded before Flop (didn't bet)
Seat 2: adaliddefortuna folded before Flop (didn't bet)
Seat 4: tomashovka55 folded before Flop (didn't bet)
Seat 5: braga 360 folded on the Turn
Seat 6: TanjeffRz (button) folded before Flop (didn't bet)
Seat 8: EddieHachem (small blind) collected ($0.10)
Seat 9: drogon1236 (big blind) folded before Flop



PokerStars Hand #227655296750:  Hold'em No Limit ($0.01/$0.02 USD) - 2021/06/17 14:31:40 PT [2021/06/17 17:31:40 ET]
Table 'Athanasia III' 9-max Seat #8 is the button
Seat 1: Dorex2007 ($2.68 in chips) 
Seat 2: adaliddefortuna ($3.55 in chips) 
Seat 4: tomashovka55 ($2 in chips) 
Seat 5: braga 360 ($3.33 in chips) 
Seat 6: TanjeffRz ($2 in chips) 
Seat 8: EddieHachem ($3.99 in chips) 
Seat 9: drogon1236 ($2.36 in chips) 
drogon1236: posts small blind $0.01
Dorex2007: posts big blind $0.02
ranyyy: sits out 
felipe.se857: sits out 
*** HOLE CARDS ***
Dealt to Dorex2007 [Kc 2c]
adaliddefortuna: folds 
tomashovka55: folds 
braga 360: folds 
TanjeffRz: folds 
EddieHachem: calls $0.02
drogon1236: folds 
Dorex2007: checks 
*** FLOP *** [4d 5h Kd]
Dorex2007: checks 
EddieHachem: checks 
*** TURN *** [4d 5h Kd] [Ac]
Dorex2007: checks 
EddieHachem: checks 
*** RIVER *** [4d 5h Kd Ac] [6s]
Dorex2007: checks 
EddieHachem: checks 
*** SHOW DOWN ***
Dorex2007: shows [Kc 2c] (a pair of Kings)
EddieHachem: mucks hand 
Dorex2007 collected $0.05 from pot
*** SUMMARY ***
Total pot $0.05 | Rake $0 
Board [4d 5h Kd Ac 6s]
Seat 1: Dorex2007 (big blind) showed [Kc 2c] and won ($0.05) with a pair of Kings
Seat 2: adaliddefortuna folded before Flop (didn't bet)
Seat 4: tomashovka55 folded before Flop (didn't bet)
Seat 5: braga 360 folded before Flop (didn't bet)
Seat 6: TanjeffRz folded before Flop (didn't bet)
Seat 8: EddieHachem (button) mucked [Jc Qh]
Seat 9: drogon1236 (small blind) folded before Flop



PokerStars Hand #227655308983:  Hold'em No Limit ($0.01/$0.02 USD) - 2021/06/17 14:32:08 PT [2021/06/17 17:32:08 ET]
Table 'Athanasia III' 9-max Seat #9 is the button
Seat 1: Dorex2007 ($2.71 in chips) 
Seat 2: adaliddefortuna ($3.55 in chips) 
Seat 4: tomashovka55 ($2 in chips) 
Seat 5: braga 360 ($3.33 in chips) 
Seat 6: TanjeffRz ($2 in chips) 
Seat 8: EddieHachem ($3.97 in chips) 
Seat 9: drogon1236 ($2.35 in chips) 
Dorex2007: posts small blind $0.01
adaliddefortuna: posts big blind $0.02
ranyyy: sits out 
felipe.se857: sits out 
*** HOLE CARDS ***
Dealt to Dorex2007 [Kh Qh]
tomashovka55: folds 
braga 360: raises $0.02 to $0.04
TanjeffRz: folds 
EddieHachem: folds 
drogon1236: folds 
Dorex2007: calls $0.03
adaliddefortuna: calls $0.02
*** FLOP *** [Jd 7h Kd]
Dorex2007: bets $0.12
adaliddefortuna: folds 
braga 360: folds 
Uncalled bet ($0.12) returned to Dorex2007
Dorex2007 collected $0.12 from pot
Dorex2007: doesn't show hand 
*** SUMMARY ***
Total pot $0.12 | Rake $0 
Board [Jd 7h Kd]
Seat 1: Dorex2007 (small blind) collected ($0.12)
Seat 2: adaliddefortuna (big blind) folded on the Flop
Seat 4: tomashovka55 folded before Flop (didn't bet)
Seat 5: braga 360 folded on the Flop
Seat 6: TanjeffRz folded before Flop (didn't bet)
Seat 8: EddieHachem folded before Flop (didn't bet)
Seat 9: drogon1236 (button) folded before Flop (didn't bet)



PokerStars Hand #227655323568:  Hold'em No Limit ($0.01/$0.02 USD) - 2021/06/17 14:32:42 PT [2021/06/17 17:32:42 ET]
Table 'Athanasia III' 9-max Seat #1 is the button
Seat 1: Dorex2007 ($2.79 in chips) 
Seat 2: adaliddefortuna ($3.51 in chips) 
Seat 3: ranyyy ($0.80 in chips) 
Seat 4: tomashovka55 ($2 in chips) 
Seat 5: braga 360 ($3.29 in chips) 
Seat 6: TanjeffRz ($2 in chips) 
Seat 7: felipe.se857 ($2 in chips) 
Seat 8: EddieHachem ($3.97 in chips) 
Seat 9: drogon1236 ($2.35 in chips) 
adaliddefortuna: posts small blind $0.01
ranyyy: posts big blind $0.02
felipe.se857: posts big blind $0.02
*** HOLE CARDS ***
Dealt to Dorex2007 [7d 5d]
tomashovka55: folds 
braga 360: folds 
TanjeffRz: raises $0.06 to $0.08
felipe.se857: calls $0.06
EddieHachem: folds 
drogon1236: folds 
Dorex2007: folds 
adaliddefortuna: folds 
ranyyy: calls $0.06
*** FLOP *** [Qs Jc Ah]
ranyyy: checks 
TanjeffRz: bets $0.24
felipe.se857: folds 
ranyyy: folds 
Uncalled bet ($0.24) returned to TanjeffRz
TanjeffRz collected $0.24 from pot
TanjeffRz: doesn't show hand 
*** SUMMARY ***
Total pot $0.25 | Rake $0.01 
Board [Qs Jc Ah]
Seat 1: Dorex2007 (button) folded before Flop (didn't bet)
Seat 2: adaliddefortuna (small blind) folded before Flop
Seat 3: ranyyy (big blind) folded on the Flop
Seat 4: tomashovka55 folded before Flop (didn't bet)
Seat 5: braga 360 folded before Flop (didn't bet)
Seat 6: TanjeffRz collected ($0.24)
Seat 7: felipe.se857 folded on the Flop
Seat 8: EddieHachem folded before Flop (didn't bet)
Seat 9: drogon1236 folded before Flop (didn't bet)



PokerStars Hand #227655346403:  Hold'em No Limit ($0.01/$0.02 USD) - 2021/06/17 14:33:34 PT [2021/06/17 17:33:34 ET]
Table 'Athanasia III' 9-max Seat #2 is the button
Seat 1: Dorex2007 ($2.79 in chips) 
Seat 2: adaliddefortuna ($3.50 in chips) 
Seat 3: ranyyy ($0.72 in chips) 
Seat 4: tomashovka55 ($2 in chips) 
Seat 5: braga 360 ($3.29 in chips) 
Seat 6: TanjeffRz ($2.16 in chips) 
Seat 7: felipe.se857 ($1.92 in chips) 
Seat 8: EddieHachem ($3.97 in chips) 
Seat 9: drogon1236 ($2.35 in chips) 
ranyyy: posts small blind $0.01
tomashovka55: posts big blind $0.02
*** HOLE CARDS ***
Dealt to Dorex2007 [6h Kc]
braga 360: folds 
TanjeffRz: folds 
felipe.se857: calls $0.02
EddieHachem: folds 
drogon1236 has timed out
drogon1236: folds 
Dorex2007: folds 
adaliddefortuna: folds 
ranyyy: calls $0.01
adaliddefortuna leaves the table
tomashovka55: checks 
*** FLOP *** [2h 2d 8h]
ranyyy: checks 
tomashovka55: checks 
felipe.se857: checks 
*** TURN *** [2h 2d 8h] [Td]
ranyyy: checks 
tomashovka55: checks 
VOVACELLO joins the table at seat #2 
felipe.se857: bets $0.06
ranyyy: calls $0.06
tomashovka55: calls $0.06
*** RIVER *** [2h 2d 8h Td] [5d]
ranyyy: bets $0.12
tomashovka55: calls $0.12
felipe.se857: folds 
*** SHOW DOWN ***
ranyyy: shows [6d 9d] (a flush, Ten high)
tomashovka55: mucks hand 
ranyyy collected $0.46 from pot
*** SUMMARY ***
Total pot $0.48 | Rake $0.02 
Board [2h 2d 8h Td 5d]
Seat 1: Dorex2007 folded before Flop (didn't bet)
Seat 2: adaliddefortuna (button) folded before Flop (didn't bet)
Seat 3: ranyyy (small blind) showed [6d 9d] and won ($0.46) with a flush, Ten high
Seat 4: tomashovka55 (big blind) mucked [8s 7c]
Seat 5: braga 360 folded before Flop (didn't bet)
Seat 6: TanjeffRz folded before Flop (didn't bet)
Seat 7: felipe.se857 folded on the River
Seat 8: EddieHachem folded before Flop (didn't bet)
Seat 9: drogon1236 folded before Flop (didn't bet)



PokerStars Hand #227655385241:  Hold'em No Limit ($0.01/$0.02 USD) - 2021/06/17 14:35:05 PT [2021/06/17 17:35:05 ET]
Table 'Athanasia III' 9-max Seat #3 is the button
Seat 1: Dorex2007 ($2.79 in chips) 
Seat 3: ranyyy ($0.98 in chips) 
Seat 4: tomashovka55 ($2 in chips) 
Seat 5: braga 360 ($3.29 in chips) 
Seat 6: TanjeffRz ($2.16 in chips) 
Seat 7: felipe.se857 ($1.84 in chips) 
Seat 8: EddieHachem ($3.97 in chips) 
Seat 9: drogon1236 ($2.35 in chips) 
tomashovka55: posts small blind $0.01
braga 360: posts big blind $0.02
VOVACELLO: sits out 
*** HOLE CARDS ***
Dealt to Dorex2007 [7h Ks]
TanjeffRz: folds 
felipe.se857: calls $0.02
EddieHachem: folds 
drogon1236: folds 
Dorex2007: folds 
ranyyy: folds 
tomashovka55: folds 
braga 360: checks 
*** FLOP *** [Kc 5s 3c]
braga 360: checks 
felipe.se857: bets $0.02
braga 360: folds 
Uncalled bet ($0.02) returned to felipe.se857
felipe.se857 collected $0.05 from pot
felipe.se857: doesn't show hand 
*** SUMMARY ***
Total pot $0.05 | Rake $0 
Board [Kc 5s 3c]
Seat 1: Dorex2007 folded before Flop (didn't bet)
Seat 3: ranyyy (button) folded before Flop (didn't bet)
Seat 4: tomashovka55 (small blind) folded before Flop
Seat 5: braga 360 (big blind) folded on the Flop
Seat 6: TanjeffRz folded before Flop (didn't bet)
Seat 7: felipe.se857 collected ($0.05)
Seat 8: EddieHachem folded before Flop (didn't bet)
Seat 9: drogon1236 folded before Flop (didn't bet)



PokerStars Hand #227655400285:  Hold'em No Limit ($0.01/$0.02 USD) - 2021/06/17 14:35:41 PT [2021/06/17 17:35:41 ET]
Table 'Athanasia III' 9-max Seat #4 is the button
Seat 1: Dorex2007 ($2.79 in chips) 
Seat 2: VOVACELLO ($1 in chips) 
Seat 3: ranyyy ($0.98 in chips) 
Seat 4: tomashovka55 ($2 in chips) 
Seat 5: braga 360 ($3.27 in chips) 
Seat 6: TanjeffRz ($2.16 in chips) 
Seat 7: felipe.se857 ($1.87 in chips) 
Seat 8: EddieHachem ($3.97 in chips) 
Seat 9: drogon1236 ($2.35 in chips) 
braga 360: posts small blind $0.01
TanjeffRz: posts big blind $0.02
VOVACELLO: posts big blind $0.02
*** HOLE CARDS ***
Dealt to Dorex2007 [2c 8s]
felipe.se857: calls $0.02
EddieHachem: calls $0.02
drogon1236: folds 
Dorex2007: folds 
VOVACELLO: checks 
ranyyy: folds 
tomashovka55: calls $0.02
braga 360: folds 
TanjeffRz: checks 
*** FLOP *** [4d 5c Kh]
TanjeffRz: checks 
felipe.se857: checks 
EddieHachem: checks 
VOVACELLO: checks 
tomashovka55: checks 
*** TURN *** [4d 5c Kh] [Ac]
TanjeffRz: checks 
felipe.se857: checks 
EddieHachem: checks 
VOVACELLO: checks 
tomashovka55: checks 
*** RIVER *** [4d 5c Kh Ac] [6h]
TanjeffRz: checks 
felipe.se857: checks 
EddieHachem: bets $0.11
VOVACELLO: folds 
tomashovka55: folds 
TanjeffRz: folds 
felipe.se857: folds 
Uncalled bet ($0.11) returned to EddieHachem
EddieHachem collected $0.11 from pot
EddieHachem: doesn't show hand 
*** SUMMARY ***
Total pot $0.11 | Rake $0 
Board [4d 5c Kh Ac 6h]
Seat 1: Dorex2007 folded before Flop (didn't bet)
Seat 2: VOVACELLO folded on the River (didn't bet)
Seat 3: ranyyy folded before Flop (didn't bet)
Seat 4: tomashovka55 (button) folded on the River
Seat 5: braga 360 (small blind) folded before Flop
Seat 6: TanjeffRz (big blind) folded on the River
Seat 7: felipe.se857 folded on the River
Seat 8: EddieHachem collected ($0.11)
Seat 9: drogon1236 folded before Flop (didn't bet)



PokerStars Hand #227655434267:  Hold'em No Limit ($0.01/$0.02 USD) - 2021/06/17 14:37:00 PT [2021/06/17 17:37:00 ET]
Table 'Athanasia III' 9-max Seat #5 is the button
Seat 1: Dorex2007 ($2.79 in chips) 
Seat 2: VOVACELLO ($0.98 in chips) 
Seat 3: ranyyy ($0.98 in chips) 
Seat 4: tomashovka55 ($2 in chips) 
Seat 5: braga 360 ($3.26 in chips) 
Seat 6: TanjeffRz ($2.14 in chips) 
Seat 7: felipe.se857 ($1.85 in chips) 
Seat 8: EddieHachem ($4.06 in chips) 
Seat 9: drogon1236 ($2.35 in chips) 
TanjeffRz: posts small blind $0.01
felipe.se857: posts big blind $0.02
*** HOLE CARDS ***
Dealt to Dorex2007 [7s Js]
EddieHachem: raises $0.18 to $0.20
drogon1236 has timed out
drogon1236: folds 
Dorex2007: folds 
VOVACELLO: folds 
ranyyy: folds 
tomashovka55: folds 
braga 360: folds 
TanjeffRz: folds 
felipe.se857: folds 
Uncalled bet ($0.18) returned to EddieHachem
EddieHachem collected $0.05 from pot
EddieHachem: doesn't show hand 
*** SUMMARY ***
Total pot $0.05 | Rake $0 
Seat 1: Dorex2007 folded before Flop (didn't bet)
Seat 2: VOVACELLO folded before Flop (didn't bet)
Seat 3: ranyyy folded before Flop (didn't bet)
Seat 4: tomashovka55 folded before Flop (didn't bet)
Seat 5: braga 360 (button) folded before Flop (didn't bet)
Seat 6: TanjeffRz (small blind) folded before Flop
Seat 7: felipe.se857 (big blind) folded before Flop
Seat 8: EddieHachem collected ($0.05)
Seat 9: drogon1236 folded before Flop (didn't bet)



PokerStars Hand #227655450308:  Hold'em No Limit ($0.01/$0.02 USD) - 2021/06/17 14:37:38 PT [2021/06/17 17:37:38 ET]
Table 'Athanasia III' 9-max Seat #6 is the button
Seat 1: Dorex2007 ($2.79 in chips) 
Seat 2: VOVACELLO ($0.98 in chips) 
Seat 3: ranyyy ($0.98 in chips) 
Seat 4: tomashovka55 ($2 in chips) 
Seat 5: braga 360 ($3.26 in chips) 
Seat 6: TanjeffRz ($2.13 in chips) 
Seat 7: felipe.se857 ($1.83 in chips) 
Seat 8: EddieHachem ($4.09 in chips) 
felipe.se857: posts small blind $0.01
EddieHachem: posts big blind $0.02
*** HOLE CARDS ***
Dealt to Dorex2007 [Ah 2h]
Dorex2007: folds 
VOVACELLO: calls $0.02
ranyyy: raises $0.02 to $0.04
tomashovka55: folds 
braga 360: folds 
TanjeffRz: folds 
felipe.se857: folds 
EddieHachem is disconnected 
EddieHachem is connected 
EddieHachem has timed out
EddieHachem: folds 
VOVACELLO: calls $0.02
*** FLOP *** [4d 9c 5s]
VOVACELLO: checks 
ranyyy: checks 
*** TURN *** [4d 9c 5s] [8c]
VOVACELLO: checks 
ranyyy: checks 
*** RIVER *** [4d 9c 5s 8c] [2c]
VOVACELLO: checks 
ranyyy: checks 
*** SHOW DOWN ***
VOVACELLO: shows [7s Js] (high card Jack)
ranyyy: shows [Qc Jd] (high card Queen)
ranyyy collected $0.11 from pot
*** SUMMARY ***
Total pot $0.11 | Rake $0 
Board [4d 9c 5s 8c 2c]
Seat 1: Dorex2007 folded before Flop (didn't bet)
Seat 2: VOVACELLO showed [7s Js] and lost with high card Jack
Seat 3: ranyyy showed [Qc Jd] and won ($0.11) with high card Queen
Seat 4: tomashovka55 folded before Flop (didn't bet)
Seat 5: braga 360 folded before Flop (didn't bet)
Seat 6: TanjeffRz (button) folded before Flop (didn't bet)
Seat 7: felipe.se857 (small blind) folded before Flop
Seat 8: EddieHachem (big blind) folded before Flop



PokerStars Hand #227655492914:  Hold'em No Limit ($0.01/$0.02 USD) - 2021/06/17 14:39:19 PT [2021/06/17 17:39:19 ET]
Table 'Athanasia III' 9-max Seat #7 is the button
Seat 1: Dorex2007 ($2.79 in chips) 
Seat 2: VOVACELLO ($0.94 in chips) 
Seat 3: ranyyy ($1.05 in chips) 
Seat 4: tomashovka55 ($2 in chips) 
Seat 5: braga 360 ($3.26 in chips) 
Seat 6: TanjeffRz ($2.13 in chips) 
Seat 7: felipe.se857 ($1.82 in chips) 
Seat 8: EddieHachem ($4.07 in chips) 
Seat 9: drogon1236 ($2.35 in chips) 
EddieHachem: posts small blind $0.01
drogon1236: posts big blind $0.02
*** HOLE CARDS ***
Dealt to Dorex2007 [5s 8d]
Dorex2007: folds 
VOVACELLO: folds 
ranyyy: raises $0.02 to $0.04
tomashovka55: folds 
braga 360: folds 
TanjeffRz: folds 
felipe.se857: calls $0.04
EddieHachem: folds 
drogon1236: folds 
*** FLOP *** [9h 4s Jd]
ranyyy: checks 
felipe.se857: bets $0.06
ranyyy: folds 
Uncalled bet ($0.06) returned to felipe.se857
felipe.se857 collected $0.11 from pot
felipe.se857: doesn't show hand 
*** SUMMARY ***
Total pot $0.11 | Rake $0 
Board [9h 4s Jd]
Seat 1: Dorex2007 folded before Flop (didn't bet)
Seat 2: VOVACELLO folded before Flop (didn't bet)
Seat 3: ranyyy folded on the Flop
Seat 4: tomashovka55 folded before Flop (didn't bet)
Seat 5: braga 360 folded before Flop (didn't bet)
Seat 6: TanjeffRz folded before Flop (didn't bet)
Seat 7: felipe.se857 (button) collected ($0.11)
Seat 8: EddieHachem (small blind) folded before Flop
Seat 9: drogon1236 (big blind) folded before Flop



PokerStars Hand #227655509344:  Hold'em No Limit ($0.01/$0.02 USD) - 2021/06/17 14:39:58 PT [2021/06/17 17:39:58 ET]
Table 'Athanasia III' 9-max Seat #8 is the button
Seat 1: Dorex2007 ($2.79 in chips) 
Seat 2: VOVACELLO ($0.94 in chips) 
Seat 3: ranyyy ($1.01 in chips) 
Seat 4: tomashovka55 ($2 in chips) 
Seat 5: braga 360 ($3.26 in chips) 
Seat 6: TanjeffRz ($2.13 in chips) 
Seat 7: felipe.se857 ($1.89 in chips) 
Seat 8: EddieHachem ($4.06 in chips) 
Seat 9: drogon1236 ($2.33 in chips) 
drogon1236: posts small blind $0.01
Dorex2007: posts big blind $0.02
*** HOLE CARDS ***
Dealt to Dorex2007 [Ad Kh]
VOVACELLO: calls $0.02
ranyyy: folds 
tomashovka55: folds 
braga 360: folds 
TanjeffRz: folds 
felipe.se857: calls $0.02
EddieHachem: folds 
drogon1236: raises $0.02 to $0.04
Dorex2007: calls $0.02
VOVACELLO: calls $0.02
felipe.se857: calls $0.02
*** FLOP *** [2c 4d 5d]
drogon1236: bets $0.08
Dorex2007: calls $0.08
VOVACELLO: calls $0.08
felipe.se857: calls $0.08
*** TURN *** [2c 4d 5d] [7d]
drogon1236: bets $0.23
Dorex2007: raises $0.46 to $0.69
VOVACELLO: folds 
felipe.se857: calls $0.69
drogon1236: folds 
*** RIVER *** [2c 4d 5d 7d] [4h]
Dorex2007: bets $1.98 and is all-in
felipe.se857: calls $1.08 and is all-in
Uncalled bet ($0.90) returned to Dorex2007
*** SHOW DOWN ***
Dorex2007: shows [Ad Kh] (a pair of Fours)
felipe.se857: shows [Jd 9d] (a flush, Jack high)
felipe.se857 collected $4.10 from pot
*** SUMMARY ***
Total pot $4.25 | Rake $0.15 
Board [2c 4d 5d 7d 4h]
Seat 1: Dorex2007 (big blind) showed [Ad Kh] and lost with a pair of Fours
Seat 2: VOVACELLO folded on the Turn
Seat 3: ranyyy folded before Flop (didn't bet)
Seat 4: tomashovka55 folded before Flop (didn't bet)
Seat 5: braga 360 folded before Flop (didn't bet)
Seat 6: TanjeffRz folded before Flop (didn't bet)
Seat 7: felipe.se857 showed [Jd 9d] and won ($4.10) with a flush, Jack high
Seat 8: EddieHachem (button) folded before Flop (didn't bet)
Seat 9: drogon1236 (small blind) folded on the Turn



PokerStars Hand #227655549115:  Hold'em No Limit ($0.01/$0.02 USD) - 2021/06/17 14:41:34 PT [2021/06/17 17:41:34 ET]
Table 'Athanasia III' 9-max Seat #9 is the button
Seat 1: Dorex2007 ($0.90 in chips) 
Seat 2: VOVACELLO ($0.82 in chips) 
Seat 3: ranyyy ($1.01 in chips) 
Seat 4: tomashovka55 ($2 in chips) 
Seat 5: braga 360 ($3.26 in chips) 
Seat 6: TanjeffRz ($2.13 in chips) 
Seat 7: felipe.se857 ($4.10 in chips) 
Seat 8: EddieHachem ($4.06 in chips) 
Seat 9: drogon1236 ($1.98 in chips) 
Dorex2007: posts small blind $0.01
VOVACELLO: posts big blind $0.02
*** HOLE CARDS ***
Dealt to Dorex2007 [9h Tc]
ranyyy: raises $0.04 to $0.06
tomashovka55: calls $0.06
braga 360: calls $0.06
TanjeffRz: folds 
felipe.se857: calls $0.06
EddieHachem: folds 
drogon1236: folds 
Dorex2007: folds 
VOVACELLO: calls $0.04
*** FLOP *** [As 4c 9c]
VOVACELLO: checks 
ranyyy: bets $0.08
tomashovka55: folds 
braga 360: folds 
felipe.se857: calls $0.08
VOVACELLO: folds 
*** TURN *** [As 4c 9c] [6h]
ranyyy: bets $0.08
felipe.se857: calls $0.08
*** RIVER *** [As 4c 9c 6h] [Qs]
ranyyy: bets $0.46
felipe.se857: calls $0.46
*** SHOW DOWN ***
ranyyy: shows [Qh Qc] (three of a kind, Queens)
felipe.se857: mucks hand 
ranyyy collected $1.50 from pot
*** SUMMARY ***
Total pot $1.55 | Rake $0.05 
Board [As 4c 9c 6h Qs]
Seat 1: Dorex2007 (small blind) folded before Flop
Seat 2: VOVACELLO (big blind) folded on the Flop
Seat 3: ranyyy showed [Qh Qc] and won ($1.50) with three of a kind, Queens
Seat 4: tomashovka55 folded on the Flop
Seat 5: braga 360 folded on the Flop
Seat 6: TanjeffRz folded before Flop (didn't bet)
Seat 7: felipe.se857 mucked [Ah 2d]
Seat 8: EddieHachem folded before Flop (didn't bet)
Seat 9: drogon1236 (button) folded before Flop (didn't bet)



PokerStars Hand #227655590095:  Hold'em No Limit ($0.01/$0.02 USD) - 2021/06/17 14:43:11 PT [2021/06/17 17:43:11 ET]
Table 'Athanasia III' 9-max Seat #1 is the button
Seat 1: Dorex2007 ($1.69 in chips) 
Seat 2: VOVACELLO ($0.76 in chips) 
Seat 3: ranyyy ($1.83 in chips) 
Seat 4: tomashovka55 ($2 in chips) 
Seat 5: braga 360 ($3.20 in chips) 
Seat 6: TanjeffRz ($2.13 in chips) 
Seat 7: felipe.se857 ($3.42 in chips) 
Seat 8: EddieHachem ($4.06 in chips) 
Seat 9: drogon1236 ($1.98 in chips) 
VOVACELLO: posts small blind $0.01
ranyyy: posts big blind $0.02
*** HOLE CARDS ***
Dealt to Dorex2007 [3c 6d]
tomashovka55: folds 
braga 360: folds 
TanjeffRz: folds 
felipe.se857: calls $0.02
EddieHachem: folds 
drogon1236: calls $0.02
Dorex2007: folds 
VOVACELLO: calls $0.01
ranyyy: checks 
*** FLOP *** [Ah 3s 7s]
VOVACELLO: checks 
ranyyy: checks 
felipe.se857: checks 
drogon1236: checks 
*** TURN *** [Ah 3s 7s] [As]
VOVACELLO: checks 
ranyyy: checks 
felipe.se857: checks 
drogon1236: checks 
*** RIVER *** [Ah 3s 7s As] [6s]
VOVACELLO: checks 
ranyyy: checks 
felipe.se857: checks 
drogon1236: bets $0.06
VOVACELLO: folds 
ranyyy: folds 
felipe.se857: folds 
Uncalled bet ($0.06) returned to drogon1236
drogon1236 collected $0.08 from pot
drogon1236: doesn't show hand 
*** SUMMARY ***
Total pot $0.08 | Rake $0 
Board [Ah 3s 7s As 6s]
Seat 1: Dorex2007 (button) folded before Flop (didn't bet)
Seat 2: VOVACELLO (small blind) folded on the River
Seat 3: ranyyy (big blind) folded on the River
Seat 4: tomashovka55 folded before Flop (didn't bet)
Seat 5: braga 360 folded before Flop (didn't bet)
Seat 6: TanjeffRz folded before Flop (didn't bet)
Seat 7: felipe.se857 folded on the River
Seat 8: EddieHachem folded before Flop (didn't bet)
Seat 9: drogon1236 collected ($0.08)



PokerStars Hand #227655643412:  Hold'em No Limit ($0.01/$0.02 USD) - 2021/06/17 14:45:19 PT [2021/06/17 17:45:19 ET]
Table 'Athanasia III' 9-max Seat #2 is the button
Seat 1: Dorex2007 ($1.69 in chips) 
Seat 2: VOVACELLO ($0.74 in chips) 
Seat 3: ranyyy ($1.81 in chips) 
Seat 4: tomashovka55 ($2 in chips) 
Seat 5: braga 360 ($3.20 in chips) 
Seat 6: TanjeffRz ($2.13 in chips) 
Seat 7: felipe.se857 ($3.40 in chips) 
Seat 8: EddieHachem ($4.06 in chips) 
Seat 9: drogon1236 ($2.04 in chips) 
ranyyy: posts small blind $0.01
tomashovka55: posts big blind $0.02
*** HOLE CARDS ***
Dealt to Dorex2007 [Jd Qh]
braga 360: folds 
TanjeffRz: folds 
felipe.se857: calls $0.02
EddieHachem: raises $0.10 to $0.12
drogon1236: calls $0.12
Dorex2007: folds 
VOVACELLO: folds 
ranyyy: folds 
tomashovka55: folds 
felipe.se857: calls $0.10
*** FLOP *** [9s 4c 6h]
felipe.se857: bets $0.19
EddieHachem: calls $0.19
drogon1236: folds 
*** TURN *** [9s 4c 6h] [5s]
felipe.se857: checks 
EddieHachem: bets $0.37
felipe.se857: calls $0.37
*** RIVER *** [9s 4c 6h 5s] [3h]
felipe.se857: checks 
EddieHachem: checks 
*** SHOW DOWN ***
felipe.se857: shows [9h Tc] (a pair of Nines)
EddieHachem: shows [Qc Qs] (a pair of Queens)
EddieHachem collected $1.46 from pot
*** SUMMARY ***
Total pot $1.51 | Rake $0.05 
Board [9s 4c 6h 5s 3h]
Seat 1: Dorex2007 folded before Flop (didn't bet)
Seat 2: VOVACELLO (button) folded before Flop (didn't bet)
Seat 3: ranyyy (small blind) folded before Flop
Seat 4: tomashovka55 (big blind) folded before Flop
Seat 5: braga 360 folded before Flop (didn't bet)
Seat 6: TanjeffRz folded before Flop (didn't bet)
Seat 7: felipe.se857 showed [9h Tc] and lost with a pair of Nines
Seat 8: EddieHachem showed [Qc Qs] and won ($1.46) with a pair of Queens
Seat 9: drogon1236 folded on the Flop



PokerStars Hand #227655684462:  Hold'em No Limit ($0.01/$0.02 USD) - 2021/06/17 14:46:59 PT [2021/06/17 17:46:59 ET]
Table 'Athanasia III' 9-max Seat #3 is the button
Seat 1: Dorex2007 ($1.69 in chips) 
Seat 2: VOVACELLO ($0.74 in chips) 
Seat 3: ranyyy ($1.80 in chips) 
Seat 4: tomashovka55 ($2 in chips) 
Seat 5: braga 360 ($3.20 in chips) 
Seat 6: TanjeffRz ($2.13 in chips) 
Seat 7: felipe.se857 ($2.72 in chips) 
Seat 8: EddieHachem ($4.84 in chips) 
Seat 9: drogon1236 ($1.92 in chips) 
tomashovka55: posts small blind $0.01
braga 360: posts big blind $0.02
*** HOLE CARDS ***
Dealt to Dorex2007 [4s 3d]
TanjeffRz: folds 
felipe.se857: folds 
EddieHachem: folds 
drogon1236: folds 
Dorex2007: folds 
VOVACELLO: calls $0.02
ranyyy: folds 
tomashovka55: folds 
braga 360: checks 
*** FLOP *** [2c 7h 5h]
braga 360: checks 
VOVACELLO: bets $0.02
braga 360: folds 
Uncalled bet ($0.02) returned to VOVACELLO
VOVACELLO collected $0.05 from pot
VOVACELLO: doesn't show hand 
*** SUMMARY ***
Total pot $0.05 | Rake $0 
Board [2c 7h 5h]
Seat 1: Dorex2007 folded before Flop (didn't bet)
Seat 2: VOVACELLO collected ($0.05)
Seat 3: ranyyy (button) folded before Flop (didn't bet)
Seat 4: tomashovka55 (small blind) folded before Flop
Seat 5: braga 360 (big blind) folded on the Flop
Seat 6: TanjeffRz folded before Flop (didn't bet)
Seat 7: felipe.se857 folded before Flop (didn't bet)
Seat 8: EddieHachem folded before Flop (didn't bet)
Seat 9: drogon1236 folded before Flop (didn't bet)



PokerStars Hand #227655696034:  Hold'em No Limit ($0.01/$0.02 USD) - 2021/06/17 14:47:27 PT [2021/06/17 17:47:27 ET]
Table 'Athanasia III' 9-max Seat #4 is the button
Seat 1: Dorex2007 ($1.69 in chips) 
Seat 2: VOVACELLO ($0.77 in chips) 
Seat 3: ranyyy ($1.80 in chips) 
Seat 4: tomashovka55 ($2 in chips) 
Seat 5: braga 360 ($3.18 in chips) 
Seat 6: TanjeffRz ($2.13 in chips) 
Seat 7: felipe.se857 ($2.72 in chips) 
Seat 8: EddieHachem ($4.84 in chips) 
Seat 9: drogon1236 ($1.92 in chips) 
braga 360: posts small blind $0.01
TanjeffRz: posts big blind $0.02
*** HOLE CARDS ***
Dealt to Dorex2007 [6c 5c]
felipe.se857: calls $0.02
EddieHachem: raises $0.04 to $0.06
drogon1236: folds 
Dorex2007: folds 
VOVACELLO: calls $0.06
ranyyy: folds 
tomashovka55: folds 
braga 360: folds 
TanjeffRz: folds 
felipe.se857: calls $0.04
*** FLOP *** [Qd 4c 9c]
felipe.se857: checks 
EddieHachem: bets $0.10
VOVACELLO: folds 
felipe.se857: calls $0.10
*** TURN *** [Qd 4c 9c] [4s]
felipe.se857: checks 
EddieHachem: bets $0.14
felipe.se857: calls $0.14
*** RIVER *** [Qd 4c 9c 4s] [5s]
felipe.se857: checks 
EddieHachem: bets $0.34
felipe.se857: folds 
Uncalled bet ($0.34) returned to EddieHachem
EddieHachem collected $0.67 from pot
EddieHachem: doesn't show hand 
*** SUMMARY ***
Total pot $0.69 | Rake $0.02 
Board [Qd 4c 9c 4s 5s]
Seat 1: Dorex2007 folded before Flop (didn't bet)
Seat 2: VOVACELLO folded on the Flop
Seat 3: ranyyy folded before Flop (didn't bet)
Seat 4: tomashovka55 (button) folded before Flop (didn't bet)
Seat 5: braga 360 (small blind) folded before Flop
Seat 6: TanjeffRz (big blind) folded before Flop
Seat 7: felipe.se857 folded on the River
Seat 8: EddieHachem collected ($0.67)
Seat 9: drogon1236 folded before Flop (didn't bet)



PokerStars Hand #227655732804:  Hold'em No Limit ($0.01/$0.02 USD) - 2021/06/17 14:48:55 PT [2021/06/17 17:48:55 ET]
Table 'Athanasia III' 9-max Seat #5 is the button
Seat 1: Dorex2007 ($1.69 in chips) 
Seat 2: VOVACELLO ($0.71 in chips) 
Seat 3: ranyyy ($1.80 in chips) 
Seat 4: tomashovka55 ($2 in chips) 
Seat 5: braga 360 ($3.17 in chips) 
Seat 6: TanjeffRz ($2.11 in chips) 
Seat 7: felipe.se857 ($2.42 in chips) 
Seat 8: EddieHachem ($5.21 in chips) 
Seat 9: drogon1236 ($1.92 in chips) 
TanjeffRz: posts small blind $0.01
felipe.se857: posts big blind $0.02
*** HOLE CARDS ***
Dealt to Dorex2007 [Qs 3d]
EddieHachem: raises $0.04 to $0.06
drogon1236: folds 
Dorex2007: folds 
VOVACELLO: folds 
ranyyy: folds 
tomashovka55: folds 
braga 360: folds 
TanjeffRz: folds 
felipe.se857: calls $0.04
*** FLOP *** [As Ts 5s]
felipe.se857: checks 
EddieHachem: checks 
*** TURN *** [As Ts 5s] [7s]
felipe.se857: checks 
EddieHachem: checks 
*** RIVER *** [As Ts 5s 7s] [5d]
felipe.se857: bets $0.13
EddieHachem: raises $5.02 to $5.15 and is all-in
felipe.se857: folds 
Uncalled bet ($5.02) returned to EddieHachem
EddieHachem collected $0.38 from pot
EddieHachem: doesn't show hand 
*** SUMMARY ***
Total pot $0.39 | Rake $0.01 
Board [As Ts 5s 7s 5d]
Seat 1: Dorex2007 folded before Flop (didn't bet)
Seat 2: VOVACELLO folded before Flop (didn't bet)
Seat 3: ranyyy folded before Flop (didn't bet)
Seat 4: tomashovka55 folded before Flop (didn't bet)
Seat 5: braga 360 (button) folded before Flop (didn't bet)
Seat 6: TanjeffRz (small blind) folded before Flop
Seat 7: felipe.se857 (big blind) folded on the River
Seat 8: EddieHachem collected ($0.38)
Seat 9: drogon1236 folded before Flop (didn't bet)



PokerStars Hand #227655758175:  Hold'em No Limit ($0.01/$0.02 USD) - 2021/06/17 14:49:57 PT [2021/06/17 17:49:57 ET]
Table 'Athanasia III' 9-max Seat #6 is the button
Seat 1: Dorex2007 ($1.69 in chips) 
Seat 2: VOVACELLO ($0.71 in chips) 
Seat 3: ranyyy ($1.80 in chips) 
Seat 4: tomashovka55 ($2 in chips) 
Seat 5: braga 360 ($3.17 in chips) 
Seat 6: TanjeffRz ($2.10 in chips) 
Seat 7: felipe.se857 ($2.23 in chips) 
Seat 8: EddieHachem ($5.40 in chips) 
Seat 9: drogon1236 ($1.92 in chips) 
felipe.se857: posts small blind $0.01
EddieHachem: posts big blind $0.02
*** HOLE CARDS ***
Dealt to Dorex2007 [9s 4c]
drogon1236: folds 
Dorex2007: folds 
VOVACELLO has timed out
VOVACELLO: folds 
ranyyy: raises $0.04 to $0.06
tomashovka55: folds 
braga 360: calls $0.06
TanjeffRz: folds 
felipe.se857: calls $0.05
EddieHachem: folds 
*** FLOP *** [6d Tc 2h]
felipe.se857: bets $0.10
ranyyy: calls $0.10
braga 360: calls $0.10
*** TURN *** [6d Tc 2h] [Qh]
felipe.se857: checks 
ranyyy: checks 
braga 360: bets $0.24
felipe.se857: calls $0.24
ranyyy: calls $0.24
*** RIVER *** [6d Tc 2h Qh] [Js]
felipe.se857: checks 
ranyyy: bets $0.50
braga 360: calls $0.50
felipe.se857: folds 
*** SHOW DOWN ***
ranyyy: shows [8d 9d] (a straight, Eight to Queen)
braga 360: mucks hand 
ranyyy collected $2.14 from pot
*** SUMMARY ***
Total pot $2.22 | Rake $0.08 
Board [6d Tc 2h Qh Js]
Seat 1: Dorex2007 folded before Flop (didn't bet)
Seat 2: VOVACELLO folded before Flop (didn't bet)
Seat 3: ranyyy showed [8d 9d] and won ($2.14) with a straight, Eight to Queen
Seat 4: tomashovka55 folded before Flop (didn't bet)
Seat 5: braga 360 mucked [Qd Jd]
Seat 6: TanjeffRz (button) folded before Flop (didn't bet)
Seat 7: felipe.se857 (small blind) folded on the River
Seat 8: EddieHachem (big blind) folded before Flop
Seat 9: drogon1236 folded before Flop (didn't bet)



PokerStars Hand #227655798382:  Hold'em No Limit ($0.01/$0.02 USD) - 2021/06/17 14:51:36 PT [2021/06/17 17:51:36 ET]
Table 'Athanasia III' 9-max Seat #7 is the button
Seat 1: Dorex2007 ($1.69 in chips) 
Seat 2: VOVACELLO ($0.71 in chips) 
Seat 3: ranyyy ($3.04 in chips) 
Seat 4: tomashovka55 ($2 in chips) 
Seat 5: braga 360 ($2.27 in chips) 
Seat 6: TanjeffRz ($2.10 in chips) 
Seat 7: felipe.se857 ($1.83 in chips) 
Seat 8: EddieHachem ($5.38 in chips) 
Seat 9: drogon1236 ($1.92 in chips) 
EddieHachem: posts small blind $0.01
drogon1236: posts big blind $0.02
*** HOLE CARDS ***
Dealt to Dorex2007 [6s 8h]
Dorex2007: folds 
VOVACELLO: calls $0.02
ranyyy: raises $0.04 to $0.06
tomashovka55: folds 
braga 360: calls $0.06
TanjeffRz: calls $0.06
felipe.se857: calls $0.06
EddieHachem: folds 
drogon1236: raises $0.06 to $0.12
VOVACELLO: folds 
ranyyy: calls $0.06
braga 360: calls $0.06
TanjeffRz: calls $0.06
felipe.se857: calls $0.06
*** FLOP *** [5s 7s 7c]
drogon1236: checks 
ranyyy: checks 
braga 360: checks 
TanjeffRz: checks 
felipe.se857: checks 
*** TURN *** [5s 7s 7c] [4s]
drogon1236: checks 
ranyyy: checks 
braga 360: checks 
TanjeffRz: checks 
felipe.se857: checks 
*** RIVER *** [5s 7s 7c 4s] [8s]
drogon1236: bets $0.84
ranyyy: folds 
braga 360: folds 
TanjeffRz: folds 
felipe.se857: folds 
Uncalled bet ($0.84) returned to drogon1236
drogon1236 collected $0.61 from pot
drogon1236: doesn't show hand 
braga 360 leaves the table
*** SUMMARY ***
Total pot $0.63 | Rake $0.02 
Board [5s 7s 7c 4s 8s]
Seat 1: Dorex2007 folded before Flop (didn't bet)
Seat 2: VOVACELLO folded before Flop
Seat 3: ranyyy folded on the River
Seat 4: tomashovka55 folded before Flop (didn't bet)
Seat 5: braga 360 folded on the River
Seat 6: TanjeffRz folded on the River
Seat 7: felipe.se857 (button) folded on the River
Seat 8: EddieHachem (small blind) folded before Flop
Seat 9: drogon1236 (big blind) collected ($0.61)



PokerStars Hand #227655843922:  Hold'em No Limit ($0.01/$0.02 USD) - 2021/06/17 14:53:27 PT [2021/06/17 17:53:27 ET]
Table 'Athanasia III' 9-max Seat #8 is the button
Seat 1: Dorex2007 ($1.69 in chips) 
Seat 2: VOVACELLO ($0.69 in chips) 
Seat 3: ranyyy ($2.92 in chips) 
Seat 4: tomashovka55 ($2 in chips) 
Seat 6: TanjeffRz ($2 in chips) 
Seat 7: felipe.se857 ($1.71 in chips) 
Seat 8: EddieHachem ($5.37 in chips) 
Seat 9: drogon1236 ($2.41 in chips) 
drogon1236: posts small blind $0.01
Dorex2007: posts big blind $0.02
*** HOLE CARDS ***
Dealt to Dorex2007 [Th 2h]
jodie2202 joins the table at seat #5 
VOVACELLO: folds 
ranyyy: calls $0.02
tomashovka55: raises $0.06 to $0.08
TanjeffRz: folds 
felipe.se857: calls $0.08
EddieHachem: folds 
drogon1236: folds 
Dorex2007: folds 
ranyyy: calls $0.06
*** FLOP *** [Ks 3c 2s]
ranyyy: bets $0.12
tomashovka55: folds 
felipe.se857: calls $0.12
*** TURN *** [Ks 3c 2s] [2c]
ranyyy: bets $0.25
felipe.se857: calls $0.25
*** RIVER *** [Ks 3c 2s 2c] [Jd]
ranyyy: checks 
felipe.se857: bets $0.97
VOVACELLO leaves the table
jodie2202 is disconnected 
ranyyy: calls $0.97
*** SHOW DOWN ***
felipe.se857: shows [9d Kd] (two pair, Kings and Deuces)
ranyyy: mucks hand 
felipe.se857 collected $2.85 from pot
*** SUMMARY ***
Total pot $2.95 | Rake $0.10 
Board [Ks 3c 2s 2c Jd]
Seat 1: Dorex2007 (big blind) folded before Flop
Seat 2: VOVACELLO folded before Flop (didn't bet)
Seat 3: ranyyy mucked [6c 6h]
Seat 4: tomashovka55 folded on the Flop
Seat 6: TanjeffRz folded before Flop (didn't bet)
Seat 7: felipe.se857 showed [9d Kd] and won ($2.85) with two pair, Kings and Deuces
Seat 8: EddieHachem (button) folded before Flop (didn't bet)
Seat 9: drogon1236 (small blind) folded before Flop



PokerStars Hand #227655887544:  Hold'em No Limit ($0.01/$0.02 USD) - 2021/06/17 14:54:56 PT [2021/06/17 17:54:56 ET]
Table 'Athanasia III' 9-max Seat #9 is the button
Seat 1: Dorex2007 ($1.67 in chips) 
Seat 3: ranyyy ($1.50 in chips) 
Seat 4: tomashovka55 ($2 in chips) 
Seat 6: TanjeffRz ($2 in chips) 
Seat 7: felipe.se857 ($3.14 in chips) 
Seat 8: EddieHachem ($5.37 in chips) 
Seat 9: drogon1236 ($2.40 in chips) 
Dorex2007: posts small blind $0.01
ranyyy: posts big blind $0.02
jodie2202 has timed out
jodie2202: is sitting out 
*** HOLE CARDS ***
Dealt to Dorex2007 [3s 6s]
Michaelarellane joins the table at seat #2 
tomashovka55: folds 
TanjeffRz: folds 
felipe.se857: raises $0.02 to $0.04
EddieHachem: folds 
jodie2202 is disconnected 
drogon1236: folds 
Dorex2007: folds 
ranyyy: calls $0.02
*** FLOP *** [8h 9c 5s]
ranyyy: checks 
felipe.se857: bets $0.02
ranyyy: calls $0.02
*** TURN *** [8h 9c 5s] [4h]
ranyyy: checks 
felipe.se857: bets $0.07
ranyyy: calls $0.07
*** RIVER *** [8h 9c 5s 4h] [Js]
ranyyy: checks 
felipe.se857: bets $0.26
ranyyy: folds 
Uncalled bet ($0.26) returned to felipe.se857
felipe.se857 collected $0.26 from pot
felipe.se857: doesn't show hand 
*** SUMMARY ***
Total pot $0.27 | Rake $0.01 
Board [8h 9c 5s 4h Js]
Seat 1: Dorex2007 (small blind) folded before Flop
Seat 3: ranyyy (big blind) folded on the River
Seat 4: tomashovka55 folded before Flop (didn't bet)
Seat 6: TanjeffRz folded before Flop (didn't bet)
Seat 7: felipe.se857 collected ($0.26)
Seat 8: EddieHachem folded before Flop (didn't bet)
Seat 9: drogon1236 (button) folded before Flop (didn't bet)



PokerStars Hand #227655914046:  Hold'em No Limit ($0.01/$0.02 USD) - 2021/06/17 14:56:17 PT [2021/06/17 17:56:17 ET]
Table 'Athanasia III' 9-max Seat #1 is the button
Seat 1: Dorex2007 ($1.66 in chips) 
Seat 3: ranyyy ($1.37 in chips) 
Seat 4: tomashovka55 ($2 in chips) 
Seat 6: TanjeffRz ($2 in chips) 
Seat 7: felipe.se857 ($3.27 in chips) 
Seat 8: EddieHachem ($5.37 in chips) 
Seat 9: drogon1236 ($2.40 in chips) 
ranyyy: posts small blind $0.01
tomashovka55: posts big blind $0.02
jodie2202: sits out 
*** HOLE CARDS ***
Dealt to Dorex2007 [7c Ah]
TanjeffRz: folds 
felipe.se857: calls $0.02
EddieHachem: calls $0.02
drogon1236: folds 
Dorex2007: folds 
ranyyy: calls $0.01
tomashovka55: checks 
*** FLOP *** [6h Qh 4s]
ranyyy: checks 
tomashovka55: checks 
felipe.se857: checks 
EddieHachem: bets $0.08
ranyyy: calls $0.08
tomashovka55: folds 
felipe.se857: folds 
*** TURN *** [6h Qh 4s] [6d]
ranyyy: checks 
EddieHachem: bets $0.12
ranyyy: calls $0.12
*** RIVER *** [6h Qh 4s 6d] [3s]
ranyyy: checks 
EddieHachem: checks 
*** SHOW DOWN ***
ranyyy: shows [3h Ac] (two pair, Sixes and Threes)
EddieHachem: shows [8h Qd] (two pair, Queens and Sixes)
EddieHachem collected $0.46 from pot
*** SUMMARY ***
Total pot $0.48 | Rake $0.02 
Board [6h Qh 4s 6d 3s]
Seat 1: Dorex2007 (button) folded before Flop (didn't bet)
Seat 3: ranyyy (small blind) showed [3h Ac] and lost with two pair, Sixes and Threes
Seat 4: tomashovka55 (big blind) folded on the Flop
Seat 6: TanjeffRz folded before Flop (didn't bet)
Seat 7: felipe.se857 folded on the Flop
Seat 8: EddieHachem showed [8h Qd] and won ($0.46) with two pair, Queens and Sixes
Seat 9: drogon1236 folded before Flop (didn't bet)



PokerStars Hand #227655940603:  Hold'em No Limit ($0.01/$0.02 USD) - 2021/06/17 14:57:26 PT [2021/06/17 17:57:26 ET]
Table 'Athanasia III' 9-max Seat #3 is the button
Seat 1: Dorex2007 ($1.66 in chips) 
Seat 3: ranyyy ($1.15 in chips) 
Seat 4: tomashovka55 ($2 in chips) 
Seat 5: jodie2202 ($0.99 in chips) 
Seat 6: TanjeffRz ($2 in chips) 
Seat 7: felipe.se857 ($3.25 in chips) 
Seat 8: EddieHachem ($5.61 in chips) 
Seat 9: drogon1236 ($2.40 in chips) 
tomashovka55: posts small blind $0.01
jodie2202: posts big blind $0.02
Michaelarellane: sits out 
*** HOLE CARDS ***
Dealt to Dorex2007 [8d Ah]
TanjeffRz: folds 
felipe.se857: calls $0.02
EddieHachem: folds 
drogon1236 has timed out
drogon1236: folds 
Dorex2007: folds 
ranyyy: folds 
tomashovka55: folds 
jodie2202: checks 
*** FLOP *** [As Td 7h]
jodie2202: bets $0.05
felipe.se857: calls $0.05
*** TURN *** [As Td 7h] [3s]
jodie2202: checks 
felipe.se857: checks 
*** RIVER *** [As Td 7h 3s] [Js]
jodie2202: checks 
felipe.se857: checks 
*** SHOW DOWN ***
jodie2202: shows [9c 4c] (high card Ace)
felipe.se857: shows [Jc 5s] (a pair of Jacks)
felipe.se857 collected $0.14 from pot
*** SUMMARY ***
Total pot $0.15 | Rake $0.01 
Board [As Td 7h 3s Js]
Seat 1: Dorex2007 folded before Flop (didn't bet)
Seat 3: ranyyy (button) folded before Flop (didn't bet)
Seat 4: tomashovka55 (small blind) folded before Flop
Seat 5: jodie2202 (big blind) showed [9c 4c] and lost with high card Ace
Seat 6: TanjeffRz folded before Flop (didn't bet)
Seat 7: felipe.se857 showed [Jc 5s] and won ($0.14) with a pair of Jacks
Seat 8: EddieHachem folded before Flop (didn't bet)
Seat 9: drogon1236 folded before Flop (didn't bet)



