PokerStars Hand #227972689658:  Hold'em No Limit ($0.01/$0.02 USD) - 2021/07/01 3:43:00 PT [2021/07/01 6:43:00 ET]
Table 'Amanda II' 9-max Seat #9 is the button
Seat 1: amataco1 ($1.10 in chips) 
Seat 2: Camezzz ($2.21 in chips) 
Seat 3: marialazar ($2.08 in chips) 
Seat 4: Dorex2007 ($2 in chips) 
Seat 5: edoschenko ($0.88 in chips) 
Seat 6: monstrrrik ($2 in chips) 
Seat 7: lnxea ($1.97 in chips) 
Seat 9: alexouk80 ($1.88 in chips) 
amataco1: posts small blind $0.01
Camezzz: posts big blind $0.02
Dorex2007: posts big blind $0.02
Larionov64: sits out 
*** HOLE CARDS ***
Dealt to Dorex2007 [9h Jh]
marialazar: folds 
Dorex2007: checks 
edoschenko: folds 
monstrrrik: folds 
lnxea: folds 
alexouk80: folds 
amataco1: folds 
Camezzz: checks 
*** FLOP *** [Jc Qs 8s]
Camezzz: checks 
Dorex2007: checks 
*** TURN *** [Jc Qs 8s] [2c]
Camezzz: checks 
Dorex2007: bets $0.03
Camezzz: folds 
Uncalled bet ($0.03) returned to Dorex2007
Dorex2007 collected $0.05 from pot
Dorex2007: doesn't show hand 
*** SUMMARY ***
Total pot $0.05 | Rake $0 
Board [Jc Qs 8s 2c]
Seat 1: amataco1 (small blind) folded before Flop
Seat 2: Camezzz (big blind) folded on the Turn
Seat 3: marialazar folded before Flop (didn't bet)
Seat 4: Dorex2007 collected ($0.05)
Seat 5: edoschenko folded before Flop (didn't bet)
Seat 6: monstrrrik folded before Flop (didn't bet)
Seat 7: lnxea folded before Flop (didn't bet)
Seat 9: alexouk80 (button) folded before Flop (didn't bet)



PokerStars Hand #227972701240:  Hold'em No Limit ($0.01/$0.02 USD) - 2021/07/01 3:44:01 PT [2021/07/01 6:44:01 ET]
Table 'Amanda II' 9-max Seat #1 is the button
Seat 1: amataco1 ($1.09 in chips) 
Seat 2: Camezzz ($2.19 in chips) 
Seat 3: marialazar ($2.08 in chips) 
Seat 4: Dorex2007 ($2.03 in chips) 
Seat 5: edoschenko ($0.88 in chips) 
Seat 6: monstrrrik ($2 in chips) 
Seat 7: lnxea ($1.97 in chips) 
Seat 9: alexouk80 ($1.88 in chips) 
Camezzz: posts small blind $0.01
marialazar: posts big blind $0.02
Larionov64: sits out 
*** HOLE CARDS ***
Dealt to Dorex2007 [6h Ah]
Dorex2007: folds 
edoschenko: folds 
monstrrrik: folds 
lnxea: folds 
alexouk80: folds 
amataco1: calls $0.02
Camezzz: folds 
marialazar: checks 
*** FLOP *** [2h 6c 5d]
marialazar: checks 
amataco1: checks 
*** TURN *** [2h 6c 5d] [7s]
marialazar: bets $0.04
amataco1: folds 
Uncalled bet ($0.04) returned to marialazar
marialazar collected $0.05 from pot
*** SUMMARY ***
Total pot $0.05 | Rake $0 
Board [2h 6c 5d 7s]
Seat 1: amataco1 (button) folded on the Turn
Seat 2: Camezzz (small blind) folded before Flop
Seat 3: marialazar (big blind) collected ($0.05)
Seat 4: Dorex2007 folded before Flop (didn't bet)
Seat 5: edoschenko folded before Flop (didn't bet)
Seat 6: monstrrrik folded before Flop (didn't bet)
Seat 7: lnxea folded before Flop (didn't bet)
Seat 9: alexouk80 folded before Flop (didn't bet)



PokerStars Hand #227972709034:  Hold'em No Limit ($0.01/$0.02 USD) - 2021/07/01 3:44:41 PT [2021/07/01 6:44:41 ET]
Table 'Amanda II' 9-max Seat #2 is the button
Seat 1: amataco1 ($1.07 in chips) 
Seat 2: Camezzz ($2.18 in chips) 
Seat 3: marialazar ($2.11 in chips) 
Seat 4: Dorex2007 ($2.03 in chips) 
Seat 5: edoschenko ($0.88 in chips) 
Seat 6: monstrrrik ($2 in chips) 
Seat 7: lnxea ($1.97 in chips) 
Seat 9: alexouk80 ($1.88 in chips) 
marialazar: posts small blind $0.01
Dorex2007: posts big blind $0.02
Larionov64: sits out 
*** HOLE CARDS ***
Dealt to Dorex2007 [7s 6c]
edoschenko: folds 
monstrrrik: folds 
lnxea: folds 
alexouk80: folds 
amataco1: calls $0.02
Camezzz: folds 
marialazar: folds 
Dorex2007: checks 
*** FLOP *** [3d Kc 3h]
Dorex2007: checks 
amataco1: checks 
*** TURN *** [3d Kc 3h] [Js]
Dorex2007: checks 
amataco1: bets $0.04
Dorex2007: folds 
Uncalled bet ($0.04) returned to amataco1
amataco1 collected $0.05 from pot
*** SUMMARY ***
Total pot $0.05 | Rake $0 
Board [3d Kc 3h Js]
Seat 1: amataco1 collected ($0.05)
Seat 2: Camezzz (button) folded before Flop (didn't bet)
Seat 3: marialazar (small blind) folded before Flop
Seat 4: Dorex2007 (big blind) folded on the Turn
Seat 5: edoschenko folded before Flop (didn't bet)
Seat 6: monstrrrik folded before Flop (didn't bet)
Seat 7: lnxea folded before Flop (didn't bet)
Seat 9: alexouk80 folded before Flop (didn't bet)



PokerStars Hand #227972715280:  Hold'em No Limit ($0.01/$0.02 USD) - 2021/07/01 3:45:12 PT [2021/07/01 6:45:12 ET]
Table 'Amanda II' 9-max Seat #3 is the button
Seat 1: amataco1 ($1.10 in chips) 
Seat 2: Camezzz ($2.18 in chips) 
Seat 3: marialazar ($2.10 in chips) 
Seat 4: Dorex2007 ($2.01 in chips) 
Seat 5: edoschenko ($0.88 in chips) 
Seat 6: monstrrrik ($2 in chips) 
Seat 7: lnxea ($1.97 in chips) 
Seat 9: alexouk80 ($1.88 in chips) 
Dorex2007: posts small blind $0.01
edoschenko: posts big blind $0.02
Larionov64: sits out 
*** HOLE CARDS ***
Dealt to Dorex2007 [Jd 6d]
monstrrrik: folds 
lnxea: folds 
alexouk80: folds 
amataco1: folds 
Camezzz: raises $0.04 to $0.06
marialazar: calls $0.06
Dorex2007: folds 
edoschenko: folds 
*** FLOP *** [5s Qc Td]
Camezzz: checks 
marialazar: checks 
*** TURN *** [5s Qc Td] [As]
Camezzz: checks 
marialazar: bets $0.11
Camezzz: folds 
Uncalled bet ($0.11) returned to marialazar
marialazar collected $0.14 from pot
*** SUMMARY ***
Total pot $0.15 | Rake $0.01 
Board [5s Qc Td As]
Seat 1: amataco1 folded before Flop (didn't bet)
Seat 2: Camezzz folded on the Turn
Seat 3: marialazar (button) collected ($0.14)
Seat 4: Dorex2007 (small blind) folded before Flop
Seat 5: edoschenko (big blind) folded before Flop
Seat 6: monstrrrik folded before Flop (didn't bet)
Seat 7: lnxea folded before Flop (didn't bet)
Seat 9: alexouk80 folded before Flop (didn't bet)



PokerStars Hand #227972724598:  Hold'em No Limit ($0.01/$0.02 USD) - 2021/07/01 3:46:00 PT [2021/07/01 6:46:00 ET]
Table 'Amanda II' 9-max Seat #4 is the button
Seat 1: amataco1 ($1.10 in chips) 
Seat 2: Camezzz ($2.12 in chips) 
Seat 3: marialazar ($2.18 in chips) 
Seat 4: Dorex2007 ($2 in chips) 
Seat 5: edoschenko ($0.86 in chips) 
Seat 6: monstrrrik ($2 in chips) 
Seat 7: lnxea ($1.97 in chips) 
Seat 9: alexouk80 ($1.88 in chips) 
edoschenko: posts small blind $0.01
monstrrrik: posts big blind $0.02
Larionov64: sits out 
*** HOLE CARDS ***
Dealt to Dorex2007 [2d 7c]
lnxea: folds 
alexouk80: folds 
amataco1: folds 
Camezzz: folds 
marialazar: folds 
Dorex2007: folds 
edoschenko: raises $0.06 to $0.08
monstrrrik: raises $0.16 to $0.24
edoschenko: calls $0.16
*** FLOP *** [Ad 2c 4d]
edoschenko: checks 
monstrrrik: bets $0.36
edoschenko: raises $0.26 to $0.62 and is all-in
monstrrrik: calls $0.26
*** TURN *** [Ad 2c 4d] [Jd]
*** RIVER *** [Ad 2c 4d Jd] [Jc]
*** SHOW DOWN ***
edoschenko: shows [Ac Qh] (two pair, Aces and Jacks)
monstrrrik: shows [Kc Ah] (two pair, Aces and Jacks - King kicker)
monstrrrik collected $1.66 from pot
*** SUMMARY ***
Total pot $1.72 | Rake $0.06 
Board [Ad 2c 4d Jd Jc]
Seat 1: amataco1 folded before Flop (didn't bet)
Seat 2: Camezzz folded before Flop (didn't bet)
Seat 3: marialazar folded before Flop (didn't bet)
Seat 4: Dorex2007 (button) folded before Flop (didn't bet)
Seat 5: edoschenko (small blind) showed [Ac Qh] and lost with two pair, Aces and Jacks
Seat 6: monstrrrik (big blind) showed [Kc Ah] and won ($1.66) with two pair, Aces and Jacks
Seat 7: lnxea folded before Flop (didn't bet)
Seat 9: alexouk80 folded before Flop (didn't bet)



PokerStars Hand #227972732879:  Hold'em No Limit ($0.01/$0.02 USD) - 2021/07/01 3:46:42 PT [2021/07/01 6:46:42 ET]
Table 'Amanda II' 9-max Seat #6 is the button
Seat 1: amataco1 ($1.10 in chips) 
Seat 2: Camezzz ($2.12 in chips) 
Seat 3: marialazar ($2.18 in chips) 
Seat 4: Dorex2007 ($2 in chips) 
Seat 6: monstrrrik ($2.80 in chips) 
Seat 7: lnxea ($1.97 in chips) 
Seat 8: Larionov64 ($2 in chips) 
Seat 9: alexouk80 ($1.88 in chips) 
lnxea: posts small blind $0.01
Larionov64: posts big blind $0.02
*** HOLE CARDS ***
Dealt to Dorex2007 [4h 8c]
edoschenko leaves the table
alexouk80: folds 
amataco1: folds 
Camezzz: folds 
marialazar: raises $0.04 to $0.06
Dorex2007: folds 
monstrrrik: folds 
lnxea: folds 
Larionov64: calls $0.04
*** FLOP *** [Ac 4c 7c]
Larionov64: checks 
marialazar: checks 
*** TURN *** [Ac 4c 7c] [2d]
Larionov64: checks 
marialazar: checks 
*** RIVER *** [Ac 4c 7c 2d] [4s]
Larionov64: bets $0.07
kela1102 joins the table at seat #5 
marialazar: folds 
Uncalled bet ($0.07) returned to Larionov64
Larionov64 collected $0.13 from pot
Larionov64: doesn't show hand 
*** SUMMARY ***
Total pot $0.13 | Rake $0 
Board [Ac 4c 7c 2d 4s]
Seat 1: amataco1 folded before Flop (didn't bet)
Seat 2: Camezzz folded before Flop (didn't bet)
Seat 3: marialazar folded on the River
Seat 4: Dorex2007 folded before Flop (didn't bet)
Seat 6: monstrrrik (button) folded before Flop (didn't bet)
Seat 7: lnxea (small blind) folded before Flop
Seat 8: Larionov64 (big blind) collected ($0.13)
Seat 9: alexouk80 folded before Flop (didn't bet)



PokerStars Hand #227972739107:  Hold'em No Limit ($0.01/$0.02 USD) - 2021/07/01 3:47:13 PT [2021/07/01 6:47:13 ET]
Table 'Amanda II' 9-max Seat #7 is the button
Seat 1: amataco1 ($1.10 in chips) 
Seat 2: Camezzz ($2.12 in chips) 
Seat 3: marialazar ($2.12 in chips) 
Seat 4: Dorex2007 ($2 in chips) 
Seat 6: monstrrrik ($2.80 in chips) 
Seat 7: lnxea ($1.96 in chips) 
Seat 8: Larionov64 ($2.07 in chips) 
Seat 9: alexouk80 ($1.88 in chips) 
Larionov64: posts small blind $0.01
alexouk80: posts big blind $0.02
kela1102: sits out 
*** HOLE CARDS ***
Dealt to Dorex2007 [7s 8d]
amataco1: folds 
Camezzz: folds 
marialazar: raises $0.04 to $0.06
Dorex2007: folds 
monstrrrik: folds 
lnxea: folds 
Larionov64: folds 
alexouk80: folds 
Uncalled bet ($0.04) returned to marialazar
marialazar collected $0.05 from pot
*** SUMMARY ***
Total pot $0.05 | Rake $0 
Seat 1: amataco1 folded before Flop (didn't bet)
Seat 2: Camezzz folded before Flop (didn't bet)
Seat 3: marialazar collected ($0.05)
Seat 4: Dorex2007 folded before Flop (didn't bet)
Seat 6: monstrrrik folded before Flop (didn't bet)
Seat 7: lnxea (button) folded before Flop (didn't bet)
Seat 8: Larionov64 (small blind) folded before Flop
Seat 9: alexouk80 (big blind) folded before Flop



PokerStars Hand #227972743253:  Hold'em No Limit ($0.01/$0.02 USD) - 2021/07/01 3:47:33 PT [2021/07/01 6:47:33 ET]
Table 'Amanda II' 9-max Seat #8 is the button
Seat 1: amataco1 ($1.10 in chips) 
Seat 2: Camezzz ($2.12 in chips) 
Seat 3: marialazar ($2.15 in chips) 
Seat 4: Dorex2007 ($2 in chips) 
Seat 6: monstrrrik ($2.80 in chips) 
Seat 7: lnxea ($1.96 in chips) 
Seat 8: Larionov64 ($2.06 in chips) 
Seat 9: alexouk80 ($1.86 in chips) 
alexouk80: posts small blind $0.01
amataco1: posts big blind $0.02
kela1102: sits out 
*** HOLE CARDS ***
Dealt to Dorex2007 [Qc Qh]
Camezzz: folds 
marialazar: folds 
Dorex2007: raises $0.04 to $0.06
monstrrrik: folds 
lnxea: folds 
Larionov64: folds 
alexouk80: calls $0.05
amataco1: folds 
*** FLOP *** [3s Jd 7c]
alexouk80: checks 
Dorex2007: bets $0.09
alexouk80: folds 
Uncalled bet ($0.09) returned to Dorex2007
Dorex2007 collected $0.14 from pot
Dorex2007: doesn't show hand 
*** SUMMARY ***
Total pot $0.14 | Rake $0 
Board [3s Jd 7c]
Seat 1: amataco1 (big blind) folded before Flop
Seat 2: Camezzz folded before Flop (didn't bet)
Seat 3: marialazar folded before Flop (didn't bet)
Seat 4: Dorex2007 collected ($0.14)
Seat 6: monstrrrik folded before Flop (didn't bet)
Seat 7: lnxea folded before Flop (didn't bet)
Seat 8: Larionov64 (button) folded before Flop (didn't bet)
Seat 9: alexouk80 (small blind) folded on the Flop



PokerStars Hand #227972751665:  Hold'em No Limit ($0.01/$0.02 USD) - 2021/07/01 3:48:15 PT [2021/07/01 6:48:15 ET]
Table 'Amanda II' 9-max Seat #9 is the button
Seat 1: amataco1 ($1.08 in chips) 
Seat 2: Camezzz ($2.12 in chips) 
Seat 3: marialazar ($2.15 in chips) 
Seat 4: Dorex2007 ($2.08 in chips) 
Seat 6: monstrrrik ($2.80 in chips) 
Seat 7: lnxea ($1.96 in chips) 
Seat 8: Larionov64 ($2.06 in chips) 
Seat 9: alexouk80 ($1.80 in chips) 
amataco1: posts small blind $0.01
Camezzz: posts big blind $0.02
kela1102: sits out 
*** HOLE CARDS ***
Dealt to Dorex2007 [2s 8h]
marialazar: folds 
Dorex2007: folds 
monstrrrik: folds 
lnxea: folds 
Larionov64: folds 
alexouk80: raises $0.04 to $0.06
amataco1: folds 
Camezzz: calls $0.04
*** FLOP *** [Ac Td Kh]
Camezzz: checks 
alexouk80: checks 
*** TURN *** [Ac Td Kh] [Th]
Camezzz: checks 
alexouk80: checks 
*** RIVER *** [Ac Td Kh Th] [9h]
Camezzz: checks 
alexouk80: bets $0.13
Camezzz: folds 
Uncalled bet ($0.13) returned to alexouk80
alexouk80 collected $0.13 from pot
*** SUMMARY ***
Total pot $0.13 | Rake $0 
Board [Ac Td Kh Th 9h]
Seat 1: amataco1 (small blind) folded before Flop
Seat 2: Camezzz (big blind) folded on the River
Seat 3: marialazar folded before Flop (didn't bet)
Seat 4: Dorex2007 folded before Flop (didn't bet)
Seat 6: monstrrrik folded before Flop (didn't bet)
Seat 7: lnxea folded before Flop (didn't bet)
Seat 8: Larionov64 folded before Flop (didn't bet)
Seat 9: alexouk80 (button) collected ($0.13)



PokerStars Hand #227972761364:  Hold'em No Limit ($0.01/$0.02 USD) - 2021/07/01 3:49:03 PT [2021/07/01 6:49:03 ET]
Table 'Amanda II' 9-max Seat #2 is the button
Seat 2: Camezzz ($2.06 in chips) 
Seat 3: marialazar ($2.15 in chips) 
Seat 4: Dorex2007 ($2.08 in chips) 
Seat 6: monstrrrik ($2.80 in chips) 
Seat 7: lnxea ($1.96 in chips) 
Seat 8: Larionov64 ($2.06 in chips) 
Seat 9: alexouk80 ($1.87 in chips) 
marialazar: posts small blind $0.01
Dorex2007: posts big blind $0.02
kela1102: sits out 
*** HOLE CARDS ***
Dealt to Dorex2007 [2h 8c]
monstrrrik: folds 
lnxea: folds 
Larionov64: folds 
alexouk80: raises $0.04 to $0.06
Camezzz: folds 
marialazar: calls $0.05
Dorex2007: folds 
*** FLOP *** [8d 9c 5c]
marialazar: bets $0.11
alexouk80: folds 
Uncalled bet ($0.11) returned to marialazar
marialazar collected $0.14 from pot
*** SUMMARY ***
Total pot $0.14 | Rake $0 
Board [8d 9c 5c]
Seat 2: Camezzz (button) folded before Flop (didn't bet)
Seat 3: marialazar (small blind) collected ($0.14)
Seat 4: Dorex2007 (big blind) folded before Flop
Seat 6: monstrrrik folded before Flop (didn't bet)
Seat 7: lnxea folded before Flop (didn't bet)
Seat 8: Larionov64 folded before Flop (didn't bet)
Seat 9: alexouk80 folded on the Flop



PokerStars Hand #227972766467:  Hold'em No Limit ($0.01/$0.02 USD) - 2021/07/01 3:49:29 PT [2021/07/01 6:49:29 ET]
Table 'Amanda II' 9-max Seat #3 is the button
Seat 2: Camezzz ($2.06 in chips) 
Seat 3: marialazar ($2.23 in chips) 
Seat 4: Dorex2007 ($2.06 in chips) 
Seat 5: kela1102 ($1.10 in chips) 
Seat 6: monstrrrik ($2.80 in chips) 
Seat 7: lnxea ($1.96 in chips) 
Seat 8: Larionov64 ($2.06 in chips) 
Seat 9: alexouk80 ($1.81 in chips) 
Dorex2007: posts small blind $0.01
kela1102: posts big blind $0.02
*** HOLE CARDS ***
Dealt to Dorex2007 [Ad 6c]
monstrrrik: folds 
lnxea: folds 
Larionov64: calls $0.02
alexouk80: folds 
Camezzz: folds 
marialazar: raises $0.04 to $0.06
Dorex2007: folds 
kela1102: folds 
Larionov64: calls $0.04
*** FLOP *** [Td Th 3h]
Larionov64: checks 
marialazar: checks 
*** TURN *** [Td Th 3h] [8h]
Larionov64: checks 
marialazar: checks 
*** RIVER *** [Td Th 3h 8h] [Qc]
Larionov64: checks 
marialazar: checks 
*** SHOW DOWN ***
Larionov64: shows [2c 2h] (two pair, Tens and Deuces)
marialazar: mucks hand 
Larionov64 collected $0.14 from pot
*** SUMMARY ***
Total pot $0.15 | Rake $0.01 
Board [Td Th 3h 8h Qc]
Seat 2: Camezzz folded before Flop (didn't bet)
Seat 3: marialazar (button) mucked [Js Ac]
Seat 4: Dorex2007 (small blind) folded before Flop
Seat 5: kela1102 (big blind) folded before Flop
Seat 6: monstrrrik folded before Flop (didn't bet)
Seat 7: lnxea folded before Flop (didn't bet)
Seat 8: Larionov64 showed [2c 2h] and won ($0.14) with two pair, Tens and Deuces
Seat 9: alexouk80 folded before Flop (didn't bet)



PokerStars Hand #227972774413:  Hold'em No Limit ($0.01/$0.02 USD) - 2021/07/01 3:50:09 PT [2021/07/01 6:50:09 ET]
Table 'Amanda II' 9-max Seat #4 is the button
Seat 1: amataco1 ($1.07 in chips) 
Seat 2: Camezzz ($2.06 in chips) 
Seat 3: marialazar ($2.17 in chips) 
Seat 4: Dorex2007 ($2.05 in chips) 
Seat 5: kela1102 ($1.08 in chips) 
Seat 6: monstrrrik ($2.80 in chips) 
Seat 7: lnxea ($1.96 in chips) 
Seat 8: Larionov64 ($2.14 in chips) 
Seat 9: alexouk80 ($1.81 in chips) 
kela1102: posts small blind $0.01
monstrrrik: posts big blind $0.02
*** HOLE CARDS ***
Dealt to Dorex2007 [8c Jd]
lnxea: folds 
Larionov64: folds 
alexouk80: folds 
amataco1: folds 
Camezzz: folds 
marialazar: folds 
Dorex2007: folds 
kela1102: folds 
Uncalled bet ($0.01) returned to monstrrrik
monstrrrik collected $0.02 from pot
monstrrrik: doesn't show hand 
*** SUMMARY ***
Total pot $0.02 | Rake $0 
Seat 1: amataco1 folded before Flop (didn't bet)
Seat 2: Camezzz folded before Flop (didn't bet)
Seat 3: marialazar folded before Flop (didn't bet)
Seat 4: Dorex2007 (button) folded before Flop (didn't bet)
Seat 5: kela1102 (small blind) folded before Flop
Seat 6: monstrrrik (big blind) collected ($0.02)
Seat 7: lnxea folded before Flop (didn't bet)
Seat 8: Larionov64 folded before Flop (didn't bet)
Seat 9: alexouk80 folded before Flop (didn't bet)



PokerStars Hand #227972778883:  Hold'em No Limit ($0.01/$0.02 USD) - 2021/07/01 3:50:31 PT [2021/07/01 6:50:31 ET]
Table 'Amanda II' 9-max Seat #5 is the button
Seat 1: amataco1 ($1.07 in chips) 
Seat 2: Camezzz ($2.06 in chips) 
Seat 3: marialazar ($2.17 in chips) 
Seat 4: Dorex2007 ($2.05 in chips) 
Seat 5: kela1102 ($1.07 in chips) 
Seat 6: monstrrrik ($2.81 in chips) 
Seat 7: lnxea ($1.96 in chips) 
Seat 8: Larionov64 ($2.14 in chips) 
Seat 9: alexouk80 ($1.81 in chips) 
monstrrrik: posts small blind $0.01
lnxea: posts big blind $0.02
*** HOLE CARDS ***
Dealt to Dorex2007 [9d 2s]
Larionov64: folds 
alexouk80: folds 
amataco1: folds 
Camezzz: folds 
marialazar: folds 
Dorex2007: folds 
kela1102: folds 
monstrrrik: folds 
Uncalled bet ($0.01) returned to lnxea
lnxea collected $0.02 from pot
lnxea: doesn't show hand 
*** SUMMARY ***
Total pot $0.02 | Rake $0 
Seat 1: amataco1 folded before Flop (didn't bet)
Seat 2: Camezzz folded before Flop (didn't bet)
Seat 3: marialazar folded before Flop (didn't bet)
Seat 4: Dorex2007 folded before Flop (didn't bet)
Seat 5: kela1102 (button) folded before Flop (didn't bet)
Seat 6: monstrrrik (small blind) folded before Flop
Seat 7: lnxea (big blind) collected ($0.02)
Seat 8: Larionov64 folded before Flop (didn't bet)
Seat 9: alexouk80 folded before Flop (didn't bet)



PokerStars Hand #227972782943:  Hold'em No Limit ($0.01/$0.02 USD) - 2021/07/01 3:50:51 PT [2021/07/01 6:50:51 ET]
Table 'Amanda II' 9-max Seat #6 is the button
Seat 1: amataco1 ($1.07 in chips) 
Seat 2: Camezzz ($2.06 in chips) 
Seat 3: marialazar ($2.17 in chips) 
Seat 4: Dorex2007 ($2.05 in chips) 
Seat 5: kela1102 ($1.07 in chips) 
Seat 6: monstrrrik ($2.80 in chips) 
Seat 7: lnxea ($1.97 in chips) 
Seat 8: Larionov64 ($2.14 in chips) 
Seat 9: alexouk80 ($1.81 in chips) 
lnxea: posts small blind $0.01
Larionov64: posts big blind $0.02
*** HOLE CARDS ***
Dealt to Dorex2007 [3h 8s]
alexouk80: folds 
amataco1: folds 
Camezzz: folds 
marialazar: folds 
Dorex2007: folds 
kela1102: folds 
monstrrrik: folds 
lnxea: folds 
Uncalled bet ($0.01) returned to Larionov64
Larionov64 collected $0.02 from pot
Larionov64: doesn't show hand 
*** SUMMARY ***
Total pot $0.02 | Rake $0 
Seat 1: amataco1 folded before Flop (didn't bet)
Seat 2: Camezzz folded before Flop (didn't bet)
Seat 3: marialazar folded before Flop (didn't bet)
Seat 4: Dorex2007 folded before Flop (didn't bet)
Seat 5: kela1102 folded before Flop (didn't bet)
Seat 6: monstrrrik (button) folded before Flop (didn't bet)
Seat 7: lnxea (small blind) folded before Flop
Seat 8: Larionov64 (big blind) collected ($0.02)
Seat 9: alexouk80 folded before Flop (didn't bet)



PokerStars Hand #227972786721:  Hold'em No Limit ($0.01/$0.02 USD) - 2021/07/01 3:51:10 PT [2021/07/01 6:51:10 ET]
Table 'Amanda II' 9-max Seat #7 is the button
Seat 1: amataco1 ($1.07 in chips) 
Seat 2: Camezzz ($2.06 in chips) 
Seat 3: marialazar ($2.17 in chips) 
Seat 4: Dorex2007 ($2.05 in chips) 
Seat 5: kela1102 ($1.07 in chips) 
Seat 6: monstrrrik ($2.80 in chips) 
Seat 7: lnxea ($1.96 in chips) 
Seat 8: Larionov64 ($2.15 in chips) 
Seat 9: alexouk80 ($1.81 in chips) 
Larionov64: posts small blind $0.01
alexouk80: posts big blind $0.02
*** HOLE CARDS ***
Dealt to Dorex2007 [2s Ks]
amataco1: folds 
Camezzz: raises $0.04 to $0.06
marialazar: folds 
Dorex2007: folds 
kela1102: folds 
monstrrrik: folds 
lnxea: raises $0.15 to $0.21
Larionov64: folds 
alexouk80: folds 
Camezzz: folds 
Uncalled bet ($0.15) returned to lnxea
lnxea collected $0.15 from pot
lnxea: doesn't show hand 
*** SUMMARY ***
Total pot $0.15 | Rake $0 
Seat 1: amataco1 folded before Flop (didn't bet)
Seat 2: Camezzz folded before Flop
Seat 3: marialazar folded before Flop (didn't bet)
Seat 4: Dorex2007 folded before Flop (didn't bet)
Seat 5: kela1102 folded before Flop (didn't bet)
Seat 6: monstrrrik folded before Flop (didn't bet)
Seat 7: lnxea (button) collected ($0.15)
Seat 8: Larionov64 (small blind) folded before Flop
Seat 9: alexouk80 (big blind) folded before Flop



PokerStars Hand #227972792766:  Hold'em No Limit ($0.01/$0.02 USD) - 2021/07/01 3:51:40 PT [2021/07/01 6:51:40 ET]
Table 'Amanda II' 9-max Seat #8 is the button
Seat 1: amataco1 ($1.07 in chips) 
Seat 2: Camezzz ($2 in chips) 
Seat 3: marialazar ($2.17 in chips) 
Seat 4: Dorex2007 ($2.05 in chips) 
Seat 5: kela1102 ($1.07 in chips) 
Seat 6: monstrrrik ($2.80 in chips) 
Seat 7: lnxea ($2.05 in chips) 
Seat 8: Larionov64 ($2.14 in chips) 
Seat 9: alexouk80 ($1.79 in chips) 
alexouk80: posts small blind $0.01
amataco1: posts big blind $0.02
*** HOLE CARDS ***
Dealt to Dorex2007 [5h Ts]
Camezzz: folds 
marialazar: folds 
Dorex2007: folds 
kela1102: folds 
monstrrrik: raises $0.05 to $0.07
lnxea: folds 
Larionov64: calls $0.07
alexouk80: folds 
amataco1: folds 
*** FLOP *** [2d Qh 7c]
monstrrrik: checks 
Larionov64: checks 
*** TURN *** [2d Qh 7c] [Th]
monstrrrik: checks 
Larionov64: bets $0.08
monstrrrik: folds 
Uncalled bet ($0.08) returned to Larionov64
Larionov64 collected $0.16 from pot
Larionov64: doesn't show hand 
*** SUMMARY ***
Total pot $0.17 | Rake $0.01 
Board [2d Qh 7c Th]
Seat 1: amataco1 (big blind) folded before Flop
Seat 2: Camezzz folded before Flop (didn't bet)
Seat 3: marialazar folded before Flop (didn't bet)
Seat 4: Dorex2007 folded before Flop (didn't bet)
Seat 5: kela1102 folded before Flop (didn't bet)
Seat 6: monstrrrik folded on the Turn
Seat 7: lnxea folded before Flop (didn't bet)
Seat 8: Larionov64 (button) collected ($0.16)
Seat 9: alexouk80 (small blind) folded before Flop



PokerStars Hand #227972799219:  Hold'em No Limit ($0.01/$0.02 USD) - 2021/07/01 3:52:13 PT [2021/07/01 6:52:13 ET]
Table 'Amanda II' 9-max Seat #9 is the button
Seat 1: amataco1 ($1.05 in chips) 
Seat 2: Camezzz ($2 in chips) 
Seat 3: marialazar ($2.17 in chips) 
Seat 4: Dorex2007 ($2.05 in chips) 
Seat 5: kela1102 ($1.07 in chips) 
Seat 6: monstrrrik ($2.73 in chips) 
Seat 7: lnxea ($2.05 in chips) 
Seat 8: Larionov64 ($2.23 in chips) 
Seat 9: alexouk80 ($1.78 in chips) 
amataco1: posts small blind $0.01
Camezzz: posts big blind $0.02
*** HOLE CARDS ***
Dealt to Dorex2007 [Kh 5c]
marialazar: raises $0.04 to $0.06
Dorex2007: folds 
kela1102: folds 
monstrrrik: folds 
lnxea: folds 
Larionov64: folds 
alexouk80: folds 
amataco1: folds 
Camezzz: calls $0.04
*** FLOP *** [6d 2c 2d]
Camezzz: checks 
marialazar: checks 
*** TURN *** [6d 2c 2d] [Kd]
Camezzz: bets $0.06
marialazar: calls $0.06
*** RIVER *** [6d 2c 2d Kd] [9s]
Camezzz: bets $0.14
marialazar: calls $0.14
*** SHOW DOWN ***
Camezzz: shows [Ac 6c] (two pair, Sixes and Deuces)
marialazar: shows [Qd Kc] (two pair, Kings and Deuces)
marialazar collected $0.51 from pot
*** SUMMARY ***
Total pot $0.53 | Rake $0.02 
Board [6d 2c 2d Kd 9s]
Seat 1: amataco1 (small blind) folded before Flop
Seat 2: Camezzz (big blind) showed [Ac 6c] and lost with two pair, Sixes and Deuces
Seat 3: marialazar showed [Qd Kc] and won ($0.51) with two pair, Kings and Deuces
Seat 4: Dorex2007 folded before Flop (didn't bet)
Seat 5: kela1102 folded before Flop (didn't bet)
Seat 6: monstrrrik folded before Flop (didn't bet)
Seat 7: lnxea folded before Flop (didn't bet)
Seat 8: Larionov64 folded before Flop (didn't bet)
Seat 9: alexouk80 (button) folded before Flop (didn't bet)



PokerStars Hand #227972806149:  Hold'em No Limit ($0.01/$0.02 USD) - 2021/07/01 3:52:47 PT [2021/07/01 6:52:47 ET]
Table 'Amanda II' 9-max Seat #1 is the button
Seat 1: amataco1 ($1.04 in chips) 
Seat 2: Camezzz ($2 in chips) 
Seat 3: marialazar ($2.42 in chips) 
Seat 4: Dorex2007 ($2.05 in chips) 
Seat 5: kela1102 ($1.07 in chips) 
Seat 6: monstrrrik ($2.73 in chips) 
Seat 7: lnxea ($2.05 in chips) 
Seat 8: Larionov64 ($2.23 in chips) 
Seat 9: alexouk80 ($1.78 in chips) 
Camezzz: posts small blind $0.01
marialazar: posts big blind $0.02
*** HOLE CARDS ***
Dealt to Dorex2007 [4c Ts]
Dorex2007: folds 
kela1102: folds 
monstrrrik: folds 
lnxea: folds 
Larionov64: folds 
alexouk80: folds 
amataco1: folds 
Camezzz: folds 
Uncalled bet ($0.01) returned to marialazar
marialazar collected $0.02 from pot
*** SUMMARY ***
Total pot $0.02 | Rake $0 
Seat 1: amataco1 (button) folded before Flop (didn't bet)
Seat 2: Camezzz (small blind) folded before Flop
Seat 3: marialazar (big blind) collected ($0.02)
Seat 4: Dorex2007 folded before Flop (didn't bet)
Seat 5: kela1102 folded before Flop (didn't bet)
Seat 6: monstrrrik folded before Flop (didn't bet)
Seat 7: lnxea folded before Flop (didn't bet)
Seat 8: Larionov64 folded before Flop (didn't bet)
Seat 9: alexouk80 folded before Flop (didn't bet)



PokerStars Hand #227972810272:  Hold'em No Limit ($0.01/$0.02 USD) - 2021/07/01 3:53:08 PT [2021/07/01 6:53:08 ET]
Table 'Amanda II' 9-max Seat #2 is the button
Seat 1: amataco1 ($1.04 in chips) 
Seat 2: Camezzz ($2 in chips) 
Seat 3: marialazar ($2.43 in chips) 
Seat 4: Dorex2007 ($2.05 in chips) 
Seat 5: kela1102 ($1.07 in chips) 
Seat 6: monstrrrik ($2.73 in chips) 
Seat 7: lnxea ($2.05 in chips) 
Seat 8: Larionov64 ($2.23 in chips) 
Seat 9: alexouk80 ($1.78 in chips) 
marialazar: posts small blind $0.01
Dorex2007: posts big blind $0.02
*** HOLE CARDS ***
Dealt to Dorex2007 [Td 4d]
kela1102: folds 
monstrrrik: folds 
lnxea: folds 
Larionov64: raises $0.04 to $0.06
alexouk80: folds 
amataco1: folds 
Camezzz: folds 
marialazar: folds 
Dorex2007: folds 
Uncalled bet ($0.04) returned to Larionov64
Larionov64 collected $0.05 from pot
Larionov64: doesn't show hand 
*** SUMMARY ***
Total pot $0.05 | Rake $0 
Seat 1: amataco1 folded before Flop (didn't bet)
Seat 2: Camezzz (button) folded before Flop (didn't bet)
Seat 3: marialazar (small blind) folded before Flop
Seat 4: Dorex2007 (big blind) folded before Flop
Seat 5: kela1102 folded before Flop (didn't bet)
Seat 6: monstrrrik folded before Flop (didn't bet)
Seat 7: lnxea folded before Flop (didn't bet)
Seat 8: Larionov64 collected ($0.05)
Seat 9: alexouk80 folded before Flop (didn't bet)



PokerStars Hand #227972815194:  Hold'em No Limit ($0.01/$0.02 USD) - 2021/07/01 3:53:32 PT [2021/07/01 6:53:32 ET]
Table 'Amanda II' 9-max Seat #3 is the button
Seat 1: amataco1 ($1.04 in chips) 
Seat 2: Camezzz ($2 in chips) 
Seat 3: marialazar ($2.42 in chips) 
Seat 4: Dorex2007 ($2.03 in chips) 
Seat 5: kela1102 ($1.07 in chips) 
Seat 6: monstrrrik ($2.73 in chips) 
Seat 7: lnxea ($2.05 in chips) 
Seat 8: Larionov64 ($2.26 in chips) 
Dorex2007: posts small blind $0.01
kela1102: posts big blind $0.02
*** HOLE CARDS ***
Dealt to Dorex2007 [3s 8s]
monstrrrik: folds 
lnxea: folds 
Larionov64: folds 
amataco1: folds 
Camezzz: raises $0.04 to $0.06
marialazar: folds 
Dorex2007: folds 
kela1102: folds 
Uncalled bet ($0.04) returned to Camezzz
Camezzz collected $0.05 from pot
Camezzz: doesn't show hand 
*** SUMMARY ***
Total pot $0.05 | Rake $0 
Seat 1: amataco1 folded before Flop (didn't bet)
Seat 2: Camezzz collected ($0.05)
Seat 3: marialazar (button) folded before Flop (didn't bet)
Seat 4: Dorex2007 (small blind) folded before Flop
Seat 5: kela1102 (big blind) folded before Flop
Seat 6: monstrrrik folded before Flop (didn't bet)
Seat 7: lnxea folded before Flop (didn't bet)
Seat 8: Larionov64 folded before Flop (didn't bet)



PokerStars Hand #227972820506:  Hold'em No Limit ($0.01/$0.02 USD) - 2021/07/01 3:53:58 PT [2021/07/01 6:53:58 ET]
Table 'Amanda II' 9-max Seat #4 is the button
Seat 1: amataco1 ($1.04 in chips) 
Seat 2: Camezzz ($2.03 in chips) 
Seat 3: marialazar ($2.42 in chips) 
Seat 4: Dorex2007 ($2.02 in chips) 
Seat 5: kela1102 ($1.05 in chips) 
Seat 6: monstrrrik ($2.73 in chips) 
Seat 7: lnxea ($2.05 in chips) 
Seat 8: Larionov64 ($2.26 in chips) 
kela1102: posts small blind $0.01
monstrrrik: posts big blind $0.02
*** HOLE CARDS ***
Dealt to Dorex2007 [3h 9h]
lnxea: folds 
Larionov64: folds 
amataco1: folds 
Camezzz: folds 
marialazar: raises $0.04 to $0.06
Dorex2007: folds 
kela1102: folds 
monstrrrik: folds 
Uncalled bet ($0.04) returned to marialazar
marialazar collected $0.05 from pot
*** SUMMARY ***
Total pot $0.05 | Rake $0 
Seat 1: amataco1 folded before Flop (didn't bet)
Seat 2: Camezzz folded before Flop (didn't bet)
Seat 3: marialazar collected ($0.05)
Seat 4: Dorex2007 (button) folded before Flop (didn't bet)
Seat 5: kela1102 (small blind) folded before Flop
Seat 6: monstrrrik (big blind) folded before Flop
Seat 7: lnxea folded before Flop (didn't bet)
Seat 8: Larionov64 folded before Flop (didn't bet)



PokerStars Hand #227972824690:  Hold'em No Limit ($0.01/$0.02 USD) - 2021/07/01 3:54:19 PT [2021/07/01 6:54:19 ET]
Table 'Amanda II' 9-max Seat #5 is the button
Seat 1: amataco1 ($1.04 in chips) 
Seat 2: Camezzz ($2.03 in chips) 
Seat 3: marialazar ($2.45 in chips) 
Seat 4: Dorex2007 ($2.02 in chips) 
Seat 5: kela1102 ($1.04 in chips) 
Seat 6: monstrrrik ($2.71 in chips) 
Seat 7: lnxea ($2.05 in chips) 
Seat 8: Larionov64 ($2.26 in chips) 
monstrrrik: posts small blind $0.01
lnxea: posts big blind $0.02
*** HOLE CARDS ***
Dealt to Dorex2007 [Td Jd]
Larionov64: folds 
amataco1: folds 
Camezzz: folds 
marialazar: folds 
Dorex2007: raises $0.02 to $0.04
kela1102: folds 
monstrrrik: folds 
lnxea: folds 
Uncalled bet ($0.02) returned to Dorex2007
Dorex2007 collected $0.05 from pot
Dorex2007: doesn't show hand 
*** SUMMARY ***
Total pot $0.05 | Rake $0 
Seat 1: amataco1 folded before Flop (didn't bet)
Seat 2: Camezzz folded before Flop (didn't bet)
Seat 3: marialazar folded before Flop (didn't bet)
Seat 4: Dorex2007 collected ($0.05)
Seat 5: kela1102 (button) folded before Flop (didn't bet)
Seat 6: monstrrrik (small blind) folded before Flop
Seat 7: lnxea (big blind) folded before Flop
Seat 8: Larionov64 folded before Flop (didn't bet)



PokerStars Hand #227972828801:  Hold'em No Limit ($0.01/$0.02 USD) - 2021/07/01 3:54:40 PT [2021/07/01 6:54:40 ET]
Table 'Amanda II' 9-max Seat #6 is the button
Seat 1: amataco1 ($1.04 in chips) 
Seat 2: Camezzz ($2.03 in chips) 
Seat 3: marialazar ($2.45 in chips) 
Seat 4: Dorex2007 ($2.05 in chips) 
Seat 5: kela1102 ($1.04 in chips) 
Seat 6: monstrrrik ($2.70 in chips) 
Seat 7: lnxea ($2.03 in chips) 
Seat 8: Larionov64 ($2.26 in chips) 
lnxea: posts small blind $0.01
Larionov64: posts big blind $0.02
*** HOLE CARDS ***
Dealt to Dorex2007 [2c Tc]
amataco1: folds 
Camezzz: raises $0.04 to $0.06
marialazar: folds 
Dorex2007: folds 
kela1102: calls $0.06
monstrrrik: folds 
lnxea: folds 
Larionov64: folds 
*** FLOP *** [2s Ks 5h]
Camezzz: checks 
kela1102: checks 
*** TURN *** [2s Ks 5h] [6s]
Camezzz: checks 
kela1102: bets $0.07
Camezzz: folds 
Uncalled bet ($0.07) returned to kela1102
kela1102 collected $0.14 from pot
kela1102: doesn't show hand 
*** SUMMARY ***
Total pot $0.15 | Rake $0.01 
Board [2s Ks 5h 6s]
Seat 1: amataco1 folded before Flop (didn't bet)
Seat 2: Camezzz folded on the Turn
Seat 3: marialazar folded before Flop (didn't bet)
Seat 4: Dorex2007 folded before Flop (didn't bet)
Seat 5: kela1102 collected ($0.14)
Seat 6: monstrrrik (button) folded before Flop (didn't bet)
Seat 7: lnxea (small blind) folded before Flop
Seat 8: Larionov64 (big blind) folded before Flop



PokerStars Hand #227972836789:  Hold'em No Limit ($0.01/$0.02 USD) - 2021/07/01 3:55:22 PT [2021/07/01 6:55:22 ET]
Table 'Amanda II' 9-max Seat #7 is the button
Seat 1: amataco1 ($1.04 in chips) 
Seat 2: Camezzz ($2 in chips) 
Seat 3: marialazar ($2.45 in chips) 
Seat 4: Dorex2007 ($2.05 in chips) 
Seat 5: kela1102 ($1.12 in chips) 
Seat 6: monstrrrik ($2.70 in chips) 
Seat 7: lnxea ($2.02 in chips) 
Seat 8: Larionov64 ($2.24 in chips) 
Seat 9: alexouk80 ($1.78 in chips) 
Larionov64: posts small blind $0.01
alexouk80: posts big blind $0.02
*** HOLE CARDS ***
Dealt to Dorex2007 [Qc 8s]
amataco1: folds 
Camezzz: folds 
marialazar: folds 
Dorex2007: folds 
kela1102: folds 
monstrrrik: folds 
lnxea: folds 
Larionov64: folds 
Uncalled bet ($0.01) returned to alexouk80
alexouk80 collected $0.02 from pot
*** SUMMARY ***
Total pot $0.02 | Rake $0 
Seat 1: amataco1 folded before Flop (didn't bet)
Seat 2: Camezzz folded before Flop (didn't bet)
Seat 3: marialazar folded before Flop (didn't bet)
Seat 4: Dorex2007 folded before Flop (didn't bet)
Seat 5: kela1102 folded before Flop (didn't bet)
Seat 6: monstrrrik folded before Flop (didn't bet)
Seat 7: lnxea (button) folded before Flop (didn't bet)
Seat 8: Larionov64 (small blind) folded before Flop
Seat 9: alexouk80 (big blind) collected ($0.02)



PokerStars Hand #227972839532:  Hold'em No Limit ($0.01/$0.02 USD) - 2021/07/01 3:55:37 PT [2021/07/01 6:55:37 ET]
Table 'Amanda II' 9-max Seat #8 is the button
Seat 1: amataco1 ($1.04 in chips) 
Seat 2: Camezzz ($2 in chips) 
Seat 3: marialazar ($2.45 in chips) 
Seat 4: Dorex2007 ($2.05 in chips) 
Seat 5: kela1102 ($1.12 in chips) 
Seat 6: monstrrrik ($2.70 in chips) 
Seat 7: lnxea ($2.02 in chips) 
Seat 8: Larionov64 ($2.23 in chips) 
Seat 9: alexouk80 ($1.79 in chips) 
alexouk80: posts small blind $0.01
amataco1: posts big blind $0.02
*** HOLE CARDS ***
Dealt to Dorex2007 [Jh 4s]
Camezzz has timed out
Camezzz: folds 
marialazar: folds 
Dorex2007: folds 
kela1102: folds 
monstrrrik: folds 
lnxea: folds 
Larionov64: folds 
alexouk80: folds 
Uncalled bet ($0.01) returned to amataco1
amataco1 collected $0.02 from pot
*** SUMMARY ***
Total pot $0.02 | Rake $0 
Seat 1: amataco1 (big blind) collected ($0.02)
Seat 2: Camezzz folded before Flop (didn't bet)
Seat 3: marialazar folded before Flop (didn't bet)
Seat 4: Dorex2007 folded before Flop (didn't bet)
Seat 5: kela1102 folded before Flop (didn't bet)
Seat 6: monstrrrik folded before Flop (didn't bet)
Seat 7: lnxea folded before Flop (didn't bet)
Seat 8: Larionov64 (button) folded before Flop (didn't bet)
Seat 9: alexouk80 (small blind) folded before Flop



PokerStars Hand #227972844451:  Hold'em No Limit ($0.01/$0.02 USD) - 2021/07/01 3:56:05 PT [2021/07/01 6:56:05 ET]
Table 'Amanda II' 9-max Seat #9 is the button
Seat 1: amataco1 ($1.05 in chips) 
Seat 3: marialazar ($2.45 in chips) 
Seat 4: Dorex2007 ($2.05 in chips) 
Seat 5: kela1102 ($1.12 in chips) 
Seat 6: monstrrrik ($2.70 in chips) 
Seat 7: lnxea ($2.02 in chips) 
Seat 8: Larionov64 ($2.23 in chips) 
Seat 9: alexouk80 ($1.78 in chips) 
amataco1: posts small blind $0.01
Camezzz: is sitting out 
marialazar: posts big blind $0.02
*** HOLE CARDS ***
Dealt to Dorex2007 [5d Jc]
Camezzz leaves the table
Dorex2007: folds 
kela1102: folds 
monstrrrik: folds 
ded_y1917 joins the table at seat #2 
lnxea: folds 
Larionov64: folds 
alexouk80: raises $0.04 to $0.06
amataco1: calls $0.05
marialazar: calls $0.04
*** FLOP *** [6d Ts Ad]
amataco1: checks 
marialazar: bets $0.13
alexouk80: folds 
amataco1: calls $0.13
*** TURN *** [6d Ts Ad] [Ks]
amataco1: checks 
marialazar: bets $0.32
amataco1: calls $0.32
*** RIVER *** [6d Ts Ad Ks] [Th]
amataco1: checks 
marialazar: bets $0.80
amataco1: calls $0.54 and is all-in
Uncalled bet ($0.26) returned to marialazar
*** SHOW DOWN ***
marialazar: shows [Ah Td] (a full house, Tens full of Aces)
amataco1: shows [Qc As] (two pair, Aces and Tens)
marialazar collected $2.08 from pot
*** SUMMARY ***
Total pot $2.16 | Rake $0.08 
Board [6d Ts Ad Ks Th]
Seat 1: amataco1 (small blind) showed [Qc As] and lost with two pair, Aces and Tens
Seat 3: marialazar (big blind) showed [Ah Td] and won ($2.08) with a full house, Tens full of Aces
Seat 4: Dorex2007 folded before Flop (didn't bet)
Seat 5: kela1102 folded before Flop (didn't bet)
Seat 6: monstrrrik folded before Flop (didn't bet)
Seat 7: lnxea folded before Flop (didn't bet)
Seat 8: Larionov64 folded before Flop (didn't bet)
Seat 9: alexouk80 (button) folded on the Flop



PokerStars Hand #227972858259:  Hold'em No Limit ($0.01/$0.02 USD) - 2021/07/01 3:57:24 PT [2021/07/01 6:57:24 ET]
Table 'Amanda II' 9-max Seat #3 is the button
Seat 3: marialazar ($3.48 in chips) 
Seat 4: Dorex2007 ($2.05 in chips) 
Seat 5: kela1102 ($1.12 in chips) 
Seat 6: monstrrrik ($2.70 in chips) 
Seat 7: lnxea ($2.02 in chips) 
Seat 8: Larionov64 ($2.23 in chips) 
Seat 9: alexouk80 ($1.72 in chips) 
Dorex2007: posts small blind $0.01
kela1102: posts big blind $0.02
ded_y1917: sits out 
*** HOLE CARDS ***
Dealt to Dorex2007 [9s 2d]
monstrrrik: folds 
lnxea: folds 
Larionov64: folds 
amataco1 leaves the table
alexouk80: raises $0.04 to $0.06
marialazar: folds 
Dorex2007: folds 
kela1102: folds 
Uncalled bet ($0.04) returned to alexouk80
alexouk80 collected $0.05 from pot
*** SUMMARY ***
Total pot $0.05 | Rake $0 
Seat 3: marialazar (button) folded before Flop (didn't bet)
Seat 4: Dorex2007 (small blind) folded before Flop
Seat 5: kela1102 (big blind) folded before Flop
Seat 6: monstrrrik folded before Flop (didn't bet)
Seat 7: lnxea folded before Flop (didn't bet)
Seat 8: Larionov64 folded before Flop (didn't bet)
Seat 9: alexouk80 collected ($0.05)



PokerStars Hand #227972861171:  Hold'em No Limit ($0.01/$0.02 USD) - 2021/07/01 3:57:39 PT [2021/07/01 6:57:39 ET]
Table 'Amanda II' 9-max Seat #4 is the button
Seat 3: marialazar ($3.48 in chips) 
Seat 4: Dorex2007 ($2.04 in chips) 
Seat 5: kela1102 ($1.10 in chips) 
Seat 7: lnxea ($2.02 in chips) 
Seat 8: Larionov64 ($2.23 in chips) 
Seat 9: alexouk80 ($1.75 in chips) 
kela1102: posts small blind $0.01
monstrrrik: is sitting out 
monstrrrik leaves the table
Puddinamnam joins the table at seat #1 
lnxea: posts big blind $0.02
ded_y1917: sits out 
*** HOLE CARDS ***
Dealt to Dorex2007 [Qs 2h]
Larionov64: folds 
alexouk80: folds 
marialazar: folds 
Dorex2007: folds 
kela1102: folds 
Uncalled bet ($0.01) returned to lnxea
lnxea collected $0.02 from pot
lnxea: doesn't show hand 
*** SUMMARY ***
Total pot $0.02 | Rake $0 
Seat 3: marialazar folded before Flop (didn't bet)
Seat 4: Dorex2007 (button) folded before Flop (didn't bet)
Seat 5: kela1102 (small blind) folded before Flop
Seat 7: lnxea (big blind) collected ($0.02)
Seat 8: Larionov64 folded before Flop (didn't bet)
Seat 9: alexouk80 folded before Flop (didn't bet)



PokerStars Hand #227972864343:  Hold'em No Limit ($0.01/$0.02 USD) - 2021/07/01 3:57:57 PT [2021/07/01 6:57:57 ET]
Table 'Amanda II' 9-max Seat #5 is the button
Seat 3: marialazar ($3.48 in chips) 
Seat 4: Dorex2007 ($2.04 in chips) 
Seat 5: kela1102 ($1.09 in chips) 
Seat 7: lnxea ($2.03 in chips) 
Seat 8: Larionov64 ($2.23 in chips) 
Seat 9: alexouk80 ($1.75 in chips) 
lnxea: posts small blind $0.01
Larionov64: posts big blind $0.02
frosa9397 joins the table at seat #6 
Puddinamnam: sits out 
ded_y1917: sits out 
*** HOLE CARDS ***
Dealt to Dorex2007 [Qc 7c]
alexouk80: folds 
marialazar: folds 
Dorex2007: folds 
kela1102: folds 
lnxea: folds 
Uncalled bet ($0.01) returned to Larionov64
Larionov64 collected $0.02 from pot
Larionov64: doesn't show hand 
*** SUMMARY ***
Total pot $0.02 | Rake $0 
Seat 3: marialazar folded before Flop (didn't bet)
Seat 4: Dorex2007 folded before Flop (didn't bet)
Seat 5: kela1102 (button) folded before Flop (didn't bet)
Seat 7: lnxea (small blind) folded before Flop
Seat 8: Larionov64 (big blind) collected ($0.02)
Seat 9: alexouk80 folded before Flop (didn't bet)



PokerStars Hand #227972868080:  Hold'em No Limit ($0.01/$0.02 USD) - 2021/07/01 3:58:18 PT [2021/07/01 6:58:18 ET]
Table 'Amanda II' 9-max Seat #7 is the button
Seat 3: marialazar ($3.48 in chips) 
Seat 4: Dorex2007 ($2.04 in chips) 
Seat 5: kela1102 ($1.09 in chips) 
Seat 7: lnxea ($2.02 in chips) 
Seat 8: Larionov64 ($2.24 in chips) 
Seat 9: alexouk80 ($1.75 in chips) 
Larionov64: posts small blind $0.01
alexouk80: posts big blind $0.02
Puddinamnam: sits out 
ded_y1917: sits out 
frosa9397: sits out 
*** HOLE CARDS ***
Dealt to Dorex2007 [2d Kh]
marialazar: folds 
Dorex2007: folds 
kela1102: folds 
lnxea: folds 
Larionov64: raises $0.04 to $0.06
alexouk80: folds 
Uncalled bet ($0.04) returned to Larionov64
Larionov64 collected $0.04 from pot
Larionov64: doesn't show hand 
*** SUMMARY ***
Total pot $0.04 | Rake $0 
Seat 3: marialazar folded before Flop (didn't bet)
Seat 4: Dorex2007 folded before Flop (didn't bet)
Seat 5: kela1102 folded before Flop (didn't bet)
Seat 7: lnxea (button) folded before Flop (didn't bet)
Seat 8: Larionov64 (small blind) collected ($0.04)
Seat 9: alexouk80 (big blind) folded before Flop



PokerStars Hand #227972870651:  Hold'em No Limit ($0.01/$0.02 USD) - 2021/07/01 3:58:33 PT [2021/07/01 6:58:33 ET]
Table 'Amanda II' 9-max Seat #8 is the button
Seat 1: Puddinamnam ($2 in chips) 
Seat 3: marialazar ($3.48 in chips) 
Seat 4: Dorex2007 ($2.04 in chips) 
Seat 5: kela1102 ($1.09 in chips) 
Seat 6: frosa9397 ($2 in chips) 
Seat 7: lnxea ($2.02 in chips) 
Seat 8: Larionov64 ($2.26 in chips) 
Seat 9: alexouk80 ($1.73 in chips) 
alexouk80: posts small blind $0.01
Puddinamnam: posts big blind $0.02
ded_y1917: sits out 
frosa9397: posts big blind $0.02
*** HOLE CARDS ***
Dealt to Dorex2007 [Kc Kd]
marialazar: raises $0.04 to $0.06
Dorex2007: calls $0.06
kela1102: folds 
frosa9397: folds 
lnxea: folds 
Larionov64: folds 
alexouk80: folds 
Puddinamnam: calls $0.04
*** FLOP *** [Ah 6c 2d]
Puddinamnam: checks 
marialazar: checks 
Dorex2007: bets $0.10
Puddinamnam: folds 
marialazar: folds 
Uncalled bet ($0.10) returned to Dorex2007
Dorex2007 collected $0.20 from pot
Dorex2007: doesn't show hand 
*** SUMMARY ***
Total pot $0.21 | Rake $0.01 
Board [Ah 6c 2d]
Seat 1: Puddinamnam (big blind) folded on the Flop
Seat 3: marialazar folded on the Flop
Seat 4: Dorex2007 collected ($0.20)
Seat 5: kela1102 folded before Flop (didn't bet)
Seat 6: frosa9397 folded before Flop (didn't bet)
Seat 7: lnxea folded before Flop (didn't bet)
Seat 8: Larionov64 (button) folded before Flop (didn't bet)
Seat 9: alexouk80 (small blind) folded before Flop



PokerStars Hand #227972875000:  Hold'em No Limit ($0.01/$0.02 USD) - 2021/07/01 3:58:57 PT [2021/07/01 6:58:57 ET]
Table 'Amanda II' 9-max Seat #9 is the button
Seat 1: Puddinamnam ($1.94 in chips) 
Seat 2: ded_y1917 ($0.80 in chips) 
Seat 3: marialazar ($3.42 in chips) 
Seat 4: Dorex2007 ($2.18 in chips) 
Seat 5: kela1102 ($1.09 in chips) 
Seat 6: frosa9397 ($1.98 in chips) 
Seat 7: lnxea ($2.02 in chips) 
Seat 8: Larionov64 ($2.26 in chips) 
Seat 9: alexouk80 ($1.72 in chips) 
Puddinamnam: posts small blind $0.01
ded_y1917: posts big blind $0.02
*** HOLE CARDS ***
Dealt to Dorex2007 [Ks Ad]
marialazar: folds 
Dorex2007: raises $0.04 to $0.06
kela1102: folds 
frosa9397: folds 
lnxea: folds 
Larionov64: folds 
alexouk80: calls $0.06
Puddinamnam: folds 
ded_y1917: folds 
*** FLOP *** [Th 5s 4h]
Dorex2007: checks 
alexouk80: checks 
*** TURN *** [Th 5s 4h] [4d]
Dorex2007: checks 
alexouk80: checks 
*** RIVER *** [Th 5s 4h 4d] [6h]
Dorex2007: checks 
alexouk80: bets $0.14
Dorex2007: folds 
Uncalled bet ($0.14) returned to alexouk80
alexouk80 collected $0.14 from pot
*** SUMMARY ***
Total pot $0.15 | Rake $0.01 
Board [Th 5s 4h 4d 6h]
Seat 1: Puddinamnam (small blind) folded before Flop
Seat 2: ded_y1917 (big blind) folded before Flop
Seat 3: marialazar folded before Flop (didn't bet)
Seat 4: Dorex2007 folded on the River
Seat 5: kela1102 folded before Flop (didn't bet)
Seat 6: frosa9397 folded before Flop (didn't bet)
Seat 7: lnxea folded before Flop (didn't bet)
Seat 8: Larionov64 folded before Flop (didn't bet)
Seat 9: alexouk80 (button) collected ($0.14)



PokerStars Hand #227972887264:  Hold'em No Limit ($0.01/$0.02 USD) - 2021/07/01 4:00:07 PT [2021/07/01 7:00:07 ET]
Table 'Amanda II' 9-max Seat #1 is the button
Seat 1: Puddinamnam ($1.93 in chips) 
Seat 2: ded_y1917 ($0.78 in chips) 
Seat 3: marialazar ($3.42 in chips) 
Seat 4: Dorex2007 ($2.12 in chips) 
Seat 5: kela1102 ($1.09 in chips) 
Seat 6: frosa9397 ($1.98 in chips) 
Seat 7: lnxea ($2.02 in chips) 
Seat 8: Larionov64 ($2.26 in chips) 
Seat 9: alexouk80 ($1.80 in chips) 
ded_y1917: posts small blind $0.01
marialazar: posts big blind $0.02
*** HOLE CARDS ***
Dealt to Dorex2007 [7c 2d]
Dorex2007: folds 
kela1102: folds 
frosa9397: folds 
lnxea: folds 
Larionov64: folds 
alexouk80: raises $0.04 to $0.06
Puddinamnam: folds 
ded_y1917: folds 
marialazar: folds 
Uncalled bet ($0.04) returned to alexouk80
alexouk80 collected $0.05 from pot
*** SUMMARY ***
Total pot $0.05 | Rake $0 
Seat 1: Puddinamnam (button) folded before Flop (didn't bet)
Seat 2: ded_y1917 (small blind) folded before Flop
Seat 3: marialazar (big blind) folded before Flop
Seat 4: Dorex2007 folded before Flop (didn't bet)
Seat 5: kela1102 folded before Flop (didn't bet)
Seat 6: frosa9397 folded before Flop (didn't bet)
Seat 7: lnxea folded before Flop (didn't bet)
Seat 8: Larionov64 folded before Flop (didn't bet)
Seat 9: alexouk80 collected ($0.05)



PokerStars Hand #227972891695:  Hold'em No Limit ($0.01/$0.02 USD) - 2021/07/01 4:00:32 PT [2021/07/01 7:00:32 ET]
Table 'Amanda II' 9-max Seat #2 is the button
Seat 1: Puddinamnam ($1.93 in chips) 
Seat 2: ded_y1917 ($0.77 in chips) 
Seat 3: marialazar ($3.40 in chips) 
Seat 4: Dorex2007 ($2.12 in chips) 
Seat 5: kela1102 ($1.09 in chips) 
Seat 6: frosa9397 ($1.98 in chips) 
Seat 7: lnxea ($2.02 in chips) 
Seat 8: Larionov64 ($2.26 in chips) 
Seat 9: alexouk80 ($1.83 in chips) 
marialazar: posts small blind $0.01
Dorex2007: posts big blind $0.02
*** HOLE CARDS ***
Dealt to Dorex2007 [3s 5s]
kela1102: folds 
frosa9397: folds 
lnxea: folds 
Larionov64: folds 
alexouk80: raises $0.04 to $0.06
Puddinamnam: folds 
ded_y1917: folds 
marialazar: folds 
Dorex2007: folds 
Uncalled bet ($0.04) returned to alexouk80
alexouk80 collected $0.05 from pot
*** SUMMARY ***
Total pot $0.05 | Rake $0 
Seat 1: Puddinamnam folded before Flop (didn't bet)
Seat 2: ded_y1917 (button) folded before Flop (didn't bet)
Seat 3: marialazar (small blind) folded before Flop
Seat 4: Dorex2007 (big blind) folded before Flop
Seat 5: kela1102 folded before Flop (didn't bet)
Seat 6: frosa9397 folded before Flop (didn't bet)
Seat 7: lnxea folded before Flop (didn't bet)
Seat 8: Larionov64 folded before Flop (didn't bet)
Seat 9: alexouk80 collected ($0.05)



PokerStars Hand #227972898050:  Hold'em No Limit ($0.01/$0.02 USD) - 2021/07/01 4:01:06 PT [2021/07/01 7:01:06 ET]
Table 'Amanda II' 9-max Seat #3 is the button
Seat 1: Puddinamnam ($1.93 in chips) 
Seat 2: ded_y1917 ($0.77 in chips) 
Seat 3: marialazar ($3.39 in chips) 
Seat 4: Dorex2007 ($2.10 in chips) 
Seat 5: kela1102 ($1.09 in chips) 
Seat 6: frosa9397 ($1.98 in chips) 
Seat 7: lnxea ($2.02 in chips) 
Seat 8: Larionov64 ($2.26 in chips) 
Seat 9: alexouk80 ($1.86 in chips) 
Dorex2007: posts small blind $0.01
kela1102: posts big blind $0.02
*** HOLE CARDS ***
Dealt to Dorex2007 [6d 9h]
frosa9397: folds 
lnxea: folds 
Larionov64: folds 
alexouk80: raises $0.04 to $0.06
Puddinamnam: calls $0.06
ded_y1917: folds 
marialazar: calls $0.06
Dorex2007: folds 
kela1102: calls $0.04
*** FLOP *** [Ad As Qc]
kela1102: checks 
alexouk80: bets $0.08
Puddinamnam: calls $0.08
marialazar: folds 
kela1102: calls $0.08
*** TURN *** [Ad As Qc] [9s]
kela1102: checks 
alexouk80: checks 
Puddinamnam: bets $0.23
kela1102: calls $0.23
alexouk80: folds 
*** RIVER *** [Ad As Qc 9s] [5h]
kela1102: checks 
Puddinamnam: bets $0.92
kela1102: calls $0.72 and is all-in
Uncalled bet ($0.20) returned to Puddinamnam
*** SHOW DOWN ***
Puddinamnam: shows [Jd 8s] (a pair of Aces)
kela1102: shows [Ac 8c] (three of a kind, Aces)
kela1102 collected $2.31 from pot
*** SUMMARY ***
Total pot $2.39 | Rake $0.08 
Board [Ad As Qc 9s 5h]
Seat 1: Puddinamnam showed [Jd 8s] and lost with a pair of Aces
Seat 2: ded_y1917 folded before Flop (didn't bet)
Seat 3: marialazar (button) folded on the Flop
Seat 4: Dorex2007 (small blind) folded before Flop
Seat 5: kela1102 (big blind) showed [Ac 8c] and won ($2.31) with three of a kind, Aces
Seat 6: frosa9397 folded before Flop (didn't bet)
Seat 7: lnxea folded before Flop (didn't bet)
Seat 8: Larionov64 folded before Flop (didn't bet)
Seat 9: alexouk80 folded on the Turn



PokerStars Hand #227972913760:  Hold'em No Limit ($0.01/$0.02 USD) - 2021/07/01 4:02:27 PT [2021/07/01 7:02:27 ET]
Table 'Amanda II' 9-max Seat #4 is the button
Seat 1: Puddinamnam ($0.84 in chips) 
Seat 2: ded_y1917 ($0.77 in chips) 
Seat 3: marialazar ($3.33 in chips) 
Seat 4: Dorex2007 ($2.09 in chips) 
Seat 5: kela1102 ($2.31 in chips) 
Seat 6: frosa9397 ($1.98 in chips) 
Seat 7: lnxea ($2.02 in chips) 
Seat 8: Larionov64 ($2.26 in chips) 
Seat 9: alexouk80 ($1.72 in chips) 
kela1102: posts small blind $0.01
frosa9397: posts big blind $0.02
*** HOLE CARDS ***
Dealt to Dorex2007 [Ts 8s]
lnxea: folds 
Larionov64: folds 
alexouk80: folds 
Puddinamnam: folds 
ded_y1917: folds 
marialazar: folds 
Dorex2007: folds 
kela1102: raises $0.02 to $0.04
frosa9397: calls $0.02
*** FLOP *** [9c 8c Tc]
kela1102: checks 
frosa9397: bets $0.04
kela1102: folds 
Uncalled bet ($0.04) returned to frosa9397
frosa9397 collected $0.08 from pot
frosa9397: doesn't show hand 
*** SUMMARY ***
Total pot $0.08 | Rake $0 
Board [9c 8c Tc]
Seat 1: Puddinamnam folded before Flop (didn't bet)
Seat 2: ded_y1917 folded before Flop (didn't bet)
Seat 3: marialazar folded before Flop (didn't bet)
Seat 4: Dorex2007 (button) folded before Flop (didn't bet)
Seat 5: kela1102 (small blind) folded on the Flop
Seat 6: frosa9397 (big blind) collected ($0.08)
Seat 7: lnxea folded before Flop (didn't bet)
Seat 8: Larionov64 folded before Flop (didn't bet)
Seat 9: alexouk80 folded before Flop (didn't bet)



PokerStars Hand #227972919689:  Hold'em No Limit ($0.01/$0.02 USD) - 2021/07/01 4:02:56 PT [2021/07/01 7:02:56 ET]
Table 'Amanda II' 9-max Seat #5 is the button
Seat 1: Puddinamnam ($0.84 in chips) 
Seat 2: ded_y1917 ($0.77 in chips) 
Seat 3: marialazar ($3.33 in chips) 
Seat 4: Dorex2007 ($2.09 in chips) 
Seat 5: kela1102 ($2.27 in chips) 
Seat 6: frosa9397 ($2.02 in chips) 
Seat 7: lnxea ($2.02 in chips) 
Seat 8: Larionov64 ($2.26 in chips) 
Seat 9: alexouk80 ($1.72 in chips) 
frosa9397: posts small blind $0.01
lnxea: posts big blind $0.02
*** HOLE CARDS ***
Dealt to Dorex2007 [Qh 3c]
Larionov64: folds 
alexouk80: folds 
Puddinamnam: folds 
ded_y1917: raises $0.04 to $0.06
marialazar: calls $0.06
Dorex2007: folds 
kela1102: folds 
frosa9397: folds 
lnxea: folds 
*** FLOP *** [4h 5c 5d]
ded_y1917: bets $0.07
marialazar: folds 
Uncalled bet ($0.07) returned to ded_y1917
ded_y1917 collected $0.14 from pot
*** SUMMARY ***
Total pot $0.15 | Rake $0.01 
Board [4h 5c 5d]
Seat 1: Puddinamnam folded before Flop (didn't bet)
Seat 2: ded_y1917 collected ($0.14)
Seat 3: marialazar folded on the Flop
Seat 4: Dorex2007 folded before Flop (didn't bet)
Seat 5: kela1102 (button) folded before Flop (didn't bet)
Seat 6: frosa9397 (small blind) folded before Flop
Seat 7: lnxea (big blind) folded before Flop
Seat 8: Larionov64 folded before Flop (didn't bet)
Seat 9: alexouk80 folded before Flop (didn't bet)



PokerStars Hand #227972927026:  Hold'em No Limit ($0.01/$0.02 USD) - 2021/07/01 4:03:34 PT [2021/07/01 7:03:34 ET]
Table 'Amanda II' 9-max Seat #6 is the button
Seat 1: Puddinamnam ($0.84 in chips) 
Seat 2: ded_y1917 ($0.85 in chips) 
Seat 3: marialazar ($3.27 in chips) 
Seat 4: Dorex2007 ($2.09 in chips) 
Seat 5: kela1102 ($2.27 in chips) 
Seat 6: frosa9397 ($2.01 in chips) 
Seat 7: lnxea ($2 in chips) 
Seat 8: Larionov64 ($2.26 in chips) 
Seat 9: alexouk80 ($1.72 in chips) 
lnxea: posts small blind $0.01
Larionov64: posts big blind $0.02
*** HOLE CARDS ***
Dealt to Dorex2007 [2d 6d]
alexouk80: folds 
Puddinamnam: raises $0.02 to $0.04
ded_y1917: folds 
marialazar: raises $0.02 to $0.06
Dorex2007: folds 
kela1102: folds 
frosa9397: folds 
lnxea: folds 
Larionov64: folds 
Puddinamnam: calls $0.02
*** FLOP *** [3d Ts 4d]
Puddinamnam: checks 
marialazar: checks 
*** TURN *** [3d Ts 4d] [Th]
Puddinamnam: checks 
marialazar: checks 
*** RIVER *** [3d Ts 4d Th] [7h]
Puddinamnam: bets $0.02
marialazar: folds 
Uncalled bet ($0.02) returned to Puddinamnam
Puddinamnam collected $0.14 from pot
*** SUMMARY ***
Total pot $0.15 | Rake $0.01 
Board [3d Ts 4d Th 7h]
Seat 1: Puddinamnam collected ($0.14)
Seat 2: ded_y1917 folded before Flop (didn't bet)
Seat 3: marialazar folded on the River
Seat 4: Dorex2007 folded before Flop (didn't bet)
Seat 5: kela1102 folded before Flop (didn't bet)
Seat 6: frosa9397 (button) folded before Flop (didn't bet)
Seat 7: lnxea (small blind) folded before Flop
Seat 8: Larionov64 (big blind) folded before Flop
Seat 9: alexouk80 folded before Flop (didn't bet)



PokerStars Hand #227972938110:  Hold'em No Limit ($0.01/$0.02 USD) - 2021/07/01 4:04:30 PT [2021/07/01 7:04:30 ET]
Table 'Amanda II' 9-max Seat #7 is the button
Seat 1: Puddinamnam ($0.92 in chips) 
Seat 2: ded_y1917 ($0.85 in chips) 
Seat 3: marialazar ($3.21 in chips) 
Seat 4: Dorex2007 ($2.09 in chips) 
Seat 5: kela1102 ($2.27 in chips) 
Seat 6: frosa9397 ($2.01 in chips) 
Seat 7: lnxea ($1.99 in chips) 
Seat 8: Larionov64 ($2.24 in chips) 
Seat 9: alexouk80 ($1.72 in chips) 
Larionov64: posts small blind $0.01
alexouk80: posts big blind $0.02
*** HOLE CARDS ***
Dealt to Dorex2007 [2d 8d]
Puddinamnam: raises $0.04 to $0.06
ded_y1917: folds 
marialazar: raises $0.06 to $0.12
Dorex2007: folds 
kela1102: folds 
frosa9397: folds 
lnxea: folds 
Larionov64: raises $0.36 to $0.48
alexouk80: folds 
Puddinamnam: raises $0.36 to $0.84
marialazar: calls $0.72
Larionov64: raises $1.40 to $2.24 and is all-in
Puddinamnam: calls $0.08 and is all-in
marialazar: calls $1.40
*** FLOP *** [9s Ad 6c]
*** TURN *** [9s Ad 6c] [Qc]
*** RIVER *** [9s Ad 6c Qc] [Ts]
*** SHOW DOWN ***
Larionov64: shows [Kh As] (a pair of Aces)
marialazar: shows [Qs Qh] (three of a kind, Queens)
marialazar collected $2.55 from side pot
Puddinamnam: shows [3d 4d] (high card Ace)
marialazar collected $2.68 from main pot
*** SUMMARY ***
Total pot $5.42 Main pot $2.68. Side pot $2.55. | Rake $0.19 
Board [9s Ad 6c Qc Ts]
Seat 1: Puddinamnam showed [3d 4d] and lost with high card Ace
Seat 2: ded_y1917 folded before Flop (didn't bet)
Seat 3: marialazar showed [Qs Qh] and won ($5.23) with three of a kind, Queens
Seat 4: Dorex2007 folded before Flop (didn't bet)
Seat 5: kela1102 folded before Flop (didn't bet)
Seat 6: frosa9397 folded before Flop (didn't bet)
Seat 7: lnxea (button) folded before Flop (didn't bet)
Seat 8: Larionov64 (small blind) showed [Kh As] and lost with a pair of Aces
Seat 9: alexouk80 (big blind) folded before Flop



PokerStars Hand #227972951983:  Hold'em No Limit ($0.01/$0.02 USD) - 2021/07/01 4:05:40 PT [2021/07/01 7:05:40 ET]
Table 'Amanda II' 9-max Seat #8 is the button
Seat 2: ded_y1917 ($0.85 in chips) 
Seat 3: marialazar ($6.20 in chips) 
Seat 4: Dorex2007 ($2.09 in chips) 
Seat 5: kela1102 ($2.27 in chips) 
Seat 6: frosa9397 ($2.01 in chips) 
Seat 7: lnxea ($1.99 in chips) 
Seat 8: Larionov64 ($1.60 in chips) 
Seat 9: alexouk80 ($1.70 in chips) 
alexouk80: posts small blind $0.01
ded_y1917: posts big blind $0.02
*** HOLE CARDS ***
Dealt to Dorex2007 [9d Qd]
marialazar: folds 
Dorex2007: folds 
kela1102: folds 
Puddinamnam leaves the table
frosa9397: calls $0.02
lnxea: folds 
Larionov64: folds 
alexouk80: calls $0.01
ded_y1917: checks 
*** FLOP *** [3c 3s 2h]
alexouk80: checks 
ded_y1917: bets $0.03
frosa9397: folds 
alexouk80: folds 
Uncalled bet ($0.03) returned to ded_y1917
ded_y1917 collected $0.06 from pot
*** SUMMARY ***
Total pot $0.06 | Rake $0 
Board [3c 3s 2h]
Seat 2: ded_y1917 (big blind) collected ($0.06)
Seat 3: marialazar folded before Flop (didn't bet)
Seat 4: Dorex2007 folded before Flop (didn't bet)
Seat 5: kela1102 folded before Flop (didn't bet)
Seat 6: frosa9397 folded on the Flop
Seat 7: lnxea folded before Flop (didn't bet)
Seat 8: Larionov64 (button) folded before Flop (didn't bet)
Seat 9: alexouk80 (small blind) folded on the Flop



PokerStars Hand #227972961425:  Hold'em No Limit ($0.01/$0.02 USD) - 2021/07/01 4:06:27 PT [2021/07/01 7:06:27 ET]
Table 'Amanda II' 9-max Seat #9 is the button
Seat 2: ded_y1917 ($0.89 in chips) 
Seat 3: marialazar ($6.20 in chips) 
Seat 4: Dorex2007 ($2.09 in chips) 
Seat 5: kela1102 ($2.27 in chips) 
Seat 6: frosa9397 ($1.99 in chips) 
Seat 7: lnxea ($1.99 in chips) 
Seat 8: Larionov64 ($1.60 in chips) 
Seat 9: alexouk80 ($1.68 in chips) 
ded_y1917: posts small blind $0.01
marialazar: posts big blind $0.02
*** HOLE CARDS ***
Dealt to Dorex2007 [3s 5h]
NarkGM joins the table at seat #1 
Dorex2007: folds 
kela1102: folds 
frosa9397: folds 
lnxea: folds 
Larionov64: folds 
alexouk80: raises $0.04 to $0.06
ded_y1917: calls $0.05
marialazar: folds 
*** FLOP *** [3c 7d 6h]
ded_y1917: bets $0.14
alexouk80: folds 
Uncalled bet ($0.14) returned to ded_y1917
ded_y1917 collected $0.14 from pot
*** SUMMARY ***
Total pot $0.14 | Rake $0 
Board [3c 7d 6h]
Seat 2: ded_y1917 (small blind) collected ($0.14)
Seat 3: marialazar (big blind) folded before Flop
Seat 4: Dorex2007 folded before Flop (didn't bet)
Seat 5: kela1102 folded before Flop (didn't bet)
Seat 6: frosa9397 folded before Flop (didn't bet)
Seat 7: lnxea folded before Flop (didn't bet)
Seat 8: Larionov64 folded before Flop (didn't bet)
Seat 9: alexouk80 (button) folded on the Flop



PokerStars Hand #227972970407:  Hold'em No Limit ($0.01/$0.02 USD) - 2021/07/01 4:07:12 PT [2021/07/01 7:07:12 ET]
Table 'Amanda II' 9-max Seat #2 is the button
Seat 1: NarkGM ($2 in chips) 
Seat 2: ded_y1917 ($0.97 in chips) 
Seat 3: marialazar ($6.18 in chips) 
Seat 4: Dorex2007 ($2.09 in chips) 
Seat 5: kela1102 ($2.27 in chips) 
Seat 6: frosa9397 ($1.99 in chips) 
Seat 7: lnxea ($1.99 in chips) 
Seat 8: Larionov64 ($1.60 in chips) 
Seat 9: alexouk80 ($1.62 in chips) 
marialazar: posts small blind $0.01
Dorex2007: posts big blind $0.02
NarkGM: posts big blind $0.02
*** HOLE CARDS ***
Dealt to Dorex2007 [Js 3d]
kela1102: folds 
frosa9397: raises $0.02 to $0.04
lnxea: folds 
Larionov64: folds 
alexouk80: folds 
NarkGM: calls $0.02
ded_y1917: folds 
marialazar: folds 
Dorex2007: folds 
*** FLOP *** [2c Td 7d]
marialazar leaves the table
frosa9397: bets $0.05
NarkGM: raises $0.05 to $0.10
frosa9397: folds 
Uncalled bet ($0.05) returned to NarkGM
NarkGM collected $0.20 from pot
NarkGM: doesn't show hand 
*** SUMMARY ***
Total pot $0.21 | Rake $0.01 
Board [2c Td 7d]
Seat 1: NarkGM collected ($0.20)
Seat 2: ded_y1917 (button) folded before Flop (didn't bet)
Seat 3: marialazar (small blind) folded before Flop
Seat 4: Dorex2007 (big blind) folded before Flop
Seat 5: kela1102 folded before Flop (didn't bet)
Seat 6: frosa9397 folded on the Flop
Seat 7: lnxea folded before Flop (didn't bet)
Seat 8: Larionov64 folded before Flop (didn't bet)
Seat 9: alexouk80 folded before Flop (didn't bet)



PokerStars Hand #227972976760:  Hold'em No Limit ($0.01/$0.02 USD) - 2021/07/01 4:07:43 PT [2021/07/01 7:07:43 ET]
Table 'Amanda II' 9-max Seat #4 is the button
Seat 1: NarkGM ($2.11 in chips) 
Seat 2: ded_y1917 ($0.97 in chips) 
Seat 4: Dorex2007 ($2.07 in chips) 
Seat 5: kela1102 ($2.27 in chips) 
Seat 6: frosa9397 ($1.90 in chips) 
Seat 7: lnxea ($1.99 in chips) 
Seat 8: Larionov64 ($1.60 in chips) 
Seat 9: alexouk80 ($1.62 in chips) 
kela1102: posts small blind $0.01
frosa9397: posts big blind $0.02
*** HOLE CARDS ***
Dealt to Dorex2007 [5s Ah]
lnxea: folds 
Larionov64: folds 
alexouk80: folds 
NarkGM: folds 
ded_y1917: folds 
Dorex2007: folds 
kela1102: folds 
Uncalled bet ($0.01) returned to frosa9397
frosa9397 collected $0.02 from pot
frosa9397: doesn't show hand 
*** SUMMARY ***
Total pot $0.02 | Rake $0 
Seat 1: NarkGM folded before Flop (didn't bet)
Seat 2: ded_y1917 folded before Flop (didn't bet)
Seat 4: Dorex2007 (button) folded before Flop (didn't bet)
Seat 5: kela1102 (small blind) folded before Flop
Seat 6: frosa9397 (big blind) collected ($0.02)
Seat 7: lnxea folded before Flop (didn't bet)
Seat 8: Larionov64 folded before Flop (didn't bet)
Seat 9: alexouk80 folded before Flop (didn't bet)



PokerStars Hand #227972980910:  Hold'em No Limit ($0.01/$0.02 USD) - 2021/07/01 4:08:04 PT [2021/07/01 7:08:04 ET]
Table 'Amanda II' 9-max Seat #5 is the button
Seat 1: NarkGM ($2.11 in chips) 
Seat 2: ded_y1917 ($0.97 in chips) 
Seat 4: Dorex2007 ($2.07 in chips) 
Seat 5: kela1102 ($2.26 in chips) 
Seat 6: frosa9397 ($1.91 in chips) 
Seat 7: lnxea ($1.99 in chips) 
Seat 8: Larionov64 ($1.60 in chips) 
Seat 9: alexouk80 ($1.62 in chips) 
frosa9397: posts small blind $0.01
lnxea: posts big blind $0.02
*** HOLE CARDS ***
Dealt to Dorex2007 [3c 2h]
Larionov64: folds 
alexouk80: folds 
NarkGM: raises $0.02 to $0.04
ded_y1917: calls $0.04
Dorex2007: folds 
RodStormm joins the table at seat #3 
kela1102: folds 
frosa9397: folds 
lnxea: folds 
*** FLOP *** [6h Kh Ah]
NarkGM: checks 
ded_y1917: bets $0.06
NarkGM: calls $0.06
*** TURN *** [6h Kh Ah] [Kd]
NarkGM: checks 
ded_y1917: bets $0.15
NarkGM: raises $1.86 to $2.01 and is all-in
ded_y1917: calls $0.72 and is all-in
Uncalled bet ($1.14) returned to NarkGM
*** RIVER *** [6h Kh Ah Kd] [Jh]
*** SHOW DOWN ***
NarkGM: shows [Ts Qc] (a straight, Ten to Ace)
ded_y1917: shows [Kc Qs] (three of a kind, Kings)
NarkGM collected $1.90 from pot
*** SUMMARY ***
Total pot $1.97 | Rake $0.07 
Board [6h Kh Ah Kd Jh]
Seat 1: NarkGM showed [Ts Qc] and won ($1.90) with a straight, Ten to Ace
Seat 2: ded_y1917 showed [Kc Qs] and lost with three of a kind, Kings
Seat 4: Dorex2007 folded before Flop (didn't bet)
Seat 5: kela1102 (button) folded before Flop (didn't bet)
Seat 6: frosa9397 (small blind) folded before Flop
Seat 7: lnxea (big blind) folded before Flop
Seat 8: Larionov64 folded before Flop (didn't bet)
Seat 9: alexouk80 folded before Flop (didn't bet)



PokerStars Hand #227972990435:  Hold'em No Limit ($0.01/$0.02 USD) - 2021/07/01 4:08:51 PT [2021/07/01 7:08:51 ET]
Table 'Amanda II' 9-max Seat #6 is the button
Seat 1: NarkGM ($3.04 in chips) 
Seat 4: Dorex2007 ($2.07 in chips) 
Seat 5: kela1102 ($2.26 in chips) 
Seat 6: frosa9397 ($1.90 in chips) 
Seat 7: lnxea ($1.97 in chips) 
Seat 8: Larionov64 ($1.60 in chips) 
Seat 9: alexouk80 ($1.62 in chips) 
lnxea: posts small blind $0.01
Larionov64: posts big blind $0.02
RodStormm: sits out 
*** HOLE CARDS ***
Dealt to Dorex2007 [7c Jd]
alexouk80: folds 
NarkGM: folds 
Dorex2007: folds 
kela1102: folds 
frosa9397: folds 
lnxea: folds 
Uncalled bet ($0.01) returned to Larionov64
Larionov64 collected $0.02 from pot
Larionov64: doesn't show hand 
*** SUMMARY ***
Total pot $0.02 | Rake $0 
Seat 1: NarkGM folded before Flop (didn't bet)
Seat 4: Dorex2007 folded before Flop (didn't bet)
Seat 5: kela1102 folded before Flop (didn't bet)
Seat 6: frosa9397 (button) folded before Flop (didn't bet)
Seat 7: lnxea (small blind) folded before Flop
Seat 8: Larionov64 (big blind) collected ($0.02)
Seat 9: alexouk80 folded before Flop (didn't bet)



PokerStars Hand #227972995578:  Hold'em No Limit ($0.01/$0.02 USD) - 2021/07/01 4:09:17 PT [2021/07/01 7:09:17 ET]
Table 'Amanda II' 9-max Seat #7 is the button
Seat 1: NarkGM ($3.04 in chips) 
Seat 2: ded_y1917 ($0.80 in chips) 
Seat 4: Dorex2007 ($2.07 in chips) 
Seat 5: kela1102 ($2.26 in chips) 
Seat 6: frosa9397 ($1.90 in chips) 
Seat 7: lnxea ($1.96 in chips) 
Seat 8: Larionov64 ($1.61 in chips) 
Seat 9: alexouk80 ($1.62 in chips) 
Larionov64: posts small blind $0.01
alexouk80: posts big blind $0.02
RodStormm: sits out 
*** HOLE CARDS ***
Dealt to Dorex2007 [Jd Tc]
NarkGM: calls $0.02
ded_y1917: folds 
Dorex2007: folds 
kela1102: folds 
frosa9397: calls $0.02
lnxea: folds 
Larionov64: calls $0.01
alexouk80: checks 
*** FLOP *** [9h 8d 2d]
Larionov64: checks 
alexouk80: bets $0.04
NarkGM: calls $0.04
frosa9397: calls $0.04
Larionov64: folds 
*** TURN *** [9h 8d 2d] [4d]
alexouk80: bets $0.10
NarkGM: calls $0.10
frosa9397: folds 
*** RIVER *** [9h 8d 2d 4d] [3s]
alexouk80: bets $0.26
NarkGM: calls $0.26
*** SHOW DOWN ***
alexouk80: shows [3d 6d] (a flush, Eight high)
NarkGM: mucks hand 
alexouk80 collected $0.89 from pot
*** SUMMARY ***
Total pot $0.92 | Rake $0.03 
Board [9h 8d 2d 4d 3s]
Seat 1: NarkGM mucked [9d Ts]
Seat 2: ded_y1917 folded before Flop (didn't bet)
Seat 4: Dorex2007 folded before Flop (didn't bet)
Seat 5: kela1102 folded before Flop (didn't bet)
Seat 6: frosa9397 folded on the Turn
Seat 7: lnxea (button) folded before Flop (didn't bet)
Seat 8: Larionov64 (small blind) folded on the Flop
Seat 9: alexouk80 (big blind) showed [3d 6d] and won ($0.89) with a flush, Eight high



PokerStars Hand #227973013572:  Hold'em No Limit ($0.01/$0.02 USD) - 2021/07/01 4:10:46 PT [2021/07/01 7:10:46 ET]
Table 'Amanda II' 9-max Seat #8 is the button
Seat 1: NarkGM ($2.62 in chips) 
Seat 2: ded_y1917 ($0.80 in chips) 
Seat 4: Dorex2007 ($2.07 in chips) 
Seat 5: kela1102 ($2.26 in chips) 
Seat 6: frosa9397 ($1.84 in chips) 
Seat 7: lnxea ($1.96 in chips) 
Seat 8: Larionov64 ($1.59 in chips) 
Seat 9: alexouk80 ($2.09 in chips) 
alexouk80: posts small blind $0.01
NarkGM: posts big blind $0.02
RodStormm: sits out 
*** HOLE CARDS ***
Dealt to Dorex2007 [7c Qd]
ded_y1917: folds 
Dorex2007: folds 
kela1102: folds 
frosa9397: folds 
lnxea: folds 
Larionov64: raises $0.04 to $0.06
alexouk80: folds 
NarkGM: folds 
Uncalled bet ($0.04) returned to Larionov64
Larionov64 collected $0.05 from pot
Larionov64: doesn't show hand 
*** SUMMARY ***
Total pot $0.05 | Rake $0 
Seat 1: NarkGM (big blind) folded before Flop
Seat 2: ded_y1917 folded before Flop (didn't bet)
Seat 4: Dorex2007 folded before Flop (didn't bet)
Seat 5: kela1102 folded before Flop (didn't bet)
Seat 6: frosa9397 folded before Flop (didn't bet)
Seat 7: lnxea folded before Flop (didn't bet)
Seat 8: Larionov64 (button) collected ($0.05)
Seat 9: alexouk80 (small blind) folded before Flop



PokerStars Hand #227973019237:  Hold'em No Limit ($0.01/$0.02 USD) - 2021/07/01 4:11:14 PT [2021/07/01 7:11:14 ET]
Table 'Amanda II' 9-max Seat #9 is the button
Seat 1: NarkGM ($2.60 in chips) 
Seat 2: ded_y1917 ($0.80 in chips) 
Seat 4: Dorex2007 ($2.07 in chips) 
Seat 5: kela1102 ($2.26 in chips) 
Seat 6: frosa9397 ($1.84 in chips) 
Seat 7: lnxea ($1.96 in chips) 
Seat 8: Larionov64 ($1.62 in chips) 
Seat 9: alexouk80 ($2.08 in chips) 
NarkGM: posts small blind $0.01
ded_y1917: posts big blind $0.02
RodStormm: sits out 
*** HOLE CARDS ***
Dealt to Dorex2007 [Qs Kh]
Dorex2007: raises $0.02 to $0.04
kela1102: folds 
frosa9397: folds 
lnxea: folds 
Larionov64: folds 
alexouk80: folds 
NarkGM: calls $0.03
ded_y1917: folds 
*** FLOP *** [2d Qd Ah]
NarkGM: checks 
Dorex2007: checks 
*** TURN *** [2d Qd Ah] [8d]
NarkGM: checks 
Dorex2007: bets $0.05
NarkGM: folds 
Uncalled bet ($0.05) returned to Dorex2007
Dorex2007 collected $0.10 from pot
Dorex2007: doesn't show hand 
*** SUMMARY ***
Total pot $0.10 | Rake $0 
Board [2d Qd Ah 8d]
Seat 1: NarkGM (small blind) folded on the Turn
Seat 2: ded_y1917 (big blind) folded before Flop
Seat 4: Dorex2007 collected ($0.10)
Seat 5: kela1102 folded before Flop (didn't bet)
Seat 6: frosa9397 folded before Flop (didn't bet)
Seat 7: lnxea folded before Flop (didn't bet)
Seat 8: Larionov64 folded before Flop (didn't bet)
Seat 9: alexouk80 (button) folded before Flop (didn't bet)



PokerStars Hand #227973028924:  Hold'em No Limit ($0.01/$0.02 USD) - 2021/07/01 4:12:02 PT [2021/07/01 7:12:02 ET]
Table 'Amanda II' 9-max Seat #1 is the button
Seat 1: NarkGM ($2.56 in chips) 
Seat 2: ded_y1917 ($0.78 in chips) 
Seat 3: RodStormm ($2 in chips) 
Seat 4: Dorex2007 ($2.13 in chips) 
Seat 5: kela1102 ($2.26 in chips) 
Seat 6: frosa9397 ($1.84 in chips) 
Seat 7: lnxea ($1.96 in chips) 
Seat 8: Larionov64 ($1.62 in chips) 
Seat 9: alexouk80 ($2.08 in chips) 
ded_y1917: posts small blind $0.01
RodStormm: posts big blind $0.02
*** HOLE CARDS ***
Dealt to Dorex2007 [7h Jh]
Dorex2007: folds 
kela1102: folds 
frosa9397: calls $0.02
lnxea: folds 
Larionov64: folds 
alexouk80: folds 
NarkGM: folds 
ded_y1917: calls $0.01
RodStormm: checks 
*** FLOP *** [7s 2h 6c]
ded_y1917: checks 
RodStormm: checks 
frosa9397: checks 
*** TURN *** [7s 2h 6c] [3s]
ded_y1917: checks 
RodStormm: checks 
frosa9397: checks 
*** RIVER *** [7s 2h 6c 3s] [Kd]
ded_y1917: bets $0.03
RodStormm: calls $0.03
frosa9397: folds 
*** SHOW DOWN ***
ded_y1917: shows [Kc Ts] (a pair of Kings)
RodStormm: mucks hand 
ded_y1917 collected $0.12 from pot
*** SUMMARY ***
Total pot $0.12 | Rake $0 
Board [7s 2h 6c 3s Kd]
Seat 1: NarkGM (button) folded before Flop (didn't bet)
Seat 2: ded_y1917 (small blind) showed [Kc Ts] and won ($0.12) with a pair of Kings
Seat 3: RodStormm (big blind) mucked [7d 4c]
Seat 4: Dorex2007 folded before Flop (didn't bet)
Seat 5: kela1102 folded before Flop (didn't bet)
Seat 6: frosa9397 folded on the River
Seat 7: lnxea folded before Flop (didn't bet)
Seat 8: Larionov64 folded before Flop (didn't bet)
Seat 9: alexouk80 folded before Flop (didn't bet)



PokerStars Hand #227973041242:  Hold'em No Limit ($0.01/$0.02 USD) - 2021/07/01 4:13:03 PT [2021/07/01 7:13:03 ET]
Table 'Amanda II' 9-max Seat #2 is the button
Seat 1: NarkGM ($2.56 in chips) 
Seat 2: ded_y1917 ($0.85 in chips) 
Seat 3: RodStormm ($1.95 in chips) 
Seat 4: Dorex2007 ($2.13 in chips) 
Seat 5: kela1102 ($2.26 in chips) 
Seat 6: frosa9397 ($1.82 in chips) 
Seat 7: lnxea ($1.96 in chips) 
Seat 8: Larionov64 ($1.62 in chips) 
Seat 9: alexouk80 ($2.08 in chips) 
RodStormm: posts small blind $0.01
Dorex2007: posts big blind $0.02
*** HOLE CARDS ***
Dealt to Dorex2007 [2h 7s]
kela1102: folds 
frosa9397: calls $0.02
lnxea: folds 
Larionov64: folds 
alexouk80: folds 
NarkGM: calls $0.02
ded_y1917: folds 
RodStormm: folds 
Dorex2007: checks 
*** FLOP *** [Kh Ah 8s]
Dorex2007: checks 
frosa9397: checks 
NarkGM: bets $0.07
Dorex2007: folds 
frosa9397: folds 
Uncalled bet ($0.07) returned to NarkGM
NarkGM collected $0.07 from pot
NarkGM: doesn't show hand 
*** SUMMARY ***
Total pot $0.07 | Rake $0 
Board [Kh Ah 8s]
Seat 1: NarkGM collected ($0.07)
Seat 2: ded_y1917 (button) folded before Flop (didn't bet)
Seat 3: RodStormm (small blind) folded before Flop
Seat 4: Dorex2007 (big blind) folded on the Flop
Seat 5: kela1102 folded before Flop (didn't bet)
Seat 6: frosa9397 folded on the Flop
Seat 7: lnxea folded before Flop (didn't bet)
Seat 8: Larionov64 folded before Flop (didn't bet)
Seat 9: alexouk80 folded before Flop (didn't bet)



PokerStars Hand #227973051123:  Hold'em No Limit ($0.01/$0.02 USD) - 2021/07/01 4:13:51 PT [2021/07/01 7:13:51 ET]
Table 'Amanda II' 9-max Seat #3 is the button
Seat 1: NarkGM ($2.61 in chips) 
Seat 2: ded_y1917 ($0.85 in chips) 
Seat 3: RodStormm ($1.94 in chips) 
Seat 4: Dorex2007 ($2.11 in chips) 
Seat 5: kela1102 ($2.26 in chips) 
Seat 6: frosa9397 ($1.80 in chips) 
Seat 7: lnxea ($1.96 in chips) 
Seat 8: Larionov64 ($1.62 in chips) 
Seat 9: alexouk80 ($2.08 in chips) 
Dorex2007: posts small blind $0.01
kela1102: posts big blind $0.02
*** HOLE CARDS ***
Dealt to Dorex2007 [2s Qs]
frosa9397: calls $0.02
lnxea: folds 
Larionov64: folds 
alexouk80: folds 
NarkGM: folds 
ded_y1917: folds 
RodStormm: folds 
Dorex2007: calls $0.01
kela1102: checks 
*** FLOP *** [4h Kc 9h]
Dorex2007: checks 
kela1102: checks 
frosa9397: checks 
*** TURN *** [4h Kc 9h] [4d]
Dorex2007: checks 
kela1102: bets $0.04
frosa9397: folds 
Dorex2007: folds 
Uncalled bet ($0.04) returned to kela1102
kela1102 collected $0.06 from pot
kela1102: doesn't show hand 
*** SUMMARY ***
Total pot $0.06 | Rake $0 
Board [4h Kc 9h 4d]
Seat 1: NarkGM folded before Flop (didn't bet)
Seat 2: ded_y1917 folded before Flop (didn't bet)
Seat 3: RodStormm (button) folded before Flop (didn't bet)
Seat 4: Dorex2007 (small blind) folded on the Turn
Seat 5: kela1102 (big blind) collected ($0.06)
Seat 6: frosa9397 folded on the Turn
Seat 7: lnxea folded before Flop (didn't bet)
Seat 8: Larionov64 folded before Flop (didn't bet)
Seat 9: alexouk80 folded before Flop (didn't bet)



PokerStars Hand #227973064715:  Hold'em No Limit ($0.01/$0.02 USD) - 2021/07/01 4:14:59 PT [2021/07/01 7:14:59 ET]
Table 'Amanda II' 9-max Seat #4 is the button
Seat 1: NarkGM ($2.61 in chips) 
Seat 2: ded_y1917 ($0.85 in chips) 
Seat 3: RodStormm ($1.94 in chips) 
Seat 4: Dorex2007 ($2.09 in chips) 
Seat 5: kela1102 ($2.30 in chips) 
Seat 6: frosa9397 ($1.78 in chips) 
Seat 7: lnxea ($1.96 in chips) 
Seat 8: Larionov64 ($1.62 in chips) 
Seat 9: alexouk80 ($2.08 in chips) 
kela1102: posts small blind $0.01
frosa9397: posts big blind $0.02
*** HOLE CARDS ***
Dealt to Dorex2007 [2s 9h]
lnxea: folds 
Larionov64: folds 
alexouk80: folds 
NarkGM: folds 
ded_y1917: folds 
RodStormm: folds 
Dorex2007: folds 
kela1102: calls $0.01
frosa9397: checks 
*** FLOP *** [Qh 5h 3h]
kela1102: checks 
frosa9397: checks 
*** TURN *** [Qh 5h 3h] [Qd]
kela1102: checks 
NarkGM is disconnected 
frosa9397: bets $0.02
kela1102: folds 
Uncalled bet ($0.02) returned to frosa9397
frosa9397 collected $0.04 from pot
frosa9397: doesn't show hand 
*** SUMMARY ***
Total pot $0.04 | Rake $0 
Board [Qh 5h 3h Qd]
Seat 1: NarkGM folded before Flop (didn't bet)
Seat 2: ded_y1917 folded before Flop (didn't bet)
Seat 3: RodStormm folded before Flop (didn't bet)
Seat 4: Dorex2007 (button) folded before Flop (didn't bet)
Seat 5: kela1102 (small blind) folded on the Turn
Seat 6: frosa9397 (big blind) collected ($0.04)
Seat 7: lnxea folded before Flop (didn't bet)
Seat 8: Larionov64 folded before Flop (didn't bet)
Seat 9: alexouk80 folded before Flop (didn't bet)



PokerStars Hand #227973077296:  Hold'em No Limit ($0.01/$0.02 USD) - 2021/07/01 4:16:00 PT [2021/07/01 7:16:00 ET]
Table 'Amanda II' 9-max Seat #5 is the button
Seat 1: NarkGM ($2.61 in chips) 
Seat 2: ded_y1917 ($0.85 in chips) 
Seat 3: RodStormm ($1.94 in chips) 
Seat 4: Dorex2007 ($2.09 in chips) 
Seat 5: kela1102 ($2.28 in chips) 
Seat 6: frosa9397 ($1.80 in chips) 
Seat 7: lnxea ($1.96 in chips) 
Seat 8: Larionov64 ($1.62 in chips) 
Seat 9: alexouk80 ($2.08 in chips) 
frosa9397: posts small blind $0.01
lnxea: posts big blind $0.02
*** HOLE CARDS ***
Dealt to Dorex2007 [2d Jc]
Larionov64: folds 
alexouk80: folds 
NarkGM has timed out while disconnected
NarkGM: folds 
ded_y1917: folds 
RodStormm: folds 
Dorex2007: folds 
kela1102: folds 
frosa9397: calls $0.01
lnxea: checks 
*** FLOP *** [7c Kc 9h]
frosa9397: checks 
lnxea: checks 
*** TURN *** [7c Kc 9h] [7h]
frosa9397: checks 
lnxea: checks 
*** RIVER *** [7c Kc 9h 7h] [7d]
frosa9397: checks 
lnxea: checks 
*** SHOW DOWN ***
frosa9397: shows [8s Js] (three of a kind, Sevens)
lnxea: shows [Th Ad] (three of a kind, Sevens - Ace kicker)
lnxea collected $0.04 from pot
*** SUMMARY ***
Total pot $0.04 | Rake $0 
Board [7c Kc 9h 7h 7d]
Seat 1: NarkGM folded before Flop (didn't bet)
Seat 2: ded_y1917 folded before Flop (didn't bet)
Seat 3: RodStormm folded before Flop (didn't bet)
Seat 4: Dorex2007 folded before Flop (didn't bet)
Seat 5: kela1102 (button) folded before Flop (didn't bet)
Seat 6: frosa9397 (small blind) showed [8s Js] and lost with three of a kind, Sevens
Seat 7: lnxea (big blind) showed [Th Ad] and won ($0.04) with three of a kind, Sevens
Seat 8: Larionov64 folded before Flop (didn't bet)
Seat 9: alexouk80 folded before Flop (didn't bet)



PokerStars Hand #227973090543:  Hold'em No Limit ($0.01/$0.02 USD) - 2021/07/01 4:17:03 PT [2021/07/01 7:17:03 ET]
Table 'Amanda II' 9-max Seat #6 is the button
Seat 2: ded_y1917 ($0.85 in chips) 
Seat 3: RodStormm ($1.94 in chips) 
Seat 4: Dorex2007 ($2.09 in chips) 
Seat 5: kela1102 ($2.28 in chips) 
Seat 6: frosa9397 ($1.78 in chips) 
Seat 7: lnxea ($1.98 in chips) 
Seat 8: Larionov64 ($1.62 in chips) 
Seat 9: alexouk80 ($2.08 in chips) 
lnxea: posts small blind $0.01
Larionov64: posts big blind $0.02
*** HOLE CARDS ***
Dealt to Dorex2007 [Qd Td]
alexouk80: folds 
ded_y1917: folds 
RodStormm: folds 
Dorex2007: calls $0.02
kela1102: folds 
frosa9397: folds 
lnxea: folds 
Larionov64: raises $0.06 to $0.08
Dorex2007: folds 
Uncalled bet ($0.06) returned to Larionov64
Larionov64 collected $0.05 from pot
Larionov64: doesn't show hand 
*** SUMMARY ***
Total pot $0.05 | Rake $0 
Seat 2: ded_y1917 folded before Flop (didn't bet)
Seat 3: RodStormm folded before Flop (didn't bet)
Seat 4: Dorex2007 folded before Flop
Seat 5: kela1102 folded before Flop (didn't bet)
Seat 6: frosa9397 (button) folded before Flop (didn't bet)
Seat 7: lnxea (small blind) folded before Flop
Seat 8: Larionov64 (big blind) collected ($0.05)
Seat 9: alexouk80 folded before Flop (didn't bet)



PokerStars Hand #227973097168:  Hold'em No Limit ($0.01/$0.02 USD) - 2021/07/01 4:17:35 PT [2021/07/01 7:17:35 ET]
Table 'Amanda II' 9-max Seat #7 is the button
Seat 2: ded_y1917 ($0.85 in chips) 
Seat 3: RodStormm ($1.94 in chips) 
Seat 4: Dorex2007 ($2.07 in chips) 
Seat 5: kela1102 ($2.28 in chips) 
Seat 6: frosa9397 ($1.78 in chips) 
Seat 7: lnxea ($1.97 in chips) 
Seat 8: Larionov64 ($1.65 in chips) 
Seat 9: alexouk80 ($2.08 in chips) 
Larionov64: posts small blind $0.01
alexouk80: posts big blind $0.02
*** HOLE CARDS ***
Dealt to Dorex2007 [Jh 2s]
ded_y1917: raises $0.04 to $0.06
RodStormm: folds 
Dorex2007: folds 
kela1102: folds 
frosa9397: calls $0.06
lnxea: folds 
Larionov64: folds 
alexouk80: folds 
*** FLOP *** [7c 3c Js]
ded_y1917: bets $0.09
frosa9397: folds 
Uncalled bet ($0.09) returned to ded_y1917
ded_y1917 collected $0.14 from pot
*** SUMMARY ***
Total pot $0.15 | Rake $0.01 
Board [7c 3c Js]
Seat 2: ded_y1917 collected ($0.14)
Seat 3: RodStormm folded before Flop (didn't bet)
Seat 4: Dorex2007 folded before Flop (didn't bet)
Seat 5: kela1102 folded before Flop (didn't bet)
Seat 6: frosa9397 folded on the Flop
Seat 7: lnxea (button) folded before Flop (didn't bet)
Seat 8: Larionov64 (small blind) folded before Flop
Seat 9: alexouk80 (big blind) folded before Flop



PokerStars Hand #227973104147:  Hold'em No Limit ($0.01/$0.02 USD) - 2021/07/01 4:18:09 PT [2021/07/01 7:18:09 ET]
Table 'Amanda II' 9-max Seat #8 is the button
Seat 1: NarkGM ($2.61 in chips) 
Seat 2: ded_y1917 ($0.93 in chips) 
Seat 3: RodStormm ($1.94 in chips) 
Seat 4: Dorex2007 ($2.07 in chips) 
Seat 5: kela1102 ($2.28 in chips) 
Seat 6: frosa9397 ($1.72 in chips) 
Seat 7: lnxea ($1.97 in chips) 
Seat 8: Larionov64 ($1.64 in chips) 
Seat 9: alexouk80 ($2.06 in chips) 
alexouk80: posts small blind $0.01
NarkGM: posts big blind $0.02
*** HOLE CARDS ***
Dealt to Dorex2007 [8s 8d]
ded_y1917: folds 
RodStormm: folds 
Dorex2007: raises $0.02 to $0.04
kela1102: folds 
frosa9397: folds 
lnxea: folds 
Larionov64: folds 
alexouk80: folds 
NarkGM: folds 
Uncalled bet ($0.02) returned to Dorex2007
Dorex2007 collected $0.05 from pot
Dorex2007: doesn't show hand 
*** SUMMARY ***
Total pot $0.05 | Rake $0 
Seat 1: NarkGM (big blind) folded before Flop
Seat 2: ded_y1917 folded before Flop (didn't bet)
Seat 3: RodStormm folded before Flop (didn't bet)
Seat 4: Dorex2007 collected ($0.05)
Seat 5: kela1102 folded before Flop (didn't bet)
Seat 6: frosa9397 folded before Flop (didn't bet)
Seat 7: lnxea folded before Flop (didn't bet)
Seat 8: Larionov64 (button) folded before Flop (didn't bet)
Seat 9: alexouk80 (small blind) folded before Flop



PokerStars Hand #227973109982:  Hold'em No Limit ($0.01/$0.02 USD) - 2021/07/01 4:18:38 PT [2021/07/01 7:18:38 ET]
Table 'Amanda II' 9-max Seat #9 is the button
Seat 1: NarkGM ($2.59 in chips) 
Seat 2: ded_y1917 ($0.93 in chips) 
Seat 3: RodStormm ($1.94 in chips) 
Seat 4: Dorex2007 ($2.10 in chips) 
Seat 5: kela1102 ($2.28 in chips) 
Seat 6: frosa9397 ($1.72 in chips) 
Seat 7: lnxea ($1.97 in chips) 
Seat 8: Larionov64 ($1.64 in chips) 
Seat 9: alexouk80 ($2.05 in chips) 
NarkGM: posts small blind $0.01
ded_y1917: posts big blind $0.02
*** HOLE CARDS ***
Dealt to Dorex2007 [5d 3h]
RodStormm: folds 
Dorex2007: folds 
kela1102: folds 
frosa9397: calls $0.02
lnxea: folds 
Larionov64: calls $0.02
alexouk80: raises $0.04 to $0.06
NarkGM: calls $0.05
ded_y1917: calls $0.04
frosa9397: folds 
Larionov64: calls $0.04
*** FLOP *** [8c 7d Kh]
NarkGM: checks 
ded_y1917: checks 
Larionov64: checks 
alexouk80: bets $0.13
NarkGM: calls $0.13
ded_y1917: folds 
Larionov64: folds 
*** TURN *** [8c 7d Kh] [Qs]
NarkGM: checks 
alexouk80: checks 
*** RIVER *** [8c 7d Kh Qs] [9d]
NarkGM: checks 
alexouk80: checks 
*** SHOW DOWN ***
NarkGM: shows [8s Ah] (a pair of Eights)
alexouk80: mucks hand 
NarkGM collected $0.50 from pot
*** SUMMARY ***
Total pot $0.52 | Rake $0.02 
Board [8c 7d Kh Qs 9d]
Seat 1: NarkGM (small blind) showed [8s Ah] and won ($0.50) with a pair of Eights
Seat 2: ded_y1917 (big blind) folded on the Flop
Seat 3: RodStormm folded before Flop (didn't bet)
Seat 4: Dorex2007 folded before Flop (didn't bet)
Seat 5: kela1102 folded before Flop (didn't bet)
Seat 6: frosa9397 folded before Flop
Seat 7: lnxea folded before Flop (didn't bet)
Seat 8: Larionov64 folded on the Flop
Seat 9: alexouk80 (button) mucked [Ad Jd]



PokerStars Hand #227973126936:  Hold'em No Limit ($0.01/$0.02 USD) - 2021/07/01 4:20:00 PT [2021/07/01 7:20:00 ET]
Table 'Amanda II' 9-max Seat #1 is the button
Seat 1: NarkGM ($2.90 in chips) 
Seat 2: ded_y1917 ($0.87 in chips) 
Seat 3: RodStormm ($1.94 in chips) 
Seat 4: Dorex2007 ($2.10 in chips) 
Seat 5: kela1102 ($2.28 in chips) 
Seat 6: frosa9397 ($1.70 in chips) 
Seat 7: lnxea ($1.97 in chips) 
Seat 8: Larionov64 ($1.58 in chips) 
Seat 9: alexouk80 ($1.86 in chips) 
ded_y1917: posts small blind $0.01
RodStormm: posts big blind $0.02
*** HOLE CARDS ***
Dealt to Dorex2007 [Jh 5d]
Dorex2007: folds 
kela1102: folds 
frosa9397: folds 
lnxea: raises $0.05 to $0.07
Larionov64: folds 
alexouk80: folds 
NarkGM: folds 
ded_y1917: folds 
RodStormm: folds 
Uncalled bet ($0.05) returned to lnxea
lnxea collected $0.05 from pot
lnxea: doesn't show hand 
*** SUMMARY ***
Total pot $0.05 | Rake $0 
Seat 1: NarkGM (button) folded before Flop (didn't bet)
Seat 2: ded_y1917 (small blind) folded before Flop
Seat 3: RodStormm (big blind) folded before Flop
Seat 4: Dorex2007 folded before Flop (didn't bet)
Seat 5: kela1102 folded before Flop (didn't bet)
Seat 6: frosa9397 folded before Flop (didn't bet)
Seat 7: lnxea collected ($0.05)
Seat 8: Larionov64 folded before Flop (didn't bet)
Seat 9: alexouk80 folded before Flop (didn't bet)



PokerStars Hand #227973133538:  Hold'em No Limit ($0.01/$0.02 USD) - 2021/07/01 4:20:32 PT [2021/07/01 7:20:32 ET]
Table 'Amanda II' 9-max Seat #2 is the button
Seat 1: NarkGM ($2.90 in chips) 
Seat 2: ded_y1917 ($0.86 in chips) 
Seat 3: RodStormm ($1.92 in chips) 
Seat 4: Dorex2007 ($2.10 in chips) 
Seat 5: kela1102 ($2.28 in chips) 
Seat 6: frosa9397 ($1.70 in chips) 
Seat 7: lnxea ($2 in chips) 
Seat 8: Larionov64 ($1.58 in chips) 
Seat 9: alexouk80 ($1.86 in chips) 
RodStormm: posts small blind $0.01
Dorex2007: posts big blind $0.02
*** HOLE CARDS ***
Dealt to Dorex2007 [Tc 4h]
kela1102: folds 
frosa9397: raises $0.02 to $0.04
lnxea: folds 
Larionov64: folds 
alexouk80: folds 
NarkGM: folds 
ded_y1917: folds 
RodStormm: folds 
Dorex2007: folds 
Uncalled bet ($0.02) returned to frosa9397
frosa9397 collected $0.05 from pot
frosa9397: doesn't show hand 
*** SUMMARY ***
Total pot $0.05 | Rake $0 
Seat 1: NarkGM folded before Flop (didn't bet)
Seat 2: ded_y1917 (button) folded before Flop (didn't bet)
Seat 3: RodStormm (small blind) folded before Flop
Seat 4: Dorex2007 (big blind) folded before Flop
Seat 5: kela1102 folded before Flop (didn't bet)
Seat 6: frosa9397 collected ($0.05)
Seat 7: lnxea folded before Flop (didn't bet)
Seat 8: Larionov64 folded before Flop (didn't bet)
Seat 9: alexouk80 folded before Flop (didn't bet)



PokerStars Hand #227973141914:  Hold'em No Limit ($0.01/$0.02 USD) - 2021/07/01 4:21:12 PT [2021/07/01 7:21:12 ET]
Table 'Amanda II' 9-max Seat #3 is the button
Seat 1: NarkGM ($2.90 in chips) 
Seat 2: ded_y1917 ($0.86 in chips) 
Seat 3: RodStormm ($1.91 in chips) 
Seat 4: Dorex2007 ($2.08 in chips) 
Seat 6: frosa9397 ($1.73 in chips) 
Seat 7: lnxea ($2 in chips) 
Seat 8: Larionov64 ($1.58 in chips) 
Seat 9: alexouk80 ($1.86 in chips) 
Dorex2007: posts small blind $0.01
frosa9397: posts big blind $0.02
*** HOLE CARDS ***
Dealt to Dorex2007 [Ad 2d]
lnxea: folds 
Larionov64: folds 
alexouk80: folds 
NarkGM: folds 
ded_y1917: folds 
RodStormm: raises $0.02 to $0.04
Dorex2007: calls $0.03
frosa9397: raises $0.02 to $0.06
RodStormm: calls $0.02
Dorex2007: calls $0.02
*** FLOP *** [3d 4c 7d]
Dorex2007: checks 
frosa9397: bets $0.08
RodStormm: folds 
Dorex2007: calls $0.08
*** TURN *** [3d 4c 7d] [8d]
Dorex2007: checks 
frosa9397: bets $0.16
Dorex2007: calls $0.16
*** RIVER *** [3d 4c 7d 8d] [As]
Dorex2007: bets $0.43
frosa9397: folds 
Uncalled bet ($0.43) returned to Dorex2007
Dorex2007 collected $0.64 from pot
Dorex2007: doesn't show hand 
*** SUMMARY ***
Total pot $0.66 | Rake $0.02 
Board [3d 4c 7d 8d As]
Seat 1: NarkGM folded before Flop (didn't bet)
Seat 2: ded_y1917 folded before Flop (didn't bet)
Seat 3: RodStormm (button) folded on the Flop
Seat 4: Dorex2007 (small blind) collected ($0.64)
Seat 6: frosa9397 (big blind) folded on the River
Seat 7: lnxea folded before Flop (didn't bet)
Seat 8: Larionov64 folded before Flop (didn't bet)
Seat 9: alexouk80 folded before Flop (didn't bet)



PokerStars Hand #227973159226:  Hold'em No Limit ($0.01/$0.02 USD) - 2021/07/01 4:22:35 PT [2021/07/01 7:22:35 ET]
Table 'Amanda II' 9-max Seat #4 is the button
Seat 1: NarkGM ($2.90 in chips) 
Seat 2: ded_y1917 ($0.86 in chips) 
Seat 3: RodStormm ($1.85 in chips) 
Seat 4: Dorex2007 ($2.42 in chips) 
Seat 6: frosa9397 ($1.43 in chips) 
Seat 7: lnxea ($2 in chips) 
Seat 8: Larionov64 ($1.58 in chips) 
Seat 9: alexouk80 ($1.86 in chips) 
frosa9397: posts small blind $0.01
lnxea: posts big blind $0.02
*** HOLE CARDS ***
Dealt to Dorex2007 [Qh Qs]
Larionov64: folds 
alexouk80: raises $0.04 to $0.06
NarkGM is disconnected 
NarkGM has timed out while disconnected
NarkGM: folds 
ded_y1917: folds 
RodStormm: folds 
Dorex2007: calls $0.06
frosa9397: folds 
lnxea: folds 
*** FLOP *** [Th Kh 4c]
alexouk80: checks 
Dorex2007: bets $0.07
alexouk80: folds 
Uncalled bet ($0.07) returned to Dorex2007
Dorex2007 collected $0.14 from pot
Dorex2007: doesn't show hand 
*** SUMMARY ***
Total pot $0.15 | Rake $0.01 
Board [Th Kh 4c]
Seat 1: NarkGM folded before Flop (didn't bet)
Seat 2: ded_y1917 folded before Flop (didn't bet)
Seat 3: RodStormm folded before Flop (didn't bet)
Seat 4: Dorex2007 (button) collected ($0.14)
Seat 6: frosa9397 (small blind) folded before Flop
Seat 7: lnxea (big blind) folded before Flop
Seat 8: Larionov64 folded before Flop (didn't bet)
Seat 9: alexouk80 folded on the Flop



PokerStars Hand #227973171881:  Hold'em No Limit ($0.01/$0.02 USD) - 2021/07/01 4:23:35 PT [2021/07/01 7:23:35 ET]
Table 'Amanda II' 9-max Seat #6 is the button
Seat 2: ded_y1917 ($0.86 in chips) 
Seat 3: RodStormm ($1.85 in chips) 
Seat 4: Dorex2007 ($2.50 in chips) 
Seat 6: frosa9397 ($1.42 in chips) 
Seat 7: lnxea ($1.98 in chips) 
Seat 8: Larionov64 ($1.58 in chips) 
Seat 9: alexouk80 ($1.80 in chips) 
lnxea: posts small blind $0.01
Larionov64: posts big blind $0.02
*** HOLE CARDS ***
Dealt to Dorex2007 [Jc 2c]
alexouk80: folds 
ded_y1917: folds 
RodStormm: folds 
Dorex2007: folds 
frosa9397: calls $0.02
lnxea: folds 
Larionov64: checks 
*** FLOP *** [9s Kc 8h]
Larionov64: checks 
frosa9397: checks 
*** TURN *** [9s Kc 8h] [8c]
Larionov64: bets $0.03
frosa9397: folds 
Uncalled bet ($0.03) returned to Larionov64
Larionov64 collected $0.05 from pot
Larionov64: doesn't show hand 
*** SUMMARY ***
Total pot $0.05 | Rake $0 
Board [9s Kc 8h 8c]
Seat 2: ded_y1917 folded before Flop (didn't bet)
Seat 3: RodStormm folded before Flop (didn't bet)
Seat 4: Dorex2007 folded before Flop (didn't bet)
Seat 6: frosa9397 (button) folded on the Turn
Seat 7: lnxea (small blind) folded before Flop
Seat 8: Larionov64 (big blind) collected ($0.05)
Seat 9: alexouk80 folded before Flop (didn't bet)



PokerStars Hand #227973180337:  Hold'em No Limit ($0.01/$0.02 USD) - 2021/07/01 4:24:16 PT [2021/07/01 7:24:16 ET]
Table 'Amanda II' 9-max Seat #7 is the button
Seat 1: NarkGM ($2.90 in chips) 
Seat 2: ded_y1917 ($0.86 in chips) 
Seat 3: RodStormm ($1.85 in chips) 
Seat 4: Dorex2007 ($2.50 in chips) 
Seat 6: frosa9397 ($1.40 in chips) 
Seat 7: lnxea ($1.97 in chips) 
Seat 8: Larionov64 ($1.61 in chips) 
Seat 9: alexouk80 ($1.80 in chips) 
Larionov64: posts small blind $0.01
alexouk80: posts big blind $0.02
*** HOLE CARDS ***
Dealt to Dorex2007 [Th 7d]
NarkGM: folds 
ded_y1917: raises $0.02 to $0.04
RodStormm: folds 
Dorex2007: folds 
frosa9397: calls $0.04
lnxea: folds 
Larionov64: folds 
alexouk80: calls $0.02
*** FLOP *** [3d Td 7c]
alexouk80: checks 
ded_y1917: checks 
frosa9397: checks 
*** TURN *** [3d Td 7c] [5s]
alexouk80: bets $0.09
ded_y1917: folds 
frosa9397: folds 
Uncalled bet ($0.09) returned to alexouk80
alexouk80 collected $0.13 from pot
*** SUMMARY ***
Total pot $0.13 | Rake $0 
Board [3d Td 7c 5s]
Seat 1: NarkGM folded before Flop (didn't bet)
Seat 2: ded_y1917 folded on the Turn
Seat 3: RodStormm folded before Flop (didn't bet)
Seat 4: Dorex2007 folded before Flop (didn't bet)
Seat 6: frosa9397 folded on the Turn
Seat 7: lnxea (button) folded before Flop (didn't bet)
Seat 8: Larionov64 (small blind) folded before Flop
Seat 9: alexouk80 (big blind) collected ($0.13)



PokerStars Hand #227973193396:  Hold'em No Limit ($0.01/$0.02 USD) - 2021/07/01 4:25:18 PT [2021/07/01 7:25:18 ET]
Table 'Amanda II' 9-max Seat #8 is the button
Seat 1: NarkGM ($2.90 in chips) 
Seat 2: ded_y1917 ($0.82 in chips) 
Seat 3: RodStormm ($1.85 in chips) 
Seat 4: Dorex2007 ($2.50 in chips) 
Seat 6: frosa9397 ($1.36 in chips) 
Seat 8: Larionov64 ($1.60 in chips) 
Seat 9: alexouk80 ($1.89 in chips) 
alexouk80: posts small blind $0.01
NarkGM: posts big blind $0.02
*** HOLE CARDS ***
Dealt to Dorex2007 [Ts Kc]
ded_y1917: calls $0.02
RodStormm: folds 
Dorex2007: folds 
frosa9397: folds 
Larionov64: folds 
alexouk80: folds 
NarkGM: raises $0.02 to $0.04
ded_y1917: calls $0.02
*** FLOP *** [Th Ad Td]
NarkGM: checks 
ded_y1917: bets $0.05
NarkGM: folds 
Uncalled bet ($0.05) returned to ded_y1917
ded_y1917 collected $0.09 from pot
*** SUMMARY ***
Total pot $0.09 | Rake $0 
Board [Th Ad Td]
Seat 1: NarkGM (big blind) folded on the Flop
Seat 2: ded_y1917 collected ($0.09)
Seat 3: RodStormm folded before Flop (didn't bet)
Seat 4: Dorex2007 folded before Flop (didn't bet)
Seat 6: frosa9397 folded before Flop (didn't bet)
Seat 8: Larionov64 (button) folded before Flop (didn't bet)
Seat 9: alexouk80 (small blind) folded before Flop



PokerStars Hand #227973200583:  Hold'em No Limit ($0.01/$0.02 USD) - 2021/07/01 4:25:53 PT [2021/07/01 7:25:53 ET]
Table 'Amanda II' 9-max Seat #9 is the button
Seat 1: NarkGM ($2.86 in chips) 
Seat 2: ded_y1917 ($0.87 in chips) 
Seat 3: RodStormm ($1.85 in chips) 
Seat 4: Dorex2007 ($2.50 in chips) 
Seat 6: frosa9397 ($1.36 in chips) 
Seat 8: Larionov64 ($1.60 in chips) 
Seat 9: alexouk80 ($1.88 in chips) 
NarkGM: posts small blind $0.01
ded_y1917: posts big blind $0.02
*** HOLE CARDS ***
Dealt to Dorex2007 [5d 5c]
RodStormm: folds 
Dorex2007: raises $0.02 to $0.04
frosa9397: folds 
Larionov64: folds 
alexouk80: folds 
NarkGM: folds 
ded_y1917: calls $0.02
*** FLOP *** [2d 4h 8h]
ded_y1917: bets $0.05
Dorex2007: calls $0.05
*** TURN *** [2d 4h 8h] [Th]
ded_y1917: checks 
Dorex2007: bets $0.09
ded_y1917: calls $0.09
*** RIVER *** [2d 4h 8h Th] [Qs]
ded_y1917: checks 
Dorex2007: bets $0.18
ded_y1917: folds 
Uncalled bet ($0.18) returned to Dorex2007
Dorex2007 collected $0.36 from pot
Dorex2007: doesn't show hand 
*** SUMMARY ***
Total pot $0.37 | Rake $0.01 
Board [2d 4h 8h Th Qs]
Seat 1: NarkGM (small blind) folded before Flop
Seat 2: ded_y1917 (big blind) folded on the River
Seat 3: RodStormm folded before Flop (didn't bet)
Seat 4: Dorex2007 collected ($0.36)
Seat 6: frosa9397 folded before Flop (didn't bet)
Seat 8: Larionov64 folded before Flop (didn't bet)
Seat 9: alexouk80 (button) folded before Flop (didn't bet)



PokerStars Hand #227973207971:  Hold'em No Limit ($0.01/$0.02 USD) - 2021/07/01 4:26:28 PT [2021/07/01 7:26:28 ET]
Table 'Amanda II' 9-max Seat #1 is the button
Seat 1: NarkGM ($2.85 in chips) 
Seat 2: ded_y1917 ($0.69 in chips) 
Seat 3: RodStormm ($1.85 in chips) 
Seat 4: Dorex2007 ($2.68 in chips) 
Seat 6: frosa9397 ($1.36 in chips) 
Seat 8: Larionov64 ($1.60 in chips) 
Seat 9: alexouk80 ($1.88 in chips) 
ded_y1917: posts small blind $0.01
RodStormm: posts big blind $0.02
*** HOLE CARDS ***
Dealt to Dorex2007 [5s 2c]
Dorex2007: folds 
frosa9397: folds 
Larionov64: folds 
alexouk80: folds 
NarkGM: folds 
ded_y1917: folds 
Uncalled bet ($0.01) returned to RodStormm
RodStormm collected $0.02 from pot
*** SUMMARY ***
Total pot $0.02 | Rake $0 
Seat 1: NarkGM (button) folded before Flop (didn't bet)
Seat 2: ded_y1917 (small blind) folded before Flop
Seat 3: RodStormm (big blind) collected ($0.02)
Seat 4: Dorex2007 folded before Flop (didn't bet)
Seat 6: frosa9397 folded before Flop (didn't bet)
Seat 8: Larionov64 folded before Flop (didn't bet)
Seat 9: alexouk80 folded before Flop (didn't bet)



PokerStars Hand #227973211318:  Hold'em No Limit ($0.01/$0.02 USD) - 2021/07/01 4:26:44 PT [2021/07/01 7:26:44 ET]
Table 'Amanda II' 9-max Seat #2 is the button
Seat 1: NarkGM ($2.85 in chips) 
Seat 2: ded_y1917 ($0.68 in chips) 
Seat 3: RodStormm ($1.86 in chips) 
Seat 4: Dorex2007 ($2.68 in chips) 
Seat 6: frosa9397 ($1.36 in chips) 
Seat 8: Larionov64 ($1.60 in chips) 
Seat 9: alexouk80 ($1.88 in chips) 
RodStormm: posts small blind $0.01
Dorex2007: posts big blind $0.02
*** HOLE CARDS ***
Dealt to Dorex2007 [9s 8h]
frosa9397: calls $0.02
Larionov64: folds 
alexouk80: folds 
NarkGM: raises $0.02 to $0.04
ded_y1917: calls $0.04
RodStormm: calls $0.03
Dorex2007: folds 
frosa9397: calls $0.02
*** FLOP *** [9h 6h Td]
RodStormm: bets $0.17
frosa9397: folds 
NarkGM: calls $0.17
ded_y1917: folds 
*** TURN *** [9h 6h Td] [3h]
RodStormm: bets $0.02
NarkGM is disconnected 
NarkGM is connected 
NarkGM: calls $0.02
*** RIVER *** [9h 6h Td 3h] [9c]
RodStormm: bets $0.27
NarkGM: calls $0.27
*** SHOW DOWN ***
RodStormm: shows [Ts Ks] (two pair, Tens and Nines)
NarkGM: mucks hand 
RodStormm collected $1.06 from pot
*** SUMMARY ***
Total pot $1.10 | Rake $0.04 
Board [9h 6h Td 3h 9c]
Seat 1: NarkGM mucked [Qc Tc]
Seat 2: ded_y1917 (button) folded on the Flop
Seat 3: RodStormm (small blind) showed [Ts Ks] and won ($1.06) with two pair, Tens and Nines
Seat 4: Dorex2007 (big blind) folded before Flop
Seat 6: frosa9397 folded on the Flop
Seat 8: Larionov64 folded before Flop (didn't bet)
Seat 9: alexouk80 folded before Flop (didn't bet)



PokerStars Hand #227973237063:  Hold'em No Limit ($0.01/$0.02 USD) - 2021/07/01 4:28:47 PT [2021/07/01 7:28:47 ET]
Table 'Amanda II' 9-max Seat #3 is the button
Seat 1: NarkGM ($2.35 in chips) 
Seat 2: ded_y1917 ($0.64 in chips) 
Seat 3: RodStormm ($2.42 in chips) 
Seat 4: Dorex2007 ($2.66 in chips) 
Seat 6: frosa9397 ($1.32 in chips) 
Seat 8: Larionov64 ($1.60 in chips) 
Seat 9: alexouk80 ($1.88 in chips) 
Dorex2007: posts small blind $0.01
frosa9397: posts big blind $0.02
*** HOLE CARDS ***
Dealt to Dorex2007 [3h 9h]
Larionov64: folds 
alexouk80: folds 
NarkGM: raises $0.05 to $0.07
ded_y1917: folds 
RodStormm: folds 
Dorex2007: folds 
frosa9397: folds 
Uncalled bet ($0.05) returned to NarkGM
NarkGM collected $0.05 from pot
NarkGM: doesn't show hand 
*** SUMMARY ***
Total pot $0.05 | Rake $0 
Seat 1: NarkGM collected ($0.05)
Seat 2: ded_y1917 folded before Flop (didn't bet)
Seat 3: RodStormm (button) folded before Flop (didn't bet)
Seat 4: Dorex2007 (small blind) folded before Flop
Seat 6: frosa9397 (big blind) folded before Flop
Seat 8: Larionov64 folded before Flop (didn't bet)
Seat 9: alexouk80 folded before Flop (didn't bet)



PokerStars Hand #227973240071:  Hold'em No Limit ($0.01/$0.02 USD) - 2021/07/01 4:29:01 PT [2021/07/01 7:29:01 ET]
Table 'Amanda II' 9-max Seat #4 is the button
Seat 1: NarkGM ($2.38 in chips) 
Seat 2: ded_y1917 ($0.64 in chips) 
Seat 3: RodStormm ($2.42 in chips) 
Seat 4: Dorex2007 ($2.65 in chips) 
Seat 6: frosa9397 ($1.30 in chips) 
Seat 8: Larionov64 ($1.60 in chips) 
Seat 9: alexouk80 ($1.88 in chips) 
frosa9397: posts small blind $0.01
Larionov64: posts big blind $0.02
*** HOLE CARDS ***
Dealt to Dorex2007 [Js 4s]
alexouk80: raises $0.06 to $0.08
NarkGM: folds 
ded_y1917: calls $0.08
RodStormm: calls $0.08
Dorex2007: folds 
frosa9397: folds 
Larionov64: folds 
*** FLOP *** [3h 4h 9c]
alexouk80: checks 
ded_y1917: bets $0.17
RodStormm: folds 
alexouk80: calls $0.17
*** TURN *** [3h 4h 9c] [8h]
alexouk80: checks 
ded_y1917: bets $0.30
alexouk80: calls $0.30
*** RIVER *** [3h 4h 9c 8h] [Ah]
alexouk80: checks 
ded_y1917: checks 
*** SHOW DOWN ***
alexouk80: shows [Ac Kh] (a flush, Ace high)
ded_y1917: mucks hand 
alexouk80 collected $1.17 from pot
*** SUMMARY ***
Total pot $1.21 | Rake $0.04 
Board [3h 4h 9c 8h Ah]
Seat 1: NarkGM folded before Flop (didn't bet)
Seat 2: ded_y1917 mucked [Td Ts]
Seat 3: RodStormm folded on the Flop
Seat 4: Dorex2007 (button) folded before Flop (didn't bet)
Seat 6: frosa9397 (small blind) folded before Flop
Seat 8: Larionov64 (big blind) folded before Flop
Seat 9: alexouk80 showed [Ac Kh] and won ($1.17) with a flush, Ace high



PokerStars Hand #227973252827:  Hold'em No Limit ($0.01/$0.02 USD) - 2021/07/01 4:30:02 PT [2021/07/01 7:30:02 ET]
Table 'Amanda II' 9-max Seat #6 is the button
Seat 1: NarkGM ($2.38 in chips) 
Seat 2: ded_y1917 ($0.09 in chips) 
Seat 3: RodStormm ($2.34 in chips) 
Seat 4: Dorex2007 ($2.65 in chips) 
Seat 6: frosa9397 ($1.29 in chips) 
Seat 8: Larionov64 ($1.58 in chips) 
Seat 9: alexouk80 ($2.50 in chips) 
Larionov64: posts small blind $0.01
alexouk80: posts big blind $0.02
*** HOLE CARDS ***
Dealt to Dorex2007 [4h 3d]
NarkGM: folds 
ded_y1917: folds 
RodStormm: raises $0.02 to $0.04
Dorex2007: folds 
frosa9397: folds 
Larionov64: folds 
alexouk80: folds 
Uncalled bet ($0.02) returned to RodStormm
RodStormm collected $0.05 from pot
*** SUMMARY ***
Total pot $0.05 | Rake $0 
Seat 1: NarkGM folded before Flop (didn't bet)
Seat 2: ded_y1917 folded before Flop (didn't bet)
Seat 3: RodStormm collected ($0.05)
Seat 4: Dorex2007 folded before Flop (didn't bet)
Seat 6: frosa9397 (button) folded before Flop (didn't bet)
Seat 8: Larionov64 (small blind) folded before Flop
Seat 9: alexouk80 (big blind) folded before Flop



PokerStars Hand #227973256822:  Hold'em No Limit ($0.01/$0.02 USD) - 2021/07/01 4:30:21 PT [2021/07/01 7:30:21 ET]
Table 'Amanda II' 9-max Seat #8 is the button
Seat 1: NarkGM ($2.38 in chips) 
Seat 2: ded_y1917 ($0.09 in chips) 
Seat 3: RodStormm ($2.37 in chips) 
Seat 4: Dorex2007 ($2.65 in chips) 
Seat 6: frosa9397 ($1.29 in chips) 
Seat 8: Larionov64 ($1.57 in chips) 
Seat 9: alexouk80 ($2.48 in chips) 
alexouk80: posts small blind $0.01
NarkGM: posts big blind $0.02
*** HOLE CARDS ***
Dealt to Dorex2007 [8c 4h]
ded_y1917: folds 
RodStormm: folds 
Dorex2007: folds 
frosa9397: raises $0.05 to $0.07
Larionov64: calls $0.07
alexouk80: folds 
NarkGM: folds 
*** FLOP *** [5s 6s 6h]
frosa9397: checks 
Larionov64: checks 
*** TURN *** [5s 6s 6h] [7h]
frosa9397: checks 
Larionov64: bets $0.08
lnxea is disconnected 
frosa9397: folds 
Uncalled bet ($0.08) returned to Larionov64
Larionov64 collected $0.16 from pot
Larionov64: doesn't show hand 
*** SUMMARY ***
Total pot $0.17 | Rake $0.01 
Board [5s 6s 6h 7h]
Seat 1: NarkGM (big blind) folded before Flop
Seat 2: ded_y1917 folded before Flop (didn't bet)
Seat 3: RodStormm folded before Flop (didn't bet)
Seat 4: Dorex2007 folded before Flop (didn't bet)
Seat 6: frosa9397 folded on the Turn
Seat 8: Larionov64 (button) collected ($0.16)
Seat 9: alexouk80 (small blind) folded before Flop



PokerStars Hand #227973265318:  Hold'em No Limit ($0.01/$0.02 USD) - 2021/07/01 4:31:01 PT [2021/07/01 7:31:01 ET]
Table 'Amanda II' 9-max Seat #9 is the button
Seat 1: NarkGM ($2.36 in chips) 
Seat 2: ded_y1917 ($0.09 in chips) 
Seat 3: RodStormm ($2.37 in chips) 
Seat 4: Dorex2007 ($2.65 in chips) 
Seat 6: frosa9397 ($1.22 in chips) 
Seat 8: Larionov64 ($1.66 in chips) 
Seat 9: alexouk80 ($2.47 in chips) 
NarkGM: posts small blind $0.01
ded_y1917: posts big blind $0.02
*** HOLE CARDS ***
Dealt to Dorex2007 [Jh 7s]
RodStormm: folds 
Dorex2007: folds 
frosa9397: folds 
Larionov64: folds 
alexouk80: folds 
NarkGM: raises $0.02 to $0.04
ded_y1917: raises $0.05 to $0.09 and is all-in
NarkGM: calls $0.05
*** FLOP *** [Kh 3h Js]
*** TURN *** [Kh 3h Js] [8c]
*** RIVER *** [Kh 3h Js 8c] [7h]
*** SHOW DOWN ***
NarkGM: shows [Qd Qh] (a pair of Queens)
ded_y1917: shows [6h 4c] (high card King)
NarkGM collected $0.17 from pot
*** SUMMARY ***
Total pot $0.18 | Rake $0.01 
Board [Kh 3h Js 8c 7h]
Seat 1: NarkGM (small blind) showed [Qd Qh] and won ($0.17) with a pair of Queens
Seat 2: ded_y1917 (big blind) showed [6h 4c] and lost with high card King
Seat 3: RodStormm folded before Flop (didn't bet)
Seat 4: Dorex2007 folded before Flop (didn't bet)
Seat 6: frosa9397 folded before Flop (didn't bet)
Seat 8: Larionov64 folded before Flop (didn't bet)
Seat 9: alexouk80 (button) folded before Flop (didn't bet)



PokerStars Hand #227973273134:  Hold'em No Limit ($0.01/$0.02 USD) - 2021/07/01 4:31:39 PT [2021/07/01 7:31:39 ET]
Table 'Amanda II' 9-max Seat #1 is the button
Seat 1: NarkGM ($2.44 in chips) 
Seat 3: RodStormm ($2.37 in chips) 
Seat 4: Dorex2007 ($2.65 in chips) 
Seat 6: frosa9397 ($1.22 in chips) 
Seat 8: Larionov64 ($1.66 in chips) 
Seat 9: alexouk80 ($2.47 in chips) 
RodStormm: posts small blind $0.01
Dorex2007: posts big blind $0.02
*** HOLE CARDS ***
Dealt to Dorex2007 [4h 5s]
frosa9397: folds 
Larionov64: folds 
alexouk80 has timed out
alexouk80: folds 
NarkGM: raises $0.02 to $0.04
RodStormm: folds 
Dorex2007: folds 
Uncalled bet ($0.02) returned to NarkGM
NarkGM collected $0.05 from pot
NarkGM: doesn't show hand 
*** SUMMARY ***
Total pot $0.05 | Rake $0 
Seat 1: NarkGM (button) collected ($0.05)
Seat 3: RodStormm (small blind) folded before Flop
Seat 4: Dorex2007 (big blind) folded before Flop
Seat 6: frosa9397 folded before Flop (didn't bet)
Seat 8: Larionov64 folded before Flop (didn't bet)
Seat 9: alexouk80 folded before Flop (didn't bet)



PokerStars Hand #227973281560:  Hold'em No Limit ($0.01/$0.02 USD) - 2021/07/01 4:32:19 PT [2021/07/01 7:32:19 ET]
Table 'Amanda II' 9-max Seat #3 is the button
Seat 1: NarkGM ($2.47 in chips) 
Seat 3: RodStormm ($2.36 in chips) 
Seat 4: Dorex2007 ($2.63 in chips) 
Seat 6: frosa9397 ($1.22 in chips) 
Seat 8: Larionov64 ($1.66 in chips) 
Seat 9: alexouk80 ($2.47 in chips) 
Dorex2007: posts small blind $0.01
frosa9397: posts big blind $0.02
ded_y1917: sits out 
*** HOLE CARDS ***
Dealt to Dorex2007 [3d As]
Larionov64: folds 
alexouk80: folds 
NarkGM: folds 
RodStormm: folds 
Dorex2007: folds 
Uncalled bet ($0.01) returned to frosa9397
frosa9397 collected $0.02 from pot
frosa9397: doesn't show hand 
*** SUMMARY ***
Total pot $0.02 | Rake $0 
Seat 1: NarkGM folded before Flop (didn't bet)
Seat 3: RodStormm (button) folded before Flop (didn't bet)
Seat 4: Dorex2007 (small blind) folded before Flop
Seat 6: frosa9397 (big blind) collected ($0.02)
Seat 8: Larionov64 folded before Flop (didn't bet)
Seat 9: alexouk80 folded before Flop (didn't bet)



PokerStars Hand #227973285021:  Hold'em No Limit ($0.01/$0.02 USD) - 2021/07/01 4:32:35 PT [2021/07/01 7:32:35 ET]
Table 'Amanda II' 9-max Seat #4 is the button
Seat 1: NarkGM ($2.47 in chips) 
Seat 3: RodStormm ($2.36 in chips) 
Seat 4: Dorex2007 ($2.62 in chips) 
Seat 6: frosa9397 ($1.23 in chips) 
Seat 8: Larionov64 ($1.66 in chips) 
Seat 9: alexouk80 ($2.47 in chips) 
frosa9397: posts small blind $0.01
Larionov64: posts big blind $0.02
*** HOLE CARDS ***
Dealt to Dorex2007 [2s 3c]
alexouk80: folds 
NarkGM: raises $0.02 to $0.04
RodStormm: folds 
Dorex2007: folds 
frosa9397: folds 
Larionov64: folds 
Uncalled bet ($0.02) returned to NarkGM
NarkGM collected $0.05 from pot
NarkGM: doesn't show hand 
*** SUMMARY ***
Total pot $0.05 | Rake $0 
Seat 1: NarkGM collected ($0.05)
Seat 3: RodStormm folded before Flop (didn't bet)
Seat 4: Dorex2007 (button) folded before Flop (didn't bet)
Seat 6: frosa9397 (small blind) folded before Flop
Seat 8: Larionov64 (big blind) folded before Flop
Seat 9: alexouk80 folded before Flop (didn't bet)



PokerStars Hand #227973289586:  Hold'em No Limit ($0.01/$0.02 USD) - 2021/07/01 4:32:56 PT [2021/07/01 7:32:56 ET]
Table 'Amanda II' 9-max Seat #6 is the button
Seat 1: NarkGM ($2.50 in chips) 
Seat 3: RodStormm ($2.36 in chips) 
Seat 4: Dorex2007 ($2.62 in chips) 
Seat 6: frosa9397 ($1.22 in chips) 
Seat 8: Larionov64 ($1.64 in chips) 
Seat 9: alexouk80 ($2.47 in chips) 
Larionov64: posts small blind $0.01
alexouk80: posts big blind $0.02
*** HOLE CARDS ***
Dealt to Dorex2007 [2h Kd]
NarkGM: raises $0.02 to $0.04
RodStormm: folds 
Dorex2007: folds 
frosa9397: folds 
Larionov64: folds 
alexouk80: folds 
Uncalled bet ($0.02) returned to NarkGM
NarkGM collected $0.05 from pot
NarkGM: doesn't show hand 
*** SUMMARY ***
Total pot $0.05 | Rake $0 
Seat 1: NarkGM collected ($0.05)
Seat 3: RodStormm folded before Flop (didn't bet)
Seat 4: Dorex2007 folded before Flop (didn't bet)
Seat 6: frosa9397 (button) folded before Flop (didn't bet)
Seat 8: Larionov64 (small blind) folded before Flop
Seat 9: alexouk80 (big blind) folded before Flop



PokerStars Hand #227973293197:  Hold'em No Limit ($0.01/$0.02 USD) - 2021/07/01 4:33:14 PT [2021/07/01 7:33:14 ET]
Table 'Amanda II' 9-max Seat #8 is the button
Seat 1: NarkGM ($2.53 in chips) 
Seat 3: RodStormm ($2.36 in chips) 
Seat 4: Dorex2007 ($2.62 in chips) 
Seat 6: frosa9397 ($1.22 in chips) 
Seat 8: Larionov64 ($1.63 in chips) 
Seat 9: alexouk80 ($2.45 in chips) 
alexouk80: posts small blind $0.01
NarkGM: posts big blind $0.02
*** HOLE CARDS ***
Dealt to Dorex2007 [9s Kd]
RodStormm: raises $0.02 to $0.04
Dorex2007: folds 
frosa9397: folds 
Larionov64: folds 
alexouk80: folds 
NarkGM: calls $0.02
*** FLOP *** [2d 6c 8d]
NarkGM: checks 
RodStormm: checks 
*** TURN *** [2d 6c 8d] [Qd]
NarkGM: checks 
RodStormm: checks 
*** RIVER *** [2d 6c 8d Qd] [Js]
NarkGM: checks 
RodStormm: checks 
*** SHOW DOWN ***
NarkGM: shows [4s Jh] (a pair of Jacks)
RodStormm: shows [Jc 9c] (a pair of Jacks - Queen+Nine kicker)
RodStormm collected $0.09 from pot
*** SUMMARY ***
Total pot $0.09 | Rake $0 
Board [2d 6c 8d Qd Js]
Seat 1: NarkGM (big blind) showed [4s Jh] and lost with a pair of Jacks
Seat 3: RodStormm showed [Jc 9c] and won ($0.09) with a pair of Jacks
Seat 4: Dorex2007 folded before Flop (didn't bet)
Seat 6: frosa9397 folded before Flop (didn't bet)
Seat 8: Larionov64 (button) folded before Flop (didn't bet)
Seat 9: alexouk80 (small blind) folded before Flop



PokerStars Hand #227973299437:  Hold'em No Limit ($0.01/$0.02 USD) - 2021/07/01 4:33:43 PT [2021/07/01 7:33:43 ET]
Table 'Amanda II' 9-max Seat #9 is the button
Seat 1: NarkGM ($2.49 in chips) 
Seat 3: RodStormm ($2.41 in chips) 
Seat 4: Dorex2007 ($2.62 in chips) 
Seat 6: frosa9397 ($1.22 in chips) 
Seat 8: Larionov64 ($1.63 in chips) 
Seat 9: alexouk80 ($2.44 in chips) 
NarkGM: posts small blind $0.01
RodStormm: posts big blind $0.02
*** HOLE CARDS ***
Dealt to Dorex2007 [7s 5c]
Dorex2007: folds 
frosa9397: folds 
Larionov64: folds 
alexouk80: folds 
NarkGM: raises $0.02 to $0.04
RodStormm: calls $0.02
*** FLOP *** [6c 2d 3h]
NarkGM: checks 
RodStormm: checks 
*** TURN *** [6c 2d 3h] [Jc]
NarkGM: checks 
RodStormm: checks 
*** RIVER *** [6c 2d 3h Jc] [9s]
NarkGM: checks 
RodStormm: checks 
*** SHOW DOWN ***
NarkGM: shows [Ah Kc] (high card Ace)
RodStormm: shows [Qd 9c] (a pair of Nines)
RodStormm collected $0.08 from pot
*** SUMMARY ***
Total pot $0.08 | Rake $0 
Board [6c 2d 3h Jc 9s]
Seat 1: NarkGM (small blind) showed [Ah Kc] and lost with high card Ace
Seat 3: RodStormm (big blind) showed [Qd 9c] and won ($0.08) with a pair of Nines
Seat 4: Dorex2007 folded before Flop (didn't bet)
Seat 6: frosa9397 folded before Flop (didn't bet)
Seat 8: Larionov64 folded before Flop (didn't bet)
Seat 9: alexouk80 (button) folded before Flop (didn't bet)



PokerStars Hand #227973305681:  Hold'em No Limit ($0.01/$0.02 USD) - 2021/07/01 4:34:12 PT [2021/07/01 7:34:12 ET]
Table 'Amanda II' 9-max Seat #1 is the button
Seat 1: NarkGM ($2.45 in chips) 
Seat 3: RodStormm ($2.45 in chips) 
Seat 4: Dorex2007 ($2.62 in chips) 
Seat 6: frosa9397 ($1.22 in chips) 
Seat 8: Larionov64 ($1.63 in chips) 
Seat 9: alexouk80 ($2.44 in chips) 
RodStormm: posts small blind $0.01
Dorex2007: posts big blind $0.02
*** HOLE CARDS ***
Dealt to Dorex2007 [3s Jc]
frosa9397: folds 
Larionov64: folds 
alexouk80: folds 
NarkGM: folds 
RodStormm: folds 
Uncalled bet ($0.01) returned to Dorex2007
Dorex2007 collected $0.02 from pot
Dorex2007: doesn't show hand 
*** SUMMARY ***
Total pot $0.02 | Rake $0 
Seat 1: NarkGM (button) folded before Flop (didn't bet)
Seat 3: RodStormm (small blind) folded before Flop
Seat 4: Dorex2007 (big blind) collected ($0.02)
Seat 6: frosa9397 folded before Flop (didn't bet)
Seat 8: Larionov64 folded before Flop (didn't bet)
Seat 9: alexouk80 folded before Flop (didn't bet)



PokerStars Hand #227973308098:  Hold'em No Limit ($0.01/$0.02 USD) - 2021/07/01 4:34:24 PT [2021/07/01 7:34:24 ET]
Table 'Amanda II' 9-max Seat #3 is the button
Seat 1: NarkGM ($2.45 in chips) 
Seat 3: RodStormm ($2.44 in chips) 
Seat 4: Dorex2007 ($2.63 in chips) 
Seat 6: frosa9397 ($1.22 in chips) 
Seat 8: Larionov64 ($1.63 in chips) 
Seat 9: alexouk80 ($2.44 in chips) 
Dorex2007: posts small blind $0.01
frosa9397: posts big blind $0.02
*** HOLE CARDS ***
Dealt to Dorex2007 [Qh Ks]
Larionov64: raises $0.02 to $0.04
alexouk80: raises $0.08 to $0.12
NarkGM: folds 
RodStormm: folds 
Dorex2007: folds 
frosa9397: folds 
Larionov64: raises $1.51 to $1.63 and is all-in
alexouk80: folds 
Uncalled bet ($1.51) returned to Larionov64
Larionov64 collected $0.27 from pot
kela1102 leaves the table
Larionov64: doesn't show hand 
*** SUMMARY ***
Total pot $0.27 | Rake $0 
Seat 1: NarkGM folded before Flop (didn't bet)
Seat 3: RodStormm (button) folded before Flop (didn't bet)
Seat 4: Dorex2007 (small blind) folded before Flop
Seat 6: frosa9397 (big blind) folded before Flop
Seat 8: Larionov64 collected ($0.27)
Seat 9: alexouk80 folded before Flop



PokerStars Hand #227973313997:  Hold'em No Limit ($0.01/$0.02 USD) - 2021/07/01 4:34:51 PT [2021/07/01 7:34:51 ET]
Table 'Amanda II' 9-max Seat #4 is the button
Seat 1: NarkGM ($2.45 in chips) 
Seat 3: RodStormm ($2.44 in chips) 
Seat 4: Dorex2007 ($2.62 in chips) 
Seat 6: frosa9397 ($1.20 in chips) 
Seat 8: Larionov64 ($1.78 in chips) 
Seat 9: alexouk80 ($2.32 in chips) 
frosa9397: posts small blind $0.01
Larionov64: posts big blind $0.02
*** HOLE CARDS ***
Dealt to Dorex2007 [5s 6h]
alexouk80: folds 
NarkGM: folds 
RodStormm: raises $0.02 to $0.04
Dorex2007: folds 
Larionov64 said, "sorry, miss click"
frosa9397: folds 
Larionov64: folds 
Uncalled bet ($0.02) returned to RodStormm
RodStormm collected $0.05 from pot
systox joins the table at seat #5 
*** SUMMARY ***
Total pot $0.05 | Rake $0 
Seat 1: NarkGM folded before Flop (didn't bet)
Seat 3: RodStormm collected ($0.05)
Seat 4: Dorex2007 (button) folded before Flop (didn't bet)
Seat 6: frosa9397 (small blind) folded before Flop
Seat 8: Larionov64 (big blind) folded before Flop
Seat 9: alexouk80 folded before Flop (didn't bet)



PokerStars Hand #227973317064:  Hold'em No Limit ($0.01/$0.02 USD) - 2021/07/01 4:35:06 PT [2021/07/01 7:35:06 ET]
Table 'Amanda II' 9-max Seat #6 is the button
Seat 1: NarkGM ($2.45 in chips) 
Seat 3: RodStormm ($2.47 in chips) 
Seat 4: Dorex2007 ($2.62 in chips) 
Seat 6: frosa9397 ($1.19 in chips) 
Seat 8: Larionov64 ($1.76 in chips) 
Seat 9: alexouk80 ($2.32 in chips) 
Larionov64: posts small blind $0.01
alexouk80: posts big blind $0.02
systox: sits out 
*** HOLE CARDS ***
Dealt to Dorex2007 [Qh 7d]
NarkGM: calls $0.02
RodStormm: folds 
Dorex2007: folds 
frosa9397: folds 
Larionov64: folds 
alexouk80: checks 
*** FLOP *** [5c Td Kc]
alexouk80: checks 
NarkGM: checks 
*** TURN *** [5c Td Kc] [6s]
alexouk80: checks 
NarkGM: checks 
*** RIVER *** [5c Td Kc 6s] [9d]
alexouk80: checks 
NarkGM: checks 
*** SHOW DOWN ***
alexouk80: shows [8d Jh] (high card King)
NarkGM: shows [5d 4d] (a pair of Fives)
NarkGM collected $0.05 from pot
*** SUMMARY ***
Total pot $0.05 | Rake $0 
Board [5c Td Kc 6s 9d]
Seat 1: NarkGM showed [5d 4d] and won ($0.05) with a pair of Fives
Seat 3: RodStormm folded before Flop (didn't bet)
Seat 4: Dorex2007 folded before Flop (didn't bet)
Seat 6: frosa9397 (button) folded before Flop (didn't bet)
Seat 8: Larionov64 (small blind) folded before Flop
Seat 9: alexouk80 (big blind) showed [8d Jh] and lost with high card King



PokerStars Hand #227973326528:  Hold'em No Limit ($0.01/$0.02 USD) - 2021/07/01 4:35:50 PT [2021/07/01 7:35:50 ET]
Table 'Amanda II' 9-max Seat #8 is the button
Seat 1: NarkGM ($2.48 in chips) 
Seat 2: ded_y1917 ($0.80 in chips) 
Seat 3: RodStormm ($2.47 in chips) 
Seat 4: Dorex2007 ($2.62 in chips) 
Seat 6: frosa9397 ($1.19 in chips) 
Seat 8: Larionov64 ($1.75 in chips) 
Seat 9: alexouk80 ($2.30 in chips) 
alexouk80: posts small blind $0.01
NarkGM: posts big blind $0.02
ded_y1917: posts small & big blinds $0.03
*** HOLE CARDS ***
Dealt to Dorex2007 [Ks 5s]
ded_y1917: raises $0.04 to $0.06
RodStormm: calls $0.06
Dorex2007: folds 
frosa9397: folds 
Larionov64: folds 
alexouk80: folds 
NarkGM: calls $0.04
*** FLOP *** [2s Qh 2h]
NarkGM: checks 
ded_y1917: bets $0.10
RodStormm: folds 
NarkGM: folds 
Uncalled bet ($0.10) returned to ded_y1917
ded_y1917 collected $0.19 from pot
*** SUMMARY ***
Total pot $0.20 | Rake $0.01 
Board [2s Qh 2h]
Seat 1: NarkGM (big blind) folded on the Flop
Seat 2: ded_y1917 collected ($0.19)
Seat 3: RodStormm folded on the Flop
Seat 4: Dorex2007 folded before Flop (didn't bet)
Seat 6: frosa9397 folded before Flop (didn't bet)
Seat 8: Larionov64 (button) folded before Flop (didn't bet)
Seat 9: alexouk80 (small blind) folded before Flop



PokerStars Hand #227973335942:  Hold'em No Limit ($0.01/$0.02 USD) - 2021/07/01 4:36:34 PT [2021/07/01 7:36:34 ET]
Table 'Amanda II' 9-max Seat #9 is the button
Seat 1: NarkGM ($2.42 in chips) 
Seat 2: ded_y1917 ($0.92 in chips) 
Seat 3: RodStormm ($2.41 in chips) 
Seat 4: Dorex2007 ($2.62 in chips) 
Seat 6: frosa9397 ($1.19 in chips) 
Seat 8: Larionov64 ($1.75 in chips) 
Seat 9: alexouk80 ($2.29 in chips) 
NarkGM: posts small blind $0.01
ded_y1917: posts big blind $0.02
*** HOLE CARDS ***
Dealt to Dorex2007 [Qc 4s]
RodStormm: folds 
Dorex2007: folds 
frosa9397: folds 
Larionov64: folds 
alexouk80: raises $0.04 to $0.06
NarkGM: folds 
ded_y1917: folds 
Uncalled bet ($0.04) returned to alexouk80
alexouk80 collected $0.05 from pot
*** SUMMARY ***
Total pot $0.05 | Rake $0 
Seat 1: NarkGM (small blind) folded before Flop
Seat 2: ded_y1917 (big blind) folded before Flop
Seat 3: RodStormm folded before Flop (didn't bet)
Seat 4: Dorex2007 folded before Flop (didn't bet)
Seat 6: frosa9397 folded before Flop (didn't bet)
Seat 8: Larionov64 folded before Flop (didn't bet)
Seat 9: alexouk80 (button) collected ($0.05)



PokerStars Hand #227973343036:  Hold'em No Limit ($0.01/$0.02 USD) - 2021/07/01 4:37:06 PT [2021/07/01 7:37:06 ET]
Table 'Amanda II' 9-max Seat #1 is the button
Seat 1: NarkGM ($2.41 in chips) 
Seat 2: ded_y1917 ($0.90 in chips) 
Seat 3: RodStormm ($2.41 in chips) 
Seat 4: Dorex2007 ($2.62 in chips) 
Seat 6: frosa9397 ($1.19 in chips) 
Seat 8: Larionov64 ($1.75 in chips) 
Seat 9: alexouk80 ($2.32 in chips) 
ded_y1917: posts small blind $0.01
RodStormm: posts big blind $0.02
systox: sits out 
*** HOLE CARDS ***
Dealt to Dorex2007 [Ah 4c]
Dorex2007: folds 
frosa9397: folds 
Larionov64: folds 
alexouk80: raises $0.04 to $0.06
NarkGM: folds 
ded_y1917: folds 
RodStormm: folds 
Uncalled bet ($0.04) returned to alexouk80
alexouk80 collected $0.05 from pot
*** SUMMARY ***
Total pot $0.05 | Rake $0 
Seat 1: NarkGM (button) folded before Flop (didn't bet)
Seat 2: ded_y1917 (small blind) folded before Flop
Seat 3: RodStormm (big blind) folded before Flop
Seat 4: Dorex2007 folded before Flop (didn't bet)
Seat 6: frosa9397 folded before Flop (didn't bet)
Seat 8: Larionov64 folded before Flop (didn't bet)
Seat 9: alexouk80 collected ($0.05)



