PokerStars Hand #226991400877:  Hold'em No Limit ($0.01/$0.02 USD) - 2021/05/23 0:56:07 PT [2021/05/23 3:56:07 ET]
Table 'Merapi II' 9-max Seat #5 is the button
Seat 1: sundwig ($1.93 in chips) 
Seat 2: KODEIN23_rus ($1.99 in chips) 
Seat 3: kqfall1 ($2.39 in chips) 
Seat 4: Dorex2007 ($2 in chips) 
Seat 5: esch777 ($0.70 in chips) 
Seat 6: NickName8902 ($0.82 in chips) 
Seat 7: Realtor59 ($1.99 in chips) 
Seat 8: Parker09SA ($2.18 in chips) 
Seat 9: OktavianOvid ($0.83 in chips) 
NickName8902: posts small blind $0.01
Realtor59: posts big blind $0.02
Dorex2007: posts big blind $0.02
*** HOLE CARDS ***
Dealt to Dorex2007 [Jd 2c]
Parker09SA: folds 
OktavianOvid: folds 
sundwig: folds 
KODEIN23_rus: folds 
kqfall1: folds 
Dorex2007: checks 
esch777: calls $0.02
NickName8902: folds 
Realtor59: checks 
*** FLOP *** [Ts 6s 7h]
Realtor59: checks 
Dorex2007: checks 
esch777: bets $0.04
Realtor59: calls $0.04
Dorex2007: folds 
*** TURN *** [Ts 6s 7h] [8s]
Realtor59: checks 
esch777: checks 
*** RIVER *** [Ts 6s 7h 8s] [Kh]
Realtor59: bets $0.08
esch777: folds 
Uncalled bet ($0.08) returned to Realtor59
Realtor59 collected $0.14 from pot
Realtor59: doesn't show hand 
*** SUMMARY ***
Total pot $0.15 | Rake $0.01 
Board [Ts 6s 7h 8s Kh]
Seat 1: sundwig folded before Flop (didn't bet)
Seat 2: KODEIN23_rus folded before Flop (didn't bet)
Seat 3: kqfall1 folded before Flop (didn't bet)
Seat 4: Dorex2007 folded on the Flop (didn't bet)
Seat 5: esch777 (button) folded on the River
Seat 6: NickName8902 (small blind) folded before Flop
Seat 7: Realtor59 (big blind) collected ($0.14)
Seat 8: Parker09SA folded before Flop (didn't bet)
Seat 9: OktavianOvid folded before Flop (didn't bet)



PokerStars Hand #226991411376:  Hold'em No Limit ($0.01/$0.02 USD) - 2021/05/23 0:57:13 PT [2021/05/23 3:57:13 ET]
Table 'Merapi II' 9-max Seat #6 is the button
Seat 1: sundwig ($1.93 in chips) 
Seat 2: KODEIN23_rus ($1.99 in chips) 
Seat 3: kqfall1 ($2.39 in chips) 
Seat 4: Dorex2007 ($1.98 in chips) 
Seat 5: esch777 ($0.64 in chips) 
Seat 6: NickName8902 ($0.81 in chips) 
Seat 7: Realtor59 ($2.07 in chips) 
Seat 8: Parker09SA ($2.18 in chips) 
Seat 9: OktavianOvid ($0.83 in chips) 
Realtor59: posts small blind $0.01
Parker09SA: posts big blind $0.02
*** HOLE CARDS ***
Dealt to Dorex2007 [Ks Th]
OktavianOvid: folds 
sundwig: folds 
KODEIN23_rus: folds 
kqfall1: raises $0.04 to $0.06
Dorex2007: folds 
esch777: folds 
NickName8902: folds 
Realtor59: folds 
Parker09SA: folds 
Uncalled bet ($0.04) returned to kqfall1
kqfall1 collected $0.05 from pot
*** SUMMARY ***
Total pot $0.05 | Rake $0 
Seat 1: sundwig folded before Flop (didn't bet)
Seat 2: KODEIN23_rus folded before Flop (didn't bet)
Seat 3: kqfall1 collected ($0.05)
Seat 4: Dorex2007 folded before Flop (didn't bet)
Seat 5: esch777 folded before Flop (didn't bet)
Seat 6: NickName8902 (button) folded before Flop (didn't bet)
Seat 7: Realtor59 (small blind) folded before Flop
Seat 8: Parker09SA (big blind) folded before Flop
Seat 9: OktavianOvid folded before Flop (didn't bet)



PokerStars Hand #226991414183:  Hold'em No Limit ($0.01/$0.02 USD) - 2021/05/23 0:57:30 PT [2021/05/23 3:57:30 ET]
Table 'Merapi II' 9-max Seat #7 is the button
Seat 1: sundwig ($1.93 in chips) 
Seat 2: KODEIN23_rus ($1.99 in chips) 
Seat 3: kqfall1 ($2.42 in chips) 
Seat 4: Dorex2007 ($1.98 in chips) 
Seat 5: esch777 ($0.64 in chips) 
Seat 6: NickName8902 ($0.81 in chips) 
Seat 7: Realtor59 ($2.06 in chips) 
Seat 8: Parker09SA ($2.16 in chips) 
Seat 9: OktavianOvid ($0.83 in chips) 
Parker09SA: posts small blind $0.01
OktavianOvid: posts big blind $0.02
*** HOLE CARDS ***
Dealt to Dorex2007 [2h 5d]
sundwig: folds 
KODEIN23_rus: folds 
kqfall1: folds 
Dorex2007: folds 
esch777: folds 
NickName8902: folds 
Realtor59: calls $0.02
Parker09SA: folds 
OktavianOvid: checks 
*** FLOP *** [Kd 3s 5s]
OktavianOvid: checks 
Realtor59: bets $0.02
OktavianOvid: folds 
Uncalled bet ($0.02) returned to Realtor59
Realtor59 collected $0.05 from pot
Realtor59: doesn't show hand 
*** SUMMARY ***
Total pot $0.05 | Rake $0 
Board [Kd 3s 5s]
Seat 1: sundwig folded before Flop (didn't bet)
Seat 2: KODEIN23_rus folded before Flop (didn't bet)
Seat 3: kqfall1 folded before Flop (didn't bet)
Seat 4: Dorex2007 folded before Flop (didn't bet)
Seat 5: esch777 folded before Flop (didn't bet)
Seat 6: NickName8902 folded before Flop (didn't bet)
Seat 7: Realtor59 (button) collected ($0.05)
Seat 8: Parker09SA (small blind) folded before Flop
Seat 9: OktavianOvid (big blind) folded on the Flop



PokerStars Hand #226991418758:  Hold'em No Limit ($0.01/$0.02 USD) - 2021/05/23 0:57:59 PT [2021/05/23 3:57:59 ET]
Table 'Merapi II' 9-max Seat #8 is the button
Seat 1: sundwig ($1.93 in chips) 
Seat 2: KODEIN23_rus ($1.99 in chips) 
Seat 3: kqfall1 ($2.42 in chips) 
Seat 4: Dorex2007 ($1.98 in chips) 
Seat 5: esch777 ($0.64 in chips) 
Seat 6: NickName8902 ($0.81 in chips) 
Seat 7: Realtor59 ($2.09 in chips) 
Seat 8: Parker09SA ($2.15 in chips) 
Seat 9: OktavianOvid ($0.81 in chips) 
OktavianOvid: posts small blind $0.01
sundwig: posts big blind $0.02
*** HOLE CARDS ***
Dealt to Dorex2007 [Qh Ad]
KODEIN23_rus: folds 
kqfall1: raises $0.04 to $0.06
Dorex2007: folds 
esch777: folds 
NickName8902: folds 
Realtor59: folds 
Parker09SA: folds 
OktavianOvid: folds 
sundwig: folds 
Uncalled bet ($0.04) returned to kqfall1
kqfall1 collected $0.05 from pot
*** SUMMARY ***
Total pot $0.05 | Rake $0 
Seat 1: sundwig (big blind) folded before Flop
Seat 2: KODEIN23_rus folded before Flop (didn't bet)
Seat 3: kqfall1 collected ($0.05)
Seat 4: Dorex2007 folded before Flop (didn't bet)
Seat 5: esch777 folded before Flop (didn't bet)
Seat 6: NickName8902 folded before Flop (didn't bet)
Seat 7: Realtor59 folded before Flop (didn't bet)
Seat 8: Parker09SA (button) folded before Flop (didn't bet)
Seat 9: OktavianOvid (small blind) folded before Flop



PokerStars Hand #226991423441:  Hold'em No Limit ($0.01/$0.02 USD) - 2021/05/23 0:58:28 PT [2021/05/23 3:58:28 ET]
Table 'Merapi II' 9-max Seat #9 is the button
Seat 1: sundwig ($1.91 in chips) 
Seat 2: KODEIN23_rus ($1.99 in chips) 
Seat 3: kqfall1 ($2.45 in chips) 
Seat 4: Dorex2007 ($1.98 in chips) 
Seat 5: esch777 ($0.64 in chips) 
Seat 6: NickName8902 ($0.81 in chips) 
Seat 7: Realtor59 ($2.09 in chips) 
Seat 8: Parker09SA ($2.15 in chips) 
Seat 9: OktavianOvid ($0.80 in chips) 
sundwig: posts small blind $0.01
KODEIN23_rus: posts big blind $0.02
*** HOLE CARDS ***
Dealt to Dorex2007 [6d Qh]
kqfall1: folds 
Dorex2007: folds 
esch777: folds 
NickName8902: folds 
Realtor59: raises $0.03 to $0.05
Parker09SA: folds 
OktavianOvid: calls $0.05
sundwig: folds 
KODEIN23_rus: raises $0.09 to $0.14
Realtor59: calls $0.09
OktavianOvid: calls $0.09
*** FLOP *** [4s Td Ah]
KODEIN23_rus: checks 
Realtor59: bets $0.05
OktavianOvid: calls $0.05
KODEIN23_rus: calls $0.05
*** TURN *** [4s Td Ah] [Ts]
KODEIN23_rus: checks 
Realtor59: checks 
OktavianOvid: checks 
*** RIVER *** [4s Td Ah Ts] [8d]
KODEIN23_rus: bets $0.18
Realtor59: folds 
OktavianOvid: folds 
Uncalled bet ($0.18) returned to KODEIN23_rus
KODEIN23_rus collected $0.56 from pot
*** SUMMARY ***
Total pot $0.58 | Rake $0.02 
Board [4s Td Ah Ts 8d]
Seat 1: sundwig (small blind) folded before Flop
Seat 2: KODEIN23_rus (big blind) collected ($0.56)
Seat 3: kqfall1 folded before Flop (didn't bet)
Seat 4: Dorex2007 folded before Flop (didn't bet)
Seat 5: esch777 folded before Flop (didn't bet)
Seat 6: NickName8902 folded before Flop (didn't bet)
Seat 7: Realtor59 folded on the River
Seat 8: Parker09SA folded before Flop (didn't bet)
Seat 9: OktavianOvid (button) folded on the River



PokerStars Hand #226991432965:  Hold'em No Limit ($0.01/$0.02 USD) - 2021/05/23 0:59:26 PT [2021/05/23 3:59:26 ET]
Table 'Merapi II' 9-max Seat #1 is the button
Seat 1: sundwig ($1.90 in chips) 
Seat 2: KODEIN23_rus ($2.36 in chips) 
Seat 3: kqfall1 ($2.45 in chips) 
Seat 4: Dorex2007 ($1.98 in chips) 
Seat 5: esch777 ($0.64 in chips) 
Seat 6: NickName8902 ($0.81 in chips) 
Seat 7: Realtor59 ($1.90 in chips) 
Seat 8: Parker09SA ($2.15 in chips) 
Seat 9: OktavianOvid ($0.61 in chips) 
KODEIN23_rus: posts small blind $0.01
kqfall1: posts big blind $0.02
*** HOLE CARDS ***
Dealt to Dorex2007 [4h 5d]
Dorex2007: folds 
esch777: folds 
NickName8902: folds 
Realtor59: folds 
Parker09SA: folds 
OktavianOvid: raises $0.02 to $0.04
sundwig: folds 
KODEIN23_rus: folds 
kqfall1: folds 
Uncalled bet ($0.02) returned to OktavianOvid
OktavianOvid collected $0.05 from pot
*** SUMMARY ***
Total pot $0.05 | Rake $0 
Seat 1: sundwig (button) folded before Flop (didn't bet)
Seat 2: KODEIN23_rus (small blind) folded before Flop
Seat 3: kqfall1 (big blind) folded before Flop
Seat 4: Dorex2007 folded before Flop (didn't bet)
Seat 5: esch777 folded before Flop (didn't bet)
Seat 6: NickName8902 folded before Flop (didn't bet)
Seat 7: Realtor59 folded before Flop (didn't bet)
Seat 8: Parker09SA folded before Flop (didn't bet)
Seat 9: OktavianOvid collected ($0.05)



PokerStars Hand #226991435821:  Hold'em No Limit ($0.01/$0.02 USD) - 2021/05/23 0:59:44 PT [2021/05/23 3:59:44 ET]
Table 'Merapi II' 9-max Seat #2 is the button
Seat 1: sundwig ($1.90 in chips) 
Seat 2: KODEIN23_rus ($2.35 in chips) 
Seat 3: kqfall1 ($2.43 in chips) 
Seat 4: Dorex2007 ($1.98 in chips) 
Seat 5: esch777 ($0.64 in chips) 
Seat 6: NickName8902 ($0.81 in chips) 
Seat 7: Realtor59 ($1.90 in chips) 
Seat 8: Parker09SA ($2.15 in chips) 
Seat 9: OktavianOvid ($0.64 in chips) 
kqfall1: posts small blind $0.01
Dorex2007: posts big blind $0.02
*** HOLE CARDS ***
Dealt to Dorex2007 [Kc Kh]
esch777 has timed out
esch777: folds 
NickName8902: calls $0.02
Realtor59: folds 
Parker09SA: folds 
OktavianOvid: folds 
sundwig: folds 
KODEIN23_rus: folds 
kqfall1: folds 
Dorex2007: raises $0.06 to $0.08
NickName8902: calls $0.06
*** FLOP *** [2h 3h 3d]
Dorex2007: bets $0.16
NickName8902: folds 
Uncalled bet ($0.16) returned to Dorex2007
Dorex2007 collected $0.16 from pot
Dorex2007: doesn't show hand 
*** SUMMARY ***
Total pot $0.17 | Rake $0.01 
Board [2h 3h 3d]
Seat 1: sundwig folded before Flop (didn't bet)
Seat 2: KODEIN23_rus (button) folded before Flop (didn't bet)
Seat 3: kqfall1 (small blind) folded before Flop
Seat 4: Dorex2007 (big blind) collected ($0.16)
Seat 5: esch777 folded before Flop (didn't bet)
Seat 6: NickName8902 folded on the Flop
Seat 7: Realtor59 folded before Flop (didn't bet)
Seat 8: Parker09SA folded before Flop (didn't bet)
Seat 9: OktavianOvid folded before Flop (didn't bet)



PokerStars Hand #226991443972:  Hold'em No Limit ($0.01/$0.02 USD) - 2021/05/23 1:00:33 PT [2021/05/23 4:00:33 ET]
Table 'Merapi II' 9-max Seat #3 is the button
Seat 1: sundwig ($1.90 in chips) 
Seat 2: KODEIN23_rus ($2.35 in chips) 
Seat 3: kqfall1 ($2.42 in chips) 
Seat 4: Dorex2007 ($2.06 in chips) 
Seat 5: esch777 ($0.64 in chips) 
Seat 6: NickName8902 ($0.73 in chips) 
Seat 7: Realtor59 ($1.90 in chips) 
Seat 8: Parker09SA ($2.15 in chips) 
Seat 9: OktavianOvid ($0.64 in chips) 
Dorex2007: posts small blind $0.01
esch777: posts big blind $0.02
*** HOLE CARDS ***
Dealt to Dorex2007 [9d 8s]
NickName8902: folds 
Realtor59: folds 
Parker09SA: folds 
OktavianOvid: folds 
sundwig: folds 
KODEIN23_rus: folds 
kqfall1: raises $0.04 to $0.06
Dorex2007: folds 
esch777: folds 
Uncalled bet ($0.04) returned to kqfall1
kqfall1 collected $0.05 from pot
*** SUMMARY ***
Total pot $0.05 | Rake $0 
Seat 1: sundwig folded before Flop (didn't bet)
Seat 2: KODEIN23_rus folded before Flop (didn't bet)
Seat 3: kqfall1 (button) collected ($0.05)
Seat 4: Dorex2007 (small blind) folded before Flop
Seat 5: esch777 (big blind) folded before Flop
Seat 6: NickName8902 folded before Flop (didn't bet)
Seat 7: Realtor59 folded before Flop (didn't bet)
Seat 8: Parker09SA folded before Flop (didn't bet)
Seat 9: OktavianOvid folded before Flop (didn't bet)



PokerStars Hand #226991447360:  Hold'em No Limit ($0.01/$0.02 USD) - 2021/05/23 1:00:52 PT [2021/05/23 4:00:52 ET]
Table 'Merapi II' 9-max Seat #4 is the button
Seat 1: sundwig ($1.90 in chips) 
Seat 2: KODEIN23_rus ($2.35 in chips) 
Seat 3: kqfall1 ($2.45 in chips) 
Seat 4: Dorex2007 ($2.05 in chips) 
Seat 5: esch777 ($0.62 in chips) 
Seat 6: NickName8902 ($0.73 in chips) 
Seat 7: Realtor59 ($1.90 in chips) 
Seat 8: Parker09SA ($2.15 in chips) 
Seat 9: OktavianOvid ($0.64 in chips) 
esch777: posts small blind $0.01
NickName8902: posts big blind $0.02
*** HOLE CARDS ***
Dealt to Dorex2007 [7c 2s]
Realtor59: folds 
Parker09SA: folds 
OktavianOvid: folds 
sundwig: folds 
KODEIN23_rus: raises $0.04 to $0.06
kqfall1: folds 
Dorex2007: folds 
esch777: folds 
NickName8902: folds 
Uncalled bet ($0.04) returned to KODEIN23_rus
KODEIN23_rus collected $0.05 from pot
*** SUMMARY ***
Total pot $0.05 | Rake $0 
Seat 1: sundwig folded before Flop (didn't bet)
Seat 2: KODEIN23_rus collected ($0.05)
Seat 3: kqfall1 folded before Flop (didn't bet)
Seat 4: Dorex2007 (button) folded before Flop (didn't bet)
Seat 5: esch777 (small blind) folded before Flop
Seat 6: NickName8902 (big blind) folded before Flop
Seat 7: Realtor59 folded before Flop (didn't bet)
Seat 8: Parker09SA folded before Flop (didn't bet)
Seat 9: OktavianOvid folded before Flop (didn't bet)



PokerStars Hand #226991451515:  Hold'em No Limit ($0.01/$0.02 USD) - 2021/05/23 1:01:15 PT [2021/05/23 4:01:15 ET]
Table 'Merapi II' 9-max Seat #5 is the button
Seat 1: sundwig ($1.90 in chips) 
Seat 2: KODEIN23_rus ($2.38 in chips) 
Seat 3: kqfall1 ($2.45 in chips) 
Seat 4: Dorex2007 ($2.05 in chips) 
Seat 5: esch777 ($0.61 in chips) 
Seat 6: NickName8902 ($0.71 in chips) 
Seat 7: Realtor59 ($1.90 in chips) 
Seat 8: Parker09SA ($2.15 in chips) 
Seat 9: OktavianOvid ($0.64 in chips) 
NickName8902: posts small blind $0.01
Realtor59: posts big blind $0.02
*** HOLE CARDS ***
Dealt to Dorex2007 [4s Jd]
Parker09SA: folds 
OktavianOvid: calls $0.02
sundwig: raises $0.12 to $0.14
KODEIN23_rus: folds 
kqfall1: folds 
Dorex2007: folds 
esch777: folds 
NickName8902: folds 
Realtor59: folds 
OktavianOvid: folds 
Uncalled bet ($0.12) returned to sundwig
sundwig collected $0.07 from pot
*** SUMMARY ***
Total pot $0.07 | Rake $0 
Seat 1: sundwig collected ($0.07)
Seat 2: KODEIN23_rus folded before Flop (didn't bet)
Seat 3: kqfall1 folded before Flop (didn't bet)
Seat 4: Dorex2007 folded before Flop (didn't bet)
Seat 5: esch777 (button) folded before Flop (didn't bet)
Seat 6: NickName8902 (small blind) folded before Flop
Seat 7: Realtor59 (big blind) folded before Flop
Seat 8: Parker09SA folded before Flop (didn't bet)
Seat 9: OktavianOvid folded before Flop



PokerStars Hand #226991454959:  Hold'em No Limit ($0.01/$0.02 USD) - 2021/05/23 1:01:34 PT [2021/05/23 4:01:34 ET]
Table 'Merapi II' 9-max Seat #6 is the button
Seat 1: sundwig ($1.95 in chips) 
Seat 2: KODEIN23_rus ($2.38 in chips) 
Seat 3: kqfall1 ($2.45 in chips) 
Seat 4: Dorex2007 ($2.05 in chips) 
Seat 5: esch777 ($0.61 in chips) 
Seat 6: NickName8902 ($0.70 in chips) 
Seat 7: Realtor59 ($1.88 in chips) 
Seat 8: Parker09SA ($2.15 in chips) 
Seat 9: OktavianOvid ($0.62 in chips) 
Realtor59: posts small blind $0.01
Parker09SA: posts big blind $0.02
*** HOLE CARDS ***
Dealt to Dorex2007 [2s As]
OktavianOvid: folds 
sundwig: folds 
KODEIN23_rus: raises $0.02 to $0.04
kqfall1: raises $0.12 to $0.16
Dorex2007: folds 
esch777: folds 
NickName8902: folds 
Realtor59: folds 
Parker09SA: folds 
KODEIN23_rus: calls $0.12
*** FLOP *** [9s 6d 7c]
KODEIN23_rus: checks 
kqfall1: bets $0.24
KODEIN23_rus: folds 
Uncalled bet ($0.24) returned to kqfall1
kqfall1 collected $0.34 from pot
*** SUMMARY ***
Total pot $0.35 | Rake $0.01 
Board [9s 6d 7c]
Seat 1: sundwig folded before Flop (didn't bet)
Seat 2: KODEIN23_rus folded on the Flop
Seat 3: kqfall1 collected ($0.34)
Seat 4: Dorex2007 folded before Flop (didn't bet)
Seat 5: esch777 folded before Flop (didn't bet)
Seat 6: NickName8902 (button) folded before Flop (didn't bet)
Seat 7: Realtor59 (small blind) folded before Flop
Seat 8: Parker09SA (big blind) folded before Flop
Seat 9: OktavianOvid folded before Flop (didn't bet)



PokerStars Hand #226991464895:  Hold'em No Limit ($0.01/$0.02 USD) - 2021/05/23 1:02:27 PT [2021/05/23 4:02:27 ET]
Table 'Merapi II' 9-max Seat #7 is the button
Seat 1: sundwig ($1.95 in chips) 
Seat 2: KODEIN23_rus ($2.22 in chips) 
Seat 3: kqfall1 ($2.63 in chips) 
Seat 4: Dorex2007 ($2.05 in chips) 
Seat 5: esch777 ($0.61 in chips) 
Seat 6: NickName8902 ($0.70 in chips) 
Seat 7: Realtor59 ($1.87 in chips) 
Seat 8: Parker09SA ($2.13 in chips) 
Seat 9: OktavianOvid ($0.62 in chips) 
Parker09SA: posts small blind $0.01
OktavianOvid: posts big blind $0.02
*** HOLE CARDS ***
Dealt to Dorex2007 [Jh 6c]
sundwig: folds 
KODEIN23_rus: folds 
kqfall1: folds 
Dorex2007: folds 
esch777: folds 
NickName8902: folds 
Realtor59: folds 
Parker09SA: folds 
Uncalled bet ($0.01) returned to OktavianOvid
OktavianOvid collected $0.02 from pot
*** SUMMARY ***
Total pot $0.02 | Rake $0 
Seat 1: sundwig folded before Flop (didn't bet)
Seat 2: KODEIN23_rus folded before Flop (didn't bet)
Seat 3: kqfall1 folded before Flop (didn't bet)
Seat 4: Dorex2007 folded before Flop (didn't bet)
Seat 5: esch777 folded before Flop (didn't bet)
Seat 6: NickName8902 folded before Flop (didn't bet)
Seat 7: Realtor59 (button) folded before Flop (didn't bet)
Seat 8: Parker09SA (small blind) folded before Flop
Seat 9: OktavianOvid (big blind) collected ($0.02)



PokerStars Hand #226991467558:  Hold'em No Limit ($0.01/$0.02 USD) - 2021/05/23 1:02:41 PT [2021/05/23 4:02:41 ET]
Table 'Merapi II' 9-max Seat #8 is the button
Seat 1: sundwig ($1.95 in chips) 
Seat 2: KODEIN23_rus ($2.22 in chips) 
Seat 3: kqfall1 ($2.63 in chips) 
Seat 4: Dorex2007 ($2.05 in chips) 
Seat 5: esch777 ($0.61 in chips) 
Seat 6: NickName8902 ($0.70 in chips) 
Seat 7: Realtor59 ($1.87 in chips) 
Seat 8: Parker09SA ($2.12 in chips) 
Seat 9: OktavianOvid ($0.63 in chips) 
OktavianOvid: posts small blind $0.01
sundwig: posts big blind $0.02
*** HOLE CARDS ***
Dealt to Dorex2007 [7h 3d]
KODEIN23_rus: folds 
kqfall1: folds 
Dorex2007: folds 
esch777: folds 
NickName8902: folds 
Realtor59: raises $0.02 to $0.04
Parker09SA: raises $0.16 to $0.20
OktavianOvid: folds 
sundwig: folds 
Realtor59: folds 
Uncalled bet ($0.16) returned to Parker09SA
Parker09SA collected $0.11 from pot
Parker09SA: doesn't show hand 
*** SUMMARY ***
Total pot $0.11 | Rake $0 
Seat 1: sundwig (big blind) folded before Flop
Seat 2: KODEIN23_rus folded before Flop (didn't bet)
Seat 3: kqfall1 folded before Flop (didn't bet)
Seat 4: Dorex2007 folded before Flop (didn't bet)
Seat 5: esch777 folded before Flop (didn't bet)
Seat 6: NickName8902 folded before Flop (didn't bet)
Seat 7: Realtor59 folded before Flop
Seat 8: Parker09SA (button) collected ($0.11)
Seat 9: OktavianOvid (small blind) folded before Flop



PokerStars Hand #226991472055:  Hold'em No Limit ($0.01/$0.02 USD) - 2021/05/23 1:03:06 PT [2021/05/23 4:03:06 ET]
Table 'Merapi II' 9-max Seat #9 is the button
Seat 1: sundwig ($1.93 in chips) 
Seat 2: KODEIN23_rus ($2.22 in chips) 
Seat 3: kqfall1 ($2.63 in chips) 
Seat 4: Dorex2007 ($2.05 in chips) 
Seat 5: esch777 ($0.61 in chips) 
Seat 6: NickName8902 ($0.70 in chips) 
Seat 7: Realtor59 ($1.83 in chips) 
Seat 8: Parker09SA ($2.19 in chips) 
Seat 9: OktavianOvid ($0.62 in chips) 
sundwig: posts small blind $0.01
KODEIN23_rus: posts big blind $0.02
*** HOLE CARDS ***
Dealt to Dorex2007 [9s Qc]
kqfall1: raises $0.04 to $0.06
Dorex2007: folds 
esch777: folds 
NickName8902: folds 
Realtor59: folds 
Parker09SA: folds 
OktavianOvid: calls $0.06
sundwig: folds 
KODEIN23_rus: folds 
*** FLOP *** [4h 2h 9c]
kqfall1: checks 
OktavianOvid: bets $0.14
kqfall1: calls $0.14
*** TURN *** [4h 2h 9c] [4s]
kqfall1: checks 
OktavianOvid: bets $0.41
kqfall1: folds 
Uncalled bet ($0.41) returned to OktavianOvid
OktavianOvid collected $0.41 from pot
*** SUMMARY ***
Total pot $0.43 | Rake $0.02 
Board [4h 2h 9c 4s]
Seat 1: sundwig (small blind) folded before Flop
Seat 2: KODEIN23_rus (big blind) folded before Flop
Seat 3: kqfall1 folded on the Turn
Seat 4: Dorex2007 folded before Flop (didn't bet)
Seat 5: esch777 folded before Flop (didn't bet)
Seat 6: NickName8902 folded before Flop (didn't bet)
Seat 7: Realtor59 folded before Flop (didn't bet)
Seat 8: Parker09SA folded before Flop (didn't bet)
Seat 9: OktavianOvid (button) collected ($0.41)



PokerStars Hand #226991483964:  Hold'em No Limit ($0.01/$0.02 USD) - 2021/05/23 1:04:09 PT [2021/05/23 4:04:09 ET]
Table 'Merapi II' 9-max Seat #1 is the button
Seat 1: sundwig ($1.92 in chips) 
Seat 2: KODEIN23_rus ($2.20 in chips) 
Seat 3: kqfall1 ($2.43 in chips) 
Seat 4: Dorex2007 ($2.05 in chips) 
Seat 5: esch777 ($0.61 in chips) 
Seat 6: NickName8902 ($0.70 in chips) 
Seat 7: Realtor59 ($1.83 in chips) 
Seat 8: Parker09SA ($2.19 in chips) 
Seat 9: OktavianOvid ($0.83 in chips) 
KODEIN23_rus: posts small blind $0.01
kqfall1: posts big blind $0.02
*** HOLE CARDS ***
Dealt to Dorex2007 [5s Ah]
Dorex2007: folds 
esch777: folds 
NickName8902: folds 
Realtor59: folds 
Parker09SA: folds 
OktavianOvid: folds 
sundwig: folds 
KODEIN23_rus: folds 
Uncalled bet ($0.01) returned to kqfall1
kqfall1 collected $0.02 from pot
*** SUMMARY ***
Total pot $0.02 | Rake $0 
Seat 1: sundwig (button) folded before Flop (didn't bet)
Seat 2: KODEIN23_rus (small blind) folded before Flop
Seat 3: kqfall1 (big blind) collected ($0.02)
Seat 4: Dorex2007 folded before Flop (didn't bet)
Seat 5: esch777 folded before Flop (didn't bet)
Seat 6: NickName8902 folded before Flop (didn't bet)
Seat 7: Realtor59 folded before Flop (didn't bet)
Seat 8: Parker09SA folded before Flop (didn't bet)
Seat 9: OktavianOvid folded before Flop (didn't bet)



PokerStars Hand #226991487220:  Hold'em No Limit ($0.01/$0.02 USD) - 2021/05/23 1:04:26 PT [2021/05/23 4:04:26 ET]
Table 'Merapi II' 9-max Seat #2 is the button
Seat 1: sundwig ($1.92 in chips) 
Seat 2: KODEIN23_rus ($2.19 in chips) 
Seat 3: kqfall1 ($2.44 in chips) 
Seat 4: Dorex2007 ($2.05 in chips) 
Seat 5: esch777 ($0.61 in chips) 
Seat 6: NickName8902 ($0.70 in chips) 
Seat 7: Realtor59 ($1.83 in chips) 
Seat 8: Parker09SA ($2.19 in chips) 
Seat 9: OktavianOvid ($0.83 in chips) 
kqfall1: posts small blind $0.01
Dorex2007: posts big blind $0.02
*** HOLE CARDS ***
Dealt to Dorex2007 [9h Ah]
esch777: folds 
NickName8902: folds 
Realtor59: folds 
Parker09SA: folds 
OktavianOvid: folds 
sundwig: raises $0.04 to $0.06
KODEIN23_rus: raises $0.06 to $0.12
kqfall1: folds 
Dorex2007: folds 
sundwig: calls $0.06
*** FLOP *** [5d Td Ad]
sundwig: checks 
KODEIN23_rus: checks 
*** TURN *** [5d Td Ad] [Kc]
sundwig: bets $0.13
KODEIN23_rus: calls $0.13
*** RIVER *** [5d Td Ad Kc] [2d]
sundwig: checks 
KODEIN23_rus: checks 
*** SHOW DOWN ***
sundwig: shows [Ks As] (two pair, Aces and Kings)
KODEIN23_rus: mucks hand 
sundwig collected $0.51 from pot
*** SUMMARY ***
Total pot $0.53 | Rake $0.02 
Board [5d Td Ad Kc 2d]
Seat 1: sundwig showed [Ks As] and won ($0.51) with two pair, Aces and Kings
Seat 2: KODEIN23_rus (button) mucked [Jh Jc]
Seat 3: kqfall1 (small blind) folded before Flop
Seat 4: Dorex2007 (big blind) folded before Flop
Seat 5: esch777 folded before Flop (didn't bet)
Seat 6: NickName8902 folded before Flop (didn't bet)
Seat 7: Realtor59 folded before Flop (didn't bet)
Seat 8: Parker09SA folded before Flop (didn't bet)
Seat 9: OktavianOvid folded before Flop (didn't bet)



PokerStars Hand #226991495405:  Hold'em No Limit ($0.01/$0.02 USD) - 2021/05/23 1:05:10 PT [2021/05/23 4:05:10 ET]
Table 'Merapi II' 9-max Seat #3 is the button
Seat 1: sundwig ($2.18 in chips) 
Seat 2: KODEIN23_rus ($1.94 in chips) 
Seat 3: kqfall1 ($2.43 in chips) 
Seat 4: Dorex2007 ($2.03 in chips) 
Seat 5: esch777 ($0.61 in chips) 
Seat 6: NickName8902 ($0.70 in chips) 
Seat 7: Realtor59 ($1.83 in chips) 
Seat 8: Parker09SA ($2.19 in chips) 
Seat 9: OktavianOvid ($0.83 in chips) 
Dorex2007: posts small blind $0.01
esch777: posts big blind $0.02
*** HOLE CARDS ***
Dealt to Dorex2007 [4c 9d]
NickName8902: calls $0.02
Realtor59: folds 
Parker09SA: folds 
OktavianOvid: folds 
sundwig: folds 
KODEIN23_rus: folds 
kqfall1: calls $0.02
Dorex2007: folds 
esch777: checks 
*** FLOP *** [6s Qh 3h]
esch777 has timed out
esch777: checks 
NickName8902: bets $0.07
kqfall1: calls $0.07
esch777: folds 
*** TURN *** [6s Qh 3h] [3c]
NickName8902: bets $0.20
kqfall1: calls $0.20
*** RIVER *** [6s Qh 3h 3c] [9s]
NickName8902: checks 
kqfall1: bets $2.14 and is all-in
NickName8902: calls $0.41 and is all-in
Uncalled bet ($1.73) returned to kqfall1
*** SHOW DOWN ***
kqfall1: shows [4h 2h] (a pair of Threes)
NickName8902: shows [Ac Qd] (two pair, Queens and Threes)
NickName8902 collected $1.38 from pot
*** SUMMARY ***
Total pot $1.43 | Rake $0.05 
Board [6s Qh 3h 3c 9s]
Seat 1: sundwig folded before Flop (didn't bet)
Seat 2: KODEIN23_rus folded before Flop (didn't bet)
Seat 3: kqfall1 (button) showed [4h 2h] and lost with a pair of Threes
Seat 4: Dorex2007 (small blind) folded before Flop
Seat 5: esch777 (big blind) folded on the Flop
Seat 6: NickName8902 showed [Ac Qd] and won ($1.38) with two pair, Queens and Threes
Seat 7: Realtor59 folded before Flop (didn't bet)
Seat 8: Parker09SA folded before Flop (didn't bet)
Seat 9: OktavianOvid folded before Flop (didn't bet)



PokerStars Hand #226991522243:  Hold'em No Limit ($0.01/$0.02 USD) - 2021/05/23 1:07:33 PT [2021/05/23 4:07:33 ET]
Table 'Merapi II' 9-max Seat #4 is the button
Seat 1: sundwig ($2.18 in chips) 
Seat 2: KODEIN23_rus ($1.94 in chips) 
Seat 3: kqfall1 ($1.73 in chips) 
Seat 4: Dorex2007 ($2.02 in chips) 
Seat 5: esch777 ($0.59 in chips) 
Seat 6: NickName8902 ($1.38 in chips) 
Seat 7: Realtor59 ($1.83 in chips) 
Seat 8: Parker09SA ($2.19 in chips) 
Seat 9: OktavianOvid ($0.83 in chips) 
esch777: posts small blind $0.01
NickName8902: posts big blind $0.02
*** HOLE CARDS ***
Dealt to Dorex2007 [4h 8s]
Realtor59: raises $0.04 to $0.06
Parker09SA: folds 
OktavianOvid: folds 
sundwig: folds 
KODEIN23_rus: folds 
kqfall1: calls $0.06
Dorex2007: folds 
esch777: folds 
NickName8902: folds 
*** FLOP *** [7c Jd 9d]
Realtor59: bets $0.06
kqfall1: raises $0.20 to $0.26
Realtor59: raises $1.51 to $1.77 and is all-in
kqfall1: calls $1.41 and is all-in
Uncalled bet ($0.10) returned to Realtor59
*** TURN *** [7c Jd 9d] [5c]
*** RIVER *** [7c Jd 9d 5c] [Jh]
*** SHOW DOWN ***
Realtor59: shows [8d Ad] (a pair of Jacks)
kqfall1: shows [7h 7d] (a full house, Sevens full of Jacks)
kqfall1 collected $3.37 from pot
*** SUMMARY ***
Total pot $3.49 | Rake $0.12 
Board [7c Jd 9d 5c Jh]
Seat 1: sundwig folded before Flop (didn't bet)
Seat 2: KODEIN23_rus folded before Flop (didn't bet)
Seat 3: kqfall1 showed [7h 7d] and won ($3.37) with a full house, Sevens full of Jacks
Seat 4: Dorex2007 (button) folded before Flop (didn't bet)
Seat 5: esch777 (small blind) folded before Flop
Seat 6: NickName8902 (big blind) folded before Flop
Seat 7: Realtor59 showed [8d Ad] and lost with a pair of Jacks
Seat 8: Parker09SA folded before Flop (didn't bet)
Seat 9: OktavianOvid folded before Flop (didn't bet)



PokerStars Hand #226991538536:  Hold'em No Limit ($0.01/$0.02 USD) - 2021/05/23 1:08:28 PT [2021/05/23 4:08:28 ET]
Table 'Merapi II' 9-max Seat #5 is the button
Seat 1: sundwig ($2.18 in chips) 
Seat 2: KODEIN23_rus ($1.94 in chips) 
Seat 3: kqfall1 ($3.37 in chips) 
Seat 4: Dorex2007 ($2.02 in chips) 
Seat 5: esch777 ($0.58 in chips) 
Seat 6: NickName8902 ($1.36 in chips) 
Seat 7: Realtor59 ($0.10 in chips) 
Seat 8: Parker09SA ($2.19 in chips) 
Seat 9: OktavianOvid ($0.83 in chips) 
NickName8902: posts small blind $0.01
Realtor59: posts big blind $0.02
*** HOLE CARDS ***
Dealt to Dorex2007 [4s Tc]
Parker09SA: folds 
OktavianOvid: folds 
sundwig: folds 
KODEIN23_rus: folds 
kqfall1: raises $0.04 to $0.06
Dorex2007: folds 
esch777: folds 
NickName8902: folds 
Realtor59: folds 
Uncalled bet ($0.04) returned to kqfall1
kqfall1 collected $0.05 from pot
*** SUMMARY ***
Total pot $0.05 | Rake $0 
Seat 1: sundwig folded before Flop (didn't bet)
Seat 2: KODEIN23_rus folded before Flop (didn't bet)
Seat 3: kqfall1 collected ($0.05)
Seat 4: Dorex2007 folded before Flop (didn't bet)
Seat 5: esch777 (button) folded before Flop (didn't bet)
Seat 6: NickName8902 (small blind) folded before Flop
Seat 7: Realtor59 (big blind) folded before Flop
Seat 8: Parker09SA folded before Flop (didn't bet)
Seat 9: OktavianOvid folded before Flop (didn't bet)



PokerStars Hand #226991543093:  Hold'em No Limit ($0.01/$0.02 USD) - 2021/05/23 1:08:52 PT [2021/05/23 4:08:52 ET]
Table 'Merapi II' 9-max Seat #6 is the button
Seat 1: sundwig ($2.18 in chips) 
Seat 2: KODEIN23_rus ($1.94 in chips) 
Seat 3: kqfall1 ($3.40 in chips) 
Seat 4: Dorex2007 ($2.02 in chips) 
Seat 5: esch777 ($0.58 in chips) 
Seat 6: NickName8902 ($1.35 in chips) 
Seat 7: Realtor59 ($1.50 in chips) 
Seat 8: Parker09SA ($2.19 in chips) 
Seat 9: OktavianOvid ($0.83 in chips) 
Realtor59: posts small blind $0.01
Parker09SA: posts big blind $0.02
*** HOLE CARDS ***
Dealt to Dorex2007 [4s 4c]
OktavianOvid: folds 
sundwig: folds 
KODEIN23_rus: folds 
kqfall1: folds 
Dorex2007: raises $0.04 to $0.06
esch777: folds 
NickName8902: folds 
Realtor59: folds 
Parker09SA: calls $0.04
*** FLOP *** [Qd 8s 5s]
Parker09SA: checks 
Dorex2007: bets $0.09
Parker09SA: folds 
Uncalled bet ($0.09) returned to Dorex2007
Dorex2007 collected $0.13 from pot
Dorex2007: doesn't show hand 
*** SUMMARY ***
Total pot $0.13 | Rake $0 
Board [Qd 8s 5s]
Seat 1: sundwig folded before Flop (didn't bet)
Seat 2: KODEIN23_rus folded before Flop (didn't bet)
Seat 3: kqfall1 folded before Flop (didn't bet)
Seat 4: Dorex2007 collected ($0.13)
Seat 5: esch777 folded before Flop (didn't bet)
Seat 6: NickName8902 (button) folded before Flop (didn't bet)
Seat 7: Realtor59 (small blind) folded before Flop
Seat 8: Parker09SA (big blind) folded on the Flop
Seat 9: OktavianOvid folded before Flop (didn't bet)



PokerStars Hand #226991546970:  Hold'em No Limit ($0.01/$0.02 USD) - 2021/05/23 1:09:13 PT [2021/05/23 4:09:13 ET]
Table 'Merapi II' 9-max Seat #7 is the button
Seat 1: sundwig ($2.18 in chips) 
Seat 2: KODEIN23_rus ($1.94 in chips) 
Seat 3: kqfall1 ($3.40 in chips) 
Seat 4: Dorex2007 ($2.09 in chips) 
Seat 5: esch777 ($0.58 in chips) 
Seat 6: NickName8902 ($1.35 in chips) 
Seat 7: Realtor59 ($1.49 in chips) 
Seat 8: Parker09SA ($2.13 in chips) 
Seat 9: OktavianOvid ($0.83 in chips) 
Parker09SA: posts small blind $0.01
OktavianOvid: posts big blind $0.02
*** HOLE CARDS ***
Dealt to Dorex2007 [5h Tc]
sundwig: raises $0.04 to $0.06
KODEIN23_rus: folds 
kqfall1: folds 
Dorex2007: folds 
esch777: folds 
NickName8902: folds 
Realtor59: folds 
Parker09SA: raises $0.14 to $0.20
OktavianOvid: folds 
sundwig: folds 
Uncalled bet ($0.14) returned to Parker09SA
Parker09SA collected $0.14 from pot
Parker09SA: doesn't show hand 
*** SUMMARY ***
Total pot $0.14 | Rake $0 
Seat 1: sundwig folded before Flop
Seat 2: KODEIN23_rus folded before Flop (didn't bet)
Seat 3: kqfall1 folded before Flop (didn't bet)
Seat 4: Dorex2007 folded before Flop (didn't bet)
Seat 5: esch777 folded before Flop (didn't bet)
Seat 6: NickName8902 folded before Flop (didn't bet)
Seat 7: Realtor59 (button) folded before Flop (didn't bet)
Seat 8: Parker09SA (small blind) collected ($0.14)
Seat 9: OktavianOvid (big blind) folded before Flop



PokerStars Hand #226991550929:  Hold'em No Limit ($0.01/$0.02 USD) - 2021/05/23 1:09:35 PT [2021/05/23 4:09:35 ET]
Table 'Merapi II' 9-max Seat #8 is the button
Seat 1: sundwig ($2.12 in chips) 
Seat 2: KODEIN23_rus ($1.94 in chips) 
Seat 3: kqfall1 ($3.40 in chips) 
Seat 4: Dorex2007 ($2.09 in chips) 
Seat 5: esch777 ($0.58 in chips) 
Seat 6: NickName8902 ($1.35 in chips) 
Seat 7: Realtor59 ($1.49 in chips) 
Seat 8: Parker09SA ($2.21 in chips) 
Seat 9: OktavianOvid ($0.81 in chips) 
OktavianOvid: posts small blind $0.01
sundwig: posts big blind $0.02
*** HOLE CARDS ***
Dealt to Dorex2007 [Js 8d]
KODEIN23_rus: folds 
kqfall1: raises $0.04 to $0.06
Dorex2007: folds 
esch777: folds 
NickName8902: folds 
Realtor59: folds 
Parker09SA: folds 
OktavianOvid: calls $0.05
sundwig: folds 
*** FLOP *** [5s 8s 3d]
OktavianOvid: bets $0.02
kqfall1: calls $0.02
*** TURN *** [5s 8s 3d] [7c]
OktavianOvid: bets $0.02
kqfall1: calls $0.02
*** RIVER *** [5s 8s 3d 7c] [Ks]
OktavianOvid: bets $0.21
kqfall1: calls $0.21
*** SHOW DOWN ***
OktavianOvid: shows [3s As] (a flush, Ace high)
kqfall1: mucks hand 
OktavianOvid collected $0.62 from pot
*** SUMMARY ***
Total pot $0.64 | Rake $0.02 
Board [5s 8s 3d 7c Ks]
Seat 1: sundwig (big blind) folded before Flop
Seat 2: KODEIN23_rus folded before Flop (didn't bet)
Seat 3: kqfall1 mucked [Jd Kd]
Seat 4: Dorex2007 folded before Flop (didn't bet)
Seat 5: esch777 folded before Flop (didn't bet)
Seat 6: NickName8902 folded before Flop (didn't bet)
Seat 7: Realtor59 folded before Flop (didn't bet)
Seat 8: Parker09SA (button) folded before Flop (didn't bet)
Seat 9: OktavianOvid (small blind) showed [3s As] and won ($0.62) with a flush, Ace high



PokerStars Hand #226991563234:  Hold'em No Limit ($0.01/$0.02 USD) - 2021/05/23 1:10:41 PT [2021/05/23 4:10:41 ET]
Table 'Merapi II' 9-max Seat #9 is the button
Seat 1: sundwig ($2.10 in chips) 
Seat 2: KODEIN23_rus ($1.94 in chips) 
Seat 3: kqfall1 ($3.09 in chips) 
Seat 4: Dorex2007 ($2.09 in chips) 
Seat 5: esch777 ($0.58 in chips) 
Seat 6: NickName8902 ($1.35 in chips) 
Seat 7: Realtor59 ($1.49 in chips) 
Seat 8: Parker09SA ($2.21 in chips) 
Seat 9: OktavianOvid ($1.12 in chips) 
sundwig: posts small blind $0.01
KODEIN23_rus: posts big blind $0.02
*** HOLE CARDS ***
Dealt to Dorex2007 [4s 6d]
kqfall1: folds 
Dorex2007: folds 
esch777: raises $0.02 to $0.04
NickName8902: folds 
Realtor59: folds 
Parker09SA: folds 
OktavianOvid: folds 
sundwig: folds 
KODEIN23_rus: calls $0.02
*** FLOP *** [4h 5s 5d]
KODEIN23_rus: checks 
esch777: checks 
*** TURN *** [4h 5s 5d] [9s]
KODEIN23_rus: checks 
esch777: bets $0.02
KODEIN23_rus: calls $0.02
*** RIVER *** [4h 5s 5d 9s] [4c]
KODEIN23_rus: checks 
esch777: checks 
*** SHOW DOWN ***
KODEIN23_rus: shows [Js Ad] (two pair, Fives and Fours)
esch777: shows [9c 7c] (two pair, Nines and Fives)
esch777 collected $0.13 from pot
*** SUMMARY ***
Total pot $0.13 | Rake $0 
Board [4h 5s 5d 9s 4c]
Seat 1: sundwig (small blind) folded before Flop
Seat 2: KODEIN23_rus (big blind) showed [Js Ad] and lost with two pair, Fives and Fours
Seat 3: kqfall1 folded before Flop (didn't bet)
Seat 4: Dorex2007 folded before Flop (didn't bet)
Seat 5: esch777 showed [9c 7c] and won ($0.13) with two pair, Nines and Fives
Seat 6: NickName8902 folded before Flop (didn't bet)
Seat 7: Realtor59 folded before Flop (didn't bet)
Seat 8: Parker09SA folded before Flop (didn't bet)
Seat 9: OktavianOvid (button) folded before Flop (didn't bet)



PokerStars Hand #226991573599:  Hold'em No Limit ($0.01/$0.02 USD) - 2021/05/23 1:11:38 PT [2021/05/23 4:11:38 ET]
Table 'Merapi II' 9-max Seat #1 is the button
Seat 1: sundwig ($2.09 in chips) 
Seat 2: KODEIN23_rus ($1.88 in chips) 
Seat 3: kqfall1 ($3.09 in chips) 
Seat 4: Dorex2007 ($2.09 in chips) 
Seat 5: esch777 ($0.65 in chips) 
Seat 6: NickName8902 ($1.35 in chips) 
Seat 7: Realtor59 ($1.49 in chips) 
Seat 8: Parker09SA ($2.21 in chips) 
Seat 9: OktavianOvid ($1.12 in chips) 
KODEIN23_rus: posts small blind $0.01
kqfall1: posts big blind $0.02
*** HOLE CARDS ***
Dealt to Dorex2007 [8h 6d]
Dorex2007: folds 
esch777: folds 
NickName8902: folds 
Realtor59: folds 
Parker09SA: folds 
OktavianOvid: raises $0.05 to $0.07
sundwig: folds 
KODEIN23_rus: folds 
kqfall1: folds 
Uncalled bet ($0.05) returned to OktavianOvid
OktavianOvid collected $0.05 from pot
*** SUMMARY ***
Total pot $0.05 | Rake $0 
Seat 1: sundwig (button) folded before Flop (didn't bet)
Seat 2: KODEIN23_rus (small blind) folded before Flop
Seat 3: kqfall1 (big blind) folded before Flop
Seat 4: Dorex2007 folded before Flop (didn't bet)
Seat 5: esch777 folded before Flop (didn't bet)
Seat 6: NickName8902 folded before Flop (didn't bet)
Seat 7: Realtor59 folded before Flop (didn't bet)
Seat 8: Parker09SA folded before Flop (didn't bet)
Seat 9: OktavianOvid collected ($0.05)



PokerStars Hand #226991578094:  Hold'em No Limit ($0.01/$0.02 USD) - 2021/05/23 1:12:02 PT [2021/05/23 4:12:02 ET]
Table 'Merapi II' 9-max Seat #2 is the button
Seat 1: sundwig ($2.09 in chips) 
Seat 2: KODEIN23_rus ($1.99 in chips) 
Seat 3: kqfall1 ($3.07 in chips) 
Seat 4: Dorex2007 ($2.09 in chips) 
Seat 5: esch777 ($0.65 in chips) 
Seat 6: NickName8902 ($1.35 in chips) 
Seat 7: Realtor59 ($1.49 in chips) 
Seat 8: Parker09SA ($2.21 in chips) 
Seat 9: OktavianOvid ($1.15 in chips) 
kqfall1: posts small blind $0.01
Dorex2007: posts big blind $0.02
*** HOLE CARDS ***
Dealt to Dorex2007 [2h Qc]
esch777: folds 
NickName8902: folds 
Realtor59: folds 
Parker09SA: folds 
OktavianOvid: calls $0.02
sundwig: folds 
KODEIN23_rus: folds 
kqfall1: folds 
Dorex2007: checks 
*** FLOP *** [8d 5c Th]
Dorex2007: checks 
OktavianOvid: bets $0.03
Dorex2007: folds 
Uncalled bet ($0.03) returned to OktavianOvid
OktavianOvid collected $0.05 from pot
*** SUMMARY ***
Total pot $0.05 | Rake $0 
Board [8d 5c Th]
Seat 1: sundwig folded before Flop (didn't bet)
Seat 2: KODEIN23_rus (button) folded before Flop (didn't bet)
Seat 3: kqfall1 (small blind) folded before Flop
Seat 4: Dorex2007 (big blind) folded on the Flop
Seat 5: esch777 folded before Flop (didn't bet)
Seat 6: NickName8902 folded before Flop (didn't bet)
Seat 7: Realtor59 folded before Flop (didn't bet)
Seat 8: Parker09SA folded before Flop (didn't bet)
Seat 9: OktavianOvid collected ($0.05)



PokerStars Hand #226991583797:  Hold'em No Limit ($0.01/$0.02 USD) - 2021/05/23 1:12:34 PT [2021/05/23 4:12:34 ET]
Table 'Merapi II' 9-max Seat #3 is the button
Seat 1: sundwig ($2.09 in chips) 
Seat 2: KODEIN23_rus ($1.99 in chips) 
Seat 3: kqfall1 ($3.06 in chips) 
Seat 4: Dorex2007 ($2.07 in chips) 
Seat 5: esch777 ($0.65 in chips) 
Seat 6: NickName8902 ($1.35 in chips) 
Seat 7: Realtor59 ($1.49 in chips) 
Seat 8: Parker09SA ($2.21 in chips) 
Seat 9: OktavianOvid ($1.18 in chips) 
Dorex2007: posts small blind $0.01
esch777: posts big blind $0.02
*** HOLE CARDS ***
Dealt to Dorex2007 [5d Js]
NickName8902: folds 
Realtor59 has timed out
Realtor59: folds 
Parker09SA: folds 
OktavianOvid: folds 
sundwig: folds 
KODEIN23_rus: folds 
kqfall1: raises $0.04 to $0.06
Dorex2007: folds 
esch777: folds 
Uncalled bet ($0.04) returned to kqfall1
kqfall1 collected $0.05 from pot
*** SUMMARY ***
Total pot $0.05 | Rake $0 
Seat 1: sundwig folded before Flop (didn't bet)
Seat 2: KODEIN23_rus folded before Flop (didn't bet)
Seat 3: kqfall1 (button) collected ($0.05)
Seat 4: Dorex2007 (small blind) folded before Flop
Seat 5: esch777 (big blind) folded before Flop
Seat 6: NickName8902 folded before Flop (didn't bet)
Seat 7: Realtor59 folded before Flop (didn't bet)
Seat 8: Parker09SA folded before Flop (didn't bet)
Seat 9: OktavianOvid folded before Flop (didn't bet)



PokerStars Hand #226991589054:  Hold'em No Limit ($0.01/$0.02 USD) - 2021/05/23 1:13:02 PT [2021/05/23 4:13:02 ET]
Table 'Merapi II' 9-max Seat #4 is the button
Seat 1: sundwig ($2.09 in chips) 
Seat 2: KODEIN23_rus ($1.99 in chips) 
Seat 3: kqfall1 ($3.09 in chips) 
Seat 4: Dorex2007 ($2.06 in chips) 
Seat 5: esch777 ($0.63 in chips) 
Seat 6: NickName8902 ($1.35 in chips) 
Seat 7: Realtor59 ($1.49 in chips) 
Seat 8: Parker09SA ($2.21 in chips) 
Seat 9: OktavianOvid ($1.18 in chips) 
esch777: posts small blind $0.01
NickName8902: posts big blind $0.02
*** HOLE CARDS ***
Dealt to Dorex2007 [3d Kc]
Realtor59: folds 
Realtor59 leaves the table
Parker09SA: folds 
OktavianOvid: folds 
sundwig: folds 
KODEIN23_rus: folds 
kqfall1: folds 
Dorex2007: folds 
Aenthis joins the table at seat #7 
esch777: raises $0.04 to $0.06
NickName8902: folds 
Uncalled bet ($0.04) returned to esch777
esch777 collected $0.04 from pot
esch777: doesn't show hand 
*** SUMMARY ***
Total pot $0.04 | Rake $0 
Seat 1: sundwig folded before Flop (didn't bet)
Seat 2: KODEIN23_rus folded before Flop (didn't bet)
Seat 3: kqfall1 folded before Flop (didn't bet)
Seat 4: Dorex2007 (button) folded before Flop (didn't bet)
Seat 5: esch777 (small blind) collected ($0.04)
Seat 6: NickName8902 (big blind) folded before Flop
Seat 7: Realtor59 folded before Flop (didn't bet)
Seat 8: Parker09SA folded before Flop (didn't bet)
Seat 9: OktavianOvid folded before Flop (didn't bet)



PokerStars Hand #226991593759:  Hold'em No Limit ($0.01/$0.02 USD) - 2021/05/23 1:13:27 PT [2021/05/23 4:13:27 ET]
Table 'Merapi II' 9-max Seat #5 is the button
Seat 1: sundwig ($2.09 in chips) 
Seat 2: KODEIN23_rus ($1.99 in chips) 
Seat 3: kqfall1 ($3.09 in chips) 
Seat 4: Dorex2007 ($2.06 in chips) 
Seat 5: esch777 ($0.65 in chips) 
Seat 6: NickName8902 ($1.33 in chips) 
Seat 7: Aenthis ($2 in chips) 
Seat 8: Parker09SA ($2.21 in chips) 
Seat 9: OktavianOvid ($1.18 in chips) 
NickName8902: posts small blind $0.01
Aenthis: posts big blind $0.02
*** HOLE CARDS ***
Dealt to Dorex2007 [4c Jc]
Parker09SA: folds 
OktavianOvid: folds 
sundwig: folds 
KODEIN23_rus: raises $0.04 to $0.06
kqfall1: folds 
Dorex2007: folds 
esch777 has timed out
esch777: folds 
NickName8902: folds 
Aenthis: folds 
Uncalled bet ($0.04) returned to KODEIN23_rus
KODEIN23_rus collected $0.05 from pot
*** SUMMARY ***
Total pot $0.05 | Rake $0 
Seat 1: sundwig folded before Flop (didn't bet)
Seat 2: KODEIN23_rus collected ($0.05)
Seat 3: kqfall1 folded before Flop (didn't bet)
Seat 4: Dorex2007 folded before Flop (didn't bet)
Seat 5: esch777 (button) folded before Flop (didn't bet)
Seat 6: NickName8902 (small blind) folded before Flop
Seat 7: Aenthis (big blind) folded before Flop
Seat 8: Parker09SA folded before Flop (didn't bet)
Seat 9: OktavianOvid folded before Flop (didn't bet)



PokerStars Hand #226991599384:  Hold'em No Limit ($0.01/$0.02 USD) - 2021/05/23 1:13:58 PT [2021/05/23 4:13:58 ET]
Table 'Merapi II' 9-max Seat #6 is the button
Seat 1: sundwig ($2.09 in chips) 
Seat 2: KODEIN23_rus ($2.02 in chips) 
Seat 3: kqfall1 ($3.09 in chips) 
Seat 4: Dorex2007 ($2.06 in chips) 
Seat 5: esch777 ($0.65 in chips) 
Seat 6: NickName8902 ($1.32 in chips) 
Seat 7: Aenthis ($1.98 in chips) 
Seat 8: Parker09SA ($2.21 in chips) 
Seat 9: OktavianOvid ($1.18 in chips) 
Aenthis: posts small blind $0.01
Parker09SA: posts big blind $0.02
*** HOLE CARDS ***
Dealt to Dorex2007 [3s Qd]
OktavianOvid: folds 
sundwig: folds 
KODEIN23_rus: folds 
kqfall1: folds 
Dorex2007: folds 
esch777: folds 
NickName8902: raises $0.08 to $0.10
Aenthis: folds 
Parker09SA: folds 
Uncalled bet ($0.08) returned to NickName8902
NickName8902 collected $0.05 from pot
NickName8902: doesn't show hand 
*** SUMMARY ***
Total pot $0.05 | Rake $0 
Seat 1: sundwig folded before Flop (didn't bet)
Seat 2: KODEIN23_rus folded before Flop (didn't bet)
Seat 3: kqfall1 folded before Flop (didn't bet)
Seat 4: Dorex2007 folded before Flop (didn't bet)
Seat 5: esch777 folded before Flop (didn't bet)
Seat 6: NickName8902 (button) collected ($0.05)
Seat 7: Aenthis (small blind) folded before Flop
Seat 8: Parker09SA (big blind) folded before Flop
Seat 9: OktavianOvid folded before Flop (didn't bet)



PokerStars Hand #226991605347:  Hold'em No Limit ($0.01/$0.02 USD) - 2021/05/23 1:14:30 PT [2021/05/23 4:14:30 ET]
Table 'Merapi II' 9-max Seat #7 is the button
Seat 1: sundwig ($2.09 in chips) 
Seat 2: KODEIN23_rus ($2.02 in chips) 
Seat 3: kqfall1 ($3.09 in chips) 
Seat 4: Dorex2007 ($2.06 in chips) 
Seat 5: esch777 ($0.65 in chips) 
Seat 6: NickName8902 ($1.35 in chips) 
Seat 7: Aenthis ($1.97 in chips) 
Seat 8: Parker09SA ($2.19 in chips) 
Seat 9: OktavianOvid ($1.18 in chips) 
Parker09SA: posts small blind $0.01
OktavianOvid: posts big blind $0.02
*** HOLE CARDS ***
Dealt to Dorex2007 [2c 2s]
sundwig: folds 
KODEIN23_rus: raises $0.02 to $0.04
kqfall1: calls $0.04
Dorex2007: folds 
esch777: folds 
NickName8902: calls $0.04
Aenthis: folds 
Parker09SA: calls $0.03
OktavianOvid: calls $0.02
*** FLOP *** [Jd 5d 9c]
Parker09SA: checks 
OktavianOvid: checks 
KODEIN23_rus: bets $0.12
kqfall1: folds 
NickName8902: calls $0.12
Parker09SA: raises $0.32 to $0.44
OktavianOvid: folds 
KODEIN23_rus: folds 
NickName8902: folds 
Uncalled bet ($0.32) returned to Parker09SA
Parker09SA collected $0.54 from pot
Parker09SA: doesn't show hand 
*** SUMMARY ***
Total pot $0.56 | Rake $0.02 
Board [Jd 5d 9c]
Seat 1: sundwig folded before Flop (didn't bet)
Seat 2: KODEIN23_rus folded on the Flop
Seat 3: kqfall1 folded on the Flop
Seat 4: Dorex2007 folded before Flop (didn't bet)
Seat 5: esch777 folded before Flop (didn't bet)
Seat 6: NickName8902 folded on the Flop
Seat 7: Aenthis (button) folded before Flop (didn't bet)
Seat 8: Parker09SA (small blind) collected ($0.54)
Seat 9: OktavianOvid (big blind) folded on the Flop



PokerStars Hand #226991618393:  Hold'em No Limit ($0.01/$0.02 USD) - 2021/05/23 1:15:39 PT [2021/05/23 4:15:39 ET]
Table 'Merapi II' 9-max Seat #8 is the button
Seat 1: sundwig ($2.09 in chips) 
Seat 2: KODEIN23_rus ($1.86 in chips) 
Seat 3: kqfall1 ($3.05 in chips) 
Seat 4: Dorex2007 ($2.06 in chips) 
Seat 5: esch777 ($0.65 in chips) 
Seat 6: NickName8902 ($1.19 in chips) 
Seat 7: Aenthis ($1.97 in chips) 
Seat 8: Parker09SA ($2.57 in chips) 
Seat 9: OktavianOvid ($1.14 in chips) 
OktavianOvid: posts small blind $0.01
sundwig: posts big blind $0.02
*** HOLE CARDS ***
Dealt to Dorex2007 [6h Tc]
KODEIN23_rus: folds 
kqfall1: folds 
Dorex2007: folds 
esch777: folds 
NickName8902: raises $0.08 to $0.10
Aenthis: folds 
Parker09SA: calls $0.10
OktavianOvid: folds 
sundwig: folds 
*** FLOP *** [Kc 4s 8s]
NickName8902: bets $0.12
Parker09SA: calls $0.12
*** TURN *** [Kc 4s 8s] [5h]
NickName8902: checks 
Parker09SA: bets $0.23
NickName8902: folds 
Uncalled bet ($0.23) returned to Parker09SA
Parker09SA collected $0.45 from pot
Parker09SA: doesn't show hand 
*** SUMMARY ***
Total pot $0.47 | Rake $0.02 
Board [Kc 4s 8s 5h]
Seat 1: sundwig (big blind) folded before Flop
Seat 2: KODEIN23_rus folded before Flop (didn't bet)
Seat 3: kqfall1 folded before Flop (didn't bet)
Seat 4: Dorex2007 folded before Flop (didn't bet)
Seat 5: esch777 folded before Flop (didn't bet)
Seat 6: NickName8902 folded on the Turn
Seat 7: Aenthis folded before Flop (didn't bet)
Seat 8: Parker09SA (button) collected ($0.45)
Seat 9: OktavianOvid (small blind) folded before Flop



PokerStars Hand #226991628553:  Hold'em No Limit ($0.01/$0.02 USD) - 2021/05/23 1:16:32 PT [2021/05/23 4:16:32 ET]
Table 'Merapi II' 9-max Seat #9 is the button
Seat 1: sundwig ($2.07 in chips) 
Seat 2: KODEIN23_rus ($1.86 in chips) 
Seat 3: kqfall1 ($3.05 in chips) 
Seat 4: Dorex2007 ($2.06 in chips) 
Seat 5: esch777 ($0.65 in chips) 
Seat 6: NickName8902 ($0.97 in chips) 
Seat 7: Aenthis ($1.97 in chips) 
Seat 8: Parker09SA ($2.80 in chips) 
Seat 9: OktavianOvid ($1.13 in chips) 
sundwig: posts small blind $0.01
KODEIN23_rus: posts big blind $0.02
*** HOLE CARDS ***
Dealt to Dorex2007 [8h Ah]
kqfall1: folds 
Dorex2007: raises $0.04 to $0.06
esch777: folds 
NickName8902: folds 
Aenthis: folds 
Parker09SA: calls $0.06
OktavianOvid: folds 
sundwig: folds 
KODEIN23_rus: folds 
*** FLOP *** [6h 4s 2h]
Dorex2007: bets $0.14
Parker09SA: folds 
Uncalled bet ($0.14) returned to Dorex2007
Dorex2007 collected $0.14 from pot
Dorex2007: doesn't show hand 
*** SUMMARY ***
Total pot $0.15 | Rake $0.01 
Board [6h 4s 2h]
Seat 1: sundwig (small blind) folded before Flop
Seat 2: KODEIN23_rus (big blind) folded before Flop
Seat 3: kqfall1 folded before Flop (didn't bet)
Seat 4: Dorex2007 collected ($0.14)
Seat 5: esch777 folded before Flop (didn't bet)
Seat 6: NickName8902 folded before Flop (didn't bet)
Seat 7: Aenthis folded before Flop (didn't bet)
Seat 8: Parker09SA folded on the Flop
Seat 9: OktavianOvid (button) folded before Flop (didn't bet)



PokerStars Hand #226991633892:  Hold'em No Limit ($0.01/$0.02 USD) - 2021/05/23 1:17:00 PT [2021/05/23 4:17:00 ET]
Table 'Merapi II' 9-max Seat #1 is the button
Seat 1: sundwig ($2.06 in chips) 
Seat 2: KODEIN23_rus ($1.84 in chips) 
Seat 3: kqfall1 ($3.05 in chips) 
Seat 4: Dorex2007 ($2.14 in chips) 
Seat 5: esch777 ($0.65 in chips) 
Seat 6: NickName8902 ($0.97 in chips) 
Seat 7: Aenthis ($1.97 in chips) 
Seat 8: Parker09SA ($2.74 in chips) 
Seat 9: OktavianOvid ($1.13 in chips) 
KODEIN23_rus: posts small blind $0.01
kqfall1: posts big blind $0.02
*** HOLE CARDS ***
Dealt to Dorex2007 [Jh As]
Dorex2007: folds 
esch777: folds 
NickName8902: folds 
Aenthis: raises $0.02 to $0.04
Parker09SA: folds 
OktavianOvid: folds 
sundwig: folds 
KODEIN23_rus: folds 
kqfall1: folds 
Uncalled bet ($0.02) returned to Aenthis
Aenthis collected $0.05 from pot
Aenthis: doesn't show hand 
*** SUMMARY ***
Total pot $0.05 | Rake $0 
Seat 1: sundwig (button) folded before Flop (didn't bet)
Seat 2: KODEIN23_rus (small blind) folded before Flop
Seat 3: kqfall1 (big blind) folded before Flop
Seat 4: Dorex2007 folded before Flop (didn't bet)
Seat 5: esch777 folded before Flop (didn't bet)
Seat 6: NickName8902 folded before Flop (didn't bet)
Seat 7: Aenthis collected ($0.05)
Seat 8: Parker09SA folded before Flop (didn't bet)
Seat 9: OktavianOvid folded before Flop (didn't bet)



PokerStars Hand #226991638970:  Hold'em No Limit ($0.01/$0.02 USD) - 2021/05/23 1:17:27 PT [2021/05/23 4:17:27 ET]
Table 'Merapi II' 9-max Seat #2 is the button
Seat 1: sundwig ($2.06 in chips) 
Seat 2: KODEIN23_rus ($1.83 in chips) 
Seat 3: kqfall1 ($3.03 in chips) 
Seat 4: Dorex2007 ($2.14 in chips) 
Seat 5: esch777 ($0.65 in chips) 
Seat 6: NickName8902 ($0.97 in chips) 
Seat 7: Aenthis ($2 in chips) 
Seat 8: Parker09SA ($2.74 in chips) 
Seat 9: OktavianOvid ($1.13 in chips) 
kqfall1: posts small blind $0.01
Dorex2007: posts big blind $0.02
*** HOLE CARDS ***
Dealt to Dorex2007 [2s 4c]
esch777: folds 
NickName8902: folds 
Aenthis: calls $0.02
Parker09SA: folds 
OktavianOvid: folds 
sundwig: folds 
KODEIN23_rus: folds 
kqfall1: calls $0.01
Dorex2007: checks 
*** FLOP *** [Js 6s 9h]
kqfall1: checks 
Dorex2007: checks 
Aenthis: bets $0.06
kqfall1: folds 
Dorex2007: folds 
Uncalled bet ($0.06) returned to Aenthis
Aenthis collected $0.06 from pot
Aenthis: doesn't show hand 
*** SUMMARY ***
Total pot $0.06 | Rake $0 
Board [Js 6s 9h]
Seat 1: sundwig folded before Flop (didn't bet)
Seat 2: KODEIN23_rus (button) folded before Flop (didn't bet)
Seat 3: kqfall1 (small blind) folded on the Flop
Seat 4: Dorex2007 (big blind) folded on the Flop
Seat 5: esch777 folded before Flop (didn't bet)
Seat 6: NickName8902 folded before Flop (didn't bet)
Seat 7: Aenthis collected ($0.06)
Seat 8: Parker09SA folded before Flop (didn't bet)
Seat 9: OktavianOvid folded before Flop (didn't bet)



PokerStars Hand #226991645699:  Hold'em No Limit ($0.01/$0.02 USD) - 2021/05/23 1:18:03 PT [2021/05/23 4:18:03 ET]
Table 'Merapi II' 9-max Seat #3 is the button
Seat 1: sundwig ($2.06 in chips) 
Seat 2: KODEIN23_rus ($1.83 in chips) 
Seat 3: kqfall1 ($3.01 in chips) 
Seat 4: Dorex2007 ($2.12 in chips) 
Seat 5: esch777 ($0.65 in chips) 
Seat 6: NickName8902 ($0.97 in chips) 
Seat 7: Aenthis ($2.04 in chips) 
Seat 8: Parker09SA ($2.74 in chips) 
Seat 9: OktavianOvid ($1.13 in chips) 
Dorex2007: posts small blind $0.01
esch777: posts big blind $0.02
*** HOLE CARDS ***
Dealt to Dorex2007 [9c Qc]
NickName8902: raises $0.08 to $0.10
Aenthis: folds 
Parker09SA: folds 
OktavianOvid: folds 
sundwig: folds 
KODEIN23_rus: folds 
kqfall1: calls $0.10
Dorex2007: folds 
esch777: folds 
*** FLOP *** [Kc Td 7c]
NickName8902: bets $0.10
kqfall1: folds 
Uncalled bet ($0.10) returned to NickName8902
NickName8902 collected $0.22 from pot
NickName8902: doesn't show hand 
*** SUMMARY ***
Total pot $0.23 | Rake $0.01 
Board [Kc Td 7c]
Seat 1: sundwig folded before Flop (didn't bet)
Seat 2: KODEIN23_rus folded before Flop (didn't bet)
Seat 3: kqfall1 (button) folded on the Flop
Seat 4: Dorex2007 (small blind) folded before Flop
Seat 5: esch777 (big blind) folded before Flop
Seat 6: NickName8902 collected ($0.22)
Seat 7: Aenthis folded before Flop (didn't bet)
Seat 8: Parker09SA folded before Flop (didn't bet)
Seat 9: OktavianOvid folded before Flop (didn't bet)



PokerStars Hand #226991652423:  Hold'em No Limit ($0.01/$0.02 USD) - 2021/05/23 1:18:38 PT [2021/05/23 4:18:38 ET]
Table 'Merapi II' 9-max Seat #4 is the button
Seat 1: sundwig ($2.06 in chips) 
Seat 2: KODEIN23_rus ($1.83 in chips) 
Seat 3: kqfall1 ($2.91 in chips) 
Seat 4: Dorex2007 ($2.11 in chips) 
Seat 5: esch777 ($0.63 in chips) 
Seat 6: NickName8902 ($1.09 in chips) 
Seat 7: Aenthis ($2.04 in chips) 
Seat 8: Parker09SA ($2.74 in chips) 
Seat 9: OktavianOvid ($1.13 in chips) 
esch777: posts small blind $0.01
NickName8902: posts big blind $0.02
*** HOLE CARDS ***
Dealt to Dorex2007 [3c 6d]
Aenthis: folds 
Parker09SA: raises $0.04 to $0.06
OktavianOvid: folds 
sundwig: calls $0.06
KODEIN23_rus: folds 
kqfall1: folds 
Dorex2007: folds 
OktavianOvid leaves the table
esch777: folds 
NickName8902: folds 
*** FLOP *** [Ks 2h 7d]
Parker09SA: bets $0.07
sundwig: folds 
Uncalled bet ($0.07) returned to Parker09SA
Parker09SA collected $0.14 from pot
Parker09SA: doesn't show hand 
*** SUMMARY ***
Total pot $0.15 | Rake $0.01 
Board [Ks 2h 7d]
Seat 1: sundwig folded on the Flop
Seat 2: KODEIN23_rus folded before Flop (didn't bet)
Seat 3: kqfall1 folded before Flop (didn't bet)
Seat 4: Dorex2007 (button) folded before Flop (didn't bet)
Seat 5: esch777 (small blind) folded before Flop
Seat 6: NickName8902 (big blind) folded before Flop
Seat 7: Aenthis folded before Flop (didn't bet)
Seat 8: Parker09SA collected ($0.14)
Seat 9: OktavianOvid folded before Flop (didn't bet)



PokerStars Hand #226991658046:  Hold'em No Limit ($0.01/$0.02 USD) - 2021/05/23 1:19:07 PT [2021/05/23 4:19:07 ET]
Table 'Merapi II' 9-max Seat #5 is the button
Seat 1: sundwig ($2 in chips) 
Seat 2: KODEIN23_rus ($1.83 in chips) 
Seat 3: kqfall1 ($2.91 in chips) 
Seat 4: Dorex2007 ($2.11 in chips) 
Seat 5: esch777 ($0.62 in chips) 
Seat 6: NickName8902 ($1.07 in chips) 
Seat 7: Aenthis ($2.04 in chips) 
Seat 8: Parker09SA ($2.82 in chips) 
NickName8902: posts small blind $0.01
Aenthis: posts big blind $0.02
*** HOLE CARDS ***
Dealt to Dorex2007 [Tc 3h]
Parker09SA: folds 
sundwig: folds 
KODEIN23_rus: folds 
kqfall1: raises $0.04 to $0.06
Dorex2007: folds 
Arimateja joins the table at seat #9 
esch777: folds 
NickName8902: folds 
Aenthis: folds 
Uncalled bet ($0.04) returned to kqfall1
kqfall1 collected $0.05 from pot
*** SUMMARY ***
Total pot $0.05 | Rake $0 
Seat 1: sundwig folded before Flop (didn't bet)
Seat 2: KODEIN23_rus folded before Flop (didn't bet)
Seat 3: kqfall1 collected ($0.05)
Seat 4: Dorex2007 folded before Flop (didn't bet)
Seat 5: esch777 (button) folded before Flop (didn't bet)
Seat 6: NickName8902 (small blind) folded before Flop
Seat 7: Aenthis (big blind) folded before Flop
Seat 8: Parker09SA folded before Flop (didn't bet)



PokerStars Hand #226991662756:  Hold'em No Limit ($0.01/$0.02 USD) - 2021/05/23 1:19:32 PT [2021/05/23 4:19:32 ET]
Table 'Merapi II' 9-max Seat #6 is the button
Seat 1: sundwig ($2 in chips) 
Seat 2: KODEIN23_rus ($1.83 in chips) 
Seat 3: kqfall1 ($2.94 in chips) 
Seat 4: Dorex2007 ($2.11 in chips) 
Seat 5: esch777 ($0.62 in chips) 
Seat 6: NickName8902 ($1.06 in chips) 
Seat 7: Aenthis ($2.02 in chips) 
Seat 8: Parker09SA ($2.82 in chips) 
Aenthis: posts small blind $0.01
Parker09SA: posts big blind $0.02
Arimateja: sits out 
*** HOLE CARDS ***
Dealt to Dorex2007 [7h 3c]
sundwig: folds 
KODEIN23_rus: raises $0.04 to $0.06
kqfall1: folds 
Dorex2007: folds 
esch777 has timed out
esch777: folds 
NickName8902: folds 
Aenthis: calls $0.05
Parker09SA: folds 
*** FLOP *** [3d 8s 8h]
Aenthis: checks 
KODEIN23_rus: bets $0.07
Aenthis: calls $0.07
*** TURN *** [3d 8s 8h] [Kh]
Aenthis: checks 
KODEIN23_rus: checks 
*** RIVER *** [3d 8s 8h Kh] [5h]
Aenthis: bets $0.27
KODEIN23_rus: folds 
Uncalled bet ($0.27) returned to Aenthis
Aenthis collected $0.27 from pot
Aenthis: doesn't show hand 
*** SUMMARY ***
Total pot $0.28 | Rake $0.01 
Board [3d 8s 8h Kh 5h]
Seat 1: sundwig folded before Flop (didn't bet)
Seat 2: KODEIN23_rus folded on the River
Seat 3: kqfall1 folded before Flop (didn't bet)
Seat 4: Dorex2007 folded before Flop (didn't bet)
Seat 5: esch777 folded before Flop (didn't bet)
Seat 6: NickName8902 (button) folded before Flop (didn't bet)
Seat 7: Aenthis (small blind) collected ($0.27)
Seat 8: Parker09SA (big blind) folded before Flop



PokerStars Hand #226991674610:  Hold'em No Limit ($0.01/$0.02 USD) - 2021/05/23 1:20:35 PT [2021/05/23 4:20:35 ET]
Table 'Merapi II' 9-max Seat #7 is the button
Seat 1: sundwig ($2 in chips) 
Seat 2: KODEIN23_rus ($1.70 in chips) 
Seat 3: kqfall1 ($2.94 in chips) 
Seat 4: Dorex2007 ($2.11 in chips) 
Seat 5: esch777 ($0.62 in chips) 
Seat 6: NickName8902 ($1.06 in chips) 
Seat 7: Aenthis ($2.16 in chips) 
Seat 8: Parker09SA ($2.80 in chips) 
Seat 9: Arimateja ($0.80 in chips) 
Parker09SA: posts small blind $0.01
Arimateja: posts big blind $0.02
*** HOLE CARDS ***
Dealt to Dorex2007 [Ah 4s]
sundwig: folds 
KODEIN23_rus: raises $0.04 to $0.06
kqfall1: raises $0.20 to $0.26
Dorex2007: folds 
esch777: folds 
NickName8902: folds 
Aenthis: folds 
Parker09SA: folds 
Arimateja: raises $0.54 to $0.80 and is all-in
KODEIN23_rus: folds 
kqfall1: folds 
Uncalled bet ($0.54) returned to Arimateja
Arimateja collected $0.59 from pot
Arimateja: doesn't show hand 
*** SUMMARY ***
Total pot $0.59 | Rake $0 
Seat 1: sundwig folded before Flop (didn't bet)
Seat 2: KODEIN23_rus folded before Flop
Seat 3: kqfall1 folded before Flop
Seat 4: Dorex2007 folded before Flop (didn't bet)
Seat 5: esch777 folded before Flop (didn't bet)
Seat 6: NickName8902 folded before Flop (didn't bet)
Seat 7: Aenthis (button) folded before Flop (didn't bet)
Seat 8: Parker09SA (small blind) folded before Flop
Seat 9: Arimateja (big blind) collected ($0.59)



PokerStars Hand #226991680367:  Hold'em No Limit ($0.01/$0.02 USD) - 2021/05/23 1:21:05 PT [2021/05/23 4:21:05 ET]
Table 'Merapi II' 9-max Seat #8 is the button
Seat 1: sundwig ($2 in chips) 
Seat 2: KODEIN23_rus ($1.94 in chips) 
Seat 3: kqfall1 ($2.68 in chips) 
Seat 4: Dorex2007 ($2.11 in chips) 
Seat 5: esch777 ($0.62 in chips) 
Seat 6: NickName8902 ($1.06 in chips) 
Seat 7: Aenthis ($2.16 in chips) 
Seat 8: Parker09SA ($2.79 in chips) 
Seat 9: Arimateja ($1.13 in chips) 
Arimateja: posts small blind $0.01
sundwig: posts big blind $0.02
*** HOLE CARDS ***
Dealt to Dorex2007 [6c 6h]
KODEIN23_rus: folds 
kqfall1: folds 
Dorex2007: raises $0.02 to $0.04
esch777: calls $0.04
NickName8902: folds 
Aenthis: calls $0.04
Parker09SA: raises $0.19 to $0.23
Arimateja: folds 
sundwig: folds 
Dorex2007: folds 
esch777: calls $0.19
Aenthis: folds 
*** FLOP *** [2c 5c 3d]
esch777: bets $0.39 and is all-in
Parker09SA: calls $0.39
*** TURN *** [2c 5c 3d] [7h]
*** RIVER *** [2c 5c 3d 7h] [Qd]
*** SHOW DOWN ***
esch777: shows [Qc Ac] (a pair of Queens)
Parker09SA: shows [Qs As] (a pair of Queens)
esch777 collected $0.65 from pot
Parker09SA collected $0.65 from pot
*** SUMMARY ***
Total pot $1.35 | Rake $0.05 
Board [2c 5c 3d 7h Qd]
Seat 1: sundwig (big blind) folded before Flop
Seat 2: KODEIN23_rus folded before Flop (didn't bet)
Seat 3: kqfall1 folded before Flop (didn't bet)
Seat 4: Dorex2007 folded before Flop
Seat 5: esch777 showed [Qc Ac] and won ($0.65) with a pair of Queens
Seat 6: NickName8902 folded before Flop (didn't bet)
Seat 7: Aenthis folded before Flop
Seat 8: Parker09SA (button) showed [Qs As] and won ($0.65) with a pair of Queens
Seat 9: Arimateja (small blind) folded before Flop



PokerStars Hand #226991689479:  Hold'em No Limit ($0.01/$0.02 USD) - 2021/05/23 1:21:51 PT [2021/05/23 4:21:51 ET]
Table 'Merapi II' 9-max Seat #9 is the button
Seat 1: sundwig ($1.98 in chips) 
Seat 2: KODEIN23_rus ($1.94 in chips) 
Seat 3: kqfall1 ($2.68 in chips) 
Seat 4: Dorex2007 ($2.07 in chips) 
Seat 5: esch777 ($0.65 in chips) 
Seat 6: NickName8902 ($1.06 in chips) 
Seat 7: Aenthis ($2.12 in chips) 
Seat 8: Parker09SA ($2.82 in chips) 
Seat 9: Arimateja ($1.12 in chips) 
sundwig: posts small blind $0.01
KODEIN23_rus: posts big blind $0.02
*** HOLE CARDS ***
Dealt to Dorex2007 [As Jd]
kqfall1: folds 
Dorex2007: raises $0.04 to $0.06
esch777: calls $0.06
NickName8902: folds 
Aenthis: folds 
Parker09SA: calls $0.06
Arimateja: folds 
sundwig: folds 
KODEIN23_rus: folds 
*** FLOP *** [Kc 4d Ah]
Dorex2007: bets $0.13
esch777: calls $0.13
Parker09SA: folds 
*** TURN *** [Kc 4d Ah] [7d]
Dorex2007: checks 
esch777: checks 
*** RIVER *** [Kc 4d Ah 7d] [7c]
Dorex2007: bets $0.23
esch777: calls $0.23
*** SHOW DOWN ***
Dorex2007: shows [As Jd] (two pair, Aces and Sevens)
esch777: mucks hand 
Dorex2007 collected $0.90 from pot
*** SUMMARY ***
Total pot $0.93 | Rake $0.03 
Board [Kc 4d Ah 7d 7c]
Seat 1: sundwig (small blind) folded before Flop
Seat 2: KODEIN23_rus (big blind) folded before Flop
Seat 3: kqfall1 folded before Flop (didn't bet)
Seat 4: Dorex2007 showed [As Jd] and won ($0.90) with two pair, Aces and Sevens
Seat 5: esch777 mucked [Qh Ks]
Seat 6: NickName8902 folded before Flop (didn't bet)
Seat 7: Aenthis folded before Flop (didn't bet)
Seat 8: Parker09SA folded on the Flop
Seat 9: Arimateja (button) folded before Flop (didn't bet)



PokerStars Hand #226991701379:  Hold'em No Limit ($0.01/$0.02 USD) - 2021/05/23 1:22:52 PT [2021/05/23 4:22:52 ET]
Table 'Merapi II' 9-max Seat #1 is the button
Seat 1: sundwig ($1.97 in chips) 
Seat 2: KODEIN23_rus ($1.92 in chips) 
Seat 3: kqfall1 ($2.68 in chips) 
Seat 4: Dorex2007 ($2.55 in chips) 
Seat 5: esch777 ($0.23 in chips) 
Seat 6: NickName8902 ($1.06 in chips) 
Seat 7: Aenthis ($2.12 in chips) 
Seat 8: Parker09SA ($2.76 in chips) 
Seat 9: Arimateja ($1.12 in chips) 
KODEIN23_rus: posts small blind $0.01
kqfall1: posts big blind $0.02
*** HOLE CARDS ***
Dealt to Dorex2007 [8h 7d]
Dorex2007: folds 
esch777: folds 
NickName8902: calls $0.02
Aenthis: raises $0.02 to $0.04
Parker09SA has timed out
Parker09SA: folds 
Arimateja: folds 
sundwig is connected 
sundwig has timed out
sundwig: folds 
KODEIN23_rus: calls $0.03
kqfall1: raises $0.16 to $0.20
NickName8902: folds 
Aenthis: raises $0.30 to $0.50
KODEIN23_rus: folds 
kqfall1: folds 
Uncalled bet ($0.30) returned to Aenthis
Aenthis collected $0.46 from pot
Aenthis: doesn't show hand 
*** SUMMARY ***
Total pot $0.46 | Rake $0 
Seat 1: sundwig (button) folded before Flop (didn't bet)
Seat 2: KODEIN23_rus (small blind) folded before Flop
Seat 3: kqfall1 (big blind) folded before Flop
Seat 4: Dorex2007 folded before Flop (didn't bet)
Seat 5: esch777 folded before Flop (didn't bet)
Seat 6: NickName8902 folded before Flop
Seat 7: Aenthis collected ($0.46)
Seat 8: Parker09SA folded before Flop (didn't bet)
Seat 9: Arimateja folded before Flop (didn't bet)



PokerStars Hand #226991719161:  Hold'em No Limit ($0.01/$0.02 USD) - 2021/05/23 1:24:23 PT [2021/05/23 4:24:23 ET]
Table 'Merapi II' 9-max Seat #2 is the button
Seat 1: sundwig ($1.97 in chips) 
Seat 2: KODEIN23_rus ($1.88 in chips) 
Seat 3: kqfall1 ($2.48 in chips) 
Seat 4: Dorex2007 ($2.55 in chips) 
Seat 5: esch777 ($0.23 in chips) 
Seat 6: NickName8902 ($1.04 in chips) 
Seat 7: Aenthis ($2.38 in chips) 
Seat 9: Arimateja ($1.12 in chips) 
kqfall1: posts small blind $0.01
Dorex2007: posts big blind $0.02
*** HOLE CARDS ***
Dealt to Dorex2007 [5s 8h]
esch777: folds 
NickName8902: folds 
Aenthis: folds 
Arimateja: folds 
sundwig: folds 
KODEIN23_rus: raises $0.04 to $0.06
kqfall1: calls $0.05
Dorex2007: folds 
*** FLOP *** [2c 3d 9s]
kqfall1: checks 
KODEIN23_rus: checks 
*** TURN *** [2c 3d 9s] [Qc]
kqfall1: bets $0.08
KODEIN23_rus: calls $0.08
*** RIVER *** [2c 3d 9s Qc] [Ks]
kqfall1: bets $0.26
KODEIN23_rus: folds 
Uncalled bet ($0.26) returned to kqfall1
kqfall1 collected $0.29 from pot
*** SUMMARY ***
Total pot $0.30 | Rake $0.01 
Board [2c 3d 9s Qc Ks]
Seat 1: sundwig folded before Flop (didn't bet)
Seat 2: KODEIN23_rus (button) folded on the River
Seat 3: kqfall1 (small blind) collected ($0.29)
Seat 4: Dorex2007 (big blind) folded before Flop
Seat 5: esch777 folded before Flop (didn't bet)
Seat 6: NickName8902 folded before Flop (didn't bet)
Seat 7: Aenthis folded before Flop (didn't bet)
Seat 9: Arimateja folded before Flop (didn't bet)



PokerStars Hand #226991728868:  Hold'em No Limit ($0.01/$0.02 USD) - 2021/05/23 1:25:12 PT [2021/05/23 4:25:12 ET]
Table 'Merapi II' 9-max Seat #3 is the button
Seat 1: sundwig ($1.97 in chips) 
Seat 2: KODEIN23_rus ($1.86 in chips) 
Seat 3: kqfall1 ($2.63 in chips) 
Seat 4: Dorex2007 ($2.53 in chips) 
Seat 6: NickName8902 ($1.04 in chips) 
Seat 7: Aenthis ($2.38 in chips) 
Seat 9: Arimateja ($1.12 in chips) 
Dorex2007: posts small blind $0.01
NickName8902: posts big blind $0.02
*** HOLE CARDS ***
Dealt to Dorex2007 [3h 3d]
Aenthis: folds 
esch777 leaves the table
Arimateja: folds 
sundwig: folds 
KODEIN23_rus: folds 
kqfall1: raises $0.04 to $0.06
Dorex2007: calls $0.05
NickName8902: folds 
*** FLOP *** [As Qs 6c]
Dorex2007: bets $0.07
kqfall1: calls $0.07
*** TURN *** [As Qs 6c] [8h]
Dorex2007: checks 
kqfall1: bets $0.18
Dorex2007: folds 
Uncalled bet ($0.18) returned to kqfall1
kqfall1 collected $0.27 from pot
*** SUMMARY ***
Total pot $0.28 | Rake $0.01 
Board [As Qs 6c 8h]
Seat 1: sundwig folded before Flop (didn't bet)
Seat 2: KODEIN23_rus folded before Flop (didn't bet)
Seat 3: kqfall1 (button) collected ($0.27)
Seat 4: Dorex2007 (small blind) folded on the Turn
Seat 6: NickName8902 (big blind) folded before Flop
Seat 7: Aenthis folded before Flop (didn't bet)
Seat 9: Arimateja folded before Flop (didn't bet)



PokerStars Hand #226991739592:  Hold'em No Limit ($0.01/$0.02 USD) - 2021/05/23 1:26:07 PT [2021/05/23 4:26:07 ET]
Table 'Merapi II' 9-max Seat #4 is the button
Seat 1: sundwig ($1.97 in chips) 
Seat 2: KODEIN23_rus ($2 in chips) 
Seat 3: kqfall1 ($2.77 in chips) 
Seat 4: Dorex2007 ($2.40 in chips) 
Seat 6: NickName8902 ($1.02 in chips) 
Seat 7: Aenthis ($2.38 in chips) 
Seat 9: Arimateja ($1.12 in chips) 
NickName8902: posts small blind $0.01
Aenthis: posts big blind $0.02
*** HOLE CARDS ***
Dealt to Dorex2007 [8h 2h]
Arimateja: folds 
sundwig: raises $0.04 to $0.06
KODEIN23_rus: folds 
kqfall1: calls $0.06
Dorex2007: folds 
NickName8902: folds 
Aenthis: folds 
*** FLOP *** [9h Qc Ac]
sundwig: bets $0.07
kqfall1: folds 
Uncalled bet ($0.07) returned to sundwig
sundwig collected $0.14 from pot
*** SUMMARY ***
Total pot $0.15 | Rake $0.01 
Board [9h Qc Ac]
Seat 1: sundwig collected ($0.14)
Seat 2: KODEIN23_rus folded before Flop (didn't bet)
Seat 3: kqfall1 folded on the Flop
Seat 4: Dorex2007 (button) folded before Flop (didn't bet)
Seat 6: NickName8902 (small blind) folded before Flop
Seat 7: Aenthis (big blind) folded before Flop
Seat 9: Arimateja folded before Flop (didn't bet)



PokerStars Hand #226991744824:  Hold'em No Limit ($0.01/$0.02 USD) - 2021/05/23 1:26:34 PT [2021/05/23 4:26:34 ET]
Table 'Merapi II' 9-max Seat #6 is the button
Seat 1: sundwig ($2.05 in chips) 
Seat 2: KODEIN23_rus ($2 in chips) 
Seat 3: kqfall1 ($2.71 in chips) 
Seat 4: Dorex2007 ($2.40 in chips) 
Seat 6: NickName8902 ($1.01 in chips) 
Seat 7: Aenthis ($2.36 in chips) 
Seat 9: Arimateja ($1.12 in chips) 
Aenthis: posts small blind $0.01
Arimateja: posts big blind $0.02
*** HOLE CARDS ***
Dealt to Dorex2007 [2h Jc]
sundwig: raises $0.04 to $0.06
KODEIN23_rus: folds 
kqfall1: folds 
Biki1412 joins the table at seat #5 
Dorex2007: folds 
NickName8902: folds 
Aenthis: folds 
Arimateja: folds 
Uncalled bet ($0.04) returned to sundwig
sundwig collected $0.05 from pot
*** SUMMARY ***
Total pot $0.05 | Rake $0 
Seat 1: sundwig collected ($0.05)
Seat 2: KODEIN23_rus folded before Flop (didn't bet)
Seat 3: kqfall1 folded before Flop (didn't bet)
Seat 4: Dorex2007 folded before Flop (didn't bet)
Seat 6: NickName8902 (button) folded before Flop (didn't bet)
Seat 7: Aenthis (small blind) folded before Flop
Seat 9: Arimateja (big blind) folded before Flop



PokerStars Hand #226991748811:  Hold'em No Limit ($0.01/$0.02 USD) - 2021/05/23 1:26:54 PT [2021/05/23 4:26:54 ET]
Table 'Merapi II' 9-max Seat #7 is the button
Seat 1: sundwig ($2.08 in chips) 
Seat 2: KODEIN23_rus ($2 in chips) 
Seat 3: kqfall1 ($2.71 in chips) 
Seat 4: Dorex2007 ($2.40 in chips) 
Seat 5: Biki1412 ($0.80 in chips) 
Seat 6: NickName8902 ($1.01 in chips) 
Seat 7: Aenthis ($2.35 in chips) 
Seat 9: Arimateja ($1.10 in chips) 
Arimateja: posts small blind $0.01
sundwig: posts big blind $0.02
Biki1412: posts big blind $0.02
*** HOLE CARDS ***
Dealt to Dorex2007 [Ks 8c]
KODEIN23_rus: folds 
kqfall1: raises $0.06 to $0.08
Dorex2007: folds 
Biki1412: calls $0.06
NickName8902: folds 
Aenthis: folds 
Arimateja: folds 
sundwig: folds 
*** FLOP *** [9h 2h Qc]
kqfall1: bets $0.12
Biki1412: folds 
Uncalled bet ($0.12) returned to kqfall1
kqfall1 collected $0.18 from pot
*** SUMMARY ***
Total pot $0.19 | Rake $0.01 
Board [9h 2h Qc]
Seat 1: sundwig (big blind) folded before Flop
Seat 2: KODEIN23_rus folded before Flop (didn't bet)
Seat 3: kqfall1 collected ($0.18)
Seat 4: Dorex2007 folded before Flop (didn't bet)
Seat 5: Biki1412 folded on the Flop
Seat 6: NickName8902 folded before Flop (didn't bet)
Seat 7: Aenthis (button) folded before Flop (didn't bet)
Seat 9: Arimateja (small blind) folded before Flop



PokerStars Hand #226991759350:  Hold'em No Limit ($0.01/$0.02 USD) - 2021/05/23 1:27:48 PT [2021/05/23 4:27:48 ET]
Table 'Merapi II' 9-max Seat #9 is the button
Seat 1: sundwig ($2.06 in chips) 
Seat 2: KODEIN23_rus ($2 in chips) 
Seat 3: kqfall1 ($2.81 in chips) 
Seat 4: Dorex2007 ($2.40 in chips) 
Seat 5: Biki1412 ($0.72 in chips) 
Seat 6: NickName8902 ($1.01 in chips) 
Seat 7: Aenthis ($2.35 in chips) 
Seat 9: Arimateja ($1.09 in chips) 
sundwig: posts small blind $0.01
KODEIN23_rus: posts big blind $0.02
*** HOLE CARDS ***
Dealt to Dorex2007 [9s Tc]
kqfall1: folds 
Dorex2007: folds 
Biki1412: calls $0.02
NickName8902: folds 
Aenthis: folds 
Arimateja: folds 
sundwig: calls $0.01
KODEIN23_rus: checks 
*** FLOP *** [8h 2s 4s]
sundwig: checks 
KODEIN23_rus: bets $0.02
Biki1412: calls $0.02
sundwig: calls $0.02
*** TURN *** [8h 2s 4s] [3s]
sundwig: checks 
KODEIN23_rus: checks 
Biki1412: checks 
*** RIVER *** [8h 2s 4s 3s] [Js]
sundwig: checks 
KODEIN23_rus: checks 
Biki1412: bets $0.06
sundwig: folds 
KODEIN23_rus: folds 
Uncalled bet ($0.06) returned to Biki1412
Biki1412 collected $0.12 from pot
Biki1412: doesn't show hand 
*** SUMMARY ***
Total pot $0.12 | Rake $0 
Board [8h 2s 4s 3s Js]
Seat 1: sundwig (small blind) folded on the River
Seat 2: KODEIN23_rus (big blind) folded on the River
Seat 3: kqfall1 folded before Flop (didn't bet)
Seat 4: Dorex2007 folded before Flop (didn't bet)
Seat 5: Biki1412 collected ($0.12)
Seat 6: NickName8902 folded before Flop (didn't bet)
Seat 7: Aenthis folded before Flop (didn't bet)
Seat 9: Arimateja (button) folded before Flop (didn't bet)



PokerStars Hand #226991770855:  Hold'em No Limit ($0.01/$0.02 USD) - 2021/05/23 1:28:46 PT [2021/05/23 4:28:46 ET]
Table 'Merapi II' 9-max Seat #1 is the button
Seat 1: sundwig ($2.02 in chips) 
Seat 2: KODEIN23_rus ($1.96 in chips) 
Seat 3: kqfall1 ($2.81 in chips) 
Seat 4: Dorex2007 ($2.40 in chips) 
Seat 5: Biki1412 ($0.80 in chips) 
Seat 6: NickName8902 ($1.01 in chips) 
Seat 7: Aenthis ($2.35 in chips) 
Seat 9: Arimateja ($1.09 in chips) 
KODEIN23_rus: posts small blind $0.01
kqfall1: posts big blind $0.02
*** HOLE CARDS ***
Dealt to Dorex2007 [Jc Qc]
Dorex2007: raises $0.04 to $0.06
Biki1412: folds 
NickName8902: folds 
Aenthis: raises $0.06 to $0.12
Arimateja: folds 
sundwig: folds 
KODEIN23_rus: raises $0.28 to $0.40
kqfall1: folds 
Dorex2007: folds 
Aenthis: raises $1.95 to $2.35 and is all-in
KODEIN23_rus: calls $1.56 and is all-in
Uncalled bet ($0.39) returned to Aenthis
*** FLOP *** [4d 5c Js]
*** TURN *** [4d 5c Js] [7d]
*** RIVER *** [4d 5c Js 7d] [7s]
*** SHOW DOWN ***
KODEIN23_rus: shows [Ad Kd] (a pair of Sevens)
Aenthis: shows [As Kh] (a pair of Sevens)
KODEIN23_rus collected $1.93 from pot
Aenthis collected $1.93 from pot
*** SUMMARY ***
Total pot $4 | Rake $0.14 
Board [4d 5c Js 7d 7s]
Seat 1: sundwig (button) folded before Flop (didn't bet)
Seat 2: KODEIN23_rus (small blind) showed [Ad Kd] and won ($1.93) with a pair of Sevens
Seat 3: kqfall1 (big blind) folded before Flop
Seat 4: Dorex2007 folded before Flop
Seat 5: Biki1412 folded before Flop (didn't bet)
Seat 6: NickName8902 folded before Flop (didn't bet)
Seat 7: Aenthis showed [As Kh] and won ($1.93) with a pair of Sevens
Seat 9: Arimateja folded before Flop (didn't bet)



PokerStars Hand #226991778779:  Hold'em No Limit ($0.01/$0.02 USD) - 2021/05/23 1:29:26 PT [2021/05/23 4:29:26 ET]
Table 'Merapi II' 9-max Seat #2 is the button
Seat 1: sundwig ($2.02 in chips) 
Seat 2: KODEIN23_rus ($1.93 in chips) 
Seat 3: kqfall1 ($2.79 in chips) 
Seat 4: Dorex2007 ($2.34 in chips) 
Seat 5: Biki1412 ($0.80 in chips) 
Seat 6: NickName8902 ($1.01 in chips) 
Seat 7: Aenthis ($2.32 in chips) 
Seat 9: Arimateja ($1.09 in chips) 
kqfall1: posts small blind $0.01
Dorex2007: posts big blind $0.02
*** HOLE CARDS ***
Dealt to Dorex2007 [Kd 4d]
Biki1412: calls $0.02
NickName8902: folds 
Aenthis: folds 
Arimateja: folds 
sundwig: folds 
KODEIN23_rus: folds 
kqfall1: folds 
Dorex2007: checks 
*** FLOP *** [Kh Qs 3c]
Dorex2007: checks 
Biki1412: checks 
*** TURN *** [Kh Qs 3c] [3h]
Dorex2007: bets $0.05
Biki1412: folds 
Uncalled bet ($0.05) returned to Dorex2007
Dorex2007 collected $0.05 from pot
Dorex2007: doesn't show hand 
*** SUMMARY ***
Total pot $0.05 | Rake $0 
Board [Kh Qs 3c 3h]
Seat 1: sundwig folded before Flop (didn't bet)
Seat 2: KODEIN23_rus (button) folded before Flop (didn't bet)
Seat 3: kqfall1 (small blind) folded before Flop
Seat 4: Dorex2007 (big blind) collected ($0.05)
Seat 5: Biki1412 folded on the Turn
Seat 6: NickName8902 folded before Flop (didn't bet)
Seat 7: Aenthis folded before Flop (didn't bet)
Seat 9: Arimateja folded before Flop (didn't bet)



PokerStars Hand #226991784834:  Hold'em No Limit ($0.01/$0.02 USD) - 2021/05/23 1:29:56 PT [2021/05/23 4:29:56 ET]
Table 'Merapi II' 9-max Seat #3 is the button
Seat 1: sundwig ($2.02 in chips) 
Seat 2: KODEIN23_rus ($2 in chips) 
Seat 3: kqfall1 ($2.78 in chips) 
Seat 4: Dorex2007 ($2.37 in chips) 
Seat 5: Biki1412 ($0.78 in chips) 
Seat 6: NickName8902 ($1.01 in chips) 
Seat 7: Aenthis ($2.32 in chips) 
Seat 9: Arimateja ($1.09 in chips) 
Dorex2007: posts small blind $0.01
Biki1412: posts big blind $0.02
*** HOLE CARDS ***
Dealt to Dorex2007 [Kd 3h]
NickName8902: folds 
Aenthis: folds 
Arimateja: folds 
sundwig: raises $0.04 to $0.06
KODEIN23_rus: folds 
kqfall1: folds 
Dorex2007: folds 
Biki1412: calls $0.04
*** FLOP *** [Js Ac 6c]
Biki1412: checks 
sundwig: bets $0.07
Biki1412: folds 
Uncalled bet ($0.07) returned to sundwig
sundwig collected $0.13 from pot
*** SUMMARY ***
Total pot $0.13 | Rake $0 
Board [Js Ac 6c]
Seat 1: sundwig collected ($0.13)
Seat 2: KODEIN23_rus folded before Flop (didn't bet)
Seat 3: kqfall1 (button) folded before Flop (didn't bet)
Seat 4: Dorex2007 (small blind) folded before Flop
Seat 5: Biki1412 (big blind) folded on the Flop
Seat 6: NickName8902 folded before Flop (didn't bet)
Seat 7: Aenthis folded before Flop (didn't bet)
Seat 9: Arimateja folded before Flop (didn't bet)



PokerStars Hand #226991792591:  Hold'em No Limit ($0.01/$0.02 USD) - 2021/05/23 1:30:35 PT [2021/05/23 4:30:35 ET]
Table 'Merapi II' 9-max Seat #4 is the button
Seat 1: sundwig ($2.09 in chips) 
Seat 2: KODEIN23_rus ($2 in chips) 
Seat 3: kqfall1 ($2.78 in chips) 
Seat 4: Dorex2007 ($2.36 in chips) 
Seat 5: Biki1412 ($0.72 in chips) 
Seat 7: Aenthis ($2.32 in chips) 
Seat 9: Arimateja ($1.09 in chips) 
Biki1412: posts small blind $0.01
Aenthis: posts big blind $0.02
*** HOLE CARDS ***
Dealt to Dorex2007 [8c 5d]
Arimateja: folds 
sundwig: folds 
KODEIN23_rus: folds 
kqfall1: raises $0.04 to $0.06
Dorex2007: folds 
Biki1412: calls $0.05
Aenthis: calls $0.04
*** FLOP *** [8s 2c 9h]
Biki1412: bets $0.02
Aenthis: calls $0.02
kqfall1: folds 
*** TURN *** [8s 2c 9h] [4c]
Biki1412: bets $0.02
sundwig leaves the table
Aenthis: calls $0.02
*** RIVER *** [8s 2c 9h 4c] [6h]
Biki1412: bets $0.02
Aenthis: calls $0.02
*** SHOW DOWN ***
Biki1412: shows [5h 6c] (a pair of Sixes)
Aenthis: mucks hand 
Biki1412 collected $0.29 from pot
*** SUMMARY ***
Total pot $0.30 | Rake $0.01 
Board [8s 2c 9h 4c 6h]
Seat 1: sundwig folded before Flop (didn't bet)
Seat 2: KODEIN23_rus folded before Flop (didn't bet)
Seat 3: kqfall1 folded on the Flop
Seat 4: Dorex2007 (button) folded before Flop (didn't bet)
Seat 5: Biki1412 (small blind) showed [5h 6c] and won ($0.29) with a pair of Sixes
Seat 7: Aenthis (big blind) mucked [Ah 2h]
Seat 9: Arimateja folded before Flop (didn't bet)



PokerStars Hand #226991801545:  Hold'em No Limit ($0.01/$0.02 USD) - 2021/05/23 1:31:19 PT [2021/05/23 4:31:19 ET]
Table 'Merapi II' 9-max Seat #5 is the button
Seat 2: KODEIN23_rus ($2 in chips) 
Seat 3: kqfall1 ($2.72 in chips) 
Seat 4: Dorex2007 ($2.36 in chips) 
Seat 5: Biki1412 ($0.89 in chips) 
Seat 7: Aenthis ($2.20 in chips) 
Seat 9: Arimateja ($1.09 in chips) 
Aenthis: posts small blind $0.01
Arimateja: posts big blind $0.02
*** HOLE CARDS ***
Dealt to Dorex2007 [8s Kd]
KODEIN23_rus: folds 
kqfall1: folds 
Dorex2007: folds 
Biki1412: raises $0.02 to $0.04
Aenthis: folds 
Arimateja: folds 
Uncalled bet ($0.02) returned to Biki1412
Biki1412 collected $0.05 from pot
Biki1412: doesn't show hand 
Szybkibobas joins the table at seat #1 
*** SUMMARY ***
Total pot $0.05 | Rake $0 
Seat 2: KODEIN23_rus folded before Flop (didn't bet)
Seat 3: kqfall1 folded before Flop (didn't bet)
Seat 4: Dorex2007 folded before Flop (didn't bet)
Seat 5: Biki1412 (button) collected ($0.05)
Seat 7: Aenthis (small blind) folded before Flop
Seat 9: Arimateja (big blind) folded before Flop



PokerStars Hand #226991804633:  Hold'em No Limit ($0.01/$0.02 USD) - 2021/05/23 1:31:35 PT [2021/05/23 4:31:35 ET]
Table 'Merapi II' 9-max Seat #7 is the button
Seat 1: Szybkibobas ($0.80 in chips) 
Seat 2: KODEIN23_rus ($2 in chips) 
Seat 3: kqfall1 ($2.72 in chips) 
Seat 4: Dorex2007 ($2.36 in chips) 
Seat 5: Biki1412 ($0.92 in chips) 
Seat 7: Aenthis ($2.19 in chips) 
Seat 9: Arimateja ($1.07 in chips) 
Arimateja: posts small blind $0.01
Szybkibobas: posts big blind $0.02
*** HOLE CARDS ***
Dealt to Dorex2007 [Ks 6h]
KODEIN23_rus: folds 
kqfall1: folds 
Dorex2007: folds 
Biki1412: calls $0.02
Aenthis: folds 
Arimateja: folds 
Szybkibobas: checks 
*** FLOP *** [Ad 7c Qc]
Szybkibobas: checks 
Biki1412: checks 
*** TURN *** [Ad 7c Qc] [Td]
Szybkibobas: bets $0.04
Biki1412: folds 
Uncalled bet ($0.04) returned to Szybkibobas
Szybkibobas collected $0.05 from pot
Szybkibobas: doesn't show hand 
*** SUMMARY ***
Total pot $0.05 | Rake $0 
Board [Ad 7c Qc Td]
Seat 1: Szybkibobas (big blind) collected ($0.05)
Seat 2: KODEIN23_rus folded before Flop (didn't bet)
Seat 3: kqfall1 folded before Flop (didn't bet)
Seat 4: Dorex2007 folded before Flop (didn't bet)
Seat 5: Biki1412 folded on the Turn
Seat 7: Aenthis (button) folded before Flop (didn't bet)
Seat 9: Arimateja (small blind) folded before Flop



PokerStars Hand #226991812283:  Hold'em No Limit ($0.01/$0.02 USD) - 2021/05/23 1:32:12 PT [2021/05/23 4:32:12 ET]
Table 'Merapi II' 9-max Seat #9 is the button
Seat 1: Szybkibobas ($0.83 in chips) 
Seat 2: KODEIN23_rus ($2 in chips) 
Seat 3: kqfall1 ($2.72 in chips) 
Seat 4: Dorex2007 ($2.36 in chips) 
Seat 5: Biki1412 ($0.90 in chips) 
Seat 7: Aenthis ($2.19 in chips) 
Seat 9: Arimateja ($1.06 in chips) 
Szybkibobas: posts small blind $0.01
KODEIN23_rus: posts big blind $0.02
Parker09SA: sits out 
*** HOLE CARDS ***
Dealt to Dorex2007 [Qc As]
kqfall1: folds 
Dorex2007: raises $0.04 to $0.06
Biki1412: calls $0.06
Aenthis: folds 
Arimateja: folds 
Szybkibobas: calls $0.05
KODEIN23_rus: calls $0.04
*** FLOP *** [2d 6s Qs]
Szybkibobas: checks 
KODEIN23_rus: checks 
Dorex2007: bets $0.15
Biki1412: calls $0.15
Szybkibobas: folds 
KODEIN23_rus: folds 
*** TURN *** [2d 6s Qs] [6h]
Dorex2007: bets $0.74
Biki1412: calls $0.69 and is all-in
Uncalled bet ($0.05) returned to Dorex2007
*** RIVER *** [2d 6s Qs 6h] [Jc]
*** SHOW DOWN ***
Dorex2007: shows [Qc As] (two pair, Queens and Sixes)
Biki1412: shows [Jh Js] (a full house, Jacks full of Sixes)
Biki1412 cashed out the hand for $0.08
*** SUMMARY ***
Total pot $1.92 | Rake $0.07 
Board [2d 6s Qs 6h Jc]
Seat 1: Szybkibobas (small blind) folded on the Flop
Seat 2: KODEIN23_rus (big blind) folded on the Flop
Seat 3: kqfall1 folded before Flop (didn't bet)
Seat 4: Dorex2007 showed [Qc As] and lost with two pair, Queens and Sixes
Seat 5: Biki1412 showed [Jh Js] and won ($1.85) with a full house, Jacks full of Sixes (pot not awarded as player cashed out)
Seat 7: Aenthis folded before Flop (didn't bet)
Seat 9: Arimateja (button) folded before Flop (didn't bet)



PokerStars Hand #226991826088:  Hold'em No Limit ($0.01/$0.02 USD) - 2021/05/23 1:33:21 PT [2021/05/23 4:33:21 ET]
Table 'Merapi II' 9-max Seat #1 is the button
Seat 1: Szybkibobas ($0.77 in chips) 
Seat 2: KODEIN23_rus ($2 in chips) 
Seat 3: kqfall1 ($2.72 in chips) 
Seat 4: Dorex2007 ($1.46 in chips) 
Seat 5: Biki1412 ($0.08 in chips) 
Seat 7: Aenthis ($2.19 in chips) 
Seat 8: Parker09SA ($2.76 in chips) 
Seat 9: Arimateja ($1.06 in chips) 
KODEIN23_rus: posts small blind $0.01
kqfall1: posts big blind $0.02
Parker09SA: posts small & big blinds $0.03
*** HOLE CARDS ***
Dealt to Dorex2007 [5d 5c]
Dorex2007: folds 
Biki1412: calls $0.02
Aenthis: folds 
Parker09SA: raises $0.08 to $0.10
Arimateja: folds 
Szybkibobas: folds 
KODEIN23_rus: folds 
kqfall1: folds 
Biki1412: calls $0.06 and is all-in
Uncalled bet ($0.02) returned to Parker09SA
*** FLOP *** [4s 4c 8h]
*** TURN *** [4s 4c 8h] [7s]
*** RIVER *** [4s 4c 8h 7s] [2s]
*** SHOW DOWN ***
Biki1412: shows [3s Js] (a flush, Jack high)
Parker09SA: shows [Ts Tc] (two pair, Tens and Fours)
Biki1412 collected $0.19 from pot
*** SUMMARY ***
Total pot $0.20 | Rake $0.01 
Board [4s 4c 8h 7s 2s]
Seat 1: Szybkibobas (button) folded before Flop (didn't bet)
Seat 2: KODEIN23_rus (small blind) folded before Flop
Seat 3: kqfall1 (big blind) folded before Flop
Seat 4: Dorex2007 folded before Flop (didn't bet)
Seat 5: Biki1412 showed [3s Js] and won ($0.19) with a flush, Jack high
Seat 7: Aenthis folded before Flop (didn't bet)
Seat 8: Parker09SA showed [Ts Tc] and lost with two pair, Tens and Fours
Seat 9: Arimateja folded before Flop (didn't bet)



PokerStars Hand #226991832437:  Hold'em No Limit ($0.01/$0.02 USD) - 2021/05/23 1:33:53 PT [2021/05/23 4:33:53 ET]
Table 'Merapi II' 9-max Seat #2 is the button
Seat 1: Szybkibobas ($0.77 in chips) 
Seat 2: KODEIN23_rus ($1.99 in chips) 
Seat 3: kqfall1 ($2.70 in chips) 
Seat 4: Dorex2007 ($2 in chips) 
Seat 5: Biki1412 ($0.19 in chips) 
Seat 7: Aenthis ($2.19 in chips) 
Seat 8: Parker09SA ($2.67 in chips) 
Seat 9: Arimateja ($1.06 in chips) 
kqfall1: posts small blind $0.01
Dorex2007: posts big blind $0.02
NickName8902: sits out 
*** HOLE CARDS ***
Dealt to Dorex2007 [Ts 3c]
Biki1412: calls $0.02
Aenthis: folds 
Parker09SA: raises $0.04 to $0.06
Arimateja: folds 
Szybkibobas: folds 
KODEIN23_rus: calls $0.06
kqfall1: folds 
Dorex2007: folds 
Biki1412: calls $0.04
*** FLOP *** [5d Ac As]
Biki1412: checks 
Parker09SA: bets $0.10
KODEIN23_rus: folds 
Biki1412: folds 
Uncalled bet ($0.10) returned to Parker09SA
Parker09SA collected $0.20 from pot
Parker09SA: doesn't show hand 
*** SUMMARY ***
Total pot $0.21 | Rake $0.01 
Board [5d Ac As]
Seat 1: Szybkibobas folded before Flop (didn't bet)
Seat 2: KODEIN23_rus (button) folded on the Flop
Seat 3: kqfall1 (small blind) folded before Flop
Seat 4: Dorex2007 (big blind) folded before Flop
Seat 5: Biki1412 folded on the Flop
Seat 7: Aenthis folded before Flop (didn't bet)
Seat 8: Parker09SA collected ($0.20)
Seat 9: Arimateja folded before Flop (didn't bet)



PokerStars Hand #226991839521:  Hold'em No Limit ($0.01/$0.02 USD) - 2021/05/23 1:34:28 PT [2021/05/23 4:34:28 ET]
Table 'Merapi II' 9-max Seat #3 is the button
Seat 1: Szybkibobas ($0.77 in chips) 
Seat 2: KODEIN23_rus ($1.93 in chips) 
Seat 3: kqfall1 ($2.69 in chips) 
Seat 4: Dorex2007 ($1.98 in chips) 
Seat 5: Biki1412 ($0.13 in chips) 
Seat 7: Aenthis ($2.19 in chips) 
Seat 8: Parker09SA ($2.81 in chips) 
Seat 9: Arimateja ($1.06 in chips) 
Dorex2007: posts small blind $0.01
Biki1412: posts big blind $0.02
NickName8902: sits out 
*** HOLE CARDS ***
Dealt to Dorex2007 [Ts 6c]
Aenthis: folds 
Parker09SA: folds 
Arimateja: raises $0.02 to $0.04
Szybkibobas: folds 
KODEIN23_rus: folds 
kqfall1: folds 
Dorex2007: folds 
Biki1412: calls $0.02
*** FLOP *** [7h 9c Qd]
Biki1412: checks 
Arimateja: checks 
*** TURN *** [7h 9c Qd] [7c]
Biki1412: bets $0.09 and is all-in
Arimateja: folds 
Uncalled bet ($0.09) returned to Biki1412
Biki1412 collected $0.09 from pot
Biki1412: doesn't show hand 
*** SUMMARY ***
Total pot $0.09 | Rake $0 
Board [7h 9c Qd 7c]
Seat 1: Szybkibobas folded before Flop (didn't bet)
Seat 2: KODEIN23_rus folded before Flop (didn't bet)
Seat 3: kqfall1 (button) folded before Flop (didn't bet)
Seat 4: Dorex2007 (small blind) folded before Flop
Seat 5: Biki1412 (big blind) collected ($0.09)
Seat 7: Aenthis folded before Flop (didn't bet)
Seat 8: Parker09SA folded before Flop (didn't bet)
Seat 9: Arimateja folded on the Turn



PokerStars Hand #226991850611:  Hold'em No Limit ($0.01/$0.02 USD) - 2021/05/23 1:35:23 PT [2021/05/23 4:35:23 ET]
Table 'Merapi II' 9-max Seat #4 is the button
Seat 1: Szybkibobas ($0.77 in chips) 
Seat 2: KODEIN23_rus ($2 in chips) 
Seat 3: kqfall1 ($2.69 in chips) 
Seat 4: Dorex2007 ($1.97 in chips) 
Seat 5: Biki1412 ($0.18 in chips) 
Seat 6: NickName8902 ($1.01 in chips) 
Seat 7: Aenthis ($2.19 in chips) 
Seat 8: Parker09SA ($2.81 in chips) 
Seat 9: Arimateja ($1.02 in chips) 
Biki1412: posts small blind $0.01
NickName8902: posts big blind $0.02
*** HOLE CARDS ***
Dealt to Dorex2007 [2c Jh]
Aenthis: folds 
Parker09SA: folds 
Arimateja: raises $0.02 to $0.04
Szybkibobas: calls $0.04
KODEIN23_rus: folds 
kqfall1: folds 
Dorex2007: folds 
Biki1412: calls $0.03
NickName8902: folds 
*** FLOP *** [5d 5h Qd]
Biki1412: checks 
Arimateja: checks 
Szybkibobas: bets $0.04
Biki1412: folds 
Arimateja: folds 
Uncalled bet ($0.04) returned to Szybkibobas
Szybkibobas collected $0.14 from pot
Szybkibobas: doesn't show hand 
*** SUMMARY ***
Total pot $0.14 | Rake $0 
Board [5d 5h Qd]
Seat 1: Szybkibobas collected ($0.14)
Seat 2: KODEIN23_rus folded before Flop (didn't bet)
Seat 3: kqfall1 folded before Flop (didn't bet)
Seat 4: Dorex2007 (button) folded before Flop (didn't bet)
Seat 5: Biki1412 (small blind) folded on the Flop
Seat 6: NickName8902 (big blind) folded before Flop
Seat 7: Aenthis folded before Flop (didn't bet)
Seat 8: Parker09SA folded before Flop (didn't bet)
Seat 9: Arimateja folded on the Flop



PokerStars Hand #226991856806:  Hold'em No Limit ($0.01/$0.02 USD) - 2021/05/23 1:35:54 PT [2021/05/23 4:35:54 ET]
Table 'Merapi II' 9-max Seat #5 is the button
Seat 1: Szybkibobas ($0.87 in chips) 
Seat 2: KODEIN23_rus ($2 in chips) 
Seat 3: kqfall1 ($2.69 in chips) 
Seat 4: Dorex2007 ($1.97 in chips) 
Seat 5: Biki1412 ($0.14 in chips) 
Seat 6: NickName8902 ($0.99 in chips) 
Seat 7: Aenthis ($2.19 in chips) 
Seat 8: Parker09SA ($2.81 in chips) 
Seat 9: Arimateja ($0.98 in chips) 
NickName8902: posts small blind $0.01
Aenthis: posts big blind $0.02
*** HOLE CARDS ***
Dealt to Dorex2007 [As Kc]
Parker09SA: folds 
Arimateja: folds 
Szybkibobas: calls $0.02
KODEIN23_rus: folds 
kqfall1: folds 
Dorex2007: raises $0.06 to $0.08
Biki1412: folds 
NickName8902: folds 
Aenthis: folds 
Szybkibobas: folds 
Uncalled bet ($0.06) returned to Dorex2007
Dorex2007 collected $0.07 from pot
Dorex2007: doesn't show hand 
*** SUMMARY ***
Total pot $0.07 | Rake $0 
Seat 1: Szybkibobas folded before Flop
Seat 2: KODEIN23_rus folded before Flop (didn't bet)
Seat 3: kqfall1 folded before Flop (didn't bet)
Seat 4: Dorex2007 collected ($0.07)
Seat 5: Biki1412 (button) folded before Flop (didn't bet)
Seat 6: NickName8902 (small blind) folded before Flop
Seat 7: Aenthis (big blind) folded before Flop
Seat 8: Parker09SA folded before Flop (didn't bet)
Seat 9: Arimateja folded before Flop (didn't bet)



PokerStars Hand #226991860667:  Hold'em No Limit ($0.01/$0.02 USD) - 2021/05/23 1:36:14 PT [2021/05/23 4:36:14 ET]
Table 'Merapi II' 9-max Seat #6 is the button
Seat 1: Szybkibobas ($0.85 in chips) 
Seat 2: KODEIN23_rus ($2 in chips) 
Seat 3: kqfall1 ($2.69 in chips) 
Seat 4: Dorex2007 ($2.02 in chips) 
Seat 5: Biki1412 ($0.14 in chips) 
Seat 6: NickName8902 ($0.98 in chips) 
Seat 7: Aenthis ($2.17 in chips) 
Seat 8: Parker09SA ($2.81 in chips) 
Seat 9: Arimateja ($0.98 in chips) 
Aenthis: posts small blind $0.01
Parker09SA: posts big blind $0.02
*** HOLE CARDS ***
Dealt to Dorex2007 [7h 3c]
Arimateja: folds 
Szybkibobas: folds 
KODEIN23_rus: raises $0.04 to $0.06
kqfall1: raises $0.20 to $0.26
Dorex2007: folds 
Biki1412: folds 
NickName8902: folds 
Aenthis: folds 
Parker09SA: folds 
KODEIN23_rus: raises $1.74 to $2 and is all-in
kqfall1: calls $1.74
*** FLOP *** [5s 2h 9d]
*** TURN *** [5s 2h 9d] [5d]
*** RIVER *** [5s 2h 9d 5d] [7d]
*** SHOW DOWN ***
KODEIN23_rus: shows [Kd As] (a pair of Fives)
kqfall1: shows [Qd Qh] (two pair, Queens and Fives)
kqfall1 collected $3.89 from pot
*** SUMMARY ***
Total pot $4.03 | Rake $0.14 
Board [5s 2h 9d 5d 7d]
Seat 1: Szybkibobas folded before Flop (didn't bet)
Seat 2: KODEIN23_rus showed [Kd As] and lost with a pair of Fives
Seat 3: kqfall1 showed [Qd Qh] and won ($3.89) with two pair, Queens and Fives
Seat 4: Dorex2007 folded before Flop (didn't bet)
Seat 5: Biki1412 folded before Flop (didn't bet)
Seat 6: NickName8902 (button) folded before Flop (didn't bet)
Seat 7: Aenthis (small blind) folded before Flop
Seat 8: Parker09SA (big blind) folded before Flop
Seat 9: Arimateja folded before Flop (didn't bet)



PokerStars Hand #226991871565:  Hold'em No Limit ($0.01/$0.02 USD) - 2021/05/23 1:37:08 PT [2021/05/23 4:37:08 ET]
Table 'Merapi II' 9-max Seat #7 is the button
Seat 1: Szybkibobas ($0.85 in chips) 
Seat 3: kqfall1 ($4.58 in chips) 
Seat 4: Dorex2007 ($2.02 in chips) 
Seat 5: Biki1412 ($0.14 in chips) 
Seat 6: NickName8902 ($0.98 in chips) 
Seat 7: Aenthis ($2.16 in chips) 
Seat 8: Parker09SA ($2.79 in chips) 
Seat 9: Arimateja ($0.98 in chips) 
Parker09SA: posts small blind $0.01
Arimateja: posts big blind $0.02
*** HOLE CARDS ***
Dealt to Dorex2007 [Ac Kc]
Szybkibobas: calls $0.02
kqfall1: folds 
Dorex2007: raises $0.04 to $0.06
Biki1412: folds 
NickName8902: folds 
Aenthis: calls $0.06
Parker09SA: folds 
Arimateja: folds 
Szybkibobas: folds 
*** FLOP *** [5c Qc Qd]
Dorex2007: bets $0.08
Aenthis: folds 
Uncalled bet ($0.08) returned to Dorex2007
Dorex2007 collected $0.16 from pot
Dorex2007: doesn't show hand 
*** SUMMARY ***
Total pot $0.17 | Rake $0.01 
Board [5c Qc Qd]
Seat 1: Szybkibobas folded before Flop
Seat 3: kqfall1 folded before Flop (didn't bet)
Seat 4: Dorex2007 collected ($0.16)
Seat 5: Biki1412 folded before Flop (didn't bet)
Seat 6: NickName8902 folded before Flop (didn't bet)
Seat 7: Aenthis (button) folded on the Flop
Seat 8: Parker09SA (small blind) folded before Flop
Seat 9: Arimateja (big blind) folded before Flop



PokerStars Hand #226991879470:  Hold'em No Limit ($0.01/$0.02 USD) - 2021/05/23 1:37:47 PT [2021/05/23 4:37:47 ET]
Table 'Merapi II' 9-max Seat #8 is the button
Seat 1: Szybkibobas ($0.83 in chips) 
Seat 2: KODEIN23_rus ($2 in chips) 
Seat 3: kqfall1 ($4.58 in chips) 
Seat 4: Dorex2007 ($2.12 in chips) 
Seat 5: Biki1412 ($0.14 in chips) 
Seat 6: NickName8902 ($0.98 in chips) 
Seat 7: Aenthis ($2.10 in chips) 
Seat 8: Parker09SA ($2.78 in chips) 
Seat 9: Arimateja ($0.96 in chips) 
Arimateja: posts small blind $0.01
Szybkibobas: posts big blind $0.02
*** HOLE CARDS ***
Dealt to Dorex2007 [Ts 5s]
KODEIN23_rus: folds 
kqfall1: raises $0.04 to $0.06
Dorex2007: folds 
Biki1412: folds 
NickName8902: folds 
Aenthis: folds 
Parker09SA: folds 
Arimateja: folds 
Szybkibobas: folds 
Uncalled bet ($0.04) returned to kqfall1
kqfall1 collected $0.05 from pot
*** SUMMARY ***
Total pot $0.05 | Rake $0 
Seat 1: Szybkibobas (big blind) folded before Flop
Seat 2: KODEIN23_rus folded before Flop (didn't bet)
Seat 3: kqfall1 collected ($0.05)
Seat 4: Dorex2007 folded before Flop (didn't bet)
Seat 5: Biki1412 folded before Flop (didn't bet)
Seat 6: NickName8902 folded before Flop (didn't bet)
Seat 7: Aenthis folded before Flop (didn't bet)
Seat 8: Parker09SA (button) folded before Flop (didn't bet)
Seat 9: Arimateja (small blind) folded before Flop



PokerStars Hand #226991883083:  Hold'em No Limit ($0.01/$0.02 USD) - 2021/05/23 1:38:06 PT [2021/05/23 4:38:06 ET]
Table 'Merapi II' 9-max Seat #9 is the button
Seat 1: Szybkibobas ($0.81 in chips) 
Seat 2: KODEIN23_rus ($2 in chips) 
Seat 3: kqfall1 ($4.61 in chips) 
Seat 4: Dorex2007 ($2.12 in chips) 
Seat 5: Biki1412 ($0.14 in chips) 
Seat 6: NickName8902 ($0.98 in chips) 
Seat 7: Aenthis ($2.10 in chips) 
Seat 8: Parker09SA ($2.78 in chips) 
Seat 9: Arimateja ($0.95 in chips) 
Szybkibobas: posts small blind $0.01
KODEIN23_rus: posts big blind $0.02
*** HOLE CARDS ***
Dealt to Dorex2007 [7c 5s]
kqfall1: folds 
Dorex2007: folds 
Biki1412: folds 
NickName8902: calls $0.02
Aenthis: folds 
Parker09SA: folds 
Arimateja: folds 
Szybkibobas: calls $0.01
KODEIN23_rus: checks 
*** FLOP *** [Ks Td 9d]
Szybkibobas: checks 
KODEIN23_rus: checks 
NickName8902: checks 
*** TURN *** [Ks Td 9d] [6c]
Szybkibobas: checks 
KODEIN23_rus: bets $0.02
NickName8902: calls $0.02
Szybkibobas: calls $0.02
*** RIVER *** [Ks Td 9d 6c] [Qc]
Szybkibobas: checks 
KODEIN23_rus: checks 
NickName8902: checks 
*** SHOW DOWN ***
Szybkibobas: shows [3h 3c] (a pair of Threes)
KODEIN23_rus: shows [7d Jh] (a straight, Nine to King)
NickName8902: mucks hand 
KODEIN23_rus collected $0.12 from pot
*** SUMMARY ***
Total pot $0.12 | Rake $0 
Board [Ks Td 9d 6c Qc]
Seat 1: Szybkibobas (small blind) showed [3h 3c] and lost with a pair of Threes
Seat 2: KODEIN23_rus (big blind) showed [7d Jh] and won ($0.12) with a straight, Nine to King
Seat 3: kqfall1 folded before Flop (didn't bet)
Seat 4: Dorex2007 folded before Flop (didn't bet)
Seat 5: Biki1412 folded before Flop (didn't bet)
Seat 6: NickName8902 mucked [8h 8d]
Seat 7: Aenthis folded before Flop (didn't bet)
Seat 8: Parker09SA folded before Flop (didn't bet)
Seat 9: Arimateja (button) folded before Flop (didn't bet)



PokerStars Hand #226991891347:  Hold'em No Limit ($0.01/$0.02 USD) - 2021/05/23 1:38:47 PT [2021/05/23 4:38:47 ET]
Table 'Merapi II' 9-max Seat #1 is the button
Seat 1: Szybkibobas ($0.77 in chips) 
Seat 2: KODEIN23_rus ($2.08 in chips) 
Seat 3: kqfall1 ($4.61 in chips) 
Seat 4: Dorex2007 ($2.12 in chips) 
Seat 5: Biki1412 ($0.14 in chips) 
Seat 6: NickName8902 ($0.94 in chips) 
Seat 7: Aenthis ($2.10 in chips) 
Seat 8: Parker09SA ($2.78 in chips) 
Seat 9: Arimateja ($0.95 in chips) 
KODEIN23_rus: posts small blind $0.01
kqfall1: posts big blind $0.02
*** HOLE CARDS ***
Dealt to Dorex2007 [3d Qc]
Dorex2007: folds 
Biki1412: calls $0.02
NickName8902 has timed out
NickName8902: folds 
Aenthis: folds 
Parker09SA: folds 
Arimateja: folds 
Szybkibobas: calls $0.02
KODEIN23_rus: folds 
kqfall1: checks 
*** FLOP *** [7h 4s 5c]
kqfall1: checks 
Biki1412: checks 
Szybkibobas: checks 
*** TURN *** [7h 4s 5c] [Kc]
kqfall1: checks 
Biki1412: bets $0.02
Szybkibobas: folds 
kqfall1: calls $0.02
*** RIVER *** [7h 4s 5c Kc] [Th]
kqfall1: checks 
Biki1412: bets $0.10 and is all-in
kqfall1: folds 
Uncalled bet ($0.10) returned to Biki1412
Biki1412 collected $0.11 from pot
Biki1412: doesn't show hand 
*** SUMMARY ***
Total pot $0.11 | Rake $0 
Board [7h 4s 5c Kc Th]
Seat 1: Szybkibobas (button) folded on the Turn
Seat 2: KODEIN23_rus (small blind) folded before Flop
Seat 3: kqfall1 (big blind) folded on the River
Seat 4: Dorex2007 folded before Flop (didn't bet)
Seat 5: Biki1412 collected ($0.11)
Seat 6: NickName8902 folded before Flop (didn't bet)
Seat 7: Aenthis folded before Flop (didn't bet)
Seat 8: Parker09SA folded before Flop (didn't bet)
Seat 9: Arimateja folded before Flop (didn't bet)



PokerStars Hand #226991902896:  Hold'em No Limit ($0.01/$0.02 USD) - 2021/05/23 1:39:45 PT [2021/05/23 4:39:45 ET]
Table 'Merapi II' 9-max Seat #2 is the button
Seat 1: Szybkibobas ($0.75 in chips) 
Seat 2: KODEIN23_rus ($2.07 in chips) 
Seat 3: kqfall1 ($4.57 in chips) 
Seat 4: Dorex2007 ($2.12 in chips) 
Seat 5: Biki1412 ($0.21 in chips) 
Seat 6: NickName8902 ($0.94 in chips) 
Seat 7: Aenthis ($2.10 in chips) 
Seat 8: Parker09SA ($2.78 in chips) 
Seat 9: Arimateja ($0.95 in chips) 
kqfall1: posts small blind $0.01
Dorex2007: posts big blind $0.02
*** HOLE CARDS ***
Dealt to Dorex2007 [3s 3d]
Biki1412: calls $0.02
NickName8902: folds 
Aenthis: raises $0.02 to $0.04
Parker09SA has timed out
Parker09SA: folds 
Arimateja: folds 
Szybkibobas: calls $0.04
NickName8902 is disconnected 
KODEIN23_rus: raises $0.06 to $0.10
kqfall1: folds 
Dorex2007: folds 
Biki1412: folds 
Aenthis: calls $0.06
Szybkibobas: calls $0.06
*** FLOP *** [2d 7d 5d]
Aenthis: checks 
Szybkibobas: checks 
KODEIN23_rus: bets $0.14
Aenthis: raises $0.66 to $0.80
Szybkibobas: folds 
KODEIN23_rus: folds 
Uncalled bet ($0.66) returned to Aenthis
Aenthis collected $0.61 from pot
Aenthis: doesn't show hand 
*** SUMMARY ***
Total pot $0.63 | Rake $0.02 
Board [2d 7d 5d]
Seat 1: Szybkibobas folded on the Flop
Seat 2: KODEIN23_rus (button) folded on the Flop
Seat 3: kqfall1 (small blind) folded before Flop
Seat 4: Dorex2007 (big blind) folded before Flop
Seat 5: Biki1412 folded before Flop
Seat 6: NickName8902 folded before Flop (didn't bet)
Seat 7: Aenthis collected ($0.61)
Seat 8: Parker09SA folded before Flop (didn't bet)
Seat 9: Arimateja folded before Flop (didn't bet)



PokerStars Hand #226991918643:  Hold'em No Limit ($0.01/$0.02 USD) - 2021/05/23 1:41:02 PT [2021/05/23 4:41:02 ET]
Table 'Merapi II' 9-max Seat #3 is the button
Seat 1: Szybkibobas ($0.65 in chips) 
Seat 2: KODEIN23_rus ($1.83 in chips) 
Seat 3: kqfall1 ($4.56 in chips) 
Seat 4: Dorex2007 ($2.10 in chips) 
Seat 5: Biki1412 ($0.19 in chips) 
Seat 6: NickName8902 ($0.94 in chips) 
Seat 7: Aenthis ($2.47 in chips) 
Seat 9: Arimateja ($0.95 in chips) 
Dorex2007: posts small blind $0.01
Biki1412: posts big blind $0.02
*** HOLE CARDS ***
Dealt to Dorex2007 [Qc Kh]
NickName8902: folds 
Aenthis: folds 
Arimateja: folds 
Szybkibobas: calls $0.02
KODEIN23_rus: folds 
kqfall1: raises $0.06 to $0.08
Dorex2007: calls $0.07
Biki1412: calls $0.06
Szybkibobas: folds 
*** FLOP *** [Ks 2s 4c]
Dorex2007: checks 
Biki1412: checks 
kqfall1: bets $0.18
Dorex2007: calls $0.18
Biki1412: folds 
*** TURN *** [Ks 2s 4c] [Qs]
Dorex2007: bets $0.60
kqfall1: folds 
Uncalled bet ($0.60) returned to Dorex2007
Dorex2007 collected $0.60 from pot
Dorex2007: doesn't show hand 
*** SUMMARY ***
Total pot $0.62 | Rake $0.02 
Board [Ks 2s 4c Qs]
Seat 1: Szybkibobas folded before Flop
Seat 2: KODEIN23_rus folded before Flop (didn't bet)
Seat 3: kqfall1 (button) folded on the Turn
Seat 4: Dorex2007 (small blind) collected ($0.60)
Seat 5: Biki1412 (big blind) folded on the Flop
Seat 6: NickName8902 folded before Flop (didn't bet)
Seat 7: Aenthis folded before Flop (didn't bet)
Seat 9: Arimateja folded before Flop (didn't bet)



PokerStars Hand #226991934331:  Hold'em No Limit ($0.01/$0.02 USD) - 2021/05/23 1:42:19 PT [2021/05/23 4:42:19 ET]
Table 'Merapi II' 9-max Seat #4 is the button
Seat 1: Szybkibobas ($0.63 in chips) 
Seat 2: KODEIN23_rus ($2 in chips) 
Seat 3: kqfall1 ($4.30 in chips) 
Seat 4: Dorex2007 ($2.44 in chips) 
Seat 5: Biki1412 ($0.11 in chips) 
Seat 6: NickName8902 ($0.94 in chips) 
Seat 7: Aenthis ($2.47 in chips) 
Seat 9: Arimateja ($0.95 in chips) 
Biki1412: posts small blind $0.01
NickName8902: posts big blind $0.02
*** HOLE CARDS ***
Dealt to Dorex2007 [Qs Ks]
Aenthis: folds 
Arimateja: folds 
Szybkibobas: folds 
KODEIN23_rus: folds 
kqfall1: raises $0.04 to $0.06
Dorex2007: calls $0.06
Biki1412: calls $0.05
NickName8902: folds 
*** FLOP *** [Tc Ts 5h]
Biki1412: checks 
kqfall1: checks 
Dorex2007: bets $0.10
Biki1412: calls $0.05 and is all-in
kqfall1: folds 
Uncalled bet ($0.05) returned to Dorex2007
*** TURN *** [Tc Ts 5h] [8h]
*** RIVER *** [Tc Ts 5h 8h] [7c]
*** SHOW DOWN ***
Biki1412: shows [Th 9d] (three of a kind, Tens)
Dorex2007: shows [Qs Ks] (a pair of Tens)
Biki1412 cashed out the hand for $0.28
*** SUMMARY ***
Total pot $0.30 | Rake $0.01 
Board [Tc Ts 5h 8h 7c]
Seat 1: Szybkibobas folded before Flop (didn't bet)
Seat 2: KODEIN23_rus folded before Flop (didn't bet)
Seat 3: kqfall1 folded on the Flop
Seat 4: Dorex2007 (button) showed [Qs Ks] and lost with a pair of Tens
Seat 5: Biki1412 (small blind) showed [Th 9d] and won ($0.29) with three of a kind, Tens (pot not awarded as player cashed out)
Seat 6: NickName8902 (big blind) folded before Flop
Seat 7: Aenthis folded before Flop (didn't bet)
Seat 9: Arimateja folded before Flop (didn't bet)



PokerStars Hand #226991946013:  Hold'em No Limit ($0.01/$0.02 USD) - 2021/05/23 1:43:15 PT [2021/05/23 4:43:15 ET]
Table 'Merapi II' 9-max Seat #5 is the button
Seat 1: Szybkibobas ($0.63 in chips) 
Seat 2: KODEIN23_rus ($2 in chips) 
Seat 3: kqfall1 ($4.24 in chips) 
Seat 4: Dorex2007 ($2.33 in chips) 
Seat 5: Biki1412 ($0.28 in chips) 
Seat 6: NickName8902 ($0.92 in chips) 
Seat 7: Aenthis ($2.47 in chips) 
Seat 9: Arimateja ($0.95 in chips) 
NickName8902: posts small blind $0.01
Aenthis: posts big blind $0.02
*** HOLE CARDS ***
Dealt to Dorex2007 [Jd Qs]
Arimateja: raises $0.02 to $0.04
Szybkibobas: calls $0.04
KODEIN23_rus: folds 
kqfall1: folds 
Dorex2007: folds 
Biki1412: folds 
NickName8902: folds 
Aenthis: calls $0.02
*** FLOP *** [6s 8d 7d]
Aenthis: checks 
Arimateja: checks 
Szybkibobas: bets $0.04
Aenthis: calls $0.04
Arimateja: folds 
*** TURN *** [6s 8d 7d] [Ah]
Aenthis: bets $0.10
Szybkibobas: raises $0.45 to $0.55 and is all-in
Aenthis: folds 
Uncalled bet ($0.45) returned to Szybkibobas
Szybkibobas collected $0.40 from pot
Szybkibobas: doesn't show hand 
*** SUMMARY ***
Total pot $0.41 | Rake $0.01 
Board [6s 8d 7d Ah]
Seat 1: Szybkibobas collected ($0.40)
Seat 2: KODEIN23_rus folded before Flop (didn't bet)
Seat 3: kqfall1 folded before Flop (didn't bet)
Seat 4: Dorex2007 folded before Flop (didn't bet)
Seat 5: Biki1412 (button) folded before Flop (didn't bet)
Seat 6: NickName8902 (small blind) folded before Flop
Seat 7: Aenthis (big blind) folded on the Turn
Seat 9: Arimateja folded on the Flop



PokerStars Hand #226991955783:  Hold'em No Limit ($0.01/$0.02 USD) - 2021/05/23 1:44:02 PT [2021/05/23 4:44:02 ET]
Table 'Merapi II' 9-max Seat #6 is the button
Seat 1: Szybkibobas ($0.85 in chips) 
Seat 2: KODEIN23_rus ($2 in chips) 
Seat 3: kqfall1 ($4.24 in chips) 
Seat 4: Dorex2007 ($2.33 in chips) 
Seat 5: Biki1412 ($0.28 in chips) 
Seat 6: NickName8902 ($0.91 in chips) 
Seat 7: Aenthis ($2.29 in chips) 
Seat 9: Arimateja ($0.91 in chips) 
Aenthis: posts small blind $0.01
Arimateja: posts big blind $0.02
*** HOLE CARDS ***
Dealt to Dorex2007 [6c Jd]
Szybkibobas: folds 
KODEIN23_rus: folds 
kqfall1: folds 
Dorex2007: folds 
Biki1412: calls $0.02
NickName8902: folds 
Aenthis: raises $0.04 to $0.06
Arimateja: folds 
Biki1412: calls $0.04
*** FLOP *** [Qh 2d 9d]
Aenthis: checks 
Biki1412: checks 
*** TURN *** [Qh 2d 9d] [Kd]
Aenthis: bets $0.04
Biki1412: folds 
Uncalled bet ($0.04) returned to Aenthis
Aenthis collected $0.14 from pot
Aenthis: doesn't show hand 
*** SUMMARY ***
Total pot $0.14 | Rake $0 
Board [Qh 2d 9d Kd]
Seat 1: Szybkibobas folded before Flop (didn't bet)
Seat 2: KODEIN23_rus folded before Flop (didn't bet)
Seat 3: kqfall1 folded before Flop (didn't bet)
Seat 4: Dorex2007 folded before Flop (didn't bet)
Seat 5: Biki1412 folded on the Turn
Seat 6: NickName8902 (button) folded before Flop (didn't bet)
Seat 7: Aenthis (small blind) collected ($0.14)
Seat 9: Arimateja (big blind) folded before Flop



PokerStars Hand #226991961169:  Hold'em No Limit ($0.01/$0.02 USD) - 2021/05/23 1:44:28 PT [2021/05/23 4:44:28 ET]
Table 'Merapi II' 9-max Seat #7 is the button
Seat 1: Szybkibobas ($0.85 in chips) 
Seat 2: KODEIN23_rus ($2 in chips) 
Seat 3: kqfall1 ($4.24 in chips) 
Seat 4: Dorex2007 ($2.33 in chips) 
Seat 5: Biki1412 ($0.22 in chips) 
Seat 6: NickName8902 ($0.91 in chips) 
Seat 7: Aenthis ($2.37 in chips) 
Seat 9: Arimateja ($0.89 in chips) 
Arimateja: posts small blind $0.01
Szybkibobas: posts big blind $0.02
*** HOLE CARDS ***
Dealt to Dorex2007 [5h 8s]
KODEIN23_rus: folds 
kqfall1: folds 
Dorex2007: folds 
Biki1412: folds 
NickName8902: folds 
Aenthis: folds 
Arimateja: calls $0.01
Szybkibobas: checks 
*** FLOP *** [Jd Ad 5d]
Arimateja: bets $0.02
Szybkibobas: folds 
Uncalled bet ($0.02) returned to Arimateja
Arimateja collected $0.04 from pot
Arimateja: doesn't show hand 
*** SUMMARY ***
Total pot $0.04 | Rake $0 
Board [Jd Ad 5d]
Seat 1: Szybkibobas (big blind) folded on the Flop
Seat 2: KODEIN23_rus folded before Flop (didn't bet)
Seat 3: kqfall1 folded before Flop (didn't bet)
Seat 4: Dorex2007 folded before Flop (didn't bet)
Seat 5: Biki1412 folded before Flop (didn't bet)
Seat 6: NickName8902 folded before Flop (didn't bet)
Seat 7: Aenthis (button) folded before Flop (didn't bet)
Seat 9: Arimateja (small blind) collected ($0.04)



PokerStars Hand #226991967325:  Hold'em No Limit ($0.01/$0.02 USD) - 2021/05/23 1:44:57 PT [2021/05/23 4:44:57 ET]
Table 'Merapi II' 9-max Seat #9 is the button
Seat 1: Szybkibobas ($0.83 in chips) 
Seat 2: KODEIN23_rus ($2 in chips) 
Seat 3: kqfall1 ($4.24 in chips) 
Seat 4: Dorex2007 ($2.33 in chips) 
Seat 5: Biki1412 ($0.22 in chips) 
Seat 6: NickName8902 ($0.91 in chips) 
Seat 7: Aenthis ($2.37 in chips) 
Seat 9: Arimateja ($0.91 in chips) 
Szybkibobas: posts small blind $0.01
KODEIN23_rus: posts big blind $0.02
*** HOLE CARDS ***
Dealt to Dorex2007 [3h Qd]
kqfall1: raises $0.04 to $0.06
Dorex2007: folds 
Biki1412: raises $0.16 to $0.22 and is all-in
NickName8902: folds 
Aenthis: folds 
Arimateja: folds 
Szybkibobas: folds 
KODEIN23_rus: folds 
kqfall1: folds 
Uncalled bet ($0.16) returned to Biki1412
Biki1412 collected $0.15 from pot
Biki1412: doesn't show hand 
*** SUMMARY ***
Total pot $0.15 | Rake $0 
Seat 1: Szybkibobas (small blind) folded before Flop
Seat 2: KODEIN23_rus (big blind) folded before Flop
Seat 3: kqfall1 folded before Flop
Seat 4: Dorex2007 folded before Flop (didn't bet)
Seat 5: Biki1412 collected ($0.15)
Seat 6: NickName8902 folded before Flop (didn't bet)
Seat 7: Aenthis folded before Flop (didn't bet)
Seat 9: Arimateja (button) folded before Flop (didn't bet)



PokerStars Hand #226991974753:  Hold'em No Limit ($0.01/$0.02 USD) - 2021/05/23 1:45:32 PT [2021/05/23 4:45:32 ET]
Table 'Merapi II' 9-max Seat #1 is the button
Seat 1: Szybkibobas ($0.82 in chips) 
Seat 2: KODEIN23_rus ($1.98 in chips) 
Seat 3: kqfall1 ($4.18 in chips) 
Seat 4: Dorex2007 ($2.33 in chips) 
Seat 5: Biki1412 ($0.31 in chips) 
Seat 6: NickName8902 ($0.91 in chips) 
Seat 7: Aenthis ($2.37 in chips) 
Seat 9: Arimateja ($0.91 in chips) 
KODEIN23_rus: posts small blind $0.01
kqfall1: posts big blind $0.02
*** HOLE CARDS ***
Dealt to Dorex2007 [2c 5h]
Dorex2007: folds 
Biki1412: calls $0.02
NickName8902: folds 
Aenthis: folds 
Arimateja: folds 
Szybkibobas: calls $0.02
KODEIN23_rus: raises $0.04 to $0.06
kqfall1: calls $0.04
Biki1412: calls $0.04
Szybkibobas: calls $0.04
*** FLOP *** [Jc Th 5d]
KODEIN23_rus: bets $0.14
kqfall1: folds 
Biki1412: calls $0.14
Szybkibobas: folds 
*** TURN *** [Jc Th 5d] [3d]
Szybkibobas leaves the table
KODEIN23_rus: bets $0.25
Biki1412: calls $0.11 and is all-in
Uncalled bet ($0.14) returned to KODEIN23_rus
*** RIVER *** [Jc Th 5d 3d] [6h]
*** SHOW DOWN ***
KODEIN23_rus: shows [Ac Ah] (a pair of Aces)
Biki1412: shows [Qs 9c] (high card Queen)
KODEIN23_rus collected $0.71 from pot
Biki1412 cashed out the hand for $0.12
*** SUMMARY ***
Total pot $0.74 | Rake $0.03 
Board [Jc Th 5d 3d 6h]
Seat 1: Szybkibobas (button) folded on the Flop
Seat 2: KODEIN23_rus (small blind) showed [Ac Ah] and won ($0.71) with a pair of Aces
Seat 3: kqfall1 (big blind) folded on the Flop
Seat 4: Dorex2007 folded before Flop (didn't bet)
Seat 5: Biki1412 showed [Qs 9c] and lost with high card Queen (cashed out).
Seat 6: NickName8902 folded before Flop (didn't bet)
Seat 7: Aenthis folded before Flop (didn't bet)
Seat 9: Arimateja folded before Flop (didn't bet)



PokerStars Hand #226991987114:  Hold'em No Limit ($0.01/$0.02 USD) - 2021/05/23 1:46:32 PT [2021/05/23 4:46:32 ET]
Table 'Merapi II' 9-max Seat #2 is the button
Seat 2: KODEIN23_rus ($2.38 in chips) 
Seat 3: kqfall1 ($4.12 in chips) 
Seat 4: Dorex2007 ($2.33 in chips) 
Seat 5: Biki1412 ($0.12 in chips) 
Seat 6: NickName8902 ($0.91 in chips) 
Seat 7: Aenthis ($2.37 in chips) 
Seat 9: Arimateja ($0.91 in chips) 
kqfall1: posts small blind $0.01
Dorex2007: posts big blind $0.02
*** HOLE CARDS ***
Dealt to Dorex2007 [Ts Jd]
Biki1412: calls $0.02
NickName8902: folds 
Aenthis: folds 
Arimateja: folds 
KODEIN23_rus: raises $0.04 to $0.06
kqfall1: folds 
Dorex2007: calls $0.04
Biki1412: calls $0.04
*** FLOP *** [6s Kh 5d]
Dorex2007: checks 
Kricklet65 joins the table at seat #1 
Biki1412: checks 
KODEIN23_rus: checks 
*** TURN *** [6s Kh 5d] [Qd]
Dorex2007: bets $0.09
Biki1412: folds 
KODEIN23_rus: calls $0.09
*** RIVER *** [6s Kh 5d Qd] [Qh]
Dorex2007: bets $0.12
KODEIN23_rus: raises $0.12 to $0.24
Dorex2007: folds 
Uncalled bet ($0.12) returned to KODEIN23_rus
KODEIN23_rus collected $0.59 from pot
*** SUMMARY ***
Total pot $0.61 | Rake $0.02 
Board [6s Kh 5d Qd Qh]
Seat 2: KODEIN23_rus (button) collected ($0.59)
Seat 3: kqfall1 (small blind) folded before Flop
Seat 4: Dorex2007 (big blind) folded on the River
Seat 5: Biki1412 folded on the Turn
Seat 6: NickName8902 folded before Flop (didn't bet)
Seat 7: Aenthis folded before Flop (didn't bet)
Seat 9: Arimateja folded before Flop (didn't bet)



PokerStars Hand #226992002400:  Hold'em No Limit ($0.01/$0.02 USD) - 2021/05/23 1:47:45 PT [2021/05/23 4:47:45 ET]
Table 'Merapi II' 9-max Seat #3 is the button
Seat 2: KODEIN23_rus ($2.70 in chips) 
Seat 3: kqfall1 ($4.11 in chips) 
Seat 4: Dorex2007 ($2.06 in chips) 
Seat 5: Biki1412 ($0.06 in chips) 
Seat 6: NickName8902 ($0.91 in chips) 
Seat 7: Aenthis ($2.37 in chips) 
Seat 9: Arimateja ($0.91 in chips) 
Dorex2007: posts small blind $0.01
Biki1412: posts big blind $0.02
Kricklet65: sits out 
*** HOLE CARDS ***
Dealt to Dorex2007 [Qh 4s]
NickName8902: folds 
Aenthis: calls $0.02
Arimateja: folds 
KODEIN23_rus: calls $0.02
kqfall1: raises $0.08 to $0.10
Dorex2007: folds 
Biki1412: calls $0.04 and is all-in
Aenthis: folds 
KODEIN23_rus: calls $0.08
*** FLOP *** [Kc 5d Qd]
KODEIN23_rus: checks 
kqfall1: bets $0.06
KODEIN23_rus: folds 
Uncalled bet ($0.06) returned to kqfall1
*** TURN *** [Kc 5d Qd] [Ks]
*** RIVER *** [Kc 5d Qd Ks] [Tc]
*** SHOW DOWN ***
kqfall1: shows [Ad 6d] (a pair of Kings)
kqfall1 collected $0.08 from side pot
Biki1412: shows [3s 2s] (a pair of Kings - lower kicker)
kqfall1 collected $0.20 from main pot
*** SUMMARY ***
Total pot $0.29 Main pot $0.20. Side pot $0.08. | Rake $0.01 
Board [Kc 5d Qd Ks Tc]
Seat 2: KODEIN23_rus folded on the Flop
Seat 3: kqfall1 (button) showed [Ad 6d] and won ($0.28) with a pair of Kings
Seat 4: Dorex2007 (small blind) folded before Flop
Seat 5: Biki1412 (big blind) showed [3s 2s] and lost with a pair of Kings
Seat 6: NickName8902 folded before Flop (didn't bet)
Seat 7: Aenthis folded before Flop
Seat 9: Arimateja folded before Flop (didn't bet)



PokerStars Hand #226992018329:  Hold'em No Limit ($0.01/$0.02 USD) - 2021/05/23 1:49:01 PT [2021/05/23 4:49:01 ET]
Table 'Merapi II' 9-max Seat #4 is the button
Seat 2: KODEIN23_rus ($2.60 in chips) 
Seat 3: kqfall1 ($4.29 in chips) 
Seat 4: Dorex2007 ($2.05 in chips) 
Seat 6: NickName8902 ($0.91 in chips) 
Seat 7: Aenthis ($2.35 in chips) 
Seat 9: Arimateja ($0.91 in chips) 
NickName8902: posts small blind $0.01
Aenthis: posts big blind $0.02
Kricklet65: sits out 
*** HOLE CARDS ***
Dealt to Dorex2007 [7s 3d]
Arimateja: folds 
KODEIN23_rus: raises $0.02 to $0.04
kqfall1: calls $0.04
Dorex2007: folds 
NickName8902: folds 
Aenthis: folds 
*** FLOP *** [Qs Jd 8d]
KODEIN23_rus: bets $0.04
kqfall1: calls $0.04
*** TURN *** [Qs Jd 8d] [As]
KODEIN23_rus: bets $0.10
kqfall1: calls $0.10
*** RIVER *** [Qs Jd 8d As] [Qc]
KODEIN23_rus: checks 
kqfall1: bets $0.24
KODEIN23_rus: folds 
Uncalled bet ($0.24) returned to kqfall1
kqfall1 collected $0.38 from pot
*** SUMMARY ***
Total pot $0.39 | Rake $0.01 
Board [Qs Jd 8d As Qc]
Seat 2: KODEIN23_rus folded on the River
Seat 3: kqfall1 collected ($0.38)
Seat 4: Dorex2007 (button) folded before Flop (didn't bet)
Seat 6: NickName8902 (small blind) folded before Flop
Seat 7: Aenthis (big blind) folded before Flop
Seat 9: Arimateja folded before Flop (didn't bet)



PokerStars Hand #226992032608:  Hold'em No Limit ($0.01/$0.02 USD) - 2021/05/23 1:50:09 PT [2021/05/23 4:50:09 ET]
Table 'Merapi II' 9-max Seat #6 is the button
Seat 2: KODEIN23_rus ($2.42 in chips) 
Seat 3: kqfall1 ($4.49 in chips) 
Seat 4: Dorex2007 ($2.05 in chips) 
Seat 6: NickName8902 ($0.90 in chips) 
Seat 7: Aenthis ($2.33 in chips) 
Seat 9: Arimateja ($0.91 in chips) 
Aenthis: posts small blind $0.01
Arimateja: posts big blind $0.02
Kricklet65: sits out 
*** HOLE CARDS ***
Dealt to Dorex2007 [7s 4h]
KODEIN23_rus: folds 
kqfall1: raises $0.04 to $0.06
Dorex2007: folds 
NickName8902: folds 
Aenthis: folds 
Arimateja: folds 
Uncalled bet ($0.04) returned to kqfall1
kqfall1 collected $0.05 from pot
*** SUMMARY ***
Total pot $0.05 | Rake $0 
Seat 2: KODEIN23_rus folded before Flop (didn't bet)
Seat 3: kqfall1 collected ($0.05)
Seat 4: Dorex2007 folded before Flop (didn't bet)
Seat 6: NickName8902 (button) folded before Flop (didn't bet)
Seat 7: Aenthis (small blind) folded before Flop
Seat 9: Arimateja (big blind) folded before Flop



PokerStars Hand #226992037043:  Hold'em No Limit ($0.01/$0.02 USD) - 2021/05/23 1:50:30 PT [2021/05/23 4:50:30 ET]
Table 'Merapi II' 9-max Seat #7 is the button
Seat 1: Kricklet65 ($2 in chips) 
Seat 2: KODEIN23_rus ($2.42 in chips) 
Seat 3: kqfall1 ($4.52 in chips) 
Seat 4: Dorex2007 ($2.05 in chips) 
Seat 6: NickName8902 ($0.90 in chips) 
Seat 7: Aenthis ($2.32 in chips) 
Seat 9: Arimateja ($0.89 in chips) 
Arimateja: posts small blind $0.01
Kricklet65: posts big blind $0.02
*** HOLE CARDS ***
Dealt to Dorex2007 [2s Qd]
KODEIN23_rus: calls $0.02
kqfall1: folds 
Dorex2007: folds 
NickName8902: folds 
Aenthis: folds 
Arimateja: folds 
Kricklet65: checks 
*** FLOP *** [5h Jh Kh]
Kricklet65: checks 
KODEIN23_rus: checks 
*** TURN *** [5h Jh Kh] [7d]
Kricklet65: checks 
KODEIN23_rus: checks 
*** RIVER *** [5h Jh Kh 7d] [As]
Kricklet65: checks 
KODEIN23_rus: checks 
*** SHOW DOWN ***
Kricklet65: shows [7c 2c] (a pair of Sevens)
KODEIN23_rus: mucks hand 
Kricklet65 collected $0.05 from pot
*** SUMMARY ***
Total pot $0.05 | Rake $0 
Board [5h Jh Kh 7d As]
Seat 1: Kricklet65 (big blind) showed [7c 2c] and won ($0.05) with a pair of Sevens
Seat 2: KODEIN23_rus mucked [Qc 9c]
Seat 3: kqfall1 folded before Flop (didn't bet)
Seat 4: Dorex2007 folded before Flop (didn't bet)
Seat 6: NickName8902 folded before Flop (didn't bet)
Seat 7: Aenthis (button) folded before Flop (didn't bet)
Seat 9: Arimateja (small blind) folded before Flop



PokerStars Hand #226992044223:  Hold'em No Limit ($0.01/$0.02 USD) - 2021/05/23 1:51:04 PT [2021/05/23 4:51:04 ET]
Table 'Merapi II' 9-max Seat #9 is the button
Seat 1: Kricklet65 ($2.03 in chips) 
Seat 2: KODEIN23_rus ($2.40 in chips) 
Seat 3: kqfall1 ($4.52 in chips) 
Seat 4: Dorex2007 ($2.05 in chips) 
Seat 6: NickName8902 ($0.90 in chips) 
Seat 7: Aenthis ($2.32 in chips) 
Seat 9: Arimateja ($0.88 in chips) 
Kricklet65: posts small blind $0.01
KODEIN23_rus: posts big blind $0.02
*** HOLE CARDS ***
Dealt to Dorex2007 [7s 9s]
kqfall1: raises $0.04 to $0.06
Dorex2007: folds 
NickName8902: folds 
Aenthis: folds 
Arimateja: folds 
Kricklet65: folds 
KODEIN23_rus: folds 
Uncalled bet ($0.04) returned to kqfall1
kqfall1 collected $0.05 from pot
*** SUMMARY ***
Total pot $0.05 | Rake $0 
Seat 1: Kricklet65 (small blind) folded before Flop
Seat 2: KODEIN23_rus (big blind) folded before Flop
Seat 3: kqfall1 collected ($0.05)
Seat 4: Dorex2007 folded before Flop (didn't bet)
Seat 6: NickName8902 folded before Flop (didn't bet)
Seat 7: Aenthis folded before Flop (didn't bet)
Seat 9: Arimateja (button) folded before Flop (didn't bet)



PokerStars Hand #226992047470:  Hold'em No Limit ($0.01/$0.02 USD) - 2021/05/23 1:51:19 PT [2021/05/23 4:51:19 ET]
Table 'Merapi II' 9-max Seat #1 is the button
Seat 1: Kricklet65 ($2.02 in chips) 
Seat 2: KODEIN23_rus ($2.38 in chips) 
Seat 3: kqfall1 ($4.55 in chips) 
Seat 4: Dorex2007 ($2.05 in chips) 
Seat 6: NickName8902 ($0.90 in chips) 
Seat 7: Aenthis ($2.32 in chips) 
Seat 9: Arimateja ($0.88 in chips) 
KODEIN23_rus: posts small blind $0.01
kqfall1: posts big blind $0.02
*** HOLE CARDS ***
Dealt to Dorex2007 [Ad 6c]
Dorex2007: folds 
NickName8902: folds 
Aenthis: folds 
Arimateja: raises $0.03 to $0.05
Kricklet65: folds 
Aenthis leaves the table
KODEIN23_rus: folds 
kqfall1: folds 
Uncalled bet ($0.03) returned to Arimateja
Arimateja collected $0.05 from pot
Arimateja: doesn't show hand 
*** SUMMARY ***
Total pot $0.05 | Rake $0 
Seat 1: Kricklet65 (button) folded before Flop (didn't bet)
Seat 2: KODEIN23_rus (small blind) folded before Flop
Seat 3: kqfall1 (big blind) folded before Flop
Seat 4: Dorex2007 folded before Flop (didn't bet)
Seat 6: NickName8902 folded before Flop (didn't bet)
Seat 7: Aenthis folded before Flop (didn't bet)
Seat 9: Arimateja collected ($0.05)



PokerStars Hand #226992052720:  Hold'em No Limit ($0.01/$0.02 USD) - 2021/05/23 1:51:44 PT [2021/05/23 4:51:44 ET]
Table 'Merapi II' 9-max Seat #2 is the button
Seat 1: Kricklet65 ($2.02 in chips) 
Seat 2: KODEIN23_rus ($2.37 in chips) 
Seat 3: kqfall1 ($4.53 in chips) 
Seat 4: Dorex2007 ($2.05 in chips) 
Seat 6: NickName8902 ($0.90 in chips) 
Seat 9: Arimateja ($0.91 in chips) 
kqfall1: posts small blind $0.01
Dorex2007: posts big blind $0.02
*** HOLE CARDS ***
Dealt to Dorex2007 [3h 8s]
NickName8902: folds 
Arimateja: folds 
sassenach75 joins the table at seat #7 
Kricklet65: raises $0.04 to $0.06
KODEIN23_rus: folds 
kqfall1: folds 
Dorex2007: folds 
Uncalled bet ($0.04) returned to Kricklet65
Kricklet65 collected $0.05 from pot
Kricklet65: doesn't show hand 
*** SUMMARY ***
Total pot $0.05 | Rake $0 
Seat 1: Kricklet65 collected ($0.05)
Seat 2: KODEIN23_rus (button) folded before Flop (didn't bet)
Seat 3: kqfall1 (small blind) folded before Flop
Seat 4: Dorex2007 (big blind) folded before Flop
Seat 6: NickName8902 folded before Flop (didn't bet)
Seat 9: Arimateja folded before Flop (didn't bet)



PokerStars Hand #226992057152:  Hold'em No Limit ($0.01/$0.02 USD) - 2021/05/23 1:52:04 PT [2021/05/23 4:52:04 ET]
Table 'Merapi II' 9-max Seat #3 is the button
Seat 1: Kricklet65 ($2.05 in chips) 
Seat 2: KODEIN23_rus ($2.37 in chips) 
Seat 3: kqfall1 ($4.52 in chips) 
Seat 4: Dorex2007 ($2.03 in chips) 
Seat 6: NickName8902 ($0.90 in chips) 
Seat 9: Arimateja ($0.91 in chips) 
Dorex2007: posts small blind $0.01
NickName8902: posts big blind $0.02
sassenach75: sits out 
*** HOLE CARDS ***
Dealt to Dorex2007 [Tc 2h]
Arimateja: folds 
Kricklet65: raises $0.04 to $0.06
KODEIN23_rus: folds 
kqfall1: folds 
Dorex2007: folds 
NickName8902: calls $0.04
*** FLOP *** [5s 8h Qd]
NickName8902: bets $0.10
Kricklet65: folds 
Uncalled bet ($0.10) returned to NickName8902
NickName8902 collected $0.13 from pot
NickName8902: doesn't show hand 
*** SUMMARY ***
Total pot $0.13 | Rake $0 
Board [5s 8h Qd]
Seat 1: Kricklet65 folded on the Flop
Seat 2: KODEIN23_rus folded before Flop (didn't bet)
Seat 3: kqfall1 (button) folded before Flop (didn't bet)
Seat 4: Dorex2007 (small blind) folded before Flop
Seat 6: NickName8902 (big blind) collected ($0.13)
Seat 9: Arimateja folded before Flop (didn't bet)



PokerStars Hand #226992064322:  Hold'em No Limit ($0.01/$0.02 USD) - 2021/05/23 1:52:38 PT [2021/05/23 4:52:38 ET]
Table 'Merapi II' 9-max Seat #4 is the button
Seat 1: Kricklet65 ($2 in chips) 
Seat 2: KODEIN23_rus ($2.37 in chips) 
Seat 3: kqfall1 ($4.52 in chips) 
Seat 4: Dorex2007 ($2.02 in chips) 
Seat 6: NickName8902 ($0.97 in chips) 
Seat 7: sassenach75 ($2 in chips) 
Seat 9: Arimateja ($0.91 in chips) 
NickName8902: posts small blind $0.01
sassenach75: posts big blind $0.02
*** HOLE CARDS ***
Dealt to Dorex2007 [Ah 5h]
Arimateja: folds 
Kricklet65: folds 
KODEIN23_rus: folds 
kqfall1: raises $0.04 to $0.06
Dorex2007: calls $0.06
NickName8902: folds 
sassenach75: folds 
*** FLOP *** [8d 8s 7d]
kqfall1: bets $0.10
Dorex2007: folds 
Uncalled bet ($0.10) returned to kqfall1
kqfall1 collected $0.14 from pot
*** SUMMARY ***
Total pot $0.15 | Rake $0.01 
Board [8d 8s 7d]
Seat 1: Kricklet65 folded before Flop (didn't bet)
Seat 2: KODEIN23_rus folded before Flop (didn't bet)
Seat 3: kqfall1 collected ($0.14)
Seat 4: Dorex2007 (button) folded on the Flop
Seat 6: NickName8902 (small blind) folded before Flop
Seat 7: sassenach75 (big blind) folded before Flop
Seat 9: Arimateja folded before Flop (didn't bet)



PokerStars Hand #226992071984:  Hold'em No Limit ($0.01/$0.02 USD) - 2021/05/23 1:53:14 PT [2021/05/23 4:53:14 ET]
Table 'Merapi II' 9-max Seat #6 is the button
Seat 1: Kricklet65 ($2 in chips) 
Seat 2: KODEIN23_rus ($2.37 in chips) 
Seat 3: kqfall1 ($4.60 in chips) 
Seat 4: Dorex2007 ($1.96 in chips) 
Seat 6: NickName8902 ($0.96 in chips) 
Seat 7: sassenach75 ($1.98 in chips) 
Seat 9: Arimateja ($0.91 in chips) 
sassenach75: posts small blind $0.01
Arimateja: posts big blind $0.02
*** HOLE CARDS ***
Dealt to Dorex2007 [2h 5c]
Kricklet65: raises $0.04 to $0.06
KODEIN23_rus: folds 
kqfall1: folds 
Dorex2007: folds 
NickName8902: folds 
sassenach75: folds 
Arimateja: folds 
Uncalled bet ($0.04) returned to Kricklet65
Kricklet65 collected $0.05 from pot
Kricklet65: doesn't show hand 
*** SUMMARY ***
Total pot $0.05 | Rake $0 
Seat 1: Kricklet65 collected ($0.05)
Seat 2: KODEIN23_rus folded before Flop (didn't bet)
Seat 3: kqfall1 folded before Flop (didn't bet)
Seat 4: Dorex2007 folded before Flop (didn't bet)
Seat 6: NickName8902 (button) folded before Flop (didn't bet)
Seat 7: sassenach75 (small blind) folded before Flop
Seat 9: Arimateja (big blind) folded before Flop



PokerStars Hand #226992075366:  Hold'em No Limit ($0.01/$0.02 USD) - 2021/05/23 1:53:30 PT [2021/05/23 4:53:30 ET]
Table 'Merapi II' 9-max Seat #7 is the button
Seat 1: Kricklet65 ($2.03 in chips) 
Seat 2: KODEIN23_rus ($2.37 in chips) 
Seat 3: kqfall1 ($4.60 in chips) 
Seat 4: Dorex2007 ($1.96 in chips) 
Seat 6: NickName8902 ($0.96 in chips) 
Seat 7: sassenach75 ($1.97 in chips) 
Seat 9: Arimateja ($0.89 in chips) 
Arimateja: posts small blind $0.01
Kricklet65: posts big blind $0.02
*** HOLE CARDS ***
Dealt to Dorex2007 [3d Qs]
KODEIN23_rus: folds 
kqfall1: raises $0.04 to $0.06
Dorex2007: folds 
NickName8902: folds 
sassenach75: folds 
Arimateja: folds 
Kricklet65: folds 
Uncalled bet ($0.04) returned to kqfall1
kqfall1 collected $0.05 from pot
*** SUMMARY ***
Total pot $0.05 | Rake $0 
Seat 1: Kricklet65 (big blind) folded before Flop
Seat 2: KODEIN23_rus folded before Flop (didn't bet)
Seat 3: kqfall1 collected ($0.05)
Seat 4: Dorex2007 folded before Flop (didn't bet)
Seat 6: NickName8902 folded before Flop (didn't bet)
Seat 7: sassenach75 (button) folded before Flop (didn't bet)
Seat 9: Arimateja (small blind) folded before Flop



PokerStars Hand #226992079959:  Hold'em No Limit ($0.01/$0.02 USD) - 2021/05/23 1:53:52 PT [2021/05/23 4:53:52 ET]
Table 'Merapi II' 9-max Seat #9 is the button
Seat 1: Kricklet65 ($2.01 in chips) 
Seat 2: KODEIN23_rus ($2.37 in chips) 
Seat 3: kqfall1 ($4.63 in chips) 
Seat 4: Dorex2007 ($1.96 in chips) 
Seat 6: NickName8902 ($0.96 in chips) 
Seat 7: sassenach75 ($1.97 in chips) 
Seat 9: Arimateja ($0.88 in chips) 
Kricklet65: posts small blind $0.01
KODEIN23_rus: posts big blind $0.02
*** HOLE CARDS ***
Dealt to Dorex2007 [3h Ts]
kqfall1: folds 
Dorex2007: folds 
NickName8902: folds 
sassenach75: raises $0.04 to $0.06
Arimateja: folds 
Kricklet65: calls $0.05
KODEIN23_rus: folds 
*** FLOP *** [5h 3c Ks]
Kricklet65: checks 
sassenach75: bets $0.07
Kricklet65: folds 
Uncalled bet ($0.07) returned to sassenach75
sassenach75 collected $0.14 from pot
*** SUMMARY ***
Total pot $0.14 | Rake $0 
Board [5h 3c Ks]
Seat 1: Kricklet65 (small blind) folded on the Flop
Seat 2: KODEIN23_rus (big blind) folded before Flop
Seat 3: kqfall1 folded before Flop (didn't bet)
Seat 4: Dorex2007 folded before Flop (didn't bet)
Seat 6: NickName8902 folded before Flop (didn't bet)
Seat 7: sassenach75 collected ($0.14)
Seat 9: Arimateja (button) folded before Flop (didn't bet)



PokerStars Hand #226992087492:  Hold'em No Limit ($0.01/$0.02 USD) - 2021/05/23 1:54:27 PT [2021/05/23 4:54:27 ET]
Table 'Merapi II' 9-max Seat #1 is the button
Seat 1: Kricklet65 ($2 in chips) 
Seat 2: KODEIN23_rus ($2.35 in chips) 
Seat 3: kqfall1 ($4.63 in chips) 
Seat 4: Dorex2007 ($1.96 in chips) 
Seat 6: NickName8902 ($0.96 in chips) 
Seat 7: sassenach75 ($2.05 in chips) 
Seat 9: Arimateja ($0.88 in chips) 
KODEIN23_rus: posts small blind $0.01
kqfall1: posts big blind $0.02
*** HOLE CARDS ***
Dealt to Dorex2007 [Js Jd]
Dorex2007: raises $0.04 to $0.06
NickName8902: folds 
sassenach75: folds 
Arimateja: calls $0.06
Kricklet65: calls $0.06
KODEIN23_rus: calls $0.05
kqfall1: folds 
*** FLOP *** [Th 2s 7c]
KODEIN23_rus: checks 
Dorex2007: bets $0.13
Arimateja: folds 
Kricklet65: folds 
KODEIN23_rus: folds 
Uncalled bet ($0.13) returned to Dorex2007
Dorex2007 collected $0.25 from pot
Dorex2007: doesn't show hand 
*** SUMMARY ***
Total pot $0.26 | Rake $0.01 
Board [Th 2s 7c]
Seat 1: Kricklet65 (button) folded on the Flop
Seat 2: KODEIN23_rus (small blind) folded on the Flop
Seat 3: kqfall1 (big blind) folded before Flop
Seat 4: Dorex2007 collected ($0.25)
Seat 6: NickName8902 folded before Flop (didn't bet)
Seat 7: sassenach75 folded before Flop (didn't bet)
Seat 9: Arimateja folded on the Flop



PokerStars Hand #226992096796:  Hold'em No Limit ($0.01/$0.02 USD) - 2021/05/23 1:55:12 PT [2021/05/23 4:55:12 ET]
Table 'Merapi II' 9-max Seat #2 is the button
Seat 1: Kricklet65 ($2 in chips) 
Seat 2: KODEIN23_rus ($2.29 in chips) 
Seat 3: kqfall1 ($4.61 in chips) 
Seat 4: Dorex2007 ($2.15 in chips) 
Seat 6: NickName8902 ($0.96 in chips) 
Seat 7: sassenach75 ($2.05 in chips) 
Seat 9: Arimateja ($0.82 in chips) 
kqfall1: posts small blind $0.01
Dorex2007: posts big blind $0.02
*** HOLE CARDS ***
Dealt to Dorex2007 [2h 9d]
NickName8902: folds 
sassenach75: calls $0.02
Arimateja has timed out
Arimateja: folds 
Kricklet65: folds 
KODEIN23_rus: folds 
Kricklet65 leaves the table
kqfall1: folds 
Dorex2007: checks 
*** FLOP *** [7s 3s 7h]
Dorex2007: checks 
sassenach75: checks 
*** TURN *** [7s 3s 7h] [Jd]
Arimateja leaves the table
Dorex2007: checks 
sassenach75: checks 
*** RIVER *** [7s 3s 7h Jd] [3d]
Dorex2007: bets $0.05
sassenach75: folds 
Uncalled bet ($0.05) returned to Dorex2007
Dorex2007 collected $0.05 from pot
Dorex2007: doesn't show hand 
*** SUMMARY ***
Total pot $0.05 | Rake $0 
Board [7s 3s 7h Jd 3d]
Seat 1: Kricklet65 folded before Flop (didn't bet)
Seat 2: KODEIN23_rus (button) folded before Flop (didn't bet)
Seat 3: kqfall1 (small blind) folded before Flop
Seat 4: Dorex2007 (big blind) collected ($0.05)
Seat 6: NickName8902 folded before Flop (didn't bet)
Seat 7: sassenach75 folded on the River
Seat 9: Arimateja folded before Flop (didn't bet)



PokerStars Hand #226992104294:  Hold'em No Limit ($0.01/$0.02 USD) - 2021/05/23 1:55:54 PT [2021/05/23 4:55:54 ET]
Table 'Merapi II' 9-max Seat #3 is the button
Seat 2: KODEIN23_rus ($2.29 in chips) 
Seat 3: kqfall1 ($4.60 in chips) 
Seat 4: Dorex2007 ($2.18 in chips) 
Seat 6: NickName8902 ($0.96 in chips) 
Seat 7: sassenach75 ($2.03 in chips) 
Dorex2007: posts small blind $0.01
NickName8902: posts big blind $0.02
*** HOLE CARDS ***
Dealt to Dorex2007 [2d 3s]
sassenach75: raises $0.04 to $0.06
KODEIN23_rus: folds 
kqfall1: folds 
Dorex2007: folds 
KODEIN23_rus leaves the table
NickName8902: folds 
Uncalled bet ($0.04) returned to sassenach75
sassenach75 collected $0.05 from pot
*** SUMMARY ***
Total pot $0.05 | Rake $0 
Seat 2: KODEIN23_rus folded before Flop (didn't bet)
Seat 3: kqfall1 (button) folded before Flop (didn't bet)
Seat 4: Dorex2007 (small blind) folded before Flop
Seat 6: NickName8902 (big blind) folded before Flop
Seat 7: sassenach75 collected ($0.05)



PokerStars Hand #226992106467:  Hold'em No Limit ($0.01/$0.02 USD) - 2021/05/23 1:56:06 PT [2021/05/23 4:56:06 ET]
Table 'Merapi II' 9-max Seat #4 is the button
Seat 3: kqfall1 ($4.60 in chips) 
Seat 4: Dorex2007 ($2.17 in chips) 
Seat 6: NickName8902 ($0.94 in chips) 
Seat 7: sassenach75 ($2.06 in chips) 
NickName8902: posts small blind $0.01
sassenach75: posts big blind $0.02
*** HOLE CARDS ***
Dealt to Dorex2007 [Jd 2h]
kqfall1: folds 
Dorex2007: folds 
NickName8902: folds 
Uncalled bet ($0.01) returned to sassenach75
sassenach75 collected $0.02 from pot
*** SUMMARY ***
Total pot $0.02 | Rake $0 
Seat 3: kqfall1 folded before Flop (didn't bet)
Seat 4: Dorex2007 (button) folded before Flop (didn't bet)
Seat 6: NickName8902 (small blind) folded before Flop
Seat 7: sassenach75 (big blind) collected ($0.02)



PokerStars Hand #226992107896:  Hold'em No Limit ($0.01/$0.02 USD) - 2021/05/23 1:56:14 PT [2021/05/23 4:56:14 ET]
Table 'Merapi II' 9-max Seat #6 is the button
Seat 3: kqfall1 ($4.60 in chips) 
Seat 4: Dorex2007 ($2.17 in chips) 
Seat 6: NickName8902 ($0.93 in chips) 
Seat 7: sassenach75 ($2.07 in chips) 
sassenach75: posts small blind $0.01
kqfall1: posts big blind $0.02
*** HOLE CARDS ***
Dealt to Dorex2007 [Th 3h]
Dorex2007: folds 
NickName8902: folds 
sassenach75: calls $0.01
kqfall1: checks 
*** FLOP *** [3s As Kd]
sassenach75: checks 
kqfall1: checks 
*** TURN *** [3s As Kd] [6s]
NivelXcamione joins the table at seat #1 
sassenach75: bets $0.02
kqfall1: calls $0.02
*** RIVER *** [3s As Kd 6s] [7h]
sassenach75: bets $0.08
kqfall1: folds 
Uncalled bet ($0.08) returned to sassenach75
sassenach75 collected $0.08 from pot
Parker09SA leaves the table
*** SUMMARY ***
Total pot $0.08 | Rake $0 
Board [3s As Kd 6s 7h]
Seat 3: kqfall1 (big blind) folded on the River
Seat 4: Dorex2007 folded before Flop (didn't bet)
Seat 6: NickName8902 (button) folded before Flop (didn't bet)
Seat 7: sassenach75 (small blind) collected ($0.08)



PokerStars Hand #226992113770:  Hold'em No Limit ($0.01/$0.02 USD) - 2021/05/23 1:56:47 PT [2021/05/23 4:56:47 ET]
Table 'Merapi II' 9-max Seat #3 is the button
Seat 3: kqfall1 ($4.56 in chips) 
Seat 4: Dorex2007 ($2.17 in chips) 
Seat 6: NickName8902 ($0.93 in chips) 
Dorex2007: posts small blind $0.01
NickName8902: posts big blind $0.02
NivelXcamione: sits out 
*** HOLE CARDS ***
Dealt to Dorex2007 [Th Jh]
kqfall1: folds 
Dorex2007: calls $0.01
NickName8902: checks 
*** FLOP *** [As Qc 4c]
Dorex2007: checks 
NickName8902: checks 
*** TURN *** [As Qc 4c] [Jc]
sassenach75 leaves the table
Biki1412 leaves the table
Dorex2007: bets $0.03
NickName8902: calls $0.03
*** RIVER *** [As Qc 4c Jc] [8d]
Dorex2007: checks 
NickName8902: checks 
*** SHOW DOWN ***
Dorex2007: shows [Th Jh] (a pair of Jacks)
NickName8902: mucks hand 
Dorex2007 collected $0.10 from pot
*** SUMMARY ***
Total pot $0.10 | Rake $0 
Board [As Qc 4c Jc 8d]
Seat 3: kqfall1 (button) folded before Flop (didn't bet)
Seat 4: Dorex2007 (small blind) showed [Th Jh] and won ($0.10) with a pair of Jacks
Seat 6: NickName8902 (big blind) mucked [Ks 3c]



