PokerStars Hand #223832671906:  Hold'em No Limit ($0.01/$0.02 USD) - 2021/02/14 22:42:09 PT [2021/02/15 1:42:09 ET]
Table 'Veritas IV' 9-max Seat #8 is the button
Seat 1: EdVince1970 ($0.99 in chips) 
Seat 2: SlavikPuha ($3.80 in chips) 
Seat 3: n2405n ($2.02 in chips) 
Seat 4: Vadimur1962 ($1.74 in chips) 
Seat 5: Dorex2007 ($1.50 in chips) 
Seat 6: PAMEGERA ($4.94 in chips) 
Seat 7: Azznak ($2.73 in chips) 
Seat 8: udaiparvatha ($2.76 in chips) 
Seat 9: RuSlaN__An4 ($2 in chips) 
RuSlaN__An4: posts small blind $0.01
EdVince1970: posts big blind $0.02
Dorex2007: posts big blind $0.02
*** HOLE CARDS ***
Dealt to Dorex2007 [5h 9s]
SlavikPuha: folds 
n2405n: folds 
Vadimur1962: calls $0.02
Dorex2007: checks 
PAMEGERA: calls $0.02
Azznak: folds 
udaiparvatha: calls $0.02
RuSlaN__An4: raises $0.12 to $0.14
EdVince1970: folds 
Vadimur1962: calls $0.12
Dorex2007: folds 
PAMEGERA: folds 
udaiparvatha: calls $0.12
*** FLOP *** [Qh Kh 7s]
RuSlaN__An4: bets $0.28
Vadimur1962: calls $0.28
udaiparvatha: folds 
*** TURN *** [Qh Kh 7s] [Qd]
RuSlaN__An4: checks 
Vadimur1962: checks 
*** RIVER *** [Qh Kh 7s Qd] [9d]
RuSlaN__An4: bets $0.20
Vadimur1962: folds 
Uncalled bet ($0.20) returned to RuSlaN__An4
RuSlaN__An4 collected $1 from pot
*** SUMMARY ***
Total pot $1.04 | Rake $0.04 
Board [Qh Kh 7s Qd 9d]
Seat 1: EdVince1970 (big blind) folded before Flop
Seat 2: SlavikPuha folded before Flop (didn't bet)
Seat 3: n2405n folded before Flop (didn't bet)
Seat 4: Vadimur1962 folded on the River
Seat 5: Dorex2007 folded before Flop (didn't bet)
Seat 6: PAMEGERA folded before Flop
Seat 7: Azznak folded before Flop (didn't bet)
Seat 8: udaiparvatha (button) folded on the Flop
Seat 9: RuSlaN__An4 (small blind) collected ($1)



PokerStars Hand #223832682258:  Hold'em No Limit ($0.01/$0.02 USD) - 2021/02/14 22:43:08 PT [2021/02/15 1:43:08 ET]
Table 'Veritas IV' 9-max Seat #9 is the button
Seat 1: EdVince1970 ($0.97 in chips) 
Seat 2: SlavikPuha ($3.80 in chips) 
Seat 3: n2405n ($2.02 in chips) 
Seat 4: Vadimur1962 ($1.32 in chips) 
Seat 5: Dorex2007 ($1.48 in chips) 
Seat 6: PAMEGERA ($4.92 in chips) 
Seat 7: Azznak ($2.73 in chips) 
Seat 8: udaiparvatha ($2.62 in chips) 
Seat 9: RuSlaN__An4 ($2.58 in chips) 
EdVince1970: posts small blind $0.01
SlavikPuha: posts big blind $0.02
*** HOLE CARDS ***
Dealt to Dorex2007 [Ks 4d]
n2405n: folds 
Vadimur1962: folds 
Dorex2007: folds 
PAMEGERA has timed out
PAMEGERA: folds 
Azznak: folds 
udaiparvatha: calls $0.02
RuSlaN__An4: folds 
EdVince1970: calls $0.01
SlavikPuha: checks 
*** FLOP *** [6d Jh 9d]
EdVince1970: checks 
SlavikPuha: checks 
udaiparvatha: checks 
*** TURN *** [6d Jh 9d] [Qs]
EdVince1970: checks 
SlavikPuha: checks 
udaiparvatha: bets $0.03
EdVince1970: calls $0.03
SlavikPuha: folds 
*** RIVER *** [6d Jh 9d Qs] [Td]
EdVince1970: checks 
udaiparvatha: checks 
*** SHOW DOWN ***
EdVince1970: shows [3d Tc] (a pair of Tens)
udaiparvatha: shows [Qc 2c] (a pair of Queens)
udaiparvatha collected $0.12 from pot
*** SUMMARY ***
Total pot $0.12 | Rake $0 
Board [6d Jh 9d Qs Td]
Seat 1: EdVince1970 (small blind) showed [3d Tc] and lost with a pair of Tens
Seat 2: SlavikPuha (big blind) folded on the Turn
Seat 3: n2405n folded before Flop (didn't bet)
Seat 4: Vadimur1962 folded before Flop (didn't bet)
Seat 5: Dorex2007 folded before Flop (didn't bet)
Seat 6: PAMEGERA folded before Flop (didn't bet)
Seat 7: Azznak folded before Flop (didn't bet)
Seat 8: udaiparvatha showed [Qc 2c] and won ($0.12) with a pair of Queens
Seat 9: RuSlaN__An4 (button) folded before Flop (didn't bet)



PokerStars Hand #223832733086:  Hold'em No Limit ($0.01/$0.02 USD) - 2021/02/14 22:47:15 PT [2021/02/15 1:47:15 ET]
Table 'Veritas IV' 9-max Seat #6 is the button
Seat 1: EdVince1970 ($0.92 in chips) 
Seat 2: SlavikPuha ($3.74 in chips) 
Seat 3: n2405n ($2 in chips) 
Seat 4: Vadimur1962 ($1.27 in chips) 
Seat 5: Dorex2007 ($1.48 in chips) 
Seat 6: PAMEGERA ($4.84 in chips) 
Seat 7: Azznak ($2.95 in chips) 
Seat 8: udaiparvatha ($2.81 in chips) 
Seat 9: RuSlaN__An4 ($2.42 in chips) 
Azznak: posts small blind $0.01
udaiparvatha: posts big blind $0.02
Dorex2007: posts small & big blinds $0.03
*** HOLE CARDS ***
Dealt to Dorex2007 [Ts 5s]
RuSlaN__An4: folds 
EdVince1970: folds 
SlavikPuha: folds 
n2405n: raises $0.08 to $0.10
Vadimur1962: folds 
Dorex2007: folds 
PAMEGERA: folds 
Azznak: folds 
udaiparvatha: calls $0.08
*** FLOP *** [Js 8h Qc]
udaiparvatha: checks 
n2405n: checks 
*** TURN *** [Js 8h Qc] [4s]
udaiparvatha: bets $0.23
n2405n: calls $0.23
*** RIVER *** [Js 8h Qc 4s] [Ad]
udaiparvatha: checks 
n2405n: checks 
*** SHOW DOWN ***
udaiparvatha: shows [Qd Td] (a pair of Queens)
n2405n: mucks hand 
udaiparvatha collected $0.68 from pot
*** SUMMARY ***
Total pot $0.70 | Rake $0.02 
Board [Js 8h Qc 4s Ad]
Seat 1: EdVince1970 folded before Flop (didn't bet)
Seat 2: SlavikPuha folded before Flop (didn't bet)
Seat 3: n2405n mucked [5d 5h]
Seat 4: Vadimur1962 folded before Flop (didn't bet)
Seat 5: Dorex2007 folded before Flop (didn't bet)
Seat 6: PAMEGERA (button) folded before Flop (didn't bet)
Seat 7: Azznak (small blind) folded before Flop
Seat 8: udaiparvatha (big blind) showed [Qd Td] and won ($0.68) with a pair of Queens
Seat 9: RuSlaN__An4 folded before Flop (didn't bet)



PokerStars Hand #223832739899:  Hold'em No Limit ($0.01/$0.02 USD) - 2021/02/14 22:47:53 PT [2021/02/15 1:47:53 ET]
Table 'Veritas IV' 9-max Seat #7 is the button
Seat 1: EdVince1970 ($0.92 in chips) 
Seat 2: SlavikPuha ($3.74 in chips) 
Seat 3: n2405n ($2 in chips) 
Seat 4: Vadimur1962 ($1.27 in chips) 
Seat 5: Dorex2007 ($1.45 in chips) 
Seat 6: PAMEGERA ($4.84 in chips) 
Seat 7: Azznak ($2.94 in chips) 
Seat 8: udaiparvatha ($3.16 in chips) 
Seat 9: RuSlaN__An4 ($2.42 in chips) 
udaiparvatha: posts small blind $0.01
RuSlaN__An4: posts big blind $0.02
*** HOLE CARDS ***
Dealt to Dorex2007 [6c 5h]
EdVince1970: calls $0.02
SlavikPuha: folds 
n2405n: raises $0.07 to $0.09
Vadimur1962: folds 
Dorex2007: folds 
PAMEGERA: folds 
Azznak: calls $0.09
udaiparvatha: folds 
RuSlaN__An4: folds 
EdVince1970: folds 
*** FLOP *** [7h 4c 3h]
n2405n: checks 
Azznak: bets $0.11
n2405n: raises $0.22 to $0.33
Azznak: calls $0.22
*** TURN *** [7h 4c 3h] [Qc]
n2405n: bets $0.43
Azznak: folds 
Uncalled bet ($0.43) returned to n2405n
n2405n collected $0.86 from pot
n2405n: doesn't show hand 
*** SUMMARY ***
Total pot $0.89 | Rake $0.03 
Board [7h 4c 3h Qc]
Seat 1: EdVince1970 folded before Flop
Seat 2: SlavikPuha folded before Flop (didn't bet)
Seat 3: n2405n collected ($0.86)
Seat 4: Vadimur1962 folded before Flop (didn't bet)
Seat 5: Dorex2007 folded before Flop (didn't bet)
Seat 6: PAMEGERA folded before Flop (didn't bet)
Seat 7: Azznak (button) folded on the Turn
Seat 8: udaiparvatha (small blind) folded before Flop
Seat 9: RuSlaN__An4 (big blind) folded before Flop



