PokerStars Hand #225382370854:  Hold'em No Limit ($0.01/$0.02 USD) - 2021/03/31 22:41:06 PT [2021/04/01 1:41:06 ET]
Table 'Philosophia VI' 9-max Seat #6 is the button
Seat 2: kusto1488 ($1.67 in chips) 
Seat 3: Matmes100 ($2 in chips) 
Seat 4: Reann1234 ($4.39 in chips) 
Seat 5: CabbieMark ($3.76 in chips) 
Seat 6: n2405n ($2 in chips) 
Seat 7: 55gera55 ($2.74 in chips) 
Seat 8: Dorex2007 ($1.50 in chips) 
Seat 9: 60centPoker ($2.12 in chips) 
55gera55: posts small blind $0.01
Dorex2007: posts big blind $0.02
AA Cepera AA: sits out 
*** HOLE CARDS ***
Dealt to Dorex2007 [Td Th]
60centPoker: folds 
kusto1488: raises $0.04 to $0.06
Matmes100: folds 
Reann1234: calls $0.06
CabbieMark: folds 
n2405n: folds 
55gera55: folds 
Dorex2007: calls $0.04
*** FLOP *** [Js 6c Qs]
Dorex2007: checks 
kusto1488: checks 
Reann1234: checks 
*** TURN *** [Js 6c Qs] [3s]
Dorex2007: bets $0.12
kusto1488: folds 
Reann1234: folds 
Uncalled bet ($0.12) returned to Dorex2007
Dorex2007 collected $0.18 from pot
Dorex2007: doesn't show hand 
*** SUMMARY ***
Total pot $0.19 | Rake $0.01 
Board [Js 6c Qs 3s]
Seat 2: kusto1488 folded on the Turn
Seat 3: Matmes100 folded before Flop (didn't bet)
Seat 4: Reann1234 folded on the Turn
Seat 5: CabbieMark folded before Flop (didn't bet)
Seat 6: n2405n (button) folded before Flop (didn't bet)
Seat 7: 55gera55 (small blind) folded before Flop
Seat 8: Dorex2007 (big blind) collected ($0.18)
Seat 9: 60centPoker folded before Flop (didn't bet)



PokerStars Hand #225382379033:  Hold'em No Limit ($0.01/$0.02 USD) - 2021/03/31 22:41:55 PT [2021/04/01 1:41:55 ET]
Table 'Philosophia VI' 9-max Seat #7 is the button
Seat 2: kusto1488 ($1.61 in chips) 
Seat 3: Matmes100 ($2 in chips) 
Seat 4: Reann1234 ($4.33 in chips) 
Seat 5: CabbieMark ($3.76 in chips) 
Seat 6: n2405n ($2 in chips) 
Seat 7: 55gera55 ($2.73 in chips) 
Seat 8: Dorex2007 ($1.62 in chips) 
Seat 9: 60centPoker ($2.12 in chips) 
Dorex2007: posts small blind $0.01
60centPoker: posts big blind $0.02
AA Cepera AA: sits out 
*** HOLE CARDS ***
Dealt to Dorex2007 [5s 3h]
kusto1488: folds 
Matmes100: folds 
Reann1234: raises $0.07 to $0.09
CabbieMark: folds 
n2405n: folds 
55gera55: folds 
Dorex2007: folds 
60centPoker: folds 
Uncalled bet ($0.07) returned to Reann1234
Reann1234 collected $0.05 from pot
*** SUMMARY ***
Total pot $0.05 | Rake $0 
Seat 2: kusto1488 folded before Flop (didn't bet)
Seat 3: Matmes100 folded before Flop (didn't bet)
Seat 4: Reann1234 collected ($0.05)
Seat 5: CabbieMark folded before Flop (didn't bet)
Seat 6: n2405n folded before Flop (didn't bet)
Seat 7: 55gera55 (button) folded before Flop (didn't bet)
Seat 8: Dorex2007 (small blind) folded before Flop
Seat 9: 60centPoker (big blind) folded before Flop



PokerStars Hand #225382384445:  Hold'em No Limit ($0.01/$0.02 USD) - 2021/03/31 22:42:28 PT [2021/04/01 1:42:28 ET]
Table 'Philosophia VI' 9-max Seat #8 is the button
Seat 1: AA Cepera AA ($2.25 in chips) 
Seat 2: kusto1488 ($1.61 in chips) 
Seat 3: Matmes100 ($2 in chips) 
Seat 4: Reann1234 ($4.36 in chips) 
Seat 5: CabbieMark ($3.76 in chips) 
Seat 6: n2405n ($2 in chips) 
Seat 7: 55gera55 ($2.73 in chips) 
Seat 8: Dorex2007 ($1.61 in chips) 
Seat 9: 60centPoker ($2.10 in chips) 
60centPoker: posts small blind $0.01
AA Cepera AA: posts big blind $0.02
*** HOLE CARDS ***
Dealt to Dorex2007 [3c Qh]
kusto1488: folds 
Matmes100: folds 
Reann1234: calls $0.02
CabbieMark: folds 
n2405n: raises $0.14 to $0.16
55gera55: folds 
Dorex2007: folds 
60centPoker: folds 
AA Cepera AA: calls $0.14
Reann1234: folds 
*** FLOP *** [Td 4c 9h]
AA Cepera AA: checks 
n2405n: bets $0.17
AA Cepera AA: calls $0.17
*** TURN *** [Td 4c 9h] [7d]
AA Cepera AA: checks 
n2405n: bets $0.34
AA Cepera AA: calls $0.34
*** RIVER *** [Td 4c 9h 7d] [Ts]
AA Cepera AA: checks 
n2405n: checks 
*** SHOW DOWN ***
AA Cepera AA: shows [Kd Ad] (a pair of Tens)
n2405n: shows [Ac Ah] (two pair, Aces and Tens)
n2405n collected $1.32 from pot
*** SUMMARY ***
Total pot $1.37 | Rake $0.05 
Board [Td 4c 9h 7d Ts]
Seat 1: AA Cepera AA (big blind) showed [Kd Ad] and lost with a pair of Tens
Seat 2: kusto1488 folded before Flop (didn't bet)
Seat 3: Matmes100 folded before Flop (didn't bet)
Seat 4: Reann1234 folded before Flop
Seat 5: CabbieMark folded before Flop (didn't bet)
Seat 6: n2405n showed [Ac Ah] and won ($1.32) with two pair, Aces and Tens
Seat 7: 55gera55 folded before Flop (didn't bet)
Seat 8: Dorex2007 (button) folded before Flop (didn't bet)
Seat 9: 60centPoker (small blind) folded before Flop



PokerStars Hand #225382392303:  Hold'em No Limit ($0.01/$0.02 USD) - 2021/03/31 22:43:15 PT [2021/04/01 1:43:15 ET]
Table 'Philosophia VI' 9-max Seat #9 is the button
Seat 1: AA Cepera AA ($1.58 in chips) 
Seat 2: kusto1488 ($1.61 in chips) 
Seat 3: Matmes100 ($2 in chips) 
Seat 4: Reann1234 ($4.34 in chips) 
Seat 5: CabbieMark ($3.76 in chips) 
Seat 6: n2405n ($2.65 in chips) 
Seat 7: 55gera55 ($2.73 in chips) 
Seat 8: Dorex2007 ($1.61 in chips) 
Seat 9: 60centPoker ($2.09 in chips) 
AA Cepera AA: posts small blind $0.01
kusto1488: posts big blind $0.02
*** HOLE CARDS ***
Dealt to Dorex2007 [9s 5s]
Matmes100: folds 
Reann1234: folds 
CabbieMark: raises $0.06 to $0.08
n2405n: folds 
55gera55: folds 
Dorex2007: folds 
60centPoker: folds 
AA Cepera AA: folds 
kusto1488: folds 
Uncalled bet ($0.06) returned to CabbieMark
CabbieMark collected $0.05 from pot
*** SUMMARY ***
Total pot $0.05 | Rake $0 
Seat 1: AA Cepera AA (small blind) folded before Flop
Seat 2: kusto1488 (big blind) folded before Flop
Seat 3: Matmes100 folded before Flop (didn't bet)
Seat 4: Reann1234 folded before Flop (didn't bet)
Seat 5: CabbieMark collected ($0.05)
Seat 6: n2405n folded before Flop (didn't bet)
Seat 7: 55gera55 folded before Flop (didn't bet)
Seat 8: Dorex2007 folded before Flop (didn't bet)
Seat 9: 60centPoker (button) folded before Flop (didn't bet)



PokerStars Hand #225382395295:  Hold'em No Limit ($0.01/$0.02 USD) - 2021/03/31 22:43:33 PT [2021/04/01 1:43:33 ET]
Table 'Philosophia VI' 9-max Seat #1 is the button
Seat 1: AA Cepera AA ($1.57 in chips) 
Seat 2: kusto1488 ($1.59 in chips) 
Seat 3: Matmes100 ($2 in chips) 
Seat 4: Reann1234 ($4.34 in chips) 
Seat 5: CabbieMark ($3.79 in chips) 
Seat 6: n2405n ($2.65 in chips) 
Seat 7: 55gera55 ($2.73 in chips) 
Seat 8: Dorex2007 ($1.61 in chips) 
Seat 9: 60centPoker ($2.09 in chips) 
kusto1488: posts small blind $0.01
Matmes100: posts big blind $0.02
*** HOLE CARDS ***
Dealt to Dorex2007 [7d 2d]
Reann1234: calls $0.02
CabbieMark: raises $0.07 to $0.09
n2405n: calls $0.09
55gera55: folds 
Dorex2007: folds 
60centPoker: folds 
AA Cepera AA: folds 
kusto1488: folds 
Matmes100: folds 
Reann1234: calls $0.07
*** FLOP *** [8h 5c 3h]
Reann1234: checks 
CabbieMark: bets $0.16
n2405n: folds 
Reann1234: calls $0.16
*** TURN *** [8h 5c 3h] [Th]
Reann1234: checks 
CabbieMark: checks 
*** RIVER *** [8h 5c 3h Th] [7h]
Reann1234: checks 
CabbieMark: bets $0.26
Reann1234: folds 
Uncalled bet ($0.26) returned to CabbieMark
CabbieMark collected $0.60 from pot
*** SUMMARY ***
Total pot $0.62 | Rake $0.02 
Board [8h 5c 3h Th 7h]
Seat 1: AA Cepera AA (button) folded before Flop (didn't bet)
Seat 2: kusto1488 (small blind) folded before Flop
Seat 3: Matmes100 (big blind) folded before Flop
Seat 4: Reann1234 folded on the River
Seat 5: CabbieMark collected ($0.60)
Seat 6: n2405n folded on the Flop
Seat 7: 55gera55 folded before Flop (didn't bet)
Seat 8: Dorex2007 folded before Flop (didn't bet)
Seat 9: 60centPoker folded before Flop (didn't bet)



PokerStars Hand #225382405161:  Hold'em No Limit ($0.01/$0.02 USD) - 2021/03/31 22:44:32 PT [2021/04/01 1:44:32 ET]
Table 'Philosophia VI' 9-max Seat #2 is the button
Seat 1: AA Cepera AA ($2 in chips) 
Seat 2: kusto1488 ($1.58 in chips) 
Seat 3: Matmes100 ($2 in chips) 
Seat 4: Reann1234 ($4.09 in chips) 
Seat 5: CabbieMark ($4.14 in chips) 
Seat 6: n2405n ($2.56 in chips) 
Seat 8: Dorex2007 ($1.61 in chips) 
Seat 9: 60centPoker ($2.09 in chips) 
Matmes100: posts small blind $0.01
Reann1234: posts big blind $0.02
*** HOLE CARDS ***
Dealt to Dorex2007 [4c 7s]
CabbieMark: folds 
n2405n: folds 
Dorex2007: folds 
60centPoker: folds 
AA Cepera AA: folds 
kusto1488: raises $0.04 to $0.06
Matmes100: folds 
Reann1234: folds 
Uncalled bet ($0.04) returned to kusto1488
kusto1488 collected $0.05 from pot
kusto1488: doesn't show hand 
*** SUMMARY ***
Total pot $0.05 | Rake $0 
Seat 1: AA Cepera AA folded before Flop (didn't bet)
Seat 2: kusto1488 (button) collected ($0.05)
Seat 3: Matmes100 (small blind) folded before Flop
Seat 4: Reann1234 (big blind) folded before Flop
Seat 5: CabbieMark folded before Flop (didn't bet)
Seat 6: n2405n folded before Flop (didn't bet)
Seat 8: Dorex2007 folded before Flop (didn't bet)
Seat 9: 60centPoker folded before Flop (didn't bet)



PokerStars Hand #225382408168:  Hold'em No Limit ($0.01/$0.02 USD) - 2021/03/31 22:44:50 PT [2021/04/01 1:44:50 ET]
Table 'Philosophia VI' 9-max Seat #3 is the button
Seat 1: AA Cepera AA ($2 in chips) 
Seat 2: kusto1488 ($1.61 in chips) 
Seat 3: Matmes100 ($2 in chips) 
Seat 4: Reann1234 ($4.07 in chips) 
Seat 5: CabbieMark ($4.14 in chips) 
Seat 6: n2405n ($2.56 in chips) 
Seat 8: Dorex2007 ($1.61 in chips) 
Seat 9: 60centPoker ($2.09 in chips) 
Reann1234: posts small blind $0.01
CabbieMark: posts big blind $0.02
*** HOLE CARDS ***
Dealt to Dorex2007 [Kc 9h]
n2405n: folds 
Dorex2007: folds 
60centPoker: folds 
AA Cepera AA: folds 
kusto1488: raises $0.04 to $0.06
Matmes100: folds 
Reann1234: raises $0.26 to $0.32
CabbieMark: folds 
kusto1488: raises $1.29 to $1.61 and is all-in
Reann1234: folds 
Uncalled bet ($1.29) returned to kusto1488
kusto1488 collected $0.66 from pot
kusto1488: doesn't show hand 
*** SUMMARY ***
Total pot $0.66 | Rake $0 
Seat 1: AA Cepera AA folded before Flop (didn't bet)
Seat 2: kusto1488 collected ($0.66)
Seat 3: Matmes100 (button) folded before Flop (didn't bet)
Seat 4: Reann1234 (small blind) folded before Flop
Seat 5: CabbieMark (big blind) folded before Flop
Seat 6: n2405n folded before Flop (didn't bet)
Seat 8: Dorex2007 folded before Flop (didn't bet)
Seat 9: 60centPoker folded before Flop (didn't bet)



PokerStars Hand #225382418337:  Hold'em No Limit ($0.01/$0.02 USD) - 2021/03/31 22:45:52 PT [2021/04/01 1:45:52 ET]
Table 'Philosophia VI' 9-max Seat #4 is the button
Seat 1: AA Cepera AA ($2 in chips) 
Seat 2: kusto1488 ($1.95 in chips) 
Seat 3: Matmes100 ($2 in chips) 
Seat 4: Reann1234 ($3.75 in chips) 
Seat 5: CabbieMark ($4.12 in chips) 
Seat 6: n2405n ($2.56 in chips) 
Seat 8: Dorex2007 ($1.61 in chips) 
Seat 9: 60centPoker ($2.09 in chips) 
CabbieMark: posts small blind $0.01
n2405n: posts big blind $0.02
*** HOLE CARDS ***
Dealt to Dorex2007 [Ks Ah]
Dorex2007: raises $0.04 to $0.06
60centPoker: folds 
AA Cepera AA: folds 
kusto1488: folds 
Matmes100: folds 
Reann1234: raises $0.15 to $0.21
CabbieMark: folds 
n2405n: folds 
Dorex2007: calls $0.15
*** FLOP *** [Qh 9c Tc]
Dorex2007: checks 
Reann1234: checks 
*** TURN *** [Qh 9c Tc] [Js]
Dorex2007: checks 
Reann1234: checks 
*** RIVER *** [Qh 9c Tc Js] [2h]
Dorex2007: bets $0.43
Reann1234: folds 
Uncalled bet ($0.43) returned to Dorex2007
Dorex2007 collected $0.43 from pot
Dorex2007: doesn't show hand 
*** SUMMARY ***
Total pot $0.45 | Rake $0.02 
Board [Qh 9c Tc Js 2h]
Seat 1: AA Cepera AA folded before Flop (didn't bet)
Seat 2: kusto1488 folded before Flop (didn't bet)
Seat 3: Matmes100 folded before Flop (didn't bet)
Seat 4: Reann1234 (button) folded on the River
Seat 5: CabbieMark (small blind) folded before Flop
Seat 6: n2405n (big blind) folded before Flop
Seat 8: Dorex2007 collected ($0.43)
Seat 9: 60centPoker folded before Flop (didn't bet)



PokerStars Hand #225382428642:  Hold'em No Limit ($0.01/$0.02 USD) - 2021/03/31 22:46:53 PT [2021/04/01 1:46:53 ET]
Table 'Philosophia VI' 9-max Seat #5 is the button
Seat 1: AA Cepera AA ($2 in chips) 
Seat 2: kusto1488 ($1.95 in chips) 
Seat 3: Matmes100 ($2 in chips) 
Seat 4: Reann1234 ($3.54 in chips) 
Seat 5: CabbieMark ($4.11 in chips) 
Seat 6: n2405n ($2.54 in chips) 
Seat 8: Dorex2007 ($1.83 in chips) 
Seat 9: 60centPoker ($2.09 in chips) 
n2405n: posts small blind $0.01
Dorex2007: posts big blind $0.02
*** HOLE CARDS ***
Dealt to Dorex2007 [Qs 8s]
60centPoker: folds 
AA Cepera AA: folds 
kusto1488: folds 
Matmes100: folds 
Reann1234: folds 
CabbieMark: raises $0.05 to $0.07
n2405n: folds 
Dorex2007: folds 
Uncalled bet ($0.05) returned to CabbieMark
CabbieMark collected $0.05 from pot
*** SUMMARY ***
Total pot $0.05 | Rake $0 
Seat 1: AA Cepera AA folded before Flop (didn't bet)
Seat 2: kusto1488 folded before Flop (didn't bet)
Seat 3: Matmes100 folded before Flop (didn't bet)
Seat 4: Reann1234 folded before Flop (didn't bet)
Seat 5: CabbieMark (button) collected ($0.05)
Seat 6: n2405n (small blind) folded before Flop
Seat 8: Dorex2007 (big blind) folded before Flop
Seat 9: 60centPoker folded before Flop (didn't bet)



PokerStars Hand #225382433343:  Hold'em No Limit ($0.01/$0.02 USD) - 2021/03/31 22:47:21 PT [2021/04/01 1:47:21 ET]
Table 'Philosophia VI' 9-max Seat #6 is the button
Seat 1: AA Cepera AA ($2 in chips) 
Seat 2: kusto1488 ($1.95 in chips) 
Seat 3: Matmes100 ($2 in chips) 
Seat 4: Reann1234 ($3.54 in chips) 
Seat 5: CabbieMark ($4.14 in chips) 
Seat 6: n2405n ($2.53 in chips) 
Seat 8: Dorex2007 ($1.81 in chips) 
Seat 9: 60centPoker ($2.09 in chips) 
Dorex2007: posts small blind $0.01
60centPoker: posts big blind $0.02
*** HOLE CARDS ***
Dealt to Dorex2007 [Qh Td]
AA Cepera AA: folds 
kusto1488: raises $0.04 to $0.06
AA Cepera AA leaves the table
Matmes100: folds 
Reann1234: calls $0.06
CabbieMark: folds 
n2405n: folds 
Dorex2007: folds 
60centPoker: folds 
*** FLOP *** [2c As 7c]
kusto1488: bets $0.06
Reann1234: folds 
Uncalled bet ($0.06) returned to kusto1488
kusto1488 collected $0.14 from pot
kusto1488: doesn't show hand 
*** SUMMARY ***
Total pot $0.15 | Rake $0.01 
Board [2c As 7c]
Seat 1: AA Cepera AA folded before Flop (didn't bet)
Seat 2: kusto1488 collected ($0.14)
Seat 3: Matmes100 folded before Flop (didn't bet)
Seat 4: Reann1234 folded on the Flop
Seat 5: CabbieMark folded before Flop (didn't bet)
Seat 6: n2405n (button) folded before Flop (didn't bet)
Seat 8: Dorex2007 (small blind) folded before Flop
Seat 9: 60centPoker (big blind) folded before Flop



PokerStars Hand #225382438377:  Hold'em No Limit ($0.01/$0.02 USD) - 2021/03/31 22:47:51 PT [2021/04/01 1:47:51 ET]
Table 'Philosophia VI' 9-max Seat #8 is the button
Seat 2: kusto1488 ($2.03 in chips) 
Seat 3: Matmes100 ($2 in chips) 
Seat 4: Reann1234 ($3.48 in chips) 
Seat 5: CabbieMark ($4.14 in chips) 
Seat 6: n2405n ($2.53 in chips) 
Seat 8: Dorex2007 ($1.80 in chips) 
Seat 9: 60centPoker ($2.07 in chips) 
60centPoker: posts small blind $0.01
kusto1488: posts big blind $0.02
*** HOLE CARDS ***
Dealt to Dorex2007 [5h Tc]
Matmes100: folds 
Reann1234: folds 
CabbieMark: folds 
n2405n: raises $0.02 to $0.04
Dorex2007: folds 
60centPoker: folds 
kusto1488: folds 
Uncalled bet ($0.02) returned to n2405n
n2405n collected $0.05 from pot
n2405n: doesn't show hand 
*** SUMMARY ***
Total pot $0.05 | Rake $0 
Seat 2: kusto1488 (big blind) folded before Flop
Seat 3: Matmes100 folded before Flop (didn't bet)
Seat 4: Reann1234 folded before Flop (didn't bet)
Seat 5: CabbieMark folded before Flop (didn't bet)
Seat 6: n2405n collected ($0.05)
Seat 8: Dorex2007 (button) folded before Flop (didn't bet)
Seat 9: 60centPoker (small blind) folded before Flop



PokerStars Hand #225382455534:  Hold'em No Limit ($0.01/$0.02 USD) - 2021/03/31 22:49:35 PT [2021/04/01 1:49:35 ET]
Table 'Philosophia VI' 9-max Seat #3 is the button
Seat 1: Urasik1979 ($0.74 in chips) 
Seat 2: kusto1488 ($2.30 in chips) 
Seat 3: Matmes100 ($2 in chips) 
Seat 4: Reann1234 ($3.46 in chips) 
Seat 5: CabbieMark ($4.08 in chips) 
Seat 6: n2405n ($2.44 in chips) 
Seat 8: Dorex2007 ($1.80 in chips) 
Seat 9: 60centPoker ($2.06 in chips) 
Reann1234: posts small blind $0.01
CabbieMark: posts big blind $0.02
*** HOLE CARDS ***
Dealt to Dorex2007 [Ks 6s]
n2405n: raises $0.02 to $0.04
Dorex2007: folds 
60centPoker: folds 
Urasik1979: raises $0.02 to $0.06
kusto1488: folds 
Matmes100: folds 
Reann1234: calls $0.05
CabbieMark: folds 
n2405n: folds 
*** FLOP *** [Jd 4d Kh]
Reann1234: checks 
Urasik1979: bets $0.09
Reann1234: folds 
Uncalled bet ($0.09) returned to Urasik1979
Urasik1979 collected $0.17 from pot
*** SUMMARY ***
Total pot $0.18 | Rake $0.01 
Board [Jd 4d Kh]
Seat 1: Urasik1979 collected ($0.17)
Seat 2: kusto1488 folded before Flop (didn't bet)
Seat 3: Matmes100 (button) folded before Flop (didn't bet)
Seat 4: Reann1234 (small blind) folded on the Flop
Seat 5: CabbieMark (big blind) folded before Flop
Seat 6: n2405n folded before Flop
Seat 8: Dorex2007 folded before Flop (didn't bet)
Seat 9: 60centPoker folded before Flop (didn't bet)



PokerStars Hand #225382463728:  Hold'em No Limit ($0.01/$0.02 USD) - 2021/03/31 22:50:25 PT [2021/04/01 1:50:25 ET]
Table 'Philosophia VI' 9-max Seat #4 is the button
Seat 1: Urasik1979 ($0.85 in chips) 
Seat 2: kusto1488 ($2.30 in chips) 
Seat 3: Matmes100 ($2 in chips) 
Seat 4: Reann1234 ($3.40 in chips) 
Seat 5: CabbieMark ($4.06 in chips) 
Seat 6: n2405n ($2.40 in chips) 
Seat 8: Dorex2007 ($1.80 in chips) 
Seat 9: 60centPoker ($2.06 in chips) 
CabbieMark: posts small blind $0.01
n2405n: posts big blind $0.02
*** HOLE CARDS ***
Dealt to Dorex2007 [Jd 7c]
Dorex2007: folds 
60centPoker: folds 
Urasik1979: folds 
kusto1488: folds 
Matmes100: folds 
Reann1234: raises $0.05 to $0.07
CabbieMark: folds 
n2405n: folds 
Uncalled bet ($0.05) returned to Reann1234
Reann1234 collected $0.05 from pot
*** SUMMARY ***
Total pot $0.05 | Rake $0 
Seat 1: Urasik1979 folded before Flop (didn't bet)
Seat 2: kusto1488 folded before Flop (didn't bet)
Seat 3: Matmes100 folded before Flop (didn't bet)
Seat 4: Reann1234 (button) collected ($0.05)
Seat 5: CabbieMark (small blind) folded before Flop
Seat 6: n2405n (big blind) folded before Flop
Seat 8: Dorex2007 folded before Flop (didn't bet)
Seat 9: 60centPoker folded before Flop (didn't bet)



PokerStars Hand #225382467367:  Hold'em No Limit ($0.01/$0.02 USD) - 2021/03/31 22:50:47 PT [2021/04/01 1:50:47 ET]
Table 'Philosophia VI' 9-max Seat #5 is the button
Seat 1: Urasik1979 ($0.85 in chips) 
Seat 2: kusto1488 ($2.30 in chips) 
Seat 3: Matmes100 ($2 in chips) 
Seat 4: Reann1234 ($3.43 in chips) 
Seat 5: CabbieMark ($4.05 in chips) 
Seat 6: n2405n ($2.38 in chips) 
Seat 8: Dorex2007 ($1.80 in chips) 
Seat 9: 60centPoker ($2.06 in chips) 
n2405n: posts small blind $0.01
Dorex2007: posts big blind $0.02
*** HOLE CARDS ***
Dealt to Dorex2007 [2h 4s]
60centPoker has timed out
60centPoker: folds 
Urasik1979: raises $0.02 to $0.04
kusto1488: folds 
Matmes100: folds 
Reann1234: folds 
CabbieMark: folds 
n2405n: raises $0.02 to $0.06
Dorex2007: folds 
Urasik1979: calls $0.02
*** FLOP *** [5s 7h Js]
n2405n: bets $0.02
Urasik1979: calls $0.02
*** TURN *** [5s 7h Js] [4d]
n2405n: bets $0.02
Urasik1979: calls $0.02
*** RIVER *** [5s 7h Js 4d] [2d]
n2405n: bets $0.02
Urasik1979: calls $0.02
*** SHOW DOWN ***
n2405n: shows [Jd 8s] (a pair of Jacks)
Urasik1979: mucks hand 
n2405n collected $0.25 from pot
*** SUMMARY ***
Total pot $0.26 | Rake $0.01 
Board [5s 7h Js 4d 2d]
Seat 1: Urasik1979 mucked [Ah 5h]
Seat 2: kusto1488 folded before Flop (didn't bet)
Seat 3: Matmes100 folded before Flop (didn't bet)
Seat 4: Reann1234 folded before Flop (didn't bet)
Seat 5: CabbieMark (button) folded before Flop (didn't bet)
Seat 6: n2405n (small blind) showed [Jd 8s] and won ($0.25) with a pair of Jacks
Seat 8: Dorex2007 (big blind) folded before Flop
Seat 9: 60centPoker folded before Flop (didn't bet)



PokerStars Hand #225382475014:  Hold'em No Limit ($0.01/$0.02 USD) - 2021/03/31 22:51:35 PT [2021/04/01 1:51:35 ET]
Table 'Philosophia VI' 9-max Seat #6 is the button
Seat 1: Urasik1979 ($0.73 in chips) 
Seat 2: kusto1488 ($2.30 in chips) 
Seat 3: Matmes100 ($2 in chips) 
Seat 4: Reann1234 ($3.43 in chips) 
Seat 5: CabbieMark ($4.05 in chips) 
Seat 6: n2405n ($2.51 in chips) 
Seat 8: Dorex2007 ($1.78 in chips) 
Seat 9: 60centPoker ($2.06 in chips) 
Dorex2007: posts small blind $0.01
60centPoker: posts big blind $0.02
*** HOLE CARDS ***
Dealt to Dorex2007 [Ah 3h]
Urasik1979: folds 
kusto1488: folds 
Matmes100: folds 
Reann1234: folds 
CabbieMark: folds 
n2405n: raises $0.02 to $0.04
Dorex2007: calls $0.03
60centPoker: folds 
*** FLOP *** [8s As 2s]
Dorex2007: bets $0.10
n2405n: folds 
Uncalled bet ($0.10) returned to Dorex2007
Dorex2007 collected $0.10 from pot
Dorex2007: doesn't show hand 
*** SUMMARY ***
Total pot $0.10 | Rake $0 
Board [8s As 2s]
Seat 1: Urasik1979 folded before Flop (didn't bet)
Seat 2: kusto1488 folded before Flop (didn't bet)
Seat 3: Matmes100 folded before Flop (didn't bet)
Seat 4: Reann1234 folded before Flop (didn't bet)
Seat 5: CabbieMark folded before Flop (didn't bet)
Seat 6: n2405n (button) folded on the Flop
Seat 8: Dorex2007 (small blind) collected ($0.10)
Seat 9: 60centPoker (big blind) folded before Flop



PokerStars Hand #225382480410:  Hold'em No Limit ($0.01/$0.02 USD) - 2021/03/31 22:52:08 PT [2021/04/01 1:52:08 ET]
Table 'Philosophia VI' 9-max Seat #8 is the button
Seat 1: Urasik1979 ($0.73 in chips) 
Seat 2: kusto1488 ($2.30 in chips) 
Seat 3: Matmes100 ($2 in chips) 
Seat 4: Reann1234 ($3.43 in chips) 
Seat 5: CabbieMark ($4.05 in chips) 
Seat 6: n2405n ($2.47 in chips) 
Seat 8: Dorex2007 ($1.84 in chips) 
Seat 9: 60centPoker ($2.04 in chips) 
60centPoker: posts small blind $0.01
Urasik1979: posts big blind $0.02
*** HOLE CARDS ***
Dealt to Dorex2007 [Ks 8s]
kusto1488: folds 
Matmes100: folds 
Reann1234: calls $0.02
CabbieMark: folds 
n2405n: folds 
Dorex2007: calls $0.02
60centPoker: calls $0.01
Urasik1979: checks 
*** FLOP *** [Ts Kd Kc]
55gera55 is disconnected 
60centPoker: checks 
Urasik1979: bets $0.08
Reann1234: calls $0.08
Dorex2007: calls $0.08
60centPoker: folds 
*** TURN *** [Ts Kd Kc] [2s]
Urasik1979: checks 
Reann1234: checks 
Dorex2007: bets $0.16
Urasik1979: folds 
Reann1234: folds 
Uncalled bet ($0.16) returned to Dorex2007
Dorex2007 collected $0.31 from pot
Dorex2007: doesn't show hand 
*** SUMMARY ***
Total pot $0.32 | Rake $0.01 
Board [Ts Kd Kc 2s]
Seat 1: Urasik1979 (big blind) folded on the Turn
Seat 2: kusto1488 folded before Flop (didn't bet)
Seat 3: Matmes100 folded before Flop (didn't bet)
Seat 4: Reann1234 folded on the Turn
Seat 5: CabbieMark folded before Flop (didn't bet)
Seat 6: n2405n folded before Flop (didn't bet)
Seat 8: Dorex2007 (button) collected ($0.31)
Seat 9: 60centPoker (small blind) folded on the Flop



PokerStars Hand #225382493022:  Hold'em No Limit ($0.01/$0.02 USD) - 2021/03/31 22:53:26 PT [2021/04/01 1:53:26 ET]
Table 'Philosophia VI' 9-max Seat #9 is the button
Seat 1: Urasik1979 ($0.63 in chips) 
Seat 3: Matmes100 ($2 in chips) 
Seat 4: Reann1234 ($3.33 in chips) 
Seat 5: CabbieMark ($4.05 in chips) 
Seat 6: n2405n ($2.47 in chips) 
Seat 8: Dorex2007 ($2.05 in chips) 
Seat 9: 60centPoker ($2.02 in chips) 
Urasik1979: posts small blind $0.01
kusto1488: is sitting out 
Matmes100: posts big blind $0.02
*** HOLE CARDS ***
Dealt to Dorex2007 [5h 4c]
kusto1488 leaves the table
Reann1234 has timed out
Reann1234: folds 
CabbieMark: raises $0.05 to $0.07
n2405n: folds 
Dorex2007: folds 
55gera55 leaves the table
60centPoker: folds 
Urasik1979: folds 
Matmes100: folds 
Uncalled bet ($0.05) returned to CabbieMark
CabbieMark collected $0.05 from pot
*** SUMMARY ***
Total pot $0.05 | Rake $0 
Seat 1: Urasik1979 (small blind) folded before Flop
Seat 3: Matmes100 (big blind) folded before Flop
Seat 4: Reann1234 folded before Flop (didn't bet)
Seat 5: CabbieMark collected ($0.05)
Seat 6: n2405n folded before Flop (didn't bet)
Seat 8: Dorex2007 folded before Flop (didn't bet)
Seat 9: 60centPoker (button) folded before Flop (didn't bet)



PokerStars Hand #225382497955:  Hold'em No Limit ($0.01/$0.02 USD) - 2021/03/31 22:53:57 PT [2021/04/01 1:53:57 ET]
Table 'Philosophia VI' 9-max Seat #1 is the button
Seat 1: Urasik1979 ($0.62 in chips) 
Seat 3: Matmes100 ($2 in chips) 
Seat 4: Reann1234 ($3.33 in chips) 
Seat 5: CabbieMark ($4.08 in chips) 
Seat 6: n2405n ($2.47 in chips) 
Seat 8: Dorex2007 ($2.05 in chips) 
Seat 9: 60centPoker ($2.02 in chips) 
Matmes100: posts small blind $0.01
Reann1234: posts big blind $0.02
*** HOLE CARDS ***
Dealt to Dorex2007 [5c 2h]
CabbieMark: folds 
n2405n: raises $0.02 to $0.04
Dorex2007: folds 
60centPoker: folds 
Urasik1979: folds 
Matmes100: folds 
Reann1234: calls $0.02
*** FLOP *** [5h 2s 4d]
modernexpo joins the table at seat #7 
Reann1234: checks 
n2405n: checks 
*** TURN *** [5h 2s 4d] [Th]
Reann1234: checks 
n2405n: bets $0.05
Reann1234: folds 
Uncalled bet ($0.05) returned to n2405n
n2405n collected $0.09 from pot
n2405n: doesn't show hand 
*** SUMMARY ***
Total pot $0.09 | Rake $0 
Board [5h 2s 4d Th]
Seat 1: Urasik1979 (button) folded before Flop (didn't bet)
Seat 3: Matmes100 (small blind) folded before Flop
Seat 4: Reann1234 (big blind) folded on the Turn
Seat 5: CabbieMark folded before Flop (didn't bet)
Seat 6: n2405n collected ($0.09)
Seat 8: Dorex2007 folded before Flop (didn't bet)
Seat 9: 60centPoker folded before Flop (didn't bet)



PokerStars Hand #225382506133:  Hold'em No Limit ($0.01/$0.02 USD) - 2021/03/31 22:54:46 PT [2021/04/01 1:54:46 ET]
Table 'Philosophia VI' 9-max Seat #3 is the button
Seat 1: Urasik1979 ($0.62 in chips) 
Seat 3: Matmes100 ($2 in chips) 
Seat 4: Reann1234 ($3.29 in chips) 
Seat 5: CabbieMark ($4.08 in chips) 
Seat 6: n2405n ($2.52 in chips) 
Seat 8: Dorex2007 ($2.05 in chips) 
Seat 9: 60centPoker ($2.02 in chips) 
Reann1234: posts small blind $0.01
CabbieMark: posts big blind $0.02
modernexpo: sits out 
*** HOLE CARDS ***
Dealt to Dorex2007 [Tc Qh]
n2405n: raises $0.02 to $0.04
Dorex2007: folds 
60centPoker: folds 
Urasik1979: calls $0.04
Matmes100: folds 
Reann1234: calls $0.03
CabbieMark: calls $0.02
*** FLOP *** [3d 8s Td]
Reann1234: bets $0.20
CabbieMark: calls $0.20
n2405n: folds 
Urasik1979: folds 
*** TURN *** [3d 8s Td] [Qs]
Reann1234: bets $3.05 and is all-in
CabbieMark: calls $3.05
Reann1234 has timed out
*** RIVER *** [3d 8s Td Qs] [Ah]
*** SHOW DOWN ***
Reann1234: shows [8c 3c] (two pair, Eights and Threes)
CabbieMark: shows [Js Jd] (a pair of Jacks)
Reann1234 collected $6.43 from pot
CabbieMark cashed out the hand for $1.73 | Cash Out Fee $0.02
*** SUMMARY ***
Total pot $6.66 | Rake $0.23 
Board [3d 8s Td Qs Ah]
Seat 1: Urasik1979 folded on the Flop
Seat 3: Matmes100 (button) folded before Flop (didn't bet)
Seat 4: Reann1234 (small blind) showed [8c 3c] and won ($6.43) with two pair, Eights and Threes
Seat 5: CabbieMark (big blind) showed [Js Jd] and lost with a pair of Jacks (cashed out).
Seat 6: n2405n folded on the Flop
Seat 8: Dorex2007 folded before Flop (didn't bet)
Seat 9: 60centPoker folded before Flop (didn't bet)



PokerStars Hand #225382514469:  Hold'em No Limit ($0.01/$0.02 USD) - 2021/03/31 22:55:41 PT [2021/04/01 1:55:41 ET]
Table 'Philosophia VI' 9-max Seat #4 is the button
Seat 1: Urasik1979 ($0.58 in chips) 
Seat 3: Matmes100 ($2 in chips) 
Seat 4: Reann1234 ($6.43 in chips) 
Seat 5: CabbieMark ($2.52 in chips) 
Seat 6: n2405n ($2.48 in chips) 
Seat 8: Dorex2007 ($2.05 in chips) 
Seat 9: 60centPoker ($2.02 in chips) 
CabbieMark: posts small blind $0.01
n2405n: posts big blind $0.02
modernexpo: sits out 
*** HOLE CARDS ***
Dealt to Dorex2007 [As Ts]
Dorex2007: raises $0.04 to $0.06
60centPoker: folds 
Urasik1979: folds 
Matmes100: folds 
Reann1234: calls $0.06
CabbieMark: folds 
n2405n: raises $0.04 to $0.10
Dorex2007: calls $0.04
Reann1234: calls $0.04
*** FLOP *** [7s 9c Qs]
n2405n: bets $0.02
Dorex2007: calls $0.02
Reann1234: calls $0.02
*** TURN *** [7s 9c Qs] [Kc]
n2405n: bets $0.02
Dorex2007: raises $0.40 to $0.42
Reann1234: folds 
n2405n: folds 
Uncalled bet ($0.40) returned to Dorex2007
Dorex2007 collected $0.40 from pot
Dorex2007: doesn't show hand 
*** SUMMARY ***
Total pot $0.41 | Rake $0.01 
Board [7s 9c Qs Kc]
Seat 1: Urasik1979 folded before Flop (didn't bet)
Seat 3: Matmes100 folded before Flop (didn't bet)
Seat 4: Reann1234 (button) folded on the Turn
Seat 5: CabbieMark (small blind) folded before Flop
Seat 6: n2405n (big blind) folded on the Turn
Seat 8: Dorex2007 collected ($0.40)
Seat 9: 60centPoker folded before Flop (didn't bet)



PokerStars Hand #225382521470:  Hold'em No Limit ($0.01/$0.02 USD) - 2021/03/31 22:56:30 PT [2021/04/01 1:56:30 ET]
Table 'Philosophia VI' 9-max Seat #5 is the button
Seat 1: Urasik1979 ($0.58 in chips) 
Seat 3: Matmes100 ($2 in chips) 
Seat 4: Reann1234 ($6.31 in chips) 
Seat 5: CabbieMark ($2.51 in chips) 
Seat 6: n2405n ($2.34 in chips) 
Seat 7: modernexpo ($2 in chips) 
Seat 8: Dorex2007 ($2.31 in chips) 
Seat 9: 60centPoker ($2.02 in chips) 
n2405n: posts small blind $0.01
modernexpo: posts big blind $0.02
*** HOLE CARDS ***
Dealt to Dorex2007 [5d 4d]
Dorex2007: folds 
60centPoker: folds 
Urasik1979: raises $0.02 to $0.04
Matmes100: folds 
Reann1234: calls $0.04
CabbieMark: folds 
n2405n: raises $0.02 to $0.06
modernexpo: folds 
Urasik1979: calls $0.02
Reann1234: calls $0.02
*** FLOP *** [4s 3h 9d]
n2405n: bets $0.02
Urasik1979: calls $0.02
Reann1234: calls $0.02
*** TURN *** [4s 3h 9d] [Ts]
n2405n: bets $0.25
Urasik1979: folds 
Reann1234: folds 
Uncalled bet ($0.25) returned to n2405n
n2405n collected $0.25 from pot
n2405n: doesn't show hand 
naddelpower21 joins the table at seat #2 
*** SUMMARY ***
Total pot $0.26 | Rake $0.01 
Board [4s 3h 9d Ts]
Seat 1: Urasik1979 folded on the Turn
Seat 3: Matmes100 folded before Flop (didn't bet)
Seat 4: Reann1234 folded on the Turn
Seat 5: CabbieMark (button) folded before Flop (didn't bet)
Seat 6: n2405n (small blind) collected ($0.25)
Seat 7: modernexpo (big blind) folded before Flop
Seat 8: Dorex2007 folded before Flop (didn't bet)
Seat 9: 60centPoker folded before Flop (didn't bet)



PokerStars Hand #225382531899:  Hold'em No Limit ($0.01/$0.02 USD) - 2021/03/31 22:57:44 PT [2021/04/01 1:57:44 ET]
Table 'Philosophia VI' 9-max Seat #6 is the button
Seat 1: Urasik1979 ($0.50 in chips) 
Seat 3: Matmes100 ($2 in chips) 
Seat 4: Reann1234 ($6.23 in chips) 
Seat 5: CabbieMark ($2.51 in chips) 
Seat 6: n2405n ($2.51 in chips) 
Seat 7: modernexpo ($2 in chips) 
Seat 8: Dorex2007 ($2.31 in chips) 
Seat 9: 60centPoker ($2.02 in chips) 
modernexpo: posts small blind $0.01
Dorex2007: posts big blind $0.02
naddelpower21: sits out 
*** HOLE CARDS ***
Dealt to Dorex2007 [5c 6c]
60centPoker: folds 
Urasik1979: calls $0.02
Matmes100: folds 
Reann1234 has timed out
Reann1234: folds 
CabbieMark: folds 
n2405n: raises $0.02 to $0.04
modernexpo: folds 
Dorex2007: folds 
Urasik1979: calls $0.02
*** FLOP *** [Js 9s 5s]
Urasik1979: checks 
n2405n: bets $0.02
Urasik1979: calls $0.02
*** TURN *** [Js 9s 5s] [7d]
Urasik1979: checks 
n2405n: bets $0.14
Urasik1979: calls $0.14
*** RIVER *** [Js 9s 5s 7d] [Qh]
Urasik1979: checks 
n2405n: checks 
*** SHOW DOWN ***
Urasik1979: shows [9c 9d] (three of a kind, Nines)
n2405n: mucks hand 
Urasik1979 collected $0.41 from pot
*** SUMMARY ***
Total pot $0.43 | Rake $0.02 
Board [Js 9s 5s 7d Qh]
Seat 1: Urasik1979 showed [9c 9d] and won ($0.41) with three of a kind, Nines
Seat 3: Matmes100 folded before Flop (didn't bet)
Seat 4: Reann1234 folded before Flop (didn't bet)
Seat 5: CabbieMark folded before Flop (didn't bet)
Seat 6: n2405n (button) mucked [8c 3d]
Seat 7: modernexpo (small blind) folded before Flop
Seat 8: Dorex2007 (big blind) folded before Flop
Seat 9: 60centPoker folded before Flop (didn't bet)



PokerStars Hand #225382540788:  Hold'em No Limit ($0.01/$0.02 USD) - 2021/03/31 22:58:47 PT [2021/04/01 1:58:47 ET]
Table 'Philosophia VI' 9-max Seat #7 is the button
Seat 1: Urasik1979 ($0.71 in chips) 
Seat 2: naddelpower21 ($0.81 in chips) 
Seat 3: Matmes100 ($2 in chips) 
Seat 4: Reann1234 ($6.23 in chips) 
Seat 5: CabbieMark ($2.51 in chips) 
Seat 6: n2405n ($2.31 in chips) 
Seat 7: modernexpo ($2 in chips) 
Seat 8: Dorex2007 ($2.29 in chips) 
Seat 9: 60centPoker ($2.02 in chips) 
Dorex2007: posts small blind $0.01
60centPoker: posts big blind $0.02
naddelpower21: posts big blind $0.02
*** HOLE CARDS ***
Dealt to Dorex2007 [Jd 9c]
Urasik1979: folds 
naddelpower21: raises $0.02 to $0.04
Matmes100: folds 
Reann1234: folds 
CabbieMark: raises $0.12 to $0.16
n2405n: calls $0.16
modernexpo: folds 
Dorex2007: folds 
60centPoker: folds 
naddelpower21: calls $0.12
*** FLOP *** [Ks Th 6s]
naddelpower21: checks 
CabbieMark: bets $0.25
n2405n: folds 
naddelpower21: folds 
Uncalled bet ($0.25) returned to CabbieMark
CabbieMark collected $0.49 from pot
*** SUMMARY ***
Total pot $0.51 | Rake $0.02 
Board [Ks Th 6s]
Seat 1: Urasik1979 folded before Flop (didn't bet)
Seat 2: naddelpower21 folded on the Flop
Seat 3: Matmes100 folded before Flop (didn't bet)
Seat 4: Reann1234 folded before Flop (didn't bet)
Seat 5: CabbieMark collected ($0.49)
Seat 6: n2405n folded on the Flop
Seat 7: modernexpo (button) folded before Flop (didn't bet)
Seat 8: Dorex2007 (small blind) folded before Flop
Seat 9: 60centPoker (big blind) folded before Flop



PokerStars Hand #225382547389:  Hold'em No Limit ($0.01/$0.02 USD) - 2021/03/31 22:59:33 PT [2021/04/01 1:59:33 ET]
Table 'Philosophia VI' 9-max Seat #8 is the button
Seat 1: Urasik1979 ($0.71 in chips) 
Seat 2: naddelpower21 ($0.65 in chips) 
Seat 3: Matmes100 ($2 in chips) 
Seat 4: Reann1234 ($6.23 in chips) 
Seat 5: CabbieMark ($2.84 in chips) 
Seat 6: n2405n ($2.15 in chips) 
Seat 7: modernexpo ($2 in chips) 
Seat 8: Dorex2007 ($2.28 in chips) 
Seat 9: 60centPoker ($2 in chips) 
60centPoker: posts small blind $0.01
Urasik1979: posts big blind $0.02
*** HOLE CARDS ***
Dealt to Dorex2007 [4d 8s]
naddelpower21: calls $0.02
Matmes100: folds 
Reann1234: calls $0.02
CabbieMark: raises $0.24 to $0.26
n2405n: folds 
modernexpo: folds 
Dorex2007: folds 
60centPoker: folds 
Urasik1979: raises $0.45 to $0.71 and is all-in
naddelpower21: folds 
Reann1234: folds 
CabbieMark: calls $0.45
*** FLOP *** [6h 9c Ac]
*** TURN *** [6h 9c Ac] [3d]
*** RIVER *** [6h 9c Ac 3d] [9d]
*** SHOW DOWN ***
Urasik1979: shows [Ts Tc] (two pair, Tens and Nines)
CabbieMark: shows [Ks Qd] (a pair of Nines)
Urasik1979 cashed out the hand for $0.80 | Cash Out Fee $0.01
*** SUMMARY ***
Total pot $1.47 | Rake $0.05 
Board [6h 9c Ac 3d 9d]
Seat 1: Urasik1979 (big blind) showed [Ts Tc] and won ($1.42) with two pair, Tens and Nines (pot not awarded as player cashed out)
Seat 2: naddelpower21 folded before Flop
Seat 3: Matmes100 folded before Flop (didn't bet)
Seat 4: Reann1234 folded before Flop
Seat 5: CabbieMark showed [Ks Qd] and lost with a pair of Nines
Seat 6: n2405n folded before Flop (didn't bet)
Seat 7: modernexpo folded before Flop (didn't bet)
Seat 8: Dorex2007 (button) folded before Flop (didn't bet)
Seat 9: 60centPoker (small blind) folded before Flop



PokerStars Hand #225382554717:  Hold'em No Limit ($0.01/$0.02 USD) - 2021/03/31 23:00:25 PT [2021/04/01 2:00:25 ET]
Table 'Philosophia VI' 9-max Seat #9 is the button
Seat 1: Urasik1979 ($0.80 in chips) 
Seat 2: naddelpower21 ($0.63 in chips) 
Seat 3: Matmes100 ($2 in chips) 
Seat 4: Reann1234 ($6.21 in chips) 
Seat 5: CabbieMark ($2.13 in chips) 
Seat 6: n2405n ($2.15 in chips) 
Seat 7: modernexpo ($2 in chips) 
Seat 8: Dorex2007 ($2.28 in chips) 
Seat 9: 60centPoker ($1.99 in chips) 
Urasik1979: posts small blind $0.01
naddelpower21: posts big blind $0.02
*** HOLE CARDS ***
Dealt to Dorex2007 [9c 3d]
Matmes100: folds 
Reann1234: folds 
CabbieMark: folds 
n2405n: folds 
modernexpo: folds 
Dorex2007: folds 
60centPoker has timed out
60centPoker: folds 
Urasik1979: folds 
Uncalled bet ($0.01) returned to naddelpower21
naddelpower21 collected $0.02 from pot
naddelpower21: doesn't show hand 
*** SUMMARY ***
Total pot $0.02 | Rake $0 
Seat 1: Urasik1979 (small blind) folded before Flop
Seat 2: naddelpower21 (big blind) collected ($0.02)
Seat 3: Matmes100 folded before Flop (didn't bet)
Seat 4: Reann1234 folded before Flop (didn't bet)
Seat 5: CabbieMark folded before Flop (didn't bet)
Seat 6: n2405n folded before Flop (didn't bet)
Seat 7: modernexpo folded before Flop (didn't bet)
Seat 8: Dorex2007 folded before Flop (didn't bet)
Seat 9: 60centPoker (button) folded before Flop (didn't bet)



PokerStars Hand #225382558729:  Hold'em No Limit ($0.01/$0.02 USD) - 2021/03/31 23:00:51 PT [2021/04/01 2:00:51 ET]
Table 'Philosophia VI' 9-max Seat #1 is the button
Seat 1: Urasik1979 ($0.79 in chips) 
Seat 2: naddelpower21 ($0.64 in chips) 
Seat 3: Matmes100 ($2 in chips) 
Seat 4: Reann1234 ($6.21 in chips) 
Seat 5: CabbieMark ($2.13 in chips) 
Seat 6: n2405n ($2.15 in chips) 
Seat 7: modernexpo ($2 in chips) 
Seat 8: Dorex2007 ($2.28 in chips) 
Seat 9: 60centPoker ($1.99 in chips) 
naddelpower21: posts small blind $0.01
Matmes100: posts big blind $0.02
*** HOLE CARDS ***
Dealt to Dorex2007 [8d 2d]
Reann1234: folds 
CabbieMark: folds 
n2405n: raises $0.02 to $0.04
modernexpo: folds 
Dorex2007: folds 
60centPoker: folds 
Urasik1979 has timed out
Urasik1979: folds 
naddelpower21: folds 
Matmes100: folds 
Uncalled bet ($0.02) returned to n2405n
n2405n collected $0.05 from pot
n2405n: doesn't show hand 
*** SUMMARY ***
Total pot $0.05 | Rake $0 
Seat 1: Urasik1979 (button) folded before Flop (didn't bet)
Seat 2: naddelpower21 (small blind) folded before Flop
Seat 3: Matmes100 (big blind) folded before Flop
Seat 4: Reann1234 folded before Flop (didn't bet)
Seat 5: CabbieMark folded before Flop (didn't bet)
Seat 6: n2405n collected ($0.05)
Seat 7: modernexpo folded before Flop (didn't bet)
Seat 8: Dorex2007 folded before Flop (didn't bet)
Seat 9: 60centPoker folded before Flop (didn't bet)



PokerStars Hand #225382563914:  Hold'em No Limit ($0.01/$0.02 USD) - 2021/03/31 23:01:23 PT [2021/04/01 2:01:23 ET]
Table 'Philosophia VI' 9-max Seat #2 is the button
Seat 2: naddelpower21 ($0.63 in chips) 
Seat 3: Matmes100 ($2 in chips) 
Seat 5: CabbieMark ($2.13 in chips) 
Seat 6: n2405n ($2.18 in chips) 
Seat 7: modernexpo ($2 in chips) 
Seat 8: Dorex2007 ($2.28 in chips) 
Seat 9: 60centPoker ($1.99 in chips) 
Matmes100: posts small blind $0.01
CabbieMark: posts big blind $0.02
*** HOLE CARDS ***
Dealt to Dorex2007 [6c 8s]
n2405n: folds 
modernexpo: folds 
Dorex2007: folds 
60centPoker: folds 
naddelpower21: calls $0.02
Matmes100: folds 
CabbieMark: checks 
*** FLOP *** [6h 3h Kh]
CabbieMark: checks 
naddelpower21: checks 
*** TURN *** [6h 3h Kh] [7s]
CabbieMark: bets $0.05
naddelpower21: calls $0.05
*** RIVER *** [6h 3h Kh 7s] [9s]
CabbieMark: bets $0.14
naddelpower21: raises $0.21 to $0.35
CabbieMark: calls $0.21
*** SHOW DOWN ***
naddelpower21: shows [9h 9d] (three of a kind, Nines)
CabbieMark: shows [4c 5s] (a straight, Three to Seven)
CabbieMark collected $0.82 from pot
*** SUMMARY ***
Total pot $0.85 | Rake $0.03 
Board [6h 3h Kh 7s 9s]
Seat 2: naddelpower21 (button) showed [9h 9d] and lost with three of a kind, Nines
Seat 3: Matmes100 (small blind) folded before Flop
Seat 5: CabbieMark (big blind) showed [4c 5s] and won ($0.82) with a straight, Three to Seven
Seat 6: n2405n folded before Flop (didn't bet)
Seat 7: modernexpo folded before Flop (didn't bet)
Seat 8: Dorex2007 folded before Flop (didn't bet)
Seat 9: 60centPoker folded before Flop (didn't bet)



PokerStars Hand #225382573221:  Hold'em No Limit ($0.01/$0.02 USD) - 2021/03/31 23:01:59 PT [2021/04/01 2:01:59 ET]
Table 'Philosophia VI' 9-max Seat #3 is the button
Seat 1: Urasik1979 ($0.79 in chips) 
Seat 2: naddelpower21 ($0.21 in chips) 
Seat 3: Matmes100 ($2 in chips) 
Seat 5: CabbieMark ($2.53 in chips) 
Seat 6: n2405n ($2.18 in chips) 
Seat 7: modernexpo ($2 in chips) 
Seat 8: Dorex2007 ($2.28 in chips) 
Seat 9: 60centPoker ($1.99 in chips) 
CabbieMark: posts small blind $0.01
n2405n: posts big blind $0.02
*** HOLE CARDS ***
Dealt to Dorex2007 [3h 3s]
modernexpo: folds 
Dorex2007 has timed out
Dorex2007: folds 
60centPoker: raises $0.04 to $0.06
Urasik1979: folds 
naddelpower21: folds 
Matmes100: folds 
CabbieMark: folds 
n2405n: folds 
Uncalled bet ($0.04) returned to 60centPoker
60centPoker collected $0.05 from pot
60centPoker: doesn't show hand 
*** SUMMARY ***
Total pot $0.05 | Rake $0 
Seat 1: Urasik1979 folded before Flop (didn't bet)
Seat 2: naddelpower21 folded before Flop (didn't bet)
Seat 3: Matmes100 (button) folded before Flop (didn't bet)
Seat 5: CabbieMark (small blind) folded before Flop
Seat 6: n2405n (big blind) folded before Flop
Seat 7: modernexpo folded before Flop (didn't bet)
Seat 8: Dorex2007 folded before Flop (didn't bet)
Seat 9: 60centPoker collected ($0.05)



PokerStars Hand #225382578102:  Hold'em No Limit ($0.01/$0.02 USD) - 2021/03/31 23:02:28 PT [2021/04/01 2:02:28 ET]
Table 'Philosophia VI' 9-max Seat #5 is the button
Seat 1: Urasik1979 ($0.79 in chips) 
Seat 2: naddelpower21 ($0.21 in chips) 
Seat 3: Matmes100 ($2 in chips) 
Seat 5: CabbieMark ($2.52 in chips) 
Seat 6: n2405n ($2.16 in chips) 
Seat 7: modernexpo ($2 in chips) 
Seat 8: Dorex2007 ($2.28 in chips) 
Seat 9: 60centPoker ($2.02 in chips) 
n2405n: posts small blind $0.01
modernexpo: posts big blind $0.02
*** HOLE CARDS ***
Dealt to Dorex2007 [Qh 4s]
Dorex2007: folds 
60centPoker has timed out
60centPoker: folds 
Urasik1979: calls $0.02
naddelpower21: calls $0.02
Matmes100: folds 
CabbieMark: folds 
n2405n: raises $0.02 to $0.04
modernexpo: calls $0.02
Urasik1979: calls $0.02
naddelpower21: raises $0.17 to $0.21 and is all-in
n2405n: folds 
modernexpo: folds 
Urasik1979: folds 
Uncalled bet ($0.17) returned to naddelpower21
naddelpower21 collected $0.16 from pot
naddelpower21: doesn't show hand 
*** SUMMARY ***
Total pot $0.16 | Rake $0 
Seat 1: Urasik1979 folded before Flop
Seat 2: naddelpower21 collected ($0.16)
Seat 3: Matmes100 folded before Flop (didn't bet)
Seat 5: CabbieMark (button) folded before Flop (didn't bet)
Seat 6: n2405n (small blind) folded before Flop
Seat 7: modernexpo (big blind) folded before Flop
Seat 8: Dorex2007 folded before Flop (didn't bet)
Seat 9: 60centPoker folded before Flop (didn't bet)



PokerStars Hand #225382585935:  Hold'em No Limit ($0.01/$0.02 USD) - 2021/03/31 23:03:17 PT [2021/04/01 2:03:17 ET]
Table 'Philosophia VI' 9-max Seat #6 is the button
Seat 1: Urasik1979 ($0.75 in chips) 
Seat 2: naddelpower21 ($0.33 in chips) 
Seat 3: Matmes100 ($2 in chips) 
Seat 6: n2405n ($2.12 in chips) 
Seat 7: modernexpo ($2 in chips) 
Seat 8: Dorex2007 ($2.28 in chips) 
Seat 9: 60centPoker ($2.02 in chips) 
modernexpo: posts small blind $0.01
Dorex2007: posts big blind $0.02
*** HOLE CARDS ***
Dealt to Dorex2007 [As Kh]
60centPoker: folds 
Urasik1979: calls $0.02
naddelpower21: calls $0.02
Matmes100: folds 
n2405n: raises $0.02 to $0.04
modernexpo: folds 
Dorex2007: raises $0.14 to $0.18
Urasik1979: folds 
naddelpower21: raises $0.15 to $0.33 and is all-in
n2405n: folds 
Dorex2007: calls $0.15
*** FLOP *** [Th 2d Jd]
*** TURN *** [Th 2d Jd] [Jh]
*** RIVER *** [Th 2d Jd Jh] [7h]
*** SHOW DOWN ***
Dorex2007: shows [As Kh] (a pair of Jacks)
naddelpower21: shows [5s 4s] (a pair of Jacks - lower kicker)
Dorex2007 collected $0.70 from pot
*** SUMMARY ***
Total pot $0.73 | Rake $0.03 
Board [Th 2d Jd Jh 7h]
Seat 1: Urasik1979 folded before Flop
Seat 2: naddelpower21 showed [5s 4s] and lost with a pair of Jacks
Seat 3: Matmes100 folded before Flop (didn't bet)
Seat 6: n2405n (button) folded before Flop
Seat 7: modernexpo (small blind) folded before Flop
Seat 8: Dorex2007 (big blind) showed [As Kh] and won ($0.70) with a pair of Jacks
Seat 9: 60centPoker folded before Flop (didn't bet)



PokerStars Hand #225382592544:  Hold'em No Limit ($0.01/$0.02 USD) - 2021/03/31 23:03:58 PT [2021/04/01 2:03:58 ET]
Table 'Philosophia VI' 9-max Seat #7 is the button
Seat 1: Urasik1979 ($0.73 in chips) 
Seat 3: Matmes100 ($2 in chips) 
Seat 6: n2405n ($2.08 in chips) 
Seat 7: modernexpo ($2 in chips) 
Seat 8: Dorex2007 ($2.65 in chips) 
Seat 9: 60centPoker ($2.02 in chips) 
Dorex2007: posts small blind $0.01
60centPoker: posts big blind $0.02
*** HOLE CARDS ***
Dealt to Dorex2007 [9h Ks]
Urasik1979: folds 
naddelpower21 leaves the table
Matmes100: folds 
n2405n: raises $0.02 to $0.04
modernexpo: folds 
Dorex2007: folds 
SlavikPuha joins the table at seat #2 
60centPoker: calls $0.02
*** FLOP *** [Ac 5d 5h]
60centPoker: checks 
n2405n: bets $0.02
60centPoker: folds 
Uncalled bet ($0.02) returned to n2405n
n2405n collected $0.09 from pot
n2405n: doesn't show hand 
*** SUMMARY ***
Total pot $0.09 | Rake $0 
Board [Ac 5d 5h]
Seat 1: Urasik1979 folded before Flop (didn't bet)
Seat 3: Matmes100 folded before Flop (didn't bet)
Seat 6: n2405n collected ($0.09)
Seat 7: modernexpo (button) folded before Flop (didn't bet)
Seat 8: Dorex2007 (small blind) folded before Flop
Seat 9: 60centPoker (big blind) folded on the Flop



PokerStars Hand #225382597539:  Hold'em No Limit ($0.01/$0.02 USD) - 2021/03/31 23:04:29 PT [2021/04/01 2:04:29 ET]
Table 'Philosophia VI' 9-max Seat #8 is the button
Seat 1: Urasik1979 ($0.73 in chips) 
Seat 3: Matmes100 ($2 in chips) 
Seat 5: CabbieMark ($2.52 in chips) 
Seat 6: n2405n ($2.13 in chips) 
Seat 7: modernexpo ($2 in chips) 
Seat 8: Dorex2007 ($2.64 in chips) 
Seat 9: 60centPoker ($1.98 in chips) 
60centPoker: posts small blind $0.01
Urasik1979: posts big blind $0.02
SlavikPuha: sits out 
*** HOLE CARDS ***
Dealt to Dorex2007 [2c 6c]
Matmes100: folds 
CabbieMark: folds 
n2405n: raises $0.02 to $0.04
modernexpo: folds 
Dorex2007: folds 
60centPoker: folds 
Urasik1979: calls $0.02
*** FLOP *** [As 4d 8h]
Urasik1979: bets $0.05
n2405n: raises $0.10 to $0.15
Urasik1979: raises $0.10 to $0.25
n2405n: folds 
Uncalled bet ($0.10) returned to Urasik1979
Urasik1979 collected $0.38 from pot
*** SUMMARY ***
Total pot $0.39 | Rake $0.01 
Board [As 4d 8h]
Seat 1: Urasik1979 (big blind) collected ($0.38)
Seat 3: Matmes100 folded before Flop (didn't bet)
Seat 5: CabbieMark folded before Flop (didn't bet)
Seat 6: n2405n folded on the Flop
Seat 7: modernexpo folded before Flop (didn't bet)
Seat 8: Dorex2007 (button) folded before Flop (didn't bet)
Seat 9: 60centPoker (small blind) folded before Flop



PokerStars Hand #225382602442:  Hold'em No Limit ($0.01/$0.02 USD) - 2021/03/31 23:05:00 PT [2021/04/01 2:05:00 ET]
Table 'Philosophia VI' 9-max Seat #9 is the button
Seat 1: Urasik1979 ($0.92 in chips) 
Seat 2: SlavikPuha ($2 in chips) 
Seat 3: Matmes100 ($2 in chips) 
Seat 5: CabbieMark ($2.52 in chips) 
Seat 6: n2405n ($2 in chips) 
Seat 7: modernexpo ($2 in chips) 
Seat 8: Dorex2007 ($2.64 in chips) 
Seat 9: 60centPoker ($1.97 in chips) 
Urasik1979: posts small blind $0.01
SlavikPuha: posts big blind $0.02
*** HOLE CARDS ***
Dealt to Dorex2007 [6s 4h]
Matmes100: folds 
CabbieMark: folds 
n2405n: raises $0.02 to $0.04
modernexpo: calls $0.04
Dorex2007: folds 
60centPoker: folds 
Urasik1979: calls $0.03
SlavikPuha: calls $0.02
*** FLOP *** [6h 9s Kd]
Urasik1979: checks 
SlavikPuha: checks 
n2405n: bets $0.02
modernexpo: folds 
Urasik1979: folds 
SlavikPuha: calls $0.02
*** TURN *** [6h 9s Kd] [3d]
SlavikPuha: checks 
n2405n: bets $0.19
SlavikPuha: calls $0.19
*** RIVER *** [6h 9s Kd 3d] [3h]
SlavikPuha: checks 
n2405n: bets $0.34
SlavikPuha: folds 
Uncalled bet ($0.34) returned to n2405n
n2405n collected $0.56 from pot
n2405n: doesn't show hand 
*** SUMMARY ***
Total pot $0.58 | Rake $0.02 
Board [6h 9s Kd 3d 3h]
Seat 1: Urasik1979 (small blind) folded on the Flop
Seat 2: SlavikPuha (big blind) folded on the River
Seat 3: Matmes100 folded before Flop (didn't bet)
Seat 5: CabbieMark folded before Flop (didn't bet)
Seat 6: n2405n collected ($0.56)
Seat 7: modernexpo folded on the Flop
Seat 8: Dorex2007 folded before Flop (didn't bet)
Seat 9: 60centPoker (button) folded before Flop (didn't bet)



PokerStars Hand #225382610823:  Hold'em No Limit ($0.01/$0.02 USD) - 2021/03/31 23:05:52 PT [2021/04/01 2:05:52 ET]
Table 'Philosophia VI' 9-max Seat #1 is the button
Seat 1: Urasik1979 ($0.88 in chips) 
Seat 2: SlavikPuha ($2 in chips) 
Seat 3: Matmes100 ($2 in chips) 
Seat 5: CabbieMark ($2.52 in chips) 
Seat 6: n2405n ($2.31 in chips) 
Seat 7: modernexpo ($2 in chips) 
Seat 8: Dorex2007 ($2.64 in chips) 
Seat 9: 60centPoker ($1.97 in chips) 
SlavikPuha: posts small blind $0.01
Matmes100: posts big blind $0.02
*** HOLE CARDS ***
Dealt to Dorex2007 [3c Tc]
CabbieMark: folds 
n2405n: raises $0.02 to $0.04
modernexpo: folds 
Dorex2007: folds 
60centPoker: folds 
Urasik1979: folds 
SlavikPuha: calls $0.03
Matmes100: folds 
*** FLOP *** [7s 3s 8h]
SlavikPuha: bets $0.10
n2405n: calls $0.10
*** TURN *** [7s 3s 8h] [4s]
SlavikPuha: bets $0.15
n2405n: raises $0.15 to $0.30
SlavikPuha: calls $0.15
*** RIVER *** [7s 3s 8h 4s] [7h]
SlavikPuha: checks 
n2405n: checks 
*** SHOW DOWN ***
SlavikPuha: shows [7d 8d] (a full house, Sevens full of Eights)
n2405n: mucks hand 
SlavikPuha collected $0.87 from pot
*** SUMMARY ***
Total pot $0.90 | Rake $0.03 
Board [7s 3s 8h 4s 7h]
Seat 1: Urasik1979 (button) folded before Flop (didn't bet)
Seat 2: SlavikPuha (small blind) showed [7d 8d] and won ($0.87) with a full house, Sevens full of Eights
Seat 3: Matmes100 (big blind) folded before Flop
Seat 5: CabbieMark folded before Flop (didn't bet)
Seat 6: n2405n mucked [Th Kc]
Seat 7: modernexpo folded before Flop (didn't bet)
Seat 8: Dorex2007 folded before Flop (didn't bet)
Seat 9: 60centPoker folded before Flop (didn't bet)



PokerStars Hand #225382617993:  Hold'em No Limit ($0.01/$0.02 USD) - 2021/03/31 23:06:37 PT [2021/04/01 2:06:37 ET]
Table 'Philosophia VI' 9-max Seat #2 is the button
Seat 1: Urasik1979 ($0.88 in chips) 
Seat 2: SlavikPuha ($2.43 in chips) 
Seat 3: Matmes100 ($2 in chips) 
Seat 5: CabbieMark ($2.52 in chips) 
Seat 6: n2405n ($2 in chips) 
Seat 7: modernexpo ($2 in chips) 
Seat 8: Dorex2007 ($2.64 in chips) 
Seat 9: 60centPoker ($1.97 in chips) 
Matmes100: posts small blind $0.01
CabbieMark: posts big blind $0.02
*** HOLE CARDS ***
Dealt to Dorex2007 [Ad 8d]
n2405n: raises $0.02 to $0.04
modernexpo: folds 
Dorex2007: folds 
60centPoker: folds 
Urasik1979: calls $0.04
SlavikPuha: folds 
Matmes100: folds 
CabbieMark: folds 
*** FLOP *** [Jd 8s Kd]
n2405n: bets $0.11
Urasik1979: folds 
Uncalled bet ($0.11) returned to n2405n
n2405n collected $0.11 from pot
n2405n: doesn't show hand 
*** SUMMARY ***
Total pot $0.11 | Rake $0 
Board [Jd 8s Kd]
Seat 1: Urasik1979 folded on the Flop
Seat 2: SlavikPuha (button) folded before Flop (didn't bet)
Seat 3: Matmes100 (small blind) folded before Flop
Seat 5: CabbieMark (big blind) folded before Flop
Seat 6: n2405n collected ($0.11)
Seat 7: modernexpo folded before Flop (didn't bet)
Seat 8: Dorex2007 folded before Flop (didn't bet)
Seat 9: 60centPoker folded before Flop (didn't bet)



PokerStars Hand #225382621931:  Hold'em No Limit ($0.01/$0.02 USD) - 2021/03/31 23:07:01 PT [2021/04/01 2:07:01 ET]
Table 'Philosophia VI' 9-max Seat #3 is the button
Seat 1: Urasik1979 ($0.84 in chips) 
Seat 2: SlavikPuha ($2.43 in chips) 
Seat 3: Matmes100 ($2 in chips) 
Seat 5: CabbieMark ($2.50 in chips) 
Seat 6: n2405n ($2.07 in chips) 
Seat 7: modernexpo ($2 in chips) 
Seat 8: Dorex2007 ($2.64 in chips) 
Seat 9: 60centPoker ($1.97 in chips) 
CabbieMark: posts small blind $0.01
n2405n: posts big blind $0.02
*** HOLE CARDS ***
Dealt to Dorex2007 [5d 6s]
modernexpo: folds 
Dorex2007: folds 
60centPoker: folds 
Urasik1979: folds 
SlavikPuha: raises $0.04 to $0.06
Matmes100: folds 
CabbieMark: folds 
n2405n: raises $0.13 to $0.19
SlavikPuha: folds 
Uncalled bet ($0.13) returned to n2405n
n2405n collected $0.13 from pot
n2405n: doesn't show hand 
*** SUMMARY ***
Total pot $0.13 | Rake $0 
Seat 1: Urasik1979 folded before Flop (didn't bet)
Seat 2: SlavikPuha folded before Flop
Seat 3: Matmes100 (button) folded before Flop (didn't bet)
Seat 5: CabbieMark (small blind) folded before Flop
Seat 6: n2405n (big blind) collected ($0.13)
Seat 7: modernexpo folded before Flop (didn't bet)
Seat 8: Dorex2007 folded before Flop (didn't bet)
Seat 9: 60centPoker folded before Flop (didn't bet)



PokerStars Hand #225382627687:  Hold'em No Limit ($0.01/$0.02 USD) - 2021/03/31 23:07:38 PT [2021/04/01 2:07:38 ET]
Table 'Philosophia VI' 9-max Seat #5 is the button
Seat 1: Urasik1979 ($0.84 in chips) 
Seat 2: SlavikPuha ($2.37 in chips) 
Seat 3: Matmes100 ($2 in chips) 
Seat 5: CabbieMark ($2.49 in chips) 
Seat 6: n2405n ($2.14 in chips) 
Seat 7: modernexpo ($2 in chips) 
Seat 8: Dorex2007 ($2.64 in chips) 
Seat 9: 60centPoker ($1.97 in chips) 
n2405n: posts small blind $0.01
modernexpo: posts big blind $0.02
*** HOLE CARDS ***
Dealt to Dorex2007 [6d Td]
Dorex2007: folds 
60centPoker: folds 
Urasik1979: calls $0.02
SlavikPuha: folds 
Matmes100: folds 
CabbieMark: folds 
n2405n: raises $0.02 to $0.04
modernexpo: calls $0.02
Urasik1979: calls $0.02
*** FLOP *** [2h Kc Jc]
n2405n: bets $0.02
modernexpo: raises $0.13 to $0.15
Urasik1979: raises $0.65 to $0.80 and is all-in
n2405n: folds 
modernexpo: calls $0.65
*** TURN *** [2h Kc Jc] [Th]
*** RIVER *** [2h Kc Jc Th] [4c]
*** SHOW DOWN ***
modernexpo: shows [Kd Qh] (a pair of Kings)
Urasik1979: shows [Jd 2d] (two pair, Jacks and Deuces)
Urasik1979 collected $1.68 from pot
*** SUMMARY ***
Total pot $1.74 | Rake $0.06 
Board [2h Kc Jc Th 4c]
Seat 1: Urasik1979 showed [Jd 2d] and won ($1.68) with two pair, Jacks and Deuces
Seat 2: SlavikPuha folded before Flop (didn't bet)
Seat 3: Matmes100 folded before Flop (didn't bet)
Seat 5: CabbieMark (button) folded before Flop (didn't bet)
Seat 6: n2405n (small blind) folded on the Flop
Seat 7: modernexpo (big blind) showed [Kd Qh] and lost with a pair of Kings
Seat 8: Dorex2007 folded before Flop (didn't bet)
Seat 9: 60centPoker folded before Flop (didn't bet)



PokerStars Hand #225382637859:  Hold'em No Limit ($0.01/$0.02 USD) - 2021/03/31 23:08:40 PT [2021/04/01 2:08:40 ET]
Table 'Philosophia VI' 9-max Seat #6 is the button
Seat 1: Urasik1979 ($1.68 in chips) 
Seat 2: SlavikPuha ($2.37 in chips) 
Seat 3: Matmes100 ($2 in chips) 
Seat 5: CabbieMark ($2.49 in chips) 
Seat 6: n2405n ($2.08 in chips) 
Seat 7: modernexpo ($2 in chips) 
Seat 8: Dorex2007 ($2.64 in chips) 
Seat 9: 60centPoker ($1.97 in chips) 
modernexpo: posts small blind $0.01
Dorex2007: posts big blind $0.02
*** HOLE CARDS ***
Dealt to Dorex2007 [Qh 9d]
60centPoker: folds 
Urasik1979: folds 
SlavikPuha: folds 
Urasik1979 leaves the table
Matmes100: raises $0.04 to $0.06
CabbieMark: folds 
n2405n: calls $0.06
modernexpo: folds 
Dorex2007: folds 
*** FLOP *** [5h Qs As]
Matmes100: checks 
n2405n: checks 
*** TURN *** [5h Qs As] [Kh]
Matmes100: checks 
n2405n: bets $0.07
Matmes100: folds 
Uncalled bet ($0.07) returned to n2405n
n2405n collected $0.14 from pot
n2405n: doesn't show hand 
*** SUMMARY ***
Total pot $0.15 | Rake $0.01 
Board [5h Qs As Kh]
Seat 1: Urasik1979 folded before Flop (didn't bet)
Seat 2: SlavikPuha folded before Flop (didn't bet)
Seat 3: Matmes100 folded on the Turn
Seat 5: CabbieMark folded before Flop (didn't bet)
Seat 6: n2405n (button) collected ($0.14)
Seat 7: modernexpo (small blind) folded before Flop
Seat 8: Dorex2007 (big blind) folded before Flop
Seat 9: 60centPoker folded before Flop (didn't bet)



PokerStars Hand #225382644205:  Hold'em No Limit ($0.01/$0.02 USD) - 2021/03/31 23:09:20 PT [2021/04/01 2:09:20 ET]
Table 'Philosophia VI' 9-max Seat #7 is the button
Seat 2: SlavikPuha ($2.37 in chips) 
Seat 3: Matmes100 ($2 in chips) 
Seat 5: CabbieMark ($2.49 in chips) 
Seat 6: n2405n ($2.16 in chips) 
Seat 7: modernexpo ($2 in chips) 
Seat 8: Dorex2007 ($2.62 in chips) 
Seat 9: 60centPoker ($1.97 in chips) 
Dorex2007: posts small blind $0.01
60centPoker: posts big blind $0.02
*** HOLE CARDS ***
Dealt to Dorex2007 [Qc 6h]
SlavikPuha: folds 
Matmes100: folds 
CabbieMark: folds 
n2405n: raises $0.02 to $0.04
modernexpo: folds 
adept-ser joins the table at seat #1 
Dorex2007: folds 
60centPoker: folds 
Uncalled bet ($0.02) returned to n2405n
n2405n collected $0.05 from pot
n2405n: doesn't show hand 
*** SUMMARY ***
Total pot $0.05 | Rake $0 
Seat 2: SlavikPuha folded before Flop (didn't bet)
Seat 3: Matmes100 folded before Flop (didn't bet)
Seat 5: CabbieMark folded before Flop (didn't bet)
Seat 6: n2405n collected ($0.05)
Seat 7: modernexpo (button) folded before Flop (didn't bet)
Seat 8: Dorex2007 (small blind) folded before Flop
Seat 9: 60centPoker (big blind) folded before Flop



PokerStars Hand #225382647878:  Hold'em No Limit ($0.01/$0.02 USD) - 2021/03/31 23:09:42 PT [2021/04/01 2:09:42 ET]
Table 'Philosophia VI' 9-max Seat #8 is the button
Seat 1: adept-ser ($0.86 in chips) 
Seat 2: SlavikPuha ($2.37 in chips) 
Seat 3: Matmes100 ($2 in chips) 
Seat 5: CabbieMark ($2.49 in chips) 
Seat 6: n2405n ($2.19 in chips) 
Seat 7: modernexpo ($2 in chips) 
Seat 8: Dorex2007 ($2.61 in chips) 
Seat 9: 60centPoker ($1.95 in chips) 
60centPoker: posts small blind $0.01
adept-ser: posts big blind $0.02
*** HOLE CARDS ***
Dealt to Dorex2007 [7d Ks]
SlavikPuha: raises $0.04 to $0.06
Matmes100: folds 
CabbieMark: raises $0.08 to $0.14
n2405n: folds 
modernexpo: folds 
Dorex2007: folds 
60centPoker: folds 
adept-ser: folds 
SlavikPuha: calls $0.08
*** FLOP *** [Td 2h As]
SlavikPuha: checks 
CabbieMark: checks 
*** TURN *** [Td 2h As] [Ah]
SlavikPuha: checks 
CabbieMark: checks 
*** RIVER *** [Td 2h As Ah] [9h]
SlavikPuha: checks 
CabbieMark: bets $0.30
SlavikPuha: folds 
Uncalled bet ($0.30) returned to CabbieMark
CabbieMark collected $0.30 from pot
*** SUMMARY ***
Total pot $0.31 | Rake $0.01 
Board [Td 2h As Ah 9h]
Seat 1: adept-ser (big blind) folded before Flop
Seat 2: SlavikPuha folded on the River
Seat 3: Matmes100 folded before Flop (didn't bet)
Seat 5: CabbieMark collected ($0.30)
Seat 6: n2405n folded before Flop (didn't bet)
Seat 7: modernexpo folded before Flop (didn't bet)
Seat 8: Dorex2007 (button) folded before Flop (didn't bet)
Seat 9: 60centPoker (small blind) folded before Flop



PokerStars Hand #225382654368:  Hold'em No Limit ($0.01/$0.02 USD) - 2021/03/31 23:10:22 PT [2021/04/01 2:10:22 ET]
Table 'Philosophia VI' 9-max Seat #9 is the button
Seat 1: adept-ser ($0.84 in chips) 
Seat 2: SlavikPuha ($2.23 in chips) 
Seat 3: Matmes100 ($2 in chips) 
Seat 5: CabbieMark ($2.65 in chips) 
Seat 6: n2405n ($2.19 in chips) 
Seat 7: modernexpo ($2 in chips) 
Seat 8: Dorex2007 ($2.61 in chips) 
Seat 9: 60centPoker ($1.94 in chips) 
adept-ser: posts small blind $0.01
SlavikPuha: posts big blind $0.02
*** HOLE CARDS ***
Dealt to Dorex2007 [Ks 2c]
Matmes100: folds 
CabbieMark: folds 
n2405n: raises $0.02 to $0.04
modernexpo: folds 
Dorex2007: folds 
60centPoker: calls $0.04
adept-ser: folds 
SlavikPuha: folds 
*** FLOP *** [6c 5h As]
n2405n: bets $0.02
60centPoker: folds 
Uncalled bet ($0.02) returned to n2405n
n2405n collected $0.11 from pot
n2405n: doesn't show hand 
*** SUMMARY ***
Total pot $0.11 | Rake $0 
Board [6c 5h As]
Seat 1: adept-ser (small blind) folded before Flop
Seat 2: SlavikPuha (big blind) folded before Flop
Seat 3: Matmes100 folded before Flop (didn't bet)
Seat 5: CabbieMark folded before Flop (didn't bet)
Seat 6: n2405n collected ($0.11)
Seat 7: modernexpo folded before Flop (didn't bet)
Seat 8: Dorex2007 folded before Flop (didn't bet)
Seat 9: 60centPoker (button) folded on the Flop



PokerStars Hand #225382659224:  Hold'em No Limit ($0.01/$0.02 USD) - 2021/03/31 23:10:52 PT [2021/04/01 2:10:52 ET]
Table 'Philosophia VI' 9-max Seat #1 is the button
Seat 1: adept-ser ($0.83 in chips) 
Seat 2: SlavikPuha ($2.21 in chips) 
Seat 3: Matmes100 ($2 in chips) 
Seat 5: CabbieMark ($2.65 in chips) 
Seat 6: n2405n ($2.26 in chips) 
Seat 7: modernexpo ($2 in chips) 
Seat 8: Dorex2007 ($2.61 in chips) 
Seat 9: 60centPoker ($1.90 in chips) 
SlavikPuha: posts small blind $0.01
Matmes100: posts big blind $0.02
*** HOLE CARDS ***
Dealt to Dorex2007 [8s 6c]
CabbieMark: folds 
n2405n: folds 
modernexpo: folds 
Dorex2007: folds 
60centPoker: folds 
adept-ser: folds 
SlavikPuha: raises $0.04 to $0.06
Matmes100: calls $0.04
*** FLOP *** [9s Kc 4d]
SlavikPuha: bets $0.06
Matmes100: folds 
Uncalled bet ($0.06) returned to SlavikPuha
SlavikPuha collected $0.12 from pot
SlavikPuha: doesn't show hand 
*** SUMMARY ***
Total pot $0.12 | Rake $0 
Board [9s Kc 4d]
Seat 1: adept-ser (button) folded before Flop (didn't bet)
Seat 2: SlavikPuha (small blind) collected ($0.12)
Seat 3: Matmes100 (big blind) folded on the Flop
Seat 5: CabbieMark folded before Flop (didn't bet)
Seat 6: n2405n folded before Flop (didn't bet)
Seat 7: modernexpo folded before Flop (didn't bet)
Seat 8: Dorex2007 folded before Flop (didn't bet)
Seat 9: 60centPoker folded before Flop (didn't bet)



PokerStars Hand #225382663533:  Hold'em No Limit ($0.01/$0.02 USD) - 2021/03/31 23:11:20 PT [2021/04/01 2:11:20 ET]
Table 'Philosophia VI' 9-max Seat #2 is the button
Seat 1: adept-ser ($0.83 in chips) 
Seat 2: SlavikPuha ($2.27 in chips) 
Seat 3: Matmes100 ($2 in chips) 
Seat 5: CabbieMark ($2.65 in chips) 
Seat 6: n2405n ($2.26 in chips) 
Seat 7: modernexpo ($2 in chips) 
Seat 8: Dorex2007 ($2.61 in chips) 
Seat 9: 60centPoker ($1.90 in chips) 
Matmes100: posts small blind $0.01
CabbieMark: posts big blind $0.02
*** HOLE CARDS ***
Dealt to Dorex2007 [2h 2d]
n2405n: folds 
modernexpo: folds 
Dorex2007: folds 
60centPoker: folds 
adept-ser: folds 
SlavikPuha: folds 
Matmes100: folds 
Uncalled bet ($0.01) returned to CabbieMark
CabbieMark collected $0.02 from pot
*** SUMMARY ***
Total pot $0.02 | Rake $0 
Seat 1: adept-ser folded before Flop (didn't bet)
Seat 2: SlavikPuha (button) folded before Flop (didn't bet)
Seat 3: Matmes100 (small blind) folded before Flop
Seat 5: CabbieMark (big blind) collected ($0.02)
Seat 6: n2405n folded before Flop (didn't bet)
Seat 7: modernexpo folded before Flop (didn't bet)
Seat 8: Dorex2007 folded before Flop (didn't bet)
Seat 9: 60centPoker folded before Flop (didn't bet)



PokerStars Hand #225382665613:  Hold'em No Limit ($0.01/$0.02 USD) - 2021/03/31 23:11:32 PT [2021/04/01 2:11:32 ET]
Table 'Philosophia VI' 9-max Seat #3 is the button
Seat 1: adept-ser ($0.83 in chips) 
Seat 2: SlavikPuha ($2.27 in chips) 
Seat 3: Matmes100 ($2 in chips) 
Seat 5: CabbieMark ($2.66 in chips) 
Seat 6: n2405n ($2.26 in chips) 
Seat 7: modernexpo ($2 in chips) 
Seat 8: Dorex2007 ($2.61 in chips) 
Seat 9: 60centPoker ($1.90 in chips) 
CabbieMark: posts small blind $0.01
n2405n: posts big blind $0.02
*** HOLE CARDS ***
Dealt to Dorex2007 [2h Ks]
modernexpo: folds 
Dorex2007: folds 
60centPoker: folds 
adept-ser: folds 
SlavikPuha: raises $0.04 to $0.06
Matmes100: folds 
CabbieMark: folds 
n2405n: raises $0.13 to $0.19
SlavikPuha: folds 
Uncalled bet ($0.13) returned to n2405n
n2405n collected $0.13 from pot
n2405n: doesn't show hand 
*** SUMMARY ***
Total pot $0.13 | Rake $0 
Seat 1: adept-ser folded before Flop (didn't bet)
Seat 2: SlavikPuha folded before Flop
Seat 3: Matmes100 (button) folded before Flop (didn't bet)
Seat 5: CabbieMark (small blind) folded before Flop
Seat 6: n2405n (big blind) collected ($0.13)
Seat 7: modernexpo folded before Flop (didn't bet)
Seat 8: Dorex2007 folded before Flop (didn't bet)
Seat 9: 60centPoker folded before Flop (didn't bet)



PokerStars Hand #225382669069:  Hold'em No Limit ($0.01/$0.02 USD) - 2021/03/31 23:11:53 PT [2021/04/01 2:11:53 ET]
Table 'Philosophia VI' 9-max Seat #5 is the button
Seat 1: adept-ser ($0.83 in chips) 
Seat 2: SlavikPuha ($2.21 in chips) 
Seat 3: Matmes100 ($2 in chips) 
Seat 5: CabbieMark ($2.65 in chips) 
Seat 6: n2405n ($2.33 in chips) 
Seat 7: modernexpo ($2 in chips) 
Seat 8: Dorex2007 ($2.61 in chips) 
Seat 9: 60centPoker ($1.90 in chips) 
n2405n: posts small blind $0.01
modernexpo: posts big blind $0.02
*** HOLE CARDS ***
Dealt to Dorex2007 [Kd Tc]
Dorex2007: folds 
60centPoker: folds 
adept-ser: folds 
SlavikPuha: raises $0.04 to $0.06
Matmes100: folds 
CabbieMark: folds 
n2405n: calls $0.05
modernexpo: folds 
*** FLOP *** [Jd 8s 7d]
n2405n: bets $0.02
SlavikPuha: calls $0.02
*** TURN *** [Jd 8s 7d] [2s]
n2405n: bets $0.02
SlavikPuha: calls $0.02
*** RIVER *** [Jd 8s 7d 2s] [3d]
n2405n: bets $0.02
SlavikPuha: calls $0.02
*** SHOW DOWN ***
n2405n: shows [7s 9h] (a pair of Sevens)
SlavikPuha: mucks hand 
n2405n collected $0.25 from pot
*** SUMMARY ***
Total pot $0.26 | Rake $0.01 
Board [Jd 8s 7d 2s 3d]
Seat 1: adept-ser folded before Flop (didn't bet)
Seat 2: SlavikPuha mucked [Qd Ts]
Seat 3: Matmes100 folded before Flop (didn't bet)
Seat 5: CabbieMark (button) folded before Flop (didn't bet)
Seat 6: n2405n (small blind) showed [7s 9h] and won ($0.25) with a pair of Sevens
Seat 7: modernexpo (big blind) folded before Flop
Seat 8: Dorex2007 folded before Flop (didn't bet)
Seat 9: 60centPoker folded before Flop (didn't bet)



PokerStars Hand #225382674342:  Hold'em No Limit ($0.01/$0.02 USD) - 2021/03/31 23:12:26 PT [2021/04/01 2:12:26 ET]
Table 'Philosophia VI' 9-max Seat #6 is the button
Seat 1: adept-ser ($0.83 in chips) 
Seat 2: SlavikPuha ($2.09 in chips) 
Seat 3: Matmes100 ($2 in chips) 
Seat 4: Reann1234 ($6.21 in chips) 
Seat 5: CabbieMark ($2.65 in chips) 
Seat 6: n2405n ($2.46 in chips) 
Seat 7: modernexpo ($2 in chips) 
Seat 8: Dorex2007 ($2.61 in chips) 
Seat 9: 60centPoker ($1.90 in chips) 
modernexpo: posts small blind $0.01
Dorex2007: posts big blind $0.02
Reann1234: posts small & big blinds $0.03
*** HOLE CARDS ***
Dealt to Dorex2007 [3c 9s]
60centPoker: folds 
adept-ser: folds 
SlavikPuha: folds 
Matmes100: folds 
Reann1234: checks 
CabbieMark: folds 
n2405n: folds 
modernexpo: calls $0.01
Dorex2007: checks 
*** FLOP *** [2c As Jd]
modernexpo: checks 
Dorex2007: checks 
Reann1234: checks 
*** TURN *** [2c As Jd] [5d]
modernexpo: checks 
Dorex2007: checks 
Reann1234: bets $0.06
modernexpo: folds 
Dorex2007: folds 
Uncalled bet ($0.06) returned to Reann1234
Reann1234 collected $0.07 from pot
*** SUMMARY ***
Total pot $0.07 | Rake $0 
Board [2c As Jd 5d]
Seat 1: adept-ser folded before Flop (didn't bet)
Seat 2: SlavikPuha folded before Flop (didn't bet)
Seat 3: Matmes100 folded before Flop (didn't bet)
Seat 4: Reann1234 collected ($0.07)
Seat 5: CabbieMark folded before Flop (didn't bet)
Seat 6: n2405n (button) folded before Flop (didn't bet)
Seat 7: modernexpo (small blind) folded on the Turn
Seat 8: Dorex2007 (big blind) folded on the Turn
Seat 9: 60centPoker folded before Flop (didn't bet)



PokerStars Hand #225382683953:  Hold'em No Limit ($0.01/$0.02 USD) - 2021/03/31 23:13:25 PT [2021/04/01 2:13:25 ET]
Table 'Philosophia VI' 9-max Seat #7 is the button
Seat 1: adept-ser ($0.83 in chips) 
Seat 2: SlavikPuha ($2.09 in chips) 
Seat 3: Matmes100 ($2 in chips) 
Seat 4: Reann1234 ($6.25 in chips) 
Seat 5: CabbieMark ($2.65 in chips) 
Seat 6: n2405n ($2.46 in chips) 
Seat 7: modernexpo ($2 in chips) 
Seat 8: Dorex2007 ($2.59 in chips) 
Seat 9: 60centPoker ($1.90 in chips) 
Dorex2007: posts small blind $0.01
60centPoker: posts big blind $0.02
*** HOLE CARDS ***
Dealt to Dorex2007 [7h 4h]
adept-ser: calls $0.02
SlavikPuha: folds 
Matmes100: folds 
Reann1234: calls $0.02
CabbieMark: folds 
n2405n: folds 
modernexpo: folds 
Dorex2007: calls $0.01
60centPoker: checks 
*** FLOP *** [Th 6d 8c]
Dorex2007: checks 
60centPoker: checks 
adept-ser: checks 
Reann1234: checks 
*** TURN *** [Th 6d 8c] [Kd]
Dorex2007: checks 
60centPoker: checks 
adept-ser: checks 
Reann1234: checks 
*** RIVER *** [Th 6d 8c Kd] [Qc]
Dorex2007: bets $0.05
60centPoker: folds 
adept-ser: folds 
Reann1234: folds 
Uncalled bet ($0.05) returned to Dorex2007
Dorex2007 collected $0.08 from pot
Dorex2007: doesn't show hand 
*** SUMMARY ***
Total pot $0.08 | Rake $0 
Board [Th 6d 8c Kd Qc]
Seat 1: adept-ser folded on the River
Seat 2: SlavikPuha folded before Flop (didn't bet)
Seat 3: Matmes100 folded before Flop (didn't bet)
Seat 4: Reann1234 folded on the River
Seat 5: CabbieMark folded before Flop (didn't bet)
Seat 6: n2405n folded before Flop (didn't bet)
Seat 7: modernexpo (button) folded before Flop (didn't bet)
Seat 8: Dorex2007 (small blind) collected ($0.08)
Seat 9: 60centPoker (big blind) folded on the River



PokerStars Hand #225382695499:  Hold'em No Limit ($0.01/$0.02 USD) - 2021/03/31 23:14:37 PT [2021/04/01 2:14:37 ET]
Table 'Philosophia VI' 9-max Seat #8 is the button
Seat 1: adept-ser ($0.81 in chips) 
Seat 2: SlavikPuha ($2.09 in chips) 
Seat 3: Matmes100 ($2 in chips) 
Seat 4: Reann1234 ($6.23 in chips) 
Seat 5: CabbieMark ($2.65 in chips) 
Seat 6: n2405n ($2.46 in chips) 
Seat 7: modernexpo ($2 in chips) 
Seat 8: Dorex2007 ($2.65 in chips) 
Seat 9: 60centPoker ($1.88 in chips) 
60centPoker: posts small blind $0.01
adept-ser: posts big blind $0.02
*** HOLE CARDS ***
Dealt to Dorex2007 [Kd 5s]
SlavikPuha: folds 
Matmes100: folds 
Reann1234: calls $0.02
CabbieMark: folds 
n2405n: folds 
modernexpo: folds 
Dorex2007: folds 
60centPoker: folds 
adept-ser: checks 
*** FLOP *** [Jh 7c 5d]
adept-ser: checks 
Reann1234: bets $0.04
adept-ser: raises $0.75 to $0.79 and is all-in
Reann1234: folds 
Uncalled bet ($0.75) returned to adept-ser
adept-ser collected $0.13 from pot
*** SUMMARY ***
Total pot $0.13 | Rake $0 
Board [Jh 7c 5d]
Seat 1: adept-ser (big blind) collected ($0.13)
Seat 2: SlavikPuha folded before Flop (didn't bet)
Seat 3: Matmes100 folded before Flop (didn't bet)
Seat 4: Reann1234 folded on the Flop
Seat 5: CabbieMark folded before Flop (didn't bet)
Seat 6: n2405n folded before Flop (didn't bet)
Seat 7: modernexpo folded before Flop (didn't bet)
Seat 8: Dorex2007 (button) folded before Flop (didn't bet)
Seat 9: 60centPoker (small blind) folded before Flop



PokerStars Hand #225382702163:  Hold'em No Limit ($0.01/$0.02 USD) - 2021/03/31 23:15:18 PT [2021/04/01 2:15:18 ET]
Table 'Philosophia VI' 9-max Seat #9 is the button
Seat 1: adept-ser ($0.88 in chips) 
Seat 2: SlavikPuha ($2.09 in chips) 
Seat 3: Matmes100 ($2 in chips) 
Seat 4: Reann1234 ($6.17 in chips) 
Seat 5: CabbieMark ($2.65 in chips) 
Seat 6: n2405n ($2.46 in chips) 
Seat 7: modernexpo ($2 in chips) 
Seat 8: Dorex2007 ($2.65 in chips) 
Seat 9: 60centPoker ($1.87 in chips) 
adept-ser: posts small blind $0.01
SlavikPuha: posts big blind $0.02
*** HOLE CARDS ***
Dealt to Dorex2007 [Ac Ad]
Matmes100: folds 
Reann1234: calls $0.02
CabbieMark: folds 
n2405n: raises $0.02 to $0.04
modernexpo: folds 
Dorex2007: raises $0.06 to $0.10
60centPoker: folds 
adept-ser: folds 
SlavikPuha: calls $0.08
Reann1234: calls $0.08
n2405n: raises $0.06 to $0.16
Dorex2007: raises $2.49 to $2.65 and is all-in
SlavikPuha: folds 
Reann1234: folds 
n2405n: folds 
Uncalled bet ($2.49) returned to Dorex2007
Dorex2007 collected $0.53 from pot
Dorex2007: doesn't show hand 
*** SUMMARY ***
Total pot $0.53 | Rake $0 
Seat 1: adept-ser (small blind) folded before Flop
Seat 2: SlavikPuha (big blind) folded before Flop
Seat 3: Matmes100 folded before Flop (didn't bet)
Seat 4: Reann1234 folded before Flop
Seat 5: CabbieMark folded before Flop (didn't bet)
Seat 6: n2405n folded before Flop
Seat 7: modernexpo folded before Flop (didn't bet)
Seat 8: Dorex2007 collected ($0.53)
Seat 9: 60centPoker (button) folded before Flop (didn't bet)



PokerStars Hand #225382710231:  Hold'em No Limit ($0.01/$0.02 USD) - 2021/03/31 23:16:07 PT [2021/04/01 2:16:07 ET]
Table 'Philosophia VI' 9-max Seat #1 is the button
Seat 1: adept-ser ($0.87 in chips) 
Seat 2: SlavikPuha ($2 in chips) 
Seat 3: Matmes100 ($2 in chips) 
Seat 4: Reann1234 ($6.07 in chips) 
Seat 5: CabbieMark ($2.65 in chips) 
Seat 6: n2405n ($2.30 in chips) 
Seat 7: modernexpo ($2 in chips) 
Seat 8: Dorex2007 ($3.02 in chips) 
Seat 9: 60centPoker ($1.87 in chips) 
SlavikPuha: posts small blind $0.01
Matmes100: posts big blind $0.02
*** HOLE CARDS ***
Dealt to Dorex2007 [3c 8d]
Reann1234: calls $0.02
CabbieMark: folds 
n2405n: raises $0.02 to $0.04
modernexpo: folds 
Dorex2007: folds 
60centPoker: folds 
adept-ser: folds 
SlavikPuha: folds 
Matmes100: folds 
Reann1234: raises $6.03 to $6.07 and is all-in
n2405n: folds 
Uncalled bet ($6.03) returned to Reann1234
Reann1234 collected $0.11 from pot
*** SUMMARY ***
Total pot $0.11 | Rake $0 
Seat 1: adept-ser (button) folded before Flop (didn't bet)
Seat 2: SlavikPuha (small blind) folded before Flop
Seat 3: Matmes100 (big blind) folded before Flop
Seat 4: Reann1234 collected ($0.11)
Seat 5: CabbieMark folded before Flop (didn't bet)
Seat 6: n2405n folded before Flop
Seat 7: modernexpo folded before Flop (didn't bet)
Seat 8: Dorex2007 folded before Flop (didn't bet)
Seat 9: 60centPoker folded before Flop (didn't bet)



PokerStars Hand #225382713876:  Hold'em No Limit ($0.01/$0.02 USD) - 2021/03/31 23:16:30 PT [2021/04/01 2:16:30 ET]
Table 'Philosophia VI' 9-max Seat #2 is the button
Seat 1: adept-ser ($0.87 in chips) 
Seat 2: SlavikPuha ($2 in chips) 
Seat 3: Matmes100 ($2 in chips) 
Seat 4: Reann1234 ($6.14 in chips) 
Seat 5: CabbieMark ($2.65 in chips) 
Seat 6: n2405n ($2.26 in chips) 
Seat 7: modernexpo ($2 in chips) 
Seat 8: Dorex2007 ($3.02 in chips) 
Seat 9: 60centPoker ($1.87 in chips) 
Matmes100: posts small blind $0.01
Reann1234: posts big blind $0.02
*** HOLE CARDS ***
Dealt to Dorex2007 [7c 3c]
CabbieMark: folds 
n2405n: raises $0.02 to $0.04
modernexpo: folds 
Dorex2007: folds 
60centPoker: folds 
adept-ser: calls $0.04
SlavikPuha: folds 
Matmes100: folds 
Reann1234: calls $0.02
*** FLOP *** [Th 3h Kc]
Reann1234: checks 
n2405n: bets $0.02
adept-ser: calls $0.02
Reann1234: calls $0.02
*** TURN *** [Th 3h Kc] [7s]
Reann1234: checks 
n2405n: bets $0.02
adept-ser: calls $0.02
Reann1234: raises $0.14 to $0.16
n2405n: folds 
adept-ser: folds 
Uncalled bet ($0.14) returned to Reann1234
Reann1234 collected $0.24 from pot
*** SUMMARY ***
Total pot $0.25 | Rake $0.01 
Board [Th 3h Kc 7s]
Seat 1: adept-ser folded on the Turn
Seat 2: SlavikPuha (button) folded before Flop (didn't bet)
Seat 3: Matmes100 (small blind) folded before Flop
Seat 4: Reann1234 (big blind) collected ($0.24)
Seat 5: CabbieMark folded before Flop (didn't bet)
Seat 6: n2405n folded on the Turn
Seat 7: modernexpo folded before Flop (didn't bet)
Seat 8: Dorex2007 folded before Flop (didn't bet)
Seat 9: 60centPoker folded before Flop (didn't bet)



PokerStars Hand #225382721863:  Hold'em No Limit ($0.01/$0.02 USD) - 2021/03/31 23:17:19 PT [2021/04/01 2:17:19 ET]
Table 'Philosophia VI' 9-max Seat #3 is the button
Seat 1: adept-ser ($0.79 in chips) 
Seat 2: SlavikPuha ($2 in chips) 
Seat 3: Matmes100 ($2 in chips) 
Seat 4: Reann1234 ($6.30 in chips) 
Seat 5: CabbieMark ($2.65 in chips) 
Seat 6: n2405n ($2.18 in chips) 
Seat 7: modernexpo ($2 in chips) 
Seat 8: Dorex2007 ($3.02 in chips) 
Seat 9: 60centPoker ($1.87 in chips) 
Reann1234: posts small blind $0.01
CabbieMark: posts big blind $0.02
*** HOLE CARDS ***
Dealt to Dorex2007 [Ah 8s]
n2405n: raises $0.02 to $0.04
modernexpo: folds 
Dorex2007: folds 
60centPoker: folds 
adept-ser: folds 
SlavikPuha: raises $0.04 to $0.08
Matmes100: folds 
Reann1234: folds 
CabbieMark: folds 
n2405n: calls $0.04
*** FLOP *** [2d 6s 4c]
n2405n: bets $0.48
SlavikPuha: folds 
Uncalled bet ($0.48) returned to n2405n
n2405n collected $0.18 from pot
n2405n: doesn't show hand 
*** SUMMARY ***
Total pot $0.19 | Rake $0.01 
Board [2d 6s 4c]
Seat 1: adept-ser folded before Flop (didn't bet)
Seat 2: SlavikPuha folded on the Flop
Seat 3: Matmes100 (button) folded before Flop (didn't bet)
Seat 4: Reann1234 (small blind) folded before Flop
Seat 5: CabbieMark (big blind) folded before Flop
Seat 6: n2405n collected ($0.18)
Seat 7: modernexpo folded before Flop (didn't bet)
Seat 8: Dorex2007 folded before Flop (didn't bet)
Seat 9: 60centPoker folded before Flop (didn't bet)



PokerStars Hand #225382726798:  Hold'em No Limit ($0.01/$0.02 USD) - 2021/03/31 23:17:49 PT [2021/04/01 2:17:49 ET]
Table 'Philosophia VI' 9-max Seat #4 is the button
Seat 1: adept-ser ($0.79 in chips) 
Seat 2: SlavikPuha ($2 in chips) 
Seat 3: Matmes100 ($2 in chips) 
Seat 4: Reann1234 ($6.29 in chips) 
Seat 5: CabbieMark ($2.63 in chips) 
Seat 6: n2405n ($2.28 in chips) 
Seat 7: modernexpo ($2 in chips) 
Seat 8: Dorex2007 ($3.02 in chips) 
Seat 9: 60centPoker ($1.87 in chips) 
CabbieMark: posts small blind $0.01
n2405n: posts big blind $0.02
*** HOLE CARDS ***
Dealt to Dorex2007 [7c Qs]
modernexpo: folds 
Dorex2007: folds 
60centPoker: folds 
adept-ser: folds 
SlavikPuha: folds 
Matmes100: folds 
Reann1234: calls $0.02
CabbieMark: raises $0.02 to $0.04
n2405n: calls $0.02
Reann1234: calls $0.02
*** FLOP *** [9d Ks Jd]
CabbieMark: checks 
n2405n: checks 
Reann1234: checks 
*** TURN *** [9d Ks Jd] [2s]
CabbieMark: bets $0.06
n2405n: calls $0.06
Reann1234: folds 
*** RIVER *** [9d Ks Jd 2s] [3d]
CabbieMark: bets $0.23
n2405n: calls $0.23
*** SHOW DOWN ***
CabbieMark: shows [3h 2h] (two pair, Threes and Deuces)
n2405n: mucks hand 
CabbieMark collected $0.68 from pot
*** SUMMARY ***
Total pot $0.70 | Rake $0.02 
Board [9d Ks Jd 2s 3d]
Seat 1: adept-ser folded before Flop (didn't bet)
Seat 2: SlavikPuha folded before Flop (didn't bet)
Seat 3: Matmes100 folded before Flop (didn't bet)
Seat 4: Reann1234 (button) folded on the Turn
Seat 5: CabbieMark (small blind) showed [3h 2h] and won ($0.68) with two pair, Threes and Deuces
Seat 6: n2405n (big blind) mucked [8c Kd]
Seat 7: modernexpo folded before Flop (didn't bet)
Seat 8: Dorex2007 folded before Flop (didn't bet)
Seat 9: 60centPoker folded before Flop (didn't bet)



PokerStars Hand #225382745639:  Hold'em No Limit ($0.01/$0.02 USD) - 2021/03/31 23:18:48 PT [2021/04/01 2:18:48 ET]
Table 'Philosophia VI' 9-max Seat #5 is the button
Seat 1: adept-ser ($0.79 in chips) 
Seat 2: SlavikPuha ($2 in chips) 
Seat 3: Matmes100 ($2 in chips) 
Seat 4: Reann1234 ($6.25 in chips) 
Seat 5: CabbieMark ($2.98 in chips) 
Seat 6: n2405n ($2 in chips) 
Seat 8: Dorex2007 ($3.02 in chips) 
Seat 9: 60centPoker ($1.87 in chips) 
n2405n: posts small blind $0.01
Dorex2007: posts big blind $0.02
*** HOLE CARDS ***
Dealt to Dorex2007 [Qh 8d]
60centPoker: folds 
adept-ser: folds 
SlavikPuha: folds 
Matmes100: folds 
Reann1234: calls $0.02
CabbieMark: folds 
n2405n: raises $0.02 to $0.04
Dorex2007: calls $0.02
Reann1234: calls $0.02
*** FLOP *** [2h 7d As]
n2405n: bets $0.02
Dorex2007: folds 
Reann1234: calls $0.02
*** TURN *** [2h 7d As] [9c]
n2405n: bets $1.02
Reann1234: folds 
Uncalled bet ($1.02) returned to n2405n
n2405n collected $0.15 from pot
n2405n: doesn't show hand 
*** SUMMARY ***
Total pot $0.16 | Rake $0.01 
Board [2h 7d As 9c]
Seat 1: adept-ser folded before Flop (didn't bet)
Seat 2: SlavikPuha folded before Flop (didn't bet)
Seat 3: Matmes100 folded before Flop (didn't bet)
Seat 4: Reann1234 folded on the Turn
Seat 5: CabbieMark (button) folded before Flop (didn't bet)
Seat 6: n2405n (small blind) collected ($0.15)
Seat 8: Dorex2007 (big blind) folded on the Flop
Seat 9: 60centPoker folded before Flop (didn't bet)



PokerStars Hand #225382753172:  Hold'em No Limit ($0.01/$0.02 USD) - 2021/03/31 23:19:35 PT [2021/04/01 2:19:35 ET]
Table 'Philosophia VI' 9-max Seat #6 is the button
Seat 1: adept-ser ($0.79 in chips) 
Seat 2: SlavikPuha ($2 in chips) 
Seat 3: Matmes100 ($2 in chips) 
Seat 4: Reann1234 ($6.19 in chips) 
Seat 5: CabbieMark ($2.98 in chips) 
Seat 6: n2405n ($2.09 in chips) 
Seat 8: Dorex2007 ($2.98 in chips) 
Seat 9: 60centPoker ($1.87 in chips) 
Dorex2007: posts small blind $0.01
60centPoker: posts big blind $0.02
*** HOLE CARDS ***
Dealt to Dorex2007 [Jd As]
adept-ser: folds 
SlavikPuha: folds 
Matmes100: folds 
Reann1234: folds 
CabbieMark: raises $0.05 to $0.07
n2405n: calls $0.07
Dorex2007: calls $0.06
60centPoker: folds 
*** FLOP *** [4c 8c 9c]
Dorex2007: checks 
CabbieMark: bets $0.14
n2405n: raises $0.25 to $0.39
Dorex2007: folds 
CabbieMark: folds 
Uncalled bet ($0.25) returned to n2405n
n2405n collected $0.49 from pot
n2405n: doesn't show hand 
*** SUMMARY ***
Total pot $0.51 | Rake $0.02 
Board [4c 8c 9c]
Seat 1: adept-ser folded before Flop (didn't bet)
Seat 2: SlavikPuha folded before Flop (didn't bet)
Seat 3: Matmes100 folded before Flop (didn't bet)
Seat 4: Reann1234 folded before Flop (didn't bet)
Seat 5: CabbieMark folded on the Flop
Seat 6: n2405n (button) collected ($0.49)
Seat 8: Dorex2007 (small blind) folded on the Flop
Seat 9: 60centPoker (big blind) folded before Flop



PokerStars Hand #225382759419:  Hold'em No Limit ($0.01/$0.02 USD) - 2021/03/31 23:20:14 PT [2021/04/01 2:20:14 ET]
Table 'Philosophia VI' 9-max Seat #8 is the button
Seat 1: adept-ser ($0.79 in chips) 
Seat 2: SlavikPuha ($2 in chips) 
Seat 3: Matmes100 ($2 in chips) 
Seat 4: Reann1234 ($6.19 in chips) 
Seat 5: CabbieMark ($2.77 in chips) 
Seat 6: n2405n ($2.37 in chips) 
Seat 8: Dorex2007 ($2.91 in chips) 
Seat 9: 60centPoker ($1.85 in chips) 
60centPoker: posts small blind $0.01
adept-ser: posts big blind $0.02
*** HOLE CARDS ***
Dealt to Dorex2007 [2h 8d]
SlavikPuha: folds 
Matmes100: folds 
Reann1234: calls $0.02
CabbieMark: folds 
n2405n: raises $0.02 to $0.04
Dorex2007: folds 
60centPoker: folds 
adept-ser: folds 
Reann1234: calls $0.02
*** FLOP *** [4c Ks Td]
Reann1234: checks 
n2405n: checks 
*** TURN *** [4c Ks Td] [4d]
Reann1234: checks 
n2405n: checks 
*** RIVER *** [4c Ks Td 4d] [6s]
Reann1234: checks 
n2405n: checks 
*** SHOW DOWN ***
Reann1234: shows [9d 5c] (a pair of Fours)
n2405n: shows [7d Jd] (a pair of Fours - King+Jack kicker)
n2405n collected $0.11 from pot
*** SUMMARY ***
Total pot $0.11 | Rake $0 
Board [4c Ks Td 4d 6s]
Seat 1: adept-ser (big blind) folded before Flop
Seat 2: SlavikPuha folded before Flop (didn't bet)
Seat 3: Matmes100 folded before Flop (didn't bet)
Seat 4: Reann1234 showed [9d 5c] and lost with a pair of Fours
Seat 5: CabbieMark folded before Flop (didn't bet)
Seat 6: n2405n showed [7d Jd] and won ($0.11) with a pair of Fours
Seat 8: Dorex2007 (button) folded before Flop (didn't bet)
Seat 9: 60centPoker (small blind) folded before Flop



PokerStars Hand #225382770564:  Hold'em No Limit ($0.01/$0.02 USD) - 2021/03/31 23:21:23 PT [2021/04/01 2:21:23 ET]
Table 'Philosophia VI' 9-max Seat #9 is the button
Seat 1: adept-ser ($0.77 in chips) 
Seat 2: SlavikPuha ($2 in chips) 
Seat 3: Matmes100 ($2 in chips) 
Seat 4: Reann1234 ($6.15 in chips) 
Seat 5: CabbieMark ($2.77 in chips) 
Seat 6: n2405n ($2.44 in chips) 
Seat 8: Dorex2007 ($2.91 in chips) 
Seat 9: 60centPoker ($1.84 in chips) 
adept-ser: posts small blind $0.01
SlavikPuha: posts big blind $0.02
*** HOLE CARDS ***
Dealt to Dorex2007 [6c 7h]
Matmes100: raises $0.04 to $0.06
Reann1234: raises $0.15 to $0.21
CabbieMark: folds 
n2405n: folds 
Dorex2007: folds 
60centPoker: folds 
adept-ser: folds 
SlavikPuha: folds 
Matmes100: raises $0.26 to $0.47
Reann1234: calls $0.26
*** FLOP *** [5h 7c 7d]
Matmes100: bets $0.56
Reann1234: raises $5.12 to $5.68 and is all-in
Matmes100: calls $0.97 and is all-in
Uncalled bet ($4.15) returned to Reann1234
Reann1234 has timed out
*** TURN *** [5h 7c 7d] [Qc]
*** RIVER *** [5h 7c 7d Qc] [3c]
*** SHOW DOWN ***
Matmes100: shows [As Ad] (two pair, Aces and Sevens)
Reann1234: shows [Kc Kd] (two pair, Kings and Sevens)
Matmes100 collected $3.89 from pot
*** SUMMARY ***
Total pot $4.03 | Rake $0.14 
Board [5h 7c 7d Qc 3c]
Seat 1: adept-ser (small blind) folded before Flop
Seat 2: SlavikPuha (big blind) folded before Flop
Seat 3: Matmes100 showed [As Ad] and won ($3.89) with two pair, Aces and Sevens
Seat 4: Reann1234 showed [Kc Kd] and lost with two pair, Kings and Sevens
Seat 5: CabbieMark folded before Flop (didn't bet)
Seat 6: n2405n folded before Flop (didn't bet)
Seat 8: Dorex2007 folded before Flop (didn't bet)
Seat 9: 60centPoker (button) folded before Flop (didn't bet)



PokerStars Hand #225382780292:  Hold'em No Limit ($0.01/$0.02 USD) - 2021/03/31 23:22:23 PT [2021/04/01 2:22:23 ET]
Table 'Philosophia VI' 9-max Seat #1 is the button
Seat 1: adept-ser ($0.76 in chips) 
Seat 2: SlavikPuha ($2 in chips) 
Seat 4: Reann1234 ($4.15 in chips) 
Seat 5: CabbieMark ($2.77 in chips) 
Seat 6: n2405n ($2.44 in chips) 
Seat 8: Dorex2007 ($2.91 in chips) 
Seat 9: 60centPoker ($1.84 in chips) 
SlavikPuha: posts small blind $0.01
Matmes100: is sitting out 
Matmes100 leaves the table
Reann1234: posts big blind $0.02
*** HOLE CARDS ***
Dealt to Dorex2007 [3d 6c]
SmokedBadger joins the table at seat #3 
CabbieMark: raises $0.05 to $0.07
n2405n: calls $0.07
Dorex2007: folds 
60centPoker: folds 
adept-ser: folds 
SlavikPuha: folds 
Reann1234: calls $0.05
*** FLOP *** [5d 6s 9d]
Reann1234: checks 
CabbieMark: bets $0.16
n2405n: calls $0.16
Reann1234: calls $0.16
*** TURN *** [5d 6s 9d] [3s]
Reann1234: checks 
CabbieMark: bets $0.34
n2405n: calls $0.34
Reann1234: calls $0.34
*** RIVER *** [5d 6s 9d 3s] [Ac]
Reann1234: checks 
CabbieMark: bets $1.66
n2405n: folds 
Reann1234: folds 
Uncalled bet ($1.66) returned to CabbieMark
CabbieMark collected $1.66 from pot
*** SUMMARY ***
Total pot $1.72 | Rake $0.06 
Board [5d 6s 9d 3s Ac]
Seat 1: adept-ser (button) folded before Flop (didn't bet)
Seat 2: SlavikPuha (small blind) folded before Flop
Seat 4: Reann1234 (big blind) folded on the River
Seat 5: CabbieMark collected ($1.66)
Seat 6: n2405n folded on the River
Seat 8: Dorex2007 folded before Flop (didn't bet)
Seat 9: 60centPoker folded before Flop (didn't bet)



PokerStars Hand #225382789504:  Hold'em No Limit ($0.01/$0.02 USD) - 2021/03/31 23:23:19 PT [2021/04/01 2:23:19 ET]
Table 'Philosophia VI' 9-max Seat #2 is the button
Seat 1: adept-ser ($0.76 in chips) 
Seat 2: SlavikPuha ($2 in chips) 
Seat 4: Reann1234 ($3.58 in chips) 
Seat 5: CabbieMark ($3.86 in chips) 
Seat 6: n2405n ($2 in chips) 
Seat 8: Dorex2007 ($2.91 in chips) 
Seat 9: 60centPoker ($1.84 in chips) 
Reann1234: posts small blind $0.01
CabbieMark: posts big blind $0.02
modernexpo: sits out 
*** HOLE CARDS ***
Dealt to Dorex2007 [2h 6d]
n2405n: raises $0.02 to $0.04
Dorex2007: folds 
60centPoker: folds 
adept-ser: calls $0.04
SlavikPuha: folds 
Reann1234: calls $0.03
CabbieMark: folds 
*** FLOP *** [Kc 8s 6c]
Reann1234: checks 
n2405n: bets $0.02
adept-ser: raises $0.70 to $0.72 and is all-in
Reann1234: folds 
n2405n: folds 
Uncalled bet ($0.70) returned to adept-ser
adept-ser collected $0.17 from pot
*** SUMMARY ***
Total pot $0.18 | Rake $0.01 
Board [Kc 8s 6c]
Seat 1: adept-ser collected ($0.17)
Seat 2: SlavikPuha (button) folded before Flop (didn't bet)
Seat 4: Reann1234 (small blind) folded on the Flop
Seat 5: CabbieMark (big blind) folded before Flop
Seat 6: n2405n folded on the Flop
Seat 8: Dorex2007 folded before Flop (didn't bet)
Seat 9: 60centPoker folded before Flop (didn't bet)



PokerStars Hand #225382793861:  Hold'em No Limit ($0.01/$0.02 USD) - 2021/03/31 23:23:45 PT [2021/04/01 2:23:45 ET]
Table 'Philosophia VI' 9-max Seat #4 is the button
Seat 1: adept-ser ($0.87 in chips) 
Seat 2: SlavikPuha ($2 in chips) 
Seat 4: Reann1234 ($3.54 in chips) 
Seat 5: CabbieMark ($3.84 in chips) 
Seat 6: n2405n ($2 in chips) 
Seat 8: Dorex2007 ($2.91 in chips) 
Seat 9: 60centPoker ($1.84 in chips) 
CabbieMark: posts small blind $0.01
n2405n: posts big blind $0.02
modernexpo: sits out 
SmokedBadger: sits out 
*** HOLE CARDS ***
Dealt to Dorex2007 [Jh 9d]
Dorex2007: folds 
60centPoker: folds 
adept-ser: folds 
SlavikPuha: folds 
Reann1234: raises $0.09 to $0.11
CabbieMark: folds 
n2405n: calls $0.09
*** FLOP *** [6c Qh 9s]
n2405n: checks 
Reann1234: bets $0.14
n2405n: calls $0.14
*** TURN *** [6c Qh 9s] [7c]
n2405n: checks 
Reann1234: checks 
*** RIVER *** [6c Qh 9s 7c] [Kc]
n2405n: checks 
Reann1234: checks 
*** SHOW DOWN ***
n2405n: shows [Tc Td] (a pair of Tens)
Reann1234: shows [7s Ks] (two pair, Kings and Sevens)
Reann1234 collected $0.49 from pot
*** SUMMARY ***
Total pot $0.51 | Rake $0.02 
Board [6c Qh 9s 7c Kc]
Seat 1: adept-ser folded before Flop (didn't bet)
Seat 2: SlavikPuha folded before Flop (didn't bet)
Seat 4: Reann1234 (button) showed [7s Ks] and won ($0.49) with two pair, Kings and Sevens
Seat 5: CabbieMark (small blind) folded before Flop
Seat 6: n2405n (big blind) showed [Tc Td] and lost with a pair of Tens
Seat 8: Dorex2007 folded before Flop (didn't bet)
Seat 9: 60centPoker folded before Flop (didn't bet)



PokerStars Hand #225382801492:  Hold'em No Limit ($0.01/$0.02 USD) - 2021/03/31 23:24:32 PT [2021/04/01 2:24:32 ET]
Table 'Philosophia VI' 9-max Seat #5 is the button
Seat 1: adept-ser ($0.87 in chips) 
Seat 2: SlavikPuha ($2 in chips) 
Seat 4: Reann1234 ($3.78 in chips) 
Seat 5: CabbieMark ($3.83 in chips) 
Seat 6: n2405n ($2 in chips) 
Seat 7: modernexpo ($2 in chips) 
Seat 8: Dorex2007 ($2.91 in chips) 
Seat 9: 60centPoker ($1.84 in chips) 
n2405n: posts small blind $0.01
modernexpo: posts big blind $0.02
SmokedBadger: sits out 
*** HOLE CARDS ***
Dealt to Dorex2007 [5h Jh]
Dorex2007: folds 
60centPoker: folds 
adept-ser: folds 
SlavikPuha: folds 
Reann1234: raises $0.15 to $0.17
CabbieMark: folds 
n2405n: calls $0.16
modernexpo: folds 
*** FLOP *** [5d Js 9c]
n2405n: checks 
Reann1234: bets $0.34
n2405n: raises $0.34 to $0.68
Reann1234: calls $0.34
*** TURN *** [5d Js 9c] [3s]
n2405n: checks 
Reann1234: checks 
*** RIVER *** [5d Js 9c 3s] [9h]
n2405n: bets $1.15 and is all-in
Reann1234: folds 
Uncalled bet ($1.15) returned to n2405n
n2405n collected $1.66 from pot
n2405n: doesn't show hand 
*** SUMMARY ***
Total pot $1.72 | Rake $0.06 
Board [5d Js 9c 3s 9h]
Seat 1: adept-ser folded before Flop (didn't bet)
Seat 2: SlavikPuha folded before Flop (didn't bet)
Seat 4: Reann1234 folded on the River
Seat 5: CabbieMark (button) folded before Flop (didn't bet)
Seat 6: n2405n (small blind) collected ($1.66)
Seat 7: modernexpo (big blind) folded before Flop
Seat 8: Dorex2007 folded before Flop (didn't bet)
Seat 9: 60centPoker folded before Flop (didn't bet)



PokerStars Hand #225382810893:  Hold'em No Limit ($0.01/$0.02 USD) - 2021/03/31 23:25:29 PT [2021/04/01 2:25:29 ET]
Table 'Philosophia VI' 9-max Seat #6 is the button
Seat 1: adept-ser ($0.87 in chips) 
Seat 2: SlavikPuha ($2 in chips) 
Seat 4: Reann1234 ($2.93 in chips) 
Seat 5: CabbieMark ($3.83 in chips) 
Seat 6: n2405n ($2.81 in chips) 
Seat 7: modernexpo ($2 in chips) 
Seat 8: Dorex2007 ($2.91 in chips) 
Seat 9: 60centPoker ($1.84 in chips) 
modernexpo: posts small blind $0.01
Dorex2007: posts big blind $0.02
SmokedBadger: sits out 
*** HOLE CARDS ***
Dealt to Dorex2007 [9s 3d]
60centPoker: folds 
adept-ser: folds 
SlavikPuha: raises $0.04 to $0.06
Reann1234: calls $0.06
CabbieMark: folds 
n2405n: calls $0.06
modernexpo: folds 
Dorex2007: folds 
*** FLOP *** [2s 4c Js]
SlavikPuha: bets $0.08
Reann1234: calls $0.08
n2405n: raises $0.22 to $0.30
SlavikPuha: folds 
Reann1234: folds 
Uncalled bet ($0.22) returned to n2405n
n2405n collected $0.43 from pot
n2405n: doesn't show hand 
*** SUMMARY ***
Total pot $0.45 | Rake $0.02 
Board [2s 4c Js]
Seat 1: adept-ser folded before Flop (didn't bet)
Seat 2: SlavikPuha folded on the Flop
Seat 4: Reann1234 folded on the Flop
Seat 5: CabbieMark folded before Flop (didn't bet)
Seat 6: n2405n (button) collected ($0.43)
Seat 7: modernexpo (small blind) folded before Flop
Seat 8: Dorex2007 (big blind) folded before Flop
Seat 9: 60centPoker folded before Flop (didn't bet)



PokerStars Hand #225382816273:  Hold'em No Limit ($0.01/$0.02 USD) - 2021/03/31 23:26:01 PT [2021/04/01 2:26:01 ET]
Table 'Philosophia VI' 9-max Seat #7 is the button
Seat 1: adept-ser ($0.87 in chips) 
Seat 2: SlavikPuha ($2 in chips) 
Seat 4: Reann1234 ($2.79 in chips) 
Seat 5: CabbieMark ($3.83 in chips) 
Seat 6: n2405n ($3.10 in chips) 
Seat 7: modernexpo ($2 in chips) 
Seat 8: Dorex2007 ($2.89 in chips) 
Seat 9: 60centPoker ($1.84 in chips) 
Dorex2007: posts small blind $0.01
60centPoker: posts big blind $0.02
SmokedBadger: sits out 
*** HOLE CARDS ***
Dealt to Dorex2007 [3s 8h]
adept-ser: folds 
SlavikPuha: raises $0.04 to $0.06
Reann1234: calls $0.06
CabbieMark has timed out
CabbieMark: folds 
n2405n: calls $0.06
modernexpo: folds 
Dorex2007: folds 
60centPoker: folds 
*** FLOP *** [Ac 4d 7d]
SlavikPuha: bets $0.10
Reann1234: folds 
n2405n: calls $0.10
*** TURN *** [Ac 4d 7d] [9c]
SlavikPuha: bets $0.20
n2405n: calls $0.20
*** RIVER *** [Ac 4d 7d 9c] [7s]
SlavikPuha: bets $0.39
n2405n: folds 
Uncalled bet ($0.39) returned to SlavikPuha
SlavikPuha collected $0.78 from pot
SlavikPuha: doesn't show hand 
*** SUMMARY ***
Total pot $0.81 | Rake $0.03 
Board [Ac 4d 7d 9c 7s]
Seat 1: adept-ser folded before Flop (didn't bet)
Seat 2: SlavikPuha collected ($0.78)
Seat 4: Reann1234 folded on the Flop
Seat 5: CabbieMark folded before Flop (didn't bet)
Seat 6: n2405n folded on the River
Seat 7: modernexpo (button) folded before Flop (didn't bet)
Seat 8: Dorex2007 (small blind) folded before Flop
Seat 9: 60centPoker (big blind) folded before Flop



PokerStars Hand #225382825495:  Hold'em No Limit ($0.01/$0.02 USD) - 2021/03/31 23:26:57 PT [2021/04/01 2:26:57 ET]
Table 'Philosophia VI' 9-max Seat #8 is the button
Seat 1: adept-ser ($0.87 in chips) 
Seat 2: SlavikPuha ($2.42 in chips) 
Seat 4: Reann1234 ($2.73 in chips) 
Seat 5: CabbieMark ($3.83 in chips) 
Seat 6: n2405n ($2.74 in chips) 
Seat 7: modernexpo ($2 in chips) 
Seat 8: Dorex2007 ($2.88 in chips) 
Seat 9: 60centPoker ($1.82 in chips) 
60centPoker: posts small blind $0.01
adept-ser: posts big blind $0.02
SmokedBadger: sits out 
*** HOLE CARDS ***
Dealt to Dorex2007 [8c Qd]
SlavikPuha: folds 
Reann1234: calls $0.02
CabbieMark: folds 
n2405n: raises $0.02 to $0.04
modernexpo: folds 
Dorex2007: folds 
60centPoker: folds 
adept-ser: calls $0.02
Reann1234: calls $0.02
*** FLOP *** [As Qs Kc]
adept-ser: checks 
Reann1234: checks 
n2405n: checks 
*** TURN *** [As Qs Kc] [2c]
adept-ser: checks 
Reann1234: checks 
n2405n: checks 
*** RIVER *** [As Qs Kc 2c] [3d]
adept-ser: checks 
Reann1234: checks 
n2405n: checks 
*** SHOW DOWN ***
adept-ser: shows [6d Kd] (a pair of Kings)
Reann1234: mucks hand 
n2405n: mucks hand 
adept-ser collected $0.13 from pot
*** SUMMARY ***
Total pot $0.13 | Rake $0 
Board [As Qs Kc 2c 3d]
Seat 1: adept-ser (big blind) showed [6d Kd] and won ($0.13) with a pair of Kings
Seat 2: SlavikPuha folded before Flop (didn't bet)
Seat 4: Reann1234 mucked [7d 8s]
Seat 5: CabbieMark folded before Flop (didn't bet)
Seat 6: n2405n mucked [8h Tc]
Seat 7: modernexpo folded before Flop (didn't bet)
Seat 8: Dorex2007 (button) folded before Flop (didn't bet)
Seat 9: 60centPoker (small blind) folded before Flop



PokerStars Hand #225382833303:  Hold'em No Limit ($0.01/$0.02 USD) - 2021/03/31 23:27:44 PT [2021/04/01 2:27:44 ET]
Table 'Philosophia VI' 9-max Seat #9 is the button
Seat 1: adept-ser ($0.96 in chips) 
Seat 2: SlavikPuha ($2.42 in chips) 
Seat 4: Reann1234 ($2.69 in chips) 
Seat 5: CabbieMark ($3.83 in chips) 
Seat 6: n2405n ($2.70 in chips) 
Seat 7: modernexpo ($2 in chips) 
Seat 8: Dorex2007 ($2.88 in chips) 
Seat 9: 60centPoker ($1.81 in chips) 
adept-ser: posts small blind $0.01
SlavikPuha: posts big blind $0.02
SmokedBadger: sits out 
*** HOLE CARDS ***
Dealt to Dorex2007 [Jh 3d]
Reann1234: folds 
CabbieMark: folds 
n2405n: raises $0.02 to $0.04
modernexpo: folds 
Dorex2007: folds 
60centPoker: raises $0.09 to $0.13
adept-ser: folds 
SlavikPuha: folds 
n2405n: folds 
Uncalled bet ($0.09) returned to 60centPoker
60centPoker collected $0.11 from pot
60centPoker: doesn't show hand 
*** SUMMARY ***
Total pot $0.11 | Rake $0 
Seat 1: adept-ser (small blind) folded before Flop
Seat 2: SlavikPuha (big blind) folded before Flop
Seat 4: Reann1234 folded before Flop (didn't bet)
Seat 5: CabbieMark folded before Flop (didn't bet)
Seat 6: n2405n folded before Flop
Seat 7: modernexpo folded before Flop (didn't bet)
Seat 8: Dorex2007 folded before Flop (didn't bet)
Seat 9: 60centPoker (button) collected ($0.11)



PokerStars Hand #225382837517:  Hold'em No Limit ($0.01/$0.02 USD) - 2021/03/31 23:28:09 PT [2021/04/01 2:28:09 ET]
Table 'Philosophia VI' 9-max Seat #1 is the button
Seat 1: adept-ser ($0.95 in chips) 
Seat 2: SlavikPuha ($2.40 in chips) 
Seat 3: SmokedBadger ($1 in chips) 
Seat 4: Reann1234 ($2.69 in chips) 
Seat 5: CabbieMark ($3.83 in chips) 
Seat 6: n2405n ($2.66 in chips) 
Seat 7: modernexpo ($2 in chips) 
Seat 8: Dorex2007 ($2.88 in chips) 
Seat 9: 60centPoker ($1.88 in chips) 
SlavikPuha: posts small blind $0.01
SmokedBadger: posts big blind $0.02
*** HOLE CARDS ***
Dealt to Dorex2007 [Kc 8s]
Reann1234: calls $0.02
CabbieMark: folds 
n2405n: raises $0.02 to $0.04
modernexpo: folds 
Dorex2007: folds 
60centPoker: folds 
adept-ser: folds 
SlavikPuha: folds 
SmokedBadger: calls $0.02
Reann1234: raises $0.13 to $0.17
n2405n: calls $0.13
SmokedBadger: folds 
*** FLOP *** [Td 6s 3h]
Reann1234: checks 
n2405n: checks 
*** TURN *** [Td 6s 3h] [8h]
Reann1234: checks 
n2405n: checks 
*** RIVER *** [Td 6s 3h 8h] [9s]
Reann1234: checks 
n2405n: bets $0.19
Reann1234: calls $0.19
*** SHOW DOWN ***
n2405n: shows [Jd Qd] (a straight, Eight to Queen)
Reann1234: mucks hand 
n2405n collected $0.74 from pot
*** SUMMARY ***
Total pot $0.77 | Rake $0.03 
Board [Td 6s 3h 8h 9s]
Seat 1: adept-ser (button) folded before Flop (didn't bet)
Seat 2: SlavikPuha (small blind) folded before Flop
Seat 3: SmokedBadger (big blind) folded before Flop
Seat 4: Reann1234 mucked [Jc Th]
Seat 5: CabbieMark folded before Flop (didn't bet)
Seat 6: n2405n showed [Jd Qd] and won ($0.74) with a straight, Eight to Queen
Seat 7: modernexpo folded before Flop (didn't bet)
Seat 8: Dorex2007 folded before Flop (didn't bet)
Seat 9: 60centPoker folded before Flop (didn't bet)



PokerStars Hand #225382844454:  Hold'em No Limit ($0.01/$0.02 USD) - 2021/03/31 23:28:50 PT [2021/04/01 2:28:50 ET]
Table 'Philosophia VI' 9-max Seat #2 is the button
Seat 1: adept-ser ($0.95 in chips) 
Seat 2: SlavikPuha ($2.39 in chips) 
Seat 3: SmokedBadger ($0.96 in chips) 
Seat 4: Reann1234 ($2.33 in chips) 
Seat 5: CabbieMark ($3.83 in chips) 
Seat 6: n2405n ($3.04 in chips) 
Seat 7: modernexpo ($2 in chips) 
Seat 8: Dorex2007 ($2.88 in chips) 
Seat 9: 60centPoker ($1.88 in chips) 
SmokedBadger: posts small blind $0.01
Reann1234: posts big blind $0.02
*** HOLE CARDS ***
Dealt to Dorex2007 [Qd 5d]
CabbieMark: folds 
n2405n: folds 
modernexpo: raises $0.02 to $0.04
Dorex2007: folds 
60centPoker: folds 
adept-ser: calls $0.04
SlavikPuha: folds 
SmokedBadger: folds 
Reann1234: calls $0.02
*** FLOP *** [3d 3c 6s]
Reann1234: checks 
modernexpo: bets $0.10
adept-ser: folds 
Reann1234: calls $0.10
*** TURN *** [3d 3c 6s] [9s]
Reann1234: checks 
modernexpo: bets $0.26
Reann1234: folds 
Uncalled bet ($0.26) returned to modernexpo
modernexpo collected $0.32 from pot
modernexpo: doesn't show hand 
*** SUMMARY ***
Total pot $0.33 | Rake $0.01 
Board [3d 3c 6s 9s]
Seat 1: adept-ser folded on the Flop
Seat 2: SlavikPuha (button) folded before Flop (didn't bet)
Seat 3: SmokedBadger (small blind) folded before Flop
Seat 4: Reann1234 (big blind) folded on the Turn
Seat 5: CabbieMark folded before Flop (didn't bet)
Seat 6: n2405n folded before Flop (didn't bet)
Seat 7: modernexpo collected ($0.32)
Seat 8: Dorex2007 folded before Flop (didn't bet)
Seat 9: 60centPoker folded before Flop (didn't bet)



PokerStars Hand #225382850549:  Hold'em No Limit ($0.01/$0.02 USD) - 2021/03/31 23:29:27 PT [2021/04/01 2:29:27 ET]
Table 'Philosophia VI' 9-max Seat #3 is the button
Seat 1: adept-ser ($0.91 in chips) 
Seat 2: SlavikPuha ($2.39 in chips) 
Seat 3: SmokedBadger ($0.95 in chips) 
Seat 4: Reann1234 ($2.19 in chips) 
Seat 5: CabbieMark ($3.83 in chips) 
Seat 6: n2405n ($3.04 in chips) 
Seat 7: modernexpo ($2.18 in chips) 
Seat 8: Dorex2007 ($2.88 in chips) 
Seat 9: 60centPoker ($1.88 in chips) 
Reann1234: posts small blind $0.01
CabbieMark: posts big blind $0.02
*** HOLE CARDS ***
Dealt to Dorex2007 [3s As]
n2405n: raises $0.02 to $0.04
modernexpo: folds 
Dorex2007: folds 
60centPoker: folds 
adept-ser: folds 
SlavikPuha: calls $0.04
SmokedBadger: folds 
Reann1234: raises $0.28 to $0.32
CabbieMark: folds 
n2405n: calls $0.28
SlavikPuha: calls $0.28
*** FLOP *** [Qs 3c Kc]
Reann1234: checks 
n2405n: bets $2.72 and is all-in
SlavikPuha: folds 
Reann1234: folds 
Uncalled bet ($2.72) returned to n2405n
n2405n collected $0.95 from pot
n2405n: doesn't show hand 
*** SUMMARY ***
Total pot $0.98 | Rake $0.03 
Board [Qs 3c Kc]
Seat 1: adept-ser folded before Flop (didn't bet)
Seat 2: SlavikPuha folded on the Flop
Seat 3: SmokedBadger (button) folded before Flop (didn't bet)
Seat 4: Reann1234 (small blind) folded on the Flop
Seat 5: CabbieMark (big blind) folded before Flop
Seat 6: n2405n collected ($0.95)
Seat 7: modernexpo folded before Flop (didn't bet)
Seat 8: Dorex2007 folded before Flop (didn't bet)
Seat 9: 60centPoker folded before Flop (didn't bet)



PokerStars Hand #225382856886:  Hold'em No Limit ($0.01/$0.02 USD) - 2021/03/31 23:30:05 PT [2021/04/01 2:30:05 ET]
Table 'Philosophia VI' 9-max Seat #4 is the button
Seat 1: adept-ser ($0.91 in chips) 
Seat 2: SlavikPuha ($2.07 in chips) 
Seat 3: SmokedBadger ($0.95 in chips) 
Seat 4: Reann1234 ($1.87 in chips) 
Seat 5: CabbieMark ($3.81 in chips) 
Seat 6: n2405n ($3.67 in chips) 
Seat 7: modernexpo ($2.18 in chips) 
Seat 8: Dorex2007 ($2.88 in chips) 
Seat 9: 60centPoker ($1.88 in chips) 
CabbieMark: posts small blind $0.01
n2405n: posts big blind $0.02
*** HOLE CARDS ***
Dealt to Dorex2007 [3c 2c]
modernexpo: raises $0.08 to $0.10
Dorex2007: folds 
60centPoker: folds 
adept-ser: folds 
SlavikPuha: folds 
SmokedBadger: folds 
Reann1234: calls $0.10
CabbieMark: calls $0.09
n2405n: raises $0.08 to $0.18
modernexpo: raises $0.42 to $0.60
Reann1234: folds 
CabbieMark: folds 
n2405n: calls $0.42
*** FLOP *** [8c 7d 5d]
n2405n: bets $0.02
modernexpo: raises $1.56 to $1.58 and is all-in
n2405n: folds 
Uncalled bet ($1.56) returned to modernexpo
modernexpo collected $1.39 from pot
modernexpo: doesn't show hand 
*** SUMMARY ***
Total pot $1.44 | Rake $0.05 
Board [8c 7d 5d]
Seat 1: adept-ser folded before Flop (didn't bet)
Seat 2: SlavikPuha folded before Flop (didn't bet)
Seat 3: SmokedBadger folded before Flop (didn't bet)
Seat 4: Reann1234 (button) folded before Flop
Seat 5: CabbieMark (small blind) folded before Flop
Seat 6: n2405n (big blind) folded on the Flop
Seat 7: modernexpo collected ($1.39)
Seat 8: Dorex2007 folded before Flop (didn't bet)
Seat 9: 60centPoker folded before Flop (didn't bet)



PokerStars Hand #225382865951:  Hold'em No Limit ($0.01/$0.02 USD) - 2021/03/31 23:31:00 PT [2021/04/01 2:31:00 ET]
Table 'Philosophia VI' 9-max Seat #5 is the button
Seat 1: adept-ser ($0.91 in chips) 
Seat 2: SlavikPuha ($2.07 in chips) 
Seat 3: SmokedBadger ($0.95 in chips) 
Seat 4: Reann1234 ($1.77 in chips) 
Seat 5: CabbieMark ($3.71 in chips) 
Seat 6: n2405n ($3.05 in chips) 
Seat 7: modernexpo ($2.95 in chips) 
Seat 8: Dorex2007 ($2.88 in chips) 
Seat 9: 60centPoker ($1.88 in chips) 
n2405n: posts small blind $0.01
modernexpo: posts big blind $0.02
*** HOLE CARDS ***
Dealt to Dorex2007 [9h Jh]
Dorex2007: folds 
60centPoker: folds 
adept-ser: folds 
SlavikPuha: folds 
SmokedBadger: folds 
Reann1234: folds 
CabbieMark: folds 
n2405n: raises $0.02 to $0.04
modernexpo: calls $0.02
*** FLOP *** [8h As Js]
n2405n: bets $0.08
modernexpo: folds 
Uncalled bet ($0.08) returned to n2405n
n2405n collected $0.08 from pot
n2405n: doesn't show hand 
*** SUMMARY ***
Total pot $0.08 | Rake $0 
Board [8h As Js]
Seat 1: adept-ser folded before Flop (didn't bet)
Seat 2: SlavikPuha folded before Flop (didn't bet)
Seat 3: SmokedBadger folded before Flop (didn't bet)
Seat 4: Reann1234 folded before Flop (didn't bet)
Seat 5: CabbieMark (button) folded before Flop (didn't bet)
Seat 6: n2405n (small blind) collected ($0.08)
Seat 7: modernexpo (big blind) folded on the Flop
Seat 8: Dorex2007 folded before Flop (didn't bet)
Seat 9: 60centPoker folded before Flop (didn't bet)



PokerStars Hand #225382875006:  Hold'em No Limit ($0.01/$0.02 USD) - 2021/03/31 23:31:31 PT [2021/04/01 2:31:31 ET]
Table 'Philosophia VI' 9-max Seat #6 is the button
Seat 1: adept-ser ($0.91 in chips) 
Seat 2: SlavikPuha ($2.07 in chips) 
Seat 3: SmokedBadger ($0.95 in chips) 
Seat 4: Reann1234 ($1.77 in chips) 
Seat 5: CabbieMark ($3.71 in chips) 
Seat 6: n2405n ($3.09 in chips) 
Seat 7: modernexpo ($2.91 in chips) 
Seat 8: Dorex2007 ($2.88 in chips) 
Seat 9: 60centPoker ($1.88 in chips) 
modernexpo: posts small blind $0.01
Dorex2007: posts big blind $0.02
*** HOLE CARDS ***
Dealt to Dorex2007 [Qh 5d]
60centPoker has timed out
60centPoker: folds 
adept-ser: folds 
SlavikPuha: folds 
SmokedBadger: folds 
Reann1234: folds 
CabbieMark: folds 
n2405n: raises $0.02 to $0.04
modernexpo: folds 
Dorex2007: folds 
Uncalled bet ($0.02) returned to n2405n
n2405n collected $0.05 from pot
n2405n: doesn't show hand 
*** SUMMARY ***
Total pot $0.05 | Rake $0 
Seat 1: adept-ser folded before Flop (didn't bet)
Seat 2: SlavikPuha folded before Flop (didn't bet)
Seat 3: SmokedBadger folded before Flop (didn't bet)
Seat 4: Reann1234 folded before Flop (didn't bet)
Seat 5: CabbieMark folded before Flop (didn't bet)
Seat 6: n2405n (button) collected ($0.05)
Seat 7: modernexpo (small blind) folded before Flop
Seat 8: Dorex2007 (big blind) folded before Flop
Seat 9: 60centPoker folded before Flop (didn't bet)



PokerStars Hand #225382880015:  Hold'em No Limit ($0.01/$0.02 USD) - 2021/03/31 23:32:01 PT [2021/04/01 2:32:01 ET]
Table 'Philosophia VI' 9-max Seat #7 is the button
Seat 1: adept-ser ($0.91 in chips) 
Seat 2: SlavikPuha ($2.07 in chips) 
Seat 3: SmokedBadger ($0.95 in chips) 
Seat 4: Reann1234 ($1.77 in chips) 
Seat 5: CabbieMark ($3.71 in chips) 
Seat 6: n2405n ($3.12 in chips) 
Seat 7: modernexpo ($2.90 in chips) 
Seat 8: Dorex2007 ($2.86 in chips) 
Seat 9: 60centPoker ($1.88 in chips) 
Dorex2007: posts small blind $0.01
60centPoker: posts big blind $0.02
*** HOLE CARDS ***
Dealt to Dorex2007 [3h 7d]
adept-ser: calls $0.02
SlavikPuha: folds 
SmokedBadger: folds 
Reann1234: calls $0.02
CabbieMark: folds 
n2405n: raises $0.02 to $0.04
modernexpo: folds 
Dorex2007: folds 
60centPoker: raises $0.11 to $0.15
adept-ser: folds 
Reann1234: calls $0.13
n2405n: folds 
*** FLOP *** [4d 5c 4h]
60centPoker: bets $0.24
Reann1234: calls $0.24
*** TURN *** [4d 5c 4h] [Td]
60centPoker: bets $0.38
Reann1234: calls $0.38
*** RIVER *** [4d 5c 4h Td] [3s]
60centPoker: bets $0.30
Reann1234: raises $0.70 to $1 and is all-in
60centPoker: calls $0.70
*** SHOW DOWN ***
Reann1234: shows [5s 2s] (two pair, Fives and Fours)
60centPoker: shows [Qs Qd] (two pair, Queens and Fours)
60centPoker collected $3.48 from pot
*** SUMMARY ***
Total pot $3.61 | Rake $0.13 
Board [4d 5c 4h Td 3s]
Seat 1: adept-ser folded before Flop
Seat 2: SlavikPuha folded before Flop (didn't bet)
Seat 3: SmokedBadger folded before Flop (didn't bet)
Seat 4: Reann1234 showed [5s 2s] and lost with two pair, Fives and Fours
Seat 5: CabbieMark folded before Flop (didn't bet)
Seat 6: n2405n folded before Flop
Seat 7: modernexpo (button) folded before Flop (didn't bet)
Seat 8: Dorex2007 (small blind) folded before Flop
Seat 9: 60centPoker (big blind) showed [Qs Qd] and won ($3.48) with two pair, Queens and Fours



PokerStars Hand #225382897759:  Hold'em No Limit ($0.01/$0.02 USD) - 2021/03/31 23:33:47 PT [2021/04/01 2:33:47 ET]
Table 'Philosophia VI' 9-max Seat #8 is the button
Seat 1: adept-ser ($0.89 in chips) 
Seat 2: SlavikPuha ($2.07 in chips) 
Seat 3: SmokedBadger ($0.95 in chips) 
Seat 5: CabbieMark ($3.71 in chips) 
Seat 6: n2405n ($3.08 in chips) 
Seat 7: modernexpo ($2.90 in chips) 
Seat 8: Dorex2007 ($2.85 in chips) 
Seat 9: 60centPoker ($3.59 in chips) 
60centPoker: posts small blind $0.01
adept-ser: posts big blind $0.02
*** HOLE CARDS ***
Dealt to Dorex2007 [Kd Ac]
SlavikPuha: folds 
SmokedBadger: folds 
CabbieMark: folds 
n2405n: raises $0.02 to $0.04
modernexpo: folds 
Dorex2007: calls $0.04
60centPoker: folds 
adept-ser: calls $0.02
*** FLOP *** [6s 2d 4h]
adept-ser: checks 
n2405n: bets $0.02
Dorex2007: calls $0.02
adept-ser: folds 
*** TURN *** [6s 2d 4h] [Kh]
n2405n: bets $0.02
Dorex2007: calls $0.02
*** RIVER *** [6s 2d 4h Kh] [7c]
n2405n: bets $0.02
Dorex2007: raises $0.24 to $0.26
n2405n: calls $0.24
*** SHOW DOWN ***
Dorex2007: shows [Kd Ac] (a pair of Kings)
n2405n: mucks hand 
Dorex2007 collected $0.70 from pot
*** SUMMARY ***
Total pot $0.73 | Rake $0.03 
Board [6s 2d 4h Kh 7c]
Seat 1: adept-ser (big blind) folded on the Flop
Seat 2: SlavikPuha folded before Flop (didn't bet)
Seat 3: SmokedBadger folded before Flop (didn't bet)
Seat 5: CabbieMark folded before Flop (didn't bet)
Seat 6: n2405n mucked [Jc Jd]
Seat 7: modernexpo folded before Flop (didn't bet)
Seat 8: Dorex2007 (button) showed [Kd Ac] and won ($0.70) with a pair of Kings
Seat 9: 60centPoker (small blind) folded before Flop



PokerStars Hand #225382903883:  Hold'em No Limit ($0.01/$0.02 USD) - 2021/03/31 23:34:23 PT [2021/04/01 2:34:23 ET]
Table 'Philosophia VI' 9-max Seat #9 is the button
Seat 1: adept-ser ($0.85 in chips) 
Seat 2: SlavikPuha ($2.07 in chips) 
Seat 3: SmokedBadger ($0.95 in chips) 
Seat 5: CabbieMark ($3.71 in chips) 
Seat 6: n2405n ($2.74 in chips) 
Seat 7: modernexpo ($2.90 in chips) 
Seat 8: Dorex2007 ($3.21 in chips) 
Seat 9: 60centPoker ($3.58 in chips) 
adept-ser: posts small blind $0.01
SlavikPuha: posts big blind $0.02
*** HOLE CARDS ***
Dealt to Dorex2007 [4s 7c]
SmokedBadger: folds 
CabbieMark: folds 
n2405n: raises $0.02 to $0.04
modernexpo: calls $0.04
Dorex2007: folds 
60centPoker: folds 
adept-ser: folds 
SlavikPuha: folds 
*** FLOP *** [4d Jc Ac]
n2405n: bets $0.02
modernexpo: calls $0.02
*** TURN *** [4d Jc Ac] [8c]
n2405n: bets $0.02
modernexpo: folds 
Uncalled bet ($0.02) returned to n2405n
n2405n collected $0.14 from pot
n2405n: doesn't show hand 
*** SUMMARY ***
Total pot $0.15 | Rake $0.01 
Board [4d Jc Ac 8c]
Seat 1: adept-ser (small blind) folded before Flop
Seat 2: SlavikPuha (big blind) folded before Flop
Seat 3: SmokedBadger folded before Flop (didn't bet)
Seat 5: CabbieMark folded before Flop (didn't bet)
Seat 6: n2405n collected ($0.14)
Seat 7: modernexpo folded on the Turn
Seat 8: Dorex2007 folded before Flop (didn't bet)
Seat 9: 60centPoker (button) folded before Flop (didn't bet)



PokerStars Hand #225382907827:  Hold'em No Limit ($0.01/$0.02 USD) - 2021/03/31 23:34:47 PT [2021/04/01 2:34:47 ET]
Table 'Philosophia VI' 9-max Seat #1 is the button
Seat 1: adept-ser ($0.84 in chips) 
Seat 2: SlavikPuha ($2.05 in chips) 
Seat 3: SmokedBadger ($0.95 in chips) 
Seat 5: CabbieMark ($3.71 in chips) 
Seat 6: n2405n ($2.82 in chips) 
Seat 7: modernexpo ($2.84 in chips) 
Seat 8: Dorex2007 ($3.21 in chips) 
Seat 9: 60centPoker ($3.58 in chips) 
SlavikPuha: posts small blind $0.01
SmokedBadger: posts big blind $0.02
*** HOLE CARDS ***
Dealt to Dorex2007 [3s 4h]
CabbieMark: folds 
n2405n: raises $0.02 to $0.04
modernexpo: folds 
Dorex2007: folds 
60centPoker: folds 
adept-ser: calls $0.04
SlavikPuha: folds 
SmokedBadger: folds 
*** FLOP *** [6s 8d 5d]
n2405n: bets $0.02
adept-ser: calls $0.02
*** TURN *** [6s 8d 5d] [3h]
n2405n: bets $0.02
adept-ser: calls $0.02
*** RIVER *** [6s 8d 5d 3h] [6c]
n2405n: bets $0.02
adept-ser: calls $0.02
*** SHOW DOWN ***
n2405n: shows [6h 9d] (three of a kind, Sixes)
adept-ser: mucks hand 
n2405n collected $0.22 from pot
*** SUMMARY ***
Total pot $0.23 | Rake $0.01 
Board [6s 8d 5d 3h 6c]
Seat 1: adept-ser (button) mucked [Tc Ad]
Seat 2: SlavikPuha (small blind) folded before Flop
Seat 3: SmokedBadger (big blind) folded before Flop
Seat 5: CabbieMark folded before Flop (didn't bet)
Seat 6: n2405n showed [6h 9d] and won ($0.22) with three of a kind, Sixes
Seat 7: modernexpo folded before Flop (didn't bet)
Seat 8: Dorex2007 folded before Flop (didn't bet)
Seat 9: 60centPoker folded before Flop (didn't bet)



PokerStars Hand #225382912778:  Hold'em No Limit ($0.01/$0.02 USD) - 2021/03/31 23:35:16 PT [2021/04/01 2:35:16 ET]
Table 'Philosophia VI' 9-max Seat #2 is the button
Seat 1: adept-ser ($0.74 in chips) 
Seat 2: SlavikPuha ($2.04 in chips) 
Seat 3: SmokedBadger ($0.93 in chips) 
Seat 4: Reann1234 ($1 in chips) 
Seat 5: CabbieMark ($3.71 in chips) 
Seat 6: n2405n ($2.94 in chips) 
Seat 7: modernexpo ($2.84 in chips) 
Seat 8: Dorex2007 ($3.21 in chips) 
Seat 9: 60centPoker ($3.58 in chips) 
SmokedBadger: posts small blind $0.01
Reann1234: posts big blind $0.02
*** HOLE CARDS ***
Dealt to Dorex2007 [7h Ac]
CabbieMark: raises $0.05 to $0.07
n2405n: calls $0.07
modernexpo: calls $0.07
Dorex2007: folds 
60centPoker: folds 
adept-ser: calls $0.07
SlavikPuha: calls $0.07
SmokedBadger: folds 
Reann1234: calls $0.05
*** FLOP *** [8h 8c 9c]
Reann1234: checks 
CabbieMark: bets $0.41
n2405n: folds 
modernexpo: folds 
adept-ser: folds 
SlavikPuha: folds 
Reann1234: folds 
Uncalled bet ($0.41) returned to CabbieMark
CabbieMark collected $0.41 from pot
*** SUMMARY ***
Total pot $0.43 | Rake $0.02 
Board [8h 8c 9c]
Seat 1: adept-ser folded on the Flop
Seat 2: SlavikPuha (button) folded on the Flop
Seat 3: SmokedBadger (small blind) folded before Flop
Seat 4: Reann1234 (big blind) folded on the Flop
Seat 5: CabbieMark collected ($0.41)
Seat 6: n2405n folded on the Flop
Seat 7: modernexpo folded on the Flop
Seat 8: Dorex2007 folded before Flop (didn't bet)
Seat 9: 60centPoker folded before Flop (didn't bet)



PokerStars Hand #225382921092:  Hold'em No Limit ($0.01/$0.02 USD) - 2021/03/31 23:36:06 PT [2021/04/01 2:36:06 ET]
Table 'Philosophia VI' 9-max Seat #3 is the button
Seat 1: adept-ser ($0.67 in chips) 
Seat 2: SlavikPuha ($2 in chips) 
Seat 3: SmokedBadger ($0.92 in chips) 
Seat 4: Reann1234 ($0.93 in chips) 
Seat 5: CabbieMark ($4.05 in chips) 
Seat 6: n2405n ($2.87 in chips) 
Seat 7: modernexpo ($2.77 in chips) 
Seat 8: Dorex2007 ($3.21 in chips) 
Seat 9: 60centPoker ($3.58 in chips) 
Reann1234: posts small blind $0.01
CabbieMark: posts big blind $0.02
*** HOLE CARDS ***
Dealt to Dorex2007 [4d 2c]
n2405n: raises $0.02 to $0.04
modernexpo: calls $0.04
Dorex2007: folds 
60centPoker: folds 
adept-ser: folds 
SlavikPuha: folds 
SmokedBadger: folds 
Reann1234: calls $0.03
CabbieMark: folds 
*** FLOP *** [Ks 3d 9h]
Reann1234: checks 
n2405n: bets $0.02
modernexpo: calls $0.02
Reann1234: folds 
*** TURN *** [Ks 3d 9h] [7d]
n2405n: bets $0.02
modernexpo: folds 
Uncalled bet ($0.02) returned to n2405n
n2405n collected $0.17 from pot
n2405n: doesn't show hand 
*** SUMMARY ***
Total pot $0.18 | Rake $0.01 
Board [Ks 3d 9h 7d]
Seat 1: adept-ser folded before Flop (didn't bet)
Seat 2: SlavikPuha folded before Flop (didn't bet)
Seat 3: SmokedBadger (button) folded before Flop (didn't bet)
Seat 4: Reann1234 (small blind) folded on the Flop
Seat 5: CabbieMark (big blind) folded before Flop
Seat 6: n2405n collected ($0.17)
Seat 7: modernexpo folded on the Turn
Seat 8: Dorex2007 folded before Flop (didn't bet)
Seat 9: 60centPoker folded before Flop (didn't bet)



PokerStars Hand #225382925896:  Hold'em No Limit ($0.01/$0.02 USD) - 2021/03/31 23:36:35 PT [2021/04/01 2:36:35 ET]
Table 'Philosophia VI' 9-max Seat #4 is the button
Seat 1: adept-ser ($0.67 in chips) 
Seat 2: SlavikPuha ($2 in chips) 
Seat 3: SmokedBadger ($0.92 in chips) 
Seat 4: Reann1234 ($0.89 in chips) 
Seat 5: CabbieMark ($4.03 in chips) 
Seat 6: n2405n ($2.98 in chips) 
Seat 7: modernexpo ($2.71 in chips) 
Seat 8: Dorex2007 ($3.21 in chips) 
Seat 9: 60centPoker ($3.58 in chips) 
CabbieMark: posts small blind $0.01
n2405n: posts big blind $0.02
*** HOLE CARDS ***
Dealt to Dorex2007 [Ah 8h]
modernexpo: folds 
Dorex2007: raises $0.04 to $0.06
60centPoker: folds 
adept-ser: calls $0.06
SlavikPuha: folds 
SmokedBadger: folds 
Reann1234: calls $0.06
CabbieMark: folds 
n2405n: calls $0.04
*** FLOP *** [3s 9d 5s]
n2405n: bets $0.02
Dorex2007: folds 
adept-ser: calls $0.02
Reann1234: raises $0.81 to $0.83 and is all-in
n2405n: folds 
adept-ser: calls $0.59 and is all-in
Uncalled bet ($0.22) returned to Reann1234
Reann1234 has timed out
*** TURN *** [3s 9d 5s] [3h]
*** RIVER *** [3s 9d 5s 3h] [Kd]
*** SHOW DOWN ***
adept-ser: shows [9s As] (two pair, Nines and Threes)
Reann1234: shows [5c 6h] (two pair, Fives and Threes)
adept-ser cashed out the hand for $1.22 | Cash Out Fee $0.01
*** SUMMARY ***
Total pot $1.49 | Rake $0.05 
Board [3s 9d 5s 3h Kd]
Seat 1: adept-ser showed [9s As] and won ($1.44) with two pair, Nines and Threes (pot not awarded as player cashed out)
Seat 2: SlavikPuha folded before Flop (didn't bet)
Seat 3: SmokedBadger folded before Flop (didn't bet)
Seat 4: Reann1234 (button) showed [5c 6h] and lost with two pair, Fives and Threes
Seat 5: CabbieMark (small blind) folded before Flop
Seat 6: n2405n (big blind) folded on the Flop
Seat 7: modernexpo folded before Flop (didn't bet)
Seat 8: Dorex2007 folded on the Flop
Seat 9: 60centPoker folded before Flop (didn't bet)



PokerStars Hand #225382934321:  Hold'em No Limit ($0.01/$0.02 USD) - 2021/03/31 23:37:26 PT [2021/04/01 2:37:26 ET]
Table 'Philosophia VI' 9-max Seat #5 is the button
Seat 1: adept-ser ($1.22 in chips) 
Seat 2: SlavikPuha ($2 in chips) 
Seat 3: SmokedBadger ($0.92 in chips) 
Seat 4: Reann1234 ($0.22 in chips) 
Seat 5: CabbieMark ($4.02 in chips) 
Seat 6: n2405n ($2.90 in chips) 
Seat 7: modernexpo ($2.71 in chips) 
Seat 8: Dorex2007 ($3.15 in chips) 
Seat 9: 60centPoker ($3.58 in chips) 
n2405n: posts small blind $0.01
modernexpo: posts big blind $0.02
*** HOLE CARDS ***
Dealt to Dorex2007 [Ad Td]
Dorex2007: raises $0.04 to $0.06
60centPoker: folds 
adept-ser: folds 
SlavikPuha: folds 
SmokedBadger: folds 
Reann1234: raises $0.16 to $0.22 and is all-in
CabbieMark: folds 
n2405n: folds 
modernexpo: folds 
Dorex2007: calls $0.16
Reann1234 has timed out
*** FLOP *** [8h 6d Kh]
*** TURN *** [8h 6d Kh] [Ah]
*** RIVER *** [8h 6d Kh Ah] [2d]
*** SHOW DOWN ***
Dorex2007: shows [Ad Td] (a pair of Aces)
Reann1234: shows [9c 6c] (a pair of Sixes)
Dorex2007 collected $0.45 from pot
*** SUMMARY ***
Total pot $0.47 | Rake $0.02 
Board [8h 6d Kh Ah 2d]
Seat 1: adept-ser folded before Flop (didn't bet)
Seat 2: SlavikPuha folded before Flop (didn't bet)
Seat 3: SmokedBadger folded before Flop (didn't bet)
Seat 4: Reann1234 showed [9c 6c] and lost with a pair of Sixes
Seat 5: CabbieMark (button) folded before Flop (didn't bet)
Seat 6: n2405n (small blind) folded before Flop
Seat 7: modernexpo (big blind) folded before Flop
Seat 8: Dorex2007 showed [Ad Td] and won ($0.45) with a pair of Aces
Seat 9: 60centPoker folded before Flop (didn't bet)



PokerStars Hand #225382945248:  Hold'em No Limit ($0.01/$0.02 USD) - 2021/03/31 23:38:32 PT [2021/04/01 2:38:32 ET]
Table 'Philosophia VI' 9-max Seat #6 is the button
Seat 1: adept-ser ($1.22 in chips) 
Seat 2: SlavikPuha ($2 in chips) 
Seat 3: SmokedBadger ($0.92 in chips) 
Seat 5: CabbieMark ($4.02 in chips) 
Seat 6: n2405n ($2.89 in chips) 
Seat 7: modernexpo ($2.69 in chips) 
Seat 8: Dorex2007 ($3.38 in chips) 
Seat 9: 60centPoker ($3.58 in chips) 
modernexpo: posts small blind $0.01
Dorex2007: posts big blind $0.02
*** HOLE CARDS ***
Dealt to Dorex2007 [Ad 8s]
60centPoker: folds 
adept-ser: folds 
SlavikPuha: folds 
SmokedBadger: folds 
CabbieMark: raises $0.05 to $0.07
n2405n: calls $0.07
modernexpo: folds 
Dorex2007: folds 
*** FLOP *** [3c 2h 3d]
CabbieMark: checks 
n2405n: bets $0.08
CabbieMark: calls $0.08
*** TURN *** [3c 2h 3d] [6c]
CabbieMark: checks 
n2405n: bets $0.32
CabbieMark: folds 
Uncalled bet ($0.32) returned to n2405n
n2405n collected $0.32 from pot
n2405n: doesn't show hand 
*** SUMMARY ***
Total pot $0.33 | Rake $0.01 
Board [3c 2h 3d 6c]
Seat 1: adept-ser folded before Flop (didn't bet)
Seat 2: SlavikPuha folded before Flop (didn't bet)
Seat 3: SmokedBadger folded before Flop (didn't bet)
Seat 5: CabbieMark folded on the Turn
Seat 6: n2405n (button) collected ($0.32)
Seat 7: modernexpo (small blind) folded before Flop
Seat 8: Dorex2007 (big blind) folded before Flop
Seat 9: 60centPoker folded before Flop (didn't bet)



PokerStars Hand #225382950720:  Hold'em No Limit ($0.01/$0.02 USD) - 2021/03/31 23:39:05 PT [2021/04/01 2:39:05 ET]
Table 'Philosophia VI' 9-max Seat #7 is the button
Seat 1: adept-ser ($1.22 in chips) 
Seat 2: SlavikPuha ($2 in chips) 
Seat 3: SmokedBadger ($0.92 in chips) 
Seat 4: Reann1234 ($1 in chips) 
Seat 5: CabbieMark ($3.87 in chips) 
Seat 6: n2405n ($3.06 in chips) 
Seat 7: modernexpo ($2.68 in chips) 
Seat 8: Dorex2007 ($3.36 in chips) 
Seat 9: 60centPoker ($3.58 in chips) 
Dorex2007: posts small blind $0.01
60centPoker: posts big blind $0.02
*** HOLE CARDS ***
Dealt to Dorex2007 [2d Qc]
adept-ser: calls $0.02
SlavikPuha: folds 
SmokedBadger: folds 
Reann1234: calls $0.02
CabbieMark: folds 
n2405n: raises $0.02 to $0.04
modernexpo: calls $0.04
Dorex2007: folds 
60centPoker: folds 
adept-ser: calls $0.02
Reann1234: raises $0.19 to $0.23
n2405n: folds 
modernexpo: folds 
adept-ser: raises $0.99 to $1.22 and is all-in
Reann1234: folds 
Uncalled bet ($0.99) returned to adept-ser
adept-ser collected $0.57 from pot
*** SUMMARY ***
Total pot $0.57 | Rake $0 
Seat 1: adept-ser collected ($0.57)
Seat 2: SlavikPuha folded before Flop (didn't bet)
Seat 3: SmokedBadger folded before Flop (didn't bet)
Seat 4: Reann1234 folded before Flop
Seat 5: CabbieMark folded before Flop (didn't bet)
Seat 6: n2405n folded before Flop
Seat 7: modernexpo (button) folded before Flop
Seat 8: Dorex2007 (small blind) folded before Flop
Seat 9: 60centPoker (big blind) folded before Flop



PokerStars Hand #225382959523:  Hold'em No Limit ($0.01/$0.02 USD) - 2021/03/31 23:39:59 PT [2021/04/01 2:39:59 ET]
Table 'Philosophia VI' 9-max Seat #8 is the button
Seat 2: SlavikPuha ($2 in chips) 
Seat 3: SmokedBadger ($0.92 in chips) 
Seat 4: Reann1234 ($0.77 in chips) 
Seat 5: CabbieMark ($3.87 in chips) 
Seat 6: n2405n ($3.02 in chips) 
Seat 7: modernexpo ($2.64 in chips) 
Seat 8: Dorex2007 ($3.35 in chips) 
Seat 9: 60centPoker ($3.56 in chips) 
60centPoker: posts small blind $0.01
adept-ser: is sitting out 
SlavikPuha: posts big blind $0.02
*** HOLE CARDS ***
Dealt to Dorex2007 [7s 2c]
SmokedBadger: folds 
Reann1234: calls $0.02
CabbieMark: folds 
n2405n: raises $0.02 to $0.04
modernexpo: folds 
Dorex2007: folds 
60centPoker: folds 
SlavikPuha: calls $0.02
Reann1234: raises $0.73 to $0.77 and is all-in
n2405n: folds 
SlavikPuha: folds 
Uncalled bet ($0.73) returned to Reann1234
Reann1234 collected $0.13 from pot
*** SUMMARY ***
Total pot $0.13 | Rake $0 
Seat 2: SlavikPuha (big blind) folded before Flop
Seat 3: SmokedBadger folded before Flop (didn't bet)
Seat 4: Reann1234 collected ($0.13)
Seat 5: CabbieMark folded before Flop (didn't bet)
Seat 6: n2405n folded before Flop
Seat 7: modernexpo folded before Flop (didn't bet)
Seat 8: Dorex2007 (button) folded before Flop (didn't bet)
Seat 9: 60centPoker (small blind) folded before Flop



PokerStars Hand #225382963561:  Hold'em No Limit ($0.01/$0.02 USD) - 2021/03/31 23:40:23 PT [2021/04/01 2:40:23 ET]
Table 'Philosophia VI' 9-max Seat #9 is the button
Seat 2: SlavikPuha ($2 in chips) 
Seat 3: SmokedBadger ($0.92 in chips) 
Seat 4: Reann1234 ($0.86 in chips) 
Seat 5: CabbieMark ($3.87 in chips) 
Seat 6: n2405n ($2.98 in chips) 
Seat 7: modernexpo ($2.64 in chips) 
Seat 8: Dorex2007 ($3.35 in chips) 
Seat 9: 60centPoker ($3.55 in chips) 
SlavikPuha: posts small blind $0.01
SmokedBadger: posts big blind $0.02
*** HOLE CARDS ***
Dealt to Dorex2007 [Ac Td]
Reann1234: calls $0.02
CabbieMark: folds 
n2405n: raises $0.02 to $0.04
modernexpo: folds 
Dorex2007: calls $0.04
60centPoker: folds 
SlavikPuha: folds 
SmokedBadger: folds 
Reann1234: raises $0.15 to $0.19
n2405n: folds 
Dorex2007: folds 
Uncalled bet ($0.15) returned to Reann1234
Reann1234 collected $0.15 from pot
*** SUMMARY ***
Total pot $0.15 | Rake $0 
Seat 2: SlavikPuha (small blind) folded before Flop
Seat 3: SmokedBadger (big blind) folded before Flop
Seat 4: Reann1234 collected ($0.15)
Seat 5: CabbieMark folded before Flop (didn't bet)
Seat 6: n2405n folded before Flop
Seat 7: modernexpo folded before Flop (didn't bet)
Seat 8: Dorex2007 folded before Flop
Seat 9: 60centPoker (button) folded before Flop (didn't bet)



PokerStars Hand #225382968894:  Hold'em No Limit ($0.01/$0.02 USD) - 2021/03/31 23:40:56 PT [2021/04/01 2:40:56 ET]
Table 'Philosophia VI' 9-max Seat #2 is the button
Seat 2: SlavikPuha ($2 in chips) 
Seat 3: SmokedBadger ($0.90 in chips) 
Seat 4: Reann1234 ($0.97 in chips) 
Seat 5: CabbieMark ($3.87 in chips) 
Seat 6: n2405n ($2.94 in chips) 
Seat 7: modernexpo ($2.64 in chips) 
Seat 8: Dorex2007 ($3.31 in chips) 
Seat 9: 60centPoker ($3.55 in chips) 
SmokedBadger: posts small blind $0.01
Reann1234: posts big blind $0.02
*** HOLE CARDS ***
Dealt to Dorex2007 [Ac 7s]
CabbieMark: folds 
n2405n: raises $0.02 to $0.04
modernexpo: folds 
Dorex2007: folds 
60centPoker: folds 
SlavikPuha: folds 
SmokedBadger: folds 
Reann1234: raises $0.93 to $0.97 and is all-in
n2405n: folds 
Uncalled bet ($0.93) returned to Reann1234
Reann1234 collected $0.09 from pot
*** SUMMARY ***
Total pot $0.09 | Rake $0 
Seat 2: SlavikPuha (button) folded before Flop (didn't bet)
Seat 3: SmokedBadger (small blind) folded before Flop
Seat 4: Reann1234 (big blind) collected ($0.09)
Seat 5: CabbieMark folded before Flop (didn't bet)
Seat 6: n2405n folded before Flop
Seat 7: modernexpo folded before Flop (didn't bet)
Seat 8: Dorex2007 folded before Flop (didn't bet)
Seat 9: 60centPoker folded before Flop (didn't bet)



PokerStars Hand #225382973694:  Hold'em No Limit ($0.01/$0.02 USD) - 2021/03/31 23:41:25 PT [2021/04/01 2:41:25 ET]
Table 'Philosophia VI' 9-max Seat #3 is the button
Seat 2: SlavikPuha ($2 in chips) 
Seat 3: SmokedBadger ($0.89 in chips) 
Seat 4: Reann1234 ($1.02 in chips) 
Seat 5: CabbieMark ($3.87 in chips) 
Seat 6: n2405n ($2.90 in chips) 
Seat 7: modernexpo ($2.64 in chips) 
Seat 8: Dorex2007 ($3.31 in chips) 
Seat 9: 60centPoker ($3.55 in chips) 
Reann1234: posts small blind $0.01
CabbieMark: posts big blind $0.02
*** HOLE CARDS ***
Dealt to Dorex2007 [2s Kh]
n2405n: raises $0.02 to $0.04
modernexpo: folds 
Dorex2007: folds 
60centPoker: folds 
SlavikPuha: calls $0.04
SmokedBadger: calls $0.04
Reann1234: folds 
CabbieMark: folds 
*** FLOP *** [2h Ac Kc]
n2405n: bets $0.02
SlavikPuha: calls $0.02
SmokedBadger: calls $0.02
*** TURN *** [2h Ac Kc] [5h]
n2405n: bets $0.02
SlavikPuha: calls $0.02
SmokedBadger: calls $0.02
*** RIVER *** [2h Ac Kc 5h] [Ts]
n2405n: bets $0.02
SlavikPuha: calls $0.02
SmokedBadger: calls $0.02
*** SHOW DOWN ***
n2405n: shows [7h Td] (a pair of Tens)
SlavikPuha: shows [Th 9h] (a pair of Tens - Ace+King+Nine kicker)
SmokedBadger: shows [Ah 6d] (a pair of Aces)
SmokedBadger collected $0.32 from pot
*** SUMMARY ***
Total pot $0.33 | Rake $0.01 
Board [2h Ac Kc 5h Ts]
Seat 2: SlavikPuha showed [Th 9h] and lost with a pair of Tens
Seat 3: SmokedBadger (button) showed [Ah 6d] and won ($0.32) with a pair of Aces
Seat 4: Reann1234 (small blind) folded before Flop
Seat 5: CabbieMark (big blind) folded before Flop
Seat 6: n2405n showed [7h Td] and lost with a pair of Tens
Seat 7: modernexpo folded before Flop (didn't bet)
Seat 8: Dorex2007 folded before Flop (didn't bet)
Seat 9: 60centPoker folded before Flop (didn't bet)



PokerStars Hand #225382980607:  Hold'em No Limit ($0.01/$0.02 USD) - 2021/03/31 23:42:07 PT [2021/04/01 2:42:07 ET]
Table 'Philosophia VI' 9-max Seat #4 is the button
Seat 2: SlavikPuha ($2 in chips) 
Seat 3: SmokedBadger ($1.11 in chips) 
Seat 4: Reann1234 ($1.01 in chips) 
Seat 5: CabbieMark ($3.85 in chips) 
Seat 6: n2405n ($2.80 in chips) 
Seat 7: modernexpo ($2.64 in chips) 
Seat 8: Dorex2007 ($3.31 in chips) 
Seat 9: 60centPoker ($3.55 in chips) 
CabbieMark: posts small blind $0.01
n2405n: posts big blind $0.02
*** HOLE CARDS ***
Dealt to Dorex2007 [2d Td]
modernexpo: folds 
Dorex2007: folds 
60centPoker: folds 
SlavikPuha: raises $0.04 to $0.06
SmokedBadger: folds 
Reann1234: calls $0.06
CabbieMark: folds 
n2405n: calls $0.04
*** FLOP *** [3d 5c 3h]
n2405n: bets $0.02
SlavikPuha: calls $0.02
Reann1234: calls $0.02
*** TURN *** [3d 5c 3h] [Ts]
n2405n: bets $0.12
Dorex2007 said, "this guy just doesn't learn"
SlavikPuha: folds 
Reann1234: folds 
Uncalled bet ($0.12) returned to n2405n
n2405n collected $0.24 from pot
n2405n: doesn't show hand 
*** SUMMARY ***
Total pot $0.25 | Rake $0.01 
Board [3d 5c 3h Ts]
Seat 2: SlavikPuha folded on the Turn
Seat 3: SmokedBadger folded before Flop (didn't bet)
Seat 4: Reann1234 (button) folded on the Turn
Seat 5: CabbieMark (small blind) folded before Flop
Seat 6: n2405n (big blind) collected ($0.24)
Seat 7: modernexpo folded before Flop (didn't bet)
Seat 8: Dorex2007 folded before Flop (didn't bet)
Seat 9: 60centPoker folded before Flop (didn't bet)



PokerStars Hand #225382986868:  Hold'em No Limit ($0.01/$0.02 USD) - 2021/03/31 23:42:46 PT [2021/04/01 2:42:46 ET]
Table 'Philosophia VI' 9-max Seat #5 is the button
Seat 2: SlavikPuha ($2 in chips) 
Seat 3: SmokedBadger ($1.11 in chips) 
Seat 4: Reann1234 ($0.93 in chips) 
Seat 5: CabbieMark ($3.84 in chips) 
Seat 6: n2405n ($2.96 in chips) 
Seat 8: Dorex2007 ($3.31 in chips) 
Seat 9: 60centPoker ($3.55 in chips) 
n2405n: posts small blind $0.01
modernexpo: is sitting out 
Dorex2007: posts big blind $0.02
adept-ser: sits out 
*** HOLE CARDS ***
Dealt to Dorex2007 [5s 8s]
60centPoker: folds 
SlavikPuha: folds 
SmokedBadger: folds 
Reann1234: calls $0.02
CabbieMark: folds 
n2405n: raises $0.02 to $0.04
Dorex2007: calls $0.02
Reann1234: raises $0.12 to $0.16
n2405n: folds 
Dorex2007: folds 
Uncalled bet ($0.12) returned to Reann1234
Reann1234 collected $0.12 from pot
*** SUMMARY ***
Total pot $0.12 | Rake $0 
Seat 2: SlavikPuha folded before Flop (didn't bet)
Seat 3: SmokedBadger folded before Flop (didn't bet)
Seat 4: Reann1234 collected ($0.12)
Seat 5: CabbieMark (button) folded before Flop (didn't bet)
Seat 6: n2405n (small blind) folded before Flop
Seat 8: Dorex2007 (big blind) folded before Flop
Seat 9: 60centPoker folded before Flop (didn't bet)



PokerStars Hand #225382991291:  Hold'em No Limit ($0.01/$0.02 USD) - 2021/03/31 23:43:13 PT [2021/04/01 2:43:13 ET]
Table 'Philosophia VI' 9-max Seat #6 is the button
Seat 2: SlavikPuha ($2 in chips) 
Seat 3: SmokedBadger ($1.11 in chips) 
Seat 4: Reann1234 ($1.01 in chips) 
Seat 5: CabbieMark ($3.84 in chips) 
Seat 6: n2405n ($2.92 in chips) 
Seat 8: Dorex2007 ($3.27 in chips) 
Seat 9: 60centPoker ($3.55 in chips) 
Dorex2007: posts small blind $0.01
60centPoker: posts big blind $0.02
adept-ser: sits out 
*** HOLE CARDS ***
Dealt to Dorex2007 [6h Jd]
SlavikPuha: folds 
SmokedBadger: raises $0.04 to $0.06
Reann1234: calls $0.06
CabbieMark: folds 
n2405n: folds 
Dorex2007: folds 
60centPoker: folds 
*** FLOP *** [Jh 8d 2h]
SmokedBadger: bets $0.04
Reann1234: calls $0.04
*** TURN *** [Jh 8d 2h] [Qc]
SmokedBadger: checks 
Reann1234: bets $0.12
SmokedBadger: folds 
Uncalled bet ($0.12) returned to Reann1234
Reann1234 collected $0.22 from pot
*** SUMMARY ***
Total pot $0.23 | Rake $0.01 
Board [Jh 8d 2h Qc]
Seat 2: SlavikPuha folded before Flop (didn't bet)
Seat 3: SmokedBadger folded on the Turn
Seat 4: Reann1234 collected ($0.22)
Seat 5: CabbieMark folded before Flop (didn't bet)
Seat 6: n2405n (button) folded before Flop (didn't bet)
Seat 8: Dorex2007 (small blind) folded before Flop
Seat 9: 60centPoker (big blind) folded before Flop



PokerStars Hand #225382997434:  Hold'em No Limit ($0.01/$0.02 USD) - 2021/03/31 23:43:50 PT [2021/04/01 2:43:50 ET]
Table 'Philosophia VI' 9-max Seat #8 is the button
Seat 1: adept-ser ($1.56 in chips) 
Seat 2: SlavikPuha ($2 in chips) 
Seat 3: SmokedBadger ($1.01 in chips) 
Seat 4: Reann1234 ($1.13 in chips) 
Seat 5: CabbieMark ($3.84 in chips) 
Seat 6: n2405n ($2.92 in chips) 
Seat 8: Dorex2007 ($3.26 in chips) 
Seat 9: 60centPoker ($3.53 in chips) 
60centPoker: posts small blind $0.01
adept-ser: posts big blind $0.02
*** HOLE CARDS ***
Dealt to Dorex2007 [5h 4s]
SlavikPuha: folds 
SmokedBadger: folds 
Reann1234: folds 
CabbieMark: folds 
n2405n: raises $0.02 to $0.04
Dorex2007: folds 
60centPoker: folds 
adept-ser: calls $0.02
*** FLOP *** [4c As 8s]
adept-ser: checks 
n2405n: checks 
*** TURN *** [4c As 8s] [Tc]
adept-ser: bets $0.02
n2405n: calls $0.02
*** RIVER *** [4c As 8s Tc] [3c]
adept-ser: checks 
n2405n: bets $0.13
adept-ser: calls $0.13
*** SHOW DOWN ***
n2405n: shows [5d 9s] (high card Ace)
adept-ser: shows [7s Ah] (a pair of Aces)
adept-ser collected $0.38 from pot
*** SUMMARY ***
Total pot $0.39 | Rake $0.01 
Board [4c As 8s Tc 3c]
Seat 1: adept-ser (big blind) showed [7s Ah] and won ($0.38) with a pair of Aces
Seat 2: SlavikPuha folded before Flop (didn't bet)
Seat 3: SmokedBadger folded before Flop (didn't bet)
Seat 4: Reann1234 folded before Flop (didn't bet)
Seat 5: CabbieMark folded before Flop (didn't bet)
Seat 6: n2405n showed [5d 9s] and lost with high card Ace
Seat 8: Dorex2007 (button) folded before Flop (didn't bet)
Seat 9: 60centPoker (small blind) folded before Flop



PokerStars Hand #225383002352:  Hold'em No Limit ($0.01/$0.02 USD) - 2021/03/31 23:44:21 PT [2021/04/01 2:44:21 ET]
Table 'Philosophia VI' 9-max Seat #9 is the button
Seat 1: adept-ser ($1.75 in chips) 
Seat 2: SlavikPuha ($2 in chips) 
Seat 3: SmokedBadger ($1.01 in chips) 
Seat 4: Reann1234 ($1.13 in chips) 
Seat 5: CabbieMark ($3.84 in chips) 
Seat 6: n2405n ($2.73 in chips) 
Seat 8: Dorex2007 ($3.26 in chips) 
Seat 9: 60centPoker ($3.52 in chips) 
adept-ser: posts small blind $0.01
SlavikPuha: posts big blind $0.02
*** HOLE CARDS ***
Dealt to Dorex2007 [Js 7s]
SmokedBadger: folds 
Reann1234: folds 
CabbieMark: folds 
n2405n: raises $0.02 to $0.04
Dorex2007: folds 
60centPoker: raises $0.08 to $0.12
adept-ser: folds 
SlavikPuha: folds 
n2405n: calls $0.08
*** FLOP *** [8d 9c Ts]
n2405n: bets $0.02
60centPoker: calls $0.02
*** TURN *** [8d 9c Ts] [3d]
n2405n: bets $0.30
60centPoker: folds 
Uncalled bet ($0.30) returned to n2405n
n2405n collected $0.30 from pot
n2405n: doesn't show hand 
*** SUMMARY ***
Total pot $0.31 | Rake $0.01 
Board [8d 9c Ts 3d]
Seat 1: adept-ser (small blind) folded before Flop
Seat 2: SlavikPuha (big blind) folded before Flop
Seat 3: SmokedBadger folded before Flop (didn't bet)
Seat 4: Reann1234 folded before Flop (didn't bet)
Seat 5: CabbieMark folded before Flop (didn't bet)
Seat 6: n2405n collected ($0.30)
Seat 8: Dorex2007 folded before Flop (didn't bet)
Seat 9: 60centPoker (button) folded on the Turn



PokerStars Hand #225383007144:  Hold'em No Limit ($0.01/$0.02 USD) - 2021/03/31 23:44:50 PT [2021/04/01 2:44:50 ET]
Table 'Philosophia VI' 9-max Seat #1 is the button
Seat 1: adept-ser ($1.74 in chips) 
Seat 2: SlavikPuha ($2 in chips) 
Seat 3: SmokedBadger ($1.01 in chips) 
Seat 4: Reann1234 ($1.13 in chips) 
Seat 5: CabbieMark ($3.84 in chips) 
Seat 6: n2405n ($2.89 in chips) 
Seat 8: Dorex2007 ($3.26 in chips) 
Seat 9: 60centPoker ($3.38 in chips) 
SlavikPuha: posts small blind $0.01
SmokedBadger: posts big blind $0.02
*** HOLE CARDS ***
Dealt to Dorex2007 [2h 7h]
Reann1234: calls $0.02
CabbieMark: folds 
n2405n: raises $0.02 to $0.04
Dorex2007: folds 
60centPoker: folds 
adept-ser: calls $0.04
SlavikPuha: folds 
SmokedBadger: folds 
Reann1234: calls $0.02
*** FLOP *** [Qd 9h Jh]
Reann1234: checks 
n2405n: bets $0.02
adept-ser: folds 
Reann1234: calls $0.02
*** TURN *** [Qd 9h Jh] [Ts]
Reann1234: checks 
n2405n: bets $0.02
Reann1234: calls $0.02
*** RIVER *** [Qd 9h Jh Ts] [Jc]
Reann1234: checks 
n2405n: checks 
*** SHOW DOWN ***
Reann1234: shows [9c Qs] (two pair, Queens and Jacks)
n2405n: shows [8c 6s] (a straight, Eight to Queen)
n2405n collected $0.22 from pot
*** SUMMARY ***
Total pot $0.23 | Rake $0.01 
Board [Qd 9h Jh Ts Jc]
Seat 1: adept-ser (button) folded on the Flop
Seat 2: SlavikPuha (small blind) folded before Flop
Seat 3: SmokedBadger (big blind) folded before Flop
Seat 4: Reann1234 showed [9c Qs] and lost with two pair, Queens and Jacks
Seat 5: CabbieMark folded before Flop (didn't bet)
Seat 6: n2405n showed [8c 6s] and won ($0.22) with a straight, Eight to Queen
Seat 8: Dorex2007 folded before Flop (didn't bet)
Seat 9: 60centPoker folded before Flop (didn't bet)



PokerStars Hand #225383014650:  Hold'em No Limit ($0.01/$0.02 USD) - 2021/03/31 23:45:35 PT [2021/04/01 2:45:35 ET]
Table 'Philosophia VI' 9-max Seat #2 is the button
Seat 1: adept-ser ($1.70 in chips) 
Seat 2: SlavikPuha ($2 in chips) 
Seat 3: SmokedBadger ($0.99 in chips) 
Seat 4: Reann1234 ($1.05 in chips) 
Seat 5: CabbieMark ($3.84 in chips) 
Seat 6: n2405n ($3.03 in chips) 
Seat 8: Dorex2007 ($3.26 in chips) 
Seat 9: 60centPoker ($3.38 in chips) 
SmokedBadger: posts small blind $0.01
Reann1234: posts big blind $0.02
*** HOLE CARDS ***
Dealt to Dorex2007 [4s Qd]
CabbieMark: folds 
n2405n: folds 
Dorex2007: calls $0.02
60centPoker: folds 
adept-ser: folds 
SlavikPuha: raises $0.04 to $0.06
SmokedBadger: folds 
Reann1234: calls $0.04
Dorex2007: folds 
*** FLOP *** [4d Qh 5c]
Reann1234: checks 
SlavikPuha: checks 
*** TURN *** [4d Qh 5c] [9c]
Reann1234: checks 
SlavikPuha: bets $0.07
Reann1234: calls $0.07
*** RIVER *** [4d Qh 5c 9c] [Qs]
Reann1234: checks 
SlavikPuha: checks 
*** SHOW DOWN ***
Reann1234: shows [Tc 8s] (a pair of Queens)
SlavikPuha: shows [8c 9h] (two pair, Queens and Nines)
SlavikPuha collected $0.28 from pot
*** SUMMARY ***
Total pot $0.29 | Rake $0.01 
Board [4d Qh 5c 9c Qs]
Seat 1: adept-ser folded before Flop (didn't bet)
Seat 2: SlavikPuha (button) showed [8c 9h] and won ($0.28) with two pair, Queens and Nines
Seat 3: SmokedBadger (small blind) folded before Flop
Seat 4: Reann1234 (big blind) showed [Tc 8s] and lost with a pair of Queens
Seat 5: CabbieMark folded before Flop (didn't bet)
Seat 6: n2405n folded before Flop (didn't bet)
Seat 8: Dorex2007 folded before Flop
Seat 9: 60centPoker folded before Flop (didn't bet)



PokerStars Hand #225383023825:  Hold'em No Limit ($0.01/$0.02 USD) - 2021/03/31 23:46:31 PT [2021/04/01 2:46:31 ET]
Table 'Philosophia VI' 9-max Seat #3 is the button
Seat 1: adept-ser ($1.70 in chips) 
Seat 2: SlavikPuha ($2.15 in chips) 
Seat 3: SmokedBadger ($0.98 in chips) 
Seat 4: Reann1234 ($0.92 in chips) 
Seat 6: n2405n ($3.03 in chips) 
Seat 8: Dorex2007 ($3.24 in chips) 
Seat 9: 60centPoker ($3.38 in chips) 
Reann1234: posts small blind $0.01
CabbieMark: is sitting out 
n2405n: posts big blind $0.02
*** HOLE CARDS ***
Dealt to Dorex2007 [6s 9d]
Dorex2007: folds 
60centPoker: folds 
adept-ser: calls $0.02
SlavikPuha: folds 
SmokedBadger: folds 
Reann1234: folds 
n2405n: checks 
*** FLOP *** [8c 5d 3s]
n2405n: bets $0.02
adept-ser: calls $0.02
*** TURN *** [8c 5d 3s] [Qc]
n2405n: bets $0.02
adept-ser: calls $0.02
*** RIVER *** [8c 5d 3s Qc] [9h]
n2405n: bets $0.13
adept-ser: folds 
Uncalled bet ($0.13) returned to n2405n
n2405n collected $0.13 from pot
n2405n: doesn't show hand 
*** SUMMARY ***
Total pot $0.13 | Rake $0 
Board [8c 5d 3s Qc 9h]
Seat 1: adept-ser folded on the River
Seat 2: SlavikPuha folded before Flop (didn't bet)
Seat 3: SmokedBadger (button) folded before Flop (didn't bet)
Seat 4: Reann1234 (small blind) folded before Flop
Seat 6: n2405n (big blind) collected ($0.13)
Seat 8: Dorex2007 folded before Flop (didn't bet)
Seat 9: 60centPoker folded before Flop (didn't bet)



PokerStars Hand #225383028491:  Hold'em No Limit ($0.01/$0.02 USD) - 2021/03/31 23:46:58 PT [2021/04/01 2:46:58 ET]
Table 'Philosophia VI' 9-max Seat #4 is the button
Seat 1: adept-ser ($1.64 in chips) 
Seat 2: SlavikPuha ($2.15 in chips) 
Seat 3: SmokedBadger ($0.98 in chips) 
Seat 4: Reann1234 ($0.91 in chips) 
Seat 6: n2405n ($3.10 in chips) 
Seat 8: Dorex2007 ($3.24 in chips) 
Seat 9: 60centPoker ($3.38 in chips) 
n2405n: posts small blind $0.01
Dorex2007: posts big blind $0.02
*** HOLE CARDS ***
Dealt to Dorex2007 [2d Ac]
60centPoker: folds 
adept-ser: folds 
SlavikPuha: folds 
SmokedBadger: folds 
Reann1234: folds 
n2405n: raises $0.02 to $0.04
Dorex2007: folds 
Uncalled bet ($0.02) returned to n2405n
n2405n collected $0.04 from pot
n2405n: doesn't show hand 
*** SUMMARY ***
Total pot $0.04 | Rake $0 
Seat 1: adept-ser folded before Flop (didn't bet)
Seat 2: SlavikPuha folded before Flop (didn't bet)
Seat 3: SmokedBadger folded before Flop (didn't bet)
Seat 4: Reann1234 (button) folded before Flop (didn't bet)
Seat 6: n2405n (small blind) collected ($0.04)
Seat 8: Dorex2007 (big blind) folded before Flop
Seat 9: 60centPoker folded before Flop (didn't bet)



PokerStars Hand #225383031444:  Hold'em No Limit ($0.01/$0.02 USD) - 2021/03/31 23:47:15 PT [2021/04/01 2:47:15 ET]
Table 'Philosophia VI' 9-max Seat #6 is the button
Seat 1: adept-ser ($1.64 in chips) 
Seat 2: SlavikPuha ($2.15 in chips) 
Seat 3: SmokedBadger ($0.98 in chips) 
Seat 4: Reann1234 ($0.91 in chips) 
Seat 6: n2405n ($3.12 in chips) 
Seat 8: Dorex2007 ($3.22 in chips) 
Seat 9: 60centPoker ($3.38 in chips) 
Dorex2007: posts small blind $0.01
60centPoker: posts big blind $0.02
*** HOLE CARDS ***
Dealt to Dorex2007 [Jc 8c]
adept-ser: folds 
SlavikPuha: folds 
SmokedBadger: folds 
Reann1234: calls $0.02
n2405n: raises $0.02 to $0.04
Dorex2007: folds 
60centPoker: folds 
Reann1234: raises $0.11 to $0.15
n2405n: folds 
Uncalled bet ($0.11) returned to Reann1234
Reann1234 collected $0.11 from pot
*** SUMMARY ***
Total pot $0.11 | Rake $0 
Seat 1: adept-ser folded before Flop (didn't bet)
Seat 2: SlavikPuha folded before Flop (didn't bet)
Seat 3: SmokedBadger folded before Flop (didn't bet)
Seat 4: Reann1234 collected ($0.11)
Seat 6: n2405n (button) folded before Flop
Seat 8: Dorex2007 (small blind) folded before Flop
Seat 9: 60centPoker (big blind) folded before Flop



PokerStars Hand #225383035118:  Hold'em No Limit ($0.01/$0.02 USD) - 2021/03/31 23:47:37 PT [2021/04/01 2:47:37 ET]
Table 'Philosophia VI' 9-max Seat #8 is the button
Seat 1: adept-ser ($1.64 in chips) 
Seat 2: SlavikPuha ($2.15 in chips) 
Seat 3: SmokedBadger ($0.98 in chips) 
Seat 4: Reann1234 ($0.98 in chips) 
Seat 6: n2405n ($3.08 in chips) 
Seat 8: Dorex2007 ($3.21 in chips) 
Seat 9: 60centPoker ($3.36 in chips) 
60centPoker: posts small blind $0.01
adept-ser: posts big blind $0.02
*** HOLE CARDS ***
Dealt to Dorex2007 [9h Qd]
SlavikPuha: folds 
SmokedBadger: folds 
Reann1234: folds 
n2405n: raises $0.02 to $0.04
Dorex2007: folds 
60centPoker: folds 
adept-ser: calls $0.02
*** FLOP *** [5s 3c Kd]
adept-ser: checks 
n2405n: bets $0.02
adept-ser: calls $0.02
*** TURN *** [5s 3c Kd] [7c]
adept-ser: checks 
n2405n: bets $0.02
adept-ser: calls $0.02
*** RIVER *** [5s 3c Kd 7c] [Qs]
adept-ser: checks 
n2405n: checks 
*** SHOW DOWN ***
adept-ser: shows [Tc As] (high card Ace)
n2405n: shows [7d Ah] (a pair of Sevens)
n2405n collected $0.16 from pot
Reann1234 leaves the table
*** SUMMARY ***
Total pot $0.17 | Rake $0.01 
Board [5s 3c Kd 7c Qs]
Seat 1: adept-ser (big blind) showed [Tc As] and lost with high card Ace
Seat 2: SlavikPuha folded before Flop (didn't bet)
Seat 3: SmokedBadger folded before Flop (didn't bet)
Seat 4: Reann1234 folded before Flop (didn't bet)
Seat 6: n2405n showed [7d Ah] and won ($0.16) with a pair of Sevens
Seat 8: Dorex2007 (button) folded before Flop (didn't bet)
Seat 9: 60centPoker (small blind) folded before Flop



PokerStars Hand #225383040476:  Hold'em No Limit ($0.01/$0.02 USD) - 2021/03/31 23:48:08 PT [2021/04/01 2:48:08 ET]
Table 'Philosophia VI' 9-max Seat #9 is the button
Seat 1: adept-ser ($1.56 in chips) 
Seat 2: SlavikPuha ($2.15 in chips) 
Seat 3: SmokedBadger ($0.98 in chips) 
Seat 6: n2405n ($3.16 in chips) 
Seat 8: Dorex2007 ($3.21 in chips) 
Seat 9: 60centPoker ($3.35 in chips) 
adept-ser: posts small blind $0.01
SlavikPuha: posts big blind $0.02
*** HOLE CARDS ***
Dealt to Dorex2007 [8h Kc]
Lashientax joins the table at seat #4 
SmokedBadger: folds 
n2405n: folds 
Dorex2007: folds 
60centPoker has timed out
60centPoker: folds 
adept-ser: calls $0.01
SlavikPuha: checks 
*** FLOP *** [3h 5d 8s]
adept-ser: checks 
SlavikPuha: checks 
*** TURN *** [3h 5d 8s] [Ts]
adept-ser: checks 
SlavikPuha: checks 
*** RIVER *** [3h 5d 8s Ts] [5h]
adept-ser: checks 
SlavikPuha: checks 
*** SHOW DOWN ***
adept-ser: shows [Ac 2d] (a pair of Fives)
SlavikPuha: mucks hand 
adept-ser collected $0.04 from pot
*** SUMMARY ***
Total pot $0.04 | Rake $0 
Board [3h 5d 8s Ts 5h]
Seat 1: adept-ser (small blind) showed [Ac 2d] and won ($0.04) with a pair of Fives
Seat 2: SlavikPuha (big blind) mucked [Qh 2s]
Seat 3: SmokedBadger folded before Flop (didn't bet)
Seat 6: n2405n folded before Flop (didn't bet)
Seat 8: Dorex2007 folded before Flop (didn't bet)
Seat 9: 60centPoker (button) folded before Flop (didn't bet)



PokerStars Hand #225383045930:  Hold'em No Limit ($0.01/$0.02 USD) - 2021/03/31 23:48:41 PT [2021/04/01 2:48:41 ET]
Table 'Philosophia VI' 9-max Seat #1 is the button
Seat 1: adept-ser ($1.58 in chips) 
Seat 2: SlavikPuha ($2.13 in chips) 
Seat 3: SmokedBadger ($0.98 in chips) 
Seat 6: n2405n ($3.16 in chips) 
Seat 8: Dorex2007 ($3.21 in chips) 
Seat 9: 60centPoker ($3.35 in chips) 
SlavikPuha: posts small blind $0.01
SmokedBadger: posts big blind $0.02
Lashientax: sits out 
modernexpo: sits out 
*** HOLE CARDS ***
Dealt to Dorex2007 [Jd 5s]
n2405n: raises $0.02 to $0.04
Dorex2007: folds 
CabbieMark leaves the table
60centPoker: folds 
adept-ser: folds 
SlavikPuha: calls $0.03
SmokedBadger: calls $0.02
*** FLOP *** [Kh 4s 8s]
SlavikPuha: checks 
SmokedBadger: checks 
n2405n: bets $0.02
SlavikPuha: calls $0.02
SmokedBadger: calls $0.02
*** TURN *** [Kh 4s 8s] [Ts]
SlavikPuha: checks 
SmokedBadger: checks 
n2405n: checks 
*** RIVER *** [Kh 4s 8s Ts] [Tc]
SlavikPuha: checks 
SmokedBadger: bets $0.09
n2405n: folds 
SlavikPuha: calls $0.09
*** SHOW DOWN ***
SmokedBadger: shows [Ad Qd] (a pair of Tens)
SlavikPuha: shows [8h 9h] (two pair, Tens and Eights)
SlavikPuha collected $0.35 from pot
*** SUMMARY ***
Total pot $0.36 | Rake $0.01 
Board [Kh 4s 8s Ts Tc]
Seat 1: adept-ser (button) folded before Flop (didn't bet)
Seat 2: SlavikPuha (small blind) showed [8h 9h] and won ($0.35) with two pair, Tens and Eights
Seat 3: SmokedBadger (big blind) showed [Ad Qd] and lost with a pair of Tens
Seat 6: n2405n folded on the River
Seat 8: Dorex2007 folded before Flop (didn't bet)
Seat 9: 60centPoker folded before Flop (didn't bet)



PokerStars Hand #225383053535:  Hold'em No Limit ($0.01/$0.02 USD) - 2021/03/31 23:49:26 PT [2021/04/01 2:49:26 ET]
Table 'Philosophia VI' 9-max Seat #2 is the button
Seat 1: adept-ser ($1.58 in chips) 
Seat 2: SlavikPuha ($2.33 in chips) 
Seat 3: SmokedBadger ($0.83 in chips) 
Seat 4: Lashientax ($2 in chips) 
Seat 6: n2405n ($3.10 in chips) 
Seat 8: Dorex2007 ($3.21 in chips) 
Seat 9: 60centPoker ($3.35 in chips) 
SmokedBadger: posts small blind $0.01
Lashientax: posts big blind $0.02
modernexpo: sits out 
*** HOLE CARDS ***
Dealt to Dorex2007 [5s Th]
n2405n: raises $0.36 to $0.38
Dorex2007: folds 
60centPoker: folds 
adept-ser: folds 
SlavikPuha: folds 
SmokedBadger: folds 
Lashientax: folds 
Uncalled bet ($0.36) returned to n2405n
n2405n collected $0.05 from pot
n2405n: doesn't show hand 
*** SUMMARY ***
Total pot $0.05 | Rake $0 
Seat 1: adept-ser folded before Flop (didn't bet)
Seat 2: SlavikPuha (button) folded before Flop (didn't bet)
Seat 3: SmokedBadger (small blind) folded before Flop
Seat 4: Lashientax (big blind) folded before Flop
Seat 6: n2405n collected ($0.05)
Seat 8: Dorex2007 folded before Flop (didn't bet)
Seat 9: 60centPoker folded before Flop (didn't bet)



PokerStars Hand #225383057869:  Hold'em No Limit ($0.01/$0.02 USD) - 2021/03/31 23:49:52 PT [2021/04/01 2:49:52 ET]
Table 'Philosophia VI' 9-max Seat #3 is the button
Seat 1: adept-ser ($1.58 in chips) 
Seat 2: SlavikPuha ($2.33 in chips) 
Seat 3: SmokedBadger ($0.82 in chips) 
Seat 4: Lashientax ($2 in chips) 
Seat 7: modernexpo ($2.64 in chips) 
Seat 8: Dorex2007 ($3.21 in chips) 
Seat 9: 60centPoker ($3.35 in chips) 
Lashientax: posts small blind $0.01
n2405n: is sitting out 
modernexpo: posts big blind $0.02
*** HOLE CARDS ***
Dealt to Dorex2007 [5c Ts]
Dorex2007: folds 
60centPoker: folds 
adept-ser: calls $0.02
SlavikPuha: folds 
SmokedBadger: calls $0.02
Lashientax: folds 
modernexpo: checks 
*** FLOP *** [Tc 4d As]
modernexpo: bets $0.06
adept-ser: folds 
SmokedBadger: folds 
Uncalled bet ($0.06) returned to modernexpo
modernexpo collected $0.07 from pot
modernexpo: doesn't show hand 
*** SUMMARY ***
Total pot $0.07 | Rake $0 
Board [Tc 4d As]
Seat 1: adept-ser folded on the Flop
Seat 2: SlavikPuha folded before Flop (didn't bet)
Seat 3: SmokedBadger (button) folded on the Flop
Seat 4: Lashientax (small blind) folded before Flop
Seat 7: modernexpo (big blind) collected ($0.07)
Seat 8: Dorex2007 folded before Flop (didn't bet)
Seat 9: 60centPoker folded before Flop (didn't bet)



PokerStars Hand #225383061953:  Hold'em No Limit ($0.01/$0.02 USD) - 2021/03/31 23:50:17 PT [2021/04/01 2:50:17 ET]
Table 'Philosophia VI' 9-max Seat #4 is the button
Seat 1: adept-ser ($1.56 in chips) 
Seat 2: SlavikPuha ($2.33 in chips) 
Seat 3: SmokedBadger ($0.80 in chips) 
Seat 4: Lashientax ($2 in chips) 
Seat 7: modernexpo ($2.69 in chips) 
Seat 8: Dorex2007 ($3.21 in chips) 
Seat 9: 60centPoker ($3.35 in chips) 
modernexpo: posts small blind $0.01
Dorex2007: posts big blind $0.02
*** HOLE CARDS ***
Dealt to Dorex2007 [Jc Ts]
60centPoker: folds 
adept-ser: folds 
SlavikPuha: folds 
SmokedBadger: folds 
Lashientax: folds 
modernexpo: raises $0.03 to $0.05
Dorex2007: folds 
Uncalled bet ($0.03) returned to modernexpo
modernexpo collected $0.04 from pot
modernexpo: doesn't show hand 
*** SUMMARY ***
Total pot $0.04 | Rake $0 
Seat 1: adept-ser folded before Flop (didn't bet)
Seat 2: SlavikPuha folded before Flop (didn't bet)
Seat 3: SmokedBadger folded before Flop (didn't bet)
Seat 4: Lashientax (button) folded before Flop (didn't bet)
Seat 7: modernexpo (small blind) collected ($0.04)
Seat 8: Dorex2007 (big blind) folded before Flop
Seat 9: 60centPoker folded before Flop (didn't bet)



PokerStars Hand #225383064927:  Hold'em No Limit ($0.01/$0.02 USD) - 2021/03/31 23:50:34 PT [2021/04/01 2:50:34 ET]
Table 'Philosophia VI' 9-max Seat #7 is the button
Seat 1: adept-ser ($1.56 in chips) 
Seat 2: SlavikPuha ($2.33 in chips) 
Seat 3: SmokedBadger ($0.80 in chips) 
Seat 4: Lashientax ($2 in chips) 
Seat 7: modernexpo ($2.71 in chips) 
Seat 8: Dorex2007 ($3.19 in chips) 
Seat 9: 60centPoker ($3.35 in chips) 
Dorex2007: posts small blind $0.01
60centPoker: posts big blind $0.02
*** HOLE CARDS ***
Dealt to Dorex2007 [5d Ts]
adept-ser: calls $0.02
chuklevhr joins the table at seat #5 
SlavikPuha has timed out
SlavikPuha: folds 
SmokedBadger: folds 
Lashientax: folds 
modernexpo: calls $0.02
Dorex2007: folds 
60centPoker: checks 
*** FLOP *** [9s 3s Th]
60centPoker: checks 
adept-ser: bets $0.02
modernexpo: calls $0.02
60centPoker: folds 
*** TURN *** [9s 3s Th] [3h]
adept-ser: bets $0.02
modernexpo: calls $0.02
*** RIVER *** [9s 3s Th 3h] [9c]
adept-ser: bets $0.02
modernexpo: raises $0.05 to $0.07
adept-ser: folds 
Uncalled bet ($0.05) returned to modernexpo
modernexpo collected $0.18 from pot
modernexpo: doesn't show hand 
*** SUMMARY ***
Total pot $0.19 | Rake $0.01 
Board [9s 3s Th 3h 9c]
Seat 1: adept-ser folded on the River
Seat 2: SlavikPuha folded before Flop (didn't bet)
Seat 3: SmokedBadger folded before Flop (didn't bet)
Seat 4: Lashientax folded before Flop (didn't bet)
Seat 7: modernexpo (button) collected ($0.18)
Seat 8: Dorex2007 (small blind) folded before Flop
Seat 9: 60centPoker (big blind) folded on the Flop



PokerStars Hand #225383077505:  Hold'em No Limit ($0.01/$0.02 USD) - 2021/03/31 23:51:49 PT [2021/04/01 2:51:49 ET]
Table 'Philosophia VI' 9-max Seat #8 is the button
Seat 2: SlavikPuha ($2.33 in chips) 
Seat 3: SmokedBadger ($0.80 in chips) 
Seat 4: Lashientax ($2 in chips) 
Seat 5: chuklevhr ($1.60 in chips) 
Seat 7: modernexpo ($2.81 in chips) 
Seat 8: Dorex2007 ($3.18 in chips) 
Seat 9: 60centPoker ($3.33 in chips) 
60centPoker: posts small blind $0.01
SlavikPuha: posts big blind $0.02
chuklevhr: posts big blind $0.02
*** HOLE CARDS ***
Dealt to Dorex2007 [8h 6c]
SmokedBadger: folds 
Lashientax: folds 
chuklevhr: checks 
modernexpo: folds 
Dorex2007: folds 
60centPoker: folds 
SlavikPuha: raises $0.05 to $0.07
chuklevhr: folds 
Uncalled bet ($0.05) returned to SlavikPuha
SlavikPuha collected $0.05 from pot
SlavikPuha: doesn't show hand 
*** SUMMARY ***
Total pot $0.05 | Rake $0 
Seat 2: SlavikPuha (big blind) collected ($0.05)
Seat 3: SmokedBadger folded before Flop (didn't bet)
Seat 4: Lashientax folded before Flop (didn't bet)
Seat 5: chuklevhr folded before Flop (didn't bet)
Seat 7: modernexpo folded before Flop (didn't bet)
Seat 8: Dorex2007 (button) folded before Flop (didn't bet)
Seat 9: 60centPoker (small blind) folded before Flop



PokerStars Hand #225383081474:  Hold'em No Limit ($0.01/$0.02 USD) - 2021/03/31 23:52:12 PT [2021/04/01 2:52:12 ET]
Table 'Philosophia VI' 9-max Seat #9 is the button
Seat 2: SlavikPuha ($2.36 in chips) 
Seat 3: SmokedBadger ($0.80 in chips) 
Seat 4: Lashientax ($2 in chips) 
Seat 5: chuklevhr ($1.58 in chips) 
Seat 7: modernexpo ($2.81 in chips) 
Seat 8: Dorex2007 ($3.18 in chips) 
Seat 9: 60centPoker ($3.32 in chips) 
SlavikPuha: posts small blind $0.01
SmokedBadger: posts big blind $0.02
*** HOLE CARDS ***
Dealt to Dorex2007 [8d 4d]
Lashientax: folds 
chuklevhr: folds 
modernexpo: folds 
Dorex2007: folds 
60centPoker: raises $0.04 to $0.06
SlavikPuha: folds 
SmokedBadger: calls $0.04
*** FLOP *** [Jc 7d As]
SmokedBadger: bets $0.07
60centPoker: folds 
Uncalled bet ($0.07) returned to SmokedBadger
SmokedBadger collected $0.13 from pot
SmokedBadger: doesn't show hand 
*** SUMMARY ***
Total pot $0.13 | Rake $0 
Board [Jc 7d As]
Seat 2: SlavikPuha (small blind) folded before Flop
Seat 3: SmokedBadger (big blind) collected ($0.13)
Seat 4: Lashientax folded before Flop (didn't bet)
Seat 5: chuklevhr folded before Flop (didn't bet)
Seat 7: modernexpo folded before Flop (didn't bet)
Seat 8: Dorex2007 folded before Flop (didn't bet)
Seat 9: 60centPoker (button) folded on the Flop



PokerStars Hand #225383086790:  Hold'em No Limit ($0.01/$0.02 USD) - 2021/03/31 23:52:45 PT [2021/04/01 2:52:45 ET]
Table 'Philosophia VI' 9-max Seat #2 is the button
Seat 2: SlavikPuha ($2.35 in chips) 
Seat 3: SmokedBadger ($0.87 in chips) 
Seat 4: Lashientax ($2 in chips) 
Seat 5: chuklevhr ($1.58 in chips) 
Seat 7: modernexpo ($2.81 in chips) 
Seat 8: Dorex2007 ($3.18 in chips) 
Seat 9: 60centPoker ($3.26 in chips) 
SmokedBadger: posts small blind $0.01
Lashientax: posts big blind $0.02
*** HOLE CARDS ***
Dealt to Dorex2007 [4h 4d]
chuklevhr: calls $0.02
modernexpo: folds 
Dorex2007: calls $0.02
60centPoker: folds 
SlavikPuha: calls $0.02
SmokedBadger: folds 
Lashientax: checks 
*** FLOP *** [Ad Jd Kh]
Lashientax: checks 
chuklevhr: checks 
Dorex2007: bets $0.05
SlavikPuha: folds 
Lashientax: folds 
chuklevhr: folds 
Uncalled bet ($0.05) returned to Dorex2007
Dorex2007 collected $0.09 from pot
Dorex2007: doesn't show hand 
*** SUMMARY ***
Total pot $0.09 | Rake $0 
Board [Ad Jd Kh]
Seat 2: SlavikPuha (button) folded on the Flop
Seat 3: SmokedBadger (small blind) folded before Flop
Seat 4: Lashientax (big blind) folded on the Flop
Seat 5: chuklevhr folded on the Flop
Seat 7: modernexpo folded before Flop (didn't bet)
Seat 8: Dorex2007 collected ($0.09)
Seat 9: 60centPoker folded before Flop (didn't bet)



PokerStars Hand #225383090852:  Hold'em No Limit ($0.01/$0.02 USD) - 2021/03/31 23:53:09 PT [2021/04/01 2:53:09 ET]
Table 'Philosophia VI' 9-max Seat #3 is the button
Seat 2: SlavikPuha ($2.33 in chips) 
Seat 3: SmokedBadger ($0.86 in chips) 
Seat 4: Lashientax ($2 in chips) 
Seat 5: chuklevhr ($1.56 in chips) 
Seat 7: modernexpo ($2.81 in chips) 
Seat 8: Dorex2007 ($3.25 in chips) 
Seat 9: 60centPoker ($3.26 in chips) 
Lashientax: posts small blind $0.01
chuklevhr: posts big blind $0.02
*** HOLE CARDS ***
Dealt to Dorex2007 [Jc Kh]
modernexpo: folds 
Dorex2007: raises $0.04 to $0.06
60centPoker: folds 
SlavikPuha: folds 
SmokedBadger: folds 
Lashientax: folds 
chuklevhr: folds 
Uncalled bet ($0.04) returned to Dorex2007
Dorex2007 collected $0.05 from pot
Dorex2007: doesn't show hand 
*** SUMMARY ***
Total pot $0.05 | Rake $0 
Seat 2: SlavikPuha folded before Flop (didn't bet)
Seat 3: SmokedBadger (button) folded before Flop (didn't bet)
Seat 4: Lashientax (small blind) folded before Flop
Seat 5: chuklevhr (big blind) folded before Flop
Seat 7: modernexpo folded before Flop (didn't bet)
Seat 8: Dorex2007 collected ($0.05)
Seat 9: 60centPoker folded before Flop (didn't bet)



