PokerStars Hand #231198723105:  Hold'em No Limit ($0.01/$0.02 USD) - 2021/11/06 16:39:57 PT [2021/11/06 19:39:57 ET]
Table 'Bathseba II' 9-max Seat #1 is the button
Seat 1: Radiergummi0 ($1.51 in chips) 
Seat 2: p34cey85 ($3.42 in chips) 
Seat 3: MsBennet95 ($3.22 in chips) 
Seat 4: the_brave83 ($2.98 in chips) 
Seat 5: sportsmen84 ($2.56 in chips) 
Seat 6: sawik777 ($1.20 in chips) 
Seat 7: CamguyPEI ($1.04 in chips) 
Seat 8: pokereule754 ($2 in chips) 
Seat 9: Dorex2007 ($2 in chips) 
p34cey85: posts small blind $0.01
MsBennet95: posts big blind $0.02
Dorex2007: posts big blind $0.02
*** HOLE CARDS ***
Dealt to Dorex2007 [Jh 2h]
the_brave83: folds 
sportsmen84: calls $0.02
sawik777: calls $0.02
CamguyPEI: folds 
pokereule754: folds 
Dorex2007: checks 
Radiergummi0: folds 
p34cey85: calls $0.01
MsBennet95: checks 
*** FLOP *** [5d Qc 3s]
p34cey85: checks 
MsBennet95: checks 
sportsmen84: checks 
sawik777: bets $0.06
Dorex2007: folds 
p34cey85: folds 
MsBennet95: folds 
sportsmen84: folds 
Uncalled bet ($0.06) returned to sawik777
sawik777 collected $0.10 from pot
sawik777: doesn't show hand 
*** SUMMARY ***
Total pot $0.10 | Rake $0 
Board [5d Qc 3s]
Seat 1: Radiergummi0 (button) folded before Flop (didn't bet)
Seat 2: p34cey85 (small blind) folded on the Flop
Seat 3: MsBennet95 (big blind) folded on the Flop
Seat 4: the_brave83 folded before Flop (didn't bet)
Seat 5: sportsmen84 folded on the Flop
Seat 6: sawik777 collected ($0.10)
Seat 7: CamguyPEI folded before Flop (didn't bet)
Seat 8: pokereule754 folded before Flop (didn't bet)
Seat 9: Dorex2007 folded on the Flop (didn't bet)



PokerStars Hand #231198740928:  Hold'em No Limit ($0.01/$0.02 USD) - 2021/11/06 16:40:46 PT [2021/11/06 19:40:46 ET]
Table 'Bathseba II' 9-max Seat #2 is the button
Seat 1: Radiergummi0 ($1.51 in chips) 
Seat 2: p34cey85 ($3.40 in chips) 
Seat 3: MsBennet95 ($3.20 in chips) 
Seat 4: the_brave83 ($2.98 in chips) 
Seat 5: sportsmen84 ($2.54 in chips) 
Seat 6: sawik777 ($1.28 in chips) 
Seat 7: CamguyPEI ($1.04 in chips) 
Seat 8: pokereule754 ($2 in chips) 
Seat 9: Dorex2007 ($2 in chips) 
MsBennet95: posts small blind $0.01
the_brave83: posts big blind $0.02
*** HOLE CARDS ***
Dealt to Dorex2007 [Kd Jh]
sportsmen84: folds 
sawik777: folds 
CamguyPEI: folds 
pokereule754: calls $0.02
Dorex2007: calls $0.02
Radiergummi0: calls $0.02
p34cey85: calls $0.02
MsBennet95: folds 
the_brave83: checks 
*** FLOP *** [8c Ac Jc]
the_brave83: checks 
pokereule754: checks 
Dorex2007: checks 
Radiergummi0: bets $0.04
p34cey85: calls $0.04
the_brave83: calls $0.04
pokereule754: calls $0.04
Dorex2007: folds 
*** TURN *** [8c Ac Jc] [5c]
the_brave83: checks 
pokereule754: checks 
Radiergummi0: checks 
p34cey85: checks 
*** RIVER *** [8c Ac Jc 5c] [Qd]
the_brave83: checks 
pokereule754: bets $0.14
Radiergummi0: calls $0.14
p34cey85: folds 
the_brave83: folds 
*** SHOW DOWN ***
pokereule754: shows [Ad Qc] (a flush, Ace high)
Radiergummi0: mucks hand 
pokereule754 collected $0.53 from pot
*** SUMMARY ***
Total pot $0.55 | Rake $0.02 
Board [8c Ac Jc 5c Qd]
Seat 1: Radiergummi0 mucked [Tc 8h]
Seat 2: p34cey85 (button) folded on the River
Seat 3: MsBennet95 (small blind) folded before Flop
Seat 4: the_brave83 (big blind) folded on the River
Seat 5: sportsmen84 folded before Flop (didn't bet)
Seat 6: sawik777 folded before Flop (didn't bet)
Seat 7: CamguyPEI folded before Flop (didn't bet)
Seat 8: pokereule754 showed [Ad Qc] and won ($0.53) with a flush, Ace high
Seat 9: Dorex2007 folded on the Flop



PokerStars Hand #231198777921:  Hold'em No Limit ($0.01/$0.02 USD) - 2021/11/06 16:42:29 PT [2021/11/06 19:42:29 ET]
Table 'Bathseba II' 9-max Seat #3 is the button
Seat 1: Radiergummi0 ($1.36 in chips) 
Seat 2: p34cey85 ($3.34 in chips) 
Seat 3: MsBennet95 ($3.19 in chips) 
Seat 4: the_brave83 ($2.92 in chips) 
Seat 5: sportsmen84 ($2.54 in chips) 
Seat 6: sawik777 ($1.28 in chips) 
Seat 7: CamguyPEI ($1.04 in chips) 
Seat 8: pokereule754 ($2.33 in chips) 
Seat 9: Dorex2007 ($2 in chips) 
the_brave83: posts small blind $0.01
sportsmen84: posts big blind $0.02
*** HOLE CARDS ***
Dealt to Dorex2007 [2h 3h]
sawik777: raises $0.02 to $0.04
CamguyPEI: calls $0.04
pokereule754: folds 
Dorex2007: folds 
Radiergummi0: calls $0.04
p34cey85: folds 
MsBennet95: calls $0.04
the_brave83: folds 
sportsmen84: calls $0.02
*** FLOP *** [6s 9h Ts]
sportsmen84: checks 
sawik777: bets $0.16
CamguyPEI: folds 
Radiergummi0: folds 
MsBennet95: folds 
sportsmen84: folds 
Uncalled bet ($0.16) returned to sawik777
sawik777 collected $0.20 from pot
sawik777: doesn't show hand 
*** SUMMARY ***
Total pot $0.21 | Rake $0.01 
Board [6s 9h Ts]
Seat 1: Radiergummi0 folded on the Flop
Seat 2: p34cey85 folded before Flop (didn't bet)
Seat 3: MsBennet95 (button) folded on the Flop
Seat 4: the_brave83 (small blind) folded before Flop
Seat 5: sportsmen84 (big blind) folded on the Flop
Seat 6: sawik777 collected ($0.20)
Seat 7: CamguyPEI folded on the Flop
Seat 8: pokereule754 folded before Flop (didn't bet)
Seat 9: Dorex2007 folded before Flop (didn't bet)



PokerStars Hand #231198797104:  Hold'em No Limit ($0.01/$0.02 USD) - 2021/11/06 16:43:21 PT [2021/11/06 19:43:21 ET]
Table 'Bathseba II' 9-max Seat #4 is the button
Seat 1: Radiergummi0 ($1.36 in chips) 
Seat 2: p34cey85 ($3.34 in chips) 
Seat 3: MsBennet95 ($3.15 in chips) 
Seat 4: the_brave83 ($2.91 in chips) 
Seat 5: sportsmen84 ($2.50 in chips) 
Seat 6: sawik777 ($1.44 in chips) 
Seat 7: CamguyPEI ($1 in chips) 
Seat 8: pokereule754 ($2.33 in chips) 
Seat 9: Dorex2007 ($2 in chips) 
sportsmen84: posts small blind $0.01
sawik777: posts big blind $0.02
*** HOLE CARDS ***
Dealt to Dorex2007 [6c 3s]
CamguyPEI: raises $0.02 to $0.04
pokereule754: calls $0.04
Dorex2007: folds 
Radiergummi0: folds 
p34cey85: folds 
MsBennet95: calls $0.04
the_brave83: folds 
sportsmen84: folds 
sawik777: calls $0.02
*** FLOP *** [7h 8c 2s]
sawik777: checks 
CamguyPEI: checks 
pokereule754: checks 
MsBennet95: checks 
*** TURN *** [7h 8c 2s] [Qh]
sawik777: bets $0.13
CamguyPEI: folds 
pokereule754: folds 
MsBennet95: calls $0.13
*** RIVER *** [7h 8c 2s Qh] [2h]
sportsmen84 is disconnected 
sawik777: bets $0.25
MsBennet95: folds 
Uncalled bet ($0.25) returned to sawik777
sawik777 collected $0.41 from pot
sawik777: doesn't show hand 
*** SUMMARY ***
Total pot $0.43 | Rake $0.02 
Board [7h 8c 2s Qh 2h]
Seat 1: Radiergummi0 folded before Flop (didn't bet)
Seat 2: p34cey85 folded before Flop (didn't bet)
Seat 3: MsBennet95 folded on the River
Seat 4: the_brave83 (button) folded before Flop (didn't bet)
Seat 5: sportsmen84 (small blind) folded before Flop
Seat 6: sawik777 (big blind) collected ($0.41)
Seat 7: CamguyPEI folded on the Turn
Seat 8: pokereule754 folded on the Turn
Seat 9: Dorex2007 folded before Flop (didn't bet)



PokerStars Hand #231199003185:  Hold'em No Limit ($0.01/$0.02 USD) - 2021/11/06 16:52:21 PT [2021/11/06 19:52:21 ET]
Table 'Bathseba II' 9-max Seat #1 is the button
Seat 1: Radiergummi0 ($1.40 in chips) 
Seat 2: p34cey85 ($3.54 in chips) 
Seat 3: floriano1946 ($2 in chips) 
Seat 4: the_brave83 ($2.82 in chips) 
Seat 6: sawik777 ($1.67 in chips) 
Seat 7: CamguyPEI ($0.80 in chips) 
Seat 8: Xsem ($1.97 in chips) 
Seat 9: Dorex2007 ($2 in chips) 
p34cey85: posts small blind $0.01
floriano1946: posts big blind $0.02
sportsmen84: sits out 
Dorex2007: posts small & big blinds $0.03
*** HOLE CARDS ***
Dealt to Dorex2007 [6d 9h]
the_brave83: raises $0.04 to $0.06
sawik777: folds 
CamguyPEI: folds 
Xsem: folds 
Dorex2007: folds 
Radiergummi0: folds 
p34cey85: calls $0.05
floriano1946: folds 
*** FLOP *** [2d Js 3s]
p34cey85: checks 
the_brave83: bets $0.08
p34cey85: calls $0.08
*** TURN *** [2d Js 3s] [8s]
sportsmen84 leaves the table
p34cey85: checks 
the_brave83: bets $0.16
p34cey85: calls $0.16
*** RIVER *** [2d Js 3s 8s] [Jh]
p34cey85: bets $0.06
the_brave83: raises $0.38 to $0.44
p34cey85: calls $0.38
*** SHOW DOWN ***
the_brave83: shows [Qd Jd] (three of a kind, Jacks)
p34cey85: shows [Jc Kd] (three of a kind, Jacks - King kicker)
p34cey85 collected $1.48 from pot
*** SUMMARY ***
Total pot $1.53 | Rake $0.05 
Board [2d Js 3s 8s Jh]
Seat 1: Radiergummi0 (button) folded before Flop (didn't bet)
Seat 2: p34cey85 (small blind) showed [Jc Kd] and won ($1.48) with three of a kind, Jacks
Seat 3: floriano1946 (big blind) folded before Flop
Seat 4: the_brave83 showed [Qd Jd] and lost with three of a kind, Jacks
Seat 6: sawik777 folded before Flop (didn't bet)
Seat 7: CamguyPEI folded before Flop (didn't bet)
Seat 8: Xsem folded before Flop (didn't bet)
Seat 9: Dorex2007 folded before Flop (didn't bet)



PokerStars Hand #231199026478:  Hold'em No Limit ($0.01/$0.02 USD) - 2021/11/06 16:53:28 PT [2021/11/06 19:53:28 ET]
Table 'Bathseba II' 9-max Seat #2 is the button
Seat 1: Radiergummi0 ($1.40 in chips) 
Seat 2: p34cey85 ($4.28 in chips) 
Seat 3: floriano1946 ($1.98 in chips) 
Seat 4: the_brave83 ($2.08 in chips) 
Seat 6: sawik777 ($1.67 in chips) 
Seat 7: CamguyPEI ($0.80 in chips) 
Seat 8: Xsem ($1.97 in chips) 
Seat 9: Dorex2007 ($2 in chips) 
floriano1946: posts small blind $0.01
the_brave83: posts big blind $0.02
*** HOLE CARDS ***
Dealt to Dorex2007 [6c Kh]
sawik777: folds 
CamguyPEI: folds 
Xsem: folds 
Dorex2007: folds 
Radiergummi0: raises $0.04 to $0.06
p34cey85: folds 
floriano1946: folds 
the_brave83: folds 
Uncalled bet ($0.04) returned to Radiergummi0
Radiergummi0 collected $0.05 from pot
Radiergummi0: doesn't show hand 
*** SUMMARY ***
Total pot $0.05 | Rake $0 
Seat 1: Radiergummi0 collected ($0.05)
Seat 2: p34cey85 (button) folded before Flop (didn't bet)
Seat 3: floriano1946 (small blind) folded before Flop
Seat 4: the_brave83 (big blind) folded before Flop
Seat 6: sawik777 folded before Flop (didn't bet)
Seat 7: CamguyPEI folded before Flop (didn't bet)
Seat 8: Xsem folded before Flop (didn't bet)
Seat 9: Dorex2007 folded before Flop (didn't bet)



PokerStars Hand #231199032952:  Hold'em No Limit ($0.01/$0.02 USD) - 2021/11/06 16:53:47 PT [2021/11/06 19:53:47 ET]
Table 'Bathseba II' 9-max Seat #3 is the button
Seat 1: Radiergummi0 ($1.43 in chips) 
Seat 2: p34cey85 ($4.28 in chips) 
Seat 3: floriano1946 ($1.97 in chips) 
Seat 4: the_brave83 ($2.06 in chips) 
Seat 6: sawik777 ($1.67 in chips) 
Seat 7: CamguyPEI ($0.80 in chips) 
Seat 8: Xsem ($1.97 in chips) 
Seat 9: Dorex2007 ($2 in chips) 
the_brave83: posts small blind $0.01
sawik777: posts big blind $0.02
*** HOLE CARDS ***
Dealt to Dorex2007 [Ks 9d]
CamguyPEI: calls $0.02
Xsem: folds 
Dorex2007 has timed out
Dorex2007: folds 
Radiergummi0: folds 
p34cey85: folds 
floriano1946: folds 
the_brave83: folds 
sawik777: checks 
*** FLOP *** [3d As Jd]
sawik777: checks 
CamguyPEI: checks 
*** TURN *** [3d As Jd] [7h]
sawik777: checks 
CamguyPEI: bets $0.02
sawik777: calls $0.02
*** RIVER *** [3d As Jd 7h] [2c]
sawik777: checks 
CamguyPEI: checks 
*** SHOW DOWN ***
sawik777: shows [6c 7s] (a pair of Sevens)
CamguyPEI: shows [Qh Jh] (a pair of Jacks)
CamguyPEI collected $0.09 from pot
*** SUMMARY ***
Total pot $0.09 | Rake $0 
Board [3d As Jd 7h 2c]
Seat 1: Radiergummi0 folded before Flop (didn't bet)
Seat 2: p34cey85 folded before Flop (didn't bet)
Seat 3: floriano1946 (button) folded before Flop (didn't bet)
Seat 4: the_brave83 (small blind) folded before Flop
Seat 6: sawik777 (big blind) showed [6c 7s] and lost with a pair of Sevens
Seat 7: CamguyPEI showed [Qh Jh] and won ($0.09) with a pair of Jacks
Seat 8: Xsem folded before Flop (didn't bet)
Seat 9: Dorex2007 folded before Flop (didn't bet)



PokerStars Hand #231199055890:  Hold'em No Limit ($0.01/$0.02 USD) - 2021/11/06 16:54:53 PT [2021/11/06 19:54:53 ET]
Table 'Bathseba II' 9-max Seat #4 is the button
Seat 1: Radiergummi0 ($1.43 in chips) 
Seat 2: p34cey85 ($4.28 in chips) 
Seat 3: floriano1946 ($1.97 in chips) 
Seat 4: the_brave83 ($2.05 in chips) 
Seat 6: sawik777 ($1.63 in chips) 
Seat 7: CamguyPEI ($0.85 in chips) 
Seat 8: Xsem ($1.97 in chips) 
Seat 9: Dorex2007 ($2 in chips) 
sawik777: posts small blind $0.01
CamguyPEI: posts big blind $0.02
*** HOLE CARDS ***
Dealt to Dorex2007 [Jd 6c]
Xsem: folds 
Dorex2007: folds 
Radiergummi0: folds 
p34cey85: calls $0.02
floriano1946: folds 
D.Razvan13 joins the table at seat #5 
the_brave83: raises $0.04 to $0.06
sawik777: folds 
CamguyPEI: folds 
p34cey85: calls $0.04
*** FLOP *** [Kc 4s 7d]
p34cey85: checks 
the_brave83: checks 
*** TURN *** [Kc 4s 7d] [9h]
p34cey85: bets $0.06
the_brave83: raises $0.13 to $0.19
p34cey85: calls $0.13
*** RIVER *** [Kc 4s 7d 9h] [Jc]
p34cey85: checks 
the_brave83: checks 
*** SHOW DOWN ***
p34cey85: shows [Tc Ks] (a pair of Kings)
the_brave83: shows [7s 9s] (two pair, Nines and Sevens)
the_brave83 collected $0.51 from pot
*** SUMMARY ***
Total pot $0.53 | Rake $0.02 
Board [Kc 4s 7d 9h Jc]
Seat 1: Radiergummi0 folded before Flop (didn't bet)
Seat 2: p34cey85 showed [Tc Ks] and lost with a pair of Kings
Seat 3: floriano1946 folded before Flop (didn't bet)
Seat 4: the_brave83 (button) showed [7s 9s] and won ($0.51) with two pair, Nines and Sevens
Seat 6: sawik777 (small blind) folded before Flop
Seat 7: CamguyPEI (big blind) folded before Flop
Seat 8: Xsem folded before Flop (didn't bet)
Seat 9: Dorex2007 folded before Flop (didn't bet)



PokerStars Hand #231199070204:  Hold'em No Limit ($0.01/$0.02 USD) - 2021/11/06 16:55:40 PT [2021/11/06 19:55:40 ET]
Table 'Bathseba II' 9-max Seat #6 is the button
Seat 1: Radiergummi0 ($1.43 in chips) 
Seat 2: p34cey85 ($4.03 in chips) 
Seat 3: floriano1946 ($1.97 in chips) 
Seat 4: the_brave83 ($2.31 in chips) 
Seat 6: sawik777 ($1.62 in chips) 
Seat 7: CamguyPEI ($0.83 in chips) 
Seat 8: Xsem ($1.97 in chips) 
Seat 9: Dorex2007 ($2 in chips) 
CamguyPEI: posts small blind $0.01
Xsem: posts big blind $0.02
D.Razvan13: sits out 
*** HOLE CARDS ***
Dealt to Dorex2007 [3s 4s]
Dorex2007: folds 
Radiergummi0: folds 
p34cey85: calls $0.02
floriano1946: folds 
the_brave83: raises $0.04 to $0.06
sawik777: folds 
CamguyPEI: folds 
Xsem: folds 
p34cey85: calls $0.04
*** FLOP *** [9h 2c Ah]
p34cey85: checks 
the_brave83: bets $0.07
p34cey85: folds 
Uncalled bet ($0.07) returned to the_brave83
the_brave83 collected $0.14 from pot
*** SUMMARY ***
Total pot $0.15 | Rake $0.01 
Board [9h 2c Ah]
Seat 1: Radiergummi0 folded before Flop (didn't bet)
Seat 2: p34cey85 folded on the Flop
Seat 3: floriano1946 folded before Flop (didn't bet)
Seat 4: the_brave83 collected ($0.14)
Seat 6: sawik777 (button) folded before Flop (didn't bet)
Seat 7: CamguyPEI (small blind) folded before Flop
Seat 8: Xsem (big blind) folded before Flop
Seat 9: Dorex2007 folded before Flop (didn't bet)



PokerStars Hand #231199081239:  Hold'em No Limit ($0.01/$0.02 USD) - 2021/11/06 16:56:19 PT [2021/11/06 19:56:19 ET]
Table 'Bathseba II' 9-max Seat #7 is the button
Seat 1: Radiergummi0 ($1.43 in chips) 
Seat 2: p34cey85 ($3.97 in chips) 
Seat 3: floriano1946 ($1.97 in chips) 
Seat 4: the_brave83 ($2.39 in chips) 
Seat 5: D.Razvan13 ($2 in chips) 
Seat 6: sawik777 ($1.62 in chips) 
Seat 7: CamguyPEI ($0.82 in chips) 
Seat 8: Xsem ($1.95 in chips) 
Seat 9: Dorex2007 ($2 in chips) 
Xsem: posts small blind $0.01
Dorex2007: posts big blind $0.02
D.Razvan13: posts big blind $0.02
*** HOLE CARDS ***
Dealt to Dorex2007 [8d 6c]
Radiergummi0: folds 
p34cey85: calls $0.02
floriano1946: folds 
the_brave83: folds 
D.Razvan13: checks 
sawik777: folds 
CamguyPEI: folds 
Xsem: folds 
Dorex2007: checks 
*** FLOP *** [9s 2h Td]
Dorex2007: checks 
p34cey85: checks 
D.Razvan13: bets $0.03
Dorex2007: calls $0.03
p34cey85: calls $0.03
*** TURN *** [9s 2h Td] [6h]
Dorex2007: checks 
p34cey85: checks 
D.Razvan13: bets $0.07
Dorex2007: calls $0.07
p34cey85: calls $0.07
*** RIVER *** [9s 2h Td 6h] [8s]
Dorex2007: bets $0.36
p34cey85: folds 
D.Razvan13: folds 
Uncalled bet ($0.36) returned to Dorex2007
Dorex2007 collected $0.36 from pot
Dorex2007: doesn't show hand 
*** SUMMARY ***
Total pot $0.37 | Rake $0.01 
Board [9s 2h Td 6h 8s]
Seat 1: Radiergummi0 folded before Flop (didn't bet)
Seat 2: p34cey85 folded on the River
Seat 3: floriano1946 folded before Flop (didn't bet)
Seat 4: the_brave83 folded before Flop (didn't bet)
Seat 5: D.Razvan13 folded on the River
Seat 6: sawik777 folded before Flop (didn't bet)
Seat 7: CamguyPEI (button) folded before Flop (didn't bet)
Seat 8: Xsem (small blind) folded before Flop
Seat 9: Dorex2007 (big blind) collected ($0.36)



PokerStars Hand #231199097864:  Hold'em No Limit ($0.01/$0.02 USD) - 2021/11/06 16:57:19 PT [2021/11/06 19:57:19 ET]
Table 'Bathseba II' 9-max Seat #8 is the button
Seat 1: Radiergummi0 ($1.43 in chips) 
Seat 2: p34cey85 ($3.85 in chips) 
Seat 3: floriano1946 ($1.97 in chips) 
Seat 4: the_brave83 ($2.39 in chips) 
Seat 5: D.Razvan13 ($1.88 in chips) 
Seat 6: sawik777 ($1.62 in chips) 
Seat 7: CamguyPEI ($0.82 in chips) 
Seat 8: Xsem ($1.94 in chips) 
Seat 9: Dorex2007 ($2.24 in chips) 
Dorex2007: posts small blind $0.01
Radiergummi0: posts big blind $0.02
*** HOLE CARDS ***
Dealt to Dorex2007 [9s Ts]
p34cey85: folds 
floriano1946: folds 
the_brave83: folds 
D.Razvan13: calls $0.02
sawik777: calls $0.02
CamguyPEI: folds 
Xsem: folds 
Dorex2007: calls $0.01
Radiergummi0: checks 
*** FLOP *** [Ah 7h 2c]
Dorex2007: checks 
Radiergummi0: checks 
D.Razvan13: checks 
sawik777: checks 
*** TURN *** [Ah 7h 2c] [3h]
Dorex2007: checks 
Radiergummi0: checks 
D.Razvan13: checks 
sawik777: checks 
*** RIVER *** [Ah 7h 2c 3h] [Kh]
Dorex2007: checks 
Radiergummi0: checks 
D.Razvan13: checks 
sawik777: bets $0.06
Dorex2007: folds 
Radiergummi0: folds 
D.Razvan13: calls $0.06
*** SHOW DOWN ***
sawik777: shows [Js Qh] (a flush, Ace high)
D.Razvan13: mucks hand 
sawik777 collected $0.19 from pot
*** SUMMARY ***
Total pot $0.20 | Rake $0.01 
Board [Ah 7h 2c 3h Kh]
Seat 1: Radiergummi0 (big blind) folded on the River
Seat 2: p34cey85 folded before Flop (didn't bet)
Seat 3: floriano1946 folded before Flop (didn't bet)
Seat 4: the_brave83 folded before Flop (didn't bet)
Seat 5: D.Razvan13 mucked [7c Kc]
Seat 6: sawik777 showed [Js Qh] and won ($0.19) with a flush, Ace high
Seat 7: CamguyPEI folded before Flop (didn't bet)
Seat 8: Xsem (button) folded before Flop (didn't bet)
Seat 9: Dorex2007 (small blind) folded on the River



PokerStars Hand #231199116381:  Hold'em No Limit ($0.01/$0.02 USD) - 2021/11/06 16:58:25 PT [2021/11/06 19:58:25 ET]
Table 'Bathseba II' 9-max Seat #9 is the button
Seat 1: Radiergummi0 ($1.41 in chips) 
Seat 2: p34cey85 ($3.85 in chips) 
Seat 3: floriano1946 ($1.97 in chips) 
Seat 5: D.Razvan13 ($1.80 in chips) 
Seat 6: sawik777 ($1.73 in chips) 
Seat 7: CamguyPEI ($0.82 in chips) 
Seat 8: Xsem ($1.94 in chips) 
Seat 9: Dorex2007 ($2.22 in chips) 
Radiergummi0: posts small blind $0.01
p34cey85: posts big blind $0.02
*** HOLE CARDS ***
Dealt to Dorex2007 [Jh Th]
floriano1946: folds 
D.Razvan13: folds 
sawik777: folds 
CamguyPEI: raises $0.04 to $0.06
Xsem: folds 
Dorex2007: calls $0.06
Radiergummi0: folds 
p34cey85: calls $0.04
*** FLOP *** [7s 7h 2h]
p34cey85: checks 
CamguyPEI: checks 
Dorex2007: bets $0.09
p34cey85: folds 
CamguyPEI: calls $0.09
*** TURN *** [7s 7h 2h] [9c]
CamguyPEI: checks 
Dorex2007: checks 
*** RIVER *** [7s 7h 2h 9c] [Kh]
CamguyPEI: bets $0.36
Dorex2007: calls $0.36
*** SHOW DOWN ***
CamguyPEI: shows [2s 2c] (a full house, Deuces full of Sevens)
Dorex2007: mucks hand 
CamguyPEI collected $1.05 from pot
*** SUMMARY ***
Total pot $1.09 | Rake $0.04 
Board [7s 7h 2h 9c Kh]
Seat 1: Radiergummi0 (small blind) folded before Flop
Seat 2: p34cey85 (big blind) folded on the Flop
Seat 3: floriano1946 folded before Flop (didn't bet)
Seat 5: D.Razvan13 folded before Flop (didn't bet)
Seat 6: sawik777 folded before Flop (didn't bet)
Seat 7: CamguyPEI showed [2s 2c] and won ($1.05) with a full house, Deuces full of Sevens
Seat 8: Xsem folded before Flop (didn't bet)
Seat 9: Dorex2007 (button) mucked [Jh Th]



PokerStars Hand #231199130656:  Hold'em No Limit ($0.01/$0.02 USD) - 2021/11/06 16:59:16 PT [2021/11/06 19:59:16 ET]
Table 'Bathseba II' 9-max Seat #1 is the button
Seat 1: Radiergummi0 ($1.40 in chips) 
Seat 2: p34cey85 ($3.79 in chips) 
Seat 3: floriano1946 ($1.97 in chips) 
Seat 5: D.Razvan13 ($1.80 in chips) 
Seat 6: sawik777 ($1.73 in chips) 
Seat 7: CamguyPEI ($1.36 in chips) 
Seat 8: Xsem ($1.94 in chips) 
Seat 9: Dorex2007 ($2 in chips) 
p34cey85: posts small blind $0.01
floriano1946: posts big blind $0.02
*** HOLE CARDS ***
Dealt to Dorex2007 [7c 9h]
D.Razvan13: calls $0.02
sawik777: folds 
CamguyPEI: folds 
Xsem: folds 
Dorex2007: folds 
Radiergummi0: folds 
p34cey85: calls $0.01
floriano1946: checks 
*** FLOP *** [Qc 8c 3h]
p34cey85: checks 
floriano1946: bets $0.10
D.Razvan13: folds 
p34cey85: calls $0.10
*** TURN *** [Qc 8c 3h] [Jc]
p34cey85: checks 
floriano1946: bets $0.12
p34cey85: calls $0.12
*** RIVER *** [Qc 8c 3h Jc] [2c]
p34cey85: checks 
floriano1946: bets $0.02
p34cey85: calls $0.02
*** SHOW DOWN ***
floriano1946: shows [Qs 3c] (a flush, Queen high)
p34cey85: mucks hand 
floriano1946 collected $0.52 from pot
*** SUMMARY ***
Total pot $0.54 | Rake $0.02 
Board [Qc 8c 3h Jc 2c]
Seat 1: Radiergummi0 (button) folded before Flop (didn't bet)
Seat 2: p34cey85 (small blind) mucked [6d Qh]
Seat 3: floriano1946 (big blind) showed [Qs 3c] and won ($0.52) with a flush, Queen high
Seat 5: D.Razvan13 folded on the Flop
Seat 6: sawik777 folded before Flop (didn't bet)
Seat 7: CamguyPEI folded before Flop (didn't bet)
Seat 8: Xsem folded before Flop (didn't bet)
Seat 9: Dorex2007 folded before Flop (didn't bet)



PokerStars Hand #231199144827:  Hold'em No Limit ($0.01/$0.02 USD) - 2021/11/06 17:00:07 PT [2021/11/06 20:00:07 ET]
Table 'Bathseba II' 9-max Seat #2 is the button
Seat 1: Radiergummi0 ($1.40 in chips) 
Seat 2: p34cey85 ($3.53 in chips) 
Seat 3: floriano1946 ($2.23 in chips) 
Seat 5: D.Razvan13 ($1.78 in chips) 
Seat 6: sawik777 ($1.73 in chips) 
Seat 7: CamguyPEI ($1.36 in chips) 
Seat 8: Xsem ($1.94 in chips) 
Seat 9: Dorex2007 ($2 in chips) 
floriano1946: posts small blind $0.01
D.Razvan13: posts big blind $0.02
*** HOLE CARDS ***
Dealt to Dorex2007 [3h 8c]
sawik777: folds 
CamguyPEI: calls $0.02
Xsem: folds 
Dorex2007: folds 
Radiergummi0: raises $0.06 to $0.08
p34cey85: folds 
floriano1946: folds 
D.Razvan13: folds 
CamguyPEI: calls $0.06
*** FLOP *** [2c Tc 7s]
CamguyPEI: checks 
Radiergummi0: bets $0.12
CamguyPEI: folds 
Uncalled bet ($0.12) returned to Radiergummi0
Radiergummi0 collected $0.18 from pot
Radiergummi0: doesn't show hand 
*** SUMMARY ***
Total pot $0.19 | Rake $0.01 
Board [2c Tc 7s]
Seat 1: Radiergummi0 collected ($0.18)
Seat 2: p34cey85 (button) folded before Flop (didn't bet)
Seat 3: floriano1946 (small blind) folded before Flop
Seat 5: D.Razvan13 (big blind) folded before Flop
Seat 6: sawik777 folded before Flop (didn't bet)
Seat 7: CamguyPEI folded on the Flop
Seat 8: Xsem folded before Flop (didn't bet)
Seat 9: Dorex2007 folded before Flop (didn't bet)



PokerStars Hand #231199154500:  Hold'em No Limit ($0.01/$0.02 USD) - 2021/11/06 17:00:40 PT [2021/11/06 20:00:40 ET]
Table 'Bathseba II' 9-max Seat #3 is the button
Seat 1: Radiergummi0 ($1.50 in chips) 
Seat 2: p34cey85 ($3.53 in chips) 
Seat 3: floriano1946 ($2.22 in chips) 
Seat 5: D.Razvan13 ($1.76 in chips) 
Seat 6: sawik777 ($1.73 in chips) 
Seat 7: CamguyPEI ($1.28 in chips) 
Seat 8: Xsem ($1.94 in chips) 
Seat 9: Dorex2007 ($2 in chips) 
D.Razvan13: posts small blind $0.01
sawik777: posts big blind $0.02
*** HOLE CARDS ***
Dealt to Dorex2007 [7d Th]
CamguyPEI: folds 
Xsem: folds 
Dorex2007: folds 
Radiergummi0: folds 
p34cey85: calls $0.02
floriano1946: raises $0.06 to $0.08
D.Razvan13: folds 
sawik777: folds 
p34cey85: calls $0.06
*** FLOP *** [Kd Jc Ah]
p34cey85: checks 
floriano1946: bets $0.06
p34cey85: calls $0.06
*** TURN *** [Kd Jc Ah] [3d]
p34cey85: checks 
floriano1946: bets $0.02
p34cey85: raises $0.04 to $0.06
floriano1946: calls $0.04
*** RIVER *** [Kd Jc Ah 3d] [8h]
p34cey85: bets $0.10
floriano1946: folds 
Uncalled bet ($0.10) returned to p34cey85
p34cey85 collected $0.41 from pot
p34cey85: doesn't show hand 
*** SUMMARY ***
Total pot $0.43 | Rake $0.02 
Board [Kd Jc Ah 3d 8h]
Seat 1: Radiergummi0 folded before Flop (didn't bet)
Seat 2: p34cey85 collected ($0.41)
Seat 3: floriano1946 (button) folded on the River
Seat 5: D.Razvan13 (small blind) folded before Flop
Seat 6: sawik777 (big blind) folded before Flop
Seat 7: CamguyPEI folded before Flop (didn't bet)
Seat 8: Xsem folded before Flop (didn't bet)
Seat 9: Dorex2007 folded before Flop (didn't bet)



PokerStars Hand #231199178086:  Hold'em No Limit ($0.01/$0.02 USD) - 2021/11/06 17:01:54 PT [2021/11/06 20:01:54 ET]
Table 'Bathseba II' 9-max Seat #5 is the button
Seat 1: Radiergummi0 ($1.50 in chips) 
Seat 2: p34cey85 ($3.74 in chips) 
Seat 3: floriano1946 ($2.02 in chips) 
Seat 5: D.Razvan13 ($1.75 in chips) 
Seat 6: sawik777 ($1.71 in chips) 
Seat 7: CamguyPEI ($1.28 in chips) 
Seat 8: Xsem ($1.94 in chips) 
Seat 9: Dorex2007 ($2 in chips) 
sawik777: posts small blind $0.01
CamguyPEI: posts big blind $0.02
*** HOLE CARDS ***
Dealt to Dorex2007 [4d 6s]
Xsem: folds 
Dorex2007: folds 
Radiergummi0: folds 
p34cey85: calls $0.02
floriano1946: calls $0.02
D.Razvan13: calls $0.02
sawik777: calls $0.01
CamguyPEI: checks 
*** FLOP *** [3d 5c 9h]
sawik777: bets $0.08
CamguyPEI: folds 
p34cey85: calls $0.08
floriano1946: folds 
D.Razvan13: folds 
*** TURN *** [3d 5c 9h] [Jd]
p34cey85 is disconnected 
sawik777: bets $0.08
p34cey85: calls $0.08
*** RIVER *** [3d 5c 9h Jd] [Kh]
sawik777: checks 
p34cey85: checks 
*** SHOW DOWN ***
sawik777: shows [9c Ah] (a pair of Nines)
p34cey85: mucks hand 
sawik777 collected $0.41 from pot
*** SUMMARY ***
Total pot $0.42 | Rake $0.01 
Board [3d 5c 9h Jd Kh]
Seat 1: Radiergummi0 folded before Flop (didn't bet)
Seat 2: p34cey85 mucked [8d 8c]
Seat 3: floriano1946 folded on the Flop
Seat 5: D.Razvan13 (button) folded on the Flop
Seat 6: sawik777 (small blind) showed [9c Ah] and won ($0.41) with a pair of Nines
Seat 7: CamguyPEI (big blind) folded on the Flop
Seat 8: Xsem folded before Flop (didn't bet)
Seat 9: Dorex2007 folded before Flop (didn't bet)



PokerStars Hand #231199199277:  Hold'em No Limit ($0.01/$0.02 USD) - 2021/11/06 17:02:58 PT [2021/11/06 20:02:58 ET]
Table 'Bathseba II' 9-max Seat #6 is the button
Seat 1: Radiergummi0 ($1.50 in chips) 
Seat 2: p34cey85 ($3.56 in chips) 
Seat 3: floriano1946 ($2 in chips) 
Seat 5: D.Razvan13 ($1.73 in chips) 
Seat 6: sawik777 ($1.94 in chips) 
Seat 7: CamguyPEI ($1.26 in chips) 
Seat 8: Xsem ($1.94 in chips) 
Seat 9: Dorex2007 ($2 in chips) 
CamguyPEI: posts small blind $0.01
Xsem: posts big blind $0.02
*** HOLE CARDS ***
Dealt to Dorex2007 [5d 4h]
Dorex2007: folds 
Radiergummi0: raises $0.04 to $0.06
p34cey85: calls $0.06
floriano1946: folds 
D.Razvan13: folds 
sawik777: folds 
CamguyPEI: folds 
Xsem: raises $0.04 to $0.10
Radiergummi0: calls $0.04
p34cey85: calls $0.04
*** FLOP *** [Ts 4s 6d]
Xsem: bets $0.15
Radiergummi0: folds 
p34cey85: calls $0.15
*** TURN *** [Ts 4s 6d] [Jc]
Xsem: bets $0.30
p34cey85: folds 
Uncalled bet ($0.30) returned to Xsem
Xsem collected $0.59 from pot
Xsem: doesn't show hand 
*** SUMMARY ***
Total pot $0.61 | Rake $0.02 
Board [Ts 4s 6d Jc]
Seat 1: Radiergummi0 folded on the Flop
Seat 2: p34cey85 folded on the Turn
Seat 3: floriano1946 folded before Flop (didn't bet)
Seat 5: D.Razvan13 folded before Flop (didn't bet)
Seat 6: sawik777 (button) folded before Flop (didn't bet)
Seat 7: CamguyPEI (small blind) folded before Flop
Seat 8: Xsem (big blind) collected ($0.59)
Seat 9: Dorex2007 folded before Flop (didn't bet)



PokerStars Hand #231199222074:  Hold'em No Limit ($0.01/$0.02 USD) - 2021/11/06 17:04:06 PT [2021/11/06 20:04:06 ET]
Table 'Bathseba II' 9-max Seat #8 is the button
Seat 1: Radiergummi0 ($1.40 in chips) 
Seat 2: p34cey85 ($3.31 in chips) 
Seat 3: floriano1946 ($2 in chips) 
Seat 5: D.Razvan13 ($1.73 in chips) 
Seat 6: sawik777 ($1.94 in chips) 
Seat 8: Xsem ($2.28 in chips) 
Seat 9: Dorex2007 ($2 in chips) 
Dorex2007: posts small blind $0.01
Radiergummi0: posts big blind $0.02
*** HOLE CARDS ***
Dealt to Dorex2007 [8d 2c]
p34cey85: calls $0.02
floriano1946: folds 
D.Razvan13: calls $0.02
sawik777: folds 
Xsem: raises $0.02 to $0.04
Dorex2007: folds 
Radiergummi0: folds 
p34cey85: calls $0.02
D.Razvan13: calls $0.02
*** FLOP *** [3c Qh 4h]
p34cey85: checks 
D.Razvan13: checks 
Xsem: checks 
*** TURN *** [3c Qh 4h] [Qd]
p34cey85: checks 
D.Razvan13: checks 
Xsem: checks 
*** RIVER *** [3c Qh 4h Qd] [2h]
p34cey85: bets $0.06
D.Razvan13: folds 
Xsem: folds 
Uncalled bet ($0.06) returned to p34cey85
p34cey85 collected $0.14 from pot
p34cey85: doesn't show hand 
*** SUMMARY ***
Total pot $0.15 | Rake $0.01 
Board [3c Qh 4h Qd 2h]
Seat 1: Radiergummi0 (big blind) folded before Flop
Seat 2: p34cey85 collected ($0.14)
Seat 3: floriano1946 folded before Flop (didn't bet)
Seat 5: D.Razvan13 folded on the River
Seat 6: sawik777 folded before Flop (didn't bet)
Seat 8: Xsem (button) folded on the River
Seat 9: Dorex2007 (small blind) folded before Flop



PokerStars Hand #231199246691:  Hold'em No Limit ($0.01/$0.02 USD) - 2021/11/06 17:05:19 PT [2021/11/06 20:05:19 ET]
Table 'Bathseba II' 9-max Seat #9 is the button
Seat 1: Radiergummi0 ($1.38 in chips) 
Seat 2: p34cey85 ($3.41 in chips) 
Seat 3: floriano1946 ($2 in chips) 
Seat 5: D.Razvan13 ($1.69 in chips) 
Seat 6: sawik777 ($1.94 in chips) 
Seat 8: Xsem ($2.24 in chips) 
Seat 9: Dorex2007 ($2 in chips) 
Radiergummi0: posts small blind $0.01
p34cey85: posts big blind $0.02
*** HOLE CARDS ***
Dealt to Dorex2007 [2c 7d]
floriano1946: folds 
D.Razvan13: calls $0.02
sawik777: folds 
Xsem: raises $0.04 to $0.06
Dorex2007: folds 
Radiergummi0: folds 
p34cey85: calls $0.04
D.Razvan13: folds 
*** FLOP *** [Qs 7c 6h]
p34cey85: checks 
Xsem: checks 
*** TURN *** [Qs 7c 6h] [4c]
p34cey85: checks 
Xsem: bets $0.07
p34cey85: folds 
Uncalled bet ($0.07) returned to Xsem
Xsem collected $0.14 from pot
Xsem: doesn't show hand 
*** SUMMARY ***
Total pot $0.15 | Rake $0.01 
Board [Qs 7c 6h 4c]
Seat 1: Radiergummi0 (small blind) folded before Flop
Seat 2: p34cey85 (big blind) folded on the Turn
Seat 3: floriano1946 folded before Flop (didn't bet)
Seat 5: D.Razvan13 folded before Flop
Seat 6: sawik777 folded before Flop (didn't bet)
Seat 8: Xsem collected ($0.14)
Seat 9: Dorex2007 (button) folded before Flop (didn't bet)



PokerStars Hand #231199261882:  Hold'em No Limit ($0.01/$0.02 USD) - 2021/11/06 17:06:05 PT [2021/11/06 20:06:05 ET]
Table 'Bathseba II' 9-max Seat #1 is the button
Seat 1: Radiergummi0 ($1.37 in chips) 
Seat 2: p34cey85 ($3.35 in chips) 
Seat 3: floriano1946 ($2 in chips) 
Seat 5: D.Razvan13 ($1.67 in chips) 
Seat 6: sawik777 ($1.94 in chips) 
Seat 8: Xsem ($2.32 in chips) 
Seat 9: Dorex2007 ($2 in chips) 
p34cey85: posts small blind $0.01
floriano1946: posts big blind $0.02
*** HOLE CARDS ***
Dealt to Dorex2007 [Jh Ks]
D.Razvan13: calls $0.02
sawik777: folds 
Xsem: raises $0.03 to $0.05
Dorex2007: folds 
Radiergummi0: folds 
p34cey85: folds 
floriano1946: folds 
D.Razvan13: calls $0.03
*** FLOP *** [Qs Js 6c]
D.Razvan13: checks 
Xsem: checks 
*** TURN *** [Qs Js 6c] [6h]
D.Razvan13: checks 
Xsem: checks 
*** RIVER *** [Qs Js 6c 6h] [Td]
D.Razvan13: checks 
Xsem: checks 
*** SHOW DOWN ***
D.Razvan13: shows [Tc Ah] (two pair, Tens and Sixes)
Xsem: shows [Th Ac] (two pair, Tens and Sixes)
D.Razvan13 collected $0.07 from pot
Xsem collected $0.06 from pot
*** SUMMARY ***
Total pot $0.13 | Rake $0 
Board [Qs Js 6c 6h Td]
Seat 1: Radiergummi0 (button) folded before Flop (didn't bet)
Seat 2: p34cey85 (small blind) folded before Flop
Seat 3: floriano1946 (big blind) folded before Flop
Seat 5: D.Razvan13 showed [Tc Ah] and won ($0.07) with two pair, Tens and Sixes
Seat 6: sawik777 folded before Flop (didn't bet)
Seat 8: Xsem showed [Th Ac] and won ($0.06) with two pair, Tens and Sixes
Seat 9: Dorex2007 folded before Flop (didn't bet)



PokerStars Hand #231199281352:  Hold'em No Limit ($0.01/$0.02 USD) - 2021/11/06 17:07:04 PT [2021/11/06 20:07:04 ET]
Table 'Bathseba II' 9-max Seat #2 is the button
Seat 1: Radiergummi0 ($1.37 in chips) 
Seat 2: p34cey85 ($3.34 in chips) 
Seat 3: floriano1946 ($1.98 in chips) 
Seat 5: D.Razvan13 ($1.69 in chips) 
Seat 6: sawik777 ($1.94 in chips) 
Seat 8: Xsem ($2.33 in chips) 
Seat 9: Dorex2007 ($2 in chips) 
floriano1946: posts small blind $0.01
D.Razvan13: posts big blind $0.02
*** HOLE CARDS ***
Dealt to Dorex2007 [Tc 7d]
sawik777 has timed out
sawik777: folds 
Xsem: folds 
Dorex2007: folds 
Radiergummi0 has timed out
Radiergummi0: folds 
p34cey85: calls $0.02
floriano1946: calls $0.01
D.Razvan13: checks 
*** FLOP *** [8c Qs Jh]
floriano1946: bets $0.12
D.Razvan13: folds 
p34cey85: folds 
Uncalled bet ($0.12) returned to floriano1946
floriano1946 collected $0.06 from pot
floriano1946: doesn't show hand 
*** SUMMARY ***
Total pot $0.06 | Rake $0 
Board [8c Qs Jh]
Seat 1: Radiergummi0 folded before Flop (didn't bet)
Seat 2: p34cey85 (button) folded on the Flop
Seat 3: floriano1946 (small blind) collected ($0.06)
Seat 5: D.Razvan13 (big blind) folded on the Flop
Seat 6: sawik777 folded before Flop (didn't bet)
Seat 8: Xsem folded before Flop (didn't bet)
Seat 9: Dorex2007 folded before Flop (didn't bet)



PokerStars Hand #231199296088:  Hold'em No Limit ($0.01/$0.02 USD) - 2021/11/06 17:07:49 PT [2021/11/06 20:07:49 ET]
Table 'Bathseba II' 9-max Seat #3 is the button
Seat 2: p34cey85 ($3.32 in chips) 
Seat 3: floriano1946 ($2.02 in chips) 
Seat 5: D.Razvan13 ($1.67 in chips) 
Seat 6: sawik777 ($1.94 in chips) 
Seat 8: Xsem ($2.33 in chips) 
Seat 9: Dorex2007 ($2 in chips) 
D.Razvan13: posts small blind $0.01
sawik777: posts big blind $0.02
*** HOLE CARDS ***
Dealt to Dorex2007 [4h Qc]
Xsem: folds 
Dorex2007: folds 
p34cey85: calls $0.02
floriano1946: folds 
D.Razvan13: calls $0.01
sawik777: checks 
*** FLOP *** [Kh Kd 5h]
D.Razvan13: checks 
sawik777: checks 
p34cey85: checks 
*** TURN *** [Kh Kd 5h] [3d]
D.Razvan13: bets $0.03
sawik777: folds 
p34cey85: calls $0.03
*** RIVER *** [Kh Kd 5h 3d] [8h]
D.Razvan13: bets $0.02
p34cey85: calls $0.02
*** SHOW DOWN ***
D.Razvan13: shows [Jc Kc] (three of a kind, Kings)
p34cey85: mucks hand 
D.Razvan13 collected $0.15 from pot
*** SUMMARY ***
Total pot $0.16 | Rake $0.01 
Board [Kh Kd 5h 3d 8h]
Seat 2: p34cey85 mucked [Th 5d]
Seat 3: floriano1946 (button) folded before Flop (didn't bet)
Seat 5: D.Razvan13 (small blind) showed [Jc Kc] and won ($0.15) with three of a kind, Kings
Seat 6: sawik777 (big blind) folded on the Turn
Seat 8: Xsem folded before Flop (didn't bet)
Seat 9: Dorex2007 folded before Flop (didn't bet)



PokerStars Hand #231199311287:  Hold'em No Limit ($0.01/$0.02 USD) - 2021/11/06 17:08:35 PT [2021/11/06 20:08:35 ET]
Table 'Bathseba II' 9-max Seat #5 is the button
Seat 2: p34cey85 ($3.25 in chips) 
Seat 3: floriano1946 ($2.02 in chips) 
Seat 5: D.Razvan13 ($1.75 in chips) 
Seat 6: sawik777 ($1.92 in chips) 
Seat 8: Xsem ($2.33 in chips) 
Seat 9: Dorex2007 ($2 in chips) 
sawik777: posts small blind $0.01
Xsem: posts big blind $0.02
*** HOLE CARDS ***
Dealt to Dorex2007 [6h 9c]
Dorex2007: folds 
p34cey85: calls $0.02
floriano1946: folds 
D.Razvan13: calls $0.02
sawik777: folds 
Xsem: checks 
*** FLOP *** [3s Th 3c]
Xsem: checks 
p34cey85: checks 
D.Razvan13: checks 
*** TURN *** [3s Th 3c] [8d]
Xsem: checks 
p34cey85: checks 
D.Razvan13: bets $0.05
Xsem: folds 
p34cey85: folds 
Uncalled bet ($0.05) returned to D.Razvan13
D.Razvan13 collected $0.07 from pot
D.Razvan13: doesn't show hand 
*** SUMMARY ***
Total pot $0.07 | Rake $0 
Board [3s Th 3c 8d]
Seat 2: p34cey85 folded on the Turn
Seat 3: floriano1946 folded before Flop (didn't bet)
Seat 5: D.Razvan13 (button) collected ($0.07)
Seat 6: sawik777 (small blind) folded before Flop
Seat 8: Xsem (big blind) folded on the Turn
Seat 9: Dorex2007 folded before Flop (didn't bet)



PokerStars Hand #231199328251:  Hold'em No Limit ($0.01/$0.02 USD) - 2021/11/06 17:09:26 PT [2021/11/06 20:09:26 ET]
Table 'Bathseba II' 9-max Seat #6 is the button
Seat 2: p34cey85 ($3.23 in chips) 
Seat 3: floriano1946 ($2.02 in chips) 
Seat 5: D.Razvan13 ($1.80 in chips) 
Seat 6: sawik777 ($1.91 in chips) 
Seat 8: Xsem ($2.31 in chips) 
Seat 9: Dorex2007 ($2 in chips) 
Xsem: posts small blind $0.01
Dorex2007: posts big blind $0.02
*** HOLE CARDS ***
Dealt to Dorex2007 [3c 7h]
p34cey85: calls $0.02
floriano1946: folds 
D.Razvan13: calls $0.02
sawik777: folds 
Xsem: folds 
Dorex2007: checks 
*** FLOP *** [4s Td 9c]
Dorex2007: checks 
p34cey85: checks 
D.Razvan13: checks 
*** TURN *** [4s Td 9c] [Tc]
Dorex2007: checks 
p34cey85: checks 
D.Razvan13: checks 
*** RIVER *** [4s Td 9c Tc] [9d]
Dorex2007: checks 
p34cey85: checks 
D.Razvan13: checks 
*** SHOW DOWN ***
Dorex2007: shows [3c 7h] (two pair, Tens and Nines)
p34cey85: shows [Ks 4c] (two pair, Tens and Nines - King kicker)
D.Razvan13: shows [Kh 2d] (two pair, Tens and Nines)
p34cey85 collected $0.04 from pot
D.Razvan13 collected $0.03 from pot
*** SUMMARY ***
Total pot $0.07 | Rake $0 
Board [4s Td 9c Tc 9d]
Seat 2: p34cey85 showed [Ks 4c] and won ($0.04) with two pair, Tens and Nines
Seat 3: floriano1946 folded before Flop (didn't bet)
Seat 5: D.Razvan13 showed [Kh 2d] and won ($0.03) with two pair, Tens and Nines
Seat 6: sawik777 (button) folded before Flop (didn't bet)
Seat 8: Xsem (small blind) folded before Flop
Seat 9: Dorex2007 (big blind) showed [3c 7h] and lost with two pair, Tens and Nines



PokerStars Hand #231199339853:  Hold'em No Limit ($0.01/$0.02 USD) - 2021/11/06 17:10:02 PT [2021/11/06 20:10:02 ET]
Table 'Bathseba II' 9-max Seat #8 is the button
Seat 2: p34cey85 ($3.25 in chips) 
Seat 3: floriano1946 ($2.02 in chips) 
Seat 5: D.Razvan13 ($1.81 in chips) 
Seat 6: sawik777 ($1.91 in chips) 
Seat 8: Xsem ($2.30 in chips) 
Seat 9: Dorex2007 ($2 in chips) 
Dorex2007: posts small blind $0.01
p34cey85: posts big blind $0.02
the_brave83: sits out 
*** HOLE CARDS ***
Dealt to Dorex2007 [Jh Qs]
Radiergummi0 leaves the table
floriano1946: folds 
D.Razvan13: calls $0.02
sawik777: folds 
Xsem: folds 
Dorex2007: calls $0.01
p34cey85: checks 
*** FLOP *** [3h Kd Kc]
Dorex2007: checks 
p34cey85: checks 
D.Razvan13: checks 
*** TURN *** [3h Kd Kc] [4c]
Dorex2007: checks 
p34cey85: checks 
D.Razvan13: bets $0.04
Dorex2007: folds 
p34cey85: calls $0.04
*** RIVER *** [3h Kd Kc 4c] [2h]
p34cey85: checks 
D.Razvan13: checks 
*** SHOW DOWN ***
p34cey85: shows [9c Qc] (a pair of Kings)
D.Razvan13: shows [Jd As] (a pair of Kings - Ace kicker)
D.Razvan13 collected $0.14 from pot
*** SUMMARY ***
Total pot $0.14 | Rake $0 
Board [3h Kd Kc 4c 2h]
Seat 2: p34cey85 (big blind) showed [9c Qc] and lost with a pair of Kings
Seat 3: floriano1946 folded before Flop (didn't bet)
Seat 5: D.Razvan13 showed [Jd As] and won ($0.14) with a pair of Kings
Seat 6: sawik777 folded before Flop (didn't bet)
Seat 8: Xsem (button) folded before Flop (didn't bet)
Seat 9: Dorex2007 (small blind) folded on the Turn



PokerStars Hand #231199363418:  Hold'em No Limit ($0.01/$0.02 USD) - 2021/11/06 17:11:03 PT [2021/11/06 20:11:03 ET]
Table 'Bathseba II' 9-max Seat #9 is the button
Seat 2: p34cey85 ($3.19 in chips) 
Seat 3: floriano1946 ($2.02 in chips) 
Seat 5: D.Razvan13 ($1.89 in chips) 
Seat 6: sawik777 ($1.91 in chips) 
Seat 8: Xsem ($2.30 in chips) 
Seat 9: Dorex2007 ($2 in chips) 
p34cey85: posts small blind $0.01
floriano1946: posts big blind $0.02
the_brave83: sits out 
*** HOLE CARDS ***
Dealt to Dorex2007 [3h 6c]
D.Razvan13: calls $0.02
sawik777: folds 
Xsem: folds 
Dorex2007: folds 
p34cey85: calls $0.01
floriano1946: checks 
*** FLOP *** [5d Qc Ts]
p34cey85: checks 
floriano1946: checks 
D.Razvan13: checks 
*** TURN *** [5d Qc Ts] [3d]
p34cey85: bets $0.02
floriano1946: folds 
D.Razvan13: folds 
Uncalled bet ($0.02) returned to p34cey85
p34cey85 collected $0.06 from pot
p34cey85: doesn't show hand 
*** SUMMARY ***
Total pot $0.06 | Rake $0 
Board [5d Qc Ts 3d]
Seat 2: p34cey85 (small blind) collected ($0.06)
Seat 3: floriano1946 (big blind) folded on the Turn
Seat 5: D.Razvan13 folded on the Turn
Seat 6: sawik777 folded before Flop (didn't bet)
Seat 8: Xsem folded before Flop (didn't bet)
Seat 9: Dorex2007 (button) folded before Flop (didn't bet)



PokerStars Hand #231199374143:  Hold'em No Limit ($0.01/$0.02 USD) - 2021/11/06 17:11:35 PT [2021/11/06 20:11:35 ET]
Table 'Bathseba II' 9-max Seat #2 is the button
Seat 2: p34cey85 ($3.23 in chips) 
Seat 3: floriano1946 ($2 in chips) 
Seat 4: the_brave83 ($2.39 in chips) 
Seat 5: D.Razvan13 ($1.87 in chips) 
Seat 6: sawik777 ($1.91 in chips) 
Seat 8: Xsem ($2.30 in chips) 
Seat 9: Dorex2007 ($2 in chips) 
floriano1946: posts small blind $0.01
the_brave83: posts big blind $0.02
*** HOLE CARDS ***
Dealt to Dorex2007 [2c 5h]
D.Razvan13: calls $0.02
Macg2021 joins the table at seat #1 
sawik777: raises $0.04 to $0.06
Xsem: folds 
Dorex2007: folds 
p34cey85: calls $0.06
floriano1946: folds 
the_brave83: folds 
D.Razvan13: calls $0.04
*** FLOP *** [Ac 3c 3s]
D.Razvan13: checks 
sawik777: checks 
p34cey85: bets $0.08
D.Razvan13: folds 
sawik777: folds 
Uncalled bet ($0.08) returned to p34cey85
p34cey85 collected $0.20 from pot
p34cey85: doesn't show hand 
*** SUMMARY ***
Total pot $0.21 | Rake $0.01 
Board [Ac 3c 3s]
Seat 2: p34cey85 (button) collected ($0.20)
Seat 3: floriano1946 (small blind) folded before Flop
Seat 4: the_brave83 (big blind) folded before Flop
Seat 5: D.Razvan13 folded on the Flop
Seat 6: sawik777 folded on the Flop
Seat 8: Xsem folded before Flop (didn't bet)
Seat 9: Dorex2007 folded before Flop (didn't bet)



PokerStars Hand #231199387679:  Hold'em No Limit ($0.01/$0.02 USD) - 2021/11/06 17:12:16 PT [2021/11/06 20:12:16 ET]
Table 'Bathseba II' 9-max Seat #3 is the button
Seat 1: Macg2021 ($0.80 in chips) 
Seat 2: p34cey85 ($3.37 in chips) 
Seat 3: floriano1946 ($1.99 in chips) 
Seat 5: D.Razvan13 ($1.81 in chips) 
Seat 6: sawik777 ($1.85 in chips) 
Seat 8: Xsem ($2.30 in chips) 
Seat 9: Dorex2007 ($2 in chips) 
D.Razvan13: posts small blind $0.01
sawik777: posts big blind $0.02
Macg2021: posts big blind $0.02
*** HOLE CARDS ***
Dealt to Dorex2007 [Ah Js]
Xsem: folds 
Dorex2007: raises $0.02 to $0.04
Macg2021: calls $0.02
p34cey85: folds 
floriano1946: folds 
D.Razvan13: calls $0.03
sawik777: folds 
*** FLOP *** [Qc 8c Qd]
D.Razvan13: checks 
Dorex2007: bets $0.07
Macg2021: raises $0.69 to $0.76 and is all-in
D.Razvan13: folds 
Dorex2007: folds 
Uncalled bet ($0.69) returned to Macg2021
Macg2021 collected $0.27 from pot
Macg2021: doesn't show hand 
*** SUMMARY ***
Total pot $0.28 | Rake $0.01 
Board [Qc 8c Qd]
Seat 1: Macg2021 collected ($0.27)
Seat 2: p34cey85 folded before Flop (didn't bet)
Seat 3: floriano1946 (button) folded before Flop (didn't bet)
Seat 5: D.Razvan13 (small blind) folded on the Flop
Seat 6: sawik777 (big blind) folded before Flop
Seat 8: Xsem folded before Flop (didn't bet)
Seat 9: Dorex2007 folded on the Flop



PokerStars Hand #231199396581:  Hold'em No Limit ($0.01/$0.02 USD) - 2021/11/06 17:12:43 PT [2021/11/06 20:12:43 ET]
Table 'Bathseba II' 9-max Seat #5 is the button
Seat 1: Macg2021 ($0.96 in chips) 
Seat 2: p34cey85 ($3.37 in chips) 
Seat 3: floriano1946 ($1.99 in chips) 
Seat 5: D.Razvan13 ($1.77 in chips) 
Seat 6: sawik777 ($1.83 in chips) 
Seat 8: Xsem ($2.30 in chips) 
Seat 9: Dorex2007 ($2 in chips) 
sawik777: posts small blind $0.01
Xsem: posts big blind $0.02
*** HOLE CARDS ***
Dealt to Dorex2007 [7s 3s]
Dorex2007: folds 
Macg2021: folds 
p34cey85: calls $0.02
floriano1946: folds 
D.Razvan13: calls $0.02
sawik777: calls $0.01
Xsem: raises $0.06 to $0.08
p34cey85: folds 
D.Razvan13: calls $0.06
sawik777: folds 
*** FLOP *** [7h 7c 9d]
Xsem: checks 
D.Razvan13: checks 
*** TURN *** [7h 7c 9d] [Qd]
sawik777 leaves the table
Xsem: bets $0.10
D.Razvan13: calls $0.10
*** RIVER *** [7h 7c 9d Qd] [4s]
CasObserver joins the table at seat #6 
Xsem: checks 
D.Razvan13: checks 
*** SHOW DOWN ***
Xsem: shows [Ks Td] (a pair of Sevens)
D.Razvan13: mucks hand 
Xsem collected $0.39 from pot
*** SUMMARY ***
Total pot $0.40 | Rake $0.01 
Board [7h 7c 9d Qd 4s]
Seat 1: Macg2021 folded before Flop (didn't bet)
Seat 2: p34cey85 folded before Flop
Seat 3: floriano1946 folded before Flop (didn't bet)
Seat 5: D.Razvan13 (button) mucked [6d 8c]
Seat 6: sawik777 (small blind) folded before Flop
Seat 8: Xsem (big blind) showed [Ks Td] and won ($0.39) with a pair of Sevens
Seat 9: Dorex2007 folded before Flop (didn't bet)



PokerStars Hand #231199414490:  Hold'em No Limit ($0.01/$0.02 USD) - 2021/11/06 17:13:37 PT [2021/11/06 20:13:37 ET]
Table 'Bathseba II' 9-max Seat #8 is the button
Seat 1: Macg2021 ($0.96 in chips) 
Seat 2: p34cey85 ($3.35 in chips) 
Seat 3: floriano1946 ($1.99 in chips) 
Seat 5: D.Razvan13 ($1.59 in chips) 
Seat 8: Xsem ($2.51 in chips) 
Seat 9: Dorex2007 ($2 in chips) 
Dorex2007: posts small blind $0.01
Macg2021: posts big blind $0.02
CasObserver: sits out 
*** HOLE CARDS ***
Dealt to Dorex2007 [Jc 4c]
p34cey85: calls $0.02
floriano1946: calls $0.02
D.Razvan13: calls $0.02
Xsem: folds 
Dorex2007: folds 
Macg2021: checks 
*** FLOP *** [6h 8d 2h]
Macg2021: checks 
p34cey85: checks 
floriano1946: bets $0.09
D.Razvan13: folds 
Macg2021: folds 
p34cey85: folds 
Uncalled bet ($0.09) returned to floriano1946
floriano1946 collected $0.09 from pot
floriano1946: doesn't show hand 
*** SUMMARY ***
Total pot $0.09 | Rake $0 
Board [6h 8d 2h]
Seat 1: Macg2021 (big blind) folded on the Flop
Seat 2: p34cey85 folded on the Flop
Seat 3: floriano1946 collected ($0.09)
Seat 5: D.Razvan13 folded on the Flop
Seat 8: Xsem (button) folded before Flop (didn't bet)
Seat 9: Dorex2007 (small blind) folded before Flop



PokerStars Hand #231199426669:  Hold'em No Limit ($0.01/$0.02 USD) - 2021/11/06 17:14:14 PT [2021/11/06 20:14:14 ET]
Table 'Bathseba II' 9-max Seat #9 is the button
Seat 2: p34cey85 ($3.33 in chips) 
Seat 3: floriano1946 ($2.06 in chips) 
Seat 5: D.Razvan13 ($1.57 in chips) 
Seat 8: Xsem ($2.51 in chips) 
Seat 9: Dorex2007 ($2 in chips) 
p34cey85: posts small blind $0.01
floriano1946: posts big blind $0.02
the_brave83: sits out 
CasObserver: sits out 
*** HOLE CARDS ***
Dealt to Dorex2007 [Th 5d]
D.Razvan13: folds 
Xsem: folds 
Dorex2007: folds 
p34cey85: calls $0.01
floriano1946: checks 
*** FLOP *** [2h As Jh]
p34cey85: checks 
floriano1946: bets $0.04
p34cey85: calls $0.04
*** TURN *** [2h As Jh] [9c]
p34cey85: checks 
floriano1946: bets $0.12
p34cey85: calls $0.12
*** RIVER *** [2h As Jh 9c] [Kc]
p34cey85: checks 
floriano1946: bets $0.04
p34cey85: calls $0.04
*** SHOW DOWN ***
floriano1946: shows [9s Ad] (two pair, Aces and Nines)
p34cey85: mucks hand 
floriano1946 collected $0.42 from pot
*** SUMMARY ***
Total pot $0.44 | Rake $0.02 
Board [2h As Jh 9c Kc]
Seat 2: p34cey85 (small blind) mucked [Ac 5h]
Seat 3: floriano1946 (big blind) showed [9s Ad] and won ($0.42) with two pair, Aces and Nines
Seat 5: D.Razvan13 folded before Flop (didn't bet)
Seat 8: Xsem folded before Flop (didn't bet)
Seat 9: Dorex2007 (button) folded before Flop (didn't bet)



PokerStars Hand #231199441639:  Hold'em No Limit ($0.01/$0.02 USD) - 2021/11/06 17:15:00 PT [2021/11/06 20:15:00 ET]
Table 'Bathseba II' 9-max Seat #2 is the button
Seat 2: p34cey85 ($3.11 in chips) 
Seat 3: floriano1946 ($2.26 in chips) 
Seat 4: the_brave83 ($2.37 in chips) 
Seat 5: D.Razvan13 ($1.57 in chips) 
Seat 8: Xsem ($2.51 in chips) 
Seat 9: Dorex2007 ($2 in chips) 
floriano1946: posts small blind $0.01
the_brave83: posts big blind $0.02
CasObserver: sits out 
*** HOLE CARDS ***
Dealt to Dorex2007 [Qc Ks]
D.Razvan13: folds 
Xsem: folds 
Dorex2007: raises $0.02 to $0.04
p34cey85: calls $0.04
floriano1946: folds 
the_brave83: raises $0.02 to $0.06
Dorex2007: calls $0.02
p34cey85: calls $0.02
*** FLOP *** [Ad Ac Kd]
floriano1946 leaves the table
the_brave83: bets $0.18
Dorex2007: folds 
p34cey85: calls $0.18
*** TURN *** [Ad Ac Kd] [Kh]
the_brave83: checks 
p34cey85: checks 
*** RIVER *** [Ad Ac Kd Kh] [9c]
the_brave83: checks 
p34cey85: bets $0.26
the_brave83: calls $0.26
*** SHOW DOWN ***
p34cey85: shows [8s Ah] (a full house, Aces full of Kings)
the_brave83: mucks hand 
p34cey85 collected $1.03 from pot
*** SUMMARY ***
Total pot $1.07 | Rake $0.04 
Board [Ad Ac Kd Kh 9c]
Seat 2: p34cey85 (button) showed [8s Ah] and won ($1.03) with a full house, Aces full of Kings
Seat 3: floriano1946 (small blind) folded before Flop
Seat 4: the_brave83 (big blind) mucked [5c 5h]
Seat 5: D.Razvan13 folded before Flop (didn't bet)
Seat 8: Xsem folded before Flop (didn't bet)
Seat 9: Dorex2007 folded on the Flop



PokerStars Hand #231199463232:  Hold'em No Limit ($0.01/$0.02 USD) - 2021/11/06 17:15:50 PT [2021/11/06 20:15:50 ET]
Table 'Bathseba II' 9-max Seat #4 is the button
Seat 2: p34cey85 ($3.64 in chips) 
Seat 4: the_brave83 ($1.87 in chips) 
Seat 5: D.Razvan13 ($1.57 in chips) 
Seat 6: CasObserver ($1 in chips) 
Seat 8: Xsem ($2.51 in chips) 
Seat 9: Dorex2007 ($2 in chips) 
D.Razvan13: posts small blind $0.01
CasObserver: posts big blind $0.02
*** HOLE CARDS ***
Dealt to Dorex2007 [4h 2d]
Xsem: raises $0.04 to $0.06
Dorex2007: folds 
p34cey85: calls $0.06
the_brave83: folds 
D.Razvan13: raises $0.04 to $0.10
CasObserver: calls $0.08
Xsem: calls $0.04
p34cey85: calls $0.04
*** FLOP *** [6c 7d 7h]
D.Razvan13: checks 
Xapok Shark joins the table at seat #3 
CasObserver: bets $0.14
Xsem: folds 
p34cey85: calls $0.14
D.Razvan13: calls $0.14
*** TURN *** [6c 7d 7h] [6h]
D.Razvan13: checks 
CasObserver: bets $0.76 and is all-in
p34cey85: folds 
D.Razvan13: folds 
Uncalled bet ($0.76) returned to CasObserver
CasObserver collected $0.79 from pot
CasObserver: doesn't show hand 
*** SUMMARY ***
Total pot $0.82 | Rake $0.03 
Board [6c 7d 7h 6h]
Seat 2: p34cey85 folded on the Turn
Seat 4: the_brave83 (button) folded before Flop (didn't bet)
Seat 5: D.Razvan13 (small blind) folded on the Turn
Seat 6: CasObserver (big blind) collected ($0.79)
Seat 8: Xsem folded on the Flop
Seat 9: Dorex2007 folded before Flop (didn't bet)



PokerStars Hand #231199482074:  Hold'em No Limit ($0.01/$0.02 USD) - 2021/11/06 17:16:46 PT [2021/11/06 20:16:46 ET]
Table 'Bathseba II' 9-max Seat #5 is the button
Seat 1: Macg2021 ($0.94 in chips) 
Seat 2: p34cey85 ($3.40 in chips) 
Seat 4: the_brave83 ($1.87 in chips) 
Seat 5: D.Razvan13 ($1.33 in chips) 
Seat 6: CasObserver ($1.55 in chips) 
Seat 8: Xsem ($2.41 in chips) 
Seat 9: Dorex2007 ($2 in chips) 
CasObserver: posts small blind $0.01
Xsem: posts big blind $0.02
Macg2021: posts small blind $0.01
Xapok Shark: sits out 
*** HOLE CARDS ***
Dealt to Dorex2007 [3c 4c]
Dorex2007: folds 
Macg2021: calls $0.02
p34cey85: calls $0.02
the_brave83: raises $0.04 to $0.06
D.Razvan13: calls $0.06
CasObserver: folds 
Xsem: folds 
Macg2021: calls $0.04
p34cey85: calls $0.04
*** FLOP *** [5d 9c 7h]
Macg2021: checks 
p34cey85: checks 
the_brave83: bets $0.27
D.Razvan13: folds 
Macg2021: calls $0.27
p34cey85: folds 
*** TURN *** [5d 9c 7h] [9d]
Macg2021: bets $0.60 and is all-in
the_brave83: calls $0.60
*** RIVER *** [5d 9c 7h 9d] [9s]
*** SHOW DOWN ***
Macg2021: shows [8d 7c] (a full house, Nines full of Sevens)
the_brave83: shows [8c 8h] (a full house, Nines full of Eights)
the_brave83 collected $1.93 from pot
*** SUMMARY ***
Total pot $2.02 | Rake $0.09 
Board [5d 9c 7h 9d 9s]
Seat 1: Macg2021 showed [8d 7c] and lost with a full house, Nines full of Sevens
Seat 2: p34cey85 folded on the Flop
Seat 4: the_brave83 showed [8c 8h] and won ($1.93) with a full house, Nines full of Eights
Seat 5: D.Razvan13 (button) folded on the Flop
Seat 6: CasObserver (small blind) folded before Flop
Seat 8: Xsem (big blind) folded before Flop
Seat 9: Dorex2007 folded before Flop (didn't bet)



PokerStars Hand #231199502022:  Hold'em No Limit ($0.01/$0.02 USD) - 2021/11/06 17:17:48 PT [2021/11/06 20:17:48 ET]
Table 'Bathseba II' 9-max Seat #6 is the button
Seat 2: p34cey85 ($3.34 in chips) 
Seat 3: Xapok Shark ($1.21 in chips) 
Seat 4: the_brave83 ($2.87 in chips) 
Seat 5: D.Razvan13 ($1.27 in chips) 
Seat 6: CasObserver ($1.54 in chips) 
Seat 8: Xsem ($2.39 in chips) 
Seat 9: Dorex2007 ($2 in chips) 
Xsem: posts small blind $0.01
Dorex2007: posts big blind $0.02
Xapok Shark: posts big blind $0.02
*** HOLE CARDS ***
Dealt to Dorex2007 [Th Ac]
p34cey85: folds 
Xapok Shark: checks 
the_brave83: folds 
D.Razvan13: calls $0.02
CasObserver: folds 
Xsem: folds 
Dorex2007: checks 
*** FLOP *** [Td Ks 2c]
Dorex2007: bets $0.04
Xapok Shark: folds 
D.Razvan13: calls $0.04
*** TURN *** [Td Ks 2c] [Kh]
Dorex2007: bets $0.07
D.Razvan13: folds 
Uncalled bet ($0.07) returned to Dorex2007
Dorex2007 collected $0.14 from pot
Dorex2007: doesn't show hand 
*** SUMMARY ***
Total pot $0.15 | Rake $0.01 
Board [Td Ks 2c Kh]
Seat 2: p34cey85 folded before Flop (didn't bet)
Seat 3: Xapok Shark folded on the Flop (didn't bet)
Seat 4: the_brave83 folded before Flop (didn't bet)
Seat 5: D.Razvan13 folded on the Turn
Seat 6: CasObserver (button) folded before Flop (didn't bet)
Seat 8: Xsem (small blind) folded before Flop
Seat 9: Dorex2007 (big blind) collected ($0.14)



PokerStars Hand #231199525026:  Hold'em No Limit ($0.01/$0.02 USD) - 2021/11/06 17:18:29 PT [2021/11/06 20:18:29 ET]
Table 'Bathseba II' 9-max Seat #8 is the button
Seat 2: p34cey85 ($3.34 in chips) 
Seat 3: Xapok Shark ($1.19 in chips) 
Seat 4: the_brave83 ($2.87 in chips) 
Seat 5: D.Razvan13 ($1.21 in chips) 
Seat 6: CasObserver ($1.54 in chips) 
Seat 8: Xsem ($2.38 in chips) 
Seat 9: Dorex2007 ($2.08 in chips) 
Dorex2007: posts small blind $0.01
p34cey85: posts big blind $0.02
*** HOLE CARDS ***
Dealt to Dorex2007 [9d 4c]
Xapok Shark: calls $0.02
the_brave83: folds 
D.Razvan13: calls $0.02
CasObserver: folds 
Xsem: raises $0.02 to $0.04
Dorex2007: folds 
p34cey85: calls $0.02
Xapok Shark: calls $0.02
D.Razvan13: calls $0.02
*** FLOP *** [3s 4d 5d]
p34cey85: checks 
Xapok Shark: checks 
D.Razvan13: checks 
Xsem: bets $0.08
p34cey85: folds 
Xapok Shark: calls $0.08
D.Razvan13: calls $0.08
*** TURN *** [3s 4d 5d] [Ts]
Xapok Shark: checks 
D.Razvan13: checks 
Xsem: checks 
*** RIVER *** [3s 4d 5d Ts] [Qd]
Xapok Shark: checks 
D.Razvan13: checks 
Xsem: checks 
*** SHOW DOWN ***
Xapok Shark: shows [8h 4h] (a pair of Fours)
D.Razvan13: mucks hand 
Xsem: mucks hand 
Xapok Shark collected $0.40 from pot
*** SUMMARY ***
Total pot $0.41 | Rake $0.01 
Board [3s 4d 5d Ts Qd]
Seat 2: p34cey85 (big blind) folded on the Flop
Seat 3: Xapok Shark showed [8h 4h] and won ($0.40) with a pair of Fours
Seat 4: the_brave83 folded before Flop (didn't bet)
Seat 5: D.Razvan13 mucked [9h 6d]
Seat 6: CasObserver folded before Flop (didn't bet)
Seat 8: Xsem (button) mucked [As 3h]
Seat 9: Dorex2007 (small blind) folded before Flop



PokerStars Hand #231199544352:  Hold'em No Limit ($0.01/$0.02 USD) - 2021/11/06 17:19:29 PT [2021/11/06 20:19:29 ET]
Table 'Bathseba II' 9-max Seat #9 is the button
Seat 2: p34cey85 ($3.30 in chips) 
Seat 3: Xapok Shark ($1.47 in chips) 
Seat 4: the_brave83 ($2.87 in chips) 
Seat 5: D.Razvan13 ($1.09 in chips) 
Seat 6: CasObserver ($1.54 in chips) 
Seat 8: Xsem ($2.26 in chips) 
Seat 9: Dorex2007 ($2.07 in chips) 
p34cey85: posts small blind $0.01
Xapok Shark: posts big blind $0.02
*** HOLE CARDS ***
Dealt to Dorex2007 [5d Ac]
the_brave83: raises $0.04 to $0.06
D.Razvan13: folds 
CasObserver: folds 
Xsem: raises $0.04 to $0.10
Dorex2007: folds 
p34cey85: folds 
Xapok Shark: calls $0.08
the_brave83: raises $0.08 to $0.18
Xsem: calls $0.08
Xapok Shark: calls $0.08
*** FLOP *** [9d Jh 3h]
Xapok Shark: checks 
the_brave83: bets $0.27
Xsem: calls $0.27
Xapok Shark: calls $0.27
*** TURN *** [9d Jh 3h] [2h]
Xapok Shark: checks 
the_brave83: bets $0.66
Xsem: calls $0.66
Xapok Shark: calls $0.66
*** RIVER *** [9d Jh 3h 2h] [9s]
Xapok Shark: checks 
the_brave83: bets $1.76 and is all-in
Xsem: calls $1.15 and is all-in
Xapok Shark: folds 
Uncalled bet ($0.61) returned to the_brave83
*** SHOW DOWN ***
the_brave83: shows [Kc Kh] (two pair, Kings and Nines)
Xsem: shows [Jc Qh] (two pair, Jacks and Nines)
the_brave83 collected $5.39 from pot
*** SUMMARY ***
Total pot $5.64 | Rake $0.25 
Board [9d Jh 3h 2h 9s]
Seat 2: p34cey85 (small blind) folded before Flop
Seat 3: Xapok Shark (big blind) folded on the River
Seat 4: the_brave83 showed [Kc Kh] and won ($5.39) with two pair, Kings and Nines
Seat 5: D.Razvan13 folded before Flop (didn't bet)
Seat 6: CasObserver folded before Flop (didn't bet)
Seat 8: Xsem showed [Jc Qh] and lost with two pair, Jacks and Nines
Seat 9: Dorex2007 (button) folded before Flop (didn't bet)



PokerStars Hand #231199583851:  Hold'em No Limit ($0.01/$0.02 USD) - 2021/11/06 17:21:31 PT [2021/11/06 20:21:31 ET]
Table 'Bathseba II' 9-max Seat #2 is the button
Seat 2: p34cey85 ($3.29 in chips) 
Seat 3: Xapok Shark ($0.36 in chips) 
Seat 4: the_brave83 ($6 in chips) 
Seat 5: D.Razvan13 ($1.09 in chips) 
Seat 6: CasObserver ($1.54 in chips) 
Seat 7: CamguyPEI ($1.25 in chips) 
Seat 9: Dorex2007 ($2.07 in chips) 
Xapok Shark: posts small blind $0.01
the_brave83: posts big blind $0.02
CamguyPEI: posts small & big blinds $0.03
*** HOLE CARDS ***
Dealt to Dorex2007 [Jc 3d]
D.Razvan13: calls $0.02
CasObserver: calls $0.02
CamguyPEI: checks 
Dorex2007: folds 
p34cey85: calls $0.02
Xapok Shark: calls $0.01
the_brave83: checks 
*** FLOP *** [Jh As 2h]
Xapok Shark: checks 
the_brave83: checks 
D.Razvan13: checks 
CasObserver: bets $0.04
CamguyPEI: folds 
p34cey85: folds 
Xapok Shark: calls $0.04
the_brave83: folds 
D.Razvan13: folds 
*** TURN *** [Jh As 2h] [Jd]
Xapok Shark: checks 
CasObserver: checks 
*** RIVER *** [Jh As 2h Jd] [4c]
Xapok Shark: checks 
CasObserver: checks 
*** SHOW DOWN ***
Xapok Shark: shows [Tc Qd] (a pair of Jacks)
CasObserver: shows [Kh 4h] (two pair, Jacks and Fours)
CasObserver collected $0.20 from pot
*** SUMMARY ***
Total pot $0.21 | Rake $0.01 
Board [Jh As 2h Jd 4c]
Seat 2: p34cey85 (button) folded on the Flop
Seat 3: Xapok Shark (small blind) showed [Tc Qd] and lost with a pair of Jacks
Seat 4: the_brave83 (big blind) folded on the Flop
Seat 5: D.Razvan13 folded on the Flop
Seat 6: CasObserver showed [Kh 4h] and won ($0.20) with two pair, Jacks and Fours
Seat 7: CamguyPEI folded on the Flop (didn't bet)
Seat 9: Dorex2007 folded before Flop (didn't bet)



PokerStars Hand #231199602305:  Hold'em No Limit ($0.01/$0.02 USD) - 2021/11/06 17:22:30 PT [2021/11/06 20:22:30 ET]
Table 'Bathseba II' 9-max Seat #3 is the button
Seat 2: p34cey85 ($3.27 in chips) 
Seat 3: Xapok Shark ($0.30 in chips) 
Seat 4: the_brave83 ($5.98 in chips) 
Seat 5: D.Razvan13 ($1.07 in chips) 
Seat 6: CasObserver ($1.68 in chips) 
Seat 7: CamguyPEI ($1.22 in chips) 
Seat 9: Dorex2007 ($2.07 in chips) 
the_brave83: posts small blind $0.01
D.Razvan13: posts big blind $0.02
*** HOLE CARDS ***
Dealt to Dorex2007 [2c 2h]
CasObserver: folds 
CamguyPEI: folds 
Dorex2007: raises $0.04 to $0.06
p34cey85: folds 
Xapok Shark: raises $0.24 to $0.30 and is all-in
the_brave83: raises $0.30 to $0.60
D.Razvan13: folds 
Dorex2007: folds 
Uncalled bet ($0.30) returned to the_brave83
*** FLOP *** [3c 8d Tc]
*** TURN *** [3c 8d Tc] [6s]
*** RIVER *** [3c 8d Tc 6s] [4c]
*** SHOW DOWN ***
the_brave83: shows [Ks Ac] (high card Ace)
Xapok Shark: shows [3d Qh] (a pair of Threes)
Xapok Shark collected $0.66 from pot
*** SUMMARY ***
Total pot $0.68 | Rake $0.02 
Board [3c 8d Tc 6s 4c]
Seat 2: p34cey85 folded before Flop (didn't bet)
Seat 3: Xapok Shark (button) showed [3d Qh] and won ($0.66) with a pair of Threes
Seat 4: the_brave83 (small blind) showed [Ks Ac] and lost with high card Ace
Seat 5: D.Razvan13 (big blind) folded before Flop
Seat 6: CasObserver folded before Flop (didn't bet)
Seat 7: CamguyPEI folded before Flop (didn't bet)
Seat 9: Dorex2007 folded before Flop



PokerStars Hand #231199613429:  Hold'em No Limit ($0.01/$0.02 USD) - 2021/11/06 17:23:05 PT [2021/11/06 20:23:05 ET]
Table 'Bathseba II' 9-max Seat #4 is the button
Seat 2: p34cey85 ($3.27 in chips) 
Seat 3: Xapok Shark ($0.66 in chips) 
Seat 4: the_brave83 ($5.68 in chips) 
Seat 5: D.Razvan13 ($1.05 in chips) 
Seat 6: CasObserver ($1.68 in chips) 
Seat 7: CamguyPEI ($1.22 in chips) 
Seat 9: Dorex2007 ($2.01 in chips) 
D.Razvan13: posts small blind $0.01
CasObserver: posts big blind $0.02
*** HOLE CARDS ***
Dealt to Dorex2007 [5c 6s]
CamguyPEI: folds 
Dorex2007: folds 
p34cey85: calls $0.02
Xapok Shark: raises $0.28 to $0.30
the_brave83: raises $0.42 to $0.72
D.Razvan13: folds 
CasObserver: folds 
p34cey85: calls $0.70
Xapok Shark: calls $0.36 and is all-in
*** FLOP *** [5h 9s 4h]
p34cey85: checks 
the_brave83: checks 
*** TURN *** [5h 9s 4h] [8s]
p34cey85: checks 
the_brave83: checks 
*** RIVER *** [5h 9s 4h 8s] [6h]
p34cey85: checks 
the_brave83: checks 
*** SHOW DOWN ***
p34cey85: shows [Ah Kc] (high card Ace)
the_brave83: shows [Ad Kd] (high card Ace)
p34cey85 collected $0.06 from side pot
the_brave83 collected $0.06 from side pot
Xapok Shark: mucks hand 
p34cey85 collected $0.97 from main pot
the_brave83 collected $0.96 from main pot
*** SUMMARY ***
Total pot $2.13 Main pot $1.93. Side pot $0.12. | Rake $0.08 
Board [5h 9s 4h 8s 6h]
Seat 2: p34cey85 showed [Ah Kc] and won ($1.03) with high card Ace
Seat 3: Xapok Shark mucked [Qd Td]
Seat 4: the_brave83 (button) showed [Ad Kd] and won ($1.02) with high card Ace
Seat 5: D.Razvan13 (small blind) folded before Flop
Seat 6: CasObserver (big blind) folded before Flop
Seat 7: CamguyPEI folded before Flop (didn't bet)
Seat 9: Dorex2007 folded before Flop (didn't bet)



PokerStars Hand #231199628323:  Hold'em No Limit ($0.01/$0.02 USD) - 2021/11/06 17:23:51 PT [2021/11/06 20:23:51 ET]
Table 'Bathseba II' 9-max Seat #5 is the button
Seat 2: p34cey85 ($3.58 in chips) 
Seat 4: the_brave83 ($5.98 in chips) 
Seat 5: D.Razvan13 ($1.04 in chips) 
Seat 6: CasObserver ($1.66 in chips) 
Seat 7: CamguyPEI ($1.22 in chips) 
Seat 8: Xsem ($2 in chips) 
Seat 9: Dorex2007 ($2.01 in chips) 
CasObserver: posts small blind $0.01
CamguyPEI: posts big blind $0.02
*** HOLE CARDS ***
Dealt to Dorex2007 [3d 6d]
Xapok Shark leaves the table
Xsem: folds 
Dorex2007: folds 
p34cey85: calls $0.02
613MJC416 joins the table at seat #3 
the_brave83: calls $0.02
D.Razvan13: folds 
CasObserver: calls $0.01
CamguyPEI: checks 
*** FLOP *** [Ad 9s Tc]
CasObserver: bets $0.04
CamguyPEI: folds 
p34cey85: folds 
p34cey85 leaves the table
the_brave83: folds 
Uncalled bet ($0.04) returned to CasObserver
CasObserver collected $0.08 from pot
CasObserver: doesn't show hand 
*** SUMMARY ***
Total pot $0.08 | Rake $0 
Board [Ad 9s Tc]
Seat 2: p34cey85 folded on the Flop
Seat 4: the_brave83 folded on the Flop
Seat 5: D.Razvan13 (button) folded before Flop (didn't bet)
Seat 6: CasObserver (small blind) collected ($0.08)
Seat 7: CamguyPEI (big blind) folded on the Flop
Seat 8: Xsem folded before Flop (didn't bet)
Seat 9: Dorex2007 folded before Flop (didn't bet)



PokerStars Hand #231199641785:  Hold'em No Limit ($0.01/$0.02 USD) - 2021/11/06 17:24:33 PT [2021/11/06 20:24:33 ET]
Table 'Bathseba II' 9-max Seat #6 is the button
Seat 3: 613MJC416 ($1.60 in chips) 
Seat 4: the_brave83 ($5.96 in chips) 
Seat 5: D.Razvan13 ($1.04 in chips) 
Seat 6: CasObserver ($1.72 in chips) 
Seat 7: CamguyPEI ($1.20 in chips) 
Seat 8: Xsem ($2 in chips) 
Seat 9: Dorex2007 ($2.01 in chips) 
CamguyPEI: posts small blind $0.01
Xsem: posts big blind $0.02
613MJC416: posts big blind $0.02
*** HOLE CARDS ***
Dealt to Dorex2007 [6s 2d]
Dorex2007: folds 
613MJC416: checks 
the_brave83: folds 
D.Razvan13: calls $0.02
CasObserver: calls $0.02
CamguyPEI: calls $0.01
Xsem: checks 
*** FLOP *** [4c Tc Jc]
CamguyPEI: bets $0.05
Xsem: folds 
613MJC416: calls $0.05
D.Razvan13: folds 
CasObserver: calls $0.05
*** TURN *** [4c Tc Jc] [Th]
tekuez joins the table at seat #2 
CamguyPEI: checks 
613MJC416: checks 
CasObserver: bets $0.10
CamguyPEI: calls $0.10
613MJC416: calls $0.10
*** RIVER *** [4c Tc Jc Th] [Ad]
CamguyPEI: checks 
613MJC416: checks 
CasObserver: bets $0.53
CamguyPEI: folds 
613MJC416: folds 
Uncalled bet ($0.53) returned to CasObserver
CasObserver collected $0.53 from pot
CasObserver: doesn't show hand 
*** SUMMARY ***
Total pot $0.55 | Rake $0.02 
Board [4c Tc Jc Th Ad]
Seat 3: 613MJC416 folded on the River
Seat 4: the_brave83 folded before Flop (didn't bet)
Seat 5: D.Razvan13 folded on the Flop
Seat 6: CasObserver (button) collected ($0.53)
Seat 7: CamguyPEI (small blind) folded on the River
Seat 8: Xsem (big blind) folded on the Flop
Seat 9: Dorex2007 folded before Flop (didn't bet)



PokerStars Hand #231199671628:  Hold'em No Limit ($0.01/$0.02 USD) - 2021/11/06 17:26:07 PT [2021/11/06 20:26:07 ET]
Table 'Bathseba II' 9-max Seat #7 is the button
Seat 2: tekuez ($2 in chips) 
Seat 3: 613MJC416 ($1.43 in chips) 
Seat 4: the_brave83 ($5.96 in chips) 
Seat 5: D.Razvan13 ($1.02 in chips) 
Seat 6: CasObserver ($2.08 in chips) 
Seat 7: CamguyPEI ($1.03 in chips) 
Seat 8: Xsem ($1.98 in chips) 
Seat 9: Dorex2007 ($2.01 in chips) 
Xsem: posts small blind $0.01
Dorex2007: posts big blind $0.02
tekuez: posts big blind $0.02
*** HOLE CARDS ***
Dealt to Dorex2007 [Ts 4s]
tekuez: checks 
613MJC416: calls $0.02
the_brave83: raises $0.04 to $0.06
D.Razvan13: raises $0.04 to $0.10
CasObserver: folds 
CamguyPEI: folds 
Xsem: folds 
Dorex2007: folds 
tekuez: folds 
613MJC416: folds 
the_brave83: calls $0.04
*** FLOP *** [7s Td 8h]
the_brave83: checks 
D.Razvan13: checks 
*** TURN *** [7s Td 8h] [Tc]
the_brave83: checks 
D.Razvan13: checks 
*** RIVER *** [7s Td 8h Tc] [5d]
the_brave83: checks 
D.Razvan13: checks 
*** SHOW DOWN ***
the_brave83: shows [6s 6c] (two pair, Tens and Sixes)
D.Razvan13: mucks hand 
the_brave83 collected $0.26 from pot
*** SUMMARY ***
Total pot $0.27 | Rake $0.01 
Board [7s Td 8h Tc 5d]
Seat 2: tekuez folded before Flop (didn't bet)
Seat 3: 613MJC416 folded before Flop
Seat 4: the_brave83 showed [6s 6c] and won ($0.26) with two pair, Tens and Sixes
Seat 5: D.Razvan13 mucked [Ad Kd]
Seat 6: CasObserver folded before Flop (didn't bet)
Seat 7: CamguyPEI (button) folded before Flop (didn't bet)
Seat 8: Xsem (small blind) folded before Flop
Seat 9: Dorex2007 (big blind) folded before Flop



PokerStars Hand #231199689112:  Hold'em No Limit ($0.01/$0.02 USD) - 2021/11/06 17:27:02 PT [2021/11/06 20:27:02 ET]
Table 'Bathseba II' 9-max Seat #8 is the button
Seat 2: tekuez ($1.98 in chips) 
Seat 3: 613MJC416 ($1.41 in chips) 
Seat 4: the_brave83 ($6.12 in chips) 
Seat 5: D.Razvan13 ($0.92 in chips) 
Seat 6: CasObserver ($2.08 in chips) 
Seat 7: CamguyPEI ($1.03 in chips) 
Seat 8: Xsem ($1.97 in chips) 
Seat 9: Dorex2007 ($2 in chips) 
Dorex2007: posts small blind $0.01
tekuez: posts big blind $0.02
*** HOLE CARDS ***
Dealt to Dorex2007 [4c 6s]
613MJC416: calls $0.02
the_brave83: folds 
D.Razvan13: calls $0.02
CasObserver: folds 
CamguyPEI: raises $0.04 to $0.06
Xsem: folds 
Dorex2007: folds 
tekuez: folds 
613MJC416: calls $0.04
D.Razvan13: calls $0.04
*** FLOP *** [4h 2h 4s]
613MJC416: checks 
D.Razvan13: checks 
CamguyPEI: checks 
*** TURN *** [4h 2h 4s] [7s]
613MJC416: bets $0.10
D.Razvan13: folds 
CamguyPEI: folds 
Uncalled bet ($0.10) returned to 613MJC416
613MJC416 collected $0.20 from pot
613MJC416: doesn't show hand 
*** SUMMARY ***
Total pot $0.21 | Rake $0.01 
Board [4h 2h 4s 7s]
Seat 2: tekuez (big blind) folded before Flop
Seat 3: 613MJC416 collected ($0.20)
Seat 4: the_brave83 folded before Flop (didn't bet)
Seat 5: D.Razvan13 folded on the Turn
Seat 6: CasObserver folded before Flop (didn't bet)
Seat 7: CamguyPEI folded on the Turn
Seat 8: Xsem (button) folded before Flop (didn't bet)
Seat 9: Dorex2007 (small blind) folded before Flop



PokerStars Hand #231199707075:  Hold'em No Limit ($0.01/$0.02 USD) - 2021/11/06 17:27:59 PT [2021/11/06 20:27:59 ET]
Table 'Bathseba II' 9-max Seat #9 is the button
Seat 2: tekuez ($1.96 in chips) 
Seat 3: 613MJC416 ($1.55 in chips) 
Seat 4: the_brave83 ($6.12 in chips) 
Seat 5: D.Razvan13 ($0.86 in chips) 
Seat 6: CasObserver ($2.08 in chips) 
Seat 7: CamguyPEI ($0.97 in chips) 
Seat 8: Xsem ($1.97 in chips) 
Seat 9: Dorex2007 ($2 in chips) 
tekuez: posts small blind $0.01
613MJC416: posts big blind $0.02
*** HOLE CARDS ***
Dealt to Dorex2007 [6h 7h]
the_brave83: calls $0.02
D.Razvan13: folds 
CasObserver: folds 
CamguyPEI: folds 
Xsem: raises $0.03 to $0.05
Dorex2007: folds 
tekuez: folds 
613MJC416: calls $0.03
the_brave83: calls $0.03
*** FLOP *** [Jd 2h 8h]
613MJC416: checks 
the_brave83: bets $0.08
Xsem: calls $0.08
613MJC416: calls $0.08
*** TURN *** [Jd 2h 8h] [Ts]
613MJC416: bets $0.06
the_brave83: folds 
Xsem: calls $0.06
*** RIVER *** [Jd 2h 8h Ts] [5c]
613MJC416: bets $0.25
Xsem: calls $0.25
*** SHOW DOWN ***
613MJC416: shows [3h 5h] (a pair of Fives)
Xsem: shows [Jh Qh] (a pair of Jacks)
Xsem collected $0.98 from pot
*** SUMMARY ***
Total pot $1.02 | Rake $0.04 
Board [Jd 2h 8h Ts 5c]
Seat 2: tekuez (small blind) folded before Flop
Seat 3: 613MJC416 (big blind) showed [3h 5h] and lost with a pair of Fives
Seat 4: the_brave83 folded on the Turn
Seat 5: D.Razvan13 folded before Flop (didn't bet)
Seat 6: CasObserver folded before Flop (didn't bet)
Seat 7: CamguyPEI folded before Flop (didn't bet)
Seat 8: Xsem showed [Jh Qh] and won ($0.98) with a pair of Jacks
Seat 9: Dorex2007 (button) folded before Flop (didn't bet)



PokerStars Hand #231199736166:  Hold'em No Limit ($0.01/$0.02 USD) - 2021/11/06 17:29:07 PT [2021/11/06 20:29:07 ET]
Table 'Bathseba II' 9-max Seat #2 is the button
Seat 2: tekuez ($1.95 in chips) 
Seat 3: 613MJC416 ($1.11 in chips) 
Seat 4: the_brave83 ($5.99 in chips) 
Seat 5: D.Razvan13 ($0.86 in chips) 
Seat 6: CasObserver ($2.08 in chips) 
Seat 7: CamguyPEI ($0.97 in chips) 
Seat 8: Xsem ($2.51 in chips) 
Seat 9: Dorex2007 ($2 in chips) 
613MJC416: posts small blind $0.01
the_brave83: posts big blind $0.02
*** HOLE CARDS ***
Dealt to Dorex2007 [9d Kc]
D.Razvan13: raises $0.04 to $0.06
CasObserver: folds 
CamguyPEI: folds 
Xsem: folds 
Dorex2007: folds 
tekuez: folds 
613MJC416: folds 
the_brave83: calls $0.04
*** FLOP *** [As Jh 6d]
the_brave83: bets $0.07
D.Razvan13: calls $0.07
*** TURN *** [As Jh 6d] [Ts]
the_brave83: bets $0.13
D.Razvan13: raises $0.13 to $0.26
the_brave83: raises $0.78 to $1.04
D.Razvan13: calls $0.47 and is all-in
Uncalled bet ($0.31) returned to the_brave83
*** RIVER *** [As Jh 6d Ts] [Th]
*** SHOW DOWN ***
the_brave83: shows [Qd Ad] (two pair, Aces and Tens)
D.Razvan13: shows [Ac 8s] (two pair, Aces and Tens - lower kicker)
the_brave83 collected $1.65 from pot
*** SUMMARY ***
Total pot $1.73 | Rake $0.08 
Board [As Jh 6d Ts Th]
Seat 2: tekuez (button) folded before Flop (didn't bet)
Seat 3: 613MJC416 (small blind) folded before Flop
Seat 4: the_brave83 (big blind) showed [Qd Ad] and won ($1.65) with two pair, Aces and Tens
Seat 5: D.Razvan13 showed [Ac 8s] and lost with two pair, Aces and Tens
Seat 6: CasObserver folded before Flop (didn't bet)
Seat 7: CamguyPEI folded before Flop (didn't bet)
Seat 8: Xsem folded before Flop (didn't bet)
Seat 9: Dorex2007 folded before Flop (didn't bet)



PokerStars Hand #231199750192:  Hold'em No Limit ($0.01/$0.02 USD) - 2021/11/06 17:29:52 PT [2021/11/06 20:29:52 ET]
Table 'Bathseba II' 9-max Seat #3 is the button
Seat 2: tekuez ($1.95 in chips) 
Seat 3: 613MJC416 ($1.10 in chips) 
Seat 4: the_brave83 ($6.78 in chips) 
Seat 6: CasObserver ($2.08 in chips) 
Seat 7: CamguyPEI ($0.97 in chips) 
Seat 8: Xsem ($2.51 in chips) 
Seat 9: Dorex2007 ($2 in chips) 
the_brave83: posts small blind $0.01
CasObserver: posts big blind $0.02
*** HOLE CARDS ***
Dealt to Dorex2007 [Td 3s]
CamguyPEI: folds 
Xsem: folds 
Dorex2007: folds 
tekuez: folds 
613MJC416: folds 
the_brave83: folds 
Uncalled bet ($0.01) returned to CasObserver
CasObserver collected $0.02 from pot
CasObserver: doesn't show hand 
*** SUMMARY ***
Total pot $0.02 | Rake $0 
Seat 2: tekuez folded before Flop (didn't bet)
Seat 3: 613MJC416 (button) folded before Flop (didn't bet)
Seat 4: the_brave83 (small blind) folded before Flop
Seat 6: CasObserver (big blind) collected ($0.02)
Seat 7: CamguyPEI folded before Flop (didn't bet)
Seat 8: Xsem folded before Flop (didn't bet)
Seat 9: Dorex2007 folded before Flop (didn't bet)



PokerStars Hand #231199752976:  Hold'em No Limit ($0.01/$0.02 USD) - 2021/11/06 17:30:00 PT [2021/11/06 20:30:00 ET]
Table 'Bathseba II' 9-max Seat #4 is the button
Seat 2: tekuez ($1.95 in chips) 
Seat 3: 613MJC416 ($1.10 in chips) 
Seat 4: the_brave83 ($6.77 in chips) 
Seat 6: CasObserver ($2.09 in chips) 
Seat 7: CamguyPEI ($0.97 in chips) 
Seat 8: Xsem ($2.51 in chips) 
Seat 9: Dorex2007 ($2 in chips) 
CasObserver: posts small blind $0.01
CamguyPEI: posts big blind $0.02
*** HOLE CARDS ***
Dealt to Dorex2007 [2d 8d]
Xsem: folds 
Dorex2007: folds 
tekuez: folds 
613MJC416: folds 
the_brave83: folds 
CasObserver: raises $0.02 to $0.04
CamguyPEI: folds 
Uncalled bet ($0.02) returned to CasObserver
CasObserver collected $0.04 from pot
CasObserver: doesn't show hand 
*** SUMMARY ***
Total pot $0.04 | Rake $0 
Seat 2: tekuez folded before Flop (didn't bet)
Seat 3: 613MJC416 folded before Flop (didn't bet)
Seat 4: the_brave83 (button) folded before Flop (didn't bet)
Seat 6: CasObserver (small blind) collected ($0.04)
Seat 7: CamguyPEI (big blind) folded before Flop
Seat 8: Xsem folded before Flop (didn't bet)
Seat 9: Dorex2007 folded before Flop (didn't bet)



PokerStars Hand #231199758414:  Hold'em No Limit ($0.01/$0.02 USD) - 2021/11/06 17:30:17 PT [2021/11/06 20:30:17 ET]
Table 'Bathseba II' 9-max Seat #6 is the button
Seat 2: tekuez ($1.95 in chips) 
Seat 3: 613MJC416 ($1.10 in chips) 
Seat 4: the_brave83 ($6.77 in chips) 
Seat 5: D.Razvan13 ($2 in chips) 
Seat 6: CasObserver ($2.11 in chips) 
Seat 7: CamguyPEI ($0.95 in chips) 
Seat 8: Xsem ($2.51 in chips) 
Seat 9: Dorex2007 ($2 in chips) 
CamguyPEI: posts small blind $0.01
Xsem: posts big blind $0.02
D.Razvan13: posts small & big blinds $0.03
*** HOLE CARDS ***
Dealt to Dorex2007 [6h Ah]
Dorex2007: folds 
tekuez: folds 
613MJC416: raises $0.04 to $0.06
the_brave83: folds 
D.Razvan13: calls $0.04
CasObserver: folds 
CamguyPEI: folds 
Xsem: folds 
*** FLOP *** [6s 9c 7h]
613MJC416: checks 
D.Razvan13: checks 
*** TURN *** [6s 9c 7h] [8s]
613MJC416: checks 
D.Razvan13: bets $0.07
613MJC416: calls $0.07
*** RIVER *** [6s 9c 7h 8s] [2d]
613MJC416: checks 
D.Razvan13: bets $0.14
613MJC416: folds 
Uncalled bet ($0.14) returned to D.Razvan13
D.Razvan13 collected $0.29 from pot
D.Razvan13: doesn't show hand 
*** SUMMARY ***
Total pot $0.30 | Rake $0.01 
Board [6s 9c 7h 8s 2d]
Seat 2: tekuez folded before Flop (didn't bet)
Seat 3: 613MJC416 folded on the River
Seat 4: the_brave83 folded before Flop (didn't bet)
Seat 5: D.Razvan13 collected ($0.29)
Seat 6: CasObserver (button) folded before Flop (didn't bet)
Seat 7: CamguyPEI (small blind) folded before Flop
Seat 8: Xsem (big blind) folded before Flop
Seat 9: Dorex2007 folded before Flop (didn't bet)



PokerStars Hand #231199876998:  Hold'em No Limit ($0.01/$0.02 USD) - 2021/11/06 17:36:20 PT [2021/11/06 20:36:20 ET]
Table 'Bathseba II' 9-max Seat #2 is the button
Seat 1: IldeRider01 ($2 in chips) 
Seat 2: tekuez ($2.02 in chips) 
Seat 3: 613MJC416 ($0.92 in chips) 
Seat 4: the_brave83 ($6.71 in chips) 
Seat 5: D.Razvan13 ($1.37 in chips) 
Seat 6: CasObserver ($2.39 in chips) 
Seat 7: CamguyPEI ($0.97 in chips) 
Seat 8: Xsem ($2.93 in chips) 
Seat 9: Dorex2007 ($2 in chips) 
613MJC416: posts small blind $0.01
the_brave83: posts big blind $0.02
Dorex2007: posts small & big blinds $0.03
IldeRider01: posts big blind $0.02
*** HOLE CARDS ***
Dealt to Dorex2007 [Ts 4s]
D.Razvan13: folds 
CasObserver: folds 
CamguyPEI: folds 
Xsem: raises $0.08 to $0.10
Dorex2007: folds 
IldeRider01: folds 
tekuez: folds 
613MJC416: folds 
the_brave83: folds 
Uncalled bet ($0.08) returned to Xsem
Xsem collected $0.10 from pot
Xsem: doesn't show hand 
*** SUMMARY ***
Total pot $0.10 | Rake $0 
Seat 1: IldeRider01 folded before Flop (didn't bet)
Seat 2: tekuez (button) folded before Flop (didn't bet)
Seat 3: 613MJC416 (small blind) folded before Flop
Seat 4: the_brave83 (big blind) folded before Flop
Seat 5: D.Razvan13 folded before Flop (didn't bet)
Seat 6: CasObserver folded before Flop (didn't bet)
Seat 7: CamguyPEI folded before Flop (didn't bet)
Seat 8: Xsem collected ($0.10)
Seat 9: Dorex2007 folded before Flop (didn't bet)



PokerStars Hand #231199883432:  Hold'em No Limit ($0.01/$0.02 USD) - 2021/11/06 17:36:40 PT [2021/11/06 20:36:40 ET]
Table 'Bathseba II' 9-max Seat #3 is the button
Seat 1: IldeRider01 ($1.98 in chips) 
Seat 2: tekuez ($2.02 in chips) 
Seat 3: 613MJC416 ($0.91 in chips) 
Seat 4: the_brave83 ($6.69 in chips) 
Seat 5: D.Razvan13 ($1.37 in chips) 
Seat 6: CasObserver ($2.39 in chips) 
Seat 7: CamguyPEI ($0.97 in chips) 
Seat 8: Xsem ($3.01 in chips) 
Seat 9: Dorex2007 ($2 in chips) 
the_brave83: posts small blind $0.01
D.Razvan13: posts big blind $0.02
*** HOLE CARDS ***
Dealt to Dorex2007 [4c 8d]
CasObserver: folds 
CamguyPEI: folds 
CasObserver leaves the table
Xsem: raises $0.02 to $0.04
Dorex2007: folds 
IldeRider01: calls $0.04
tekuez: folds 
613MJC416: folds 
the_brave83: folds 
D.Razvan13: calls $0.02
*** FLOP *** [6c 9c Kc]
D.Razvan13: checks 
Xsem: checks 
IldeRider01: checks 
*** TURN *** [6c 9c Kc] [5s]
D.Razvan13: bets $0.06
Ebleco joins the table at seat #6 
Xsem: folds 
IldeRider01: calls $0.06
*** RIVER *** [6c 9c Kc 5s] [2d]
D.Razvan13: bets $0.12
IldeRider01: calls $0.12
*** SHOW DOWN ***
D.Razvan13: shows [Ks 5h] (two pair, Kings and Fives)
IldeRider01: mucks hand 
D.Razvan13 collected $0.47 from pot
*** SUMMARY ***
Total pot $0.49 | Rake $0.02 
Board [6c 9c Kc 5s 2d]
Seat 1: IldeRider01 mucked [Qs Kd]
Seat 2: tekuez folded before Flop (didn't bet)
Seat 3: 613MJC416 (button) folded before Flop (didn't bet)
Seat 4: the_brave83 (small blind) folded before Flop
Seat 5: D.Razvan13 (big blind) showed [Ks 5h] and won ($0.47) with two pair, Kings and Fives
Seat 6: CasObserver folded before Flop (didn't bet)
Seat 7: CamguyPEI folded before Flop (didn't bet)
Seat 8: Xsem folded on the Turn
Seat 9: Dorex2007 folded before Flop (didn't bet)



PokerStars Hand #231199898313:  Hold'em No Limit ($0.01/$0.02 USD) - 2021/11/06 17:37:29 PT [2021/11/06 20:37:29 ET]
Table 'Bathseba II' 9-max Seat #4 is the button
Seat 1: IldeRider01 ($1.76 in chips) 
Seat 2: tekuez ($2.02 in chips) 
Seat 3: 613MJC416 ($0.91 in chips) 
Seat 4: the_brave83 ($6.68 in chips) 
Seat 5: D.Razvan13 ($1.62 in chips) 
Seat 6: Ebleco ($0.80 in chips) 
Seat 7: CamguyPEI ($0.97 in chips) 
Seat 8: Xsem ($2.97 in chips) 
Seat 9: Dorex2007 ($2 in chips) 
D.Razvan13: posts small blind $0.01
Ebleco: posts big blind $0.02
*** HOLE CARDS ***
Dealt to Dorex2007 [6c 4h]
CamguyPEI: folds 
Xsem: raises $0.02 to $0.04
Dorex2007: folds 
IldeRider01: calls $0.04
tekuez: raises $0.06 to $0.10
613MJC416: folds 
the_brave83: calls $0.10
D.Razvan13: calls $0.09
Ebleco: folds 
Xsem: calls $0.06
IldeRider01: calls $0.06
*** FLOP *** [Tc 9h 5s]
D.Razvan13: checks 
Xsem: checks 
IldeRider01: checks 
tekuez: bets $0.22
the_brave83: folds 
D.Razvan13: folds 
Xsem: calls $0.22
IldeRider01: folds 
*** TURN *** [Tc 9h 5s] [Ts]
Xsem: checks 
tekuez: checks 
*** RIVER *** [Tc 9h 5s Ts] [Qs]
Xsem: bets $0.47
tekuez: raises $1.23 to $1.70 and is all-in
Xsem: calls $1.23
*** SHOW DOWN ***
tekuez: shows [Qc Qh] (a full house, Queens full of Tens)
Xsem: shows [Td Ad] (three of a kind, Tens)
tekuez collected $4.21 from pot
*** SUMMARY ***
Total pot $4.36 | Rake $0.15 
Board [Tc 9h 5s Ts Qs]
Seat 1: IldeRider01 folded on the Flop
Seat 2: tekuez showed [Qc Qh] and won ($4.21) with a full house, Queens full of Tens
Seat 3: 613MJC416 folded before Flop (didn't bet)
Seat 4: the_brave83 (button) folded on the Flop
Seat 5: D.Razvan13 (small blind) folded on the Flop
Seat 6: Ebleco (big blind) folded before Flop
Seat 7: CamguyPEI folded before Flop (didn't bet)
Seat 8: Xsem showed [Td Ad] and lost with three of a kind, Tens
Seat 9: Dorex2007 folded before Flop (didn't bet)



PokerStars Hand #231199922881:  Hold'em No Limit ($0.01/$0.02 USD) - 2021/11/06 17:38:49 PT [2021/11/06 20:38:49 ET]
Table 'Bathseba II' 9-max Seat #5 is the button
Seat 1: IldeRider01 ($1.66 in chips) 
Seat 2: tekuez ($4.21 in chips) 
Seat 3: 613MJC416 ($0.91 in chips) 
Seat 4: the_brave83 ($6.58 in chips) 
Seat 5: D.Razvan13 ($1.52 in chips) 
Seat 6: Ebleco ($0.78 in chips) 
Seat 8: Xsem ($0.95 in chips) 
Seat 9: Dorex2007 ($2 in chips) 
Ebleco: posts small blind $0.01
CamguyPEI: is sitting out 
Xsem: posts big blind $0.02
*** HOLE CARDS ***
Dealt to Dorex2007 [2d 2h]
Dorex2007: folds 
IldeRider01: raises $0.04 to $0.06
tekuez: folds 
613MJC416: folds 
the_brave83: folds 
D.Razvan13: raises $0.04 to $0.10
Ebleco: folds 
Xsem: calls $0.08
IldeRider01: calls $0.04
*** FLOP *** [Js 4c 9h]
Xsem: checks 
IldeRider01: checks 
D.Razvan13: bets $0.06
Xsem: calls $0.06
IldeRider01: calls $0.06
*** TURN *** [Js 4c 9h] [Jd]
Xsem: checks 
IldeRider01: checks 
D.Razvan13: bets $0.08
Xsem: calls $0.08
IldeRider01: calls $0.08
*** RIVER *** [Js 4c 9h Jd] [8s]
Xsem: checks 
IldeRider01: checks 
D.Razvan13: bets $0.17
Xsem: calls $0.17
IldeRider01: folds 
*** SHOW DOWN ***
D.Razvan13: shows [9d 9c] (a full house, Nines full of Jacks)
Xsem: mucks hand 
D.Razvan13 collected $1.03 from pot
*** SUMMARY ***
Total pot $1.07 | Rake $0.04 
Board [Js 4c 9h Jd 8s]
Seat 1: IldeRider01 folded on the River
Seat 2: tekuez folded before Flop (didn't bet)
Seat 3: 613MJC416 folded before Flop (didn't bet)
Seat 4: the_brave83 folded before Flop (didn't bet)
Seat 5: D.Razvan13 (button) showed [9d 9c] and won ($1.03) with a full house, Nines full of Jacks
Seat 6: Ebleco (small blind) folded before Flop
Seat 8: Xsem (big blind) mucked [9s Ks]
Seat 9: Dorex2007 folded before Flop (didn't bet)



PokerStars Hand #231199945536:  Hold'em No Limit ($0.01/$0.02 USD) - 2021/11/06 17:40:02 PT [2021/11/06 20:40:02 ET]
Table 'Bathseba II' 9-max Seat #6 is the button
Seat 1: IldeRider01 ($1.42 in chips) 
Seat 2: tekuez ($4.21 in chips) 
Seat 3: 613MJC416 ($0.91 in chips) 
Seat 4: the_brave83 ($6.58 in chips) 
Seat 5: D.Razvan13 ($2.14 in chips) 
Seat 6: Ebleco ($0.77 in chips) 
Seat 8: Xsem ($0.54 in chips) 
Seat 9: Dorex2007 ($2 in chips) 
Xsem: posts small blind $0.01
Dorex2007: posts big blind $0.02
*** HOLE CARDS ***
Dealt to Dorex2007 [Jh Ah]
IldeRider01: folds 
tekuez: raises $0.06 to $0.08
613MJC416: raises $0.08 to $0.16
the_brave83: folds 
D.Razvan13: folds 
Ebleco: folds 
Xsem: folds 
Dorex2007: calls $0.14
tekuez: calls $0.08
*** FLOP *** [8d 2c 7h]
Dorex2007: checks 
tekuez: checks 
613MJC416: bets $0.75 and is all-in
Dorex2007: calls $0.75
tekuez: folds 
*** TURN *** [8d 2c 7h] [Ks]
*** RIVER *** [8d 2c 7h Ks] [Ad]
*** SHOW DOWN ***
Dorex2007: shows [Jh Ah] (a pair of Aces)
613MJC416: shows [Qh Qd] (a pair of Queens)
Dorex2007 collected $1.92 from pot
*** SUMMARY ***
Total pot $1.99 | Rake $0.07 
Board [8d 2c 7h Ks Ad]
Seat 1: IldeRider01 folded before Flop (didn't bet)
Seat 2: tekuez folded on the Flop
Seat 3: 613MJC416 showed [Qh Qd] and lost with a pair of Queens
Seat 4: the_brave83 folded before Flop (didn't bet)
Seat 5: D.Razvan13 folded before Flop (didn't bet)
Seat 6: Ebleco (button) folded before Flop (didn't bet)
Seat 8: Xsem (small blind) folded before Flop
Seat 9: Dorex2007 (big blind) showed [Jh Ah] and won ($1.92) with a pair of Aces



PokerStars Hand #231199961271:  Hold'em No Limit ($0.01/$0.02 USD) - 2021/11/06 17:40:53 PT [2021/11/06 20:40:53 ET]
Table 'Bathseba II' 9-max Seat #8 is the button
Seat 1: IldeRider01 ($2 in chips) 
Seat 2: tekuez ($4.05 in chips) 
Seat 4: the_brave83 ($6.58 in chips) 
Seat 5: D.Razvan13 ($2.14 in chips) 
Seat 6: Ebleco ($0.77 in chips) 
Seat 8: Xsem ($0.53 in chips) 
Seat 9: Dorex2007 ($3.01 in chips) 
Dorex2007: posts small blind $0.01
IldeRider01: posts big blind $0.02
*** HOLE CARDS ***
Dealt to Dorex2007 [Qc Ac]
tekuez: folds 
the_brave83: folds 
D.Razvan13: calls $0.02
Ebleco: folds 
Xsem: folds 
Dorex2007: calls $0.01
IldeRider01: checks 
*** FLOP *** [2c Qs 5d]
Dorex2007: checks 
IldeRider01: checks 
D.Razvan13: checks 
*** TURN *** [2c Qs 5d] [4d]
Dorex2007: bets $0.04
IldeRider01: calls $0.04
D.Razvan13: raises $0.04 to $0.08
Dorex2007: calls $0.04
IldeRider01: calls $0.04
*** RIVER *** [2c Qs 5d 4d] [7s]
Dorex2007: checks 
IldeRider01: checks 
D.Razvan13: checks 
*** SHOW DOWN ***
Dorex2007: shows [Qc Ac] (a pair of Queens)
IldeRider01: mucks hand 
D.Razvan13: mucks hand 
Dorex2007 collected $0.29 from pot
*** SUMMARY ***
Total pot $0.30 | Rake $0.01 
Board [2c Qs 5d 4d 7s]
Seat 1: IldeRider01 (big blind) mucked [Th 4s]
Seat 2: tekuez folded before Flop (didn't bet)
Seat 4: the_brave83 folded before Flop (didn't bet)
Seat 5: D.Razvan13 mucked [Qd 8s]
Seat 6: Ebleco folded before Flop (didn't bet)
Seat 8: Xsem (button) folded before Flop (didn't bet)
Seat 9: Dorex2007 (small blind) showed [Qc Ac] and won ($0.29) with a pair of Queens



PokerStars Hand #231199977233:  Hold'em No Limit ($0.01/$0.02 USD) - 2021/11/06 17:41:46 PT [2021/11/06 20:41:46 ET]
Table 'Bathseba II' 9-max Seat #9 is the button
Seat 1: IldeRider01 ($1.90 in chips) 
Seat 2: tekuez ($4.05 in chips) 
Seat 3: 613MJC416 ($2 in chips) 
Seat 4: the_brave83 ($6.58 in chips) 
Seat 5: D.Razvan13 ($2.04 in chips) 
Seat 6: Ebleco ($0.77 in chips) 
Seat 8: Xsem ($0.53 in chips) 
Seat 9: Dorex2007 ($3.20 in chips) 
IldeRider01: posts small blind $0.01
tekuez: posts big blind $0.02
*** HOLE CARDS ***
Dealt to Dorex2007 [Th 7d]
613MJC416: folds 
the_brave83: folds 
D.Razvan13 has timed out
D.Razvan13: folds 
Ebleco: folds 
Xsem: folds 
Dorex2007: folds 
IldeRider01: folds 
Uncalled bet ($0.01) returned to tekuez
tekuez collected $0.02 from pot
tekuez: doesn't show hand 
*** SUMMARY ***
Total pot $0.02 | Rake $0 
Seat 1: IldeRider01 (small blind) folded before Flop
Seat 2: tekuez (big blind) collected ($0.02)
Seat 3: 613MJC416 folded before Flop (didn't bet)
Seat 4: the_brave83 folded before Flop (didn't bet)
Seat 5: D.Razvan13 folded before Flop (didn't bet)
Seat 6: Ebleco folded before Flop (didn't bet)
Seat 8: Xsem folded before Flop (didn't bet)
Seat 9: Dorex2007 (button) folded before Flop (didn't bet)



PokerStars Hand #231199984199:  Hold'em No Limit ($0.01/$0.02 USD) - 2021/11/06 17:42:09 PT [2021/11/06 20:42:09 ET]
Table 'Bathseba II' 9-max Seat #1 is the button
Seat 1: IldeRider01 ($1.89 in chips) 
Seat 2: tekuez ($4.06 in chips) 
Seat 3: 613MJC416 ($2 in chips) 
Seat 4: the_brave83 ($6.58 in chips) 
Seat 5: D.Razvan13 ($2.04 in chips) 
Seat 6: Ebleco ($0.77 in chips) 
Seat 8: Xsem ($0.53 in chips) 
Seat 9: Dorex2007 ($3.20 in chips) 
tekuez: posts small blind $0.01
613MJC416: posts big blind $0.02
*** HOLE CARDS ***
Dealt to Dorex2007 [Kc 5h]
the_brave83: folds 
D.Razvan13: folds 
Ebleco: folds 
Xsem: folds 
Dorex2007: folds 
IldeRider01: folds 
tekuez: folds 
Uncalled bet ($0.01) returned to 613MJC416
613MJC416 collected $0.02 from pot
613MJC416: doesn't show hand 
*** SUMMARY ***
Total pot $0.02 | Rake $0 
Seat 1: IldeRider01 (button) folded before Flop (didn't bet)
Seat 2: tekuez (small blind) folded before Flop
Seat 3: 613MJC416 (big blind) collected ($0.02)
Seat 4: the_brave83 folded before Flop (didn't bet)
Seat 5: D.Razvan13 folded before Flop (didn't bet)
Seat 6: Ebleco folded before Flop (didn't bet)
Seat 8: Xsem folded before Flop (didn't bet)
Seat 9: Dorex2007 folded before Flop (didn't bet)



PokerStars Hand #231199988788:  Hold'em No Limit ($0.01/$0.02 USD) - 2021/11/06 17:42:24 PT [2021/11/06 20:42:24 ET]
Table 'Bathseba II' 9-max Seat #2 is the button
Seat 1: IldeRider01 ($1.89 in chips) 
Seat 2: tekuez ($4.05 in chips) 
Seat 3: 613MJC416 ($2.01 in chips) 
Seat 4: the_brave83 ($6.58 in chips) 
Seat 5: D.Razvan13 ($2.04 in chips) 
Seat 6: Ebleco ($0.77 in chips) 
Seat 8: Xsem ($0.53 in chips) 
Seat 9: Dorex2007 ($3.20 in chips) 
613MJC416: posts small blind $0.01
the_brave83: posts big blind $0.02
*** HOLE CARDS ***
Dealt to Dorex2007 [Ad 9d]
D.Razvan13: calls $0.02
Ebleco: folds 
Xsem: folds 
Dorex2007: raises $0.02 to $0.04
IldeRider01: folds 
tekuez: folds 
613MJC416: folds 
the_brave83: raises $0.02 to $0.06
D.Razvan13: calls $0.04
Dorex2007: calls $0.02
*** FLOP *** [4d Jh 3h]
the_brave83: bets $0.09
D.Razvan13: calls $0.09
Dorex2007: folds 
*** TURN *** [4d Jh 3h] [Ks]
the_brave83: bets $0.18
D.Razvan13: calls $0.18
*** RIVER *** [4d Jh 3h Ks] [4s]
the_brave83: checks 
D.Razvan13: bets $0.22
the_brave83: calls $0.22
*** SHOW DOWN ***
D.Razvan13: shows [3c 4c] (a full house, Fours full of Threes)
the_brave83: mucks hand 
D.Razvan13 collected $1.13 from pot
*** SUMMARY ***
Total pot $1.17 | Rake $0.04 
Board [4d Jh 3h Ks 4s]
Seat 1: IldeRider01 folded before Flop (didn't bet)
Seat 2: tekuez (button) folded before Flop (didn't bet)
Seat 3: 613MJC416 (small blind) folded before Flop
Seat 4: the_brave83 (big blind) mucked [Jc Qs]
Seat 5: D.Razvan13 showed [3c 4c] and won ($1.13) with a full house, Fours full of Threes
Seat 6: Ebleco folded before Flop (didn't bet)
Seat 8: Xsem folded before Flop (didn't bet)
Seat 9: Dorex2007 folded on the Flop



PokerStars Hand #231200012061:  Hold'em No Limit ($0.01/$0.02 USD) - 2021/11/06 17:43:22 PT [2021/11/06 20:43:22 ET]
Table 'Bathseba II' 9-max Seat #3 is the button
Seat 1: IldeRider01 ($1.89 in chips) 
Seat 2: tekuez ($4.05 in chips) 
Seat 3: 613MJC416 ($2 in chips) 
Seat 4: the_brave83 ($6.03 in chips) 
Seat 5: D.Razvan13 ($2.62 in chips) 
Seat 6: Ebleco ($0.77 in chips) 
Seat 8: Xsem ($0.53 in chips) 
Seat 9: Dorex2007 ($3.14 in chips) 
the_brave83: posts small blind $0.01
D.Razvan13: posts big blind $0.02
*** HOLE CARDS ***
Dealt to Dorex2007 [7d Qs]
Ebleco: folds 
Xsem: folds 
Dorex2007: folds 
IldeRider01: raises $0.04 to $0.06
tekuez: folds 
613MJC416: folds 
the_brave83: folds 
D.Razvan13: calls $0.04
*** FLOP *** [Jc Ah 9s]
D.Razvan13: checks 
IldeRider01: checks 
*** TURN *** [Jc Ah 9s] [2h]
D.Razvan13: bets $0.06
IldeRider01: calls $0.06
*** RIVER *** [Jc Ah 9s 2h] [8d]
D.Razvan13: bets $0.10
IldeRider01: folds 
Uncalled bet ($0.10) returned to D.Razvan13
D.Razvan13 collected $0.24 from pot
D.Razvan13: doesn't show hand 
*** SUMMARY ***
Total pot $0.25 | Rake $0.01 
Board [Jc Ah 9s 2h 8d]
Seat 1: IldeRider01 folded on the River
Seat 2: tekuez folded before Flop (didn't bet)
Seat 3: 613MJC416 (button) folded before Flop (didn't bet)
Seat 4: the_brave83 (small blind) folded before Flop
Seat 5: D.Razvan13 (big blind) collected ($0.24)
Seat 6: Ebleco folded before Flop (didn't bet)
Seat 8: Xsem folded before Flop (didn't bet)
Seat 9: Dorex2007 folded before Flop (didn't bet)



PokerStars Hand #231200024167:  Hold'em No Limit ($0.01/$0.02 USD) - 2021/11/06 17:44:02 PT [2021/11/06 20:44:02 ET]
Table 'Bathseba II' 9-max Seat #4 is the button
Seat 1: IldeRider01 ($1.77 in chips) 
Seat 2: tekuez ($4.05 in chips) 
Seat 3: 613MJC416 ($2 in chips) 
Seat 4: the_brave83 ($6.02 in chips) 
Seat 5: D.Razvan13 ($2.74 in chips) 
Seat 6: Ebleco ($0.77 in chips) 
Seat 8: Xsem ($0.53 in chips) 
Seat 9: Dorex2007 ($3.14 in chips) 
D.Razvan13: posts small blind $0.01
Ebleco: posts big blind $0.02
*** HOLE CARDS ***
Dealt to Dorex2007 [Jh 9s]
Xsem: raises $0.03 to $0.05
Dorex2007: folds 
IldeRider01: folds 
tekuez: folds 
613MJC416: calls $0.05
the_brave83: calls $0.05
D.Razvan13: calls $0.04
Ebleco: folds 
*** FLOP *** [6d Tc 7c]
D.Razvan13: checks 
Xsem: checks 
613MJC416: checks 
the_brave83: checks 
*** TURN *** [6d Tc 7c] [6c]
D.Razvan13: checks 
Xsem: checks 
613MJC416: checks 
the_brave83: checks 
*** RIVER *** [6d Tc 7c 6c] [3c]
D.Razvan13: bets $0.02
Xsem: folds 
613MJC416: folds 
the_brave83: raises $0.04 to $0.06
D.Razvan13: calls $0.04
*** SHOW DOWN ***
the_brave83: shows [8c 9c] (a straight flush, Six to Ten)
D.Razvan13: mucks hand 
the_brave83 collected $0.33 from pot
*** SUMMARY ***
Total pot $0.34 | Rake $0.01 
Board [6d Tc 7c 6c 3c]
Seat 1: IldeRider01 folded before Flop (didn't bet)
Seat 2: tekuez folded before Flop (didn't bet)
Seat 3: 613MJC416 folded on the River
Seat 4: the_brave83 (button) showed [8c 9c] and won ($0.33) with a straight flush, Six to Ten
Seat 5: D.Razvan13 (small blind) mucked [Kd 3s]
Seat 6: Ebleco (big blind) folded before Flop
Seat 8: Xsem folded on the River
Seat 9: Dorex2007 folded before Flop (didn't bet)



PokerStars Hand #231200045971:  Hold'em No Limit ($0.01/$0.02 USD) - 2021/11/06 17:45:15 PT [2021/11/06 20:45:15 ET]
Table 'Bathseba II' 9-max Seat #5 is the button
Seat 1: IldeRider01 ($1.77 in chips) 
Seat 2: tekuez ($4.05 in chips) 
Seat 3: 613MJC416 ($1.95 in chips) 
Seat 4: the_brave83 ($6.24 in chips) 
Seat 5: D.Razvan13 ($2.63 in chips) 
Seat 6: Ebleco ($0.75 in chips) 
Seat 8: Xsem ($0.48 in chips) 
Seat 9: Dorex2007 ($3.14 in chips) 
Ebleco: posts small blind $0.01
Xsem: posts big blind $0.02
*** HOLE CARDS ***
Dealt to Dorex2007 [5h Ac]
Dorex2007: folds 
IldeRider01: raises $0.02 to $0.04
tekuez: folds 
613MJC416: folds 
the_brave83: folds 
D.Razvan13: raises $0.02 to $0.06
Ebleco: folds 
Xsem: folds 
IldeRider01: calls $0.02
*** FLOP *** [Kh Js 2d]
IldeRider01: checks 
D.Razvan13: bets $0.06
IldeRider01: calls $0.06
*** TURN *** [Kh Js 2d] [Qd]
IldeRider01: checks 
D.Razvan13: bets $0.10
IldeRider01: calls $0.10
*** RIVER *** [Kh Js 2d Qd] [Ks]
IldeRider01: bets $0.45
D.Razvan13: calls $0.45
*** SHOW DOWN ***
IldeRider01: shows [7c Kc] (three of a kind, Kings)
D.Razvan13: shows [Qs Qh] (a full house, Queens full of Kings)
D.Razvan13 collected $1.32 from pot
*** SUMMARY ***
Total pot $1.37 | Rake $0.05 
Board [Kh Js 2d Qd Ks]
Seat 1: IldeRider01 showed [7c Kc] and lost with three of a kind, Kings
Seat 2: tekuez folded before Flop (didn't bet)
Seat 3: 613MJC416 folded before Flop (didn't bet)
Seat 4: the_brave83 folded before Flop (didn't bet)
Seat 5: D.Razvan13 (button) showed [Qs Qh] and won ($1.32) with a full house, Queens full of Kings
Seat 6: Ebleco (small blind) folded before Flop
Seat 8: Xsem (big blind) folded before Flop
Seat 9: Dorex2007 folded before Flop (didn't bet)



PokerStars Hand #231200058120:  Hold'em No Limit ($0.01/$0.02 USD) - 2021/11/06 17:45:56 PT [2021/11/06 20:45:56 ET]
Table 'Bathseba II' 9-max Seat #6 is the button
Seat 1: IldeRider01 ($1.10 in chips) 
Seat 2: tekuez ($4.05 in chips) 
Seat 3: 613MJC416 ($1.95 in chips) 
Seat 4: the_brave83 ($6.24 in chips) 
Seat 5: D.Razvan13 ($3.28 in chips) 
Seat 6: Ebleco ($0.74 in chips) 
Seat 8: Xsem ($0.46 in chips) 
Seat 9: Dorex2007 ($3.14 in chips) 
Xsem: posts small blind $0.01
Dorex2007: posts big blind $0.02
*** HOLE CARDS ***
Dealt to Dorex2007 [Kd 2s]
IldeRider01: folds 
tekuez: folds 
613MJC416: folds 
the_brave83: folds 
D.Razvan13: calls $0.02
Ebleco: folds 
Xsem: calls $0.01
Dorex2007: checks 
*** FLOP *** [4d Qh Kc]
Xsem: checks 
Dorex2007: checks 
D.Razvan13: checks 
*** TURN *** [4d Qh Kc] [4h]
Xsem: checks 
Dorex2007: checks 
D.Razvan13: checks 
*** RIVER *** [4d Qh Kc 4h] [7c]
Xsem: checks 
Dorex2007: checks 
D.Razvan13: checks 
*** SHOW DOWN ***
Xsem: shows [Ts 9c] (a pair of Fours)
Dorex2007: shows [Kd 2s] (two pair, Kings and Fours)
D.Razvan13: mucks hand 
Dorex2007 collected $0.06 from pot
*** SUMMARY ***
Total pot $0.06 | Rake $0 
Board [4d Qh Kc 4h 7c]
Seat 1: IldeRider01 folded before Flop (didn't bet)
Seat 2: tekuez folded before Flop (didn't bet)
Seat 3: 613MJC416 folded before Flop (didn't bet)
Seat 4: the_brave83 folded before Flop (didn't bet)
Seat 5: D.Razvan13 mucked [Ac 2h]
Seat 6: Ebleco (button) folded before Flop (didn't bet)
Seat 8: Xsem (small blind) showed [Ts 9c] and lost with a pair of Fours
Seat 9: Dorex2007 (big blind) showed [Kd 2s] and won ($0.06) with two pair, Kings and Fours



PokerStars Hand #231200074146:  Hold'em No Limit ($0.01/$0.02 USD) - 2021/11/06 17:46:50 PT [2021/11/06 20:46:50 ET]
Table 'Bathseba II' 9-max Seat #8 is the button
Seat 2: tekuez ($4.05 in chips) 
Seat 3: 613MJC416 ($1.95 in chips) 
Seat 4: the_brave83 ($6.24 in chips) 
Seat 5: D.Razvan13 ($3.26 in chips) 
Seat 6: Ebleco ($0.74 in chips) 
Seat 8: Xsem ($0.44 in chips) 
Seat 9: Dorex2007 ($3.18 in chips) 
Dorex2007: posts small blind $0.01
IldeRider01: is sitting out 
tekuez: posts big blind $0.02
*** HOLE CARDS ***
Dealt to Dorex2007 [5s 7d]
613MJC416: raises $0.04 to $0.06
IldeRider01 leaves the table
the_brave83: calls $0.06
D.Razvan13: calls $0.06
Ebleco: folds 
Xsem: calls $0.06
Dorex2007: folds 
tekuez: calls $0.04
*** FLOP *** [9d 9h 2h]
tekuez: checks 
613MJC416: checks 
the_brave83: bets $0.15
D.Razvan13: folds 
Xsem: folds 
tekuez: folds 
613MJC416: folds 
Uncalled bet ($0.15) returned to the_brave83
the_brave83 collected $0.30 from pot
*** SUMMARY ***
Total pot $0.31 | Rake $0.01 
Board [9d 9h 2h]
Seat 2: tekuez (big blind) folded on the Flop
Seat 3: 613MJC416 folded on the Flop
Seat 4: the_brave83 collected ($0.30)
Seat 5: D.Razvan13 folded on the Flop
Seat 6: Ebleco folded before Flop (didn't bet)
Seat 8: Xsem (button) folded on the Flop
Seat 9: Dorex2007 (small blind) folded before Flop



PokerStars Hand #231200086862:  Hold'em No Limit ($0.01/$0.02 USD) - 2021/11/06 17:47:32 PT [2021/11/06 20:47:32 ET]
Table 'Bathseba II' 9-max Seat #9 is the button
Seat 2: tekuez ($3.99 in chips) 
Seat 3: 613MJC416 ($1.89 in chips) 
Seat 4: the_brave83 ($6.48 in chips) 
Seat 5: D.Razvan13 ($3.20 in chips) 
Seat 6: Ebleco ($0.74 in chips) 
Seat 8: Xsem ($0.38 in chips) 
Seat 9: Dorex2007 ($3.17 in chips) 
tekuez: posts small blind $0.01
613MJC416: posts big blind $0.02
*** HOLE CARDS ***
Dealt to Dorex2007 [5c 2h]
the_brave83: folds 
D.Razvan13: calls $0.02
Ebleco: folds 
Xsem: folds 
Dorex2007: folds 
tekuez: calls $0.01
613MJC416: checks 
*** FLOP *** [2s Ah Kc]
tekuez: bets $0.02
black.pantherx joins the table at seat #1 
613MJC416: calls $0.02
D.Razvan13: raises $0.02 to $0.04
tekuez: calls $0.02
613MJC416: calls $0.02
*** TURN *** [2s Ah Kc] [5s]
tekuez: checks 
613MJC416: checks 
D.Razvan13: checks 
*** RIVER *** [2s Ah Kc 5s] [4c]
tekuez: checks 
613MJC416: checks 
D.Razvan13: bets $0.16
tekuez: folds 
613MJC416: folds 
Uncalled bet ($0.16) returned to D.Razvan13
D.Razvan13 collected $0.17 from pot
D.Razvan13: doesn't show hand 
*** SUMMARY ***
Total pot $0.18 | Rake $0.01 
Board [2s Ah Kc 5s 4c]
Seat 2: tekuez (small blind) folded on the River
Seat 3: 613MJC416 (big blind) folded on the River
Seat 4: the_brave83 folded before Flop (didn't bet)
Seat 5: D.Razvan13 collected ($0.17)
Seat 6: Ebleco folded before Flop (didn't bet)
Seat 8: Xsem folded before Flop (didn't bet)
Seat 9: Dorex2007 (button) folded before Flop (didn't bet)



PokerStars Hand #231200101560:  Hold'em No Limit ($0.01/$0.02 USD) - 2021/11/06 17:48:21 PT [2021/11/06 20:48:21 ET]
Table 'Bathseba II' 9-max Seat #2 is the button
Seat 2: tekuez ($3.93 in chips) 
Seat 3: 613MJC416 ($1.83 in chips) 
Seat 4: the_brave83 ($6.48 in chips) 
Seat 5: D.Razvan13 ($3.31 in chips) 
Seat 6: Ebleco ($0.74 in chips) 
Seat 7: CamguyPEI ($0.97 in chips) 
Seat 8: Xsem ($0.38 in chips) 
Seat 9: Dorex2007 ($3.17 in chips) 
613MJC416: posts small blind $0.01
the_brave83: posts big blind $0.02
CamguyPEI: posts small & big blinds $0.03
black.pantherx: sits out 
*** HOLE CARDS ***
Dealt to Dorex2007 [5s 9c]
D.Razvan13: raises $0.04 to $0.06
Ebleco: folds 
CamguyPEI: calls $0.04
Xsem: folds 
Dorex2007: folds 
tekuez: folds 
613MJC416: folds 
the_brave83: calls $0.04
*** FLOP *** [5h Jd 3c]
the_brave83: checks 
D.Razvan13: checks 
CamguyPEI: bets $0.14
the_brave83: folds 
D.Razvan13: calls $0.14
*** TURN *** [5h Jd 3c] [Qh]
D.Razvan13: checks 
CamguyPEI: bets $0.20
D.Razvan13: folds 
Uncalled bet ($0.20) returned to CamguyPEI
CamguyPEI collected $0.46 from pot
CamguyPEI: doesn't show hand 
*** SUMMARY ***
Total pot $0.48 | Rake $0.02 
Board [5h Jd 3c Qh]
Seat 2: tekuez (button) folded before Flop (didn't bet)
Seat 3: 613MJC416 (small blind) folded before Flop
Seat 4: the_brave83 (big blind) folded on the Flop
Seat 5: D.Razvan13 folded on the Turn
Seat 6: Ebleco folded before Flop (didn't bet)
Seat 7: CamguyPEI collected ($0.46)
Seat 8: Xsem folded before Flop (didn't bet)
Seat 9: Dorex2007 folded before Flop (didn't bet)



PokerStars Hand #231200122756:  Hold'em No Limit ($0.01/$0.02 USD) - 2021/11/06 17:49:12 PT [2021/11/06 20:49:12 ET]
Table 'Bathseba II' 9-max Seat #3 is the button
Seat 2: tekuez ($3.93 in chips) 
Seat 3: 613MJC416 ($1.82 in chips) 
Seat 4: the_brave83 ($6.42 in chips) 
Seat 5: D.Razvan13 ($3.11 in chips) 
Seat 6: Ebleco ($0.74 in chips) 
Seat 7: CamguyPEI ($1.22 in chips) 
Seat 8: Xsem ($0.38 in chips) 
Seat 9: Dorex2007 ($3.17 in chips) 
the_brave83: posts small blind $0.01
D.Razvan13: posts big blind $0.02
black.pantherx: sits out 
*** HOLE CARDS ***
Dealt to Dorex2007 [3d 6d]
Ebleco: folds 
CamguyPEI: folds 
Xsem: folds 
Dorex2007: folds 
tekuez: raises $0.04 to $0.06
613MJC416: folds 
the_brave83: calls $0.05
D.Razvan13: calls $0.04
*** FLOP *** [9c As 4h]
the_brave83: checks 
D.Razvan13: bets $0.06
tekuez: calls $0.06
the_brave83: folds 
*** TURN *** [9c As 4h] [Qc]
D.Razvan13: checks 
tekuez: bets $0.08
D.Razvan13: calls $0.08
*** RIVER *** [9c As 4h Qc] [5h]
D.Razvan13: checks 
tekuez: checks 
*** SHOW DOWN ***
D.Razvan13: shows [2d 9d] (a pair of Nines)
tekuez: shows [Ac Kd] (a pair of Aces)
tekuez collected $0.44 from pot
*** SUMMARY ***
Total pot $0.46 | Rake $0.02 
Board [9c As 4h Qc 5h]
Seat 2: tekuez showed [Ac Kd] and won ($0.44) with a pair of Aces
Seat 3: 613MJC416 (button) folded before Flop (didn't bet)
Seat 4: the_brave83 (small blind) folded on the Flop
Seat 5: D.Razvan13 (big blind) showed [2d 9d] and lost with a pair of Nines
Seat 6: Ebleco folded before Flop (didn't bet)
Seat 7: CamguyPEI folded before Flop (didn't bet)
Seat 8: Xsem folded before Flop (didn't bet)
Seat 9: Dorex2007 folded before Flop (didn't bet)



PokerStars Hand #231200137345:  Hold'em No Limit ($0.01/$0.02 USD) - 2021/11/06 17:50:02 PT [2021/11/06 20:50:02 ET]
Table 'Bathseba II' 9-max Seat #4 is the button
Seat 2: tekuez ($4.17 in chips) 
Seat 3: 613MJC416 ($1.82 in chips) 
Seat 4: the_brave83 ($6.36 in chips) 
Seat 5: D.Razvan13 ($2.91 in chips) 
Seat 6: Ebleco ($0.74 in chips) 
Seat 7: CamguyPEI ($1.22 in chips) 
Seat 8: Xsem ($0.38 in chips) 
Seat 9: Dorex2007 ($3.17 in chips) 
D.Razvan13: posts small blind $0.01
Ebleco: posts big blind $0.02
black.pantherx: sits out 
*** HOLE CARDS ***
Dealt to Dorex2007 [4h 5h]
CamguyPEI: folds 
Xsem: folds 
Dorex2007: folds 
tekuez: folds 
613MJC416: folds 
the_brave83: raises $0.05 to $0.07
D.Razvan13: calls $0.06
Ebleco: folds 
*** FLOP *** [4d Ts 2c]
D.Razvan13: checks 
the_brave83: bets $0.15
D.Razvan13: folds 
Uncalled bet ($0.15) returned to the_brave83
the_brave83 collected $0.15 from pot
*** SUMMARY ***
Total pot $0.16 | Rake $0.01 
Board [4d Ts 2c]
Seat 2: tekuez folded before Flop (didn't bet)
Seat 3: 613MJC416 folded before Flop (didn't bet)
Seat 4: the_brave83 (button) collected ($0.15)
Seat 5: D.Razvan13 (small blind) folded on the Flop
Seat 6: Ebleco (big blind) folded before Flop
Seat 7: CamguyPEI folded before Flop (didn't bet)
Seat 8: Xsem folded before Flop (didn't bet)
Seat 9: Dorex2007 folded before Flop (didn't bet)



PokerStars Hand #231200147907:  Hold'em No Limit ($0.01/$0.02 USD) - 2021/11/06 17:50:38 PT [2021/11/06 20:50:38 ET]
Table 'Bathseba II' 9-max Seat #5 is the button
Seat 2: tekuez ($4.17 in chips) 
Seat 3: 613MJC416 ($1.82 in chips) 
Seat 4: the_brave83 ($6.44 in chips) 
Seat 5: D.Razvan13 ($2.84 in chips) 
Seat 6: Ebleco ($0.72 in chips) 
Seat 7: CamguyPEI ($1.22 in chips) 
Seat 8: Xsem ($0.38 in chips) 
Seat 9: Dorex2007 ($3.17 in chips) 
Ebleco: posts small blind $0.01
CamguyPEI: posts big blind $0.02
black.pantherx: sits out 
*** HOLE CARDS ***
Dealt to Dorex2007 [9h Td]
Xsem: raises $0.08 to $0.10
Dorex2007: folds 
tekuez: folds 
613MJC416: folds 
the_brave83: calls $0.10
D.Razvan13: folds 
Ebleco: folds 
CamguyPEI: folds 
*** FLOP *** [5d 7d 5c]
Xsem: checks 
the_brave83: bets $0.28
Xsem: calls $0.28 and is all-in
*** TURN *** [5d 7d 5c] [4d]
*** RIVER *** [5d 7d 5c 4d] [Jh]
*** SHOW DOWN ***
Xsem: shows [Tc Ks] (a pair of Fives)
the_brave83: shows [2c 2d] (two pair, Fives and Deuces)
the_brave83 collected $0.75 from pot
*** SUMMARY ***
Total pot $0.79 | Rake $0.04 
Board [5d 7d 5c 4d Jh]
Seat 2: tekuez folded before Flop (didn't bet)
Seat 3: 613MJC416 folded before Flop (didn't bet)
Seat 4: the_brave83 showed [2c 2d] and won ($0.75) with two pair, Fives and Deuces
Seat 5: D.Razvan13 (button) folded before Flop (didn't bet)
Seat 6: Ebleco (small blind) folded before Flop
Seat 7: CamguyPEI (big blind) folded before Flop
Seat 8: Xsem showed [Tc Ks] and lost with a pair of Fives
Seat 9: Dorex2007 folded before Flop (didn't bet)



PokerStars Hand #231200162942:  Hold'em No Limit ($0.01/$0.02 USD) - 2021/11/06 17:51:29 PT [2021/11/06 20:51:29 ET]
Table 'Bathseba II' 9-max Seat #6 is the button
Seat 2: tekuez ($4.17 in chips) 
Seat 3: 613MJC416 ($1.82 in chips) 
Seat 4: the_brave83 ($6.81 in chips) 
Seat 5: D.Razvan13 ($2.84 in chips) 
Seat 6: Ebleco ($0.71 in chips) 
Seat 7: CamguyPEI ($1.20 in chips) 
Seat 9: Dorex2007 ($3.17 in chips) 
CamguyPEI: posts small blind $0.01
Dorex2007: posts big blind $0.02
black.pantherx: sits out 
*** HOLE CARDS ***
Dealt to Dorex2007 [3h 7d]
tekuez: raises $0.04 to $0.06
613MJC416: folds 
the_brave83: folds 
D.Razvan13: calls $0.06
Ebleco: folds 
CamguyPEI: folds 
Dorex2007: folds 
*** FLOP *** [6d Ad 8h]
tekuez: bets $0.06
D.Razvan13: folds 
Uncalled bet ($0.06) returned to tekuez
tekuez collected $0.14 from pot
tekuez: doesn't show hand 
*** SUMMARY ***
Total pot $0.15 | Rake $0.01 
Board [6d Ad 8h]
Seat 2: tekuez collected ($0.14)
Seat 3: 613MJC416 folded before Flop (didn't bet)
Seat 4: the_brave83 folded before Flop (didn't bet)
Seat 5: D.Razvan13 folded on the Flop
Seat 6: Ebleco (button) folded before Flop (didn't bet)
Seat 7: CamguyPEI (small blind) folded before Flop
Seat 9: Dorex2007 (big blind) folded before Flop



PokerStars Hand #231200169585:  Hold'em No Limit ($0.01/$0.02 USD) - 2021/11/06 17:51:52 PT [2021/11/06 20:51:52 ET]
Table 'Bathseba II' 9-max Seat #7 is the button
Seat 1: black.pantherx ($2 in chips) 
Seat 2: tekuez ($4.25 in chips) 
Seat 3: 613MJC416 ($1.82 in chips) 
Seat 4: the_brave83 ($6.81 in chips) 
Seat 5: D.Razvan13 ($2.78 in chips) 
Seat 6: Ebleco ($0.71 in chips) 
Seat 7: CamguyPEI ($1.19 in chips) 
Seat 9: Dorex2007 ($3.15 in chips) 
Dorex2007: posts small blind $0.01
black.pantherx: posts big blind $0.02
*** HOLE CARDS ***
Dealt to Dorex2007 [Th 9h]
tekuez: folds 
613MJC416: folds 
the_brave83: folds 
D.Razvan13: calls $0.02
Ebleco: folds 
CamguyPEI: folds 
Dorex2007: calls $0.01
black.pantherx: checks 
*** FLOP *** [6h Ac 4d]
Dorex2007: checks 
black.pantherx: checks 
D.Razvan13: bets $0.06
Dorex2007: folds 
black.pantherx: folds 
Uncalled bet ($0.06) returned to D.Razvan13
D.Razvan13 collected $0.06 from pot
D.Razvan13: doesn't show hand 
*** SUMMARY ***
Total pot $0.06 | Rake $0 
Board [6h Ac 4d]
Seat 1: black.pantherx (big blind) folded on the Flop
Seat 2: tekuez folded before Flop (didn't bet)
Seat 3: 613MJC416 folded before Flop (didn't bet)
Seat 4: the_brave83 folded before Flop (didn't bet)
Seat 5: D.Razvan13 collected ($0.06)
Seat 6: Ebleco folded before Flop (didn't bet)
Seat 7: CamguyPEI (button) folded before Flop (didn't bet)
Seat 9: Dorex2007 (small blind) folded on the Flop



PokerStars Hand #231200179686:  Hold'em No Limit ($0.01/$0.02 USD) - 2021/11/06 17:52:27 PT [2021/11/06 20:52:27 ET]
Table 'Bathseba II' 9-max Seat #9 is the button
Seat 1: black.pantherx ($2 in chips) 
Seat 2: tekuez ($4.25 in chips) 
Seat 3: 613MJC416 ($1.82 in chips) 
Seat 4: the_brave83 ($6.81 in chips) 
Seat 5: D.Razvan13 ($2.82 in chips) 
Seat 6: Ebleco ($0.71 in chips) 
Seat 7: CamguyPEI ($1.19 in chips) 
Seat 9: Dorex2007 ($3.13 in chips) 
black.pantherx: posts small blind $0.01
tekuez: posts big blind $0.02
*** HOLE CARDS ***
Dealt to Dorex2007 [Ts 6d]
613MJC416: calls $0.02
the_brave83: raises $0.04 to $0.06
D.Razvan13: folds 
Ebleco: folds 
CamguyPEI: folds 
Dorex2007: folds 
black.pantherx: folds 
tekuez: calls $0.04
613MJC416: calls $0.04
*** FLOP *** [7h 6h Qs]
tekuez: checks 
613MJC416: checks 
the_brave83: checks 
*** TURN *** [7h 6h Qs] [8s]
tekuez: checks 
613MJC416: checks 
the_brave83: bets $0.09
tekuez: folds 
613MJC416: folds 
Uncalled bet ($0.09) returned to the_brave83
the_brave83 collected $0.18 from pot
*** SUMMARY ***
Total pot $0.19 | Rake $0.01 
Board [7h 6h Qs 8s]
Seat 1: black.pantherx (small blind) folded before Flop
Seat 2: tekuez (big blind) folded on the Turn
Seat 3: 613MJC416 folded on the Turn
Seat 4: the_brave83 collected ($0.18)
Seat 5: D.Razvan13 folded before Flop (didn't bet)
Seat 6: Ebleco folded before Flop (didn't bet)
Seat 7: CamguyPEI folded before Flop (didn't bet)
Seat 9: Dorex2007 (button) folded before Flop (didn't bet)



PokerStars Hand #231200196092:  Hold'em No Limit ($0.01/$0.02 USD) - 2021/11/06 17:53:23 PT [2021/11/06 20:53:23 ET]
Table 'Bathseba II' 9-max Seat #1 is the button
Seat 1: black.pantherx ($2 in chips) 
Seat 2: tekuez ($4.19 in chips) 
Seat 3: 613MJC416 ($1.76 in chips) 
Seat 4: the_brave83 ($6.93 in chips) 
Seat 5: D.Razvan13 ($2.82 in chips) 
Seat 6: Ebleco ($0.71 in chips) 
Seat 7: CamguyPEI ($1.19 in chips) 
Seat 9: Dorex2007 ($3.13 in chips) 
tekuez: posts small blind $0.01
613MJC416: posts big blind $0.02
*** HOLE CARDS ***
Dealt to Dorex2007 [Ac 5s]
the_brave83: folds 
D.Razvan13: calls $0.02
Ebleco: folds 
CamguyPEI: calls $0.02
Dorex2007: folds 
black.pantherx: raises $0.09 to $0.11
tekuez: folds 
613MJC416: folds 
D.Razvan13: folds 
CamguyPEI: folds 
Uncalled bet ($0.09) returned to black.pantherx
black.pantherx collected $0.09 from pot
black.pantherx: doesn't show hand 
*** SUMMARY ***
Total pot $0.09 | Rake $0 
Seat 1: black.pantherx (button) collected ($0.09)
Seat 2: tekuez (small blind) folded before Flop
Seat 3: 613MJC416 (big blind) folded before Flop
Seat 4: the_brave83 folded before Flop (didn't bet)
Seat 5: D.Razvan13 folded before Flop
Seat 6: Ebleco folded before Flop (didn't bet)
Seat 7: CamguyPEI folded before Flop
Seat 9: Dorex2007 folded before Flop (didn't bet)



PokerStars Hand #231200203999:  Hold'em No Limit ($0.01/$0.02 USD) - 2021/11/06 17:53:50 PT [2021/11/06 20:53:50 ET]
Table 'Bathseba II' 9-max Seat #2 is the button
Seat 1: black.pantherx ($2.07 in chips) 
Seat 2: tekuez ($4.18 in chips) 
Seat 3: 613MJC416 ($1.74 in chips) 
Seat 4: the_brave83 ($6.93 in chips) 
Seat 5: D.Razvan13 ($2.80 in chips) 
Seat 6: Ebleco ($0.71 in chips) 
Seat 7: CamguyPEI ($1.17 in chips) 
Seat 9: Dorex2007 ($3.13 in chips) 
613MJC416: posts small blind $0.01
the_brave83: posts big blind $0.02
*** HOLE CARDS ***
Dealt to Dorex2007 [3h 7c]
D.Razvan13: raises $0.02 to $0.04
Ebleco: folds 
CamguyPEI: folds 
Dorex2007: folds 
black.pantherx: calls $0.04
tekuez: calls $0.04
613MJC416: folds 
the_brave83: folds 
*** FLOP *** [8d 4c Qs]
D.Razvan13: bets $0.06
black.pantherx: folds 
tekuez: calls $0.06
*** TURN *** [8d 4c Qs] [Qd]
D.Razvan13: checks 
tekuez: bets $0.08
D.Razvan13: calls $0.08
*** RIVER *** [8d 4c Qs Qd] [2d]
D.Razvan13: checks 
tekuez: bets $0.26
D.Razvan13: calls $0.26
*** SHOW DOWN ***
tekuez: shows [Jd Qc] (three of a kind, Queens)
D.Razvan13: mucks hand 
tekuez collected $0.92 from pot
*** SUMMARY ***
Total pot $0.95 | Rake $0.03 
Board [8d 4c Qs Qd 2d]
Seat 1: black.pantherx folded on the Flop
Seat 2: tekuez (button) showed [Jd Qc] and won ($0.92) with three of a kind, Queens
Seat 3: 613MJC416 (small blind) folded before Flop
Seat 4: the_brave83 (big blind) folded before Flop
Seat 5: D.Razvan13 mucked [8c Jc]
Seat 6: Ebleco folded before Flop (didn't bet)
Seat 7: CamguyPEI folded before Flop (didn't bet)
Seat 9: Dorex2007 folded before Flop (didn't bet)



PokerStars Hand #231200222306:  Hold'em No Limit ($0.01/$0.02 USD) - 2021/11/06 17:54:53 PT [2021/11/06 20:54:53 ET]
Table 'Bathseba II' 9-max Seat #3 is the button
Seat 1: black.pantherx ($2.03 in chips) 
Seat 2: tekuez ($4.66 in chips) 
Seat 3: 613MJC416 ($1.73 in chips) 
Seat 4: the_brave83 ($6.91 in chips) 
Seat 5: D.Razvan13 ($2.36 in chips) 
Seat 6: Ebleco ($0.71 in chips) 
Seat 7: CamguyPEI ($1.17 in chips) 
Seat 9: Dorex2007 ($3.13 in chips) 
the_brave83: posts small blind $0.01
D.Razvan13: posts big blind $0.02
*** HOLE CARDS ***
Dealt to Dorex2007 [5c Kc]
Ebleco: folds 
CamguyPEI: folds 
Dorex2007: folds 
black.pantherx: raises $0.05 to $0.07
tekuez: folds 
613MJC416: folds 
the_brave83: calls $0.06
D.Razvan13: folds 
*** FLOP *** [Qc 3c 8h]
the_brave83: checks 
black.pantherx: checks 
*** TURN *** [Qc 3c 8h] [3s]
the_brave83: checks 
black.pantherx: checks 
*** RIVER *** [Qc 3c 8h 3s] [Qs]
the_brave83: bets $0.08
black.pantherx: folds 
Uncalled bet ($0.08) returned to the_brave83
the_brave83 collected $0.15 from pot
*** SUMMARY ***
Total pot $0.16 | Rake $0.01 
Board [Qc 3c 8h 3s Qs]
Seat 1: black.pantherx folded on the River
Seat 2: tekuez folded before Flop (didn't bet)
Seat 3: 613MJC416 (button) folded before Flop (didn't bet)
Seat 4: the_brave83 (small blind) collected ($0.15)
Seat 5: D.Razvan13 (big blind) folded before Flop
Seat 6: Ebleco folded before Flop (didn't bet)
Seat 7: CamguyPEI folded before Flop (didn't bet)
Seat 9: Dorex2007 folded before Flop (didn't bet)



PokerStars Hand #231200233937:  Hold'em No Limit ($0.01/$0.02 USD) - 2021/11/06 17:55:37 PT [2021/11/06 20:55:37 ET]
Table 'Bathseba II' 9-max Seat #4 is the button
Seat 1: black.pantherx ($2 in chips) 
Seat 2: tekuez ($4.66 in chips) 
Seat 3: 613MJC416 ($1.73 in chips) 
Seat 4: the_brave83 ($6.99 in chips) 
Seat 5: D.Razvan13 ($2.34 in chips) 
Seat 6: Ebleco ($0.71 in chips) 
Seat 7: CamguyPEI ($1.17 in chips) 
Seat 9: Dorex2007 ($3.13 in chips) 
D.Razvan13: posts small blind $0.01
Ebleco: posts big blind $0.02
*** HOLE CARDS ***
Dealt to Dorex2007 [Qc Th]
CamguyPEI: calls $0.02
Dorex2007: folds 
black.pantherx: folds 
tekuez: folds 
613MJC416: folds 
the_brave83: folds 
D.Razvan13: calls $0.01
Ebleco: checks 
*** FLOP *** [3s 2s 7d]
D.Razvan13: checks 
Ebleco: checks 
CamguyPEI: bets $0.04
D.Razvan13: calls $0.04
Ebleco: calls $0.04
*** TURN *** [3s 2s 7d] [Ah]
D.Razvan13: checks 
Ebleco: checks 
CamguyPEI: checks 
*** RIVER *** [3s 2s 7d Ah] [4c]
D.Razvan13: bets $0.17
Ebleco: folds 
CamguyPEI: folds 
Uncalled bet ($0.17) returned to D.Razvan13
D.Razvan13 collected $0.17 from pot
D.Razvan13: doesn't show hand 
*** SUMMARY ***
Total pot $0.18 | Rake $0.01 
Board [3s 2s 7d Ah 4c]
Seat 1: black.pantherx folded before Flop (didn't bet)
Seat 2: tekuez folded before Flop (didn't bet)
Seat 3: 613MJC416 folded before Flop (didn't bet)
Seat 4: the_brave83 (button) folded before Flop (didn't bet)
Seat 5: D.Razvan13 (small blind) collected ($0.17)
Seat 6: Ebleco (big blind) folded on the River
Seat 7: CamguyPEI folded on the River
Seat 9: Dorex2007 folded before Flop (didn't bet)



PokerStars Hand #231200246756:  Hold'em No Limit ($0.01/$0.02 USD) - 2021/11/06 17:56:31 PT [2021/11/06 20:56:31 ET]
Table 'Bathseba II' 9-max Seat #5 is the button
Seat 1: black.pantherx ($2 in chips) 
Seat 2: tekuez ($4.66 in chips) 
Seat 3: 613MJC416 ($1.73 in chips) 
Seat 4: the_brave83 ($6.99 in chips) 
Seat 5: D.Razvan13 ($2.45 in chips) 
Seat 6: Ebleco ($0.65 in chips) 
Seat 7: CamguyPEI ($1.11 in chips) 
Seat 9: Dorex2007 ($3.13 in chips) 
Ebleco: posts small blind $0.01
CamguyPEI: posts big blind $0.02
*** HOLE CARDS ***
Dealt to Dorex2007 [9d 8c]
Dorex2007: folds 
black.pantherx: raises $0.05 to $0.07
tekuez: folds 
613MJC416: calls $0.07
the_brave83: folds 
D.Razvan13: calls $0.07
Ebleco: folds 
CamguyPEI: calls $0.05
*** FLOP *** [Kh 6h Qc]
CamguyPEI: checks 
black.pantherx: checks 
613MJC416: checks 
D.Razvan13: bets $0.10
CamguyPEI: calls $0.10
black.pantherx: calls $0.10
613MJC416: folds 
*** TURN *** [Kh 6h Qc] [Ts]
CamguyPEI: checks 
black.pantherx: bets $0.62
D.Razvan13: folds 
CamguyPEI: folds 
Uncalled bet ($0.62) returned to black.pantherx
black.pantherx collected $0.57 from pot
black.pantherx: doesn't show hand 
*** SUMMARY ***
Total pot $0.59 | Rake $0.02 
Board [Kh 6h Qc Ts]
Seat 1: black.pantherx collected ($0.57)
Seat 2: tekuez folded before Flop (didn't bet)
Seat 3: 613MJC416 folded on the Flop
Seat 4: the_brave83 folded before Flop (didn't bet)
Seat 5: D.Razvan13 (button) folded on the Turn
Seat 6: Ebleco (small blind) folded before Flop
Seat 7: CamguyPEI (big blind) folded on the Turn
Seat 9: Dorex2007 folded before Flop (didn't bet)



PokerStars Hand #231200275398:  Hold'em No Limit ($0.01/$0.02 USD) - 2021/11/06 17:57:54 PT [2021/11/06 20:57:54 ET]
Table 'Bathseba II' 9-max Seat #6 is the button
Seat 1: black.pantherx ($2.40 in chips) 
Seat 2: tekuez ($4.66 in chips) 
Seat 3: 613MJC416 ($1.66 in chips) 
Seat 4: the_brave83 ($6.99 in chips) 
Seat 5: D.Razvan13 ($2.28 in chips) 
Seat 6: Ebleco ($0.64 in chips) 
Seat 7: CamguyPEI ($0.94 in chips) 
Seat 9: Dorex2007 ($3.13 in chips) 
CamguyPEI: posts small blind $0.01
Dorex2007: posts big blind $0.02
*** HOLE CARDS ***
Dealt to Dorex2007 [8c Jh]
black.pantherx: raises $0.05 to $0.07
tekuez: folds 
613MJC416: folds 
the_brave83: folds 
D.Razvan13: folds 
Ebleco: folds 
CamguyPEI: folds 
Dorex2007: folds 
Uncalled bet ($0.05) returned to black.pantherx
black.pantherx collected $0.05 from pot
black.pantherx: doesn't show hand 
*** SUMMARY ***
Total pot $0.05 | Rake $0 
Seat 1: black.pantherx collected ($0.05)
Seat 2: tekuez folded before Flop (didn't bet)
Seat 3: 613MJC416 folded before Flop (didn't bet)
Seat 4: the_brave83 folded before Flop (didn't bet)
Seat 5: D.Razvan13 folded before Flop (didn't bet)
Seat 6: Ebleco (button) folded before Flop (didn't bet)
Seat 7: CamguyPEI (small blind) folded before Flop
Seat 9: Dorex2007 (big blind) folded before Flop



PokerStars Hand #231200278883:  Hold'em No Limit ($0.01/$0.02 USD) - 2021/11/06 17:58:09 PT [2021/11/06 20:58:09 ET]
Table 'Bathseba II' 9-max Seat #7 is the button
Seat 1: black.pantherx ($2.43 in chips) 
Seat 2: tekuez ($4.66 in chips) 
Seat 3: 613MJC416 ($1.66 in chips) 
Seat 4: the_brave83 ($6.99 in chips) 
Seat 5: D.Razvan13 ($2.28 in chips) 
Seat 6: Ebleco ($0.64 in chips) 
Seat 7: CamguyPEI ($0.93 in chips) 
Seat 9: Dorex2007 ($3.11 in chips) 
Dorex2007: posts small blind $0.01
black.pantherx: posts big blind $0.02
*** HOLE CARDS ***
Dealt to Dorex2007 [7s 4h]
tekuez: folds 
613MJC416: folds 
the_brave83: raises $0.06 to $0.08
D.Razvan13: folds 
Ebleco: raises $0.14 to $0.22
CamguyPEI: folds 
Dorex2007: folds 
black.pantherx: folds 
the_brave83: calls $0.14
*** FLOP *** [5d 3s Qd]
the_brave83: checks 
Ebleco: checks 
*** TURN *** [5d 3s Qd] [Js]
the_brave83: checks 
Ebleco: checks 
*** RIVER *** [5d 3s Qd Js] [6h]
the_brave83: checks 
Ebleco: checks 
*** SHOW DOWN ***
the_brave83: shows [7h Ah] (high card Ace)
Ebleco: shows [Kc As] (high card Ace - King kicker)
Ebleco collected $0.45 from pot
*** SUMMARY ***
Total pot $0.47 | Rake $0.02 
Board [5d 3s Qd Js 6h]
Seat 1: black.pantherx (big blind) folded before Flop
Seat 2: tekuez folded before Flop (didn't bet)
Seat 3: 613MJC416 folded before Flop (didn't bet)
Seat 4: the_brave83 showed [7h Ah] and lost with high card Ace
Seat 5: D.Razvan13 folded before Flop (didn't bet)
Seat 6: Ebleco showed [Kc As] and won ($0.45) with high card Ace
Seat 7: CamguyPEI (button) folded before Flop (didn't bet)
Seat 9: Dorex2007 (small blind) folded before Flop



PokerStars Hand #231200287137:  Hold'em No Limit ($0.01/$0.02 USD) - 2021/11/06 17:58:43 PT [2021/11/06 20:58:43 ET]
Table 'Bathseba II' 9-max Seat #9 is the button
Seat 1: black.pantherx ($2.41 in chips) 
Seat 2: tekuez ($4.66 in chips) 
Seat 3: 613MJC416 ($1.66 in chips) 
Seat 4: the_brave83 ($6.77 in chips) 
Seat 5: D.Razvan13 ($2.28 in chips) 
Seat 6: Ebleco ($0.87 in chips) 
Seat 7: CamguyPEI ($0.93 in chips) 
Seat 9: Dorex2007 ($3.10 in chips) 
black.pantherx: posts small blind $0.01
tekuez: posts big blind $0.02
*** HOLE CARDS ***
Dealt to Dorex2007 [2s Qc]
613MJC416: folds 
the_brave83: folds 
D.Razvan13: calls $0.02
Ebleco: folds 
CamguyPEI: folds 
Dorex2007: folds 
black.pantherx: folds 
tekuez: checks 
*** FLOP *** [As 3d Ks]
tekuez: checks 
D.Razvan13: bets $0.04
tekuez: folds 
Uncalled bet ($0.04) returned to D.Razvan13
D.Razvan13 collected $0.05 from pot
D.Razvan13: doesn't show hand 
*** SUMMARY ***
Total pot $0.05 | Rake $0 
Board [As 3d Ks]
Seat 1: black.pantherx (small blind) folded before Flop
Seat 2: tekuez (big blind) folded on the Flop
Seat 3: 613MJC416 folded before Flop (didn't bet)
Seat 4: the_brave83 folded before Flop (didn't bet)
Seat 5: D.Razvan13 collected ($0.05)
Seat 6: Ebleco folded before Flop (didn't bet)
Seat 7: CamguyPEI folded before Flop (didn't bet)
Seat 9: Dorex2007 (button) folded before Flop (didn't bet)



PokerStars Hand #231200293751:  Hold'em No Limit ($0.01/$0.02 USD) - 2021/11/06 17:59:10 PT [2021/11/06 20:59:10 ET]
Table 'Bathseba II' 9-max Seat #1 is the button
Seat 1: black.pantherx ($2.40 in chips) 
Seat 2: tekuez ($4.64 in chips) 
Seat 3: 613MJC416 ($1.66 in chips) 
Seat 4: the_brave83 ($6.77 in chips) 
Seat 5: D.Razvan13 ($2.31 in chips) 
Seat 6: Ebleco ($0.87 in chips) 
Seat 7: CamguyPEI ($0.93 in chips) 
Seat 9: Dorex2007 ($3.10 in chips) 
tekuez: posts small blind $0.01
613MJC416: posts big blind $0.02
*** HOLE CARDS ***
Dealt to Dorex2007 [3h 6s]
the_brave83: folds 
D.Razvan13: calls $0.02
Ebleco: folds 
CamguyPEI: folds 
Dorex2007: folds 
black.pantherx has timed out
black.pantherx: folds 
tekuez: calls $0.01
613MJC416: checks 
*** FLOP *** [5s Ad 3s]
tekuez: checks 
613MJC416: checks 
D.Razvan13: bets $0.06
tekuez: calls $0.06
613MJC416: calls $0.06
*** TURN *** [5s Ad 3s] [Qs]
tekuez: checks 
613MJC416: checks 
D.Razvan13: bets $0.06
tekuez: calls $0.06
613MJC416: folds 
*** RIVER *** [5s Ad 3s Qs] [Qh]
tekuez: checks 
D.Razvan13: bets $0.17
tekuez: calls $0.17
*** SHOW DOWN ***
D.Razvan13: shows [Ac 8h] (two pair, Aces and Queens)
tekuez: mucks hand 
D.Razvan13 collected $0.68 from pot
*** SUMMARY ***
Total pot $0.70 | Rake $0.02 
Board [5s Ad 3s Qs Qh]
Seat 1: black.pantherx (button) folded before Flop (didn't bet)
Seat 2: tekuez (small blind) mucked [6d As]
Seat 3: 613MJC416 (big blind) folded on the Turn
Seat 4: the_brave83 folded before Flop (didn't bet)
Seat 5: D.Razvan13 showed [Ac 8h] and won ($0.68) with two pair, Aces and Queens
Seat 6: Ebleco folded before Flop (didn't bet)
Seat 7: CamguyPEI folded before Flop (didn't bet)
Seat 9: Dorex2007 folded before Flop (didn't bet)



PokerStars Hand #231200306571:  Hold'em No Limit ($0.01/$0.02 USD) - 2021/11/06 18:00:03 PT [2021/11/06 21:00:03 ET]
Table 'Bathseba II' 9-max Seat #2 is the button
Seat 1: black.pantherx ($2.40 in chips) 
Seat 2: tekuez ($4.33 in chips) 
Seat 3: 613MJC416 ($1.58 in chips) 
Seat 4: the_brave83 ($6.77 in chips) 
Seat 5: D.Razvan13 ($2.68 in chips) 
Seat 6: Ebleco ($0.87 in chips) 
Seat 7: CamguyPEI ($0.93 in chips) 
Seat 9: Dorex2007 ($3.10 in chips) 
613MJC416: posts small blind $0.01
the_brave83: posts big blind $0.02
*** HOLE CARDS ***
Dealt to Dorex2007 [8d Th]
D.Razvan13: calls $0.02
Ebleco: folds 
CamguyPEI: folds 
Dorex2007: folds 
black.pantherx: folds 
tekuez: folds 
613MJC416: calls $0.01
the_brave83: checks 
*** FLOP *** [3h Ah 5c]
613MJC416: checks 
the_brave83: checks 
D.Razvan13: checks 
*** TURN *** [3h Ah 5c] [Jd]
613MJC416: checks 
the_brave83: bets $0.06
D.Razvan13: folds 
613MJC416: folds 
Uncalled bet ($0.06) returned to the_brave83
the_brave83 collected $0.06 from pot
*** SUMMARY ***
Total pot $0.06 | Rake $0 
Board [3h Ah 5c Jd]
Seat 1: black.pantherx folded before Flop (didn't bet)
Seat 2: tekuez (button) folded before Flop (didn't bet)
Seat 3: 613MJC416 (small blind) folded on the Turn
Seat 4: the_brave83 (big blind) collected ($0.06)
Seat 5: D.Razvan13 folded on the Turn
Seat 6: Ebleco folded before Flop (didn't bet)
Seat 7: CamguyPEI folded before Flop (didn't bet)
Seat 9: Dorex2007 folded before Flop (didn't bet)



PokerStars Hand #231200315825:  Hold'em No Limit ($0.01/$0.02 USD) - 2021/11/06 18:00:40 PT [2021/11/06 21:00:40 ET]
Table 'Bathseba II' 9-max Seat #3 is the button
Seat 1: black.pantherx ($2.40 in chips) 
Seat 2: tekuez ($4.33 in chips) 
Seat 3: 613MJC416 ($1.56 in chips) 
Seat 4: the_brave83 ($6.81 in chips) 
Seat 5: D.Razvan13 ($2.66 in chips) 
Seat 6: Ebleco ($0.87 in chips) 
Seat 7: CamguyPEI ($0.93 in chips) 
Seat 9: Dorex2007 ($3.10 in chips) 
the_brave83: posts small blind $0.01
D.Razvan13: posts big blind $0.02
*** HOLE CARDS ***
Dealt to Dorex2007 [Kd Qs]
Ebleco: folds 
CamguyPEI: folds 
Ebleco leaves the table
Dorex2007: raises $0.04 to $0.06
black.pantherx: calls $0.06
tekuez: folds 
613MJC416: folds 
the_brave83: calls $0.05
D.Razvan13: calls $0.04
*** FLOP *** [6h Jd Kc]
the_brave83: checks 
D.Razvan13: checks 
Dorex2007: bets $0.23
black.pantherx: folds 
kiling1 joins the table at seat #6 
the_brave83: folds 
D.Razvan13: folds 
Uncalled bet ($0.23) returned to Dorex2007
Dorex2007 collected $0.23 from pot
Dorex2007: doesn't show hand 
*** SUMMARY ***
Total pot $0.24 | Rake $0.01 
Board [6h Jd Kc]
Seat 1: black.pantherx folded on the Flop
Seat 2: tekuez folded before Flop (didn't bet)
Seat 3: 613MJC416 (button) folded before Flop (didn't bet)
Seat 4: the_brave83 (small blind) folded on the Flop
Seat 5: D.Razvan13 (big blind) folded on the Flop
Seat 6: Ebleco folded before Flop (didn't bet)
Seat 7: CamguyPEI folded before Flop (didn't bet)
Seat 9: Dorex2007 collected ($0.23)



PokerStars Hand #231200324449:  Hold'em No Limit ($0.01/$0.02 USD) - 2021/11/06 18:01:13 PT [2021/11/06 21:01:13 ET]
Table 'Bathseba II' 9-max Seat #4 is the button
Seat 1: black.pantherx ($2.34 in chips) 
Seat 2: tekuez ($4.33 in chips) 
Seat 3: 613MJC416 ($1.56 in chips) 
Seat 4: the_brave83 ($6.75 in chips) 
Seat 5: D.Razvan13 ($2.60 in chips) 
Seat 6: kiling1 ($1.60 in chips) 
Seat 7: CamguyPEI ($0.93 in chips) 
Seat 9: Dorex2007 ($3.27 in chips) 
D.Razvan13: posts small blind $0.01
kiling1: posts big blind $0.02
*** HOLE CARDS ***
Dealt to Dorex2007 [8h Ts]
CamguyPEI: folds 
Dorex2007: folds 
black.pantherx: raises $0.05 to $0.07
tekuez: calls $0.07
613MJC416: folds 
the_brave83: folds 
D.Razvan13: folds 
kiling1: calls $0.05
*** FLOP *** [4h Ac 3h]
kiling1: checks 
black.pantherx: checks 
tekuez: checks 
*** TURN *** [4h Ac 3h] [5h]
kiling1: checks 
black.pantherx: checks 
tekuez: checks 
*** RIVER *** [4h Ac 3h 5h] [7c]
kiling1: checks 
black.pantherx: checks 
tekuez: checks 
*** SHOW DOWN ***
kiling1: shows [8c 9c] (high card Ace)
black.pantherx: shows [Ad 9d] (a pair of Aces)
tekuez: mucks hand 
black.pantherx collected $0.21 from pot
*** SUMMARY ***
Total pot $0.22 | Rake $0.01 
Board [4h Ac 3h 5h 7c]
Seat 1: black.pantherx showed [Ad 9d] and won ($0.21) with a pair of Aces
Seat 2: tekuez mucked [Jh Jd]
Seat 3: 613MJC416 folded before Flop (didn't bet)
Seat 4: the_brave83 (button) folded before Flop (didn't bet)
Seat 5: D.Razvan13 (small blind) folded before Flop
Seat 6: kiling1 (big blind) showed [8c 9c] and lost with high card Ace
Seat 7: CamguyPEI folded before Flop (didn't bet)
Seat 9: Dorex2007 folded before Flop (didn't bet)



PokerStars Hand #231200347748:  Hold'em No Limit ($0.01/$0.02 USD) - 2021/11/06 18:02:35 PT [2021/11/06 21:02:35 ET]
Table 'Bathseba II' 9-max Seat #5 is the button
Seat 1: black.pantherx ($2.48 in chips) 
Seat 2: tekuez ($4.26 in chips) 
Seat 3: 613MJC416 ($1.56 in chips) 
Seat 4: the_brave83 ($6.75 in chips) 
Seat 5: D.Razvan13 ($2.59 in chips) 
Seat 6: kiling1 ($1.53 in chips) 
Seat 7: CamguyPEI ($0.93 in chips) 
Seat 9: Dorex2007 ($3.27 in chips) 
kiling1: posts small blind $0.01
CamguyPEI: posts big blind $0.02
*** HOLE CARDS ***
Dealt to Dorex2007 [8c Ts]
Dorex2007: folds 
Xsem leaves the table
black.pantherx: folds 
tekuez: folds 
613MJC416: calls $0.02
the_brave83: folds 
D.Razvan13: calls $0.02
kiling1: folds 
CamguyPEI: checks 
*** FLOP *** [Jc Kc 7h]
CamguyPEI: checks 
613MJC416: checks 
D.Razvan13: checks 
*** TURN *** [Jc Kc 7h] [3c]
CamguyPEI: checks 
613MJC416: checks 
D.Razvan13: checks 
*** RIVER *** [Jc Kc 7h 3c] [3h]
CamguyPEI: checks 
613MJC416: checks 
D.Razvan13: checks 
*** SHOW DOWN ***
CamguyPEI: shows [Jh 6c] (two pair, Jacks and Threes)
613MJC416: shows [Jd Qs] (two pair, Jacks and Threes)
D.Razvan13: mucks hand 
CamguyPEI collected $0.04 from pot
613MJC416 collected $0.03 from pot
*** SUMMARY ***
Total pot $0.07 | Rake $0 
Board [Jc Kc 7h 3c 3h]
Seat 1: black.pantherx folded before Flop (didn't bet)
Seat 2: tekuez folded before Flop (didn't bet)
Seat 3: 613MJC416 showed [Jd Qs] and won ($0.03) with two pair, Jacks and Threes
Seat 4: the_brave83 folded before Flop (didn't bet)
Seat 5: D.Razvan13 (button) mucked [5d 6s]
Seat 6: kiling1 (small blind) folded before Flop
Seat 7: CamguyPEI (big blind) showed [Jh 6c] and won ($0.04) with two pair, Jacks and Threes
Seat 9: Dorex2007 folded before Flop (didn't bet)



PokerStars Hand #231200360164:  Hold'em No Limit ($0.01/$0.02 USD) - 2021/11/06 18:03:19 PT [2021/11/06 21:03:19 ET]
Table 'Bathseba II' 9-max Seat #6 is the button
Seat 1: black.pantherx ($2.48 in chips) 
Seat 2: tekuez ($4.26 in chips) 
Seat 3: 613MJC416 ($1.57 in chips) 
Seat 4: the_brave83 ($6.75 in chips) 
Seat 5: D.Razvan13 ($2.57 in chips) 
Seat 6: kiling1 ($1.52 in chips) 
Seat 7: CamguyPEI ($0.95 in chips) 
Seat 9: Dorex2007 ($3.27 in chips) 
CamguyPEI: posts small blind $0.01
Dorex2007: posts big blind $0.02
*** HOLE CARDS ***
Dealt to Dorex2007 [Ks 7d]
Locke72222 joins the table at seat #8 
black.pantherx: folds 
tekuez: folds 
613MJC416: calls $0.02
the_brave83: raises $0.04 to $0.06
D.Razvan13: calls $0.06
Locke72222 leaves the table
crossfade1 joins the table at seat #8 
kiling1: folds 
CamguyPEI: calls $0.05
Dorex2007: folds 
613MJC416: calls $0.04
*** FLOP *** [5s 8s 3c]
CamguyPEI: checks 
613MJC416: checks 
the_brave83: checks 
D.Razvan13: checks 
*** TURN *** [5s 8s 3c] [Kc]
CamguyPEI: checks 
613MJC416: checks 
the_brave83: bets $0.13
D.Razvan13: calls $0.13
CamguyPEI: folds 
613MJC416: folds 
*** RIVER *** [5s 8s 3c Kc] [9c]
the_brave83: bets $0.25
D.Razvan13: raises $0.25 to $0.50
the_brave83: calls $0.25
*** SHOW DOWN ***
D.Razvan13: shows [Ac 7c] (a flush, Ace high)
the_brave83: mucks hand 
D.Razvan13 collected $1.47 from pot
*** SUMMARY ***
Total pot $1.52 | Rake $0.05 
Board [5s 8s 3c Kc 9c]
Seat 1: black.pantherx folded before Flop (didn't bet)
Seat 2: tekuez folded before Flop (didn't bet)
Seat 3: 613MJC416 folded on the Turn
Seat 4: the_brave83 mucked [Kh Jh]
Seat 5: D.Razvan13 showed [Ac 7c] and won ($1.47) with a flush, Ace high
Seat 6: kiling1 (button) folded before Flop (didn't bet)
Seat 7: CamguyPEI (small blind) folded on the Turn
Seat 9: Dorex2007 (big blind) folded before Flop



PokerStars Hand #231200384445:  Hold'em No Limit ($0.01/$0.02 USD) - 2021/11/06 18:04:45 PT [2021/11/06 21:04:45 ET]
Table 'Bathseba II' 9-max Seat #7 is the button
Seat 1: black.pantherx ($2.48 in chips) 
Seat 2: tekuez ($4.26 in chips) 
Seat 3: 613MJC416 ($1.51 in chips) 
Seat 4: the_brave83 ($6.06 in chips) 
Seat 5: D.Razvan13 ($3.35 in chips) 
Seat 6: kiling1 ($1.52 in chips) 
Seat 7: CamguyPEI ($0.89 in chips) 
Seat 9: Dorex2007 ($3.25 in chips) 
Dorex2007: posts small blind $0.01
black.pantherx: posts big blind $0.02
*** HOLE CARDS ***
Dealt to Dorex2007 [Qh Tc]
tekuez: folds 
613MJC416: calls $0.02
the_brave83: folds 
D.Razvan13: calls $0.02
kiling1: folds 
CamguyPEI: calls $0.02
Dorex2007: calls $0.01
black.pantherx: checks 
*** FLOP *** [8s 5c 6d]
Dorex2007: checks 
black.pantherx: checks 
613MJC416: checks 
D.Razvan13: checks 
CamguyPEI: checks 
*** TURN *** [8s 5c 6d] [7h]
Dorex2007: checks 
black.pantherx: checks 
613MJC416: checks 
D.Razvan13: checks 
CamguyPEI: bets $0.10
Dorex2007: folds 
black.pantherx: folds 
613MJC416: folds 
D.Razvan13: folds 
Uncalled bet ($0.10) returned to CamguyPEI
CamguyPEI collected $0.10 from pot
CamguyPEI: doesn't show hand 
*** SUMMARY ***
Total pot $0.10 | Rake $0 
Board [8s 5c 6d 7h]
Seat 1: black.pantherx (big blind) folded on the Turn
Seat 2: tekuez folded before Flop (didn't bet)
Seat 3: 613MJC416 folded on the Turn
Seat 4: the_brave83 folded before Flop (didn't bet)
Seat 5: D.Razvan13 folded on the Turn
Seat 6: kiling1 folded before Flop (didn't bet)
Seat 7: CamguyPEI (button) collected ($0.10)
Seat 9: Dorex2007 (small blind) folded on the Turn



PokerStars Hand #231200413278:  Hold'em No Limit ($0.01/$0.02 USD) - 2021/11/06 18:06:15 PT [2021/11/06 21:06:15 ET]
Table 'Bathseba II' 9-max Seat #9 is the button
Seat 1: black.pantherx ($2.46 in chips) 
Seat 2: tekuez ($4.26 in chips) 
Seat 3: 613MJC416 ($1.49 in chips) 
Seat 4: the_brave83 ($6.06 in chips) 
Seat 5: D.Razvan13 ($3.33 in chips) 
Seat 6: kiling1 ($1.52 in chips) 
Seat 7: CamguyPEI ($0.97 in chips) 
Seat 8: crossfade1 ($2 in chips) 
Seat 9: Dorex2007 ($3.23 in chips) 
black.pantherx: posts small blind $0.01
tekuez: posts big blind $0.02
crossfade1: posts big blind $0.02
*** HOLE CARDS ***
Dealt to Dorex2007 [6c 4h]
613MJC416: raises $0.04 to $0.06
the_brave83: folds 
D.Razvan13: folds 
kiling1: calls $0.06
CamguyPEI: folds 
crossfade1: folds 
Dorex2007: folds 
black.pantherx: folds 
tekuez: calls $0.04
*** FLOP *** [6s Ah Td]
tekuez: checks 
613MJC416: checks 
kiling1: checks 
*** TURN *** [6s Ah Td] [8c]
tekuez: bets $0.06
613MJC416: raises $0.32 to $0.38
kiling1: calls $0.38
tekuez: raises $3.82 to $4.20 and is all-in
613MJC416: calls $1.05 and is all-in
kiling1: calls $1.08 and is all-in
Uncalled bet ($2.74) returned to tekuez
kiling1 has timed out
*** RIVER *** [6s Ah Td 8c] [Ts]
*** SHOW DOWN ***
tekuez: shows [9h 7h] (a straight, Six to Ten)
kiling1: shows [Ad Th] (a full house, Tens full of Aces)
kiling1 collected $0.06 from side pot
613MJC416: shows [Kh Ac] (two pair, Aces and Tens)
kiling1 collected $4.34 from main pot
tekuez cashed out the hand for $4.05 | Cash Out Fee $0.04
*** SUMMARY ***
Total pot $4.56 Main pot $4.34. Side pot $0.06. | Rake $0.16 
Board [6s Ah Td 8c Ts]
Seat 1: black.pantherx (small blind) folded before Flop
Seat 2: tekuez (big blind) showed [9h 7h] and lost with a straight, Six to Ten (cashed out).
Seat 3: 613MJC416 showed [Kh Ac] and lost with two pair, Aces and Tens
Seat 4: the_brave83 folded before Flop (didn't bet)
Seat 5: D.Razvan13 folded before Flop (didn't bet)
Seat 6: kiling1 showed [Ad Th] and won ($4.40) with a full house, Tens full of Aces
Seat 7: CamguyPEI folded before Flop (didn't bet)
Seat 8: crossfade1 folded before Flop (didn't bet)
Seat 9: Dorex2007 (button) folded before Flop (didn't bet)



PokerStars Hand #231200441002:  Hold'em No Limit ($0.01/$0.02 USD) - 2021/11/06 18:07:54 PT [2021/11/06 21:07:54 ET]
Table 'Bathseba II' 9-max Seat #1 is the button
Seat 1: black.pantherx ($2.45 in chips) 
Seat 2: tekuez ($6.79 in chips) 
Seat 4: the_brave83 ($6.06 in chips) 
Seat 5: D.Razvan13 ($3.33 in chips) 
Seat 6: kiling1 ($4.40 in chips) 
Seat 7: CamguyPEI ($0.97 in chips) 
Seat 8: crossfade1 ($1.98 in chips) 
Seat 9: Dorex2007 ($3.23 in chips) 
tekuez: posts small blind $0.01
the_brave83: posts big blind $0.02
*** HOLE CARDS ***
Dealt to Dorex2007 [Js 2d]
D.Razvan13: calls $0.02
kiling1: folds 
613MJC416 leaves the table
CamguyPEI: folds 
crossfade1: raises $0.04 to $0.06
Dorex2007: folds 
black.pantherx: folds 
tekuez: calls $0.05
the_brave83: folds 
SorokkoPavel joins the table at seat #3 
D.Razvan13: calls $0.04
*** FLOP *** [Tc Kc 3d]
tekuez: checks 
D.Razvan13: checks 
crossfade1: bets $0.11
tekuez: folds 
D.Razvan13: folds 
Uncalled bet ($0.11) returned to crossfade1
crossfade1 collected $0.19 from pot
crossfade1: doesn't show hand 
*** SUMMARY ***
Total pot $0.20 | Rake $0.01 
Board [Tc Kc 3d]
Seat 1: black.pantherx (button) folded before Flop (didn't bet)
Seat 2: tekuez (small blind) folded on the Flop
Seat 4: the_brave83 (big blind) folded before Flop
Seat 5: D.Razvan13 folded on the Flop
Seat 6: kiling1 folded before Flop (didn't bet)
Seat 7: CamguyPEI folded before Flop (didn't bet)
Seat 8: crossfade1 collected ($0.19)
Seat 9: Dorex2007 folded before Flop (didn't bet)



PokerStars Hand #231200456226:  Hold'em No Limit ($0.01/$0.02 USD) - 2021/11/06 18:08:48 PT [2021/11/06 21:08:48 ET]
Table 'Bathseba II' 9-max Seat #2 is the button
Seat 1: black.pantherx ($2.45 in chips) 
Seat 2: tekuez ($6.73 in chips) 
Seat 4: the_brave83 ($6.04 in chips) 
Seat 5: D.Razvan13 ($3.27 in chips) 
Seat 6: kiling1 ($4.40 in chips) 
Seat 7: CamguyPEI ($0.97 in chips) 
Seat 8: crossfade1 ($2.11 in chips) 
Seat 9: Dorex2007 ($3.23 in chips) 
the_brave83: posts small blind $0.01
D.Razvan13: posts big blind $0.02
*** HOLE CARDS ***
Dealt to Dorex2007 [8d 3d]
kiling1 has timed out
kiling1: folds 
CamguyPEI: folds 
crossfade1: folds 
Dorex2007: folds 
black.pantherx: raises $0.05 to $0.07
tekuez: folds 
the_brave83: folds 
D.Razvan13: raises $0.05 to $0.12
black.pantherx: calls $0.05
*** FLOP *** [5h Qh 4s]
D.Razvan13: checks 
black.pantherx: checks 
*** TURN *** [5h Qh 4s] [Jd]
D.Razvan13: checks 
black.pantherx: bets $0.18
D.Razvan13: raises $0.18 to $0.36
black.pantherx: folds 
Uncalled bet ($0.18) returned to D.Razvan13
D.Razvan13 collected $0.59 from pot
D.Razvan13: doesn't show hand 
*** SUMMARY ***
Total pot $0.61 | Rake $0.02 
Board [5h Qh 4s Jd]
Seat 1: black.pantherx folded on the Turn
Seat 2: tekuez (button) folded before Flop (didn't bet)
Seat 4: the_brave83 (small blind) folded before Flop
Seat 5: D.Razvan13 (big blind) collected ($0.59)
Seat 6: kiling1 folded before Flop (didn't bet)
Seat 7: CamguyPEI folded before Flop (didn't bet)
Seat 8: crossfade1 folded before Flop (didn't bet)
Seat 9: Dorex2007 folded before Flop (didn't bet)



PokerStars Hand #231200468420:  Hold'em No Limit ($0.01/$0.02 USD) - 2021/11/06 18:09:32 PT [2021/11/06 21:09:32 ET]
Table 'Bathseba II' 9-max Seat #4 is the button
Seat 1: black.pantherx ($2.15 in chips) 
Seat 2: tekuez ($6.73 in chips) 
Seat 4: the_brave83 ($6.03 in chips) 
Seat 5: D.Razvan13 ($3.56 in chips) 
Seat 6: kiling1 ($4.40 in chips) 
Seat 7: CamguyPEI ($0.97 in chips) 
Seat 8: crossfade1 ($2.11 in chips) 
Seat 9: Dorex2007 ($3.23 in chips) 
D.Razvan13: posts small blind $0.01
kiling1: posts big blind $0.02
SorokkoPavel: sits out 
*** HOLE CARDS ***
Dealt to Dorex2007 [As 7s]
CamguyPEI: folds 
crossfade1: folds 
Dorex2007: calls $0.02
black.pantherx: folds 
tekuez: folds 
the_brave83: folds 
D.Razvan13: calls $0.01
kiling1: checks 
*** FLOP *** [7h Th 8d]
D.Razvan13: bets $0.04
kiling1: folds 
tekuez leaves the table
Dorex2007: calls $0.04
*** TURN *** [7h Th 8d] [4d]
D.Razvan13: checks 
Dorex2007: checks 
*** RIVER *** [7h Th 8d 4d] [8c]
D.Razvan13: bets $0.06
Dorex2007: calls $0.06
*** SHOW DOWN ***
D.Razvan13: shows [2h 7d] (two pair, Eights and Sevens)
Dorex2007: shows [As 7s] (two pair, Eights and Sevens - Ace kicker)
Dorex2007 collected $0.25 from pot
*** SUMMARY ***
Total pot $0.26 | Rake $0.01 
Board [7h Th 8d 4d 8c]
Seat 1: black.pantherx folded before Flop (didn't bet)
Seat 2: tekuez folded before Flop (didn't bet)
Seat 4: the_brave83 (button) folded before Flop (didn't bet)
Seat 5: D.Razvan13 (small blind) showed [2h 7d] and lost with two pair, Eights and Sevens
Seat 6: kiling1 (big blind) folded on the Flop
Seat 7: CamguyPEI folded before Flop (didn't bet)
Seat 8: crossfade1 folded before Flop (didn't bet)
Seat 9: Dorex2007 showed [As 7s] and won ($0.25) with two pair, Eights and Sevens



PokerStars Hand #231200481276:  Hold'em No Limit ($0.01/$0.02 USD) - 2021/11/06 18:10:18 PT [2021/11/06 21:10:18 ET]
Table 'Bathseba II' 9-max Seat #5 is the button
Seat 1: black.pantherx ($2.15 in chips) 
Seat 4: the_brave83 ($6.03 in chips) 
Seat 5: D.Razvan13 ($3.44 in chips) 
Seat 6: kiling1 ($4.38 in chips) 
Seat 8: crossfade1 ($2.11 in chips) 
Seat 9: Dorex2007 ($3.36 in chips) 
kiling1: posts small blind $0.01
crossfade1: posts big blind $0.02
SorokkoPavel: sits out 
*** HOLE CARDS ***
Dealt to Dorex2007 [3c 9d]
Dorex2007: folds 
black.pantherx: folds 
the_brave83: folds 
D.Razvan13: calls $0.02
kiling1 has timed out
kiling1: folds 
crossfade1: raises $0.04 to $0.06
D.Razvan13: calls $0.04
*** FLOP *** [6s 8d 8h]
kiling1 leaves the table
crossfade1: checks 
D.Razvan13: checks 
*** TURN *** [6s 8d 8h] [Qd]
crossfade1: checks 
D.Razvan13: bets $0.08
crossfade1: calls $0.08
*** RIVER *** [6s 8d 8h Qd] [Ts]
crossfade1: checks 
D.Razvan13: bets $0.14
crossfade1: calls $0.14
*** SHOW DOWN ***
D.Razvan13: shows [2h Qs] (two pair, Queens and Eights)
crossfade1: mucks hand 
D.Razvan13 collected $0.55 from pot
*** SUMMARY ***
Total pot $0.57 | Rake $0.02 
Board [6s 8d 8h Qd Ts]
Seat 1: black.pantherx folded before Flop (didn't bet)
Seat 4: the_brave83 folded before Flop (didn't bet)
Seat 5: D.Razvan13 (button) showed [2h Qs] and won ($0.55) with two pair, Queens and Eights
Seat 6: kiling1 (small blind) folded before Flop
Seat 8: crossfade1 (big blind) mucked [Th Ac]
Seat 9: Dorex2007 folded before Flop (didn't bet)



PokerStars Hand #231200510307:  Hold'em No Limit ($0.01/$0.02 USD) - 2021/11/06 18:11:32 PT [2021/11/06 21:11:32 ET]
Table 'Bathseba II' 9-max Seat #8 is the button
Seat 1: black.pantherx ($2.15 in chips) 
Seat 4: the_brave83 ($6.03 in chips) 
Seat 5: D.Razvan13 ($3.71 in chips) 
Seat 8: crossfade1 ($1.83 in chips) 
Seat 9: Dorex2007 ($3.36 in chips) 
Dorex2007: posts small blind $0.01
black.pantherx: posts big blind $0.02
SorokkoPavel: sits out 
*** HOLE CARDS ***
Dealt to Dorex2007 [3h 3d]
the_brave83: raises $0.04 to $0.06
D.Razvan13: calls $0.06
crossfade1: folds 
Dorex2007: calls $0.05
black.pantherx: folds 
*** FLOP *** [Kh Qd Kd]
Dorex2007: checks 
the_brave83: bets $0.10
D.Razvan13: calls $0.10
Dorex2007: folds 
*** TURN *** [Kh Qd Kd] [8d]
the_brave83: checks 
D.Razvan13: bets $0.19
the_brave83: folds 
Uncalled bet ($0.19) returned to D.Razvan13
D.Razvan13 collected $0.39 from pot
D.Razvan13: doesn't show hand 
*** SUMMARY ***
Total pot $0.40 | Rake $0.01 
Board [Kh Qd Kd 8d]
Seat 1: black.pantherx (big blind) folded before Flop
Seat 4: the_brave83 folded on the Turn
Seat 5: D.Razvan13 collected ($0.39)
Seat 8: crossfade1 (button) folded before Flop (didn't bet)
Seat 9: Dorex2007 (small blind) folded on the Flop



PokerStars Hand #231200521264:  Hold'em No Limit ($0.01/$0.02 USD) - 2021/11/06 18:12:12 PT [2021/11/06 21:12:12 ET]
Table 'Bathseba II' 9-max Seat #9 is the button
Seat 1: black.pantherx ($2.13 in chips) 
Seat 3: SorokkoPavel ($2 in chips) 
Seat 4: the_brave83 ($5.87 in chips) 
Seat 5: D.Razvan13 ($3.94 in chips) 
Seat 8: crossfade1 ($1.83 in chips) 
Seat 9: Dorex2007 ($3.30 in chips) 
black.pantherx: posts small blind $0.01
SorokkoPavel: posts big blind $0.02
*** HOLE CARDS ***
Dealt to Dorex2007 [Tc Qs]
the_brave83: folds 
D.Razvan13: raises $0.04 to $0.06
crossfade1: calls $0.06
Dorex2007: folds 
black.pantherx: calls $0.05
SorokkoPavel: folds 
*** FLOP *** [Qd 2c 9s]
black.pantherx: bets $0.14
D.Razvan13: calls $0.14
crossfade1: raises $0.14 to $0.28
black.pantherx: folds 
D.Razvan13: folds 
Uncalled bet ($0.14) returned to crossfade1
crossfade1 collected $0.60 from pot
crossfade1: doesn't show hand 
*** SUMMARY ***
Total pot $0.62 | Rake $0.02 
Board [Qd 2c 9s]
Seat 1: black.pantherx (small blind) folded on the Flop
Seat 3: SorokkoPavel (big blind) folded before Flop
Seat 4: the_brave83 folded before Flop (didn't bet)
Seat 5: D.Razvan13 folded on the Flop
Seat 8: crossfade1 collected ($0.60)
Seat 9: Dorex2007 (button) folded before Flop (didn't bet)



PokerStars Hand #231200529695:  Hold'em No Limit ($0.01/$0.02 USD) - 2021/11/06 18:12:42 PT [2021/11/06 21:12:42 ET]
Table 'Bathseba II' 9-max Seat #1 is the button
Seat 1: black.pantherx ($2 in chips) 
Seat 3: SorokkoPavel ($2 in chips) 
Seat 4: the_brave83 ($5.87 in chips) 
Seat 5: D.Razvan13 ($3.74 in chips) 
Seat 8: crossfade1 ($2.23 in chips) 
Seat 9: Dorex2007 ($3.30 in chips) 
SorokkoPavel: posts small blind $0.01
the_brave83: posts big blind $0.02
*** HOLE CARDS ***
Dealt to Dorex2007 [7c 9d]
D.Razvan13: folds 
crossfade1: folds 
Dorex2007: folds 
black.pantherx: folds 
SorokkoPavel: folds 
Uncalled bet ($0.01) returned to the_brave83
the_brave83 collected $0.02 from pot
*** SUMMARY ***
Total pot $0.02 | Rake $0 
Seat 1: black.pantherx (button) folded before Flop (didn't bet)
Seat 3: SorokkoPavel (small blind) folded before Flop
Seat 4: the_brave83 (big blind) collected ($0.02)
Seat 5: D.Razvan13 folded before Flop (didn't bet)
Seat 8: crossfade1 folded before Flop (didn't bet)
Seat 9: Dorex2007 folded before Flop (didn't bet)



PokerStars Hand #231200532255:  Hold'em No Limit ($0.01/$0.02 USD) - 2021/11/06 18:12:51 PT [2021/11/06 21:12:51 ET]
Table 'Bathseba II' 9-max Seat #3 is the button
Seat 1: black.pantherx ($2 in chips) 
Seat 3: SorokkoPavel ($2 in chips) 
Seat 4: the_brave83 ($5.88 in chips) 
Seat 5: D.Razvan13 ($3.74 in chips) 
Seat 8: crossfade1 ($2.23 in chips) 
Seat 9: Dorex2007 ($3.30 in chips) 
the_brave83: posts small blind $0.01
D.Razvan13: posts big blind $0.02
*** HOLE CARDS ***
Dealt to Dorex2007 [4d As]
crossfade1: folds 
Dorex2007: folds 
black.pantherx: folds 
SorokkoPavel: raises $0.04 to $0.06
the_brave83: folds 
D.Razvan13: calls $0.04
*** FLOP *** [3h 2h 6h]
D.Razvan13: checks 
SorokkoPavel: bets $0.06
D.Razvan13: calls $0.06
*** TURN *** [3h 2h 6h] [5d]
D.Razvan13: checks 
SorokkoPavel: checks 
*** RIVER *** [3h 2h 6h 5d] [6c]
D.Razvan13: bets $0.04
SorokkoPavel: folds 
Uncalled bet ($0.04) returned to D.Razvan13
D.Razvan13 collected $0.24 from pot
D.Razvan13: doesn't show hand 
*** SUMMARY ***
Total pot $0.25 | Rake $0.01 
Board [3h 2h 6h 5d 6c]
Seat 1: black.pantherx folded before Flop (didn't bet)
Seat 3: SorokkoPavel (button) folded on the River
Seat 4: the_brave83 (small blind) folded before Flop
Seat 5: D.Razvan13 (big blind) collected ($0.24)
Seat 8: crossfade1 folded before Flop (didn't bet)
Seat 9: Dorex2007 folded before Flop (didn't bet)



PokerStars Hand #231200544506:  Hold'em No Limit ($0.01/$0.02 USD) - 2021/11/06 18:13:35 PT [2021/11/06 21:13:35 ET]
Table 'Bathseba II' 9-max Seat #4 is the button
Seat 1: black.pantherx ($2 in chips) 
Seat 3: SorokkoPavel ($2 in chips) 
Seat 4: the_brave83 ($5.87 in chips) 
Seat 5: D.Razvan13 ($3.86 in chips) 
Seat 8: crossfade1 ($2.23 in chips) 
Seat 9: Dorex2007 ($3.30 in chips) 
D.Razvan13: posts small blind $0.01
crossfade1: posts big blind $0.02
*** HOLE CARDS ***
Dealt to Dorex2007 [7c 4h]
Dorex2007: folds 
black.pantherx: raises $0.05 to $0.07
SorokkoPavel: folds 
the_brave83: folds 
D.Razvan13: calls $0.06
crossfade1: folds 
*** FLOP *** [4s Qd Td]
D.Razvan13: checks 
black.pantherx: checks 
*** TURN *** [4s Qd Td] [6h]
D.Razvan13: checks 
black.pantherx: checks 
*** RIVER *** [4s Qd Td 6h] [9s]
D.Razvan13: checks 
black.pantherx: checks 
*** SHOW DOWN ***
D.Razvan13: shows [Qs Th] (two pair, Queens and Tens)
black.pantherx: mucks hand 
D.Razvan13 collected $0.15 from pot
*** SUMMARY ***
Total pot $0.16 | Rake $0.01 
Board [4s Qd Td 6h 9s]
Seat 1: black.pantherx mucked [As Jd]
Seat 3: SorokkoPavel folded before Flop (didn't bet)
Seat 4: the_brave83 (button) folded before Flop (didn't bet)
Seat 5: D.Razvan13 (small blind) showed [Qs Th] and won ($0.15) with two pair, Queens and Tens
Seat 8: crossfade1 (big blind) folded before Flop
Seat 9: Dorex2007 folded before Flop (didn't bet)



PokerStars Hand #231200557587:  Hold'em No Limit ($0.01/$0.02 USD) - 2021/11/06 18:14:22 PT [2021/11/06 21:14:22 ET]
Table 'Bathseba II' 9-max Seat #5 is the button
Seat 1: black.pantherx ($2 in chips) 
Seat 3: SorokkoPavel ($2 in chips) 
Seat 4: the_brave83 ($5.87 in chips) 
Seat 5: D.Razvan13 ($3.94 in chips) 
Seat 8: crossfade1 ($2.21 in chips) 
Seat 9: Dorex2007 ($3.30 in chips) 
crossfade1: posts small blind $0.01
Dorex2007: posts big blind $0.02
*** HOLE CARDS ***
Dealt to Dorex2007 [6h 5d]
black.pantherx: folds 
SorokkoPavel: folds 
the_brave83: folds 
D.Razvan13: raises $0.02 to $0.04
crossfade1: folds 
Dorex2007: folds 
Uncalled bet ($0.02) returned to D.Razvan13
D.Razvan13 collected $0.05 from pot
D.Razvan13: doesn't show hand 
*** SUMMARY ***
Total pot $0.05 | Rake $0 
Seat 1: black.pantherx folded before Flop (didn't bet)
Seat 3: SorokkoPavel folded before Flop (didn't bet)
Seat 4: the_brave83 folded before Flop (didn't bet)
Seat 5: D.Razvan13 (button) collected ($0.05)
Seat 8: crossfade1 (small blind) folded before Flop
Seat 9: Dorex2007 (big blind) folded before Flop



PokerStars Hand #231200563247:  Hold'em No Limit ($0.01/$0.02 USD) - 2021/11/06 18:14:36 PT [2021/11/06 21:14:36 ET]
Table 'Bathseba II' 9-max Seat #8 is the button
Seat 1: black.pantherx ($2 in chips) 
Seat 3: SorokkoPavel ($2 in chips) 
Seat 4: the_brave83 ($5.87 in chips) 
Seat 5: D.Razvan13 ($3.97 in chips) 
Seat 8: crossfade1 ($2.20 in chips) 
Seat 9: Dorex2007 ($3.28 in chips) 
Dorex2007: posts small blind $0.01
black.pantherx: posts big blind $0.02
*** HOLE CARDS ***
Dealt to Dorex2007 [Kd 9c]
SorokkoPavel: folds 
the_brave83: folds 
D.Razvan13: raises $0.04 to $0.06
crossfade1: folds 
popayrus joins the table at seat #2 
Dorex2007: calls $0.05
black.pantherx: folds 
*** FLOP *** [Jh Qh 6h]
Dorex2007: bets $0.09
D.Razvan13: folds 
Uncalled bet ($0.09) returned to Dorex2007
Dorex2007 collected $0.14 from pot
Dorex2007: doesn't show hand 
*** SUMMARY ***
Total pot $0.14 | Rake $0 
Board [Jh Qh 6h]
Seat 1: black.pantherx (big blind) folded before Flop
Seat 3: SorokkoPavel folded before Flop (didn't bet)
Seat 4: the_brave83 folded before Flop (didn't bet)
Seat 5: D.Razvan13 folded on the Flop
Seat 8: crossfade1 (button) folded before Flop (didn't bet)
Seat 9: Dorex2007 (small blind) collected ($0.14)



PokerStars Hand #231200569601:  Hold'em No Limit ($0.01/$0.02 USD) - 2021/11/06 18:14:59 PT [2021/11/06 21:14:59 ET]
Table 'Bathseba II' 9-max Seat #9 is the button
Seat 1: black.pantherx ($2 in chips) 
Seat 2: popayrus ($2 in chips) 
Seat 3: SorokkoPavel ($2 in chips) 
Seat 4: the_brave83 ($5.87 in chips) 
Seat 5: D.Razvan13 ($3.91 in chips) 
Seat 8: crossfade1 ($2.20 in chips) 
Seat 9: Dorex2007 ($3.36 in chips) 
black.pantherx: posts small blind $0.01
popayrus: posts big blind $0.02
*** HOLE CARDS ***
Dealt to Dorex2007 [Kh 9d]
wohnjall joins the table at seat #6 
SorokkoPavel: folds 
the_brave83: folds 
D.Razvan13: calls $0.02
crossfade1: folds 
Dorex2007: calls $0.02
black.pantherx: raises $0.02 to $0.04
popayrus: folds 
D.Razvan13: calls $0.02
Dorex2007: calls $0.02
*** FLOP *** [2s 4c Js]
black.pantherx: checks 
D.Razvan13: bets $0.07
Dorex2007: folds 
black.pantherx: raises $0.21 to $0.28
D.Razvan13: folds 
Uncalled bet ($0.21) returned to black.pantherx
black.pantherx collected $0.27 from pot
black.pantherx: doesn't show hand 
*** SUMMARY ***
Total pot $0.28 | Rake $0.01 
Board [2s 4c Js]
Seat 1: black.pantherx (small blind) collected ($0.27)
Seat 2: popayrus (big blind) folded before Flop
Seat 3: SorokkoPavel folded before Flop (didn't bet)
Seat 4: the_brave83 folded before Flop (didn't bet)
Seat 5: D.Razvan13 folded on the Flop
Seat 8: crossfade1 folded before Flop (didn't bet)
Seat 9: Dorex2007 (button) folded on the Flop



PokerStars Hand #231200583698:  Hold'em No Limit ($0.01/$0.02 USD) - 2021/11/06 18:15:50 PT [2021/11/06 21:15:50 ET]
Table 'Bathseba II' 9-max Seat #1 is the button
Seat 1: black.pantherx ($2.16 in chips) 
Seat 2: popayrus ($2 in chips) 
Seat 3: SorokkoPavel ($2 in chips) 
Seat 4: the_brave83 ($5.87 in chips) 
Seat 5: D.Razvan13 ($3.80 in chips) 
Seat 6: wohnjall ($1.60 in chips) 
Seat 8: crossfade1 ($2.20 in chips) 
Seat 9: Dorex2007 ($3.32 in chips) 
popayrus: posts small blind $0.01
SorokkoPavel: posts big blind $0.02
wohnjall: posts big blind $0.02
*** HOLE CARDS ***
Dealt to Dorex2007 [Tc Ts]
the_brave83: raises $0.04 to $0.06
D.Razvan13: folds 
wohnjall: folds 
crossfade1 has timed out
crossfade1: folds 
Dorex2007: raises $0.14 to $0.20
black.pantherx: folds 
popayrus: folds 
SorokkoPavel: folds 
crossfade1 is disconnected 
the_brave83: calls $0.14
*** FLOP *** [Td 4d 2h]
the_brave83: checks 
Dorex2007: bets $0.29
the_brave83: calls $0.29
*** TURN *** [Td 4d 2h] [7d]
the_brave83: checks 
Dorex2007: bets $0.66
the_brave83: folds 
Uncalled bet ($0.66) returned to Dorex2007
Dorex2007 collected $0.99 from pot
Dorex2007: doesn't show hand 
*** SUMMARY ***
Total pot $1.03 | Rake $0.04 
Board [Td 4d 2h 7d]
Seat 1: black.pantherx (button) folded before Flop (didn't bet)
Seat 2: popayrus (small blind) folded before Flop
Seat 3: SorokkoPavel (big blind) folded before Flop
Seat 4: the_brave83 folded on the Turn
Seat 5: D.Razvan13 folded before Flop (didn't bet)
Seat 6: wohnjall folded before Flop (didn't bet)
Seat 8: crossfade1 folded before Flop (didn't bet)
Seat 9: Dorex2007 collected ($0.99)



PokerStars Hand #231200605307:  Hold'em No Limit ($0.01/$0.02 USD) - 2021/11/06 18:17:10 PT [2021/11/06 21:17:10 ET]
Table 'Bathseba II' 9-max Seat #2 is the button
Seat 1: black.pantherx ($2.16 in chips) 
Seat 2: popayrus ($2 in chips) 
Seat 3: SorokkoPavel ($2 in chips) 
Seat 4: the_brave83 ($5.38 in chips) 
Seat 5: D.Razvan13 ($3.80 in chips) 
Seat 6: wohnjall ($1.58 in chips) 
Seat 8: crossfade1 ($2.20 in chips) 
Seat 9: Dorex2007 ($3.82 in chips) 
SorokkoPavel: posts small blind $0.01
the_brave83: posts big blind $0.02
*** HOLE CARDS ***
Dealt to Dorex2007 [Kh 3h]
D.Razvan13: raises $0.04 to $0.06
wohnjall: calls $0.06
crossfade1 is connected 
crossfade1 has timed out
crossfade1: folds 
Dorex2007: folds 
black.pantherx: folds 
popayrus: folds 
SorokkoPavel: folds 
the_brave83: calls $0.04
*** FLOP *** [Th 4h 9c]
crossfade1 is disconnected 
the_brave83: checks 
D.Razvan13: checks 
wohnjall: bets $0.06
the_brave83: folds 
D.Razvan13: raises $0.06 to $0.12
wohnjall: calls $0.06
*** TURN *** [Th 4h 9c] [6d]
D.Razvan13: checks 
wohnjall: bets $0.22
D.Razvan13: raises $0.22 to $0.44
wohnjall: calls $0.22
*** RIVER *** [Th 4h 9c 6d] [5s]
crossfade1 is disconnected 
D.Razvan13: bets $0.63
wohnjall: folds 
Uncalled bet ($0.63) returned to D.Razvan13
D.Razvan13 collected $1.26 from pot
D.Razvan13: doesn't show hand 
*** SUMMARY ***
Total pot $1.31 | Rake $0.05 
Board [Th 4h 9c 6d 5s]
Seat 1: black.pantherx folded before Flop (didn't bet)
Seat 2: popayrus (button) folded before Flop (didn't bet)
Seat 3: SorokkoPavel (small blind) folded before Flop
Seat 4: the_brave83 (big blind) folded on the Flop
Seat 5: D.Razvan13 collected ($1.26)
Seat 6: wohnjall folded on the River
Seat 8: crossfade1 folded before Flop (didn't bet)
Seat 9: Dorex2007 folded before Flop (didn't bet)



