PokerStars Hand #228360263931:  Hold'em No Limit ($0.01/$0.02 USD) - 2021/07/17 10:26:04 PT [2021/07/17 13:26:04 ET]
Table 'Ursula II' 9-max Seat #4 is the button
Seat 1: GENJD ($2.18 in chips) 
Seat 2: Sunpower333 ($3.18 in chips) 
Seat 3: Dorex2007 ($2 in chips) 
Seat 4: Pókis ($0.90 in chips) 
Seat 5: Tucan008 ($2.01 in chips) 
Seat 6: chudak1000 ($1.81 in chips) 
Seat 7: mullski326 ($8.44 in chips) 
Seat 8: GaliRah ($2.02 in chips) 
Seat 9: Tuhtyn ($2.13 in chips) 
Tucan008: posts small blind $0.01
chudak1000: posts big blind $0.02
Dorex2007: posts big blind $0.02
*** HOLE CARDS ***
Dealt to Dorex2007 [Jc 2s]
mullski326: folds 
GaliRah: folds 
Tuhtyn: calls $0.02
GENJD: calls $0.02
Sunpower333: calls $0.02
Dorex2007: checks 
Pókis: folds 
Tucan008: calls $0.01
chudak1000: checks 
*** FLOP *** [Ah 7d 2c]
Tucan008: checks 
chudak1000: checks 
Tuhtyn: checks 
GENJD: checks 
Sunpower333: bets $0.12
Dorex2007: folds 
Tucan008: folds 
chudak1000: folds 
Tuhtyn: folds 
GENJD: folds 
Uncalled bet ($0.12) returned to Sunpower333
Sunpower333 collected $0.12 from pot
*** SUMMARY ***
Total pot $0.12 | Rake $0 
Board [Ah 7d 2c]
Seat 1: GENJD folded on the Flop
Seat 2: Sunpower333 collected ($0.12)
Seat 3: Dorex2007 folded on the Flop (didn't bet)
Seat 4: Pókis (button) folded before Flop (didn't bet)
Seat 5: Tucan008 (small blind) folded on the Flop
Seat 6: chudak1000 (big blind) folded on the Flop
Seat 7: mullski326 folded before Flop (didn't bet)
Seat 8: GaliRah folded before Flop (didn't bet)
Seat 9: Tuhtyn folded on the Flop



PokerStars Hand #228360293240:  Hold'em No Limit ($0.01/$0.02 USD) - 2021/07/17 10:27:11 PT [2021/07/17 13:27:11 ET]
Table 'Ursula II' 9-max Seat #5 is the button
Seat 1: GENJD ($2.16 in chips) 
Seat 2: Sunpower333 ($3.28 in chips) 
Seat 3: Dorex2007 ($1.98 in chips) 
Seat 4: Pókis ($0.90 in chips) 
Seat 5: Tucan008 ($2 in chips) 
Seat 6: chudak1000 ($1.79 in chips) 
Seat 7: mullski326 ($8.44 in chips) 
Seat 8: GaliRah ($2.02 in chips) 
Seat 9: Tuhtyn ($2.11 in chips) 
chudak1000: posts small blind $0.01
mullski326: posts big blind $0.02
*** HOLE CARDS ***
Dealt to Dorex2007 [Js 3h]
GaliRah: folds 
Tuhtyn: folds 
GENJD: folds 
Sunpower333: folds 
Dorex2007: folds 
Pókis: calls $0.02
Tucan008: raises $0.07 to $0.09
chudak1000: folds 
mullski326: folds 
Pókis: raises $0.07 to $0.16
Tucan008: raises $0.84 to $1
Pókis: calls $0.74 and is all-in
Uncalled bet ($0.10) returned to Tucan008
*** FLOP *** [5c Th 3s]
*** TURN *** [5c Th 3s] [5s]
*** RIVER *** [5c Th 3s 5s] [9c]
*** SHOW DOWN ***
Pókis: shows [3c Ah] (two pair, Fives and Threes)
Tucan008: shows [Ac Kh] (a pair of Fives)
Pókis collected $1.77 from pot
*** SUMMARY ***
Total pot $1.83 | Rake $0.06 
Board [5c Th 3s 5s 9c]
Seat 1: GENJD folded before Flop (didn't bet)
Seat 2: Sunpower333 folded before Flop (didn't bet)
Seat 3: Dorex2007 folded before Flop (didn't bet)
Seat 4: Pókis showed [3c Ah] and won ($1.77) with two pair, Fives and Threes
Seat 5: Tucan008 (button) showed [Ac Kh] and lost with a pair of Fives
Seat 6: chudak1000 (small blind) folded before Flop
Seat 7: mullski326 (big blind) folded before Flop
Seat 8: GaliRah folded before Flop (didn't bet)
Seat 9: Tuhtyn folded before Flop (didn't bet)



PokerStars Hand #228360316629:  Hold'em No Limit ($0.01/$0.02 USD) - 2021/07/17 10:28:05 PT [2021/07/17 13:28:05 ET]
Table 'Ursula II' 9-max Seat #6 is the button
Seat 1: GENJD ($2.16 in chips) 
Seat 2: Sunpower333 ($3.28 in chips) 
Seat 3: Dorex2007 ($1.98 in chips) 
Seat 4: Pókis ($1.77 in chips) 
Seat 5: Tucan008 ($2 in chips) 
Seat 6: chudak1000 ($1.78 in chips) 
Seat 7: mullski326 ($8.42 in chips) 
Seat 8: GaliRah ($2.02 in chips) 
Seat 9: Tuhtyn ($2.11 in chips) 
mullski326: posts small blind $0.01
GaliRah: posts big blind $0.02
*** HOLE CARDS ***
Dealt to Dorex2007 [9c 9s]
Tuhtyn: folds 
GENJD: folds 
Sunpower333: folds 
Dorex2007: raises $0.04 to $0.06
Pókis: calls $0.06
Tucan008: folds 
chudak1000: folds 
mullski326: calls $0.05
GaliRah: folds 
*** FLOP *** [6s Ac Qd]
mullski326: checks 
Dorex2007: checks 
Pókis: checks 
*** TURN *** [6s Ac Qd] [Th]
mullski326: bets $0.06
Dorex2007: folds 
Pókis: folds 
Uncalled bet ($0.06) returned to mullski326
mullski326 collected $0.19 from pot
*** SUMMARY ***
Total pot $0.20 | Rake $0.01 
Board [6s Ac Qd Th]
Seat 1: GENJD folded before Flop (didn't bet)
Seat 2: Sunpower333 folded before Flop (didn't bet)
Seat 3: Dorex2007 folded on the Turn
Seat 4: Pókis folded on the Turn
Seat 5: Tucan008 folded before Flop (didn't bet)
Seat 6: chudak1000 (button) folded before Flop (didn't bet)
Seat 7: mullski326 (small blind) collected ($0.19)
Seat 8: GaliRah (big blind) folded before Flop
Seat 9: Tuhtyn folded before Flop (didn't bet)



PokerStars Hand #228360335681:  Hold'em No Limit ($0.01/$0.02 USD) - 2021/07/17 10:28:49 PT [2021/07/17 13:28:49 ET]
Table 'Ursula II' 9-max Seat #7 is the button
Seat 1: GENJD ($2.16 in chips) 
Seat 2: Sunpower333 ($3.28 in chips) 
Seat 3: Dorex2007 ($1.92 in chips) 
Seat 4: Pókis ($1.71 in chips) 
Seat 5: Tucan008 ($2 in chips) 
Seat 6: chudak1000 ($1.78 in chips) 
Seat 7: mullski326 ($8.55 in chips) 
Seat 8: GaliRah ($2 in chips) 
Seat 9: Tuhtyn ($2.11 in chips) 
GaliRah: posts small blind $0.01
Tuhtyn: posts big blind $0.02
*** HOLE CARDS ***
Dealt to Dorex2007 [3s Tc]
GENJD: folds 
Sunpower333: folds 
Dorex2007: folds 
Pókis: folds 
Tucan008: raises $0.02 to $0.04
chudak1000: folds 
mullski326: folds 
GaliRah: folds 
Tuhtyn: folds 
Uncalled bet ($0.02) returned to Tucan008
Tucan008 collected $0.05 from pot
Tucan008: doesn't show hand 
*** SUMMARY ***
Total pot $0.05 | Rake $0 
Seat 1: GENJD folded before Flop (didn't bet)
Seat 2: Sunpower333 folded before Flop (didn't bet)
Seat 3: Dorex2007 folded before Flop (didn't bet)
Seat 4: Pókis folded before Flop (didn't bet)
Seat 5: Tucan008 collected ($0.05)
Seat 6: chudak1000 folded before Flop (didn't bet)
Seat 7: mullski326 (button) folded before Flop (didn't bet)
Seat 8: GaliRah (small blind) folded before Flop
Seat 9: Tuhtyn (big blind) folded before Flop



PokerStars Hand #228360343457:  Hold'em No Limit ($0.01/$0.02 USD) - 2021/07/17 10:29:07 PT [2021/07/17 13:29:07 ET]
Table 'Ursula II' 9-max Seat #8 is the button
Seat 1: GENJD ($2.16 in chips) 
Seat 2: Sunpower333 ($3.28 in chips) 
Seat 3: Dorex2007 ($1.92 in chips) 
Seat 4: Pókis ($1.71 in chips) 
Seat 5: Tucan008 ($2.03 in chips) 
Seat 6: chudak1000 ($1.78 in chips) 
Seat 7: mullski326 ($8.55 in chips) 
Seat 8: GaliRah ($2 in chips) 
Seat 9: Tuhtyn ($2.09 in chips) 
Tuhtyn: posts small blind $0.01
GENJD: posts big blind $0.02
*** HOLE CARDS ***
Dealt to Dorex2007 [7d Kh]
Sunpower333: folds 
Dorex2007: folds 
Pókis: folds 
Tucan008: folds 
chudak1000: folds 
mullski326: folds 
GaliRah: folds 
Tuhtyn: calls $0.01
GENJD: checks 
*** FLOP *** [5s 4c 9c]
Tuhtyn: checks 
GENJD: checks 
*** TURN *** [5s 4c 9c] [Qc]
Tuhtyn: checks 
GENJD: checks 
*** RIVER *** [5s 4c 9c Qc] [Td]
Tuhtyn: checks 
GENJD: checks 
*** SHOW DOWN ***
Tuhtyn: shows [4s 7s] (a pair of Fours)
GENJD: shows [5h 3d] (a pair of Fives)
GENJD collected $0.04 from pot
*** SUMMARY ***
Total pot $0.04 | Rake $0 
Board [5s 4c 9c Qc Td]
Seat 1: GENJD (big blind) showed [5h 3d] and won ($0.04) with a pair of Fives
Seat 2: Sunpower333 folded before Flop (didn't bet)
Seat 3: Dorex2007 folded before Flop (didn't bet)
Seat 4: Pókis folded before Flop (didn't bet)
Seat 5: Tucan008 folded before Flop (didn't bet)
Seat 6: chudak1000 folded before Flop (didn't bet)
Seat 7: mullski326 folded before Flop (didn't bet)
Seat 8: GaliRah (button) folded before Flop (didn't bet)
Seat 9: Tuhtyn (small blind) showed [4s 7s] and lost with a pair of Fours



PokerStars Hand #228360365747:  Hold'em No Limit ($0.01/$0.02 USD) - 2021/07/17 10:29:59 PT [2021/07/17 13:29:59 ET]
Table 'Ursula II' 9-max Seat #9 is the button
Seat 1: GENJD ($2.18 in chips) 
Seat 2: Sunpower333 ($3.28 in chips) 
Seat 3: Dorex2007 ($1.92 in chips) 
Seat 4: Pókis ($1.71 in chips) 
Seat 5: Tucan008 ($2.03 in chips) 
Seat 6: chudak1000 ($1.78 in chips) 
Seat 7: mullski326 ($8.55 in chips) 
Seat 8: GaliRah ($2 in chips) 
Seat 9: Tuhtyn ($2.07 in chips) 
GENJD: posts small blind $0.01
Sunpower333: posts big blind $0.02
*** HOLE CARDS ***
Dealt to Dorex2007 [9c 6d]
Dorex2007: folds 
Pókis: folds 
Tucan008: raises $0.02 to $0.04
chudak1000: folds 
mullski326: folds 
GaliRah: folds 
Tuhtyn: folds 
GENJD: folds 
Sunpower333: folds 
Uncalled bet ($0.02) returned to Tucan008
Tucan008 collected $0.05 from pot
Tucan008: doesn't show hand 
*** SUMMARY ***
Total pot $0.05 | Rake $0 
Seat 1: GENJD (small blind) folded before Flop
Seat 2: Sunpower333 (big blind) folded before Flop
Seat 3: Dorex2007 folded before Flop (didn't bet)
Seat 4: Pókis folded before Flop (didn't bet)
Seat 5: Tucan008 collected ($0.05)
Seat 6: chudak1000 folded before Flop (didn't bet)
Seat 7: mullski326 folded before Flop (didn't bet)
Seat 8: GaliRah folded before Flop (didn't bet)
Seat 9: Tuhtyn (button) folded before Flop (didn't bet)



PokerStars Hand #228360373329:  Hold'em No Limit ($0.01/$0.02 USD) - 2021/07/17 10:30:15 PT [2021/07/17 13:30:15 ET]
Table 'Ursula II' 9-max Seat #1 is the button
Seat 1: GENJD ($2.17 in chips) 
Seat 2: Sunpower333 ($3.26 in chips) 
Seat 3: Dorex2007 ($1.92 in chips) 
Seat 4: Pókis ($1.71 in chips) 
Seat 5: Tucan008 ($2.06 in chips) 
Seat 6: chudak1000 ($1.78 in chips) 
Seat 7: mullski326 ($8.55 in chips) 
Seat 8: GaliRah ($2 in chips) 
Seat 9: Tuhtyn ($2.07 in chips) 
Sunpower333: posts small blind $0.01
Dorex2007: posts big blind $0.02
*** HOLE CARDS ***
Dealt to Dorex2007 [Js 3h]
Pókis: folds 
Tucan008: folds 
chudak1000: folds 
mullski326: calls $0.02
GaliRah: folds 
Tuhtyn: folds 
GENJD: calls $0.02
Sunpower333: calls $0.01
Dorex2007: checks 
*** FLOP *** [5c Tc 6c]
Sunpower333: checks 
Dorex2007: checks 
mullski326: checks 
GENJD: bets $0.08
Sunpower333: folds 
Dorex2007: folds 
mullski326: folds 
Uncalled bet ($0.08) returned to GENJD
GENJD collected $0.08 from pot
GENJD: doesn't show hand 
*** SUMMARY ***
Total pot $0.08 | Rake $0 
Board [5c Tc 6c]
Seat 1: GENJD (button) collected ($0.08)
Seat 2: Sunpower333 (small blind) folded on the Flop
Seat 3: Dorex2007 (big blind) folded on the Flop
Seat 4: Pókis folded before Flop (didn't bet)
Seat 5: Tucan008 folded before Flop (didn't bet)
Seat 6: chudak1000 folded before Flop (didn't bet)
Seat 7: mullski326 folded on the Flop
Seat 8: GaliRah folded before Flop (didn't bet)
Seat 9: Tuhtyn folded before Flop (didn't bet)



PokerStars Hand #228360399475:  Hold'em No Limit ($0.01/$0.02 USD) - 2021/07/17 10:31:15 PT [2021/07/17 13:31:15 ET]
Table 'Ursula II' 9-max Seat #2 is the button
Seat 1: GENJD ($2.23 in chips) 
Seat 2: Sunpower333 ($3.24 in chips) 
Seat 3: Dorex2007 ($1.90 in chips) 
Seat 4: Pókis ($1.71 in chips) 
Seat 5: Tucan008 ($2.06 in chips) 
Seat 6: chudak1000 ($1.78 in chips) 
Seat 7: mullski326 ($8.53 in chips) 
Seat 8: GaliRah ($2 in chips) 
Seat 9: Tuhtyn ($2.07 in chips) 
Dorex2007: posts small blind $0.01
Pókis: posts big blind $0.02
*** HOLE CARDS ***
Dealt to Dorex2007 [8d 2h]
Tucan008 has timed out
Tucan008: folds 
chudak1000: raises $0.02 to $0.04
mullski326: folds 
GaliRah: folds 
Tuhtyn: folds 
GENJD: calls $0.04
Sunpower333: folds 
Dorex2007: folds 
Pókis: calls $0.02
*** FLOP *** [7d Kc Qc]
Pókis: checks 
chudak1000: checks 
GENJD: bets $0.13
Pókis: folds 
chudak1000: folds 
Uncalled bet ($0.13) returned to GENJD
GENJD collected $0.13 from pot
GENJD: doesn't show hand 
*** SUMMARY ***
Total pot $0.13 | Rake $0 
Board [7d Kc Qc]
Seat 1: GENJD collected ($0.13)
Seat 2: Sunpower333 (button) folded before Flop (didn't bet)
Seat 3: Dorex2007 (small blind) folded before Flop
Seat 4: Pókis (big blind) folded on the Flop
Seat 5: Tucan008 folded before Flop (didn't bet)
Seat 6: chudak1000 folded on the Flop
Seat 7: mullski326 folded before Flop (didn't bet)
Seat 8: GaliRah folded before Flop (didn't bet)
Seat 9: Tuhtyn folded before Flop (didn't bet)



PokerStars Hand #228360416813:  Hold'em No Limit ($0.01/$0.02 USD) - 2021/07/17 10:31:54 PT [2021/07/17 13:31:54 ET]
Table 'Ursula II' 9-max Seat #3 is the button
Seat 1: GENJD ($2.32 in chips) 
Seat 2: Sunpower333 ($3.24 in chips) 
Seat 3: Dorex2007 ($2 in chips) 
Seat 4: Pókis ($1.67 in chips) 
Seat 6: chudak1000 ($1.74 in chips) 
Seat 7: mullski326 ($8.53 in chips) 
Seat 8: GaliRah ($2 in chips) 
Seat 9: Tuhtyn ($2.07 in chips) 
Pókis: posts small blind $0.01
chudak1000: posts big blind $0.02
*** HOLE CARDS ***
Dealt to Dorex2007 [9d 4h]
mullski326: folds 
GaliRah: calls $0.02
Tuhtyn: folds 
GENJD: folds 
Sunpower333: raises $0.08 to $0.10
Dorex2007: folds 
Pókis: folds 
chudak1000: folds 
GaliRah: folds 
Uncalled bet ($0.08) returned to Sunpower333
Sunpower333 collected $0.07 from pot
*** SUMMARY ***
Total pot $0.07 | Rake $0 
Seat 1: GENJD folded before Flop (didn't bet)
Seat 2: Sunpower333 collected ($0.07)
Seat 3: Dorex2007 (button) folded before Flop (didn't bet)
Seat 4: Pókis (small blind) folded before Flop
Seat 6: chudak1000 (big blind) folded before Flop
Seat 7: mullski326 folded before Flop (didn't bet)
Seat 8: GaliRah folded before Flop
Seat 9: Tuhtyn folded before Flop (didn't bet)



PokerStars Hand #228360429213:  Hold'em No Limit ($0.01/$0.02 USD) - 2021/07/17 10:32:22 PT [2021/07/17 13:32:22 ET]
Table 'Ursula II' 9-max Seat #4 is the button
Seat 1: GENJD ($2.32 in chips) 
Seat 2: Sunpower333 ($3.29 in chips) 
Seat 3: Dorex2007 ($2 in chips) 
Seat 4: Pókis ($1.66 in chips) 
Seat 6: chudak1000 ($1.72 in chips) 
Seat 7: mullski326 ($8.53 in chips) 
Seat 8: GaliRah ($2 in chips) 
Seat 9: Tuhtyn ($2.07 in chips) 
chudak1000: posts small blind $0.01
mullski326: posts big blind $0.02
*** HOLE CARDS ***
Dealt to Dorex2007 [8h Kh]
GaliRah: folds 
Tuhtyn: folds 
GENJD: folds 
Sunpower333: calls $0.02
Dorex2007: folds 
Pókis: calls $0.02
chudak1000: folds 
mullski326: checks 
*** FLOP *** [5h 3c 6c]
mullski326: checks 
Sunpower333: bets $0.07
Pókis: calls $0.07
mullski326: calls $0.07
*** TURN *** [5h 3c 6c] [Qs]
mullski326: checks 
Sunpower333: bets $0.27
Pókis: folds 
mullski326: folds 
Uncalled bet ($0.27) returned to Sunpower333
Sunpower333 collected $0.27 from pot
*** SUMMARY ***
Total pot $0.28 | Rake $0.01 
Board [5h 3c 6c Qs]
Seat 1: GENJD folded before Flop (didn't bet)
Seat 2: Sunpower333 collected ($0.27)
Seat 3: Dorex2007 folded before Flop (didn't bet)
Seat 4: Pókis (button) folded on the Turn
Seat 6: chudak1000 (small blind) folded before Flop
Seat 7: mullski326 (big blind) folded on the Turn
Seat 8: GaliRah folded before Flop (didn't bet)
Seat 9: Tuhtyn folded before Flop (didn't bet)



PokerStars Hand #228360449960:  Hold'em No Limit ($0.01/$0.02 USD) - 2021/07/17 10:33:09 PT [2021/07/17 13:33:09 ET]
Table 'Ursula II' 9-max Seat #6 is the button
Seat 1: GENJD ($2.32 in chips) 
Seat 2: Sunpower333 ($3.47 in chips) 
Seat 3: Dorex2007 ($2 in chips) 
Seat 4: Pókis ($1.57 in chips) 
Seat 6: chudak1000 ($1.71 in chips) 
Seat 7: mullski326 ($8.44 in chips) 
Seat 8: GaliRah ($2 in chips) 
Seat 9: Tuhtyn ($2.07 in chips) 
mullski326: posts small blind $0.01
GaliRah: posts big blind $0.02
Tucan008: sits out 
*** HOLE CARDS ***
Dealt to Dorex2007 [6h 7c]
Tuhtyn: calls $0.02
GENJD: folds 
Sunpower333: folds 
Dorex2007: folds 
Pókis: raises $0.02 to $0.04
chudak1000: folds 
mullski326: raises $0.12 to $0.16
GaliRah: folds 
Tuhtyn: folds 
Pókis: raises $0.34 to $0.50
mullski326: raises $7.94 to $8.44 and is all-in
Pókis: calls $1.07 and is all-in
Uncalled bet ($6.87) returned to mullski326
*** FLOP *** [2c 2s 8h]
*** TURN *** [2c 2s 8h] [5d]
*** RIVER *** [2c 2s 8h 5d] [Qc]
*** SHOW DOWN ***
mullski326: shows [Kh Kd] (two pair, Kings and Deuces)
Pókis: shows [Ac Ks] (a pair of Deuces)
mullski326 cashed out the hand for $2.13 | Cash Out Fee $0.02
*** SUMMARY ***
Total pot $3.18 | Rake $0.11 
Board [2c 2s 8h 5d Qc]
Seat 1: GENJD folded before Flop (didn't bet)
Seat 2: Sunpower333 folded before Flop (didn't bet)
Seat 3: Dorex2007 folded before Flop (didn't bet)
Seat 4: Pókis showed [Ac Ks] and lost with a pair of Deuces
Seat 6: chudak1000 (button) folded before Flop (didn't bet)
Seat 7: mullski326 (small blind) showed [Kh Kd] and won ($3.07) with two pair, Kings and Deuces (pot not awarded as player cashed out)
Seat 8: GaliRah (big blind) folded before Flop
Seat 9: Tuhtyn folded before Flop



PokerStars Hand #228360472645:  Hold'em No Limit ($0.01/$0.02 USD) - 2021/07/17 10:34:00 PT [2021/07/17 13:34:00 ET]
Table 'Ursula II' 9-max Seat #7 is the button
Seat 1: GENJD ($2.32 in chips) 
Seat 2: Sunpower333 ($3.47 in chips) 
Seat 3: Dorex2007 ($2 in chips) 
Seat 6: chudak1000 ($1.71 in chips) 
Seat 7: mullski326 ($9 in chips) 
Seat 8: GaliRah ($2 in chips) 
Seat 9: Tuhtyn ($2.05 in chips) 
GaliRah: posts small blind $0.01
Tuhtyn: posts big blind $0.02
Tucan008: sits out 
*** HOLE CARDS ***
Dealt to Dorex2007 [As 7d]
GENJD: folds 
Sunpower333: folds 
Dorex2007: folds 
Pókis leaves the table
chudak1000: folds 
mullski326: folds 
GaliRah: calls $0.01
Tuhtyn: checks 
*** FLOP *** [Qh Js Qs]
mariodelore joins the table at seat #4 
GaliRah: bets $0.04
Tuhtyn: folds 
Uncalled bet ($0.04) returned to GaliRah
GaliRah collected $0.04 from pot
*** SUMMARY ***
Total pot $0.04 | Rake $0 
Board [Qh Js Qs]
Seat 1: GENJD folded before Flop (didn't bet)
Seat 2: Sunpower333 folded before Flop (didn't bet)
Seat 3: Dorex2007 folded before Flop (didn't bet)
Seat 6: chudak1000 folded before Flop (didn't bet)
Seat 7: mullski326 (button) folded before Flop (didn't bet)
Seat 8: GaliRah (small blind) collected ($0.04)
Seat 9: Tuhtyn (big blind) folded on the Flop



PokerStars Hand #228360485539:  Hold'em No Limit ($0.01/$0.02 USD) - 2021/07/17 10:34:28 PT [2021/07/17 13:34:28 ET]
Table 'Ursula II' 9-max Seat #8 is the button
Seat 1: GENJD ($2.32 in chips) 
Seat 2: Sunpower333 ($3.47 in chips) 
Seat 3: Dorex2007 ($2 in chips) 
Seat 6: chudak1000 ($1.71 in chips) 
Seat 7: mullski326 ($9 in chips) 
Seat 8: GaliRah ($2.02 in chips) 
Seat 9: Tuhtyn ($2.03 in chips) 
Tuhtyn: posts small blind $0.01
GENJD: posts big blind $0.02
mariodelore: sits out 
Tucan008: sits out 
*** HOLE CARDS ***
Dealt to Dorex2007 [Jd 4d]
Sunpower333: folds 
Dorex2007: folds 
chudak1000: folds 
mullski326: folds 
GaliRah: folds 
Tuhtyn: calls $0.01
GENJD: checks 
*** FLOP *** [2h 5h 5c]
Tuhtyn: bets $0.04
GENJD: folds 
Uncalled bet ($0.04) returned to Tuhtyn
Tuhtyn collected $0.04 from pot
*** SUMMARY ***
Total pot $0.04 | Rake $0 
Board [2h 5h 5c]
Seat 1: GENJD (big blind) folded on the Flop
Seat 2: Sunpower333 folded before Flop (didn't bet)
Seat 3: Dorex2007 folded before Flop (didn't bet)
Seat 6: chudak1000 folded before Flop (didn't bet)
Seat 7: mullski326 folded before Flop (didn't bet)
Seat 8: GaliRah (button) folded before Flop (didn't bet)
Seat 9: Tuhtyn (small blind) collected ($0.04)



PokerStars Hand #228360496921:  Hold'em No Limit ($0.01/$0.02 USD) - 2021/07/17 10:34:54 PT [2021/07/17 13:34:54 ET]
Table 'Ursula II' 9-max Seat #9 is the button
Seat 1: GENJD ($2.30 in chips) 
Seat 2: Sunpower333 ($3.47 in chips) 
Seat 3: Dorex2007 ($2 in chips) 
Seat 6: chudak1000 ($1.71 in chips) 
Seat 7: mullski326 ($9 in chips) 
Seat 8: GaliRah ($2.02 in chips) 
Seat 9: Tuhtyn ($2.05 in chips) 
GENJD: posts small blind $0.01
Sunpower333: posts big blind $0.02
mariodelore: sits out 
Tucan008: sits out 
*** HOLE CARDS ***
Dealt to Dorex2007 [Qc 6h]
Dorex2007: folds 
chudak1000: folds 
mullski326: folds 
GaliRah: calls $0.02
Tuhtyn: calls $0.02
GENJD: calls $0.01
Sunpower333: checks 
*** FLOP *** [Js Qh 5h]
GENJD: checks 
Sunpower333: checks 
GaliRah: bets $0.04
Tuhtyn: calls $0.04
GENJD: folds 
Sunpower333: folds 
*** TURN *** [Js Qh 5h] [2c]
GaliRah: bets $0.08
Tuhtyn: folds 
Uncalled bet ($0.08) returned to GaliRah
GaliRah collected $0.15 from pot
*** SUMMARY ***
Total pot $0.16 | Rake $0.01 
Board [Js Qh 5h 2c]
Seat 1: GENJD (small blind) folded on the Flop
Seat 2: Sunpower333 (big blind) folded on the Flop
Seat 3: Dorex2007 folded before Flop (didn't bet)
Seat 6: chudak1000 folded before Flop (didn't bet)
Seat 7: mullski326 folded before Flop (didn't bet)
Seat 8: GaliRah collected ($0.15)
Seat 9: Tuhtyn (button) folded on the Turn



PokerStars Hand #228360523945:  Hold'em No Limit ($0.01/$0.02 USD) - 2021/07/17 10:35:54 PT [2021/07/17 13:35:54 ET]
Table 'Ursula II' 9-max Seat #1 is the button
Seat 1: GENJD ($2.28 in chips) 
Seat 2: Sunpower333 ($3.45 in chips) 
Seat 3: Dorex2007 ($2 in chips) 
Seat 6: chudak1000 ($1.71 in chips) 
Seat 7: mullski326 ($9 in chips) 
Seat 8: GaliRah ($2.11 in chips) 
Seat 9: Tuhtyn ($1.99 in chips) 
Sunpower333: posts small blind $0.01
Dorex2007: posts big blind $0.02
mariodelore: sits out 
Tucan008: sits out 
*** HOLE CARDS ***
Dealt to Dorex2007 [9s 7s]
chudak1000: folds 
mullski326: folds 
GaliRah: folds 
Tuhtyn: calls $0.02
GENJD: calls $0.02
Sunpower333: calls $0.01
Dorex2007: checks 
*** FLOP *** [9d 7h 7c]
Sunpower333: checks 
Dorex2007: checks 
Tuhtyn: checks 
GENJD: checks 
*** TURN *** [9d 7h 7c] [5h]
Sunpower333: checks 
Dorex2007: checks 
Tuhtyn: checks 
GENJD: bets $0.08
Sunpower333: folds 
Dorex2007: calls $0.08
Tuhtyn: folds 
*** RIVER *** [9d 7h 7c 5h] [Kc]
Dorex2007: checks 
GENJD: checks 
*** SHOW DOWN ***
Dorex2007: shows [9s 7s] (a full house, Sevens full of Nines)
GENJD: mucks hand 
Dorex2007 collected $0.23 from pot
*** SUMMARY ***
Total pot $0.24 | Rake $0.01 
Board [9d 7h 7c 5h Kc]
Seat 1: GENJD (button) mucked [Ah 4h]
Seat 2: Sunpower333 (small blind) folded on the Turn
Seat 3: Dorex2007 (big blind) showed [9s 7s] and won ($0.23) with a full house, Sevens full of Nines
Seat 6: chudak1000 folded before Flop (didn't bet)
Seat 7: mullski326 folded before Flop (didn't bet)
Seat 8: GaliRah folded before Flop (didn't bet)
Seat 9: Tuhtyn folded on the Turn



PokerStars Hand #228360544997:  Hold'em No Limit ($0.01/$0.02 USD) - 2021/07/17 10:36:42 PT [2021/07/17 13:36:42 ET]
Table 'Ursula II' 9-max Seat #2 is the button
Seat 1: GENJD ($2.18 in chips) 
Seat 2: Sunpower333 ($3.43 in chips) 
Seat 3: Dorex2007 ($2.13 in chips) 
Seat 4: mariodelore ($2 in chips) 
Seat 6: chudak1000 ($1.71 in chips) 
Seat 7: mullski326 ($9 in chips) 
Seat 8: GaliRah ($2.11 in chips) 
Seat 9: Tuhtyn ($1.97 in chips) 
Dorex2007: posts small blind $0.01
mariodelore: posts big blind $0.02
Tucan008: sits out 
*** HOLE CARDS ***
Dealt to Dorex2007 [Ac Qc]
chudak1000: folds 
mullski326: folds 
GaliRah: folds 
Tuhtyn: raises $0.04 to $0.06
GENJD: calls $0.06
Sunpower333: folds 
Dorex2007: calls $0.05
mariodelore: calls $0.04
*** FLOP *** [9c Ad 4d]
Dorex2007: checks 
mariodelore: checks 
Tuhtyn: checks 
GENJD: checks 
*** TURN *** [9c Ad 4d] [Tc]
Dorex2007: checks 
mariodelore: bets $0.12
Tuhtyn: folds 
GENJD: calls $0.12
Dorex2007: calls $0.12
*** RIVER *** [9c Ad 4d Tc] [4s]
Dorex2007: checks 
mariodelore: bets $0.22
GENJD: folds 
Dorex2007: calls $0.22
*** SHOW DOWN ***
mariodelore: shows [Js Ah] (two pair, Aces and Fours)
Dorex2007: shows [Ac Qc] (two pair, Aces and Fours - Queen kicker)
Dorex2007 collected $1 from pot
*** SUMMARY ***
Total pot $1.04 | Rake $0.04 
Board [9c Ad 4d Tc 4s]
Seat 1: GENJD folded on the River
Seat 2: Sunpower333 (button) folded before Flop (didn't bet)
Seat 3: Dorex2007 (small blind) showed [Ac Qc] and won ($1) with two pair, Aces and Fours
Seat 4: mariodelore (big blind) showed [Js Ah] and lost with two pair, Aces and Fours
Seat 6: chudak1000 folded before Flop (didn't bet)
Seat 7: mullski326 folded before Flop (didn't bet)
Seat 8: GaliRah folded before Flop (didn't bet)
Seat 9: Tuhtyn folded on the Turn



PokerStars Hand #228360577899:  Hold'em No Limit ($0.01/$0.02 USD) - 2021/07/17 10:37:56 PT [2021/07/17 13:37:56 ET]
Table 'Ursula II' 9-max Seat #3 is the button
Seat 1: GENJD ($2 in chips) 
Seat 2: Sunpower333 ($3.43 in chips) 
Seat 3: Dorex2007 ($2.73 in chips) 
Seat 6: chudak1000 ($1.71 in chips) 
Seat 7: mullski326 ($9 in chips) 
Seat 8: GaliRah ($2.11 in chips) 
Seat 9: Tuhtyn ($1.91 in chips) 
chudak1000: posts small blind $0.01
mullski326: posts big blind $0.02
*** HOLE CARDS ***
Dealt to Dorex2007 [9d 7d]
GaliRah: calls $0.02
Tuhtyn: folds 
GENJD: folds 
Sunpower333: folds 
Dorex2007: folds 
chudak1000: calls $0.01
arthurcostam joins the table at seat #4 
mullski326: checks 
*** FLOP *** [Ac 6c Th]
chudak1000: checks 
mullski326: checks 
GaliRah: bets $0.06
chudak1000: folds 
mullski326: folds 
Uncalled bet ($0.06) returned to GaliRah
GaliRah collected $0.06 from pot
*** SUMMARY ***
Total pot $0.06 | Rake $0 
Board [Ac 6c Th]
Seat 1: GENJD folded before Flop (didn't bet)
Seat 2: Sunpower333 folded before Flop (didn't bet)
Seat 3: Dorex2007 (button) folded before Flop (didn't bet)
Seat 6: chudak1000 (small blind) folded on the Flop
Seat 7: mullski326 (big blind) folded on the Flop
Seat 8: GaliRah collected ($0.06)
Seat 9: Tuhtyn folded before Flop (didn't bet)



PokerStars Hand #228360595363:  Hold'em No Limit ($0.01/$0.02 USD) - 2021/07/17 10:38:35 PT [2021/07/17 13:38:35 ET]
Table 'Ursula II' 9-max Seat #6 is the button
Seat 1: GENJD ($2 in chips) 
Seat 2: Sunpower333 ($3.43 in chips) 
Seat 3: Dorex2007 ($2.73 in chips) 
Seat 4: arthurcostam ($2 in chips) 
Seat 6: chudak1000 ($1.69 in chips) 
Seat 7: mullski326 ($8.98 in chips) 
Seat 8: GaliRah ($2.15 in chips) 
Seat 9: Tuhtyn ($1.91 in chips) 
mullski326: posts small blind $0.01
GaliRah: posts big blind $0.02
arthurcostam: posts big blind $0.02
Tucan008: sits out 
*** HOLE CARDS ***
Dealt to Dorex2007 [5h 3h]
Tuhtyn: folds 
GENJD: folds 
Sunpower333: folds 
Dorex2007: folds 
arthurcostam: raises $0.04 to $0.06
chudak1000: folds 
mullski326: folds 
GaliRah: folds 
Uncalled bet ($0.04) returned to arthurcostam
arthurcostam collected $0.05 from pot
arthurcostam: doesn't show hand 
*** SUMMARY ***
Total pot $0.05 | Rake $0 
Seat 1: GENJD folded before Flop (didn't bet)
Seat 2: Sunpower333 folded before Flop (didn't bet)
Seat 3: Dorex2007 folded before Flop (didn't bet)
Seat 4: arthurcostam collected ($0.05)
Seat 6: chudak1000 (button) folded before Flop (didn't bet)
Seat 7: mullski326 (small blind) folded before Flop
Seat 8: GaliRah (big blind) folded before Flop
Seat 9: Tuhtyn folded before Flop (didn't bet)



PokerStars Hand #228360604489:  Hold'em No Limit ($0.01/$0.02 USD) - 2021/07/17 10:38:55 PT [2021/07/17 13:38:55 ET]
Table 'Ursula II' 9-max Seat #7 is the button
Seat 1: GENJD ($2 in chips) 
Seat 2: Sunpower333 ($3.43 in chips) 
Seat 3: Dorex2007 ($2.73 in chips) 
Seat 4: arthurcostam ($2.03 in chips) 
Seat 6: chudak1000 ($1.69 in chips) 
Seat 7: mullski326 ($8.97 in chips) 
Seat 8: GaliRah ($2.13 in chips) 
Seat 9: Tuhtyn ($1.91 in chips) 
GaliRah: posts small blind $0.01
Tuhtyn: posts big blind $0.02
Tucan008: sits out 
*** HOLE CARDS ***
Dealt to Dorex2007 [Td As]
GENJD: folds 
Sunpower333: folds 
Dorex2007: folds 
arthurcostam: calls $0.02
chudak1000: raises $0.04 to $0.06
mullski326: folds 
GaliRah: folds 
Tuhtyn: folds 
arthurcostam: calls $0.04
*** FLOP *** [6h 3c 4d]
arthurcostam: checks 
chudak1000: checks 
*** TURN *** [6h 3c 4d] [Th]
arthurcostam: bets $0.02
chudak1000: calls $0.02
*** RIVER *** [6h 3c 4d Th] [4h]
arthurcostam: bets $0.09
chudak1000: folds 
Uncalled bet ($0.09) returned to arthurcostam
arthurcostam collected $0.18 from pot
arthurcostam: doesn't show hand 
*** SUMMARY ***
Total pot $0.19 | Rake $0.01 
Board [6h 3c 4d Th 4h]
Seat 1: GENJD folded before Flop (didn't bet)
Seat 2: Sunpower333 folded before Flop (didn't bet)
Seat 3: Dorex2007 folded before Flop (didn't bet)
Seat 4: arthurcostam collected ($0.18)
Seat 6: chudak1000 folded on the River
Seat 7: mullski326 (button) folded before Flop (didn't bet)
Seat 8: GaliRah (small blind) folded before Flop
Seat 9: Tuhtyn (big blind) folded before Flop



PokerStars Hand #228360627391:  Hold'em No Limit ($0.01/$0.02 USD) - 2021/07/17 10:39:47 PT [2021/07/17 13:39:47 ET]
Table 'Ursula II' 9-max Seat #8 is the button
Seat 1: GENJD ($2 in chips) 
Seat 2: Sunpower333 ($3.43 in chips) 
Seat 3: Dorex2007 ($2.73 in chips) 
Seat 4: arthurcostam ($2.13 in chips) 
Seat 6: chudak1000 ($1.61 in chips) 
Seat 7: mullski326 ($8.97 in chips) 
Seat 8: GaliRah ($2.12 in chips) 
Seat 9: Tuhtyn ($1.89 in chips) 
Tuhtyn: posts small blind $0.01
GENJD: posts big blind $0.02
Tucan008: sits out 
*** HOLE CARDS ***
Dealt to Dorex2007 [7d 5s]
Sunpower333: folds 
Dorex2007: folds 
arthurcostam: folds 
chudak1000: folds 
mullski326: folds 
GaliRah: calls $0.02
Tuhtyn: calls $0.01
GENJD: raises $0.08 to $0.10
GaliRah: folds 
Tuhtyn: calls $0.08
*** FLOP *** [Jh Th 9c]
Tuhtyn: bets $0.02
GENJD: raises $0.25 to $0.27
Tuhtyn: calls $0.25
*** TURN *** [Jh Th 9c] [4d]
Tuhtyn: checks 
GENJD: bets $0.73
Tuhtyn: folds 
Uncalled bet ($0.73) returned to GENJD
GENJD collected $0.73 from pot
GENJD: doesn't show hand 
*** SUMMARY ***
Total pot $0.76 | Rake $0.03 
Board [Jh Th 9c 4d]
Seat 1: GENJD (big blind) collected ($0.73)
Seat 2: Sunpower333 folded before Flop (didn't bet)
Seat 3: Dorex2007 folded before Flop (didn't bet)
Seat 4: arthurcostam folded before Flop (didn't bet)
Seat 6: chudak1000 folded before Flop (didn't bet)
Seat 7: mullski326 folded before Flop (didn't bet)
Seat 8: GaliRah (button) folded before Flop
Seat 9: Tuhtyn (small blind) folded on the Turn



PokerStars Hand #228360653804:  Hold'em No Limit ($0.01/$0.02 USD) - 2021/07/17 10:40:46 PT [2021/07/17 13:40:46 ET]
Table 'Ursula II' 9-max Seat #9 is the button
Seat 1: GENJD ($2.36 in chips) 
Seat 2: Sunpower333 ($3.43 in chips) 
Seat 3: Dorex2007 ($2.73 in chips) 
Seat 4: arthurcostam ($2.13 in chips) 
Seat 6: chudak1000 ($1.61 in chips) 
Seat 7: mullski326 ($8.97 in chips) 
Seat 8: GaliRah ($2.10 in chips) 
Seat 9: Tuhtyn ($1.52 in chips) 
GENJD: posts small blind $0.01
Sunpower333: posts big blind $0.02
Tucan008: sits out 
*** HOLE CARDS ***
Dealt to Dorex2007 [5d 7h]
Dorex2007: folds 
arthurcostam: calls $0.02
chudak1000: folds 
mullski326: folds 
GaliRah: calls $0.02
Tuhtyn: folds 
GENJD: calls $0.01
Sunpower333: checks 
*** FLOP *** [2h 2s 4c]
GENJD: checks 
Sunpower333: bets $0.08
arthurcostam: folds 
GaliRah: folds 
GENJD: folds 
Uncalled bet ($0.08) returned to Sunpower333
Sunpower333 collected $0.08 from pot
*** SUMMARY ***
Total pot $0.08 | Rake $0 
Board [2h 2s 4c]
Seat 1: GENJD (small blind) folded on the Flop
Seat 2: Sunpower333 (big blind) collected ($0.08)
Seat 3: Dorex2007 folded before Flop (didn't bet)
Seat 4: arthurcostam folded on the Flop
Seat 6: chudak1000 folded before Flop (didn't bet)
Seat 7: mullski326 folded before Flop (didn't bet)
Seat 8: GaliRah folded on the Flop
Seat 9: Tuhtyn (button) folded before Flop (didn't bet)



PokerStars Hand #228360675786:  Hold'em No Limit ($0.01/$0.02 USD) - 2021/07/17 10:41:35 PT [2021/07/17 13:41:35 ET]
Table 'Ursula II' 9-max Seat #1 is the button
Seat 1: GENJD ($2.34 in chips) 
Seat 2: Sunpower333 ($3.49 in chips) 
Seat 3: Dorex2007 ($2.73 in chips) 
Seat 4: arthurcostam ($2.11 in chips) 
Seat 6: chudak1000 ($1.61 in chips) 
Seat 7: mullski326 ($8.97 in chips) 
Seat 8: GaliRah ($2.08 in chips) 
Seat 9: Tuhtyn ($1.52 in chips) 
Sunpower333: posts small blind $0.01
Dorex2007: posts big blind $0.02
Tucan008: sits out 
*** HOLE CARDS ***
Dealt to Dorex2007 [Kh 9h]
arthurcostam: calls $0.02
chudak1000: folds 
mullski326: folds 
GaliRah: folds 
Tuhtyn: folds 
GENJD: raises $0.10 to $0.12
Sunpower333: folds 
Dorex2007: folds 
arthurcostam: raises $0.27 to $0.39
GENJD: calls $0.27
*** FLOP *** [Kd Qd 9s]
arthurcostam: bets $0.78
GENJD: raises $1.17 to $1.95 and is all-in
arthurcostam: calls $0.94 and is all-in
Uncalled bet ($0.23) returned to GENJD
*** TURN *** [Kd Qd 9s] [3s]
*** RIVER *** [Kd Qd 9s 3s] [4s]
*** SHOW DOWN ***
arthurcostam: shows [Kc Ks] (three of a kind, Kings)
GENJD: shows [Qs Qh] (three of a kind, Queens)
arthurcostam collected $4.10 from pot
*** SUMMARY ***
Total pot $4.25 | Rake $0.15 
Board [Kd Qd 9s 3s 4s]
Seat 1: GENJD (button) showed [Qs Qh] and lost with three of a kind, Queens
Seat 2: Sunpower333 (small blind) folded before Flop
Seat 3: Dorex2007 (big blind) folded before Flop
Seat 4: arthurcostam showed [Kc Ks] and won ($4.10) with three of a kind, Kings
Seat 6: chudak1000 folded before Flop (didn't bet)
Seat 7: mullski326 folded before Flop (didn't bet)
Seat 8: GaliRah folded before Flop (didn't bet)
Seat 9: Tuhtyn folded before Flop (didn't bet)



PokerStars Hand #228360699618:  Hold'em No Limit ($0.01/$0.02 USD) - 2021/07/17 10:42:28 PT [2021/07/17 13:42:28 ET]
Table 'Ursula II' 9-max Seat #2 is the button
Seat 1: GENJD ($2 in chips) 
Seat 2: Sunpower333 ($3.48 in chips) 
Seat 3: Dorex2007 ($2.71 in chips) 
Seat 4: arthurcostam ($4.10 in chips) 
Seat 6: chudak1000 ($1.61 in chips) 
Seat 7: mullski326 ($8.97 in chips) 
Seat 8: GaliRah ($2.08 in chips) 
Seat 9: Tuhtyn ($1.52 in chips) 
Dorex2007: posts small blind $0.01
arthurcostam: posts big blind $0.02
Tucan008: sits out 
*** HOLE CARDS ***
Dealt to Dorex2007 [Ah 2d]
chudak1000: folds 
mullski326: folds 
GaliRah: folds 
Tuhtyn: folds 
GENJD: calls $0.02
Sunpower333: folds 
Dorex2007: folds 
arthurcostam: checks 
*** FLOP *** [2c 2h Ac]
arthurcostam: checks 
GENJD: bets $0.05
arthurcostam: folds 
Uncalled bet ($0.05) returned to GENJD
GENJD collected $0.05 from pot
GENJD: doesn't show hand 
*** SUMMARY ***
Total pot $0.05 | Rake $0 
Board [2c 2h Ac]
Seat 1: GENJD collected ($0.05)
Seat 2: Sunpower333 (button) folded before Flop (didn't bet)
Seat 3: Dorex2007 (small blind) folded before Flop
Seat 4: arthurcostam (big blind) folded on the Flop
Seat 6: chudak1000 folded before Flop (didn't bet)
Seat 7: mullski326 folded before Flop (didn't bet)
Seat 8: GaliRah folded before Flop (didn't bet)
Seat 9: Tuhtyn folded before Flop (didn't bet)



PokerStars Hand #228360711580:  Hold'em No Limit ($0.01/$0.02 USD) - 2021/07/17 10:42:55 PT [2021/07/17 13:42:55 ET]
Table 'Ursula II' 9-max Seat #3 is the button
Seat 1: GENJD ($2.03 in chips) 
Seat 2: Sunpower333 ($3.48 in chips) 
Seat 3: Dorex2007 ($2.70 in chips) 
Seat 4: arthurcostam ($4.08 in chips) 
Seat 5: Tucan008 ($2.06 in chips) 
Seat 6: chudak1000 ($1.61 in chips) 
Seat 7: mullski326 ($8.97 in chips) 
Seat 8: GaliRah ($2.08 in chips) 
Seat 9: Tuhtyn ($1.52 in chips) 
arthurcostam: posts small blind $0.01
Tucan008: posts big blind $0.02
*** HOLE CARDS ***
Dealt to Dorex2007 [8d 6h]
chudak1000: folds 
mullski326: calls $0.02
GaliRah: folds 
Tuhtyn: folds 
GENJD: folds 
Sunpower333: folds 
Dorex2007: folds 
arthurcostam: calls $0.01
Tucan008: checks 
*** FLOP *** [2d Qd 5h]
arthurcostam: checks 
Tucan008: checks 
mullski326: bets $0.06
arthurcostam: folds 
Tucan008: calls $0.06
*** TURN *** [2d Qd 5h] [7s]
Tucan008: checks 
mullski326: bets $0.17
Tucan008: calls $0.17
*** RIVER *** [2d Qd 5h 7s] [3d]
Tucan008: checks 
mullski326: checks 
*** SHOW DOWN ***
Tucan008: shows [Ad Td] (a flush, Ace high)
mullski326: mucks hand 
Tucan008 collected $0.50 from pot
*** SUMMARY ***
Total pot $0.52 | Rake $0.02 
Board [2d Qd 5h 7s 3d]
Seat 1: GENJD folded before Flop (didn't bet)
Seat 2: Sunpower333 folded before Flop (didn't bet)
Seat 3: Dorex2007 (button) folded before Flop (didn't bet)
Seat 4: arthurcostam (small blind) folded on the Flop
Seat 5: Tucan008 (big blind) showed [Ad Td] and won ($0.50) with a flush, Ace high
Seat 6: chudak1000 folded before Flop (didn't bet)
Seat 7: mullski326 mucked [Qh As]
Seat 8: GaliRah folded before Flop (didn't bet)
Seat 9: Tuhtyn folded before Flop (didn't bet)



PokerStars Hand #228360733824:  Hold'em No Limit ($0.01/$0.02 USD) - 2021/07/17 10:43:45 PT [2021/07/17 13:43:45 ET]
Table 'Ursula II' 9-max Seat #4 is the button
Seat 1: GENJD ($2.03 in chips) 
Seat 2: Sunpower333 ($3.48 in chips) 
Seat 3: Dorex2007 ($2.70 in chips) 
Seat 4: arthurcostam ($4.06 in chips) 
Seat 5: Tucan008 ($2.31 in chips) 
Seat 6: chudak1000 ($1.61 in chips) 
Seat 7: mullski326 ($8.72 in chips) 
Seat 8: GaliRah ($2.08 in chips) 
Seat 9: Tuhtyn ($1.52 in chips) 
Tucan008: posts small blind $0.01
chudak1000: posts big blind $0.02
*** HOLE CARDS ***
Dealt to Dorex2007 [5s Ah]
mullski326: folds 
GaliRah: folds 
Tuhtyn: folds 
GENJD: folds 
Sunpower333: folds 
Dorex2007: folds 
arthurcostam: folds 
Tucan008: raises $0.04 to $0.06
chudak1000: folds 
Uncalled bet ($0.04) returned to Tucan008
Tucan008 collected $0.04 from pot
Tucan008: doesn't show hand 
*** SUMMARY ***
Total pot $0.04 | Rake $0 
Seat 1: GENJD folded before Flop (didn't bet)
Seat 2: Sunpower333 folded before Flop (didn't bet)
Seat 3: Dorex2007 folded before Flop (didn't bet)
Seat 4: arthurcostam (button) folded before Flop (didn't bet)
Seat 5: Tucan008 (small blind) collected ($0.04)
Seat 6: chudak1000 (big blind) folded before Flop
Seat 7: mullski326 folded before Flop (didn't bet)
Seat 8: GaliRah folded before Flop (didn't bet)
Seat 9: Tuhtyn folded before Flop (didn't bet)



PokerStars Hand #228360743811:  Hold'em No Limit ($0.01/$0.02 USD) - 2021/07/17 10:44:08 PT [2021/07/17 13:44:08 ET]
Table 'Ursula II' 9-max Seat #5 is the button
Seat 1: GENJD ($2.03 in chips) 
Seat 2: Sunpower333 ($3.48 in chips) 
Seat 3: Dorex2007 ($2.70 in chips) 
Seat 4: arthurcostam ($4.06 in chips) 
Seat 5: Tucan008 ($2.33 in chips) 
Seat 6: chudak1000 ($1.59 in chips) 
Seat 7: mullski326 ($8.72 in chips) 
Seat 8: GaliRah ($2.08 in chips) 
Seat 9: Tuhtyn ($1.52 in chips) 
chudak1000: posts small blind $0.01
mullski326: posts big blind $0.02
*** HOLE CARDS ***
Dealt to Dorex2007 [Jh 7d]
GaliRah: calls $0.02
Tuhtyn: folds 
GENJD: folds 
Sunpower333: folds 
Dorex2007: folds 
arthurcostam: folds 
Tucan008: folds 
chudak1000: folds 
mullski326: checks 
*** FLOP *** [5d 8h Kh]
mullski326: checks 
GaliRah: bets $0.05
mullski326: folds 
Uncalled bet ($0.05) returned to GaliRah
GaliRah collected $0.05 from pot
*** SUMMARY ***
Total pot $0.05 | Rake $0 
Board [5d 8h Kh]
Seat 1: GENJD folded before Flop (didn't bet)
Seat 2: Sunpower333 folded before Flop (didn't bet)
Seat 3: Dorex2007 folded before Flop (didn't bet)
Seat 4: arthurcostam folded before Flop (didn't bet)
Seat 5: Tucan008 (button) folded before Flop (didn't bet)
Seat 6: chudak1000 (small blind) folded before Flop
Seat 7: mullski326 (big blind) folded on the Flop
Seat 8: GaliRah collected ($0.05)
Seat 9: Tuhtyn folded before Flop (didn't bet)



PokerStars Hand #228360759063:  Hold'em No Limit ($0.01/$0.02 USD) - 2021/07/17 10:44:41 PT [2021/07/17 13:44:41 ET]
Table 'Ursula II' 9-max Seat #6 is the button
Seat 1: GENJD ($2.03 in chips) 
Seat 2: Sunpower333 ($3.48 in chips) 
Seat 3: Dorex2007 ($2.70 in chips) 
Seat 4: arthurcostam ($4.06 in chips) 
Seat 5: Tucan008 ($2.33 in chips) 
Seat 6: chudak1000 ($1.58 in chips) 
Seat 7: mullski326 ($8.70 in chips) 
Seat 8: GaliRah ($2.11 in chips) 
Seat 9: Tuhtyn ($1.52 in chips) 
mullski326: posts small blind $0.01
GaliRah: posts big blind $0.02
*** HOLE CARDS ***
Dealt to Dorex2007 [9h Jc]
Tuhtyn: folds 
GENJD: raises $0.02 to $0.04
Sunpower333: folds 
Dorex2007: folds 
arthurcostam: folds 
Tucan008: folds 
chudak1000: calls $0.04
mullski326: calls $0.03
GaliRah: folds 
*** FLOP *** [Qd Qs Kc]
mullski326: checks 
GENJD: checks 
chudak1000: checks 
*** TURN *** [Qd Qs Kc] [Ts]
mullski326: checks 
GENJD: checks 
chudak1000: checks 
*** RIVER *** [Qd Qs Kc Ts] [9c]
mullski326: checks 
GENJD: checks 
chudak1000: checks 
*** SHOW DOWN ***
mullski326: shows [5d 3d] (a pair of Queens)
GENJD: shows [7h 7s] (two pair, Queens and Sevens)
chudak1000: mucks hand 
GENJD collected $0.14 from pot
*** SUMMARY ***
Total pot $0.14 | Rake $0 
Board [Qd Qs Kc Ts 9c]
Seat 1: GENJD showed [7h 7s] and won ($0.14) with two pair, Queens and Sevens
Seat 2: Sunpower333 folded before Flop (didn't bet)
Seat 3: Dorex2007 folded before Flop (didn't bet)
Seat 4: arthurcostam folded before Flop (didn't bet)
Seat 5: Tucan008 folded before Flop (didn't bet)
Seat 6: chudak1000 (button) mucked [4d 7d]
Seat 7: mullski326 (small blind) showed [5d 3d] and lost with a pair of Queens
Seat 8: GaliRah (big blind) folded before Flop
Seat 9: Tuhtyn folded before Flop (didn't bet)



PokerStars Hand #228360777886:  Hold'em No Limit ($0.01/$0.02 USD) - 2021/07/17 10:45:24 PT [2021/07/17 13:45:24 ET]
Table 'Ursula II' 9-max Seat #7 is the button
Seat 1: GENJD ($2.13 in chips) 
Seat 2: Sunpower333 ($3.48 in chips) 
Seat 3: Dorex2007 ($2.70 in chips) 
Seat 4: arthurcostam ($4.06 in chips) 
Seat 5: Tucan008 ($2.33 in chips) 
Seat 6: chudak1000 ($1.54 in chips) 
Seat 7: mullski326 ($8.66 in chips) 
Seat 8: GaliRah ($2.09 in chips) 
Seat 9: Tuhtyn ($1.52 in chips) 
GaliRah: posts small blind $0.01
Tuhtyn: posts big blind $0.02
*** HOLE CARDS ***
Dealt to Dorex2007 [Jd 7d]
GENJD: calls $0.02
Sunpower333: folds 
Dorex2007: folds 
arthurcostam: folds 
Tucan008: folds 
chudak1000: folds 
mullski326: folds 
GaliRah: folds 
Tuhtyn: checks 
*** FLOP *** [6s Qh 3h]
Tuhtyn: checks 
GENJD: bets $0.05
Tuhtyn: calls $0.05
*** TURN *** [6s Qh 3h] [Kh]
Tuhtyn: checks 
GENJD: bets $0.14
Tuhtyn: folds 
Uncalled bet ($0.14) returned to GENJD
GENJD collected $0.14 from pot
GENJD: doesn't show hand 
*** SUMMARY ***
Total pot $0.15 | Rake $0.01 
Board [6s Qh 3h Kh]
Seat 1: GENJD collected ($0.14)
Seat 2: Sunpower333 folded before Flop (didn't bet)
Seat 3: Dorex2007 folded before Flop (didn't bet)
Seat 4: arthurcostam folded before Flop (didn't bet)
Seat 5: Tucan008 folded before Flop (didn't bet)
Seat 6: chudak1000 folded before Flop (didn't bet)
Seat 7: mullski326 (button) folded before Flop (didn't bet)
Seat 8: GaliRah (small blind) folded before Flop
Seat 9: Tuhtyn (big blind) folded on the Turn



PokerStars Hand #228360795801:  Hold'em No Limit ($0.01/$0.02 USD) - 2021/07/17 10:46:04 PT [2021/07/17 13:46:04 ET]
Table 'Ursula II' 9-max Seat #8 is the button
Seat 1: GENJD ($2.20 in chips) 
Seat 2: Sunpower333 ($3.48 in chips) 
Seat 3: Dorex2007 ($2.70 in chips) 
Seat 4: arthurcostam ($4.06 in chips) 
Seat 5: Tucan008 ($2.33 in chips) 
Seat 6: chudak1000 ($1.54 in chips) 
Seat 7: mullski326 ($8.66 in chips) 
Seat 8: GaliRah ($2.08 in chips) 
Seat 9: Tuhtyn ($1.45 in chips) 
Tuhtyn: posts small blind $0.01
GENJD: posts big blind $0.02
*** HOLE CARDS ***
Dealt to Dorex2007 [9h 2s]
Sunpower333: folds 
Dorex2007: folds 
arthurcostam: raises $0.04 to $0.06
Tucan008: folds 
chudak1000: folds 
mullski326: calls $0.06
GaliRah: folds 
Tuhtyn: folds 
GENJD: calls $0.04
*** FLOP *** [Ks 8c Ad]
GENJD: checks 
arthurcostam: bets $0.09
mullski326: calls $0.09
GENJD: calls $0.09
*** TURN *** [Ks 8c Ad] [4c]
GENJD: checks 
arthurcostam: bets $0.44
mullski326: folds 
GENJD: folds 
Uncalled bet ($0.44) returned to arthurcostam
arthurcostam collected $0.44 from pot
arthurcostam: doesn't show hand 
*** SUMMARY ***
Total pot $0.46 | Rake $0.02 
Board [Ks 8c Ad 4c]
Seat 1: GENJD (big blind) folded on the Turn
Seat 2: Sunpower333 folded before Flop (didn't bet)
Seat 3: Dorex2007 folded before Flop (didn't bet)
Seat 4: arthurcostam collected ($0.44)
Seat 5: Tucan008 folded before Flop (didn't bet)
Seat 6: chudak1000 folded before Flop (didn't bet)
Seat 7: mullski326 folded on the Turn
Seat 8: GaliRah (button) folded before Flop (didn't bet)
Seat 9: Tuhtyn (small blind) folded before Flop



PokerStars Hand #228360816832:  Hold'em No Limit ($0.01/$0.02 USD) - 2021/07/17 10:46:51 PT [2021/07/17 13:46:51 ET]
Table 'Ursula II' 9-max Seat #9 is the button
Seat 1: GENJD ($2.05 in chips) 
Seat 2: Sunpower333 ($3.48 in chips) 
Seat 3: Dorex2007 ($2.70 in chips) 
Seat 4: arthurcostam ($4.35 in chips) 
Seat 5: Tucan008 ($2.33 in chips) 
Seat 6: chudak1000 ($1.54 in chips) 
Seat 7: mullski326 ($8.51 in chips) 
Seat 8: GaliRah ($2.08 in chips) 
Seat 9: Tuhtyn ($1.44 in chips) 
GENJD: posts small blind $0.01
Sunpower333: posts big blind $0.02
*** HOLE CARDS ***
Dealt to Dorex2007 [7s 3s]
Dorex2007: folds 
arthurcostam: folds 
arthurcostam leaves the table
Tucan008: folds 
chudak1000: raises $0.04 to $0.06
mullski326: folds 
GaliRah: folds 
Tuhtyn: folds 
GENJD: folds 
Sunpower333: raises $0.08 to $0.14
chudak1000: calls $0.08
*** FLOP *** [Th Js 8h]
Sunpower333: bets $0.28
chudak1000: calls $0.28
*** TURN *** [Th Js 8h] [4s]
Sunpower333: checks 
chudak1000: bets $1.12 and is all-in
Sunpower333: calls $1.12
*** RIVER *** [Th Js 8h 4s] [8d]
*** SHOW DOWN ***
Sunpower333: shows [Ac Ad] (two pair, Aces and Eights)
chudak1000: shows [Tc Jc] (two pair, Jacks and Tens)
Sunpower333 collected $2.98 from pot
*** SUMMARY ***
Total pot $3.09 | Rake $0.11 
Board [Th Js 8h 4s 8d]
Seat 1: GENJD (small blind) folded before Flop
Seat 2: Sunpower333 (big blind) showed [Ac Ad] and won ($2.98) with two pair, Aces and Eights
Seat 3: Dorex2007 folded before Flop (didn't bet)
Seat 4: arthurcostam folded before Flop (didn't bet)
Seat 5: Tucan008 folded before Flop (didn't bet)
Seat 6: chudak1000 showed [Tc Jc] and lost with two pair, Jacks and Tens
Seat 7: mullski326 folded before Flop (didn't bet)
Seat 8: GaliRah folded before Flop (didn't bet)
Seat 9: Tuhtyn (button) folded before Flop (didn't bet)



PokerStars Hand #228360837699:  Hold'em No Limit ($0.01/$0.02 USD) - 2021/07/17 10:47:38 PT [2021/07/17 13:47:38 ET]
Table 'Ursula II' 9-max Seat #1 is the button
Seat 1: GENJD ($2.04 in chips) 
Seat 2: Sunpower333 ($4.92 in chips) 
Seat 3: Dorex2007 ($2.70 in chips) 
Seat 5: Tucan008 ($2.33 in chips) 
Seat 7: mullski326 ($8.51 in chips) 
Seat 8: GaliRah ($2.08 in chips) 
Seat 9: Tuhtyn ($1.44 in chips) 
Sunpower333: posts small blind $0.01
Dorex2007: posts big blind $0.02
*** HOLE CARDS ***
Dealt to Dorex2007 [9d As]
Tucan008: folds 
mullski326: folds 
GaliRah: folds 
Tuhtyn: folds 
GENJD: raises $0.02 to $0.04
Sunpower333: folds 
Dorex2007: folds 
Uncalled bet ($0.02) returned to GENJD
GENJD collected $0.05 from pot
GENJD: doesn't show hand 
*** SUMMARY ***
Total pot $0.05 | Rake $0 
Seat 1: GENJD (button) collected ($0.05)
Seat 2: Sunpower333 (small blind) folded before Flop
Seat 3: Dorex2007 (big blind) folded before Flop
Seat 5: Tucan008 folded before Flop (didn't bet)
Seat 7: mullski326 folded before Flop (didn't bet)
Seat 8: GaliRah folded before Flop (didn't bet)
Seat 9: Tuhtyn folded before Flop (didn't bet)



PokerStars Hand #228360844951:  Hold'em No Limit ($0.01/$0.02 USD) - 2021/07/17 10:47:55 PT [2021/07/17 13:47:55 ET]
Table 'Ursula II' 9-max Seat #2 is the button
Seat 1: GENJD ($2.07 in chips) 
Seat 2: Sunpower333 ($4.91 in chips) 
Seat 3: Dorex2007 ($2.68 in chips) 
Seat 5: Tucan008 ($2.33 in chips) 
Seat 6: chudak1000 ($1.76 in chips) 
Seat 7: mullski326 ($8.51 in chips) 
Seat 8: GaliRah ($2.08 in chips) 
Seat 9: Tuhtyn ($1.44 in chips) 
Dorex2007: posts small blind $0.01
Tucan008: posts big blind $0.02
*** HOLE CARDS ***
Dealt to Dorex2007 [6d Kh]
chudak1000: folds 
mullski326: folds 
GaliRah: folds 
Tuhtyn: folds 
GENJD: folds 
Sunpower333: folds 
Dorex2007: folds 
Uncalled bet ($0.01) returned to Tucan008
Tucan008 collected $0.02 from pot
Tucan008: doesn't show hand 
*** SUMMARY ***
Total pot $0.02 | Rake $0 
Seat 1: GENJD folded before Flop (didn't bet)
Seat 2: Sunpower333 (button) folded before Flop (didn't bet)
Seat 3: Dorex2007 (small blind) folded before Flop
Seat 5: Tucan008 (big blind) collected ($0.02)
Seat 6: chudak1000 folded before Flop (didn't bet)
Seat 7: mullski326 folded before Flop (didn't bet)
Seat 8: GaliRah folded before Flop (didn't bet)
Seat 9: Tuhtyn folded before Flop (didn't bet)



PokerStars Hand #228360850395:  Hold'em No Limit ($0.01/$0.02 USD) - 2021/07/17 10:48:07 PT [2021/07/17 13:48:07 ET]
Table 'Ursula II' 9-max Seat #3 is the button
Seat 1: GENJD ($2.07 in chips) 
Seat 2: Sunpower333 ($4.91 in chips) 
Seat 3: Dorex2007 ($2.67 in chips) 
Seat 5: Tucan008 ($2.34 in chips) 
Seat 6: chudak1000 ($1.76 in chips) 
Seat 7: mullski326 ($8.51 in chips) 
Seat 8: GaliRah ($2.08 in chips) 
Seat 9: Tuhtyn ($1.44 in chips) 
Tucan008: posts small blind $0.01
chudak1000: posts big blind $0.02
*** HOLE CARDS ***
Dealt to Dorex2007 [Jd Qh]
mullski326: folds 
GaliRah: calls $0.02
Tuhtyn: folds 
GENJD: calls $0.02
Sunpower333: calls $0.02
Dorex2007: calls $0.02
Tucan008: folds 
chudak1000: checks 
*** FLOP *** [Td 3s Ks]
chudak1000: bets $0.02
DoubleAngle314 joins the table at seat #4 
GaliRah: folds 
GENJD: calls $0.02
Sunpower333: folds 
Dorex2007: calls $0.02
*** TURN *** [Td 3s Ks] [Tc]
chudak1000: bets $0.02
GENJD: folds 
Dorex2007: folds 
Uncalled bet ($0.02) returned to chudak1000
chudak1000 collected $0.16 from pot
*** SUMMARY ***
Total pot $0.17 | Rake $0.01 
Board [Td 3s Ks Tc]
Seat 1: GENJD folded on the Turn
Seat 2: Sunpower333 folded on the Flop
Seat 3: Dorex2007 (button) folded on the Turn
Seat 5: Tucan008 (small blind) folded before Flop
Seat 6: chudak1000 (big blind) collected ($0.16)
Seat 7: mullski326 folded before Flop (didn't bet)
Seat 8: GaliRah folded on the Flop
Seat 9: Tuhtyn folded before Flop (didn't bet)



PokerStars Hand #228360868454:  Hold'em No Limit ($0.01/$0.02 USD) - 2021/07/17 10:48:48 PT [2021/07/17 13:48:48 ET]
Table 'Ursula II' 9-max Seat #5 is the button
Seat 1: GENJD ($2.03 in chips) 
Seat 2: Sunpower333 ($4.89 in chips) 
Seat 3: Dorex2007 ($2.63 in chips) 
Seat 5: Tucan008 ($2.33 in chips) 
Seat 6: chudak1000 ($1.88 in chips) 
Seat 7: mullski326 ($8.51 in chips) 
Seat 8: GaliRah ($2.06 in chips) 
Seat 9: Tuhtyn ($1.44 in chips) 
chudak1000: posts small blind $0.01
mullski326: posts big blind $0.02
*** HOLE CARDS ***
Dealt to Dorex2007 [5s Ac]
GaliRah: raises $0.06 to $0.08
Tuhtyn: folds 
GENJD: folds 
Sunpower333: folds 
Dorex2007: folds 
Tucan008: folds 
chudak1000: folds 
mullski326: calls $0.06
*** FLOP *** [Jh 6c 6d]
mullski326: checks 
GaliRah: bets $0.08
mullski326: calls $0.08
*** TURN *** [Jh 6c 6d] [9d]
mullski326: checks 
GaliRah: checks 
*** RIVER *** [Jh 6c 6d 9d] [2h]
mullski326: bets $0.08
GaliRah: calls $0.08
*** SHOW DOWN ***
mullski326: shows [Ts Js] (two pair, Jacks and Sixes)
GaliRah: mucks hand 
mullski326 collected $0.47 from pot
*** SUMMARY ***
Total pot $0.49 | Rake $0.02 
Board [Jh 6c 6d 9d 2h]
Seat 1: GENJD folded before Flop (didn't bet)
Seat 2: Sunpower333 folded before Flop (didn't bet)
Seat 3: Dorex2007 folded before Flop (didn't bet)
Seat 5: Tucan008 (button) folded before Flop (didn't bet)
Seat 6: chudak1000 (small blind) folded before Flop
Seat 7: mullski326 (big blind) showed [Ts Js] and won ($0.47) with two pair, Jacks and Sixes
Seat 8: GaliRah mucked [Ah Kd]
Seat 9: Tuhtyn folded before Flop (didn't bet)



PokerStars Hand #228360888473:  Hold'em No Limit ($0.01/$0.02 USD) - 2021/07/17 10:49:33 PT [2021/07/17 13:49:33 ET]
Table 'Ursula II' 9-max Seat #6 is the button
Seat 1: GENJD ($2.03 in chips) 
Seat 2: Sunpower333 ($4.89 in chips) 
Seat 3: Dorex2007 ($2.63 in chips) 
Seat 5: Tucan008 ($2.33 in chips) 
Seat 6: chudak1000 ($1.87 in chips) 
Seat 7: mullski326 ($8.74 in chips) 
Seat 8: GaliRah ($2 in chips) 
Seat 9: Tuhtyn ($1.44 in chips) 
mullski326: posts small blind $0.01
GaliRah: posts big blind $0.02
*** HOLE CARDS ***
Dealt to Dorex2007 [4d Qs]
Tuhtyn: calls $0.02
GENJD: raises $0.08 to $0.10
Sunpower333: folds 
Dorex2007: folds 
Tucan008: folds 
chudak1000: folds 
mullski326: calls $0.09
GaliRah: folds 
Tuhtyn: folds 
*** FLOP *** [9d 8s Ts]
mullski326: checks 
GENJD: bets $0.23
mullski326: folds 
Uncalled bet ($0.23) returned to GENJD
GENJD collected $0.23 from pot
GENJD: doesn't show hand 
*** SUMMARY ***
Total pot $0.24 | Rake $0.01 
Board [9d 8s Ts]
Seat 1: GENJD collected ($0.23)
Seat 2: Sunpower333 folded before Flop (didn't bet)
Seat 3: Dorex2007 folded before Flop (didn't bet)
Seat 5: Tucan008 folded before Flop (didn't bet)
Seat 6: chudak1000 (button) folded before Flop (didn't bet)
Seat 7: mullski326 (small blind) folded on the Flop
Seat 8: GaliRah (big blind) folded before Flop
Seat 9: Tuhtyn folded before Flop



PokerStars Hand #228360918787:  Hold'em No Limit ($0.01/$0.02 USD) - 2021/07/17 10:50:11 PT [2021/07/17 13:50:11 ET]
Table 'Ursula II' 9-max Seat #7 is the button
Seat 1: GENJD ($2.16 in chips) 
Seat 2: Sunpower333 ($4.89 in chips) 
Seat 3: Dorex2007 ($2.63 in chips) 
Seat 5: Tucan008 ($2.33 in chips) 
Seat 6: chudak1000 ($1.87 in chips) 
Seat 7: mullski326 ($8.64 in chips) 
Seat 8: GaliRah ($2 in chips) 
Seat 9: Tuhtyn ($1.42 in chips) 
GaliRah: posts small blind $0.01
Tuhtyn: posts big blind $0.02
*** HOLE CARDS ***
Dealt to Dorex2007 [9d 6d]
GENJD: folds 
Sunpower333: folds 
Dorex2007: folds 
Tucan008: folds 
chudak1000: folds 
mullski326: folds 
GaliRah: raises $0.06 to $0.08
Tuhtyn: calls $0.06
*** FLOP *** [Tc 2c 7h]
GaliRah: bets $0.06
Tuhtyn: calls $0.06
*** TURN *** [Tc 2c 7h] [8h]
GaliRah: bets $0.08
Tuhtyn: calls $0.08
*** RIVER *** [Tc 2c 7h 8h] [9s]
GaliRah: checks 
Tuhtyn: bets $0.21
GaliRah: folds 
Uncalled bet ($0.21) returned to Tuhtyn
Tuhtyn collected $0.42 from pot
*** SUMMARY ***
Total pot $0.44 | Rake $0.02 
Board [Tc 2c 7h 8h 9s]
Seat 1: GENJD folded before Flop (didn't bet)
Seat 2: Sunpower333 folded before Flop (didn't bet)
Seat 3: Dorex2007 folded before Flop (didn't bet)
Seat 5: Tucan008 folded before Flop (didn't bet)
Seat 6: chudak1000 folded before Flop (didn't bet)
Seat 7: mullski326 (button) folded before Flop (didn't bet)
Seat 8: GaliRah (small blind) folded on the River
Seat 9: Tuhtyn (big blind) collected ($0.42)



PokerStars Hand #228360938884:  Hold'em No Limit ($0.01/$0.02 USD) - 2021/07/17 10:50:56 PT [2021/07/17 13:50:56 ET]
Table 'Ursula II' 9-max Seat #8 is the button
Seat 1: GENJD ($2.16 in chips) 
Seat 2: Sunpower333 ($4.89 in chips) 
Seat 3: Dorex2007 ($2.63 in chips) 
Seat 5: Tucan008 ($2.33 in chips) 
Seat 6: chudak1000 ($1.87 in chips) 
Seat 7: mullski326 ($8.64 in chips) 
Seat 8: GaliRah ($2 in chips) 
Seat 9: Tuhtyn ($1.62 in chips) 
Tuhtyn: posts small blind $0.01
GENJD: posts big blind $0.02
*** HOLE CARDS ***
Dealt to Dorex2007 [Kd 9s]
Sunpower333: folds 
Dorex2007: folds 
Tucan008: folds 
chudak1000: folds 
mullski326: folds 
GaliRah: folds 
Tuhtyn: folds 
Uncalled bet ($0.01) returned to GENJD
GENJD collected $0.02 from pot
GENJD: doesn't show hand 
*** SUMMARY ***
Total pot $0.02 | Rake $0 
Seat 1: GENJD (big blind) collected ($0.02)
Seat 2: Sunpower333 folded before Flop (didn't bet)
Seat 3: Dorex2007 folded before Flop (didn't bet)
Seat 5: Tucan008 folded before Flop (didn't bet)
Seat 6: chudak1000 folded before Flop (didn't bet)
Seat 7: mullski326 folded before Flop (didn't bet)
Seat 8: GaliRah (button) folded before Flop (didn't bet)
Seat 9: Tuhtyn (small blind) folded before Flop



PokerStars Hand #228360947176:  Hold'em No Limit ($0.01/$0.02 USD) - 2021/07/17 10:51:15 PT [2021/07/17 13:51:15 ET]
Table 'Ursula II' 9-max Seat #9 is the button
Seat 1: GENJD ($2.17 in chips) 
Seat 2: Sunpower333 ($4.89 in chips) 
Seat 3: Dorex2007 ($2.63 in chips) 
Seat 5: Tucan008 ($2.33 in chips) 
Seat 6: chudak1000 ($1.87 in chips) 
Seat 7: mullski326 ($8.64 in chips) 
Seat 8: GaliRah ($2 in chips) 
Seat 9: Tuhtyn ($1.61 in chips) 
GENJD: posts small blind $0.01
Sunpower333: posts big blind $0.02
DoubleAngle314: sits out 
*** HOLE CARDS ***
Dealt to Dorex2007 [Qh Ks]
Dorex2007: raises $0.02 to $0.04
Tucan008: folds 
chudak1000: calls $0.04
mullski326: folds 
GaliRah: calls $0.04
Tuhtyn: calls $0.04
GENJD: folds 
Sunpower333: folds 
*** FLOP *** [Td 8d 9c]
Dorex2007: checks 
chudak1000: checks 
GaliRah: checks 
Tuhtyn: bets $0.04
Dorex2007: folds 
chudak1000: calls $0.04
GaliRah: calls $0.04
*** TURN *** [Td 8d 9c] [Jd]
chudak1000: checks 
GaliRah: checks 
Tuhtyn: checks 
*** RIVER *** [Td 8d 9c Jd] [Kd]
chudak1000: bets $0.04
GaliRah: folds 
Tuhtyn: folds 
Uncalled bet ($0.04) returned to chudak1000
chudak1000 collected $0.30 from pot
*** SUMMARY ***
Total pot $0.31 | Rake $0.01 
Board [Td 8d 9c Jd Kd]
Seat 1: GENJD (small blind) folded before Flop
Seat 2: Sunpower333 (big blind) folded before Flop
Seat 3: Dorex2007 folded on the Flop
Seat 5: Tucan008 folded before Flop (didn't bet)
Seat 6: chudak1000 collected ($0.30)
Seat 7: mullski326 folded before Flop (didn't bet)
Seat 8: GaliRah folded on the River
Seat 9: Tuhtyn (button) folded on the River



PokerStars Hand #228360972153:  Hold'em No Limit ($0.01/$0.02 USD) - 2021/07/17 10:52:11 PT [2021/07/17 13:52:11 ET]
Table 'Ursula II' 9-max Seat #1 is the button
Seat 1: GENJD ($2.16 in chips) 
Seat 2: Sunpower333 ($4.87 in chips) 
Seat 3: Dorex2007 ($2.59 in chips) 
Seat 5: Tucan008 ($2.33 in chips) 
Seat 6: chudak1000 ($2.09 in chips) 
Seat 7: mullski326 ($8.64 in chips) 
Seat 8: GaliRah ($2 in chips) 
Seat 9: Tuhtyn ($1.53 in chips) 
Sunpower333: posts small blind $0.01
Dorex2007: posts big blind $0.02
DoubleAngle314: sits out 
*** HOLE CARDS ***
Dealt to Dorex2007 [8s Jc]
Tucan008: folds 
chudak1000: folds 
mullski326: folds 
GaliRah: folds 
Tuhtyn: folds 
GENJD: folds 
Sunpower333: calls $0.01
Dorex2007: checks 
*** FLOP *** [6s 6c 2d]
Sunpower333: checks 
Dorex2007: checks 
*** TURN *** [6s 6c 2d] [4h]
Sunpower333: checks 
Dorex2007: checks 
*** RIVER *** [6s 6c 2d 4h] [Qd]
Sunpower333: checks 
Dorex2007: bets $0.04
Sunpower333: folds 
Uncalled bet ($0.04) returned to Dorex2007
Dorex2007 collected $0.04 from pot
Dorex2007: doesn't show hand 
*** SUMMARY ***
Total pot $0.04 | Rake $0 
Board [6s 6c 2d 4h Qd]
Seat 1: GENJD (button) folded before Flop (didn't bet)
Seat 2: Sunpower333 (small blind) folded on the River
Seat 3: Dorex2007 (big blind) collected ($0.04)
Seat 5: Tucan008 folded before Flop (didn't bet)
Seat 6: chudak1000 folded before Flop (didn't bet)
Seat 7: mullski326 folded before Flop (didn't bet)
Seat 8: GaliRah folded before Flop (didn't bet)
Seat 9: Tuhtyn folded before Flop (didn't bet)



PokerStars Hand #228360987697:  Hold'em No Limit ($0.01/$0.02 USD) - 2021/07/17 10:52:47 PT [2021/07/17 13:52:47 ET]
Table 'Ursula II' 9-max Seat #2 is the button
Seat 1: GENJD ($2.16 in chips) 
Seat 2: Sunpower333 ($4.85 in chips) 
Seat 3: Dorex2007 ($2.61 in chips) 
Seat 4: DoubleAngle314 ($2 in chips) 
Seat 5: Tucan008 ($2.33 in chips) 
Seat 6: chudak1000 ($2.09 in chips) 
Seat 7: mullski326 ($8.64 in chips) 
Seat 8: GaliRah ($2 in chips) 
Seat 9: Tuhtyn ($1.53 in chips) 
Dorex2007: posts small blind $0.01
DoubleAngle314: posts big blind $0.02
*** HOLE CARDS ***
Dealt to Dorex2007 [9h 7d]
Tucan008: folds 
chudak1000: folds 
mullski326: folds 
GaliRah: folds 
Tuhtyn: folds 
GENJD: calls $0.02
Sunpower333: folds 
Dorex2007: calls $0.01
DoubleAngle314: checks 
*** FLOP *** [2c 9s Kc]
Dorex2007: checks 
DoubleAngle314: bets $0.04
GENJD: folds 
Dorex2007: folds 
Uncalled bet ($0.04) returned to DoubleAngle314
DoubleAngle314 collected $0.06 from pot
*** SUMMARY ***
Total pot $0.06 | Rake $0 
Board [2c 9s Kc]
Seat 1: GENJD folded on the Flop
Seat 2: Sunpower333 (button) folded before Flop (didn't bet)
Seat 3: Dorex2007 (small blind) folded on the Flop
Seat 4: DoubleAngle314 (big blind) collected ($0.06)
Seat 5: Tucan008 folded before Flop (didn't bet)
Seat 6: chudak1000 folded before Flop (didn't bet)
Seat 7: mullski326 folded before Flop (didn't bet)
Seat 8: GaliRah folded before Flop (didn't bet)
Seat 9: Tuhtyn folded before Flop (didn't bet)



PokerStars Hand #228361012285:  Hold'em No Limit ($0.01/$0.02 USD) - 2021/07/17 10:53:25 PT [2021/07/17 13:53:25 ET]
Table 'Ursula II' 9-max Seat #3 is the button
Seat 1: GENJD ($2.14 in chips) 
Seat 2: Sunpower333 ($4.85 in chips) 
Seat 3: Dorex2007 ($2.59 in chips) 
Seat 4: DoubleAngle314 ($2.04 in chips) 
Seat 5: Tucan008 ($2.33 in chips) 
Seat 6: chudak1000 ($2.09 in chips) 
Seat 7: mullski326 ($8.64 in chips) 
Seat 8: GaliRah ($2 in chips) 
Seat 9: Tuhtyn ($1.53 in chips) 
DoubleAngle314: posts small blind $0.01
Tucan008: posts big blind $0.02
*** HOLE CARDS ***
Dealt to Dorex2007 [6s 5h]
chudak1000: raises $0.04 to $0.06
mullski326: folds 
GaliRah: folds 
Tuhtyn: calls $0.06
GENJD: folds 
Sunpower333: folds 
Dorex2007: folds 
DoubleAngle314: folds 
Tucan008: folds 
*** FLOP *** [Td Jc As]
chudak1000: bets $0.07
Tuhtyn: calls $0.07
*** TURN *** [Td Jc As] [4s]
chudak1000: bets $0.14
Tuhtyn: calls $0.14
*** RIVER *** [Td Jc As 4s] [9c]
chudak1000: bets $0.10
Tuhtyn: calls $0.10
*** SHOW DOWN ***
chudak1000: shows [Qc Ah] (a pair of Aces)
Tuhtyn: shows [Kd Ad] (a pair of Aces - King kicker)
Tuhtyn collected $0.74 from pot
*** SUMMARY ***
Total pot $0.77 | Rake $0.03 
Board [Td Jc As 4s 9c]
Seat 1: GENJD folded before Flop (didn't bet)
Seat 2: Sunpower333 folded before Flop (didn't bet)
Seat 3: Dorex2007 (button) folded before Flop (didn't bet)
Seat 4: DoubleAngle314 (small blind) folded before Flop
Seat 5: Tucan008 (big blind) folded before Flop
Seat 6: chudak1000 showed [Qc Ah] and lost with a pair of Aces
Seat 7: mullski326 folded before Flop (didn't bet)
Seat 8: GaliRah folded before Flop (didn't bet)
Seat 9: Tuhtyn showed [Kd Ad] and won ($0.74) with a pair of Aces



PokerStars Hand #228361032887:  Hold'em No Limit ($0.01/$0.02 USD) - 2021/07/17 10:54:12 PT [2021/07/17 13:54:12 ET]
Table 'Ursula II' 9-max Seat #4 is the button
Seat 1: GENJD ($2.14 in chips) 
Seat 2: Sunpower333 ($4.85 in chips) 
Seat 3: Dorex2007 ($2.59 in chips) 
Seat 4: DoubleAngle314 ($2.03 in chips) 
Seat 5: Tucan008 ($2.31 in chips) 
Seat 6: chudak1000 ($1.72 in chips) 
Seat 7: mullski326 ($8.64 in chips) 
Seat 8: GaliRah ($2 in chips) 
Seat 9: Tuhtyn ($1.90 in chips) 
Tucan008: posts small blind $0.01
chudak1000: posts big blind $0.02
*** HOLE CARDS ***
Dealt to Dorex2007 [8h 5h]
mullski326: folds 
GaliRah: folds 
Tuhtyn: folds 
GENJD: folds 
Sunpower333: folds 
Dorex2007: folds 
DoubleAngle314: raises $0.04 to $0.06
Tucan008: calls $0.05
chudak1000: folds 
*** FLOP *** [5c 7d 6c]
Tucan008: checks 
DoubleAngle314: bets $0.08
Tucan008: calls $0.08
*** TURN *** [5c 7d 6c] [7c]
Tucan008: checks 
DoubleAngle314: checks 
*** RIVER *** [5c 7d 6c 7c] [Qh]
Tucan008: checks 
DoubleAngle314: checks 
*** SHOW DOWN ***
Tucan008: shows [Qc Kh] (two pair, Queens and Sevens)
DoubleAngle314: mucks hand 
Tucan008 collected $0.29 from pot
*** SUMMARY ***
Total pot $0.30 | Rake $0.01 
Board [5c 7d 6c 7c Qh]
Seat 1: GENJD folded before Flop (didn't bet)
Seat 2: Sunpower333 folded before Flop (didn't bet)
Seat 3: Dorex2007 folded before Flop (didn't bet)
Seat 4: DoubleAngle314 (button) mucked [Ah 2d]
Seat 5: Tucan008 (small blind) showed [Qc Kh] and won ($0.29) with two pair, Queens and Sevens
Seat 6: chudak1000 (big blind) folded before Flop
Seat 7: mullski326 folded before Flop (didn't bet)
Seat 8: GaliRah folded before Flop (didn't bet)
Seat 9: Tuhtyn folded before Flop (didn't bet)



PokerStars Hand #228361052398:  Hold'em No Limit ($0.01/$0.02 USD) - 2021/07/17 10:54:56 PT [2021/07/17 13:54:56 ET]
Table 'Ursula II' 9-max Seat #5 is the button
Seat 1: GENJD ($2.14 in chips) 
Seat 2: Sunpower333 ($4.85 in chips) 
Seat 3: Dorex2007 ($2.59 in chips) 
Seat 4: DoubleAngle314 ($1.89 in chips) 
Seat 5: Tucan008 ($2.46 in chips) 
Seat 6: chudak1000 ($1.70 in chips) 
Seat 7: mullski326 ($8.64 in chips) 
Seat 8: GaliRah ($2 in chips) 
Seat 9: Tuhtyn ($1.90 in chips) 
chudak1000: posts small blind $0.01
mullski326: posts big blind $0.02
*** HOLE CARDS ***
Dealt to Dorex2007 [2h Kc]
GaliRah: folds 
Tuhtyn: folds 
GENJD: folds 
Sunpower333: folds 
Dorex2007: folds 
DoubleAngle314: raises $0.04 to $0.06
Tucan008: folds 
chudak1000: folds 
mullski326: calls $0.04
*** FLOP *** [Kd 6c Qh]
mullski326: checks 
DoubleAngle314: bets $0.08
mullski326: folds 
Uncalled bet ($0.08) returned to DoubleAngle314
DoubleAngle314 collected $0.13 from pot
*** SUMMARY ***
Total pot $0.13 | Rake $0 
Board [Kd 6c Qh]
Seat 1: GENJD folded before Flop (didn't bet)
Seat 2: Sunpower333 folded before Flop (didn't bet)
Seat 3: Dorex2007 folded before Flop (didn't bet)
Seat 4: DoubleAngle314 collected ($0.13)
Seat 5: Tucan008 (button) folded before Flop (didn't bet)
Seat 6: chudak1000 (small blind) folded before Flop
Seat 7: mullski326 (big blind) folded on the Flop
Seat 8: GaliRah folded before Flop (didn't bet)
Seat 9: Tuhtyn folded before Flop (didn't bet)



PokerStars Hand #228361060277:  Hold'em No Limit ($0.01/$0.02 USD) - 2021/07/17 10:55:19 PT [2021/07/17 13:55:19 ET]
Table 'Ursula II' 9-max Seat #6 is the button
Seat 1: GENJD ($2.14 in chips) 
Seat 2: Sunpower333 ($4.85 in chips) 
Seat 3: Dorex2007 ($2.59 in chips) 
Seat 4: DoubleAngle314 ($1.96 in chips) 
Seat 5: Tucan008 ($2.46 in chips) 
Seat 6: chudak1000 ($1.69 in chips) 
Seat 7: mullski326 ($8.58 in chips) 
Seat 8: GaliRah ($2 in chips) 
Seat 9: Tuhtyn ($1.90 in chips) 
mullski326: posts small blind $0.01
GaliRah: posts big blind $0.02
*** HOLE CARDS ***
Dealt to Dorex2007 [Jd Th]
Tuhtyn: folds 
GENJD: folds 
Sunpower333: folds 
Dorex2007: folds 
DoubleAngle314: raises $0.06 to $0.08
Tucan008: folds 
chudak1000: folds 
mullski326: folds 
GaliRah: folds 
Uncalled bet ($0.06) returned to DoubleAngle314
DoubleAngle314 collected $0.05 from pot
*** SUMMARY ***
Total pot $0.05 | Rake $0 
Seat 1: GENJD folded before Flop (didn't bet)
Seat 2: Sunpower333 folded before Flop (didn't bet)
Seat 3: Dorex2007 folded before Flop (didn't bet)
Seat 4: DoubleAngle314 collected ($0.05)
Seat 5: Tucan008 folded before Flop (didn't bet)
Seat 6: chudak1000 (button) folded before Flop (didn't bet)
Seat 7: mullski326 (small blind) folded before Flop
Seat 8: GaliRah (big blind) folded before Flop
Seat 9: Tuhtyn folded before Flop (didn't bet)



PokerStars Hand #228361067030:  Hold'em No Limit ($0.01/$0.02 USD) - 2021/07/17 10:55:44 PT [2021/07/17 13:55:44 ET]
Table 'Ursula II' 9-max Seat #7 is the button
Seat 1: GENJD ($2.14 in chips) 
Seat 2: Sunpower333 ($4.85 in chips) 
Seat 3: Dorex2007 ($2.59 in chips) 
Seat 4: DoubleAngle314 ($1.99 in chips) 
Seat 5: Tucan008 ($2.46 in chips) 
Seat 6: chudak1000 ($1.69 in chips) 
Seat 7: mullski326 ($8.57 in chips) 
Seat 8: GaliRah ($2 in chips) 
Seat 9: Tuhtyn ($1.90 in chips) 
GaliRah: posts small blind $0.01
Tuhtyn: posts big blind $0.02
*** HOLE CARDS ***
Dealt to Dorex2007 [4c Kh]
GENJD: folds 
Sunpower333: folds 
Dorex2007: folds 
DoubleAngle314: raises $0.04 to $0.06
Tucan008: calls $0.06
chudak1000: folds 
mullski326: folds 
GaliRah: folds 
Tuhtyn: folds 
*** FLOP *** [Qs Jc 2s]
DoubleAngle314: bets $0.10
Tucan008: calls $0.10
*** TURN *** [Qs Jc 2s] [7d]
DoubleAngle314: checks 
Tucan008: bets $0.17
DoubleAngle314: folds 
Uncalled bet ($0.17) returned to Tucan008
Tucan008 collected $0.34 from pot
Tucan008: doesn't show hand 
*** SUMMARY ***
Total pot $0.35 | Rake $0.01 
Board [Qs Jc 2s 7d]
Seat 1: GENJD folded before Flop (didn't bet)
Seat 2: Sunpower333 folded before Flop (didn't bet)
Seat 3: Dorex2007 folded before Flop (didn't bet)
Seat 4: DoubleAngle314 folded on the Turn
Seat 5: Tucan008 collected ($0.34)
Seat 6: chudak1000 folded before Flop (didn't bet)
Seat 7: mullski326 (button) folded before Flop (didn't bet)
Seat 8: GaliRah (small blind) folded before Flop
Seat 9: Tuhtyn (big blind) folded before Flop



PokerStars Hand #228361080282:  Hold'em No Limit ($0.01/$0.02 USD) - 2021/07/17 10:56:33 PT [2021/07/17 13:56:33 ET]
Table 'Ursula II' 9-max Seat #8 is the button
Seat 1: GENJD ($2.14 in chips) 
Seat 2: Sunpower333 ($4.85 in chips) 
Seat 3: Dorex2007 ($2.59 in chips) 
Seat 4: DoubleAngle314 ($1.83 in chips) 
Seat 5: Tucan008 ($2.64 in chips) 
Seat 6: chudak1000 ($1.69 in chips) 
Seat 7: mullski326 ($8.57 in chips) 
Seat 8: GaliRah ($2 in chips) 
Seat 9: Tuhtyn ($1.88 in chips) 
Tuhtyn: posts small blind $0.01
GENJD: posts big blind $0.02
*** HOLE CARDS ***
Dealt to Dorex2007 [3s Qd]
Sunpower333: folds 
Dorex2007: folds 
DoubleAngle314: raises $0.02 to $0.04
Tucan008: folds 
chudak1000: folds 
mullski326: folds 
GaliRah: folds 
Tuhtyn: folds 
GENJD: calls $0.02
*** FLOP *** [7d Qs 6h]
GENJD: checks 
DoubleAngle314: checks 
*** TURN *** [7d Qs 6h] [Js]
GENJD: checks 
DoubleAngle314: checks 
*** RIVER *** [7d Qs 6h Js] [As]
GENJD: checks 
DoubleAngle314: checks 
*** SHOW DOWN ***
GENJD: shows [Tc 7s] (a pair of Sevens)
DoubleAngle314: mucks hand 
GENJD collected $0.09 from pot
*** SUMMARY ***
Total pot $0.09 | Rake $0 
Board [7d Qs 6h Js As]
Seat 1: GENJD (big blind) showed [Tc 7s] and won ($0.09) with a pair of Sevens
Seat 2: Sunpower333 folded before Flop (didn't bet)
Seat 3: Dorex2007 folded before Flop (didn't bet)
Seat 4: DoubleAngle314 mucked [5h Kh]
Seat 5: Tucan008 folded before Flop (didn't bet)
Seat 6: chudak1000 folded before Flop (didn't bet)
Seat 7: mullski326 folded before Flop (didn't bet)
Seat 8: GaliRah (button) folded before Flop (didn't bet)
Seat 9: Tuhtyn (small blind) folded before Flop



PokerStars Hand #228361093171:  Hold'em No Limit ($0.01/$0.02 USD) - 2021/07/17 10:57:19 PT [2021/07/17 13:57:19 ET]
Table 'Ursula II' 9-max Seat #9 is the button
Seat 1: GENJD ($2.19 in chips) 
Seat 2: Sunpower333 ($4.85 in chips) 
Seat 3: Dorex2007 ($2.59 in chips) 
Seat 4: DoubleAngle314 ($1.79 in chips) 
Seat 5: Tucan008 ($2.64 in chips) 
Seat 7: mullski326 ($8.57 in chips) 
Seat 8: GaliRah ($2 in chips) 
Seat 9: Tuhtyn ($1.87 in chips) 
GENJD: posts small blind $0.01
Sunpower333: posts big blind $0.02
*** HOLE CARDS ***
Dealt to Dorex2007 [8s Ah]
Dorex2007: folds 
DoubleAngle314: folds 
Tucan008: folds 
mullski326: calls $0.02
GaliRah: folds 
Tuhtyn: folds 
GENJD: raises $0.06 to $0.08
Sunpower333: folds 
mullski326: folds 
Uncalled bet ($0.06) returned to GENJD
GENJD collected $0.06 from pot
GENJD: doesn't show hand 
*** SUMMARY ***
Total pot $0.06 | Rake $0 
Seat 1: GENJD (small blind) collected ($0.06)
Seat 2: Sunpower333 (big blind) folded before Flop
Seat 3: Dorex2007 folded before Flop (didn't bet)
Seat 4: DoubleAngle314 folded before Flop (didn't bet)
Seat 5: Tucan008 folded before Flop (didn't bet)
Seat 7: mullski326 folded before Flop
Seat 8: GaliRah folded before Flop (didn't bet)
Seat 9: Tuhtyn (button) folded before Flop (didn't bet)



PokerStars Hand #228361098455:  Hold'em No Limit ($0.01/$0.02 USD) - 2021/07/17 10:57:39 PT [2021/07/17 13:57:39 ET]
Table 'Ursula II' 9-max Seat #1 is the button
Seat 1: GENJD ($2.23 in chips) 
Seat 2: Sunpower333 ($4.83 in chips) 
Seat 3: Dorex2007 ($2.59 in chips) 
Seat 4: DoubleAngle314 ($1.79 in chips) 
Seat 5: Tucan008 ($2.64 in chips) 
Seat 7: mullski326 ($8.55 in chips) 
Seat 8: GaliRah ($2 in chips) 
Seat 9: Tuhtyn ($1.87 in chips) 
Sunpower333: posts small blind $0.01
Dorex2007: posts big blind $0.02
*** HOLE CARDS ***
Dealt to Dorex2007 [4h Js]
DoubleAngle314: folds 
DoubleAngle314 leaves the table
Tucan008: folds 
mullski326: folds 
GaliRah: calls $0.02
Tuhtyn: folds 
GENJD: folds 
Sunpower333: folds 
Dorex2007: checks 
*** FLOP *** [Ks Ac 6s]
mathplayer joins the table at seat #4 
Dorex2007: checks 
GaliRah: checks 
*** TURN *** [Ks Ac 6s] [Tc]
Dorex2007: checks 
GaliRah: checks 
*** RIVER *** [Ks Ac 6s Tc] [8c]
Dorex2007: bets $0.05
GaliRah: calls $0.05
*** SHOW DOWN ***
Dorex2007: shows [4h Js] (high card Ace)
GaliRah: shows [7h 8h] (a pair of Eights)
GaliRah collected $0.14 from pot
*** SUMMARY ***
Total pot $0.15 | Rake $0.01 
Board [Ks Ac 6s Tc 8c]
Seat 1: GENJD (button) folded before Flop (didn't bet)
Seat 2: Sunpower333 (small blind) folded before Flop
Seat 3: Dorex2007 (big blind) showed [4h Js] and lost with high card Ace
Seat 4: DoubleAngle314 folded before Flop (didn't bet)
Seat 5: Tucan008 folded before Flop (didn't bet)
Seat 7: mullski326 folded before Flop (didn't bet)
Seat 8: GaliRah showed [7h 8h] and won ($0.14) with a pair of Eights
Seat 9: Tuhtyn folded before Flop (didn't bet)



PokerStars Hand #228361112091:  Hold'em No Limit ($0.01/$0.02 USD) - 2021/07/17 10:58:27 PT [2021/07/17 13:58:27 ET]
Table 'Ursula II' 9-max Seat #2 is the button
Seat 1: GENJD ($2.23 in chips) 
Seat 2: Sunpower333 ($4.82 in chips) 
Seat 3: Dorex2007 ($2.52 in chips) 
Seat 4: mathplayer ($2 in chips) 
Seat 5: Tucan008 ($2.64 in chips) 
Seat 7: mullski326 ($8.55 in chips) 
Seat 8: GaliRah ($2.07 in chips) 
Seat 9: Tuhtyn ($1.87 in chips) 
Dorex2007: posts small blind $0.01
mathplayer: posts big blind $0.02
*** HOLE CARDS ***
Dealt to Dorex2007 [9s 7c]
Tucan008: raises $0.02 to $0.04
mullski326: calls $0.04
GaliRah: folds 
Tuhtyn: folds 
GENJD: calls $0.04
Sunpower333: folds 
Dorex2007: folds 
mathplayer: calls $0.02
*** FLOP *** [3h 3c 4s]
mathplayer: checks 
Tucan008: bets $0.08
mullski326: folds 
GENJD: folds 
mathplayer: folds 
Uncalled bet ($0.08) returned to Tucan008
Tucan008 collected $0.16 from pot
Tucan008: doesn't show hand 
*** SUMMARY ***
Total pot $0.17 | Rake $0.01 
Board [3h 3c 4s]
Seat 1: GENJD folded on the Flop
Seat 2: Sunpower333 (button) folded before Flop (didn't bet)
Seat 3: Dorex2007 (small blind) folded before Flop
Seat 4: mathplayer (big blind) folded on the Flop
Seat 5: Tucan008 collected ($0.16)
Seat 7: mullski326 folded on the Flop
Seat 8: GaliRah folded before Flop (didn't bet)
Seat 9: Tuhtyn folded before Flop (didn't bet)



PokerStars Hand #228361123497:  Hold'em No Limit ($0.01/$0.02 USD) - 2021/07/17 10:59:09 PT [2021/07/17 13:59:09 ET]
Table 'Ursula II' 9-max Seat #3 is the button
Seat 1: GENJD ($2.19 in chips) 
Seat 2: Sunpower333 ($4.82 in chips) 
Seat 3: Dorex2007 ($2.51 in chips) 
Seat 4: mathplayer ($2 in chips) 
Seat 5: Tucan008 ($2.76 in chips) 
Seat 7: mullski326 ($8.51 in chips) 
Seat 8: GaliRah ($2.07 in chips) 
Seat 9: Tuhtyn ($1.87 in chips) 
mathplayer: posts small blind $0.01
Tucan008: posts big blind $0.02
*** HOLE CARDS ***
Dealt to Dorex2007 [6h Kc]
mullski326: folds 
GaliRah: folds 
Tuhtyn: folds 
GENJD: folds 
Sunpower333: folds 
Dorex2007: folds 
mathplayer: folds 
Uncalled bet ($0.01) returned to Tucan008
chudak1000 is disconnected 
Tucan008 collected $0.02 from pot
Tucan008: doesn't show hand 
*** SUMMARY ***
Total pot $0.02 | Rake $0 
Seat 1: GENJD folded before Flop (didn't bet)
Seat 2: Sunpower333 folded before Flop (didn't bet)
Seat 3: Dorex2007 (button) folded before Flop (didn't bet)
Seat 4: mathplayer (small blind) folded before Flop
Seat 5: Tucan008 (big blind) collected ($0.02)
Seat 7: mullski326 folded before Flop (didn't bet)
Seat 8: GaliRah folded before Flop (didn't bet)
Seat 9: Tuhtyn folded before Flop (didn't bet)



PokerStars Hand #228361128002:  Hold'em No Limit ($0.01/$0.02 USD) - 2021/07/17 10:59:25 PT [2021/07/17 13:59:25 ET]
Table 'Ursula II' 9-max Seat #4 is the button
Seat 1: GENJD ($2.19 in chips) 
Seat 2: Sunpower333 ($4.82 in chips) 
Seat 3: Dorex2007 ($2.51 in chips) 
Seat 4: mathplayer ($2 in chips) 
Seat 5: Tucan008 ($2.77 in chips) 
Seat 7: mullski326 ($8.51 in chips) 
Seat 8: GaliRah ($2.07 in chips) 
Seat 9: Tuhtyn ($1.87 in chips) 
Tucan008: posts small blind $0.01
mullski326: posts big blind $0.02
*** HOLE CARDS ***
Dealt to Dorex2007 [5d Jd]
GaliRah: folds 
Tuhtyn: folds 
GENJD: folds 
Sunpower333: folds 
Dorex2007: folds 
mathplayer: raises $0.04 to $0.06
Tucan008: folds 
mullski326: folds 
Uncalled bet ($0.04) returned to mathplayer
mathplayer collected $0.05 from pot
*** SUMMARY ***
Total pot $0.05 | Rake $0 
Seat 1: GENJD folded before Flop (didn't bet)
Seat 2: Sunpower333 folded before Flop (didn't bet)
Seat 3: Dorex2007 folded before Flop (didn't bet)
Seat 4: mathplayer (button) collected ($0.05)
Seat 5: Tucan008 (small blind) folded before Flop
Seat 7: mullski326 (big blind) folded before Flop
Seat 8: GaliRah folded before Flop (didn't bet)
Seat 9: Tuhtyn folded before Flop (didn't bet)



PokerStars Hand #228361202356:  Hold'em No Limit ($0.01/$0.02 USD) - 2021/07/17 11:02:50 PT [2021/07/17 14:02:50 ET]
Table 'Ursula II' 9-max Seat #4 is the button
Seat 1: GENJD ($2.19 in chips) 
Seat 2: Sunpower333 ($4.79 in chips) 
Seat 3: Dorex2007 ($2.51 in chips) 
Seat 4: mathplayer ($2 in chips) 
Seat 5: Tucan008 ($2.79 in chips) 
Seat 6: chudak1000 ($1.69 in chips) 
Seat 7: mullski326 ($8.57 in chips) 
Seat 8: GaliRah ($2.04 in chips) 
Seat 9: Tuhtyn ($1.84 in chips) 
Tucan008: posts small blind $0.01
chudak1000: posts big blind $0.02
Dorex2007: posts small & big blinds $0.03
*** HOLE CARDS ***
Dealt to Dorex2007 [Kh 4h]
mullski326: folds 
GaliRah: folds 
Tuhtyn: calls $0.02
GENJD: folds 
Sunpower333: folds 
Dorex2007: checks 
mathplayer: folds 
Tucan008: raises $0.09 to $0.11
chudak1000: folds 
Tuhtyn: calls $0.09
Dorex2007: folds 
*** FLOP *** [9h Ac 5s]
Tucan008: bets $0.13
Tuhtyn: folds 
Uncalled bet ($0.13) returned to Tucan008
Tucan008 collected $0.26 from pot
Tucan008: doesn't show hand 
*** SUMMARY ***
Total pot $0.27 | Rake $0.01 
Board [9h Ac 5s]
Seat 1: GENJD folded before Flop (didn't bet)
Seat 2: Sunpower333 folded before Flop (didn't bet)
Seat 3: Dorex2007 folded before Flop (didn't bet)
Seat 4: mathplayer (button) folded before Flop (didn't bet)
Seat 5: Tucan008 (small blind) collected ($0.26)
Seat 6: chudak1000 (big blind) folded before Flop
Seat 7: mullski326 folded before Flop (didn't bet)
Seat 8: GaliRah folded before Flop (didn't bet)
Seat 9: Tuhtyn folded on the Flop



PokerStars Hand #228361218473:  Hold'em No Limit ($0.01/$0.02 USD) - 2021/07/17 11:03:28 PT [2021/07/17 14:03:28 ET]
Table 'Ursula II' 9-max Seat #5 is the button
Seat 1: GENJD ($2.19 in chips) 
Seat 2: Sunpower333 ($4.79 in chips) 
Seat 3: Dorex2007 ($2.48 in chips) 
Seat 4: mathplayer ($2 in chips) 
Seat 5: Tucan008 ($2.94 in chips) 
Seat 6: chudak1000 ($1.67 in chips) 
Seat 7: mullski326 ($8.57 in chips) 
Seat 8: GaliRah ($2.04 in chips) 
Seat 9: Tuhtyn ($1.73 in chips) 
chudak1000: posts small blind $0.01
mullski326: posts big blind $0.02
*** HOLE CARDS ***
Dealt to Dorex2007 [4c 9s]
GaliRah: folds 
Tuhtyn: raises $0.10 to $0.12
GENJD: folds 
Sunpower333: folds 
Dorex2007: folds 
mathplayer: folds 
Tucan008: folds 
chudak1000: calls $0.11
mullski326: folds 
*** FLOP *** [7d 8c 6h]
chudak1000: checks 
Tuhtyn: bets $0.18
chudak1000: calls $0.18
*** TURN *** [7d 8c 6h] [Ts]
chudak1000: checks 
Tuhtyn: checks 
*** RIVER *** [7d 8c 6h Ts] [Td]
chudak1000: checks 
Tuhtyn: checks 
*** SHOW DOWN ***
chudak1000: shows [Js Jc] (two pair, Jacks and Tens)
Tuhtyn: shows [Kc Kd] (two pair, Kings and Tens)
Tuhtyn collected $0.60 from pot
*** SUMMARY ***
Total pot $0.62 | Rake $0.02 
Board [7d 8c 6h Ts Td]
Seat 1: GENJD folded before Flop (didn't bet)
Seat 2: Sunpower333 folded before Flop (didn't bet)
Seat 3: Dorex2007 folded before Flop (didn't bet)
Seat 4: mathplayer folded before Flop (didn't bet)
Seat 5: Tucan008 (button) folded before Flop (didn't bet)
Seat 6: chudak1000 (small blind) showed [Js Jc] and lost with two pair, Jacks and Tens
Seat 7: mullski326 (big blind) folded before Flop
Seat 8: GaliRah folded before Flop (didn't bet)
Seat 9: Tuhtyn showed [Kc Kd] and won ($0.60) with two pair, Kings and Tens



PokerStars Hand #228361244408:  Hold'em No Limit ($0.01/$0.02 USD) - 2021/07/17 11:04:26 PT [2021/07/17 14:04:26 ET]
Table 'Ursula II' 9-max Seat #6 is the button
Seat 1: GENJD ($2.19 in chips) 
Seat 2: Sunpower333 ($4.79 in chips) 
Seat 3: Dorex2007 ($2.48 in chips) 
Seat 4: mathplayer ($2 in chips) 
Seat 5: Tucan008 ($2.94 in chips) 
Seat 6: chudak1000 ($1.37 in chips) 
Seat 7: mullski326 ($8.55 in chips) 
Seat 8: GaliRah ($2.04 in chips) 
Seat 9: Tuhtyn ($2.03 in chips) 
mullski326: posts small blind $0.01
GaliRah: posts big blind $0.02
*** HOLE CARDS ***
Dealt to Dorex2007 [4h Qc]
Tuhtyn: calls $0.02
GENJD: calls $0.02
Sunpower333: folds 
Dorex2007: folds 
mathplayer: folds 
Tucan008: folds 
chudak1000: calls $0.02
mullski326: calls $0.01
GaliRah: checks 
*** FLOP *** [9c Js Qh]
mullski326: checks 
GaliRah: checks 
Tuhtyn: bets $0.06
GENJD: calls $0.06
chudak1000: folds 
mullski326: folds 
GaliRah: folds 
*** TURN *** [9c Js Qh] [6c]
Tuhtyn: bets $0.06
GENJD: folds 
Uncalled bet ($0.06) returned to Tuhtyn
Tuhtyn collected $0.21 from pot
*** SUMMARY ***
Total pot $0.22 | Rake $0.01 
Board [9c Js Qh 6c]
Seat 1: GENJD folded on the Turn
Seat 2: Sunpower333 folded before Flop (didn't bet)
Seat 3: Dorex2007 folded before Flop (didn't bet)
Seat 4: mathplayer folded before Flop (didn't bet)
Seat 5: Tucan008 folded before Flop (didn't bet)
Seat 6: chudak1000 (button) folded on the Flop
Seat 7: mullski326 (small blind) folded on the Flop
Seat 8: GaliRah (big blind) folded on the Flop
Seat 9: Tuhtyn collected ($0.21)



PokerStars Hand #228361269559:  Hold'em No Limit ($0.01/$0.02 USD) - 2021/07/17 11:05:22 PT [2021/07/17 14:05:22 ET]
Table 'Ursula II' 9-max Seat #7 is the button
Seat 1: GENJD ($2.11 in chips) 
Seat 2: Sunpower333 ($4.79 in chips) 
Seat 3: Dorex2007 ($2.48 in chips) 
Seat 4: mathplayer ($2 in chips) 
Seat 5: Tucan008 ($2.94 in chips) 
Seat 6: chudak1000 ($1.35 in chips) 
Seat 7: mullski326 ($8.53 in chips) 
Seat 8: GaliRah ($2.02 in chips) 
Seat 9: Tuhtyn ($2.16 in chips) 
GaliRah: posts small blind $0.01
Tuhtyn: posts big blind $0.02
*** HOLE CARDS ***
Dealt to Dorex2007 [8d Ac]
GENJD: folds 
Sunpower333: folds 
Dorex2007: folds 
mathplayer: folds 
Tucan008: folds 
chudak1000: folds 
mullski326: folds 
GaliRah: raises $0.04 to $0.06
Tuhtyn: folds 
Uncalled bet ($0.04) returned to GaliRah
GaliRah collected $0.04 from pot
*** SUMMARY ***
Total pot $0.04 | Rake $0 
Seat 1: GENJD folded before Flop (didn't bet)
Seat 2: Sunpower333 folded before Flop (didn't bet)
Seat 3: Dorex2007 folded before Flop (didn't bet)
Seat 4: mathplayer folded before Flop (didn't bet)
Seat 5: Tucan008 folded before Flop (didn't bet)
Seat 6: chudak1000 folded before Flop (didn't bet)
Seat 7: mullski326 (button) folded before Flop (didn't bet)
Seat 8: GaliRah (small blind) collected ($0.04)
Seat 9: Tuhtyn (big blind) folded before Flop



PokerStars Hand #228361281136:  Hold'em No Limit ($0.01/$0.02 USD) - 2021/07/17 11:05:48 PT [2021/07/17 14:05:48 ET]
Table 'Ursula II' 9-max Seat #8 is the button
Seat 1: GENJD ($2.11 in chips) 
Seat 2: Sunpower333 ($4.79 in chips) 
Seat 3: Dorex2007 ($2.48 in chips) 
Seat 4: mathplayer ($2 in chips) 
Seat 5: Tucan008 ($2.94 in chips) 
Seat 6: chudak1000 ($1.35 in chips) 
Seat 7: mullski326 ($8.53 in chips) 
Seat 8: GaliRah ($2.04 in chips) 
Seat 9: Tuhtyn ($2.14 in chips) 
Tuhtyn: posts small blind $0.01
GENJD: posts big blind $0.02
*** HOLE CARDS ***
Dealt to Dorex2007 [5s Jc]
Sunpower333: folds 
Dorex2007: folds 
mathplayer: folds 
Tucan008: folds 
chudak1000: folds 
mullski326: folds 
GaliRah: folds 
Tuhtyn: folds 
Uncalled bet ($0.01) returned to GENJD
GENJD collected $0.02 from pot
GENJD: doesn't show hand 
*** SUMMARY ***
Total pot $0.02 | Rake $0 
Seat 1: GENJD (big blind) collected ($0.02)
Seat 2: Sunpower333 folded before Flop (didn't bet)
Seat 3: Dorex2007 folded before Flop (didn't bet)
Seat 4: mathplayer folded before Flop (didn't bet)
Seat 5: Tucan008 folded before Flop (didn't bet)
Seat 6: chudak1000 folded before Flop (didn't bet)
Seat 7: mullski326 folded before Flop (didn't bet)
Seat 8: GaliRah (button) folded before Flop (didn't bet)
Seat 9: Tuhtyn (small blind) folded before Flop



PokerStars Hand #228361290611:  Hold'em No Limit ($0.01/$0.02 USD) - 2021/07/17 11:06:09 PT [2021/07/17 14:06:09 ET]
Table 'Ursula II' 9-max Seat #9 is the button
Seat 1: GENJD ($2.12 in chips) 
Seat 2: Sunpower333 ($4.79 in chips) 
Seat 3: Dorex2007 ($2.48 in chips) 
Seat 4: mathplayer ($2 in chips) 
Seat 5: Tucan008 ($2.94 in chips) 
Seat 6: chudak1000 ($1.35 in chips) 
Seat 7: mullski326 ($8.53 in chips) 
Seat 8: GaliRah ($2.04 in chips) 
Seat 9: Tuhtyn ($2.13 in chips) 
GENJD: posts small blind $0.01
Sunpower333: posts big blind $0.02
*** HOLE CARDS ***
Dealt to Dorex2007 [3s Jh]
Dorex2007: folds 
mathplayer: folds 
Tucan008: folds 
chudak1000: folds 
mullski326: folds 
GaliRah: folds 
Tuhtyn: folds 
GENJD: folds 
Uncalled bet ($0.01) returned to Sunpower333
Sunpower333 collected $0.02 from pot
*** SUMMARY ***
Total pot $0.02 | Rake $0 
Seat 1: GENJD (small blind) folded before Flop
Seat 2: Sunpower333 (big blind) collected ($0.02)
Seat 3: Dorex2007 folded before Flop (didn't bet)
Seat 4: mathplayer folded before Flop (didn't bet)
Seat 5: Tucan008 folded before Flop (didn't bet)
Seat 6: chudak1000 folded before Flop (didn't bet)
Seat 7: mullski326 folded before Flop (didn't bet)
Seat 8: GaliRah folded before Flop (didn't bet)
Seat 9: Tuhtyn (button) folded before Flop (didn't bet)



PokerStars Hand #228361300067:  Hold'em No Limit ($0.01/$0.02 USD) - 2021/07/17 11:06:30 PT [2021/07/17 14:06:30 ET]
Table 'Ursula II' 9-max Seat #1 is the button
Seat 1: GENJD ($2.11 in chips) 
Seat 2: Sunpower333 ($4.80 in chips) 
Seat 3: Dorex2007 ($2.48 in chips) 
Seat 4: mathplayer ($2 in chips) 
Seat 5: Tucan008 ($2.94 in chips) 
Seat 6: chudak1000 ($1.35 in chips) 
Seat 7: mullski326 ($8.53 in chips) 
Seat 8: GaliRah ($2.04 in chips) 
Seat 9: Tuhtyn ($2.13 in chips) 
Sunpower333: posts small blind $0.01
Dorex2007: posts big blind $0.02
*** HOLE CARDS ***
Dealt to Dorex2007 [5s 8d]
mathplayer: folds 
Tucan008: folds 
chudak1000: raises $0.02 to $0.04
mullski326: folds 
GaliRah: folds 
mullski326 leaves the table
Tuhtyn: folds 
GENJD: folds 
Sunpower333: folds 
Dorex2007: folds 
Uncalled bet ($0.02) returned to chudak1000
chudak1000 collected $0.05 from pot
*** SUMMARY ***
Total pot $0.05 | Rake $0 
Seat 1: GENJD (button) folded before Flop (didn't bet)
Seat 2: Sunpower333 (small blind) folded before Flop
Seat 3: Dorex2007 (big blind) folded before Flop
Seat 4: mathplayer folded before Flop (didn't bet)
Seat 5: Tucan008 folded before Flop (didn't bet)
Seat 6: chudak1000 collected ($0.05)
Seat 7: mullski326 folded before Flop (didn't bet)
Seat 8: GaliRah folded before Flop (didn't bet)
Seat 9: Tuhtyn folded before Flop (didn't bet)



PokerStars Hand #228361312229:  Hold'em No Limit ($0.01/$0.02 USD) - 2021/07/17 11:06:57 PT [2021/07/17 14:06:57 ET]
Table 'Ursula II' 9-max Seat #2 is the button
Seat 1: GENJD ($2.11 in chips) 
Seat 2: Sunpower333 ($4.79 in chips) 
Seat 3: Dorex2007 ($2.46 in chips) 
Seat 4: mathplayer ($2 in chips) 
Seat 5: Tucan008 ($2.94 in chips) 
Seat 6: chudak1000 ($1.38 in chips) 
Seat 8: GaliRah ($2.04 in chips) 
Seat 9: Tuhtyn ($2.13 in chips) 
Dorex2007: posts small blind $0.01
mathplayer: posts big blind $0.02
*** HOLE CARDS ***
Dealt to Dorex2007 [3c 5c]
Tucan008: folds 
chudak1000: folds 
M3lo90 joins the table at seat #7 
GaliRah: folds 
Tuhtyn: folds 
GENJD: folds 
Sunpower333: folds 
Dorex2007: folds 
Uncalled bet ($0.01) returned to mathplayer
mathplayer collected $0.02 from pot
*** SUMMARY ***
Total pot $0.02 | Rake $0 
Seat 1: GENJD folded before Flop (didn't bet)
Seat 2: Sunpower333 (button) folded before Flop (didn't bet)
Seat 3: Dorex2007 (small blind) folded before Flop
Seat 4: mathplayer (big blind) collected ($0.02)
Seat 5: Tucan008 folded before Flop (didn't bet)
Seat 6: chudak1000 folded before Flop (didn't bet)
Seat 8: GaliRah folded before Flop (didn't bet)
Seat 9: Tuhtyn folded before Flop (didn't bet)



PokerStars Hand #228361321569:  Hold'em No Limit ($0.01/$0.02 USD) - 2021/07/17 11:07:18 PT [2021/07/17 14:07:18 ET]
Table 'Ursula II' 9-max Seat #3 is the button
Seat 1: GENJD ($2.11 in chips) 
Seat 2: Sunpower333 ($4.79 in chips) 
Seat 3: Dorex2007 ($2.45 in chips) 
Seat 4: mathplayer ($2.01 in chips) 
Seat 5: Tucan008 ($2.94 in chips) 
Seat 6: chudak1000 ($1.38 in chips) 
Seat 7: M3lo90 ($2 in chips) 
Seat 8: GaliRah ($2.04 in chips) 
Seat 9: Tuhtyn ($2.13 in chips) 
mathplayer: posts small blind $0.01
Tucan008: posts big blind $0.02
M3lo90: posts big blind $0.02
*** HOLE CARDS ***
Dealt to Dorex2007 [3d Qh]
chudak1000: folds 
M3lo90: checks 
GaliRah: folds 
Tuhtyn: folds 
GENJD: calls $0.02
Sunpower333: folds 
Dorex2007: folds 
mathplayer: calls $0.01
Tucan008: checks 
*** FLOP *** [Th Tc Ah]
mathplayer: bets $0.07
Tucan008: folds 
M3lo90: folds 
GENJD: folds 
Uncalled bet ($0.07) returned to mathplayer
mathplayer collected $0.08 from pot
mathplayer: doesn't show hand 
*** SUMMARY ***
Total pot $0.08 | Rake $0 
Board [Th Tc Ah]
Seat 1: GENJD folded on the Flop
Seat 2: Sunpower333 folded before Flop (didn't bet)
Seat 3: Dorex2007 (button) folded before Flop (didn't bet)
Seat 4: mathplayer (small blind) collected ($0.08)
Seat 5: Tucan008 (big blind) folded on the Flop
Seat 6: chudak1000 folded before Flop (didn't bet)
Seat 7: M3lo90 folded on the Flop (didn't bet)
Seat 8: GaliRah folded before Flop (didn't bet)
Seat 9: Tuhtyn folded before Flop (didn't bet)



PokerStars Hand #228361337301:  Hold'em No Limit ($0.01/$0.02 USD) - 2021/07/17 11:07:54 PT [2021/07/17 14:07:54 ET]
Table 'Ursula II' 9-max Seat #4 is the button
Seat 1: GENJD ($2.09 in chips) 
Seat 2: Sunpower333 ($4.79 in chips) 
Seat 3: Dorex2007 ($2.45 in chips) 
Seat 4: mathplayer ($2.07 in chips) 
Seat 5: Tucan008 ($2.92 in chips) 
Seat 6: chudak1000 ($1.38 in chips) 
Seat 7: M3lo90 ($1.98 in chips) 
Seat 8: GaliRah ($2.04 in chips) 
Seat 9: Tuhtyn ($2.13 in chips) 
Tucan008: posts small blind $0.01
chudak1000: posts big blind $0.02
*** HOLE CARDS ***
Dealt to Dorex2007 [8c Jh]
M3lo90: folds 
GaliRah: folds 
Tuhtyn: calls $0.02
GENJD: folds 
Sunpower333: folds 
Dorex2007: folds 
mathplayer: folds 
Tucan008: folds 
chudak1000: checks 
*** FLOP *** [3s 6d 9d]
Tucan008 leaves the table
chudak1000: bets $0.02
Tuhtyn: folds 
Uncalled bet ($0.02) returned to chudak1000
chudak1000 collected $0.05 from pot
Tobinhoyo joins the table at seat #5 
*** SUMMARY ***
Total pot $0.05 | Rake $0 
Board [3s 6d 9d]
Seat 1: GENJD folded before Flop (didn't bet)
Seat 2: Sunpower333 folded before Flop (didn't bet)
Seat 3: Dorex2007 folded before Flop (didn't bet)
Seat 4: mathplayer (button) folded before Flop (didn't bet)
Seat 5: Tucan008 (small blind) folded before Flop
Seat 6: chudak1000 (big blind) collected ($0.05)
Seat 7: M3lo90 folded before Flop (didn't bet)
Seat 8: GaliRah folded before Flop (didn't bet)
Seat 9: Tuhtyn folded on the Flop



PokerStars Hand #228361351057:  Hold'em No Limit ($0.01/$0.02 USD) - 2021/07/17 11:08:24 PT [2021/07/17 14:08:24 ET]
Table 'Ursula II' 9-max Seat #6 is the button
Seat 1: GENJD ($2.09 in chips) 
Seat 2: Sunpower333 ($4.79 in chips) 
Seat 3: Dorex2007 ($2.45 in chips) 
Seat 4: mathplayer ($2.07 in chips) 
Seat 6: chudak1000 ($1.41 in chips) 
Seat 7: M3lo90 ($1.98 in chips) 
Seat 8: GaliRah ($2.04 in chips) 
Seat 9: Tuhtyn ($2.11 in chips) 
M3lo90: posts small blind $0.01
GaliRah: posts big blind $0.02
Tobinhoyo: sits out 
*** HOLE CARDS ***
Dealt to Dorex2007 [4h 4s]
Tuhtyn: folds 
GENJD: folds 
Sunpower333: folds 
Dorex2007: calls $0.02
mathplayer: folds 
chudak1000: folds 
M3lo90: raises $0.06 to $0.08
GaliRah: folds 
Dorex2007: folds 
Uncalled bet ($0.06) returned to M3lo90
M3lo90 collected $0.06 from pot
M3lo90: doesn't show hand 
*** SUMMARY ***
Total pot $0.06 | Rake $0 
Seat 1: GENJD folded before Flop (didn't bet)
Seat 2: Sunpower333 folded before Flop (didn't bet)
Seat 3: Dorex2007 folded before Flop
Seat 4: mathplayer folded before Flop (didn't bet)
Seat 6: chudak1000 (button) folded before Flop (didn't bet)
Seat 7: M3lo90 (small blind) collected ($0.06)
Seat 8: GaliRah (big blind) folded before Flop
Seat 9: Tuhtyn folded before Flop (didn't bet)



PokerStars Hand #228361365089:  Hold'em No Limit ($0.01/$0.02 USD) - 2021/07/17 11:08:55 PT [2021/07/17 14:08:55 ET]
Table 'Ursula II' 9-max Seat #7 is the button
Seat 1: GENJD ($2.09 in chips) 
Seat 2: Sunpower333 ($4.79 in chips) 
Seat 3: Dorex2007 ($2.43 in chips) 
Seat 4: mathplayer ($2.07 in chips) 
Seat 6: chudak1000 ($1.41 in chips) 
Seat 7: M3lo90 ($2.02 in chips) 
Seat 8: GaliRah ($2.02 in chips) 
Seat 9: Tuhtyn ($2.11 in chips) 
GaliRah: posts small blind $0.01
Tuhtyn: posts big blind $0.02
Tobinhoyo: sits out 
*** HOLE CARDS ***
Dealt to Dorex2007 [Jd Kc]
GENJD: folds 
Sunpower333: folds 
Dorex2007: calls $0.02
mathplayer: folds 
chudak1000: folds 
M3lo90: calls $0.02
GaliRah: folds 
Tuhtyn: checks 
*** FLOP *** [3s Ks 8h]
Tuhtyn: checks 
Dorex2007: bets $0.02
M3lo90: folds 
Tuhtyn: folds 
Uncalled bet ($0.02) returned to Dorex2007
Dorex2007 collected $0.07 from pot
Dorex2007: doesn't show hand 
*** SUMMARY ***
Total pot $0.07 | Rake $0 
Board [3s Ks 8h]
Seat 1: GENJD folded before Flop (didn't bet)
Seat 2: Sunpower333 folded before Flop (didn't bet)
Seat 3: Dorex2007 collected ($0.07)
Seat 4: mathplayer folded before Flop (didn't bet)
Seat 6: chudak1000 folded before Flop (didn't bet)
Seat 7: M3lo90 (button) folded on the Flop
Seat 8: GaliRah (small blind) folded before Flop
Seat 9: Tuhtyn (big blind) folded on the Flop



PokerStars Hand #228361378842:  Hold'em No Limit ($0.01/$0.02 USD) - 2021/07/17 11:09:26 PT [2021/07/17 14:09:26 ET]
Table 'Ursula II' 9-max Seat #8 is the button
Seat 1: GENJD ($2.09 in chips) 
Seat 2: Sunpower333 ($4.79 in chips) 
Seat 3: Dorex2007 ($2.48 in chips) 
Seat 4: mathplayer ($2.07 in chips) 
Seat 6: chudak1000 ($1.41 in chips) 
Seat 7: M3lo90 ($2 in chips) 
Seat 8: GaliRah ($2.01 in chips) 
Seat 9: Tuhtyn ($2.09 in chips) 
Tuhtyn: posts small blind $0.01
GENJD: posts big blind $0.02
Tobinhoyo: sits out 
*** HOLE CARDS ***
Dealt to Dorex2007 [4d Qc]
Sunpower333: folds 
Dorex2007: folds 
mathplayer: folds 
chudak1000: folds 
M3lo90: folds 
GaliRah: calls $0.02
Tuhtyn: folds 
GENJD: checks 
*** FLOP *** [Ac Jd 6c]
GENJD: checks 
GaliRah: bets $0.05
GENJD: folds 
Uncalled bet ($0.05) returned to GaliRah
GaliRah collected $0.05 from pot
*** SUMMARY ***
Total pot $0.05 | Rake $0 
Board [Ac Jd 6c]
Seat 1: GENJD (big blind) folded on the Flop
Seat 2: Sunpower333 folded before Flop (didn't bet)
Seat 3: Dorex2007 folded before Flop (didn't bet)
Seat 4: mathplayer folded before Flop (didn't bet)
Seat 6: chudak1000 folded before Flop (didn't bet)
Seat 7: M3lo90 folded before Flop (didn't bet)
Seat 8: GaliRah (button) collected ($0.05)
Seat 9: Tuhtyn (small blind) folded before Flop



PokerStars Hand #228361395227:  Hold'em No Limit ($0.01/$0.02 USD) - 2021/07/17 11:10:02 PT [2021/07/17 14:10:02 ET]
Table 'Ursula II' 9-max Seat #9 is the button
Seat 1: GENJD ($2.07 in chips) 
Seat 2: Sunpower333 ($4.79 in chips) 
Seat 3: Dorex2007 ($2.48 in chips) 
Seat 4: mathplayer ($2.07 in chips) 
Seat 6: chudak1000 ($1.41 in chips) 
Seat 7: M3lo90 ($2 in chips) 
Seat 8: GaliRah ($2.04 in chips) 
Seat 9: Tuhtyn ($2.08 in chips) 
GENJD: posts small blind $0.01
Sunpower333: posts big blind $0.02
Tobinhoyo: sits out 
*** HOLE CARDS ***
Dealt to Dorex2007 [4s 5d]
Dorex2007: folds 
mathplayer: folds 
chudak1000: folds 
M3lo90: raises $0.02 to $0.04
GaliRah: folds 
Tuhtyn: calls $0.04
GENJD: calls $0.03
Sunpower333: folds 
*** FLOP *** [Ah Jh Qh]
GENJD: checks 
M3lo90: bets $0.07
Tuhtyn: folds 
GENJD: folds 
Uncalled bet ($0.07) returned to M3lo90
M3lo90 collected $0.14 from pot
M3lo90: doesn't show hand 
*** SUMMARY ***
Total pot $0.14 | Rake $0 
Board [Ah Jh Qh]
Seat 1: GENJD (small blind) folded on the Flop
Seat 2: Sunpower333 (big blind) folded before Flop
Seat 3: Dorex2007 folded before Flop (didn't bet)
Seat 4: mathplayer folded before Flop (didn't bet)
Seat 6: chudak1000 folded before Flop (didn't bet)
Seat 7: M3lo90 collected ($0.14)
Seat 8: GaliRah folded before Flop (didn't bet)
Seat 9: Tuhtyn (button) folded on the Flop



PokerStars Hand #228361413374:  Hold'em No Limit ($0.01/$0.02 USD) - 2021/07/17 11:10:43 PT [2021/07/17 14:10:43 ET]
Table 'Ursula II' 9-max Seat #1 is the button
Seat 1: GENJD ($2.03 in chips) 
Seat 3: Dorex2007 ($2.48 in chips) 
Seat 4: mathplayer ($2.07 in chips) 
Seat 6: chudak1000 ($1.41 in chips) 
Seat 7: M3lo90 ($2.10 in chips) 
Seat 8: GaliRah ($2.04 in chips) 
Seat 9: Tuhtyn ($2.04 in chips) 
Dorex2007: posts small blind $0.01
mathplayer: posts big blind $0.02
Tobinhoyo: sits out 
*** HOLE CARDS ***
Dealt to Dorex2007 [9h 6d]
chudak1000: folds 
M3lo90: raises $0.02 to $0.04
GaliRah: folds 
Tuhtyn: folds 
GENJD: calls $0.04
Dorex2007: folds 
mathplayer: folds 
*** FLOP *** [3s 8d 9s]
M3lo90: bets $0.06
GENJD: calls $0.06
*** TURN *** [3s 8d 9s] [5c]
M3lo90: bets $0.11
GENJD: calls $0.11
*** RIVER *** [3s 8d 9s 5c] [8s]
M3lo90: bets $1.89 and is all-in
GENJD: folds 
Uncalled bet ($1.89) returned to M3lo90
M3lo90 collected $0.43 from pot
M3lo90: doesn't show hand 
*** SUMMARY ***
Total pot $0.45 | Rake $0.02 
Board [3s 8d 9s 5c 8s]
Seat 1: GENJD (button) folded on the River
Seat 3: Dorex2007 (small blind) folded before Flop
Seat 4: mathplayer (big blind) folded before Flop
Seat 6: chudak1000 folded before Flop (didn't bet)
Seat 7: M3lo90 collected ($0.43)
Seat 8: GaliRah folded before Flop (didn't bet)
Seat 9: Tuhtyn folded before Flop (didn't bet)



PokerStars Hand #228361436456:  Hold'em No Limit ($0.01/$0.02 USD) - 2021/07/17 11:11:34 PT [2021/07/17 14:11:34 ET]
Table 'Ursula II' 9-max Seat #3 is the button
Seat 1: GENJD ($2 in chips) 
Seat 3: Dorex2007 ($2.47 in chips) 
Seat 4: mathplayer ($2.05 in chips) 
Seat 5: Tobinhoyo ($2 in chips) 
Seat 6: chudak1000 ($1.41 in chips) 
Seat 7: M3lo90 ($2.32 in chips) 
Seat 8: GaliRah ($2.04 in chips) 
Seat 9: Tuhtyn ($2.04 in chips) 
mathplayer: posts small blind $0.01
Tobinhoyo: posts big blind $0.02
*** HOLE CARDS ***
Dealt to Dorex2007 [6d 5c]
chudak1000: folds 
M3lo90: folds 
GaliRah: folds 
Tuhtyn: folds 
GENJD: folds 
Dorex2007: folds 
mathplayer: folds 
Uncalled bet ($0.01) returned to Tobinhoyo
Tobinhoyo collected $0.02 from pot
*** SUMMARY ***
Total pot $0.02 | Rake $0 
Seat 1: GENJD folded before Flop (didn't bet)
Seat 3: Dorex2007 (button) folded before Flop (didn't bet)
Seat 4: mathplayer (small blind) folded before Flop
Seat 5: Tobinhoyo (big blind) collected ($0.02)
Seat 6: chudak1000 folded before Flop (didn't bet)
Seat 7: M3lo90 folded before Flop (didn't bet)
Seat 8: GaliRah folded before Flop (didn't bet)
Seat 9: Tuhtyn folded before Flop (didn't bet)



PokerStars Hand #228361442535:  Hold'em No Limit ($0.01/$0.02 USD) - 2021/07/17 11:11:48 PT [2021/07/17 14:11:48 ET]
Table 'Ursula II' 9-max Seat #4 is the button
Seat 1: GENJD ($2 in chips) 
Seat 3: Dorex2007 ($2.47 in chips) 
Seat 4: mathplayer ($2.04 in chips) 
Seat 5: Tobinhoyo ($2.01 in chips) 
Seat 6: chudak1000 ($1.41 in chips) 
Seat 7: M3lo90 ($2.32 in chips) 
Seat 8: GaliRah ($2.04 in chips) 
Seat 9: Tuhtyn ($2.04 in chips) 
Tobinhoyo: posts small blind $0.01
chudak1000: posts big blind $0.02
*** HOLE CARDS ***
Dealt to Dorex2007 [4c Ks]
M3lo90: folds 
GaliRah: folds 
Tuhtyn: raises $0.04 to $0.06
GENJD: folds 
Dorex2007: folds 
mathplayer: folds 
Tobinhoyo: folds 
chudak1000: folds 
Uncalled bet ($0.04) returned to Tuhtyn
Tuhtyn collected $0.05 from pot
*** SUMMARY ***
Total pot $0.05 | Rake $0 
Seat 1: GENJD folded before Flop (didn't bet)
Seat 3: Dorex2007 folded before Flop (didn't bet)
Seat 4: mathplayer (button) folded before Flop (didn't bet)
Seat 5: Tobinhoyo (small blind) folded before Flop
Seat 6: chudak1000 (big blind) folded before Flop
Seat 7: M3lo90 folded before Flop (didn't bet)
Seat 8: GaliRah folded before Flop (didn't bet)
Seat 9: Tuhtyn collected ($0.05)



PokerStars Hand #228361449674:  Hold'em No Limit ($0.01/$0.02 USD) - 2021/07/17 11:12:04 PT [2021/07/17 14:12:04 ET]
Table 'Ursula II' 9-max Seat #5 is the button
Seat 1: GENJD ($2 in chips) 
Seat 3: Dorex2007 ($2.47 in chips) 
Seat 4: mathplayer ($2.04 in chips) 
Seat 5: Tobinhoyo ($2 in chips) 
Seat 6: chudak1000 ($1.39 in chips) 
Seat 7: M3lo90 ($2.32 in chips) 
Seat 8: GaliRah ($2.04 in chips) 
Seat 9: Tuhtyn ($2.07 in chips) 
chudak1000: posts small blind $0.01
M3lo90: posts big blind $0.02
*** HOLE CARDS ***
Dealt to Dorex2007 [2s 2c]
GaliRah: folds 
Tuhtyn: calls $0.02
GENJD: folds 
Dorex2007: folds 
mathplayer: calls $0.02
GENJD leaves the table
Tobinhoyo: calls $0.02
chudak1000: calls $0.01
M3lo90: checks 
*** FLOP *** [2d Kd Kc]
chudak1000: checks 
M3lo90: checks 
Tuhtyn: bets $0.10
mathplayer: folds 
Tobinhoyo: calls $0.10
chudak1000: folds 
M3lo90: folds 
*** TURN *** [2d Kd Kc] [Tc]
Tuhtyn: bets $0.10
Strdn joins the table at seat #1 
Tobinhoyo: raises $0.10 to $0.20
Tuhtyn: calls $0.10
*** RIVER *** [2d Kd Kc Tc] [Th]
Tuhtyn: bets $1.75 and is all-in
Tobinhoyo: calls $1.68 and is all-in
Uncalled bet ($0.07) returned to Tuhtyn
*** SHOW DOWN ***
Tuhtyn: shows [Kh 9h] (a full house, Kings full of Tens)
Tobinhoyo: shows [Ks Qh] (a full house, Kings full of Tens)
Tuhtyn collected $1.96 from pot
Tobinhoyo collected $1.96 from pot
*** SUMMARY ***
Total pot $4.06 | Rake $0.14 
Board [2d Kd Kc Tc Th]
Seat 1: GENJD folded before Flop (didn't bet)
Seat 3: Dorex2007 folded before Flop (didn't bet)
Seat 4: mathplayer folded on the Flop
Seat 5: Tobinhoyo (button) showed [Ks Qh] and won ($1.96) with a full house, Kings full of Tens
Seat 6: chudak1000 (small blind) folded on the Flop
Seat 7: M3lo90 (big blind) folded on the Flop
Seat 8: GaliRah folded before Flop (didn't bet)
Seat 9: Tuhtyn showed [Kh 9h] and won ($1.96) with a full house, Kings full of Tens



PokerStars Hand #228361480817:  Hold'em No Limit ($0.01/$0.02 USD) - 2021/07/17 11:13:15 PT [2021/07/17 14:13:15 ET]
Table 'Ursula II' 9-max Seat #6 is the button
Seat 3: Dorex2007 ($2.47 in chips) 
Seat 4: mathplayer ($2.02 in chips) 
Seat 5: Tobinhoyo ($2 in chips) 
Seat 6: chudak1000 ($1.37 in chips) 
Seat 7: M3lo90 ($2.30 in chips) 
Seat 8: GaliRah ($2.04 in chips) 
Seat 9: Tuhtyn ($2.03 in chips) 
M3lo90: posts small blind $0.01
GaliRah: posts big blind $0.02
Strdn: sits out 
*** HOLE CARDS ***
Dealt to Dorex2007 [Ad 3h]
Tuhtyn: folds 
Dorex2007: folds 
mathplayer: folds 
Tobinhoyo: raises $0.02 to $0.04
chudak1000: folds 
M3lo90: calls $0.03
GaliRah: folds 
*** FLOP *** [2d Ks Th]
M3lo90: checks 
Tobinhoyo: bets $0.05
M3lo90: calls $0.05
*** TURN *** [2d Ks Th] [7s]
M3lo90: checks 
Tobinhoyo: checks 
*** RIVER *** [2d Ks Th 7s] [Qc]
M3lo90: bets $0.19
Tobinhoyo: folds 
Uncalled bet ($0.19) returned to M3lo90
M3lo90 collected $0.19 from pot
M3lo90: doesn't show hand 
*** SUMMARY ***
Total pot $0.20 | Rake $0.01 
Board [2d Ks Th 7s Qc]
Seat 3: Dorex2007 folded before Flop (didn't bet)
Seat 4: mathplayer folded before Flop (didn't bet)
Seat 5: Tobinhoyo folded on the River
Seat 6: chudak1000 (button) folded before Flop (didn't bet)
Seat 7: M3lo90 (small blind) collected ($0.19)
Seat 8: GaliRah (big blind) folded before Flop
Seat 9: Tuhtyn folded before Flop (didn't bet)



PokerStars Hand #228361503056:  Hold'em No Limit ($0.01/$0.02 USD) - 2021/07/17 11:14:05 PT [2021/07/17 14:14:05 ET]
Table 'Ursula II' 9-max Seat #7 is the button
Seat 3: Dorex2007 ($2.47 in chips) 
Seat 4: mathplayer ($2.02 in chips) 
Seat 5: Tobinhoyo ($2 in chips) 
Seat 6: chudak1000 ($1.37 in chips) 
Seat 7: M3lo90 ($2.40 in chips) 
Seat 8: GaliRah ($2.02 in chips) 
Seat 9: Tuhtyn ($2.03 in chips) 
GaliRah: posts small blind $0.01
Tuhtyn: posts big blind $0.02
Strdn: sits out 
*** HOLE CARDS ***
Dealt to Dorex2007 [3d As]
Dorex2007: folds 
mathplayer: folds 
Tobinhoyo: folds 
chudak1000: folds 
M3lo90: folds 
GaliRah: folds 
Uncalled bet ($0.01) returned to Tuhtyn
Tuhtyn collected $0.02 from pot
*** SUMMARY ***
Total pot $0.02 | Rake $0 
Seat 3: Dorex2007 folded before Flop (didn't bet)
Seat 4: mathplayer folded before Flop (didn't bet)
Seat 5: Tobinhoyo folded before Flop (didn't bet)
Seat 6: chudak1000 folded before Flop (didn't bet)
Seat 7: M3lo90 (button) folded before Flop (didn't bet)
Seat 8: GaliRah (small blind) folded before Flop
Seat 9: Tuhtyn (big blind) collected ($0.02)



PokerStars Hand #228361508297:  Hold'em No Limit ($0.01/$0.02 USD) - 2021/07/17 11:14:17 PT [2021/07/17 14:14:17 ET]
Table 'Ursula II' 9-max Seat #8 is the button
Seat 1: Strdn ($2 in chips) 
Seat 3: Dorex2007 ($2.47 in chips) 
Seat 4: mathplayer ($2.02 in chips) 
Seat 5: Tobinhoyo ($2 in chips) 
Seat 6: chudak1000 ($1.37 in chips) 
Seat 7: M3lo90 ($2.40 in chips) 
Seat 8: GaliRah ($2.01 in chips) 
Seat 9: Tuhtyn ($2.04 in chips) 
Tuhtyn: posts small blind $0.01
Strdn: posts big blind $0.02
*** HOLE CARDS ***
Dealt to Dorex2007 [8c 9h]
Dorex2007: folds 
mathplayer: folds 
Tobinhoyo: raises $0.02 to $0.04
chudak1000: folds 
M3lo90: calls $0.04
GaliRah: folds 
Tuhtyn: folds 
Strdn: folds 
*** FLOP *** [Qc 3c 6h]
Tobinhoyo: checks 
M3lo90: bets $0.04
Tobinhoyo: calls $0.04
*** TURN *** [Qc 3c 6h] [Qs]
Tobinhoyo: checks 
M3lo90: bets $0.09
Tobinhoyo: calls $0.09
*** RIVER *** [Qc 3c 6h Qs] [2h]
Tobinhoyo: checks 
M3lo90: bets $0.18
Tobinhoyo: folds 
Uncalled bet ($0.18) returned to M3lo90
M3lo90 collected $0.36 from pot
M3lo90: doesn't show hand 
*** SUMMARY ***
Total pot $0.37 | Rake $0.01 
Board [Qc 3c 6h Qs 2h]
Seat 1: Strdn (big blind) folded before Flop
Seat 3: Dorex2007 folded before Flop (didn't bet)
Seat 4: mathplayer folded before Flop (didn't bet)
Seat 5: Tobinhoyo folded on the River
Seat 6: chudak1000 folded before Flop (didn't bet)
Seat 7: M3lo90 collected ($0.36)
Seat 8: GaliRah (button) folded before Flop (didn't bet)
Seat 9: Tuhtyn (small blind) folded before Flop



PokerStars Hand #228361536418:  Hold'em No Limit ($0.01/$0.02 USD) - 2021/07/17 11:15:21 PT [2021/07/17 14:15:21 ET]
Table 'Ursula II' 9-max Seat #9 is the button
Seat 1: Strdn ($2 in chips) 
Seat 3: Dorex2007 ($2.47 in chips) 
Seat 4: mathplayer ($2.02 in chips) 
Seat 5: Tobinhoyo ($2 in chips) 
Seat 6: chudak1000 ($1.37 in chips) 
Seat 7: M3lo90 ($2.59 in chips) 
Seat 8: GaliRah ($2.01 in chips) 
Seat 9: Tuhtyn ($2.03 in chips) 
Strdn: posts small blind $0.01
Dorex2007: posts big blind $0.02
*** HOLE CARDS ***
Dealt to Dorex2007 [Js Ac]
mathplayer: raises $0.04 to $0.06
Tobinhoyo: folds 
chudak1000: folds 
M3lo90: folds 
GaliRah: calls $0.06
Tuhtyn: folds 
Strdn: folds 
Dorex2007: calls $0.04
*** FLOP *** [8c 5h 9h]
Dorex2007: checks 
mathplayer: bets $0.09
GaliRah: calls $0.09
Dorex2007: folds 
*** TURN *** [8c 5h 9h] [Ad]
mathplayer: checks 
GaliRah: bets $0.18
mathplayer: calls $0.18
*** RIVER *** [8c 5h 9h Ad] [2s]
mathplayer: checks 
GaliRah: checks 
*** SHOW DOWN ***
mathplayer: shows [Qc Qh] (a pair of Queens)
GaliRah: shows [Ah 7h] (a pair of Aces)
GaliRah collected $0.70 from pot
*** SUMMARY ***
Total pot $0.73 | Rake $0.03 
Board [8c 5h 9h Ad 2s]
Seat 1: Strdn (small blind) folded before Flop
Seat 3: Dorex2007 (big blind) folded on the Flop
Seat 4: mathplayer showed [Qc Qh] and lost with a pair of Queens
Seat 5: Tobinhoyo folded before Flop (didn't bet)
Seat 6: chudak1000 folded before Flop (didn't bet)
Seat 7: M3lo90 folded before Flop (didn't bet)
Seat 8: GaliRah showed [Ah 7h] and won ($0.70) with a pair of Aces
Seat 9: Tuhtyn (button) folded before Flop (didn't bet)



PokerStars Hand #228361563003:  Hold'em No Limit ($0.01/$0.02 USD) - 2021/07/17 11:16:21 PT [2021/07/17 14:16:21 ET]
Table 'Ursula II' 9-max Seat #1 is the button
Seat 1: Strdn ($2 in chips) 
Seat 3: Dorex2007 ($2.41 in chips) 
Seat 4: mathplayer ($2 in chips) 
Seat 5: Tobinhoyo ($2 in chips) 
Seat 6: chudak1000 ($1.37 in chips) 
Seat 7: M3lo90 ($2.59 in chips) 
Seat 8: GaliRah ($2.38 in chips) 
Seat 9: Tuhtyn ($2.03 in chips) 
Dorex2007: posts small blind $0.01
mathplayer: posts big blind $0.02
*** HOLE CARDS ***
Dealt to Dorex2007 [5h 6d]
Tobinhoyo: folds 
chudak1000: folds 
M3lo90: folds 
GaliRah: folds 
Tuhtyn: folds 
Strdn: folds 
Dorex2007: folds 
Uncalled bet ($0.01) returned to mathplayer
mathplayer collected $0.02 from pot
*** SUMMARY ***
Total pot $0.02 | Rake $0 
Seat 1: Strdn (button) folded before Flop (didn't bet)
Seat 3: Dorex2007 (small blind) folded before Flop
Seat 4: mathplayer (big blind) collected ($0.02)
Seat 5: Tobinhoyo folded before Flop (didn't bet)
Seat 6: chudak1000 folded before Flop (didn't bet)
Seat 7: M3lo90 folded before Flop (didn't bet)
Seat 8: GaliRah folded before Flop (didn't bet)
Seat 9: Tuhtyn folded before Flop (didn't bet)



PokerStars Hand #228361569819:  Hold'em No Limit ($0.01/$0.02 USD) - 2021/07/17 11:16:37 PT [2021/07/17 14:16:37 ET]
Table 'Ursula II' 9-max Seat #3 is the button
Seat 1: Strdn ($2 in chips) 
Seat 3: Dorex2007 ($2.40 in chips) 
Seat 4: mathplayer ($2.01 in chips) 
Seat 5: Tobinhoyo ($2 in chips) 
Seat 6: chudak1000 ($1.37 in chips) 
Seat 7: M3lo90 ($2.59 in chips) 
Seat 8: GaliRah ($2.38 in chips) 
Seat 9: Tuhtyn ($2.03 in chips) 
mathplayer: posts small blind $0.01
Tobinhoyo: posts big blind $0.02
*** HOLE CARDS ***
Dealt to Dorex2007 [3c Jd]
chudak1000: folds 
M3lo90: raises $0.02 to $0.04
GaliRah: calls $0.04
Tuhtyn: folds 
Strdn: folds 
Dorex2007: folds 
mathplayer: folds 
Tobinhoyo: folds 
*** FLOP *** [Jc Td Qh]
M3lo90: checks 
GaliRah: bets $0.06
M3lo90: folds 
Uncalled bet ($0.06) returned to GaliRah
GaliRah collected $0.11 from pot
*** SUMMARY ***
Total pot $0.11 | Rake $0 
Board [Jc Td Qh]
Seat 1: Strdn folded before Flop (didn't bet)
Seat 3: Dorex2007 (button) folded before Flop (didn't bet)
Seat 4: mathplayer (small blind) folded before Flop
Seat 5: Tobinhoyo (big blind) folded before Flop
Seat 6: chudak1000 folded before Flop (didn't bet)
Seat 7: M3lo90 folded on the Flop
Seat 8: GaliRah collected ($0.11)
Seat 9: Tuhtyn folded before Flop (didn't bet)



PokerStars Hand #228361582646:  Hold'em No Limit ($0.01/$0.02 USD) - 2021/07/17 11:17:05 PT [2021/07/17 14:17:05 ET]
Table 'Ursula II' 9-max Seat #4 is the button
Seat 1: Strdn ($2 in chips) 
Seat 3: Dorex2007 ($2.40 in chips) 
Seat 4: mathplayer ($2 in chips) 
Seat 5: Tobinhoyo ($2 in chips) 
Seat 6: chudak1000 ($1.37 in chips) 
Seat 7: M3lo90 ($2.55 in chips) 
Seat 8: GaliRah ($2.45 in chips) 
Seat 9: Tuhtyn ($2.03 in chips) 
Tobinhoyo: posts small blind $0.01
chudak1000: posts big blind $0.02
*** HOLE CARDS ***
Dealt to Dorex2007 [9s 4c]
M3lo90: folds 
GaliRah: folds 
Tuhtyn: raises $0.10 to $0.12
Strdn: folds 
Dorex2007: folds 
mathplayer: folds 
Tobinhoyo: folds 
chudak1000: folds 
Uncalled bet ($0.10) returned to Tuhtyn
Tuhtyn collected $0.05 from pot
*** SUMMARY ***
Total pot $0.05 | Rake $0 
Seat 1: Strdn folded before Flop (didn't bet)
Seat 3: Dorex2007 folded before Flop (didn't bet)
Seat 4: mathplayer (button) folded before Flop (didn't bet)
Seat 5: Tobinhoyo (small blind) folded before Flop
Seat 6: chudak1000 (big blind) folded before Flop
Seat 7: M3lo90 folded before Flop (didn't bet)
Seat 8: GaliRah folded before Flop (didn't bet)
Seat 9: Tuhtyn collected ($0.05)



PokerStars Hand #228361592958:  Hold'em No Limit ($0.01/$0.02 USD) - 2021/07/17 11:17:28 PT [2021/07/17 14:17:28 ET]
Table 'Ursula II' 9-max Seat #5 is the button
Seat 1: Strdn ($2 in chips) 
Seat 3: Dorex2007 ($2.40 in chips) 
Seat 4: mathplayer ($2 in chips) 
Seat 5: Tobinhoyo ($2 in chips) 
Seat 6: chudak1000 ($1.35 in chips) 
Seat 7: M3lo90 ($2.55 in chips) 
Seat 8: GaliRah ($2.45 in chips) 
Seat 9: Tuhtyn ($2.06 in chips) 
chudak1000: posts small blind $0.01
M3lo90: posts big blind $0.02
Sunpower333: sits out 
*** HOLE CARDS ***
Dealt to Dorex2007 [6h Qc]
GaliRah: folds 
Tuhtyn: folds 
Strdn: folds 
Dorex2007: folds 
mathplayer: raises $0.04 to $0.06
Tobinhoyo: calls $0.06
chudak1000: folds 
M3lo90: calls $0.04
*** FLOP *** [2h 2c 7s]
M3lo90: bets $0.04
mathplayer: folds 
Tobinhoyo: calls $0.04
*** TURN *** [2h 2c 7s] [3s]
M3lo90: bets $0.06
Tobinhoyo: calls $0.06
*** RIVER *** [2h 2c 7s 3s] [9s]
M3lo90: checks 
Tobinhoyo: checks 
*** SHOW DOWN ***
M3lo90: shows [4c Ad] (a pair of Deuces)
Tobinhoyo: shows [Ah Th] (a pair of Deuces - Ace+Ten kicker)
Tobinhoyo collected $0.38 from pot
*** SUMMARY ***
Total pot $0.39 | Rake $0.01 
Board [2h 2c 7s 3s 9s]
Seat 1: Strdn folded before Flop (didn't bet)
Seat 3: Dorex2007 folded before Flop (didn't bet)
Seat 4: mathplayer folded on the Flop
Seat 5: Tobinhoyo (button) showed [Ah Th] and won ($0.38) with a pair of Deuces
Seat 6: chudak1000 (small blind) folded before Flop
Seat 7: M3lo90 (big blind) showed [4c Ad] and lost with a pair of Deuces
Seat 8: GaliRah folded before Flop (didn't bet)
Seat 9: Tuhtyn folded before Flop (didn't bet)



PokerStars Hand #228361615659:  Hold'em No Limit ($0.01/$0.02 USD) - 2021/07/17 11:18:20 PT [2021/07/17 14:18:20 ET]
Table 'Ursula II' 9-max Seat #6 is the button
Seat 1: Strdn ($2 in chips) 
Seat 3: Dorex2007 ($2.40 in chips) 
Seat 4: mathplayer ($2 in chips) 
Seat 5: Tobinhoyo ($2.22 in chips) 
Seat 6: chudak1000 ($1.34 in chips) 
Seat 7: M3lo90 ($2.39 in chips) 
Seat 8: GaliRah ($2.45 in chips) 
Seat 9: Tuhtyn ($2.06 in chips) 
M3lo90: posts small blind $0.01
GaliRah: posts big blind $0.02
Sunpower333: sits out 
*** HOLE CARDS ***
Dealt to Dorex2007 [Jc 8d]
Tuhtyn: folds 
Strdn: folds 
Dorex2007: folds 
mathplayer: folds 
Tobinhoyo: raises $0.02 to $0.04
chudak1000: folds 
M3lo90: calls $0.03
GaliRah: calls $0.02
*** FLOP *** [8h Ks 9d]
M3lo90: bets $0.06
GaliRah: folds 
Tobinhoyo: calls $0.06
*** TURN *** [8h Ks 9d] [7c]
M3lo90: bets $0.06
Tobinhoyo: raises $0.06 to $0.12
M3lo90: calls $0.06
*** RIVER *** [8h Ks 9d 7c] [4c]
M3lo90: bets $0.06
Tobinhoyo: raises $0.44 to $0.50
M3lo90: folds 
Uncalled bet ($0.44) returned to Tobinhoyo
Tobinhoyo collected $0.58 from pot
*** SUMMARY ***
Total pot $0.60 | Rake $0.02 
Board [8h Ks 9d 7c 4c]
Seat 1: Strdn folded before Flop (didn't bet)
Seat 3: Dorex2007 folded before Flop (didn't bet)
Seat 4: mathplayer folded before Flop (didn't bet)
Seat 5: Tobinhoyo collected ($0.58)
Seat 6: chudak1000 (button) folded before Flop (didn't bet)
Seat 7: M3lo90 (small blind) folded on the River
Seat 8: GaliRah (big blind) folded on the Flop
Seat 9: Tuhtyn folded before Flop (didn't bet)



PokerStars Hand #228361667008:  Hold'em No Limit ($0.01/$0.02 USD) - 2021/07/17 11:20:15 PT [2021/07/17 14:20:15 ET]
Table 'Ursula II' 9-max Seat #7 is the button
Seat 1: Strdn ($2 in chips) 
Seat 3: Dorex2007 ($2.40 in chips) 
Seat 4: mathplayer ($2 in chips) 
Seat 5: Tobinhoyo ($2.52 in chips) 
Seat 6: chudak1000 ($1.34 in chips) 
Seat 7: M3lo90 ($2.11 in chips) 
Seat 8: GaliRah ($2.41 in chips) 
Seat 9: Tuhtyn ($2.06 in chips) 
GaliRah: posts small blind $0.01
Tuhtyn: posts big blind $0.02
*** HOLE CARDS ***
Dealt to Dorex2007 [4s Ah]
Strdn: folds 
Dorex2007: folds 
mathplayer: folds 
Tobinhoyo: raises $0.02 to $0.04
chudak1000: calls $0.04
M3lo90: calls $0.04
GaliRah: calls $0.03
Tuhtyn: folds 
*** FLOP *** [Qh 3s 8d]
GaliRah: checks 
Tobinhoyo: checks 
chudak1000: bets $0.09
M3lo90: calls $0.09
GaliRah: folds 
Tobinhoyo: folds 
*** TURN *** [Qh 3s 8d] [2s]
chudak1000: bets $0.18
M3lo90: calls $0.18
*** RIVER *** [Qh 3s 8d 2s] [3c]
chudak1000: bets $0.10
M3lo90: raises $1.70 to $1.80 and is all-in
chudak1000: calls $0.93 and is all-in
Uncalled bet ($0.77) returned to M3lo90
*** SHOW DOWN ***
M3lo90: shows [Qd 9d] (two pair, Queens and Threes)
chudak1000: shows [Qs Ad] (two pair, Queens and Threes - Ace kicker)
chudak1000 collected $2.68 from pot
*** SUMMARY ***
Total pot $2.78 | Rake $0.10 
Board [Qh 3s 8d 2s 3c]
Seat 1: Strdn folded before Flop (didn't bet)
Seat 3: Dorex2007 folded before Flop (didn't bet)
Seat 4: mathplayer folded before Flop (didn't bet)
Seat 5: Tobinhoyo folded on the Flop
Seat 6: chudak1000 showed [Qs Ad] and won ($2.68) with two pair, Queens and Threes
Seat 7: M3lo90 (button) showed [Qd 9d] and lost with two pair, Queens and Threes
Seat 8: GaliRah (small blind) folded on the Flop
Seat 9: Tuhtyn (big blind) folded before Flop



PokerStars Hand #228361697818:  Hold'em No Limit ($0.01/$0.02 USD) - 2021/07/17 11:21:25 PT [2021/07/17 14:21:25 ET]
Table 'Ursula II' 9-max Seat #8 is the button
Seat 1: Strdn ($2 in chips) 
Seat 3: Dorex2007 ($2.40 in chips) 
Seat 4: mathplayer ($2 in chips) 
Seat 5: Tobinhoyo ($2.48 in chips) 
Seat 6: chudak1000 ($2.68 in chips) 
Seat 7: M3lo90 ($0.77 in chips) 
Seat 8: GaliRah ($2.37 in chips) 
Seat 9: Tuhtyn ($2.04 in chips) 
Tuhtyn: posts small blind $0.01
Strdn: posts big blind $0.02
*** HOLE CARDS ***
Dealt to Dorex2007 [Ad Qc]
Dorex2007: raises $0.02 to $0.04
mathplayer: folds 
Tobinhoyo: calls $0.04
chudak1000: raises $0.06 to $0.10
M3lo90: calls $0.10
GaliRah: folds 
Tuhtyn: folds 
Strdn: folds 
Dorex2007: calls $0.06
Tobinhoyo: calls $0.06
*** FLOP *** [9c 8s 4s]
Dorex2007: checks 
Tobinhoyo: checks 
chudak1000: checks 
M3lo90: bets $0.04
Dorex2007: calls $0.04
Tobinhoyo: calls $0.04
chudak1000: folds 
*** TURN *** [9c 8s 4s] [4c]
Tobinhoyo said, "wwwwwwwwwwwwwwwwwwwwwwwww"
Dorex2007: checks 
Tobinhoyo: checks 
M3lo90: checks 
*** RIVER *** [9c 8s 4s 4c] [4d]
Dorex2007: bets $0.53
Tobinhoyo: folds 
mathplayer leaves the table
M3lo90: folds 
Uncalled bet ($0.53) returned to Dorex2007
Dorex2007 collected $0.53 from pot
Dorex2007: doesn't show hand 
*** SUMMARY ***
Total pot $0.55 | Rake $0.02 
Board [9c 8s 4s 4c 4d]
Seat 1: Strdn (big blind) folded before Flop
Seat 3: Dorex2007 collected ($0.53)
Seat 4: mathplayer folded before Flop (didn't bet)
Seat 5: Tobinhoyo folded on the River
Seat 6: chudak1000 folded on the Flop
Seat 7: M3lo90 folded on the River
Seat 8: GaliRah (button) folded before Flop (didn't bet)
Seat 9: Tuhtyn (small blind) folded before Flop



PokerStars Hand #228361740813:  Hold'em No Limit ($0.01/$0.02 USD) - 2021/07/17 11:23:01 PT [2021/07/17 14:23:01 ET]
Table 'Ursula II' 9-max Seat #9 is the button
Seat 1: Strdn ($2 in chips) 
Seat 3: Dorex2007 ($2.79 in chips) 
Seat 5: Tobinhoyo ($2.34 in chips) 
Seat 6: chudak1000 ($2.58 in chips) 
Seat 7: M3lo90 ($0.63 in chips) 
Seat 8: GaliRah ($2.37 in chips) 
Seat 9: Tuhtyn ($2.03 in chips) 
Strdn: posts small blind $0.01
Dorex2007: posts big blind $0.02
*** HOLE CARDS ***
Dealt to Dorex2007 [4d 4h]
Tobinhoyo: folds 
chudak1000: folds 
M3lo90: raises $0.04 to $0.06
GaliRah: folds 
Tuhtyn: folds 
Strdn: folds 
Dorex2007: calls $0.04
*** FLOP *** [Qs 5c Td]
Dorex2007: checks 
M3lo90: bets $0.07
Dorex2007: folds 
Uncalled bet ($0.07) returned to M3lo90
M3lo90 collected $0.13 from pot
M3lo90: doesn't show hand 
*** SUMMARY ***
Total pot $0.13 | Rake $0 
Board [Qs 5c Td]
Seat 1: Strdn (small blind) folded before Flop
Seat 3: Dorex2007 (big blind) folded on the Flop
Seat 5: Tobinhoyo folded before Flop (didn't bet)
Seat 6: chudak1000 folded before Flop (didn't bet)
Seat 7: M3lo90 collected ($0.13)
Seat 8: GaliRah folded before Flop (didn't bet)
Seat 9: Tuhtyn (button) folded before Flop (didn't bet)



PokerStars Hand #228361756927:  Hold'em No Limit ($0.01/$0.02 USD) - 2021/07/17 11:23:38 PT [2021/07/17 14:23:38 ET]
Table 'Ursula II' 9-max Seat #1 is the button
Seat 1: Strdn ($2 in chips) 
Seat 3: Dorex2007 ($2.73 in chips) 
Seat 5: Tobinhoyo ($2.34 in chips) 
Seat 6: chudak1000 ($2.58 in chips) 
Seat 7: M3lo90 ($0.70 in chips) 
Seat 8: GaliRah ($2.37 in chips) 
Seat 9: Tuhtyn ($2.03 in chips) 
Dorex2007: posts small blind $0.01
Tobinhoyo: posts big blind $0.02
*** HOLE CARDS ***
Dealt to Dorex2007 [3d Qs]
chudak1000: folds 
Edymais2 joins the table at seat #4 
M3lo90: raises $0.04 to $0.06
GaliRah: calls $0.06
Tuhtyn: calls $0.06
Strdn: folds 
Dorex2007: folds 
Tobinhoyo: folds 
*** FLOP *** [6c Ac Qd]
M3lo90: bets $0.08
GaliRah: calls $0.08
Tuhtyn: folds 
*** TURN *** [6c Ac Qd] [Ah]
M3lo90: bets $0.10
GaliRah: folds 
Uncalled bet ($0.10) returned to M3lo90
M3lo90 collected $0.36 from pot
M3lo90: doesn't show hand 
*** SUMMARY ***
Total pot $0.37 | Rake $0.01 
Board [6c Ac Qd Ah]
Seat 1: Strdn (button) folded before Flop (didn't bet)
Seat 3: Dorex2007 (small blind) folded before Flop
Seat 5: Tobinhoyo (big blind) folded before Flop
Seat 6: chudak1000 folded before Flop (didn't bet)
Seat 7: M3lo90 collected ($0.36)
Seat 8: GaliRah folded on the Turn
Seat 9: Tuhtyn folded on the Flop



PokerStars Hand #228361775929:  Hold'em No Limit ($0.01/$0.02 USD) - 2021/07/17 11:24:12 PT [2021/07/17 14:24:12 ET]
Table 'Ursula II' 9-max Seat #3 is the button
Seat 1: Strdn ($2 in chips) 
Seat 3: Dorex2007 ($2.72 in chips) 
Seat 5: Tobinhoyo ($2.32 in chips) 
Seat 6: chudak1000 ($2.58 in chips) 
Seat 7: M3lo90 ($0.92 in chips) 
Seat 8: GaliRah ($2.23 in chips) 
Seat 9: Tuhtyn ($1.97 in chips) 
Tobinhoyo: posts small blind $0.01
chudak1000: posts big blind $0.02
*** HOLE CARDS ***
Dealt to Dorex2007 [8d Kh]
M3lo90: calls $0.02
GaliRah: folds 
Tuhtyn: folds 
Strdn: folds 
Dorex2007: folds 
Tobinhoyo: calls $0.01
chudak1000: checks 
*** FLOP *** [Qc 2h Jd]
Tobinhoyo: checks 
chudak1000: bets $0.02
M3lo90: raises $0.04 to $0.06
Tobinhoyo: folds 
chudak1000: calls $0.04
*** TURN *** [Qc 2h Jd] [2s]
chudak1000: bets $0.02
M3lo90: raises $0.11 to $0.13
chudak1000: folds 
Uncalled bet ($0.11) returned to M3lo90
M3lo90 collected $0.21 from pot
M3lo90: doesn't show hand 
*** SUMMARY ***
Total pot $0.22 | Rake $0.01 
Board [Qc 2h Jd 2s]
Seat 1: Strdn folded before Flop (didn't bet)
Seat 3: Dorex2007 (button) folded before Flop (didn't bet)
Seat 5: Tobinhoyo (small blind) folded on the Flop
Seat 6: chudak1000 (big blind) folded on the Turn
Seat 7: M3lo90 collected ($0.21)
Seat 8: GaliRah folded before Flop (didn't bet)
Seat 9: Tuhtyn folded before Flop (didn't bet)



PokerStars Hand #228361792754:  Hold'em No Limit ($0.01/$0.02 USD) - 2021/07/17 11:24:51 PT [2021/07/17 14:24:51 ET]
Table 'Ursula II' 9-max Seat #5 is the button
Seat 1: Strdn ($2 in chips) 
Seat 3: Dorex2007 ($2.72 in chips) 
Seat 4: Edymais2 ($1.60 in chips) 
Seat 5: Tobinhoyo ($2.30 in chips) 
Seat 6: chudak1000 ($2.48 in chips) 
Seat 7: M3lo90 ($1.03 in chips) 
Seat 8: GaliRah ($2.23 in chips) 
Seat 9: Tuhtyn ($1.97 in chips) 
chudak1000: posts small blind $0.01
M3lo90: posts big blind $0.02
Sunpower333: sits out 
Edymais2: posts big blind $0.02
*** HOLE CARDS ***
Dealt to Dorex2007 [Ac Th]
GaliRah: folds 
GaliRah leaves the table
Tuhtyn: folds 
Strdn: folds 
Dorex2007: calls $0.02
Edymais2: checks 
TheTreffer joins the table at seat #8 
Tobinhoyo has timed out
Tobinhoyo: folds 
chudak1000: calls $0.01
M3lo90: raises $0.02 to $0.04
Dorex2007: calls $0.02
Edymais2: folds 
chudak1000: folds 
*** FLOP *** [8s 9h 7d]
M3lo90: bets $0.06
Dorex2007: calls $0.06
*** TURN *** [8s 9h 7d] [Kd]
M3lo90: bets $0.16
Dorex2007: folds 
Uncalled bet ($0.16) returned to M3lo90
M3lo90 collected $0.23 from pot
M3lo90: doesn't show hand 
*** SUMMARY ***
Total pot $0.24 | Rake $0.01 
Board [8s 9h 7d Kd]
Seat 1: Strdn folded before Flop (didn't bet)
Seat 3: Dorex2007 folded on the Turn
Seat 4: Edymais2 folded before Flop (didn't bet)
Seat 5: Tobinhoyo (button) folded before Flop (didn't bet)
Seat 6: chudak1000 (small blind) folded before Flop
Seat 7: M3lo90 (big blind) collected ($0.23)
Seat 8: GaliRah folded before Flop (didn't bet)
Seat 9: Tuhtyn folded before Flop (didn't bet)



PokerStars Hand #228361823036:  Hold'em No Limit ($0.01/$0.02 USD) - 2021/07/17 11:26:00 PT [2021/07/17 14:26:00 ET]
Table 'Ursula II' 9-max Seat #6 is the button
Seat 1: Strdn ($2 in chips) 
Seat 3: Dorex2007 ($2.62 in chips) 
Seat 4: Edymais2 ($1.58 in chips) 
Seat 6: chudak1000 ($2.46 in chips) 
Seat 7: M3lo90 ($1.16 in chips) 
Seat 8: TheTreffer ($1.60 in chips) 
Seat 9: Tuhtyn ($1.97 in chips) 
M3lo90: posts small blind $0.01
TheTreffer: posts big blind $0.02
Sunpower333: sits out 
*** HOLE CARDS ***
Dealt to Dorex2007 [7h 5s]
Tuhtyn: calls $0.02
Strdn: folds 
Dorex2007: folds 
Edymais2: calls $0.02
chudak1000: folds 
M3lo90: calls $0.01
TheTreffer: checks 
*** FLOP *** [5h Tc Td]
M3lo90: checks 
TheTreffer: checks 
Tuhtyn: checks 
Edymais2: checks 
*** TURN *** [5h Tc Td] [Ac]
M3lo90: checks 
TheTreffer: bets $0.04
Tuhtyn: calls $0.04
Edymais2: folds 
M3lo90: folds 
*** RIVER *** [5h Tc Td Ac] [6c]
TheTreffer: checks 
Tuhtyn: checks 
*** SHOW DOWN ***
TheTreffer: shows [5d 2h] (two pair, Tens and Fives)
Tuhtyn: shows [Jh As] (two pair, Aces and Tens)
Tuhtyn collected $0.15 from pot
*** SUMMARY ***
Total pot $0.16 | Rake $0.01 
Board [5h Tc Td Ac 6c]
Seat 1: Strdn folded before Flop (didn't bet)
Seat 3: Dorex2007 folded before Flop (didn't bet)
Seat 4: Edymais2 folded on the Turn
Seat 6: chudak1000 (button) folded before Flop (didn't bet)
Seat 7: M3lo90 (small blind) folded on the Turn
Seat 8: TheTreffer (big blind) showed [5d 2h] and lost with two pair, Tens and Fives
Seat 9: Tuhtyn showed [Jh As] and won ($0.15) with two pair, Aces and Tens



PokerStars Hand #228361841960:  Hold'em No Limit ($0.01/$0.02 USD) - 2021/07/17 11:26:44 PT [2021/07/17 14:26:44 ET]
Table 'Ursula II' 9-max Seat #7 is the button
Seat 1: Strdn ($2 in chips) 
Seat 3: Dorex2007 ($2.62 in chips) 
Seat 4: Edymais2 ($1.56 in chips) 
Seat 6: chudak1000 ($2.46 in chips) 
Seat 7: M3lo90 ($1.14 in chips) 
Seat 8: TheTreffer ($1.54 in chips) 
Seat 9: Tuhtyn ($2.06 in chips) 
TheTreffer: posts small blind $0.01
Tuhtyn: posts big blind $0.02
Sunpower333: sits out 
*** HOLE CARDS ***
Dealt to Dorex2007 [2s 2c]
Strdn has timed out
Strdn: folds 
Dorex2007: calls $0.02
Edymais2: raises $0.02 to $0.04
chudak1000: folds 
M3lo90: folds 
TheTreffer: folds 
Tuhtyn: folds 
Dorex2007: calls $0.02
*** FLOP *** [Qs 4h Tc]
Dorex2007: checks 
Edymais2: bets $0.02
Dorex2007: calls $0.02
*** TURN *** [Qs 4h Tc] [7h]
Dorex2007: checks 
Edymais2: bets $0.02
Dorex2007: calls $0.02
*** RIVER *** [Qs 4h Tc 7h] [Qh]
Dorex2007: checks 
Edymais2: bets $1.48 and is all-in
Dorex2007: folds 
Uncalled bet ($1.48) returned to Edymais2
Edymais2 collected $0.18 from pot
Edymais2: doesn't show hand 
*** SUMMARY ***
Total pot $0.19 | Rake $0.01 
Board [Qs 4h Tc 7h Qh]
Seat 1: Strdn folded before Flop (didn't bet)
Seat 3: Dorex2007 folded on the River
Seat 4: Edymais2 collected ($0.18)
Seat 6: chudak1000 folded before Flop (didn't bet)
Seat 7: M3lo90 (button) folded before Flop (didn't bet)
Seat 8: TheTreffer (small blind) folded before Flop
Seat 9: Tuhtyn (big blind) folded before Flop



PokerStars Hand #228361869325:  Hold'em No Limit ($0.01/$0.02 USD) - 2021/07/17 11:27:31 PT [2021/07/17 14:27:31 ET]
Table 'Ursula II' 9-max Seat #8 is the button
Seat 2: Sunpower333 ($4.77 in chips) 
Seat 3: Dorex2007 ($2.54 in chips) 
Seat 4: Edymais2 ($1.66 in chips) 
Seat 6: chudak1000 ($2.46 in chips) 
Seat 7: M3lo90 ($1.14 in chips) 
Seat 8: TheTreffer ($1.53 in chips) 
Seat 9: Tuhtyn ($2.04 in chips) 
Tuhtyn: posts small blind $0.01
Strdn: is sitting out 
Sunpower333: posts big blind $0.02
*** HOLE CARDS ***
Dealt to Dorex2007 [Tc 3s]
Dorex2007: folds 
Edymais2: folds 
Strdn leaves the table
chudak1000: folds 
M3lo90: folds 
TheTreffer: folds 
cosmo2608 joins the table at seat #1 
Tuhtyn: calls $0.01
Sunpower333: checks 
*** FLOP *** [3h 6h Qc]
Tuhtyn: checks 
Sunpower333: checks 
*** TURN *** [3h 6h Qc] [Ad]
Tuhtyn: checks 
Sunpower333: bets $0.04
Tuhtyn: folds 
Uncalled bet ($0.04) returned to Sunpower333
Sunpower333 collected $0.04 from pot
*** SUMMARY ***
Total pot $0.04 | Rake $0 
Board [3h 6h Qc Ad]
Seat 2: Sunpower333 (big blind) collected ($0.04)
Seat 3: Dorex2007 folded before Flop (didn't bet)
Seat 4: Edymais2 folded before Flop (didn't bet)
Seat 6: chudak1000 folded before Flop (didn't bet)
Seat 7: M3lo90 folded before Flop (didn't bet)
Seat 8: TheTreffer (button) folded before Flop (didn't bet)
Seat 9: Tuhtyn (small blind) folded on the Turn



PokerStars Hand #228361886237:  Hold'em No Limit ($0.01/$0.02 USD) - 2021/07/17 11:28:10 PT [2021/07/17 14:28:10 ET]
Table 'Ursula II' 9-max Seat #9 is the button
Seat 2: Sunpower333 ($4.79 in chips) 
Seat 3: Dorex2007 ($2.54 in chips) 
Seat 4: Edymais2 ($1.66 in chips) 
Seat 6: chudak1000 ($2.46 in chips) 
Seat 7: M3lo90 ($1.14 in chips) 
Seat 8: TheTreffer ($1.53 in chips) 
Seat 9: Tuhtyn ($2.02 in chips) 
Sunpower333: posts small blind $0.01
Dorex2007: posts big blind $0.02
*** HOLE CARDS ***
Dealt to Dorex2007 [7c 6d]
Edymais2: calls $0.02
chudak1000: folds 
M3lo90: folds 
TheTreffer: folds 
Tuhtyn: calls $0.02
Sunpower333: folds 
Dorex2007: checks 
*** FLOP *** [3s 8d Qs]
Dorex2007: checks 
Edymais2: bets $0.02
Tuhtyn: folds 
Dorex2007: folds 
Uncalled bet ($0.02) returned to Edymais2
Edymais2 collected $0.07 from pot
Edymais2: doesn't show hand 
*** SUMMARY ***
Total pot $0.07 | Rake $0 
Board [3s 8d Qs]
Seat 2: Sunpower333 (small blind) folded before Flop
Seat 3: Dorex2007 (big blind) folded on the Flop
Seat 4: Edymais2 collected ($0.07)
Seat 6: chudak1000 folded before Flop (didn't bet)
Seat 7: M3lo90 folded before Flop (didn't bet)
Seat 8: TheTreffer folded before Flop (didn't bet)
Seat 9: Tuhtyn (button) folded on the Flop



PokerStars Hand #228361903569:  Hold'em No Limit ($0.01/$0.02 USD) - 2021/07/17 11:28:50 PT [2021/07/17 14:28:50 ET]
Table 'Ursula II' 9-max Seat #2 is the button
Seat 2: Sunpower333 ($4.78 in chips) 
Seat 3: Dorex2007 ($2.52 in chips) 
Seat 4: Edymais2 ($1.71 in chips) 
Seat 6: chudak1000 ($2.46 in chips) 
Seat 7: M3lo90 ($1.14 in chips) 
Seat 8: TheTreffer ($1.53 in chips) 
Seat 9: Tuhtyn ($2 in chips) 
Dorex2007: posts small blind $0.01
Edymais2: posts big blind $0.02
cosmo2608: sits out 
*** HOLE CARDS ***
Dealt to Dorex2007 [Th Tc]
chudak1000: folds 
M3lo90: folds 
TheTreffer: calls $0.02
Tuhtyn: folds 
Sunpower333: raises $0.04 to $0.06
Dorex2007: calls $0.05
Edymais2: folds 
TheTreffer: folds 
*** FLOP *** [2d 7h As]
Dorex2007: bets $0.10
Sunpower333: calls $0.10
*** TURN *** [2d 7h As] [8c]
Dorex2007: checks 
Sunpower333: bets $0.35
Dorex2007: folds 
Uncalled bet ($0.35) returned to Sunpower333
Sunpower333 collected $0.35 from pot
*** SUMMARY ***
Total pot $0.36 | Rake $0.01 
Board [2d 7h As 8c]
Seat 2: Sunpower333 (button) collected ($0.35)
Seat 3: Dorex2007 (small blind) folded on the Turn
Seat 4: Edymais2 (big blind) folded before Flop
Seat 6: chudak1000 folded before Flop (didn't bet)
Seat 7: M3lo90 folded before Flop (didn't bet)
Seat 8: TheTreffer folded before Flop
Seat 9: Tuhtyn folded before Flop (didn't bet)



PokerStars Hand #228361924020:  Hold'em No Limit ($0.01/$0.02 USD) - 2021/07/17 11:29:38 PT [2021/07/17 14:29:38 ET]
Table 'Ursula II' 9-max Seat #3 is the button
Seat 2: Sunpower333 ($4.97 in chips) 
Seat 3: Dorex2007 ($2.36 in chips) 
Seat 4: Edymais2 ($1.69 in chips) 
Seat 5: Tobinhoyo ($2.30 in chips) 
Seat 6: chudak1000 ($2.46 in chips) 
Seat 7: M3lo90 ($1.14 in chips) 
Seat 8: TheTreffer ($1.51 in chips) 
Seat 9: Tuhtyn ($2 in chips) 
Edymais2: posts small blind $0.01
Tobinhoyo: posts big blind $0.02
cosmo2608: sits out 
*** HOLE CARDS ***
Dealt to Dorex2007 [2c Tc]
chudak1000: folds 
M3lo90: raises $0.02 to $0.04
TheTreffer: calls $0.04
Tuhtyn: folds 
Sunpower333: calls $0.04
Dorex2007: folds 
Edymais2: folds 
Tobinhoyo: folds 
*** FLOP *** [6h 3c Kc]
M3lo90: bets $0.07
TheTreffer: folds 
Sunpower333: folds 
Uncalled bet ($0.07) returned to M3lo90
M3lo90 collected $0.14 from pot
M3lo90: doesn't show hand 
*** SUMMARY ***
Total pot $0.15 | Rake $0.01 
Board [6h 3c Kc]
Seat 2: Sunpower333 folded on the Flop
Seat 3: Dorex2007 (button) folded before Flop (didn't bet)
Seat 4: Edymais2 (small blind) folded before Flop
Seat 5: Tobinhoyo (big blind) folded before Flop
Seat 6: chudak1000 folded before Flop (didn't bet)
Seat 7: M3lo90 collected ($0.14)
Seat 8: TheTreffer folded on the Flop
Seat 9: Tuhtyn folded before Flop (didn't bet)



PokerStars Hand #228361936979:  Hold'em No Limit ($0.01/$0.02 USD) - 2021/07/17 11:30:06 PT [2021/07/17 14:30:06 ET]
Table 'Ursula II' 9-max Seat #4 is the button
Seat 2: Sunpower333 ($4.93 in chips) 
Seat 3: Dorex2007 ($2.36 in chips) 
Seat 4: Edymais2 ($1.68 in chips) 
Seat 5: Tobinhoyo ($2.28 in chips) 
Seat 6: chudak1000 ($2.46 in chips) 
Seat 7: M3lo90 ($1.24 in chips) 
Seat 8: TheTreffer ($1.47 in chips) 
Seat 9: Tuhtyn ($2 in chips) 
Tobinhoyo: posts small blind $0.01
chudak1000: posts big blind $0.02
cosmo2608: sits out 
*** HOLE CARDS ***
Dealt to Dorex2007 [Tc 5d]
M3lo90: folds 
TheTreffer: calls $0.02
Tuhtyn: folds 
Sunpower333: folds 
Dorex2007: folds 
Edymais2: folds 
Tobinhoyo: folds 
chudak1000: checks 
*** FLOP *** [7c Ad 7h]
chudak1000: bets $0.02
TheTreffer: calls $0.02
*** TURN *** [7c Ad 7h] [5c]
chudak1000: bets $0.02
TheTreffer: raises $0.02 to $0.04
chudak1000: calls $0.02
*** RIVER *** [7c Ad 7h 5c] [Jh]
chudak1000: bets $0.02
TheTreffer: calls $0.02
*** SHOW DOWN ***
chudak1000: shows [As 2s] (two pair, Aces and Sevens)
TheTreffer: shows [9d Ac] (two pair, Aces and Sevens)
chudak1000 collected $0.10 from pot
TheTreffer collected $0.10 from pot
*** SUMMARY ***
Total pot $0.21 | Rake $0.01 
Board [7c Ad 7h 5c Jh]
Seat 2: Sunpower333 folded before Flop (didn't bet)
Seat 3: Dorex2007 folded before Flop (didn't bet)
Seat 4: Edymais2 (button) folded before Flop (didn't bet)
Seat 5: Tobinhoyo (small blind) folded before Flop
Seat 6: chudak1000 (big blind) showed [As 2s] and won ($0.10) with two pair, Aces and Sevens
Seat 7: M3lo90 folded before Flop (didn't bet)
Seat 8: TheTreffer showed [9d Ac] and won ($0.10) with two pair, Aces and Sevens
Seat 9: Tuhtyn folded before Flop (didn't bet)



PokerStars Hand #228361951447:  Hold'em No Limit ($0.01/$0.02 USD) - 2021/07/17 11:30:39 PT [2021/07/17 14:30:39 ET]
Table 'Ursula II' 9-max Seat #5 is the button
Seat 2: Sunpower333 ($4.93 in chips) 
Seat 3: Dorex2007 ($2.36 in chips) 
Seat 4: Edymais2 ($1.68 in chips) 
Seat 5: Tobinhoyo ($2.27 in chips) 
Seat 6: chudak1000 ($2.46 in chips) 
Seat 7: M3lo90 ($1.24 in chips) 
Seat 8: TheTreffer ($1.47 in chips) 
Seat 9: Tuhtyn ($2 in chips) 
chudak1000: posts small blind $0.01
M3lo90: posts big blind $0.02
cosmo2608: sits out 
*** HOLE CARDS ***
Dealt to Dorex2007 [3d Kh]
TheTreffer: calls $0.02
Tuhtyn: folds 
Sunpower333: folds 
Dorex2007: folds 
Edymais2: folds 
Tobinhoyo: folds 
chudak1000: calls $0.01
M3lo90: raises $0.08 to $0.10
TheTreffer: calls $0.08
chudak1000: folds 
*** FLOP *** [9c 6c 2h]
M3lo90: bets $0.11
TheTreffer: folds 
Uncalled bet ($0.11) returned to M3lo90
M3lo90 collected $0.21 from pot
M3lo90: doesn't show hand 
*** SUMMARY ***
Total pot $0.22 | Rake $0.01 
Board [9c 6c 2h]
Seat 2: Sunpower333 folded before Flop (didn't bet)
Seat 3: Dorex2007 folded before Flop (didn't bet)
Seat 4: Edymais2 folded before Flop (didn't bet)
Seat 5: Tobinhoyo (button) folded before Flop (didn't bet)
Seat 6: chudak1000 (small blind) folded before Flop
Seat 7: M3lo90 (big blind) collected ($0.21)
Seat 8: TheTreffer folded on the Flop
Seat 9: Tuhtyn folded before Flop (didn't bet)



PokerStars Hand #228361976299:  Hold'em No Limit ($0.01/$0.02 USD) - 2021/07/17 11:31:35 PT [2021/07/17 14:31:35 ET]
Table 'Ursula II' 9-max Seat #6 is the button
Seat 2: Sunpower333 ($4.93 in chips) 
Seat 3: Dorex2007 ($2.36 in chips) 
Seat 4: Edymais2 ($1.68 in chips) 
Seat 5: Tobinhoyo ($2.27 in chips) 
Seat 6: chudak1000 ($2.44 in chips) 
Seat 7: M3lo90 ($1.35 in chips) 
Seat 8: TheTreffer ($1.37 in chips) 
Seat 9: Tuhtyn ($2 in chips) 
M3lo90: posts small blind $0.01
TheTreffer: posts big blind $0.02
cosmo2608: sits out 
*** HOLE CARDS ***
Dealt to Dorex2007 [Ah Qc]
Tuhtyn: folds 
Sunpower333: folds 
Dorex2007: raises $0.04 to $0.06
Edymais2: folds 
Tobinhoyo: calls $0.06
chudak1000: raises $0.10 to $0.16
M3lo90: folds 
TheTreffer: folds 
Dorex2007: calls $0.10
Tobinhoyo: calls $0.10
*** FLOP *** [3h 4c Jd]
Dorex2007: bets $0.25
Tobinhoyo: folds 
chudak1000: folds 
Uncalled bet ($0.25) returned to Dorex2007
Dorex2007 collected $0.49 from pot
Dorex2007: doesn't show hand 
*** SUMMARY ***
Total pot $0.51 | Rake $0.02 
Board [3h 4c Jd]
Seat 2: Sunpower333 folded before Flop (didn't bet)
Seat 3: Dorex2007 collected ($0.49)
Seat 4: Edymais2 folded before Flop (didn't bet)
Seat 5: Tobinhoyo folded on the Flop
Seat 6: chudak1000 (button) folded on the Flop
Seat 7: M3lo90 (small blind) folded before Flop
Seat 8: TheTreffer (big blind) folded before Flop
Seat 9: Tuhtyn folded before Flop (didn't bet)



PokerStars Hand #228362001361:  Hold'em No Limit ($0.01/$0.02 USD) - 2021/07/17 11:32:31 PT [2021/07/17 14:32:31 ET]
Table 'Ursula II' 9-max Seat #7 is the button
Seat 2: Sunpower333 ($4.93 in chips) 
Seat 3: Dorex2007 ($2.69 in chips) 
Seat 4: Edymais2 ($1.68 in chips) 
Seat 5: Tobinhoyo ($2.11 in chips) 
Seat 6: chudak1000 ($2.28 in chips) 
Seat 7: M3lo90 ($1.34 in chips) 
Seat 8: TheTreffer ($1.35 in chips) 
Seat 9: Tuhtyn ($2 in chips) 
TheTreffer: posts small blind $0.01
Tuhtyn: posts big blind $0.02
cosmo2608: sits out 
*** HOLE CARDS ***
Dealt to Dorex2007 [Jd 6d]
Sunpower333: calls $0.02
Dorex2007: folds 
Edymais2: folds 
Tobinhoyo: folds 
chudak1000: folds 
M3lo90: raises $0.02 to $0.04
TheTreffer: folds 
Tuhtyn: folds 
Sunpower333: calls $0.02
*** FLOP *** [2h 8h 2s]
Sunpower333: checks 
M3lo90: bets $0.08
Sunpower333: calls $0.08
*** TURN *** [2h 8h 2s] [Qh]
Sunpower333: checks 
M3lo90: bets $0.13
Sunpower333: calls $0.13
*** RIVER *** [2h 8h 2s Qh] [3c]
Sunpower333: bets $0.70
M3lo90: raises $0.39 to $1.09 and is all-in
Sunpower333: calls $0.39
*** SHOW DOWN ***
M3lo90: shows [2c Ks] (three of a kind, Deuces)
Sunpower333: shows [7h Ah] (a flush, Ace high)
Sunpower333 collected $2.62 from pot
*** SUMMARY ***
Total pot $2.71 | Rake $0.09 
Board [2h 8h 2s Qh 3c]
Seat 2: Sunpower333 showed [7h Ah] and won ($2.62) with a flush, Ace high
Seat 3: Dorex2007 folded before Flop (didn't bet)
Seat 4: Edymais2 folded before Flop (didn't bet)
Seat 5: Tobinhoyo folded before Flop (didn't bet)
Seat 6: chudak1000 folded before Flop (didn't bet)
Seat 7: M3lo90 (button) showed [2c Ks] and lost with three of a kind, Deuces
Seat 8: TheTreffer (small blind) folded before Flop
Seat 9: Tuhtyn (big blind) folded before Flop



PokerStars Hand #228362039360:  Hold'em No Limit ($0.01/$0.02 USD) - 2021/07/17 11:33:56 PT [2021/07/17 14:33:56 ET]
Table 'Ursula II' 9-max Seat #8 is the button
Seat 1: cosmo2608 ($2 in chips) 
Seat 2: Sunpower333 ($6.21 in chips) 
Seat 3: Dorex2007 ($2.69 in chips) 
Seat 4: Edymais2 ($1.68 in chips) 
Seat 5: Tobinhoyo ($2.11 in chips) 
Seat 6: chudak1000 ($2.28 in chips) 
Seat 8: TheTreffer ($1.34 in chips) 
Seat 9: Tuhtyn ($1.98 in chips) 
Tuhtyn: posts small blind $0.01
cosmo2608: posts big blind $0.02
*** HOLE CARDS ***
Dealt to Dorex2007 [As 2d]
Sunpower333: folds 
Dorex2007: folds 
Edymais2: folds 
Tobinhoyo: folds 
chudak1000: folds 
TheTreffer: calls $0.02
Tuhtyn: folds 
M3lo90 leaves the table
mathplayer joins the table at seat #7 
cosmo2608: checks 
*** FLOP *** [4s Js Ah]
cosmo2608: checks 
TheTreffer: bets $0.04
cosmo2608: folds 
Uncalled bet ($0.04) returned to TheTreffer
TheTreffer collected $0.05 from pot
TheTreffer: doesn't show hand 
*** SUMMARY ***
Total pot $0.05 | Rake $0 
Board [4s Js Ah]
Seat 1: cosmo2608 (big blind) folded on the Flop
Seat 2: Sunpower333 folded before Flop (didn't bet)
Seat 3: Dorex2007 folded before Flop (didn't bet)
Seat 4: Edymais2 folded before Flop (didn't bet)
Seat 5: Tobinhoyo folded before Flop (didn't bet)
Seat 6: chudak1000 folded before Flop (didn't bet)
Seat 8: TheTreffer (button) collected ($0.05)
Seat 9: Tuhtyn (small blind) folded before Flop



PokerStars Hand #228362066545:  Hold'em No Limit ($0.01/$0.02 USD) - 2021/07/17 11:34:57 PT [2021/07/17 14:34:57 ET]
Table 'Ursula II' 9-max Seat #9 is the button
Seat 1: cosmo2608 ($2 in chips) 
Seat 2: Sunpower333 ($6.21 in chips) 
Seat 3: Dorex2007 ($2.69 in chips) 
Seat 4: Edymais2 ($1.68 in chips) 
Seat 5: Tobinhoyo ($2.11 in chips) 
Seat 6: chudak1000 ($2.28 in chips) 
Seat 8: TheTreffer ($1.37 in chips) 
Seat 9: Tuhtyn ($1.97 in chips) 
cosmo2608: posts small blind $0.01
Sunpower333: posts big blind $0.02
mathplayer: sits out 
*** HOLE CARDS ***
Dealt to Dorex2007 [3d 7h]
Dorex2007: folds 
Edymais2: folds 
Tobinhoyo: folds 
chudak1000: folds 
TheTreffer: calls $0.02
Tuhtyn: folds 
cosmo2608: folds 
Sunpower333: checks 
*** FLOP *** [Ah 2c Qs]
Sunpower333: checks 
TheTreffer: bets $0.04
Sunpower333: folds 
Uncalled bet ($0.04) returned to TheTreffer
TheTreffer collected $0.05 from pot
TheTreffer: doesn't show hand 
*** SUMMARY ***
Total pot $0.05 | Rake $0 
Board [Ah 2c Qs]
Seat 1: cosmo2608 (small blind) folded before Flop
Seat 2: Sunpower333 (big blind) folded on the Flop
Seat 3: Dorex2007 folded before Flop (didn't bet)
Seat 4: Edymais2 folded before Flop (didn't bet)
Seat 5: Tobinhoyo folded before Flop (didn't bet)
Seat 6: chudak1000 folded before Flop (didn't bet)
Seat 8: TheTreffer collected ($0.05)
Seat 9: Tuhtyn (button) folded before Flop (didn't bet)



PokerStars Hand #228362083324:  Hold'em No Limit ($0.01/$0.02 USD) - 2021/07/17 11:35:36 PT [2021/07/17 14:35:36 ET]
Table 'Ursula II' 9-max Seat #1 is the button
Seat 1: cosmo2608 ($2 in chips) 
Seat 2: Sunpower333 ($6.19 in chips) 
Seat 3: Dorex2007 ($2.69 in chips) 
Seat 4: Edymais2 ($1.68 in chips) 
Seat 5: Tobinhoyo ($2.11 in chips) 
Seat 6: chudak1000 ($2.28 in chips) 
Seat 8: TheTreffer ($1.40 in chips) 
Seat 9: Tuhtyn ($1.97 in chips) 
Sunpower333: posts small blind $0.01
Dorex2007: posts big blind $0.02
mathplayer: sits out 
*** HOLE CARDS ***
Dealt to Dorex2007 [3d Qc]
Edymais2: calls $0.02
Tobinhoyo: folds 
chudak1000: folds 
TheTreffer: calls $0.02
Tuhtyn: folds 
cosmo2608: folds 
Sunpower333: folds 
Dorex2007: checks 
*** FLOP *** [2d 9d 6d]
Dorex2007: checks 
Edymais2: bets $0.02
TheTreffer: calls $0.02
Dorex2007: folds 
*** TURN *** [2d 9d 6d] [Jc]
Edymais2: bets $0.11
TheTreffer: folds 
Uncalled bet ($0.11) returned to Edymais2
Edymais2 collected $0.11 from pot
Edymais2: doesn't show hand 
*** SUMMARY ***
Total pot $0.11 | Rake $0 
Board [2d 9d 6d Jc]
Seat 1: cosmo2608 (button) folded before Flop (didn't bet)
Seat 2: Sunpower333 (small blind) folded before Flop
Seat 3: Dorex2007 (big blind) folded on the Flop
Seat 4: Edymais2 collected ($0.11)
Seat 5: Tobinhoyo folded before Flop (didn't bet)
Seat 6: chudak1000 folded before Flop (didn't bet)
Seat 8: TheTreffer folded on the Turn
Seat 9: Tuhtyn folded before Flop (didn't bet)



PokerStars Hand #228362099827:  Hold'em No Limit ($0.01/$0.02 USD) - 2021/07/17 11:36:13 PT [2021/07/17 14:36:13 ET]
Table 'Ursula II' 9-max Seat #2 is the button
Seat 1: cosmo2608 ($2 in chips) 
Seat 2: Sunpower333 ($6.18 in chips) 
Seat 3: Dorex2007 ($2.67 in chips) 
Seat 4: Edymais2 ($1.75 in chips) 
Seat 5: Tobinhoyo ($2.11 in chips) 
Seat 6: chudak1000 ($2.28 in chips) 
Seat 8: TheTreffer ($1.36 in chips) 
Seat 9: Tuhtyn ($1.97 in chips) 
Dorex2007: posts small blind $0.01
Edymais2: posts big blind $0.02
mathplayer: sits out 
*** HOLE CARDS ***
Dealt to Dorex2007 [Js 8c]
Tobinhoyo: folds 
chudak1000: folds 
TheTreffer: calls $0.02
Tuhtyn: raises $0.04 to $0.06
cosmo2608: folds 
Sunpower333: folds 
Dorex2007: folds 
Edymais2: folds 
TheTreffer: calls $0.04
*** FLOP *** [7h 2h 7s]
TheTreffer: checks 
Tuhtyn: checks 
*** TURN *** [7h 2h 7s] [9d]
TheTreffer: checks 
Tuhtyn: checks 
*** RIVER *** [7h 2h 7s 9d] [4d]
TheTreffer: bets $0.04
Tuhtyn: calls $0.04
*** SHOW DOWN ***
TheTreffer: shows [Kc 4c] (two pair, Sevens and Fours)
Tuhtyn: mucks hand 
TheTreffer collected $0.22 from pot
*** SUMMARY ***
Total pot $0.23 | Rake $0.01 
Board [7h 2h 7s 9d 4d]
Seat 1: cosmo2608 folded before Flop (didn't bet)
Seat 2: Sunpower333 (button) folded before Flop (didn't bet)
Seat 3: Dorex2007 (small blind) folded before Flop
Seat 4: Edymais2 (big blind) folded before Flop
Seat 5: Tobinhoyo folded before Flop (didn't bet)
Seat 6: chudak1000 folded before Flop (didn't bet)
Seat 8: TheTreffer showed [Kc 4c] and won ($0.22) with two pair, Sevens and Fours
Seat 9: Tuhtyn mucked [Ah Qh]



PokerStars Hand #228362121589:  Hold'em No Limit ($0.01/$0.02 USD) - 2021/07/17 11:37:02 PT [2021/07/17 14:37:02 ET]
Table 'Ursula II' 9-max Seat #3 is the button
Seat 1: cosmo2608 ($2 in chips) 
Seat 2: Sunpower333 ($6.18 in chips) 
Seat 3: Dorex2007 ($2.66 in chips) 
Seat 4: Edymais2 ($1.73 in chips) 
Seat 5: Tobinhoyo ($2.11 in chips) 
Seat 6: chudak1000 ($2.28 in chips) 
Seat 8: TheTreffer ($1.48 in chips) 
Seat 9: Tuhtyn ($1.87 in chips) 
Edymais2: posts small blind $0.01
Tobinhoyo: posts big blind $0.02
mathplayer: sits out 
*** HOLE CARDS ***
Dealt to Dorex2007 [6h Qc]
chudak1000 has timed out
chudak1000: folds 
TheTreffer: folds 
Tuhtyn: folds 
cosmo2608: folds 
Sunpower333: folds 
Dorex2007: folds 
Edymais2: calls $0.01
Tobinhoyo: checks 
*** FLOP *** [8d Ts 6s]
Edymais2: checks 
Tobinhoyo: checks 
*** TURN *** [8d Ts 6s] [8c]
Edymais2: checks 
Tobinhoyo: checks 
*** RIVER *** [8d Ts 6s 8c] [3s]
Edymais2: bets $0.02
Tobinhoyo: folds 
Uncalled bet ($0.02) returned to Edymais2
Edymais2 collected $0.04 from pot
Edymais2: doesn't show hand 
*** SUMMARY ***
Total pot $0.04 | Rake $0 
Board [8d Ts 6s 8c 3s]
Seat 1: cosmo2608 folded before Flop (didn't bet)
Seat 2: Sunpower333 folded before Flop (didn't bet)
Seat 3: Dorex2007 (button) folded before Flop (didn't bet)
Seat 4: Edymais2 (small blind) collected ($0.04)
Seat 5: Tobinhoyo (big blind) folded on the River
Seat 6: chudak1000 folded before Flop (didn't bet)
Seat 8: TheTreffer folded before Flop (didn't bet)
Seat 9: Tuhtyn folded before Flop (didn't bet)



PokerStars Hand #228362147433:  Hold'em No Limit ($0.01/$0.02 USD) - 2021/07/17 11:37:45 PT [2021/07/17 14:37:45 ET]
Table 'Ursula II' 9-max Seat #4 is the button
Seat 1: cosmo2608 ($2 in chips) 
Seat 2: Sunpower333 ($6.18 in chips) 
Seat 3: Dorex2007 ($2.66 in chips) 
Seat 4: Edymais2 ($1.75 in chips) 
Seat 5: Tobinhoyo ($2.09 in chips) 
Seat 6: chudak1000 ($2.28 in chips) 
Seat 8: TheTreffer ($1.48 in chips) 
Seat 9: Tuhtyn ($1.87 in chips) 
Tobinhoyo: posts small blind $0.01
chudak1000: posts big blind $0.02
mathplayer: sits out 
*** HOLE CARDS ***
Dealt to Dorex2007 [Jd Kc]
TheTreffer: calls $0.02
Tuhtyn: folds 
cosmo2608: folds 
Sunpower333: raises $0.04 to $0.06
Dorex2007: folds 
Edymais2: folds 
Tobinhoyo: folds 
chudak1000: folds 
TheTreffer: folds 
Uncalled bet ($0.04) returned to Sunpower333
Sunpower333 collected $0.07 from pot
*** SUMMARY ***
Total pot $0.07 | Rake $0 
Seat 1: cosmo2608 folded before Flop (didn't bet)
Seat 2: Sunpower333 collected ($0.07)
Seat 3: Dorex2007 folded before Flop (didn't bet)
Seat 4: Edymais2 (button) folded before Flop (didn't bet)
Seat 5: Tobinhoyo (small blind) folded before Flop
Seat 6: chudak1000 (big blind) folded before Flop
Seat 8: TheTreffer folded before Flop
Seat 9: Tuhtyn folded before Flop (didn't bet)



PokerStars Hand #228362166255:  Hold'em No Limit ($0.01/$0.02 USD) - 2021/07/17 11:38:27 PT [2021/07/17 14:38:27 ET]
Table 'Ursula II' 9-max Seat #5 is the button
Seat 1: cosmo2608 ($2 in chips) 
Seat 2: Sunpower333 ($6.23 in chips) 
Seat 3: Dorex2007 ($2.66 in chips) 
Seat 4: Edymais2 ($1.75 in chips) 
Seat 5: Tobinhoyo ($2.08 in chips) 
Seat 6: chudak1000 ($2.26 in chips) 
Seat 7: mathplayer ($2 in chips) 
Seat 8: TheTreffer ($1.46 in chips) 
Seat 9: Tuhtyn ($1.87 in chips) 
chudak1000: posts small blind $0.01
mathplayer: posts big blind $0.02
*** HOLE CARDS ***
Dealt to Dorex2007 [Ad Qd]
TheTreffer: calls $0.02
Tuhtyn: folds 
cosmo2608: folds 
Sunpower333: folds 
Dorex2007: raises $0.04 to $0.06
Edymais2: calls $0.06
Tobinhoyo: calls $0.06
chudak1000: folds 
mathplayer: folds 
TheTreffer: calls $0.04
*** FLOP *** [4s 5s 6s]
TheTreffer: checks 
Dorex2007: checks 
Edymais2: bets $0.26
Tobinhoyo: folds 
TheTreffer: folds 
Dorex2007: folds 
Uncalled bet ($0.26) returned to Edymais2
Edymais2 collected $0.26 from pot
Edymais2: doesn't show hand 
*** SUMMARY ***
Total pot $0.27 | Rake $0.01 
Board [4s 5s 6s]
Seat 1: cosmo2608 folded before Flop (didn't bet)
Seat 2: Sunpower333 folded before Flop (didn't bet)
Seat 3: Dorex2007 folded on the Flop
Seat 4: Edymais2 collected ($0.26)
Seat 5: Tobinhoyo (button) folded on the Flop
Seat 6: chudak1000 (small blind) folded before Flop
Seat 7: mathplayer (big blind) folded before Flop
Seat 8: TheTreffer folded on the Flop
Seat 9: Tuhtyn folded before Flop (didn't bet)



PokerStars Hand #228362192406:  Hold'em No Limit ($0.01/$0.02 USD) - 2021/07/17 11:39:26 PT [2021/07/17 14:39:26 ET]
Table 'Ursula II' 9-max Seat #6 is the button
Seat 1: cosmo2608 ($2 in chips) 
Seat 2: Sunpower333 ($6.23 in chips) 
Seat 3: Dorex2007 ($2.60 in chips) 
Seat 4: Edymais2 ($1.95 in chips) 
Seat 5: Tobinhoyo ($2.02 in chips) 
Seat 6: chudak1000 ($2.25 in chips) 
Seat 7: mathplayer ($2 in chips) 
Seat 8: TheTreffer ($1.40 in chips) 
Seat 9: Tuhtyn ($1.87 in chips) 
mathplayer: posts small blind $0.01
TheTreffer: posts big blind $0.02
*** HOLE CARDS ***
Dealt to Dorex2007 [2d 5d]
Tuhtyn: folds 
cosmo2608: folds 
Sunpower333: folds 
Dorex2007: folds 
Edymais2: folds 
Tobinhoyo: raises $0.02 to $0.04
chudak1000: folds 
mathplayer: folds 
TheTreffer: folds 
Uncalled bet ($0.02) returned to Tobinhoyo
Tobinhoyo collected $0.05 from pot
*** SUMMARY ***
Total pot $0.05 | Rake $0 
Seat 1: cosmo2608 folded before Flop (didn't bet)
Seat 2: Sunpower333 folded before Flop (didn't bet)
Seat 3: Dorex2007 folded before Flop (didn't bet)
Seat 4: Edymais2 folded before Flop (didn't bet)
Seat 5: Tobinhoyo collected ($0.05)
Seat 6: chudak1000 (button) folded before Flop (didn't bet)
Seat 7: mathplayer (small blind) folded before Flop
Seat 8: TheTreffer (big blind) folded before Flop
Seat 9: Tuhtyn folded before Flop (didn't bet)



PokerStars Hand #228362199612:  Hold'em No Limit ($0.01/$0.02 USD) - 2021/07/17 11:39:42 PT [2021/07/17 14:39:42 ET]
Table 'Ursula II' 9-max Seat #7 is the button
Seat 1: cosmo2608 ($2 in chips) 
Seat 2: Sunpower333 ($6.23 in chips) 
Seat 3: Dorex2007 ($2.60 in chips) 
Seat 4: Edymais2 ($1.95 in chips) 
Seat 5: Tobinhoyo ($2.05 in chips) 
Seat 6: chudak1000 ($2.25 in chips) 
Seat 7: mathplayer ($2 in chips) 
Seat 8: TheTreffer ($1.38 in chips) 
Seat 9: Tuhtyn ($1.87 in chips) 
TheTreffer: posts small blind $0.01
Tuhtyn: posts big blind $0.02
*** HOLE CARDS ***
Dealt to Dorex2007 [3c 5s]
cosmo2608: folds 
Sunpower333: folds 
Dorex2007: folds 
Edymais2: folds 
Tobinhoyo: folds 
chudak1000: folds 
mathplayer: folds 
TheTreffer: calls $0.01
Tuhtyn: checks 
*** FLOP *** [Ac 9h 3h]
TheTreffer: checks 
Tuhtyn: bets $0.10
TheTreffer: folds 
Uncalled bet ($0.10) returned to Tuhtyn
Tuhtyn collected $0.04 from pot
*** SUMMARY ***
Total pot $0.04 | Rake $0 
Board [Ac 9h 3h]
Seat 1: cosmo2608 folded before Flop (didn't bet)
Seat 2: Sunpower333 folded before Flop (didn't bet)
Seat 3: Dorex2007 folded before Flop (didn't bet)
Seat 4: Edymais2 folded before Flop (didn't bet)
Seat 5: Tobinhoyo folded before Flop (didn't bet)
Seat 6: chudak1000 folded before Flop (didn't bet)
Seat 7: mathplayer (button) folded before Flop (didn't bet)
Seat 8: TheTreffer (small blind) folded on the Flop
Seat 9: Tuhtyn (big blind) collected ($0.04)



PokerStars Hand #228362215800:  Hold'em No Limit ($0.01/$0.02 USD) - 2021/07/17 11:40:19 PT [2021/07/17 14:40:19 ET]
Table 'Ursula II' 9-max Seat #8 is the button
Seat 1: cosmo2608 ($2 in chips) 
Seat 2: Sunpower333 ($6.23 in chips) 
Seat 3: Dorex2007 ($2.60 in chips) 
Seat 4: Edymais2 ($1.95 in chips) 
Seat 5: Tobinhoyo ($2.05 in chips) 
Seat 6: chudak1000 ($2.25 in chips) 
Seat 7: mathplayer ($2 in chips) 
Seat 8: TheTreffer ($1.36 in chips) 
Seat 9: Tuhtyn ($1.89 in chips) 
Tuhtyn: posts small blind $0.01
cosmo2608: posts big blind $0.02
*** HOLE CARDS ***
Dealt to Dorex2007 [Ts 8d]
Sunpower333: folds 
Dorex2007: folds 
Edymais2: calls $0.02
Tobinhoyo: folds 
chudak1000: folds 
mathplayer: folds 
TheTreffer: folds 
Tuhtyn: calls $0.01
cosmo2608: raises $0.06 to $0.08
Edymais2: folds 
Tuhtyn: calls $0.06
*** FLOP *** [Jd Ac 3d]
Tuhtyn: checks 
cosmo2608: bets $0.10
Tuhtyn: folds 
Uncalled bet ($0.10) returned to cosmo2608
cosmo2608 collected $0.17 from pot
cosmo2608: doesn't show hand 
*** SUMMARY ***
Total pot $0.18 | Rake $0.01 
Board [Jd Ac 3d]
Seat 1: cosmo2608 (big blind) collected ($0.17)
Seat 2: Sunpower333 folded before Flop (didn't bet)
Seat 3: Dorex2007 folded before Flop (didn't bet)
Seat 4: Edymais2 folded before Flop
Seat 5: Tobinhoyo folded before Flop (didn't bet)
Seat 6: chudak1000 folded before Flop (didn't bet)
Seat 7: mathplayer folded before Flop (didn't bet)
Seat 8: TheTreffer (button) folded before Flop (didn't bet)
Seat 9: Tuhtyn (small blind) folded on the Flop



PokerStars Hand #228362236050:  Hold'em No Limit ($0.01/$0.02 USD) - 2021/07/17 11:41:04 PT [2021/07/17 14:41:04 ET]
Table 'Ursula II' 9-max Seat #9 is the button
Seat 1: cosmo2608 ($2.09 in chips) 
Seat 2: Sunpower333 ($6.23 in chips) 
Seat 3: Dorex2007 ($2.60 in chips) 
Seat 4: Edymais2 ($1.93 in chips) 
Seat 5: Tobinhoyo ($2.05 in chips) 
Seat 6: chudak1000 ($2.25 in chips) 
Seat 7: mathplayer ($2 in chips) 
Seat 8: TheTreffer ($1.36 in chips) 
Seat 9: Tuhtyn ($1.81 in chips) 
cosmo2608: posts small blind $0.01
Sunpower333: posts big blind $0.02
*** HOLE CARDS ***
Dealt to Dorex2007 [6d 7h]
Dorex2007: folds 
Edymais2: folds 
Tobinhoyo: folds 
chudak1000: folds 
mathplayer: folds 
TheTreffer: raises $0.02 to $0.04
Tuhtyn: folds 
cosmo2608: folds 
Sunpower333: calls $0.02
*** FLOP *** [Kd 5c 6h]
Sunpower333: checks 
TheTreffer: bets $0.02
Sunpower333: calls $0.02
*** TURN *** [Kd 5c 6h] [Ah]
Sunpower333: checks 
TheTreffer: bets $0.04
Sunpower333: folds 
Uncalled bet ($0.04) returned to TheTreffer
TheTreffer collected $0.13 from pot
TheTreffer: doesn't show hand 
*** SUMMARY ***
Total pot $0.13 | Rake $0 
Board [Kd 5c 6h Ah]
Seat 1: cosmo2608 (small blind) folded before Flop
Seat 2: Sunpower333 (big blind) folded on the Turn
Seat 3: Dorex2007 folded before Flop (didn't bet)
Seat 4: Edymais2 folded before Flop (didn't bet)
Seat 5: Tobinhoyo folded before Flop (didn't bet)
Seat 6: chudak1000 folded before Flop (didn't bet)
Seat 7: mathplayer folded before Flop (didn't bet)
Seat 8: TheTreffer collected ($0.13)
Seat 9: Tuhtyn (button) folded before Flop (didn't bet)



PokerStars Hand #228362256423:  Hold'em No Limit ($0.01/$0.02 USD) - 2021/07/17 11:41:50 PT [2021/07/17 14:41:50 ET]
Table 'Ursula II' 9-max Seat #1 is the button
Seat 1: cosmo2608 ($2.08 in chips) 
Seat 2: Sunpower333 ($6.17 in chips) 
Seat 3: Dorex2007 ($2.60 in chips) 
Seat 4: Edymais2 ($1.93 in chips) 
Seat 5: Tobinhoyo ($2.05 in chips) 
Seat 6: chudak1000 ($2.25 in chips) 
Seat 7: mathplayer ($2 in chips) 
Seat 8: TheTreffer ($1.43 in chips) 
Seat 9: Tuhtyn ($1.81 in chips) 
Sunpower333: posts small blind $0.01
Dorex2007: posts big blind $0.02
*** HOLE CARDS ***
Dealt to Dorex2007 [8h Jh]
Edymais2 has timed out
Edymais2: folds 
Tobinhoyo: folds 
chudak1000: folds 
mathplayer: folds 
TheTreffer: calls $0.02
Tuhtyn: folds 
cosmo2608: calls $0.02
Sunpower333: folds 
Dorex2007: checks 
*** FLOP *** [5s Jd 7h]
Dorex2007: checks 
TheTreffer: bets $0.08
cosmo2608: calls $0.08
Dorex2007: folds 
*** TURN *** [5s Jd 7h] [4c]
TheTreffer: bets $0.11
cosmo2608 has timed out
cosmo2608: folds 
Uncalled bet ($0.11) returned to TheTreffer
TheTreffer collected $0.22 from pot
TheTreffer: doesn't show hand 
*** SUMMARY ***
Total pot $0.23 | Rake $0.01 
Board [5s Jd 7h 4c]
Seat 1: cosmo2608 (button) folded on the Turn
Seat 2: Sunpower333 (small blind) folded before Flop
Seat 3: Dorex2007 (big blind) folded on the Flop
Seat 4: Edymais2 folded before Flop (didn't bet)
Seat 5: Tobinhoyo folded before Flop (didn't bet)
Seat 6: chudak1000 folded before Flop (didn't bet)
Seat 7: mathplayer folded before Flop (didn't bet)
Seat 8: TheTreffer collected ($0.22)
Seat 9: Tuhtyn folded before Flop (didn't bet)



PokerStars Hand #228362294970:  Hold'em No Limit ($0.01/$0.02 USD) - 2021/07/17 11:43:16 PT [2021/07/17 14:43:16 ET]
Table 'Ursula II' 9-max Seat #2 is the button
Seat 2: Sunpower333 ($6.16 in chips) 
Seat 3: Dorex2007 ($2.58 in chips) 
Seat 4: Edymais2 ($1.93 in chips) 
Seat 5: Tobinhoyo ($2.05 in chips) 
Seat 6: chudak1000 ($2.25 in chips) 
Seat 7: mathplayer ($2 in chips) 
Seat 8: TheTreffer ($1.55 in chips) 
Seat 9: Tuhtyn ($1.81 in chips) 
Dorex2007: posts small blind $0.01
Edymais2: posts big blind $0.02
*** HOLE CARDS ***
Dealt to Dorex2007 [Ts Td]
Tobinhoyo: folds 
chudak1000: folds 
mathplayer: folds 
TheTreffer: calls $0.02
Tuhtyn: folds 
Sunpower333: folds 
Dorex2007: calls $0.01
Edymais2: checks 
*** FLOP *** [Ad 3c Kh]
Dorex2007: checks 
Edymais2: bets $0.02
TheTreffer: calls $0.02
Dorex2007: folds 
*** TURN *** [Ad 3c Kh] [Tc]
Edymais2: bets $0.02
TheTreffer: calls $0.02
*** RIVER *** [Ad 3c Kh Tc] [7h]
Edymais2: checks 
TheTreffer: checks 
*** SHOW DOWN ***
Edymais2: shows [8d Ac] (a pair of Aces)
TheTreffer: mucks hand 
Edymais2 collected $0.14 from pot
*** SUMMARY ***
Total pot $0.14 | Rake $0 
Board [Ad 3c Kh Tc 7h]
Seat 2: Sunpower333 (button) folded before Flop (didn't bet)
Seat 3: Dorex2007 (small blind) folded on the Flop
Seat 4: Edymais2 (big blind) showed [8d Ac] and won ($0.14) with a pair of Aces
Seat 5: Tobinhoyo folded before Flop (didn't bet)
Seat 6: chudak1000 folded before Flop (didn't bet)
Seat 7: mathplayer folded before Flop (didn't bet)
Seat 8: TheTreffer mucked [Qh 3d]
Seat 9: Tuhtyn folded before Flop (didn't bet)



PokerStars Hand #228362313808:  Hold'em No Limit ($0.01/$0.02 USD) - 2021/07/17 11:43:58 PT [2021/07/17 14:43:58 ET]
Table 'Ursula II' 9-max Seat #3 is the button
Seat 1: cosmo2608 ($2 in chips) 
Seat 2: Sunpower333 ($6.16 in chips) 
Seat 3: Dorex2007 ($2.56 in chips) 
Seat 4: Edymais2 ($2.01 in chips) 
Seat 5: Tobinhoyo ($2.05 in chips) 
Seat 6: chudak1000 ($2.25 in chips) 
Seat 7: mathplayer ($2 in chips) 
Seat 8: TheTreffer ($1.49 in chips) 
Seat 9: Tuhtyn ($1.81 in chips) 
Edymais2: posts small blind $0.01
Tobinhoyo: posts big blind $0.02
*** HOLE CARDS ***
Dealt to Dorex2007 [8d 7c]
chudak1000: folds 
mathplayer: folds 
TheTreffer: raises $0.04 to $0.06
Tuhtyn: calls $0.06
cosmo2608 has timed out
cosmo2608: folds 
Sunpower333: folds 
Dorex2007: folds 
Edymais2: folds 
Tobinhoyo: folds 
*** FLOP *** [Ts 9s 6s]
TheTreffer: bets $0.08
Tuhtyn: calls $0.08
*** TURN *** [Ts 9s 6s] [5c]
TheTreffer: bets $0.10
Tuhtyn: calls $0.10
*** RIVER *** [Ts 9s 6s 5c] [4d]
TheTreffer: bets $0.25
Tuhtyn: folds 
Uncalled bet ($0.25) returned to TheTreffer
TheTreffer collected $0.49 from pot
TheTreffer: doesn't show hand 
*** SUMMARY ***
Total pot $0.51 | Rake $0.02 
Board [Ts 9s 6s 5c 4d]
Seat 1: cosmo2608 folded before Flop (didn't bet)
Seat 2: Sunpower333 folded before Flop (didn't bet)
Seat 3: Dorex2007 (button) folded before Flop (didn't bet)
Seat 4: Edymais2 (small blind) folded before Flop
Seat 5: Tobinhoyo (big blind) folded before Flop
Seat 6: chudak1000 folded before Flop (didn't bet)
Seat 7: mathplayer folded before Flop (didn't bet)
Seat 8: TheTreffer collected ($0.49)
Seat 9: Tuhtyn folded on the River



PokerStars Hand #228362341722:  Hold'em No Limit ($0.01/$0.02 USD) - 2021/07/17 11:45:01 PT [2021/07/17 14:45:01 ET]
Table 'Ursula II' 9-max Seat #4 is the button
Seat 2: Sunpower333 ($6.16 in chips) 
Seat 3: Dorex2007 ($2.56 in chips) 
Seat 4: Edymais2 ($2 in chips) 
Seat 5: Tobinhoyo ($2.03 in chips) 
Seat 6: chudak1000 ($2.25 in chips) 
Seat 7: mathplayer ($2 in chips) 
Seat 8: TheTreffer ($1.74 in chips) 
Seat 9: Tuhtyn ($1.57 in chips) 
Tobinhoyo: posts small blind $0.01
chudak1000: posts big blind $0.02
*** HOLE CARDS ***
Dealt to Dorex2007 [Ac 9c]
mathplayer: folds 
TheTreffer: calls $0.02
Tuhtyn: folds 
Sunpower333: folds 
Dorex2007: raises $0.04 to $0.06
Edymais2: folds 
Tobinhoyo: folds 
chudak1000: folds 
TheTreffer: calls $0.04
*** FLOP *** [9d As 6c]
TheTreffer: bets $0.06
Dorex2007: calls $0.06
*** TURN *** [9d As 6c] [4c]
TheTreffer: checks 
Dorex2007: checks 
*** RIVER *** [9d As 6c 4c] [6d]
TheTreffer: bets $0.08
Dorex2007: raises $0.14 to $0.22
TheTreffer: calls $0.14
*** SHOW DOWN ***
Dorex2007: shows [Ac 9c] (two pair, Aces and Nines)
TheTreffer: shows [6h 7h] (three of a kind, Sixes)
TheTreffer collected $0.69 from pot
*** SUMMARY ***
Total pot $0.71 | Rake $0.02 
Board [9d As 6c 4c 6d]
Seat 2: Sunpower333 folded before Flop (didn't bet)
Seat 3: Dorex2007 showed [Ac 9c] and lost with two pair, Aces and Nines
Seat 4: Edymais2 (button) folded before Flop (didn't bet)
Seat 5: Tobinhoyo (small blind) folded before Flop
Seat 6: chudak1000 (big blind) folded before Flop
Seat 7: mathplayer folded before Flop (didn't bet)
Seat 8: TheTreffer showed [6h 7h] and won ($0.69) with three of a kind, Sixes
Seat 9: Tuhtyn folded before Flop (didn't bet)



PokerStars Hand #228362367374:  Hold'em No Limit ($0.01/$0.02 USD) - 2021/07/17 11:45:58 PT [2021/07/17 14:45:58 ET]
Table 'Ursula II' 9-max Seat #5 is the button
Seat 2: Sunpower333 ($6.16 in chips) 
Seat 3: Dorex2007 ($2.22 in chips) 
Seat 4: Edymais2 ($2 in chips) 
Seat 5: Tobinhoyo ($2.02 in chips) 
Seat 6: chudak1000 ($2.23 in chips) 
Seat 7: mathplayer ($2 in chips) 
Seat 8: TheTreffer ($2.09 in chips) 
Seat 9: Tuhtyn ($1.57 in chips) 
chudak1000: posts small blind $0.01
mathplayer: posts big blind $0.02
*** HOLE CARDS ***
Dealt to Dorex2007 [Qc 7h]
TheTreffer: calls $0.02
Tuhtyn: folds 
Sunpower333: folds 
Dorex2007: folds 
Edymais2: folds 
Tobinhoyo: folds 
chudak1000: calls $0.01
mathplayer: checks 
*** FLOP *** [9d Ts 4c]
chudak1000: checks 
mathplayer: checks 
TheTreffer: checks 
*** TURN *** [9d Ts 4c] [Td]
chudak1000: checks 
mathplayer: checks 
TheTreffer: checks 
*** RIVER *** [9d Ts 4c Td] [5s]
chudak1000: checks 
mathplayer: checks 
TheTreffer: checks 
*** SHOW DOWN ***
chudak1000: shows [Kd 6s] (a pair of Tens)
mathplayer: shows [6h As] (a pair of Tens - Ace kicker)
TheTreffer: mucks hand 
mathplayer collected $0.06 from pot
*** SUMMARY ***
Total pot $0.06 | Rake $0 
Board [9d Ts 4c Td 5s]
Seat 2: Sunpower333 folded before Flop (didn't bet)
Seat 3: Dorex2007 folded before Flop (didn't bet)
Seat 4: Edymais2 folded before Flop (didn't bet)
Seat 5: Tobinhoyo (button) folded before Flop (didn't bet)
Seat 6: chudak1000 (small blind) showed [Kd 6s] and lost with a pair of Tens
Seat 7: mathplayer (big blind) showed [6h As] and won ($0.06) with a pair of Tens
Seat 8: TheTreffer mucked [6c Kc]
Seat 9: Tuhtyn folded before Flop (didn't bet)



PokerStars Hand #228362387284:  Hold'em No Limit ($0.01/$0.02 USD) - 2021/07/17 11:46:43 PT [2021/07/17 14:46:43 ET]
Table 'Ursula II' 9-max Seat #6 is the button
Seat 2: Sunpower333 ($6.16 in chips) 
Seat 3: Dorex2007 ($2.22 in chips) 
Seat 4: Edymais2 ($2 in chips) 
Seat 5: Tobinhoyo ($2.02 in chips) 
Seat 6: chudak1000 ($2.21 in chips) 
Seat 7: mathplayer ($2.04 in chips) 
Seat 8: TheTreffer ($2.07 in chips) 
Seat 9: Tuhtyn ($1.57 in chips) 
mathplayer: posts small blind $0.01
TheTreffer: posts big blind $0.02
*** HOLE CARDS ***
Dealt to Dorex2007 [8d Ah]
Tuhtyn: folds 
Sunpower333: folds 
Dorex2007: folds 
Edymais2: folds 
Tobinhoyo: folds 
chudak1000: raises $0.02 to $0.04
mathplayer: folds 
TheTreffer: raises $0.02 to $0.06
chudak1000: calls $0.02
*** FLOP *** [8s 6c 4h]
TheTreffer: checks 
chudak1000: checks 
*** TURN *** [8s 6c 4h] [Tc]
TheTreffer: bets $0.10
chudak1000: calls $0.10
*** RIVER *** [8s 6c 4h Tc] [9h]
TheTreffer: checks 
chudak1000: checks 
*** SHOW DOWN ***
TheTreffer: shows [Qs Ks] (high card King)
chudak1000: shows [9d Ts] (two pair, Tens and Nines)
chudak1000 collected $0.32 from pot
*** SUMMARY ***
Total pot $0.33 | Rake $0.01 
Board [8s 6c 4h Tc 9h]
Seat 2: Sunpower333 folded before Flop (didn't bet)
Seat 3: Dorex2007 folded before Flop (didn't bet)
Seat 4: Edymais2 folded before Flop (didn't bet)
Seat 5: Tobinhoyo folded before Flop (didn't bet)
Seat 6: chudak1000 (button) showed [9d Ts] and won ($0.32) with two pair, Tens and Nines
Seat 7: mathplayer (small blind) folded before Flop
Seat 8: TheTreffer (big blind) showed [Qs Ks] and lost with high card King
Seat 9: Tuhtyn folded before Flop (didn't bet)



PokerStars Hand #228362415998:  Hold'em No Limit ($0.01/$0.02 USD) - 2021/07/17 11:47:47 PT [2021/07/17 14:47:47 ET]
Table 'Ursula II' 9-max Seat #7 is the button
Seat 2: Sunpower333 ($6.16 in chips) 
Seat 3: Dorex2007 ($2.22 in chips) 
Seat 4: Edymais2 ($2 in chips) 
Seat 5: Tobinhoyo ($2.02 in chips) 
Seat 6: chudak1000 ($2.37 in chips) 
Seat 7: mathplayer ($2.03 in chips) 
Seat 8: TheTreffer ($1.91 in chips) 
Seat 9: Tuhtyn ($1.57 in chips) 
TheTreffer: posts small blind $0.01
Tuhtyn: posts big blind $0.02
*** HOLE CARDS ***
Dealt to Dorex2007 [6d 9d]
Sunpower333: folds 
Dorex2007: folds 
Edymais2 has timed out
Edymais2: folds 
Tobinhoyo: folds 
chudak1000: folds 
mathplayer: folds 
TheTreffer: calls $0.01
Tuhtyn: checks 
*** FLOP *** [Ac 9h Kc]
TheTreffer: checks 
Tuhtyn: checks 
*** TURN *** [Ac 9h Kc] [Tc]
TheTreffer: bets $0.06
Tuhtyn: folds 
Uncalled bet ($0.06) returned to TheTreffer
TheTreffer collected $0.04 from pot
TheTreffer: doesn't show hand 
*** SUMMARY ***
Total pot $0.04 | Rake $0 
Board [Ac 9h Kc Tc]
Seat 2: Sunpower333 folded before Flop (didn't bet)
Seat 3: Dorex2007 folded before Flop (didn't bet)
Seat 4: Edymais2 folded before Flop (didn't bet)
Seat 5: Tobinhoyo folded before Flop (didn't bet)
Seat 6: chudak1000 folded before Flop (didn't bet)
Seat 7: mathplayer (button) folded before Flop (didn't bet)
Seat 8: TheTreffer (small blind) collected ($0.04)
Seat 9: Tuhtyn (big blind) folded on the Turn



PokerStars Hand #228362433736:  Hold'em No Limit ($0.01/$0.02 USD) - 2021/07/17 11:48:27 PT [2021/07/17 14:48:27 ET]
Table 'Ursula II' 9-max Seat #8 is the button
Seat 2: Sunpower333 ($6.16 in chips) 
Seat 3: Dorex2007 ($2.22 in chips) 
Seat 4: Edymais2 ($2 in chips) 
Seat 5: Tobinhoyo ($2.02 in chips) 
Seat 6: chudak1000 ($2.37 in chips) 
Seat 7: mathplayer ($2.03 in chips) 
Seat 8: TheTreffer ($1.93 in chips) 
Seat 9: Tuhtyn ($1.55 in chips) 
Tuhtyn: posts small blind $0.01
Sunpower333: posts big blind $0.02
*** HOLE CARDS ***
Dealt to Dorex2007 [Jc 7h]
Dorex2007: folds 
Edymais2: calls $0.02
Tobinhoyo: folds 
chudak1000: folds 
mathplayer: folds 
TheTreffer: folds 
Tuhtyn: folds 
Sunpower333: checks 
*** FLOP *** [9c 4h Jd]
Sunpower333: checks 
Edymais2: bets $0.02
Sunpower333: folds 
Uncalled bet ($0.02) returned to Edymais2
Edymais2 collected $0.05 from pot
Edymais2: doesn't show hand 
*** SUMMARY ***
Total pot $0.05 | Rake $0 
Board [9c 4h Jd]
Seat 2: Sunpower333 (big blind) folded on the Flop
Seat 3: Dorex2007 folded before Flop (didn't bet)
Seat 4: Edymais2 collected ($0.05)
Seat 5: Tobinhoyo folded before Flop (didn't bet)
Seat 6: chudak1000 folded before Flop (didn't bet)
Seat 7: mathplayer folded before Flop (didn't bet)
Seat 8: TheTreffer (button) folded before Flop (didn't bet)
Seat 9: Tuhtyn (small blind) folded before Flop



PokerStars Hand #228362445572:  Hold'em No Limit ($0.01/$0.02 USD) - 2021/07/17 11:48:54 PT [2021/07/17 14:48:54 ET]
Table 'Ursula II' 9-max Seat #9 is the button
Seat 2: Sunpower333 ($6.14 in chips) 
Seat 3: Dorex2007 ($2.22 in chips) 
Seat 4: Edymais2 ($2.03 in chips) 
Seat 5: Tobinhoyo ($2.02 in chips) 
Seat 6: chudak1000 ($2.37 in chips) 
Seat 7: mathplayer ($2.03 in chips) 
Seat 8: TheTreffer ($1.93 in chips) 
Seat 9: Tuhtyn ($1.54 in chips) 
Sunpower333: posts small blind $0.01
Dorex2007: posts big blind $0.02
*** HOLE CARDS ***
Dealt to Dorex2007 [Js 8c]
Edymais2: folds 
Tobinhoyo: raises $0.02 to $0.04
chudak1000: folds 
mathplayer: calls $0.04
TheTreffer: folds 
Tuhtyn: folds 
Sunpower333: folds 
Dorex2007: folds 
*** FLOP *** [5s 9d 9c]
Tobinhoyo: checks 
mathplayer: bets $0.06
Tobinhoyo: folds 
Uncalled bet ($0.06) returned to mathplayer
mathplayer collected $0.11 from pot
*** SUMMARY ***
Total pot $0.11 | Rake $0 
Board [5s 9d 9c]
Seat 2: Sunpower333 (small blind) folded before Flop
Seat 3: Dorex2007 (big blind) folded before Flop
Seat 4: Edymais2 folded before Flop (didn't bet)
Seat 5: Tobinhoyo folded on the Flop
Seat 6: chudak1000 folded before Flop (didn't bet)
Seat 7: mathplayer collected ($0.11)
Seat 8: TheTreffer folded before Flop (didn't bet)
Seat 9: Tuhtyn (button) folded before Flop (didn't bet)



PokerStars Hand #228362457501:  Hold'em No Limit ($0.01/$0.02 USD) - 2021/07/17 11:49:21 PT [2021/07/17 14:49:21 ET]
Table 'Ursula II' 9-max Seat #2 is the button
Seat 2: Sunpower333 ($6.13 in chips) 
Seat 3: Dorex2007 ($2.20 in chips) 
Seat 4: Edymais2 ($2.03 in chips) 
Seat 5: Tobinhoyo ($2 in chips) 
Seat 6: chudak1000 ($2.37 in chips) 
Seat 7: mathplayer ($2.10 in chips) 
Seat 8: TheTreffer ($1.93 in chips) 
Seat 9: Tuhtyn ($1.54 in chips) 
Dorex2007: posts small blind $0.01
Edymais2: posts big blind $0.02
*** HOLE CARDS ***
Dealt to Dorex2007 [2c Td]
Tobinhoyo: folds 
chudak1000: folds 
mathplayer: folds 
TheTreffer: calls $0.02
Tuhtyn: calls $0.02
Sunpower333: folds 
Dorex2007: folds 
Edymais2: checks 
*** FLOP *** [Qs 7d 7s]
Edymais2: checks 
TheTreffer: checks 
Tuhtyn: checks 
*** TURN *** [Qs 7d 7s] [6h]
Edymais2: bets $0.02
TheTreffer: folds 
Tuhtyn: calls $0.02
*** RIVER *** [Qs 7d 7s 6h] [9s]
Edymais2: bets $0.02
Tuhtyn: calls $0.02
*** SHOW DOWN ***
Edymais2: shows [6c 9c] (two pair, Nines and Sevens)
Tuhtyn: shows [Qc Jh] (two pair, Queens and Sevens)
Tuhtyn collected $0.14 from pot
*** SUMMARY ***
Total pot $0.15 | Rake $0.01 
Board [Qs 7d 7s 6h 9s]
Seat 2: Sunpower333 (button) folded before Flop (didn't bet)
Seat 3: Dorex2007 (small blind) folded before Flop
Seat 4: Edymais2 (big blind) showed [6c 9c] and lost with two pair, Nines and Sevens
Seat 5: Tobinhoyo folded before Flop (didn't bet)
Seat 6: chudak1000 folded before Flop (didn't bet)
Seat 7: mathplayer folded before Flop (didn't bet)
Seat 8: TheTreffer folded on the Turn
Seat 9: Tuhtyn showed [Qc Jh] and won ($0.14) with two pair, Queens and Sevens



PokerStars Hand #228362488077:  Hold'em No Limit ($0.01/$0.02 USD) - 2021/07/17 11:50:15 PT [2021/07/17 14:50:15 ET]
Table 'Ursula II' 9-max Seat #3 is the button
Seat 2: Sunpower333 ($6.13 in chips) 
Seat 3: Dorex2007 ($2.19 in chips) 
Seat 4: Edymais2 ($1.97 in chips) 
Seat 5: Tobinhoyo ($2 in chips) 
Seat 6: chudak1000 ($2.37 in chips) 
Seat 7: mathplayer ($2.10 in chips) 
Seat 8: TheTreffer ($1.91 in chips) 
Seat 9: Tuhtyn ($1.62 in chips) 
Edymais2: posts small blind $0.01
Tobinhoyo: posts big blind $0.02
*** HOLE CARDS ***
Dealt to Dorex2007 [3s Td]
chudak1000: folds 
mathplayer: folds 
TheTreffer: folds 
Tuhtyn: calls $0.02
Sunpower333: calls $0.02
Dorex2007: folds 
Edymais2: calls $0.01
Tobinhoyo: checks 
*** FLOP *** [9h Qc 8c]
Edymais2: bets $0.02
Tobinhoyo: calls $0.02
Tuhtyn: folds 
Sunpower333: folds 
*** TURN *** [9h Qc 8c] [Jh]
Edymais2: bets $0.02
Tobinhoyo: calls $0.02
*** RIVER *** [9h Qc 8c Jh] [5h]
Edymais2: checks 
Tobinhoyo: bets $0.08
Edymais2: folds 
Uncalled bet ($0.08) returned to Tobinhoyo
Tobinhoyo collected $0.15 from pot
*** SUMMARY ***
Total pot $0.16 | Rake $0.01 
Board [9h Qc 8c Jh 5h]
Seat 2: Sunpower333 folded on the Flop
Seat 3: Dorex2007 (button) folded before Flop (didn't bet)
Seat 4: Edymais2 (small blind) folded on the River
Seat 5: Tobinhoyo (big blind) collected ($0.15)
Seat 6: chudak1000 folded before Flop (didn't bet)
Seat 7: mathplayer folded before Flop (didn't bet)
Seat 8: TheTreffer folded before Flop (didn't bet)
Seat 9: Tuhtyn folded on the Flop



PokerStars Hand #228362523423:  Hold'em No Limit ($0.01/$0.02 USD) - 2021/07/17 11:51:35 PT [2021/07/17 14:51:35 ET]
Table 'Ursula II' 9-max Seat #4 is the button
Seat 2: Sunpower333 ($6.11 in chips) 
Seat 3: Dorex2007 ($2.19 in chips) 
Seat 4: Edymais2 ($1.91 in chips) 
Seat 5: Tobinhoyo ($2.09 in chips) 
Seat 6: chudak1000 ($2.37 in chips) 
Seat 7: mathplayer ($2.10 in chips) 
Seat 8: TheTreffer ($1.91 in chips) 
Seat 9: Tuhtyn ($1.60 in chips) 
Tobinhoyo: posts small blind $0.01
chudak1000: posts big blind $0.02
*** HOLE CARDS ***
Dealt to Dorex2007 [8c 7h]
mathplayer: folds 
TheTreffer: folds 
Tuhtyn: folds 
Sunpower333: folds 
Dorex2007: folds 
Edymais2: folds 
Tobinhoyo: folds 
Uncalled bet ($0.01) returned to chudak1000
chudak1000 collected $0.02 from pot
*** SUMMARY ***
Total pot $0.02 | Rake $0 
Seat 2: Sunpower333 folded before Flop (didn't bet)
Seat 3: Dorex2007 folded before Flop (didn't bet)
Seat 4: Edymais2 (button) folded before Flop (didn't bet)
Seat 5: Tobinhoyo (small blind) folded before Flop
Seat 6: chudak1000 (big blind) collected ($0.02)
Seat 7: mathplayer folded before Flop (didn't bet)
Seat 8: TheTreffer folded before Flop (didn't bet)
Seat 9: Tuhtyn folded before Flop (didn't bet)



PokerStars Hand #228362528837:  Hold'em No Limit ($0.01/$0.02 USD) - 2021/07/17 11:51:48 PT [2021/07/17 14:51:48 ET]
Table 'Ursula II' 9-max Seat #5 is the button
Seat 2: Sunpower333 ($6.11 in chips) 
Seat 3: Dorex2007 ($2.19 in chips) 
Seat 4: Edymais2 ($1.91 in chips) 
Seat 5: Tobinhoyo ($2.08 in chips) 
Seat 6: chudak1000 ($2.38 in chips) 
Seat 7: mathplayer ($2.10 in chips) 
Seat 8: TheTreffer ($1.91 in chips) 
Seat 9: Tuhtyn ($1.60 in chips) 
chudak1000: posts small blind $0.01
mathplayer: posts big blind $0.02
*** HOLE CARDS ***
Dealt to Dorex2007 [7h 4c]
Edymais2 said, "lol"
TheTreffer: folds 
Tuhtyn: folds 
Sunpower333: folds 
Dorex2007: folds 
Edymais2: folds 
Tobinhoyo: raises $0.02 to $0.04
chudak1000: calls $0.03
mathplayer: calls $0.02
*** FLOP *** [8d 3h Ks]
chudak1000: bets $0.04
mathplayer: folds 
Tobinhoyo: folds 
Uncalled bet ($0.04) returned to chudak1000
chudak1000 collected $0.12 from pot
*** SUMMARY ***
Total pot $0.12 | Rake $0 
Board [8d 3h Ks]
Seat 2: Sunpower333 folded before Flop (didn't bet)
Seat 3: Dorex2007 folded before Flop (didn't bet)
Seat 4: Edymais2 folded before Flop (didn't bet)
Seat 5: Tobinhoyo (button) folded on the Flop
Seat 6: chudak1000 (small blind) collected ($0.12)
Seat 7: mathplayer (big blind) folded on the Flop
Seat 8: TheTreffer folded before Flop (didn't bet)
Seat 9: Tuhtyn folded before Flop (didn't bet)



PokerStars Hand #228362542618:  Hold'em No Limit ($0.01/$0.02 USD) - 2021/07/17 11:52:19 PT [2021/07/17 14:52:19 ET]
Table 'Ursula II' 9-max Seat #6 is the button
Seat 2: Sunpower333 ($6.11 in chips) 
Seat 3: Dorex2007 ($2.19 in chips) 
Seat 4: Edymais2 ($1.91 in chips) 
Seat 5: Tobinhoyo ($2.04 in chips) 
Seat 6: chudak1000 ($2.46 in chips) 
Seat 7: mathplayer ($2.06 in chips) 
Seat 8: TheTreffer ($1.91 in chips) 
Seat 9: Tuhtyn ($1.60 in chips) 
mathplayer: posts small blind $0.01
TheTreffer: posts big blind $0.02
*** HOLE CARDS ***
Dealt to Dorex2007 [Ah 6h]
Tuhtyn: folds 
Sunpower333: folds 
cosmo2608 is disconnected 
Dorex2007: raises $0.02 to $0.04
Edymais2: calls $0.04
Tobinhoyo: calls $0.04
chudak1000: folds 
mathplayer: folds 
TheTreffer: calls $0.02
*** FLOP *** [7h 2d 9h]
TheTreffer: bets $0.08
Dorex2007: calls $0.08
Edymais2: calls $0.08
Tobinhoyo: calls $0.08
*** TURN *** [7h 2d 9h] [Ac]
TheTreffer: bets $0.10
Dorex2007: calls $0.10
Edymais2: folds 
Tobinhoyo: calls $0.10
*** RIVER *** [7h 2d 9h Ac] [8d]
TheTreffer: bets $0.38
Dorex2007: calls $0.38
Tobinhoyo: raises $1.44 to $1.82 and is all-in
TheTreffer: calls $1.31 and is all-in
Dorex2007: folds 
Uncalled bet ($0.13) returned to Tobinhoyo
*** SHOW DOWN ***
Tobinhoyo: shows [Jd Td] (a straight, Seven to Jack)
TheTreffer: shows [7d 7s] (three of a kind, Sevens)
Tobinhoyo collected $4.39 from pot
*** SUMMARY ***
Total pot $4.55 | Rake $0.16 
Board [7h 2d 9h Ac 8d]
Seat 2: Sunpower333 folded before Flop (didn't bet)
Seat 3: Dorex2007 folded on the River
Seat 4: Edymais2 folded on the Turn
Seat 5: Tobinhoyo showed [Jd Td] and won ($4.39) with a straight, Seven to Jack
Seat 6: chudak1000 (button) folded before Flop (didn't bet)
Seat 7: mathplayer (small blind) folded before Flop
Seat 8: TheTreffer (big blind) showed [7d 7s] and lost with three of a kind, Sevens
Seat 9: Tuhtyn folded before Flop (didn't bet)



PokerStars Hand #228362575661:  Hold'em No Limit ($0.01/$0.02 USD) - 2021/07/17 11:53:35 PT [2021/07/17 14:53:35 ET]
Table 'Ursula II' 9-max Seat #7 is the button
Seat 2: Sunpower333 ($6.11 in chips) 
Seat 3: Dorex2007 ($2 in chips) 
Seat 4: Edymais2 ($1.79 in chips) 
Seat 5: Tobinhoyo ($4.52 in chips) 
Seat 6: chudak1000 ($2.46 in chips) 
Seat 7: mathplayer ($2.05 in chips) 
Seat 9: Tuhtyn ($1.60 in chips) 
Tuhtyn: posts small blind $0.01
Sunpower333: posts big blind $0.02
*** HOLE CARDS ***
Dealt to Dorex2007 [5c Ac]
Dorex2007: calls $0.02
Edymais2: folds 
Tobinhoyo: folds 
chudak1000: folds 
mathplayer: folds 
Tuhtyn: folds 
Sunpower333: checks 
*** FLOP *** [5d Qd 4s]
Sunpower333: checks 
Dorex2007: checks 
*** TURN *** [5d Qd 4s] [Kd]
Sunpower333: bets $0.34
Dorex2007: folds 
Uncalled bet ($0.34) returned to Sunpower333
Sunpower333 collected $0.05 from pot
*** SUMMARY ***
Total pot $0.05 | Rake $0 
Board [5d Qd 4s Kd]
Seat 2: Sunpower333 (big blind) collected ($0.05)
Seat 3: Dorex2007 folded on the Turn
Seat 4: Edymais2 folded before Flop (didn't bet)
Seat 5: Tobinhoyo folded before Flop (didn't bet)
Seat 6: chudak1000 folded before Flop (didn't bet)
Seat 7: mathplayer (button) folded before Flop (didn't bet)
Seat 9: Tuhtyn (small blind) folded before Flop



PokerStars Hand #228362588796:  Hold'em No Limit ($0.01/$0.02 USD) - 2021/07/17 11:54:04 PT [2021/07/17 14:54:04 ET]
Table 'Ursula II' 9-max Seat #9 is the button
Seat 2: Sunpower333 ($6.14 in chips) 
Seat 3: Dorex2007 ($1.98 in chips) 
Seat 4: Edymais2 ($1.79 in chips) 
Seat 5: Tobinhoyo ($4.52 in chips) 
Seat 6: chudak1000 ($2.46 in chips) 
Seat 7: mathplayer ($2.05 in chips) 
Seat 8: TheTreffer ($2 in chips) 
Seat 9: Tuhtyn ($1.59 in chips) 
Sunpower333: posts small blind $0.01
Dorex2007: posts big blind $0.02
TheTreffer: posts small blind $0.01
*** HOLE CARDS ***
Dealt to Dorex2007 [Th 6s]
Edymais2: folds 
Tobinhoyo has timed out
Tobinhoyo: folds 
chudak1000: folds 
mathplayer: folds 
TheTreffer: calls $0.02
Tuhtyn: folds 
Sunpower333: folds 
Dorex2007: checks 
*** FLOP *** [2d Ts 7d]
Dorex2007: checks 
TheTreffer: checks 
*** TURN *** [2d Ts 7d] [4c]
Dorex2007: checks 
TheTreffer: checks 
*** RIVER *** [2d Ts 7d 4c] [8s]
Dorex2007: bets $0.10
TheTreffer: folds 
Uncalled bet ($0.10) returned to Dorex2007
Dorex2007 collected $0.06 from pot
Dorex2007: doesn't show hand 
*** SUMMARY ***
Total pot $0.06 | Rake $0 
Board [2d Ts 7d 4c 8s]
Seat 2: Sunpower333 (small blind) folded before Flop
Seat 3: Dorex2007 (big blind) collected ($0.06)
Seat 4: Edymais2 folded before Flop (didn't bet)
Seat 5: Tobinhoyo folded before Flop (didn't bet)
Seat 6: chudak1000 folded before Flop (didn't bet)
Seat 7: mathplayer folded before Flop (didn't bet)
Seat 8: TheTreffer folded on the River
Seat 9: Tuhtyn (button) folded before Flop (didn't bet)



PokerStars Hand #228362610410:  Hold'em No Limit ($0.01/$0.02 USD) - 2021/07/17 11:54:53 PT [2021/07/17 14:54:53 ET]
Table 'Ursula II' 9-max Seat #2 is the button
Seat 2: Sunpower333 ($6.13 in chips) 
Seat 3: Dorex2007 ($2.02 in chips) 
Seat 4: Edymais2 ($1.79 in chips) 
Seat 6: chudak1000 ($2.46 in chips) 
Seat 7: mathplayer ($2.05 in chips) 
Seat 8: TheTreffer ($1.97 in chips) 
Seat 9: Tuhtyn ($1.59 in chips) 
Dorex2007: posts small blind $0.01
Edymais2: posts big blind $0.02
*** HOLE CARDS ***
Dealt to Dorex2007 [3s 4h]
chudak1000: folds 
mathplayer: folds 
TheTreffer: folds 
Tuhtyn: folds 
Sunpower333: calls $0.02
Dorex2007: folds 
Edymais2: checks 
*** FLOP *** [Jc Kh 8d]
Edymais2: checks 
Sunpower333: checks 
*** TURN *** [Jc Kh 8d] [Ts]
Edymais2: checks 
Sunpower333: checks 
*** RIVER *** [Jc Kh 8d Ts] [Ah]
Edymais2: checks 
Sunpower333: checks 
*** SHOW DOWN ***
Edymais2: shows [3h 4d] (high card Ace)
Sunpower333: shows [5c 5s] (a pair of Fives)
Sunpower333 collected $0.05 from pot
*** SUMMARY ***
Total pot $0.05 | Rake $0 
Board [Jc Kh 8d Ts Ah]
Seat 2: Sunpower333 (button) showed [5c 5s] and won ($0.05) with a pair of Fives
Seat 3: Dorex2007 (small blind) folded before Flop
Seat 4: Edymais2 (big blind) showed [3h 4d] and lost with high card Ace
Seat 6: chudak1000 folded before Flop (didn't bet)
Seat 7: mathplayer folded before Flop (didn't bet)
Seat 8: TheTreffer folded before Flop (didn't bet)
Seat 9: Tuhtyn folded before Flop (didn't bet)



PokerStars Hand #228362624896:  Hold'em No Limit ($0.01/$0.02 USD) - 2021/07/17 11:55:38 PT [2021/07/17 14:55:38 ET]
Table 'Ursula II' 9-max Seat #3 is the button
Seat 2: Sunpower333 ($6.16 in chips) 
Seat 3: Dorex2007 ($2.01 in chips) 
Seat 4: Edymais2 ($1.77 in chips) 
Seat 7: mathplayer ($2.05 in chips) 
Seat 8: TheTreffer ($1.97 in chips) 
Seat 9: Tuhtyn ($1.59 in chips) 
Edymais2: posts small blind $0.01
mathplayer: posts big blind $0.02
*** HOLE CARDS ***
Dealt to Dorex2007 [7h Kc]
TheTreffer: calls $0.02
Tuhtyn: calls $0.02
Sunpower333: folds 
Dorex2007: folds 
Edymais2: calls $0.01
mathplayer: checks 
*** FLOP *** [9d 2d 3c]
Edymais2: checks 
mathplayer: checks 
TheTreffer: checks 
Tuhtyn: bets $0.06
Edymais2: folds 
mathplayer: folds 
TheTreffer: calls $0.06
*** TURN *** [9d 2d 3c] [3s]
TheTreffer: bets $0.10
Tuhtyn: calls $0.10
*** RIVER *** [9d 2d 3c 3s] [Jd]
TheTreffer: checks 
Tuhtyn: checks 
*** SHOW DOWN ***
TheTreffer: shows [Qs 2h] (two pair, Threes and Deuces)
Tuhtyn: shows [Tc 9c] (two pair, Nines and Threes)
Tuhtyn collected $0.39 from pot
*** SUMMARY ***
Total pot $0.40 | Rake $0.01 
Board [9d 2d 3c 3s Jd]
Seat 2: Sunpower333 folded before Flop (didn't bet)
Seat 3: Dorex2007 (button) folded before Flop (didn't bet)
Seat 4: Edymais2 (small blind) folded on the Flop
Seat 7: mathplayer (big blind) folded on the Flop
Seat 8: TheTreffer showed [Qs 2h] and lost with two pair, Threes and Deuces
Seat 9: Tuhtyn showed [Tc 9c] and won ($0.39) with two pair, Nines and Threes



PokerStars Hand #228362647203:  Hold'em No Limit ($0.01/$0.02 USD) - 2021/07/17 11:56:54 PT [2021/07/17 14:56:54 ET]
Table 'Ursula II' 9-max Seat #4 is the button
Seat 2: Sunpower333 ($6.16 in chips) 
Seat 3: Dorex2007 ($2.01 in chips) 
Seat 4: Edymais2 ($1.75 in chips) 
Seat 7: mathplayer ($2.03 in chips) 
Seat 8: TheTreffer ($1.79 in chips) 
Seat 9: Tuhtyn ($1.80 in chips) 
mathplayer: posts small blind $0.01
TheTreffer: posts big blind $0.02
*** HOLE CARDS ***
Dealt to Dorex2007 [5s 5c]
Tuhtyn: folds 
Sunpower333: folds 
Dorex2007: calls $0.02
Edymais2: folds 
mathplayer: folds 
TheTreffer: checks 
*** FLOP *** [3c 7c 9d]
TheTreffer: bets $0.02
Dorex2007: calls $0.02
*** TURN *** [3c 7c 9d] [7h]
TheTreffer: bets $0.05
Dorex2007: calls $0.05
*** RIVER *** [3c 7c 9d 7h] [6h]
TheTreffer: bets $0.10
Dorex2007: folds 
Uncalled bet ($0.10) returned to TheTreffer
TheTreffer collected $0.18 from pot
TheTreffer: doesn't show hand 
*** SUMMARY ***
Total pot $0.19 | Rake $0.01 
Board [3c 7c 9d 7h 6h]
Seat 2: Sunpower333 folded before Flop (didn't bet)
Seat 3: Dorex2007 folded on the River
Seat 4: Edymais2 (button) folded before Flop (didn't bet)
Seat 7: mathplayer (small blind) folded before Flop
Seat 8: TheTreffer (big blind) collected ($0.18)
Seat 9: Tuhtyn folded before Flop (didn't bet)



PokerStars Hand #228362660833:  Hold'em No Limit ($0.01/$0.02 USD) - 2021/07/17 11:57:40 PT [2021/07/17 14:57:40 ET]
Table 'Ursula II' 9-max Seat #7 is the button
Seat 2: Sunpower333 ($6.16 in chips) 
Seat 3: Dorex2007 ($1.92 in chips) 
Seat 4: Edymais2 ($1.75 in chips) 
Seat 7: mathplayer ($2.02 in chips) 
Seat 8: TheTreffer ($1.88 in chips) 
Seat 9: Tuhtyn ($1.80 in chips) 
TheTreffer: posts small blind $0.01
Tuhtyn: posts big blind $0.02
*** HOLE CARDS ***
Dealt to Dorex2007 [8h Ad]
Sunpower333: folds 
Dorex2007: folds 
Edymais2: folds 
mathplayer has timed out
mathplayer: folds 
TheTreffer: calls $0.01
Tuhtyn: checks 
*** FLOP *** [5c Ts Kc]
TheTreffer: bets $0.06
Tuhtyn: folds 
Uncalled bet ($0.06) returned to TheTreffer
mathplayer is disconnected 
TheTreffer collected $0.04 from pot
TheTreffer: doesn't show hand 
*** SUMMARY ***
Total pot $0.04 | Rake $0 
Board [5c Ts Kc]
Seat 2: Sunpower333 folded before Flop (didn't bet)
Seat 3: Dorex2007 folded before Flop (didn't bet)
Seat 4: Edymais2 folded before Flop (didn't bet)
Seat 7: mathplayer (button) folded before Flop (didn't bet)
Seat 8: TheTreffer (small blind) collected ($0.04)
Seat 9: Tuhtyn (big blind) folded on the Flop



PokerStars Hand #228362673217:  Hold'em No Limit ($0.01/$0.02 USD) - 2021/07/17 11:58:23 PT [2021/07/17 14:58:23 ET]
Table 'Ursula II' 9-max Seat #8 is the button
Seat 2: Sunpower333 ($6.16 in chips) 
Seat 3: Dorex2007 ($1.92 in chips) 
Seat 4: Edymais2 ($1.75 in chips) 
Seat 8: TheTreffer ($1.90 in chips) 
Seat 9: Tuhtyn ($1.78 in chips) 
Tuhtyn: posts small blind $0.01
Sunpower333: posts big blind $0.02
*** HOLE CARDS ***
Dealt to Dorex2007 [Ac 3h]
Dorex2007: folds 
Edymais2: folds 
TheTreffer: folds 
Tuhtyn: calls $0.01
Sunpower333: checks 
*** FLOP *** [Kc As 4c]
Tuhtyn: checks 
Sunpower333: checks 
*** TURN *** [Kc As 4c] [Qs]
Tuhtyn: checks 
Sunpower333: checks 
*** RIVER *** [Kc As 4c Qs] [6h]
Tuhtyn: checks 
Sunpower333: checks 
*** SHOW DOWN ***
Tuhtyn: shows [5c 5d] (a pair of Fives)
Sunpower333: mucks hand 
Tuhtyn collected $0.04 from pot
*** SUMMARY ***
Total pot $0.04 | Rake $0 
Board [Kc As 4c Qs 6h]
Seat 2: Sunpower333 (big blind) mucked [3s 8s]
Seat 3: Dorex2007 folded before Flop (didn't bet)
Seat 4: Edymais2 folded before Flop (didn't bet)
Seat 8: TheTreffer (button) folded before Flop (didn't bet)
Seat 9: Tuhtyn (small blind) showed [5c 5d] and won ($0.04) with a pair of Fives



PokerStars Hand #228362681901:  Hold'em No Limit ($0.01/$0.02 USD) - 2021/07/17 11:58:52 PT [2021/07/17 14:58:52 ET]
Table 'Ursula II' 9-max Seat #9 is the button
Seat 2: Sunpower333 ($6.14 in chips) 
Seat 3: Dorex2007 ($1.92 in chips) 
Seat 4: Edymais2 ($1.75 in chips) 
Seat 8: TheTreffer ($1.90 in chips) 
Seat 9: Tuhtyn ($1.80 in chips) 
Sunpower333: posts small blind $0.01
Dorex2007: posts big blind $0.02
*** HOLE CARDS ***
Dealt to Dorex2007 [Jd 9c]
Edymais2: folds 
TheTreffer: calls $0.02
Tuhtyn: folds 
Sunpower333: folds 
Dorex2007: checks 
*** FLOP *** [2s Js Qh]
Dorex2007: checks 
TheTreffer: bets $0.06
Dorex2007: folds 
Uncalled bet ($0.06) returned to TheTreffer
TheTreffer collected $0.05 from pot
TheTreffer: doesn't show hand 
*** SUMMARY ***
Total pot $0.05 | Rake $0 
Board [2s Js Qh]
Seat 2: Sunpower333 (small blind) folded before Flop
Seat 3: Dorex2007 (big blind) folded on the Flop
Seat 4: Edymais2 folded before Flop (didn't bet)
Seat 8: TheTreffer collected ($0.05)
Seat 9: Tuhtyn (button) folded before Flop (didn't bet)



PokerStars Hand #228362689795:  Hold'em No Limit ($0.01/$0.02 USD) - 2021/07/17 11:59:18 PT [2021/07/17 14:59:18 ET]
Table 'Ursula II' 9-max Seat #2 is the button
Seat 2: Sunpower333 ($6.13 in chips) 
Seat 3: Dorex2007 ($1.90 in chips) 
Seat 4: Edymais2 ($1.75 in chips) 
Seat 8: TheTreffer ($1.93 in chips) 
Seat 9: Tuhtyn ($1.80 in chips) 
Dorex2007: posts small blind $0.01
Edymais2: posts big blind $0.02
*** HOLE CARDS ***
Dealt to Dorex2007 [5s Jc]
TheTreffer: raises $0.02 to $0.04
Tuhtyn: folds 
Sunpower333: folds 
Dorex2007: folds 
Edymais2: folds 
Uncalled bet ($0.02) returned to TheTreffer
TheTreffer collected $0.05 from pot
TheTreffer: doesn't show hand 
*** SUMMARY ***
Total pot $0.05 | Rake $0 
Seat 2: Sunpower333 (button) folded before Flop (didn't bet)
Seat 3: Dorex2007 (small blind) folded before Flop
Seat 4: Edymais2 (big blind) folded before Flop
Seat 8: TheTreffer collected ($0.05)
Seat 9: Tuhtyn folded before Flop (didn't bet)



