PokerStars Hand #224301744036:  Hold'em No Limit ($0.01/$0.02 USD) - 2021/02/28 0:03:03 PT [2021/02/28 3:03:03 ET]
Table 'Elinor' 9-max Seat #8 is the button
Seat 1: Alyasko ($1.01 in chips) 
Seat 2: kiling1 ($1.52 in chips) 
Seat 3: Dorex2007 ($1.50 in chips) 
Seat 4: laakts23 ($0.36 in chips) 
Seat 5: xZmey444x ($2.36 in chips) 
Seat 6: cosmo2608 ($1.79 in chips) 
Seat 8: Akashka2715 ($0.62 in chips) 
Seat 9: Tinidebocour ($1.78 in chips) 
Tinidebocour: posts small blind $0.01
Alyasko: posts big blind $0.02
Dorex2007: posts big blind $0.02
*** HOLE CARDS ***
Dealt to Dorex2007 [2d 3s]
kiling1: folds 
Dorex2007: checks 
laakts23: raises $0.34 to $0.36 and is all-in
xZmey444x: folds 
cosmo2608: folds 
Akashka2715: folds 
Tinidebocour: folds 
Alyasko: folds 
Dorex2007: folds 
Uncalled bet ($0.34) returned to laakts23
laakts23 collected $0.07 from pot
laakts23: doesn't show hand 
*** SUMMARY ***
Total pot $0.07 | Rake $0 
Seat 1: Alyasko (big blind) folded before Flop
Seat 2: kiling1 folded before Flop (didn't bet)
Seat 3: Dorex2007 folded before Flop (didn't bet)
Seat 4: laakts23 collected ($0.07)
Seat 5: xZmey444x folded before Flop (didn't bet)
Seat 6: cosmo2608 folded before Flop (didn't bet)
Seat 8: Akashka2715 (button) folded before Flop (didn't bet)
Seat 9: Tinidebocour (small blind) folded before Flop



PokerStars Hand #224301750337:  Hold'em No Limit ($0.01/$0.02 USD) - 2021/02/28 0:03:31 PT [2021/02/28 3:03:31 ET]
Table 'Elinor' 9-max Seat #9 is the button
Seat 1: Alyasko ($0.99 in chips) 
Seat 2: kiling1 ($1.52 in chips) 
Seat 3: Dorex2007 ($1.48 in chips) 
Seat 4: laakts23 ($0.41 in chips) 
Seat 5: xZmey444x ($2.36 in chips) 
Seat 6: cosmo2608 ($1.79 in chips) 
Seat 8: Akashka2715 ($0.62 in chips) 
Seat 9: Tinidebocour ($1.77 in chips) 
Alyasko: posts small blind $0.01
kiling1: posts big blind $0.02
*** HOLE CARDS ***
Dealt to Dorex2007 [9d Qh]
Dorex2007: folds 
laakts23: calls $0.02
xZmey444x: folds 
cosmo2608: folds 
Akashka2715: folds 
Tinidebocour: raises $0.04 to $0.06
Alyasko: folds 
kiling1: calls $0.04
laakts23: calls $0.04
*** FLOP *** [Ac 5c 2c]
kiling1: checks 
laakts23: checks 
Tinidebocour: checks 
*** TURN *** [Ac 5c 2c] [Ts]
kiling1: checks 
laakts23: checks 
Tinidebocour: checks 
*** RIVER *** [Ac 5c 2c Ts] [2h]
kiling1: checks 
laakts23: checks 
Tinidebocour: bets $0.06
hossy2525 was removed from the table for failing to post
hossy2525 leaves the table
Los Tigras joins the table at seat #7 
kiling1: folds 
laakts23: folds 
Uncalled bet ($0.06) returned to Tinidebocour
Tinidebocour collected $0.18 from pot
*** SUMMARY ***
Total pot $0.19 | Rake $0.01 
Board [Ac 5c 2c Ts 2h]
Seat 1: Alyasko (small blind) folded before Flop
Seat 2: kiling1 (big blind) folded on the River
Seat 3: Dorex2007 folded before Flop (didn't bet)
Seat 4: laakts23 folded on the River
Seat 5: xZmey444x folded before Flop (didn't bet)
Seat 6: cosmo2608 folded before Flop (didn't bet)
Seat 8: Akashka2715 folded before Flop (didn't bet)
Seat 9: Tinidebocour (button) collected ($0.18)



PokerStars Hand #224301769503:  Hold'em No Limit ($0.01/$0.02 USD) - 2021/02/28 0:04:55 PT [2021/02/28 3:04:55 ET]
Table 'Elinor' 9-max Seat #1 is the button
Seat 1: Alyasko ($0.98 in chips) 
Seat 2: kiling1 ($1.46 in chips) 
Seat 3: Dorex2007 ($1.48 in chips) 
Seat 4: laakts23 ($0.35 in chips) 
Seat 5: xZmey444x ($2.36 in chips) 
Seat 6: cosmo2608 ($1.79 in chips) 
Seat 8: Akashka2715 ($0.62 in chips) 
Seat 9: Tinidebocour ($1.89 in chips) 
kiling1: posts small blind $0.01
Dorex2007: posts big blind $0.02
Los Tigras: sits out 
*** HOLE CARDS ***
Dealt to Dorex2007 [Kc 6d]
laakts23: calls $0.02
xZmey444x: folds 
cosmo2608: folds 
Akashka2715: raises $0.02 to $0.04
Tinidebocour: folds 
Alyasko: folds 
kiling1: folds 
Dorex2007: folds 
laakts23: calls $0.02
*** FLOP *** [2d 7h 2h]
laakts23: checks 
Akashka2715: bets $0.02
laakts23: folds 
Uncalled bet ($0.02) returned to Akashka2715
Akashka2715 collected $0.11 from pot
Akashka2715: doesn't show hand 
*** SUMMARY ***
Total pot $0.11 | Rake $0 
Board [2d 7h 2h]
Seat 1: Alyasko (button) folded before Flop (didn't bet)
Seat 2: kiling1 (small blind) folded before Flop
Seat 3: Dorex2007 (big blind) folded before Flop
Seat 4: laakts23 folded on the Flop
Seat 5: xZmey444x folded before Flop (didn't bet)
Seat 6: cosmo2608 folded before Flop (didn't bet)
Seat 8: Akashka2715 collected ($0.11)
Seat 9: Tinidebocour folded before Flop (didn't bet)



PokerStars Hand #224301777374:  Hold'em No Limit ($0.01/$0.02 USD) - 2021/02/28 0:05:29 PT [2021/02/28 3:05:29 ET]
Table 'Elinor' 9-max Seat #2 is the button
Seat 1: Alyasko ($0.98 in chips) 
Seat 2: kiling1 ($1.45 in chips) 
Seat 3: Dorex2007 ($1.46 in chips) 
Seat 4: laakts23 ($0.31 in chips) 
Seat 5: xZmey444x ($2.36 in chips) 
Seat 6: cosmo2608 ($1.79 in chips) 
Seat 8: Akashka2715 ($0.69 in chips) 
Seat 9: Tinidebocour ($1.89 in chips) 
Dorex2007: posts small blind $0.01
laakts23: posts big blind $0.02
Los Tigras: sits out 
*** HOLE CARDS ***
Dealt to Dorex2007 [7s Ad]
xZmey444x: folds 
cosmo2608: raises $0.08 to $0.10
Akashka2715: calls $0.10
Tinidebocour: folds 
Alyasko: folds 
kiling1: folds 
Dorex2007: folds 
laakts23: folds 
*** FLOP *** [Kh Qs Ks]
cosmo2608: bets $0.22
Akashka2715: calls $0.22
*** TURN *** [Kh Qs Ks] [9h]
cosmo2608: bets $0.42
Akashka2715: calls $0.37 and is all-in
Uncalled bet ($0.05) returned to cosmo2608
*** RIVER *** [Kh Qs Ks 9h] [7d]
*** SHOW DOWN ***
cosmo2608: shows [Kc Ah] (three of a kind, Kings)
Akashka2715: shows [Js Ts] (a straight, Nine to King)
Akashka2715 collected $1.36 from pot
*** SUMMARY ***
Total pot $1.41 | Rake $0.05 
Board [Kh Qs Ks 9h 7d]
Seat 1: Alyasko folded before Flop (didn't bet)
Seat 2: kiling1 (button) folded before Flop (didn't bet)
Seat 3: Dorex2007 (small blind) folded before Flop
Seat 4: laakts23 (big blind) folded before Flop
Seat 5: xZmey444x folded before Flop (didn't bet)
Seat 6: cosmo2608 showed [Kc Ah] and lost with three of a kind, Kings
Seat 8: Akashka2715 showed [Js Ts] and won ($1.36) with a straight, Nine to King
Seat 9: Tinidebocour folded before Flop (didn't bet)



PokerStars Hand #224301793053:  Hold'em No Limit ($0.01/$0.02 USD) - 2021/02/28 0:06:37 PT [2021/02/28 3:06:37 ET]
Table 'Elinor' 9-max Seat #3 is the button
Seat 1: Alyasko ($0.98 in chips) 
Seat 2: kiling1 ($1.45 in chips) 
Seat 3: Dorex2007 ($1.45 in chips) 
Seat 4: laakts23 ($0.29 in chips) 
Seat 5: xZmey444x ($2.36 in chips) 
Seat 6: cosmo2608 ($1.10 in chips) 
Seat 8: Akashka2715 ($1.36 in chips) 
Seat 9: Tinidebocour ($1.89 in chips) 
laakts23: posts small blind $0.01
xZmey444x: posts big blind $0.02
Los Tigras: sits out 
*** HOLE CARDS ***
Dealt to Dorex2007 [Qd Ah]
cosmo2608 has timed out
cosmo2608: folds 
Akashka2715 has timed out
Akashka2715: folds 
Tinidebocour: folds 
Alyasko: folds 
kiling1: folds 
Dorex2007: raises $0.04 to $0.06
laakts23: folds 
xZmey444x: folds 
Uncalled bet ($0.04) returned to Dorex2007
Dorex2007 collected $0.05 from pot
Dorex2007: doesn't show hand 
*** SUMMARY ***
Total pot $0.05 | Rake $0 
Seat 1: Alyasko folded before Flop (didn't bet)
Seat 2: kiling1 folded before Flop (didn't bet)
Seat 3: Dorex2007 (button) collected ($0.05)
Seat 4: laakts23 (small blind) folded before Flop
Seat 5: xZmey444x (big blind) folded before Flop
Seat 6: cosmo2608 folded before Flop (didn't bet)
Seat 8: Akashka2715 folded before Flop (didn't bet)
Seat 9: Tinidebocour folded before Flop (didn't bet)



PokerStars Hand #224301803087:  Hold'em No Limit ($0.01/$0.02 USD) - 2021/02/28 0:07:21 PT [2021/02/28 3:07:21 ET]
Table 'Elinor' 9-max Seat #4 is the button
Seat 1: Alyasko ($0.98 in chips) 
Seat 2: kiling1 ($1.45 in chips) 
Seat 3: Dorex2007 ($1.48 in chips) 
Seat 4: laakts23 ($0.28 in chips) 
Seat 5: xZmey444x ($2.34 in chips) 
Seat 6: cosmo2608 ($1.10 in chips) 
Seat 8: Akashka2715 ($1.36 in chips) 
Seat 9: Tinidebocour ($1.89 in chips) 
xZmey444x: posts small blind $0.01
cosmo2608: posts big blind $0.02
Los Tigras: sits out 
*** HOLE CARDS ***
Dealt to Dorex2007 [5c 6s]
Akashka2715: folds 
Tinidebocour: calls $0.02
Alyasko: folds 
kiling1: folds 
Dorex2007: folds 
laakts23: calls $0.02
xZmey444x: calls $0.01
cosmo2608: checks 
*** FLOP *** [5h Qs 4h]
xZmey444x: checks 
cosmo2608: checks 
Tinidebocour: checks 
laakts23: bets $0.08
xZmey444x: calls $0.08
cosmo2608: folds 
Tinidebocour: folds 
*** TURN *** [5h Qs 4h] [7c]
xZmey444x: checks 
laakts23: bets $0.18 and is all-in
xZmey444x: calls $0.18
*** RIVER *** [5h Qs 4h 7c] [5d]
*** SHOW DOWN ***
xZmey444x: shows [3h 7h] (two pair, Sevens and Fives)
laakts23: shows [Tc Qc] (two pair, Queens and Fives)
laakts23 collected $0.58 from pot
*** SUMMARY ***
Total pot $0.60 | Rake $0.02 
Board [5h Qs 4h 7c 5d]
Seat 1: Alyasko folded before Flop (didn't bet)
Seat 2: kiling1 folded before Flop (didn't bet)
Seat 3: Dorex2007 folded before Flop (didn't bet)
Seat 4: laakts23 (button) showed [Tc Qc] and won ($0.58) with two pair, Queens and Fives
Seat 5: xZmey444x (small blind) showed [3h 7h] and lost with two pair, Sevens and Fives
Seat 6: cosmo2608 (big blind) folded on the Flop
Seat 8: Akashka2715 folded before Flop (didn't bet)
Seat 9: Tinidebocour folded on the Flop



PokerStars Hand #224301817718:  Hold'em No Limit ($0.01/$0.02 USD) - 2021/02/28 0:08:26 PT [2021/02/28 3:08:26 ET]
Table 'Elinor' 9-max Seat #5 is the button
Seat 1: Alyasko ($0.98 in chips) 
Seat 2: kiling1 ($1.45 in chips) 
Seat 3: Dorex2007 ($1.48 in chips) 
Seat 4: laakts23 ($0.58 in chips) 
Seat 5: xZmey444x ($2.06 in chips) 
Seat 6: cosmo2608 ($1.08 in chips) 
Seat 7: Los Tigras ($2 in chips) 
Seat 8: Akashka2715 ($1.36 in chips) 
Seat 9: Tinidebocour ($1.87 in chips) 
cosmo2608: posts small blind $0.01
Los Tigras: posts big blind $0.02
*** HOLE CARDS ***
Dealt to Dorex2007 [4d 2h]
Akashka2715: folds 
Tinidebocour: folds 
Alyasko: folds 
kiling1: folds 
Dorex2007 has timed out
Dorex2007: folds 
laakts23: calls $0.02
xZmey444x: folds 
cosmo2608: calls $0.01
Los Tigras: checks 
*** FLOP *** [9s 4s Jc]
cosmo2608: checks 
Los Tigras: checks 
laakts23: checks 
*** TURN *** [9s 4s Jc] [2s]
cosmo2608: bets $0.04
Los Tigras: folds 
laakts23: folds 
Uncalled bet ($0.04) returned to cosmo2608
cosmo2608 collected $0.06 from pot
cosmo2608: doesn't show hand 
*** SUMMARY ***
Total pot $0.06 | Rake $0 
Board [9s 4s Jc 2s]
Seat 1: Alyasko folded before Flop (didn't bet)
Seat 2: kiling1 folded before Flop (didn't bet)
Seat 3: Dorex2007 folded before Flop (didn't bet)
Seat 4: laakts23 folded on the Turn
Seat 5: xZmey444x (button) folded before Flop (didn't bet)
Seat 6: cosmo2608 (small blind) collected ($0.06)
Seat 7: Los Tigras (big blind) folded on the Turn
Seat 8: Akashka2715 folded before Flop (didn't bet)
Seat 9: Tinidebocour folded before Flop (didn't bet)



PokerStars Hand #224301829589:  Hold'em No Limit ($0.01/$0.02 USD) - 2021/02/28 0:09:18 PT [2021/02/28 3:09:18 ET]
Table 'Elinor' 9-max Seat #6 is the button
Seat 1: Alyasko ($0.98 in chips) 
Seat 2: kiling1 ($1.45 in chips) 
Seat 3: Dorex2007 ($1.48 in chips) 
Seat 4: laakts23 ($0.56 in chips) 
Seat 5: xZmey444x ($2.06 in chips) 
Seat 6: cosmo2608 ($1.12 in chips) 
Seat 7: Los Tigras ($2 in chips) 
Seat 8: Akashka2715 ($1.36 in chips) 
Seat 9: Tinidebocour ($1.87 in chips) 
Los Tigras: posts small blind $0.01
Akashka2715: posts big blind $0.02
*** HOLE CARDS ***
Dealt to Dorex2007 [6s Qd]
Tinidebocour: folds 
Alyasko: folds 
kiling1 has timed out
kiling1: folds 
kiling1 leaves the table
Dorex2007: folds 
laakts23: calls $0.02
xZmey444x: folds 
pokerIman27 joins the table at seat #2 
cosmo2608: calls $0.02
Los Tigras: folds 
Akashka2715: checks 
*** FLOP *** [6h 4s 7h]
Akashka2715: checks 
laakts23: checks 
cosmo2608: bets $0.06
Akashka2715: folds 
laakts23: calls $0.06
*** TURN *** [6h 4s 7h] [2d]
laakts23: checks 
cosmo2608: bets $0.09
laakts23: calls $0.09
*** RIVER *** [6h 4s 7h 2d] [3c]
laakts23: bets $0.02
cosmo2608: raises $0.46 to $0.48
laakts23: folds 
Uncalled bet ($0.46) returned to cosmo2608
cosmo2608 collected $0.40 from pot
cosmo2608: doesn't show hand 
*** SUMMARY ***
Total pot $0.41 | Rake $0.01 
Board [6h 4s 7h 2d 3c]
Seat 1: Alyasko folded before Flop (didn't bet)
Seat 2: kiling1 folded before Flop (didn't bet)
Seat 3: Dorex2007 folded before Flop (didn't bet)
Seat 4: laakts23 folded on the River
Seat 5: xZmey444x folded before Flop (didn't bet)
Seat 6: cosmo2608 (button) collected ($0.40)
Seat 7: Los Tigras (small blind) folded before Flop
Seat 8: Akashka2715 (big blind) folded on the Flop
Seat 9: Tinidebocour folded before Flop (didn't bet)



PokerStars Hand #224301853358:  Hold'em No Limit ($0.01/$0.02 USD) - 2021/02/28 0:11:03 PT [2021/02/28 3:11:03 ET]
Table 'Elinor' 9-max Seat #7 is the button
Seat 1: Alyasko ($0.98 in chips) 
Seat 2: pokerIman27 ($1.60 in chips) 
Seat 3: Dorex2007 ($1.48 in chips) 
Seat 4: laakts23 ($0.37 in chips) 
Seat 5: xZmey444x ($2.06 in chips) 
Seat 6: cosmo2608 ($1.33 in chips) 
Seat 7: Los Tigras ($2 in chips) 
Seat 8: Akashka2715 ($1.34 in chips) 
Seat 9: Tinidebocour ($1.87 in chips) 
Akashka2715: posts small blind $0.01
Tinidebocour: posts big blind $0.02
pokerIman27: posts big blind $0.02
*** HOLE CARDS ***
Dealt to Dorex2007 [5c 6c]
Alyasko: folds 
pokerIman27: checks 
Dorex2007: calls $0.02
laakts23: raises $0.02 to $0.04
xZmey444x: folds 
cosmo2608: folds 
Los Tigras: folds 
Akashka2715: folds 
Tinidebocour: calls $0.02
pokerIman27: calls $0.02
Dorex2007: calls $0.02
*** FLOP *** [Jc 2s 9h]
Tinidebocour: bets $0.06
pokerIman27: folds 
Dorex2007: folds 
laakts23: raises $0.27 to $0.33 and is all-in
Tinidebocour: calls $0.27
*** TURN *** [Jc 2s 9h] [8c]
*** RIVER *** [Jc 2s 9h 8c] [5s]
*** SHOW DOWN ***
Tinidebocour: shows [Jd 6h] (a pair of Jacks)
laakts23: shows [Ac 9c] (a pair of Nines)
Tinidebocour collected $0.80 from pot
*** SUMMARY ***
Total pot $0.83 | Rake $0.03 
Board [Jc 2s 9h 8c 5s]
Seat 1: Alyasko folded before Flop (didn't bet)
Seat 2: pokerIman27 folded on the Flop
Seat 3: Dorex2007 folded on the Flop
Seat 4: laakts23 showed [Ac 9c] and lost with a pair of Nines
Seat 5: xZmey444x folded before Flop (didn't bet)
Seat 6: cosmo2608 folded before Flop (didn't bet)
Seat 7: Los Tigras (button) folded before Flop (didn't bet)
Seat 8: Akashka2715 (small blind) folded before Flop
Seat 9: Tinidebocour (big blind) showed [Jd 6h] and won ($0.80) with a pair of Jacks



PokerStars Hand #224301870994:  Hold'em No Limit ($0.01/$0.02 USD) - 2021/02/28 0:11:58 PT [2021/02/28 3:11:58 ET]
Table 'Elinor' 9-max Seat #8 is the button
Seat 1: Alyasko ($0.98 in chips) 
Seat 2: pokerIman27 ($1.56 in chips) 
Seat 3: Dorex2007 ($1.44 in chips) 
Seat 5: xZmey444x ($2.06 in chips) 
Seat 6: cosmo2608 ($1.33 in chips) 
Seat 7: Los Tigras ($2 in chips) 
Seat 8: Akashka2715 ($1.33 in chips) 
Seat 9: Tinidebocour ($2.30 in chips) 
Tinidebocour: posts small blind $0.01
Alyasko: posts big blind $0.02
*** HOLE CARDS ***
Dealt to Dorex2007 [Qd Jd]
pokerIman27: folds 
Dorex2007: raises $0.04 to $0.06
xZmey444x: folds 
cosmo2608: folds 
laakts23 leaves the table
Los Tigras: folds 
Akashka2715: folds 
Tinidebocour: folds 
Alyasko: folds 
Uncalled bet ($0.04) returned to Dorex2007
Dorex2007 collected $0.05 from pot
Dorex2007: doesn't show hand 
*** SUMMARY ***
Total pot $0.05 | Rake $0 
Seat 1: Alyasko (big blind) folded before Flop
Seat 2: pokerIman27 folded before Flop (didn't bet)
Seat 3: Dorex2007 collected ($0.05)
Seat 5: xZmey444x folded before Flop (didn't bet)
Seat 6: cosmo2608 folded before Flop (didn't bet)
Seat 7: Los Tigras folded before Flop (didn't bet)
Seat 8: Akashka2715 (button) folded before Flop (didn't bet)
Seat 9: Tinidebocour (small blind) folded before Flop



PokerStars Hand #224301875348:  Hold'em No Limit ($0.01/$0.02 USD) - 2021/02/28 0:12:17 PT [2021/02/28 3:12:17 ET]
Table 'Elinor' 9-max Seat #9 is the button
Seat 1: Alyasko ($0.96 in chips) 
Seat 2: pokerIman27 ($1.56 in chips) 
Seat 3: Dorex2007 ($1.47 in chips) 
Seat 5: xZmey444x ($2.06 in chips) 
Seat 6: cosmo2608 ($1.33 in chips) 
Seat 7: Los Tigras ($2 in chips) 
Seat 8: Akashka2715 ($1.33 in chips) 
Seat 9: Tinidebocour ($2.29 in chips) 
Alyasko: posts small blind $0.01
pokerIman27: posts big blind $0.02
*** HOLE CARDS ***
Dealt to Dorex2007 [7d Tc]
Dorex2007: folds 
xZmey444x: folds 
cosmo2608: folds 
Los Tigras: raises $0.03 to $0.05
Akashka2715: folds 
Tinidebocour: folds 
Alyasko: folds 
pokerIman27: folds 
Uncalled bet ($0.03) returned to Los Tigras
Los Tigras collected $0.05 from pot
Los Tigras: doesn't show hand 
*** SUMMARY ***
Total pot $0.05 | Rake $0 
Seat 1: Alyasko (small blind) folded before Flop
Seat 2: pokerIman27 (big blind) folded before Flop
Seat 3: Dorex2007 folded before Flop (didn't bet)
Seat 5: xZmey444x folded before Flop (didn't bet)
Seat 6: cosmo2608 folded before Flop (didn't bet)
Seat 7: Los Tigras collected ($0.05)
Seat 8: Akashka2715 folded before Flop (didn't bet)
Seat 9: Tinidebocour (button) folded before Flop (didn't bet)



PokerStars Hand #224301878243:  Hold'em No Limit ($0.01/$0.02 USD) - 2021/02/28 0:12:30 PT [2021/02/28 3:12:30 ET]
Table 'Elinor' 9-max Seat #1 is the button
Seat 1: Alyasko ($0.95 in chips) 
Seat 2: pokerIman27 ($1.54 in chips) 
Seat 3: Dorex2007 ($1.47 in chips) 
Seat 5: xZmey444x ($2.06 in chips) 
Seat 6: cosmo2608 ($1.33 in chips) 
Seat 7: Los Tigras ($2.03 in chips) 
Seat 8: Akashka2715 ($1.33 in chips) 
Seat 9: Tinidebocour ($2.29 in chips) 
pokerIman27: posts small blind $0.01
Dorex2007: posts big blind $0.02
*** HOLE CARDS ***
Dealt to Dorex2007 [3d 9c]
xZmey444x: folds 
cosmo2608: calls $0.02
Los Tigras: folds 
Akashka2715: folds 
Tinidebocour: folds 
flooorin21 joins the table at seat #4 
Alyasko: folds 
pokerIman27: calls $0.01
Dorex2007: checks 
*** FLOP *** [2d 6h 5s]
pokerIman27: checks 
Dorex2007: checks 
cosmo2608: bets $0.06
pokerIman27: folds 
Dorex2007: folds 
Uncalled bet ($0.06) returned to cosmo2608
cosmo2608 collected $0.06 from pot
cosmo2608: doesn't show hand 
*** SUMMARY ***
Total pot $0.06 | Rake $0 
Board [2d 6h 5s]
Seat 1: Alyasko (button) folded before Flop (didn't bet)
Seat 2: pokerIman27 (small blind) folded on the Flop
Seat 3: Dorex2007 (big blind) folded on the Flop
Seat 5: xZmey444x folded before Flop (didn't bet)
Seat 6: cosmo2608 collected ($0.06)
Seat 7: Los Tigras folded before Flop (didn't bet)
Seat 8: Akashka2715 folded before Flop (didn't bet)
Seat 9: Tinidebocour folded before Flop (didn't bet)



PokerStars Hand #224301886412:  Hold'em No Limit ($0.01/$0.02 USD) - 2021/02/28 0:13:06 PT [2021/02/28 3:13:06 ET]
Table 'Elinor' 9-max Seat #2 is the button
Seat 1: Alyasko ($0.95 in chips) 
Seat 2: pokerIman27 ($1.52 in chips) 
Seat 3: Dorex2007 ($1.45 in chips) 
Seat 4: flooorin21 ($2 in chips) 
Seat 5: xZmey444x ($2.06 in chips) 
Seat 6: cosmo2608 ($1.37 in chips) 
Seat 7: Los Tigras ($2.03 in chips) 
Seat 8: Akashka2715 ($1.33 in chips) 
Seat 9: Tinidebocour ($2.29 in chips) 
Dorex2007: posts small blind $0.01
flooorin21: posts big blind $0.02
*** HOLE CARDS ***
Dealt to Dorex2007 [4d 4c]
xZmey444x: folds 
cosmo2608: folds 
Los Tigras: folds 
Akashka2715: calls $0.02
Tinidebocour: folds 
Alyasko: folds 
pokerIman27: folds 
Dorex2007: calls $0.01
flooorin21: checks 
*** FLOP *** [9d Th 5c]
Dorex2007: checks 
flooorin21: checks 
Akashka2715: checks 
*** TURN *** [9d Th 5c] [Kc]
Dorex2007: checks 
flooorin21: bets $0.04
Akashka2715: folds 
Dorex2007: folds 
Uncalled bet ($0.04) returned to flooorin21
flooorin21 collected $0.06 from pot
flooorin21: doesn't show hand 
*** SUMMARY ***
Total pot $0.06 | Rake $0 
Board [9d Th 5c Kc]
Seat 1: Alyasko folded before Flop (didn't bet)
Seat 2: pokerIman27 (button) folded before Flop (didn't bet)
Seat 3: Dorex2007 (small blind) folded on the Turn
Seat 4: flooorin21 (big blind) collected ($0.06)
Seat 5: xZmey444x folded before Flop (didn't bet)
Seat 6: cosmo2608 folded before Flop (didn't bet)
Seat 7: Los Tigras folded before Flop (didn't bet)
Seat 8: Akashka2715 folded on the Turn
Seat 9: Tinidebocour folded before Flop (didn't bet)



PokerStars Hand #224301895716:  Hold'em No Limit ($0.01/$0.02 USD) - 2021/02/28 0:13:46 PT [2021/02/28 3:13:46 ET]
Table 'Elinor' 9-max Seat #3 is the button
Seat 1: Alyasko ($0.95 in chips) 
Seat 2: pokerIman27 ($1.52 in chips) 
Seat 3: Dorex2007 ($1.43 in chips) 
Seat 4: flooorin21 ($2.04 in chips) 
Seat 5: xZmey444x ($2.06 in chips) 
Seat 6: cosmo2608 ($1.37 in chips) 
Seat 7: Los Tigras ($2.03 in chips) 
Seat 8: Akashka2715 ($1.31 in chips) 
Seat 9: Tinidebocour ($2.29 in chips) 
flooorin21: posts small blind $0.01
xZmey444x: posts big blind $0.02
*** HOLE CARDS ***
Dealt to Dorex2007 [Qd Qc]
cosmo2608: folds 
Los Tigras: folds 
cosmo2608 leaves the table
Akashka2715: calls $0.02
Tinidebocour: calls $0.02
Alyasko: folds 
pokerIman27: calls $0.02
Dorex2007: raises $0.04 to $0.06
flooorin21: folds 
xZmey444x: calls $0.04
Akashka2715: calls $0.04
Tinidebocour: calls $0.04
pokerIman27: calls $0.04
*** FLOP *** [Ah 8s Td]
xZmey444x: checks 
Akashka2715: bets $0.10
Tinidebocour: folds 
pokerIman27: folds 
Dorex2007: calls $0.10
xZmey444x: calls $0.10
*** TURN *** [Ah 8s Td] [9h]
pink-himera joins the table at seat #6 
xZmey444x: checks 
Akashka2715: bets $0.10
Dorex2007: calls $0.10
xZmey444x: calls $0.10
*** RIVER *** [Ah 8s Td 9h] [9s]
xZmey444x: checks 
Akashka2715: bets $0.30
Dorex2007: folds 
xZmey444x: calls $0.30
*** SHOW DOWN ***
Akashka2715: shows [Tc Th] (a full house, Tens full of Nines)
xZmey444x: mucks hand 
Akashka2715 collected $1.46 from pot
*** SUMMARY ***
Total pot $1.51 | Rake $0.05 
Board [Ah 8s Td 9h 9s]
Seat 1: Alyasko folded before Flop (didn't bet)
Seat 2: pokerIman27 folded on the Flop
Seat 3: Dorex2007 (button) folded on the River
Seat 4: flooorin21 (small blind) folded before Flop
Seat 5: xZmey444x (big blind) mucked [Ts Js]
Seat 6: cosmo2608 folded before Flop (didn't bet)
Seat 7: Los Tigras folded before Flop (didn't bet)
Seat 8: Akashka2715 showed [Tc Th] and won ($1.46) with a full house, Tens full of Nines
Seat 9: Tinidebocour folded on the Flop



PokerStars Hand #224301911373:  Hold'em No Limit ($0.01/$0.02 USD) - 2021/02/28 0:14:55 PT [2021/02/28 3:14:55 ET]
Table 'Elinor' 9-max Seat #4 is the button
Seat 1: Alyasko ($0.95 in chips) 
Seat 2: pokerIman27 ($1.46 in chips) 
Seat 3: Dorex2007 ($1.17 in chips) 
Seat 4: flooorin21 ($2.03 in chips) 
Seat 5: xZmey444x ($2 in chips) 
Seat 6: pink-himera ($1.98 in chips) 
Seat 7: Los Tigras ($2.03 in chips) 
Seat 8: Akashka2715 ($2.21 in chips) 
Seat 9: Tinidebocour ($2.23 in chips) 
xZmey444x: posts small blind $0.01
pink-himera: posts big blind $0.02
*** HOLE CARDS ***
Dealt to Dorex2007 [Ts 9d]
Los Tigras: folds 
Akashka2715: raises $0.04 to $0.06
Tinidebocour: folds 
Alyasko: folds 
pokerIman27: folds 
Dorex2007: folds 
flooorin21: folds 
xZmey444x: folds 
pink-himera: folds 
Uncalled bet ($0.04) returned to Akashka2715
Akashka2715 collected $0.05 from pot
Akashka2715: doesn't show hand 
*** SUMMARY ***
Total pot $0.05 | Rake $0 
Seat 1: Alyasko folded before Flop (didn't bet)
Seat 2: pokerIman27 folded before Flop (didn't bet)
Seat 3: Dorex2007 folded before Flop (didn't bet)
Seat 4: flooorin21 (button) folded before Flop (didn't bet)
Seat 5: xZmey444x (small blind) folded before Flop
Seat 6: pink-himera (big blind) folded before Flop
Seat 7: Los Tigras folded before Flop (didn't bet)
Seat 8: Akashka2715 collected ($0.05)
Seat 9: Tinidebocour folded before Flop (didn't bet)



