PokerStars Hand #223703884156:  Hold'em No Limit ($0.01/$0.02 USD) - 2021/02/11 16:38:45 PT [2021/02/11 19:38:45 ET]
Table 'Undina IV' 9-max Seat #3 is the button
Seat 1: kvzonx100pre ($2.06 in chips) 
Seat 2: erlis82 ($2.68 in chips) 
Seat 3: S-Cheshir ($1.73 in chips) 
Seat 4: IDULSOR4 ($4.71 in chips) 
Seat 5: Toppi888 ($2 in chips) 
Seat 6: Dorex2007 ($1.22 in chips) 
Seat 7: trueJamaican ($3.55 in chips) 
Seat 8: D_S_S2804 ($0.67 in chips) 
Seat 9: arodrigues99 ($1.99 in chips) 
IDULSOR4: posts small blind $0.01
Toppi888: posts big blind $0.02
*** HOLE CARDS ***
Dealt to Dorex2007 [5c As]
Dorex2007: folds 
trueJamaican: folds 
D_S_S2804: folds 
D_S_S2804 leaves the table
arodrigues99: raises $0.02 to $0.04
kvzonx100pre: folds 
erlis82: folds 
S-Cheshir: folds 
IDULSOR4: calls $0.03
Toppi888: folds 
*** FLOP *** [3h 8d 2s]
IDULSOR4: checks 
arodrigues99: bets $0.06
Zauberer_1 joins the table at seat #8 
IDULSOR4: folds 
Uncalled bet ($0.06) returned to arodrigues99
arodrigues99 collected $0.10 from pot
arodrigues99: doesn't show hand 
*** SUMMARY ***
Total pot $0.10 | Rake $0 
Board [3h 8d 2s]
Seat 1: kvzonx100pre folded before Flop (didn't bet)
Seat 2: erlis82 folded before Flop (didn't bet)
Seat 3: S-Cheshir (button) folded before Flop (didn't bet)
Seat 4: IDULSOR4 (small blind) folded on the Flop
Seat 5: Toppi888 (big blind) folded before Flop
Seat 6: Dorex2007 folded before Flop (didn't bet)
Seat 7: trueJamaican folded before Flop (didn't bet)
Seat 8: D_S_S2804 folded before Flop (didn't bet)
Seat 9: arodrigues99 collected ($0.10)



PokerStars Hand #223703900951:  Hold'em No Limit ($0.01/$0.02 USD) - 2021/02/11 16:39:23 PT [2021/02/11 19:39:23 ET]
Table 'Undina IV' 9-max Seat #4 is the button
Seat 1: kvzonx100pre ($2.06 in chips) 
Seat 2: erlis82 ($2.68 in chips) 
Seat 3: S-Cheshir ($1.73 in chips) 
Seat 4: IDULSOR4 ($4.67 in chips) 
Seat 5: Toppi888 ($2 in chips) 
Seat 6: Dorex2007 ($1.22 in chips) 
Seat 7: trueJamaican ($3.55 in chips) 
Seat 9: arodrigues99 ($2.05 in chips) 
Toppi888: posts small blind $0.01
Dorex2007: posts big blind $0.02
Zauberer_1: sits out 
*** HOLE CARDS ***
Dealt to Dorex2007 [Jc Kh]
trueJamaican: folds 
arodrigues99: folds 
kvzonx100pre: folds 
erlis82: calls $0.02
S-Cheshir: folds 
IDULSOR4: folds 
Toppi888: folds 
Dorex2007: checks 
*** FLOP *** [8c 8h Ts]
Dorex2007: checks 
erlis82: checks 
*** TURN *** [8c 8h Ts] [Qd]
Dorex2007: checks 
erlis82: bets $0.06
Dorex2007: raises $0.10 to $0.16
erlis82: calls $0.10
*** RIVER *** [8c 8h Ts Qd] [Kc]
Dorex2007: bets $0.36
erlis82: calls $0.36
*** SHOW DOWN ***
Dorex2007: shows [Jc Kh] (two pair, Kings and Eights)
erlis82: shows [9c 8d] (three of a kind, Eights)
erlis82 collected $1.05 from pot
*** SUMMARY ***
Total pot $1.09 | Rake $0.04 
Board [8c 8h Ts Qd Kc]
Seat 1: kvzonx100pre folded before Flop (didn't bet)
Seat 2: erlis82 showed [9c 8d] and won ($1.05) with three of a kind, Eights
Seat 3: S-Cheshir folded before Flop (didn't bet)
Seat 4: IDULSOR4 (button) folded before Flop (didn't bet)
Seat 5: Toppi888 (small blind) folded before Flop
Seat 6: Dorex2007 (big blind) showed [Jc Kh] and lost with two pair, Kings and Eights
Seat 7: trueJamaican folded before Flop (didn't bet)
Seat 9: arodrigues99 folded before Flop (didn't bet)



PokerStars Hand #223703922881:  Hold'em No Limit ($0.01/$0.02 USD) - 2021/02/11 16:40:13 PT [2021/02/11 19:40:13 ET]
Table 'Undina IV' 9-max Seat #5 is the button
Seat 1: kvzonx100pre ($2.06 in chips) 
Seat 2: erlis82 ($3.19 in chips) 
Seat 3: S-Cheshir ($1.73 in chips) 
Seat 4: IDULSOR4 ($4.67 in chips) 
Seat 5: Toppi888 ($2 in chips) 
Seat 6: Dorex2007 ($0.68 in chips) 
Seat 7: trueJamaican ($3.55 in chips) 
Seat 9: arodrigues99 ($2.05 in chips) 
Dorex2007: posts small blind $0.01
trueJamaican: posts big blind $0.02
Zauberer_1: sits out 
*** HOLE CARDS ***
Dealt to Dorex2007 [Kd 9h]
arodrigues99: folds 
kvzonx100pre: folds 
erlis82: calls $0.02
S-Cheshir: folds 
IDULSOR4: calls $0.02
Toppi888: folds 
Dorex2007: folds 
trueJamaican: checks 
*** FLOP *** [Jc 9d 4h]
trueJamaican: checks 
erlis82: checks 
IDULSOR4: checks 
*** TURN *** [Jc 9d 4h] [2c]
trueJamaican: checks 
erlis82: checks 
IDULSOR4: checks 
*** RIVER *** [Jc 9d 4h 2c] [9s]
trueJamaican: checks 
erlis82: checks 
IDULSOR4: checks 
*** SHOW DOWN ***
trueJamaican: shows [5s 8c] (a pair of Nines)
erlis82: shows [Ac 3c] (a pair of Nines - Ace kicker)
IDULSOR4: mucks hand 
erlis82 collected $0.07 from pot
*** SUMMARY ***
Total pot $0.07 | Rake $0 
Board [Jc 9d 4h 2c 9s]
Seat 1: kvzonx100pre folded before Flop (didn't bet)
Seat 2: erlis82 showed [Ac 3c] and won ($0.07) with a pair of Nines
Seat 3: S-Cheshir folded before Flop (didn't bet)
Seat 4: IDULSOR4 mucked [Td 7d]
Seat 5: Toppi888 (button) folded before Flop (didn't bet)
Seat 6: Dorex2007 (small blind) folded before Flop
Seat 7: trueJamaican (big blind) showed [5s 8c] and lost with a pair of Nines
Seat 9: arodrigues99 folded before Flop (didn't bet)



PokerStars Hand #223703953071:  Hold'em No Limit ($0.01/$0.02 USD) - 2021/02/11 16:41:13 PT [2021/02/11 19:41:13 ET]
Table 'Undina IV' 9-max Seat #6 is the button
Seat 1: kvzonx100pre ($2.06 in chips) 
Seat 2: erlis82 ($3.24 in chips) 
Seat 3: S-Cheshir ($1.73 in chips) 
Seat 4: IDULSOR4 ($4.65 in chips) 
Seat 5: Toppi888 ($2 in chips) 
Seat 6: Dorex2007 ($0.67 in chips) 
Seat 7: trueJamaican ($3.53 in chips) 
Seat 8: Zauberer_1 ($2 in chips) 
Seat 9: arodrigues99 ($2.05 in chips) 
trueJamaican: posts small blind $0.01
Zauberer_1: posts big blind $0.02
*** HOLE CARDS ***
Dealt to Dorex2007 [5c 7c]
arodrigues99: folds 
kvzonx100pre: folds 
erlis82: folds 
S-Cheshir: folds 
IDULSOR4: folds 
Toppi888: folds 
Dorex2007: folds 
trueJamaican: calls $0.01
Zauberer_1: checks 
*** FLOP *** [7d Qd 7h]
trueJamaican: bets $0.02
Zauberer_1: calls $0.02
*** TURN *** [7d Qd 7h] [Qs]
trueJamaican: checks 
Zauberer_1: checks 
*** RIVER *** [7d Qd 7h Qs] [2s]
trueJamaican: checks 
Zauberer_1: checks 
*** SHOW DOWN ***
trueJamaican: shows [9d Js] (two pair, Queens and Sevens)
Zauberer_1: shows [Kd 8d] (two pair, Queens and Sevens - King kicker)
Zauberer_1 collected $0.08 from pot
*** SUMMARY ***
Total pot $0.08 | Rake $0 
Board [7d Qd 7h Qs 2s]
Seat 1: kvzonx100pre folded before Flop (didn't bet)
Seat 2: erlis82 folded before Flop (didn't bet)
Seat 3: S-Cheshir folded before Flop (didn't bet)
Seat 4: IDULSOR4 folded before Flop (didn't bet)
Seat 5: Toppi888 folded before Flop (didn't bet)
Seat 6: Dorex2007 (button) folded before Flop (didn't bet)
Seat 7: trueJamaican (small blind) showed [9d Js] and lost with two pair, Queens and Sevens
Seat 8: Zauberer_1 (big blind) showed [Kd 8d] and won ($0.08) with two pair, Queens and Sevens
Seat 9: arodrigues99 folded before Flop (didn't bet)



PokerStars Hand #223703975350:  Hold'em No Limit ($0.01/$0.02 USD) - 2021/02/11 16:42:04 PT [2021/02/11 19:42:04 ET]
Table 'Undina IV' 9-max Seat #7 is the button
Seat 1: kvzonx100pre ($2.06 in chips) 
Seat 2: erlis82 ($3.24 in chips) 
Seat 3: S-Cheshir ($1.73 in chips) 
Seat 4: IDULSOR4 ($4.65 in chips) 
Seat 5: Toppi888 ($2 in chips) 
Seat 6: Dorex2007 ($0.67 in chips) 
Seat 7: trueJamaican ($3.49 in chips) 
Seat 8: Zauberer_1 ($2.04 in chips) 
Seat 9: arodrigues99 ($2.05 in chips) 
Zauberer_1: posts small blind $0.01
arodrigues99: posts big blind $0.02
*** HOLE CARDS ***
Dealt to Dorex2007 [2h Ts]
kvzonx100pre: folds 
erlis82: folds 
S-Cheshir: folds 
IDULSOR4: folds 
Toppi888: folds 
Dorex2007: folds 
trueJamaican: raises $0.04 to $0.06
Zauberer_1: folds 
arodrigues99: folds 
Uncalled bet ($0.04) returned to trueJamaican
trueJamaican collected $0.05 from pot
*** SUMMARY ***
Total pot $0.05 | Rake $0 
Seat 1: kvzonx100pre folded before Flop (didn't bet)
Seat 2: erlis82 folded before Flop (didn't bet)
Seat 3: S-Cheshir folded before Flop (didn't bet)
Seat 4: IDULSOR4 folded before Flop (didn't bet)
Seat 5: Toppi888 folded before Flop (didn't bet)
Seat 6: Dorex2007 folded before Flop (didn't bet)
Seat 7: trueJamaican (button) collected ($0.05)
Seat 8: Zauberer_1 (small blind) folded before Flop
Seat 9: arodrigues99 (big blind) folded before Flop



PokerStars Hand #223703987225:  Hold'em No Limit ($0.01/$0.02 USD) - 2021/02/11 16:42:31 PT [2021/02/11 19:42:31 ET]
Table 'Undina IV' 9-max Seat #8 is the button
Seat 1: kvzonx100pre ($2.06 in chips) 
Seat 2: erlis82 ($3.24 in chips) 
Seat 3: S-Cheshir ($1.73 in chips) 
Seat 4: IDULSOR4 ($4.65 in chips) 
Seat 5: Toppi888 ($2 in chips) 
Seat 6: Dorex2007 ($0.67 in chips) 
Seat 7: trueJamaican ($3.52 in chips) 
Seat 8: Zauberer_1 ($2.03 in chips) 
Seat 9: arodrigues99 ($2.03 in chips) 
arodrigues99: posts small blind $0.01
kvzonx100pre: posts big blind $0.02
*** HOLE CARDS ***
Dealt to Dorex2007 [Kd Tc]
erlis82: calls $0.02
S-Cheshir: raises $0.04 to $0.06
IDULSOR4: folds 
Toppi888: folds 
Dorex2007: folds 
trueJamaican: folds 
Zauberer_1: folds 
arodrigues99: folds 
kvzonx100pre: folds 
erlis82: calls $0.04
*** FLOP *** [4h 8c 9s]
erlis82: checks 
S-Cheshir: bets $0.08
erlis82: calls $0.08
*** TURN *** [4h 8c 9s] [Jh]
erlis82: checks 
S-Cheshir: checks 
*** RIVER *** [4h 8c 9s Jh] [2c]
erlis82: bets $0.30
S-Cheshir: calls $0.30
*** SHOW DOWN ***
erlis82: shows [Ts Qd] (a straight, Eight to Queen)
S-Cheshir: mucks hand 
erlis82 collected $0.88 from pot
*** SUMMARY ***
Total pot $0.91 | Rake $0.03 
Board [4h 8c 9s Jh 2c]
Seat 1: kvzonx100pre (big blind) folded before Flop
Seat 2: erlis82 showed [Ts Qd] and won ($0.88) with a straight, Eight to Queen
Seat 3: S-Cheshir mucked [Ks Jd]
Seat 4: IDULSOR4 folded before Flop (didn't bet)
Seat 5: Toppi888 folded before Flop (didn't bet)
Seat 6: Dorex2007 folded before Flop (didn't bet)
Seat 7: trueJamaican folded before Flop (didn't bet)
Seat 8: Zauberer_1 (button) folded before Flop (didn't bet)
Seat 9: arodrigues99 (small blind) folded before Flop



PokerStars Hand #223704006547:  Hold'em No Limit ($0.01/$0.02 USD) - 2021/02/11 16:43:16 PT [2021/02/11 19:43:16 ET]
Table 'Undina IV' 9-max Seat #9 is the button
Seat 1: kvzonx100pre ($2.04 in chips) 
Seat 2: erlis82 ($3.68 in chips) 
Seat 3: S-Cheshir ($1.29 in chips) 
Seat 4: IDULSOR4 ($4.65 in chips) 
Seat 5: Toppi888 ($2 in chips) 
Seat 6: Dorex2007 ($0.67 in chips) 
Seat 7: trueJamaican ($3.52 in chips) 
Seat 8: Zauberer_1 ($2.03 in chips) 
Seat 9: arodrigues99 ($2.02 in chips) 
kvzonx100pre: posts small blind $0.01
erlis82: posts big blind $0.02
*** HOLE CARDS ***
Dealt to Dorex2007 [Th 4h]
S-Cheshir has timed out
S-Cheshir: folds 
IDULSOR4: raises $0.04 to $0.06
Toppi888: folds 
Dorex2007: folds 
trueJamaican: folds 
Zauberer_1: folds 
arodrigues99: folds 
S-Cheshir leaves the table
kvzonx100pre: folds 
erlis82: calls $0.04
*** FLOP *** [2h Kc 8c]
erlis82: checks 
Sentencia777 joins the table at seat #3 
IDULSOR4: checks 
*** TURN *** [2h Kc 8c] [Ks]
erlis82: bets $0.04
IDULSOR4: calls $0.04
*** RIVER *** [2h Kc 8c Ks] [3s]
erlis82: checks 
IDULSOR4: checks 
*** SHOW DOWN ***
erlis82: shows [Ac 4c] (a pair of Kings)
IDULSOR4: shows [8d Ah] (two pair, Kings and Eights)
IDULSOR4 collected $0.20 from pot
*** SUMMARY ***
Total pot $0.21 | Rake $0.01 
Board [2h Kc 8c Ks 3s]
Seat 1: kvzonx100pre (small blind) folded before Flop
Seat 2: erlis82 (big blind) showed [Ac 4c] and lost with a pair of Kings
Seat 3: S-Cheshir folded before Flop (didn't bet)
Seat 4: IDULSOR4 showed [8d Ah] and won ($0.20) with two pair, Kings and Eights
Seat 5: Toppi888 folded before Flop (didn't bet)
Seat 6: Dorex2007 folded before Flop (didn't bet)
Seat 7: trueJamaican folded before Flop (didn't bet)
Seat 8: Zauberer_1 folded before Flop (didn't bet)
Seat 9: arodrigues99 (button) folded before Flop (didn't bet)



PokerStars Hand #223704037063:  Hold'em No Limit ($0.01/$0.02 USD) - 2021/02/11 16:44:26 PT [2021/02/11 19:44:26 ET]
Table 'Undina IV' 9-max Seat #1 is the button
Seat 1: kvzonx100pre ($2.03 in chips) 
Seat 2: erlis82 ($3.58 in chips) 
Seat 3: Sentencia777 ($0.80 in chips) 
Seat 4: IDULSOR4 ($4.75 in chips) 
Seat 5: Toppi888 ($2 in chips) 
Seat 6: Dorex2007 ($0.67 in chips) 
Seat 7: trueJamaican ($3.52 in chips) 
Seat 8: Zauberer_1 ($2.03 in chips) 
Seat 9: arodrigues99 ($2.02 in chips) 
erlis82: posts small blind $0.01
Sentencia777: posts big blind $0.02
*** HOLE CARDS ***
Dealt to Dorex2007 [Kh 9h]
IDULSOR4: folds 
Toppi888: folds 
Dorex2007: calls $0.02
trueJamaican: folds 
Zauberer_1: folds 
arodrigues99: raises $0.02 to $0.04
kvzonx100pre: calls $0.04
erlis82: calls $0.03
Sentencia777: calls $0.02
Dorex2007: calls $0.02
*** FLOP *** [9s 5c Jc]
erlis82: checks 
Sentencia777: checks 
Dorex2007: checks 
arodrigues99: bets $0.06
kvzonx100pre: calls $0.06
erlis82: folds 
Sentencia777: folds 
Dorex2007: folds 
*** TURN *** [9s 5c Jc] [Kd]
arodrigues99: bets $0.06
kvzonx100pre: calls $0.06
*** RIVER *** [9s 5c Jc Kd] [Qc]
arodrigues99: checks 
kvzonx100pre: bets $0.16
arodrigues99: folds 
Uncalled bet ($0.16) returned to kvzonx100pre
kvzonx100pre collected $0.42 from pot
kvzonx100pre: doesn't show hand 
*** SUMMARY ***
Total pot $0.44 | Rake $0.02 
Board [9s 5c Jc Kd Qc]
Seat 1: kvzonx100pre (button) collected ($0.42)
Seat 2: erlis82 (small blind) folded on the Flop
Seat 3: Sentencia777 (big blind) folded on the Flop
Seat 4: IDULSOR4 folded before Flop (didn't bet)
Seat 5: Toppi888 folded before Flop (didn't bet)
Seat 6: Dorex2007 folded on the Flop
Seat 7: trueJamaican folded before Flop (didn't bet)
Seat 8: Zauberer_1 folded before Flop (didn't bet)
Seat 9: arodrigues99 folded on the River



PokerStars Hand #223704070279:  Hold'em No Limit ($0.01/$0.02 USD) - 2021/02/11 16:45:39 PT [2021/02/11 19:45:39 ET]
Table 'Undina IV' 9-max Seat #2 is the button
Seat 1: kvzonx100pre ($2.29 in chips) 
Seat 2: erlis82 ($3.54 in chips) 
Seat 3: Sentencia777 ($0.76 in chips) 
Seat 4: IDULSOR4 ($4.75 in chips) 
Seat 5: Toppi888 ($2 in chips) 
Seat 6: Dorex2007 ($0.63 in chips) 
Seat 7: trueJamaican ($3.52 in chips) 
Seat 8: Zauberer_1 ($2.03 in chips) 
Seat 9: arodrigues99 ($1.86 in chips) 
Sentencia777: posts small blind $0.01
IDULSOR4: posts big blind $0.02
*** HOLE CARDS ***
Dealt to Dorex2007 [9d 6s]
Toppi888: folds 
Dorex2007: folds 
trueJamaican: folds 
Zauberer_1: folds 
arodrigues99: folds 
kvzonx100pre: raises $0.04 to $0.06
erlis82: folds 
Sentencia777: folds 
IDULSOR4: folds 
Uncalled bet ($0.04) returned to kvzonx100pre
kvzonx100pre collected $0.05 from pot
kvzonx100pre: doesn't show hand 
*** SUMMARY ***
Total pot $0.05 | Rake $0 
Seat 1: kvzonx100pre collected ($0.05)
Seat 2: erlis82 (button) folded before Flop (didn't bet)
Seat 3: Sentencia777 (small blind) folded before Flop
Seat 4: IDULSOR4 (big blind) folded before Flop
Seat 5: Toppi888 folded before Flop (didn't bet)
Seat 6: Dorex2007 folded before Flop (didn't bet)
Seat 7: trueJamaican folded before Flop (didn't bet)
Seat 8: Zauberer_1 folded before Flop (didn't bet)
Seat 9: arodrigues99 folded before Flop (didn't bet)



PokerStars Hand #223704083797:  Hold'em No Limit ($0.01/$0.02 USD) - 2021/02/11 16:46:10 PT [2021/02/11 19:46:10 ET]
Table 'Undina IV' 9-max Seat #3 is the button
Seat 1: kvzonx100pre ($2.32 in chips) 
Seat 2: erlis82 ($3.54 in chips) 
Seat 3: Sentencia777 ($0.75 in chips) 
Seat 4: IDULSOR4 ($4.73 in chips) 
Seat 5: Toppi888 ($2 in chips) 
Seat 6: Dorex2007 ($0.63 in chips) 
Seat 7: trueJamaican ($3.52 in chips) 
Seat 8: Zauberer_1 ($2.03 in chips) 
Seat 9: arodrigues99 ($2 in chips) 
IDULSOR4: posts small blind $0.01
Toppi888: posts big blind $0.02
*** HOLE CARDS ***
Dealt to Dorex2007 [Ks 9h]
Dorex2007: folds 
trueJamaican: folds 
Zauberer_1: raises $0.04 to $0.06
arodrigues99: folds 
kvzonx100pre: calls $0.06
erlis82: folds 
Sentencia777: folds 
IDULSOR4: folds 
Toppi888: folds 
*** FLOP *** [8c Jh 7s]
Zauberer_1: bets $0.07
kvzonx100pre: calls $0.07
*** TURN *** [8c Jh 7s] [8d]
erlis82 leaves the table
Zauberer_1: bets $0.14
kvzonx100pre: folds 
Uncalled bet ($0.14) returned to Zauberer_1
Zauberer_1 collected $0.28 from pot
Zauberer_1: doesn't show hand 
*** SUMMARY ***
Total pot $0.29 | Rake $0.01 
Board [8c Jh 7s 8d]
Seat 1: kvzonx100pre folded on the Turn
Seat 2: erlis82 folded before Flop (didn't bet)
Seat 3: Sentencia777 (button) folded before Flop (didn't bet)
Seat 4: IDULSOR4 (small blind) folded before Flop
Seat 5: Toppi888 (big blind) folded before Flop
Seat 6: Dorex2007 folded before Flop (didn't bet)
Seat 7: trueJamaican folded before Flop (didn't bet)
Seat 8: Zauberer_1 collected ($0.28)
Seat 9: arodrigues99 folded before Flop (didn't bet)



PokerStars Hand #223704114535:  Hold'em No Limit ($0.01/$0.02 USD) - 2021/02/11 16:47:10 PT [2021/02/11 19:47:10 ET]
Table 'Undina IV' 9-max Seat #4 is the button
Seat 1: kvzonx100pre ($2.19 in chips) 
Seat 3: Sentencia777 ($0.75 in chips) 
Seat 4: IDULSOR4 ($4.72 in chips) 
Seat 5: Toppi888 ($2 in chips) 
Seat 6: Dorex2007 ($0.63 in chips) 
Seat 7: trueJamaican ($3.52 in chips) 
Seat 8: Zauberer_1 ($2.18 in chips) 
Seat 9: arodrigues99 ($2 in chips) 
Toppi888: posts small blind $0.01
Dorex2007: posts big blind $0.02
*** HOLE CARDS ***
Dealt to Dorex2007 [8c 3h]
trueJamaican: folds 
Zauberer_1: folds 
arodrigues99: folds 
kvzonx100pre: folds 
Sentencia777: folds 
IDULSOR4: raises $0.03 to $0.05
Toppi888: folds 
Dorex2007: folds 
Uncalled bet ($0.03) returned to IDULSOR4
IDULSOR4 collected $0.05 from pot
IDULSOR4: doesn't show hand 
*** SUMMARY ***
Total pot $0.05 | Rake $0 
Seat 1: kvzonx100pre folded before Flop (didn't bet)
Seat 3: Sentencia777 folded before Flop (didn't bet)
Seat 4: IDULSOR4 (button) collected ($0.05)
Seat 5: Toppi888 (small blind) folded before Flop
Seat 6: Dorex2007 (big blind) folded before Flop
Seat 7: trueJamaican folded before Flop (didn't bet)
Seat 8: Zauberer_1 folded before Flop (didn't bet)
Seat 9: arodrigues99 folded before Flop (didn't bet)



PokerStars Hand #223704125582:  Hold'em No Limit ($0.01/$0.02 USD) - 2021/02/11 16:47:36 PT [2021/02/11 19:47:36 ET]
Table 'Undina IV' 9-max Seat #5 is the button
Seat 1: kvzonx100pre ($2.19 in chips) 
Seat 3: Sentencia777 ($0.75 in chips) 
Seat 4: IDULSOR4 ($4.75 in chips) 
Seat 5: Toppi888 ($2 in chips) 
Seat 6: Dorex2007 ($0.61 in chips) 
Seat 7: trueJamaican ($3.52 in chips) 
Seat 8: Zauberer_1 ($2.18 in chips) 
Seat 9: arodrigues99 ($2 in chips) 
Dorex2007: posts small blind $0.01
trueJamaican: posts big blind $0.02
*** HOLE CARDS ***
Dealt to Dorex2007 [4c 5s]
Zauberer_1: calls $0.02
arodrigues99: raises $0.02 to $0.04
kvzonx100pre: calls $0.04
Sentencia777: folds 
Tanque108 joins the table at seat #2 
IDULSOR4: raises $0.04 to $0.08
Toppi888: calls $0.08
Dorex2007: folds 
trueJamaican: folds 
Zauberer_1: folds 
arodrigues99: calls $0.04
kvzonx100pre: calls $0.04
*** FLOP *** [5h 2s Qs]
arodrigues99: checks 
kvzonx100pre: checks 
IDULSOR4: checks 
Toppi888: checks 
*** TURN *** [5h 2s Qs] [2c]
arodrigues99: checks 
kvzonx100pre: checks 
IDULSOR4: bets $0.27
Toppi888: folds 
arodrigues99: folds 
kvzonx100pre: folds 
Uncalled bet ($0.27) returned to IDULSOR4
IDULSOR4 collected $0.36 from pot
IDULSOR4: doesn't show hand 
*** SUMMARY ***
Total pot $0.37 | Rake $0.01 
Board [5h 2s Qs 2c]
Seat 1: kvzonx100pre folded on the Turn
Seat 3: Sentencia777 folded before Flop (didn't bet)
Seat 4: IDULSOR4 collected ($0.36)
Seat 5: Toppi888 (button) folded on the Turn
Seat 6: Dorex2007 (small blind) folded before Flop
Seat 7: trueJamaican (big blind) folded before Flop
Seat 8: Zauberer_1 folded before Flop
Seat 9: arodrigues99 folded on the Turn



PokerStars Hand #223704180742:  Hold'em No Limit ($0.01/$0.02 USD) - 2021/02/11 16:49:08 PT [2021/02/11 19:49:08 ET]
Table 'Undina IV' 9-max Seat #6 is the button
Seat 1: kvzonx100pre ($2.11 in chips) 
Seat 3: Sentencia777 ($0.75 in chips) 
Seat 4: IDULSOR4 ($5.03 in chips) 
Seat 5: Toppi888 ($2 in chips) 
Seat 6: Dorex2007 ($0.60 in chips) 
Seat 7: trueJamaican ($3.50 in chips) 
Seat 8: Zauberer_1 ($2.16 in chips) 
Seat 9: arodrigues99 ($1.92 in chips) 
trueJamaican: posts small blind $0.01
Zauberer_1: posts big blind $0.02
Tanque108: sits out 
*** HOLE CARDS ***
Dealt to Dorex2007 [7s 9c]
arodrigues99: raises $0.02 to $0.04
kvzonx100pre: folds 
Sentencia777: folds 
IDULSOR4: folds 
Toppi888: folds 
Dorex2007: folds 
trueJamaican: folds 
Zauberer_1: folds 
Uncalled bet ($0.02) returned to arodrigues99
arodrigues99 collected $0.05 from pot
arodrigues99: doesn't show hand 
*** SUMMARY ***
Total pot $0.05 | Rake $0 
Seat 1: kvzonx100pre folded before Flop (didn't bet)
Seat 3: Sentencia777 folded before Flop (didn't bet)
Seat 4: IDULSOR4 folded before Flop (didn't bet)
Seat 5: Toppi888 folded before Flop (didn't bet)
Seat 6: Dorex2007 (button) folded before Flop (didn't bet)
Seat 7: trueJamaican (small blind) folded before Flop
Seat 8: Zauberer_1 (big blind) folded before Flop
Seat 9: arodrigues99 collected ($0.05)



PokerStars Hand #223704189307:  Hold'em No Limit ($0.01/$0.02 USD) - 2021/02/11 16:49:29 PT [2021/02/11 19:49:29 ET]
Table 'Undina IV' 9-max Seat #7 is the button
Seat 1: kvzonx100pre ($2.11 in chips) 
Seat 3: Sentencia777 ($0.75 in chips) 
Seat 4: IDULSOR4 ($5.03 in chips) 
Seat 5: Toppi888 ($2 in chips) 
Seat 6: Dorex2007 ($0.60 in chips) 
Seat 7: trueJamaican ($3.49 in chips) 
Seat 8: Zauberer_1 ($2.14 in chips) 
Seat 9: arodrigues99 ($1.95 in chips) 
Zauberer_1: posts small blind $0.01
arodrigues99: posts big blind $0.02
Tanque108: sits out 
*** HOLE CARDS ***
Dealt to Dorex2007 [3c Td]
kvzonx100pre: folds 
Sentencia777: folds 
IDULSOR4: folds 
Toppi888: folds 
Dorex2007: folds 
trueJamaican: folds 
Zauberer_1: folds 
Uncalled bet ($0.01) returned to arodrigues99
arodrigues99 collected $0.02 from pot
arodrigues99: doesn't show hand 
*** SUMMARY ***
Total pot $0.02 | Rake $0 
Seat 1: kvzonx100pre folded before Flop (didn't bet)
Seat 3: Sentencia777 folded before Flop (didn't bet)
Seat 4: IDULSOR4 folded before Flop (didn't bet)
Seat 5: Toppi888 folded before Flop (didn't bet)
Seat 6: Dorex2007 folded before Flop (didn't bet)
Seat 7: trueJamaican (button) folded before Flop (didn't bet)
Seat 8: Zauberer_1 (small blind) folded before Flop
Seat 9: arodrigues99 (big blind) collected ($0.02)



PokerStars Hand #223704198726:  Hold'em No Limit ($0.01/$0.02 USD) - 2021/02/11 16:49:51 PT [2021/02/11 19:49:51 ET]
Table 'Undina IV' 9-max Seat #8 is the button
Seat 1: kvzonx100pre ($2.11 in chips) 
Seat 3: Sentencia777 ($0.75 in chips) 
Seat 4: IDULSOR4 ($5.03 in chips) 
Seat 5: Toppi888 ($2 in chips) 
Seat 6: Dorex2007 ($0.60 in chips) 
Seat 7: trueJamaican ($3.49 in chips) 
Seat 8: Zauberer_1 ($2.13 in chips) 
Seat 9: arodrigues99 ($1.96 in chips) 
arodrigues99: posts small blind $0.01
kvzonx100pre: posts big blind $0.02
Tanque108: sits out 
*** HOLE CARDS ***
Dealt to Dorex2007 [9c Ks]
Sentencia777: folds 
IDULSOR4 has timed out
IDULSOR4: folds 
Toppi888: folds 
Dorex2007: folds 
trueJamaican: folds 
Zauberer_1: folds 
arodrigues99: folds 
Uncalled bet ($0.01) returned to kvzonx100pre
kvzonx100pre collected $0.02 from pot
kvzonx100pre: doesn't show hand 
*** SUMMARY ***
Total pot $0.02 | Rake $0 
Seat 1: kvzonx100pre (big blind) collected ($0.02)
Seat 3: Sentencia777 folded before Flop (didn't bet)
Seat 4: IDULSOR4 folded before Flop (didn't bet)
Seat 5: Toppi888 folded before Flop (didn't bet)
Seat 6: Dorex2007 folded before Flop (didn't bet)
Seat 7: trueJamaican folded before Flop (didn't bet)
Seat 8: Zauberer_1 (button) folded before Flop (didn't bet)
Seat 9: arodrigues99 (small blind) folded before Flop



PokerStars Hand #223704210258:  Hold'em No Limit ($0.01/$0.02 USD) - 2021/02/11 16:50:18 PT [2021/02/11 19:50:18 ET]
Table 'Undina IV' 9-max Seat #9 is the button
Seat 1: kvzonx100pre ($2.12 in chips) 
Seat 2: Tanque108 ($2 in chips) 
Seat 3: Sentencia777 ($0.75 in chips) 
Seat 5: Toppi888 ($2 in chips) 
Seat 6: Dorex2007 ($0.60 in chips) 
Seat 7: trueJamaican ($3.49 in chips) 
Seat 8: Zauberer_1 ($2.13 in chips) 
Seat 9: arodrigues99 ($1.95 in chips) 
kvzonx100pre: posts small blind $0.01
Tanque108: posts big blind $0.02
*** HOLE CARDS ***
Dealt to Dorex2007 [2d Ah]
Sentencia777: raises $0.04 to $0.06
Toppi888: calls $0.06
Dorex2007: folds 
trueJamaican: calls $0.06
Zauberer_1: folds 
arodrigues99: calls $0.06
kvzonx100pre: folds 
Tanque108: folds 
*** FLOP *** [8h Jd 3s]
Sentencia777: checks 
Toppi888: checks 
trueJamaican: bets $0.16
arodrigues99: folds 
Sentencia777: folds 
Toppi888: folds 
Uncalled bet ($0.16) returned to trueJamaican
trueJamaican collected $0.26 from pot
*** SUMMARY ***
Total pot $0.27 | Rake $0.01 
Board [8h Jd 3s]
Seat 1: kvzonx100pre (small blind) folded before Flop
Seat 2: Tanque108 (big blind) folded before Flop
Seat 3: Sentencia777 folded on the Flop
Seat 5: Toppi888 folded on the Flop
Seat 6: Dorex2007 folded before Flop (didn't bet)
Seat 7: trueJamaican collected ($0.26)
Seat 8: Zauberer_1 folded before Flop (didn't bet)
Seat 9: arodrigues99 (button) folded on the Flop



