PokerStars Hand #232416069490:  Hold'em No Limit ($0.01/$0.02 USD) - 2021/12/21 16:46:08 PT [2021/12/21 19:46:08 ET]
Table 'Urhixidur III' 9-max Seat #8 is the button
Seat 1: kreator1984 ($3.73 in chips) 
Seat 2: steve777333 ($0.82 in chips) 
Seat 3: Zog Buster ($2 in chips) 
Seat 4: urka_epu ($6.68 in chips) 
Seat 5: lillsolli ($7.29 in chips) 
Seat 6: kanatakk ($4.67 in chips) 
Seat 7: Dorex2007 ($2 in chips) 
Seat 8: panKastus ($3.82 in chips) 
Seat 9: DEPUTY DER ($2.11 in chips) 
DEPUTY DER: posts small blind $0.01
kreator1984: posts big blind $0.02
Dorex2007: posts big blind $0.02
*** HOLE CARDS ***
Dealt to Dorex2007 [9s As]
steve777333: folds 
Zog Buster: folds 
urka_epu: raises $0.06 to $0.08
lillsolli: raises $0.06 to $0.14
kanatakk: folds 
Dorex2007: folds 
panKastus: folds 
DEPUTY DER: folds 
kreator1984: folds 
urka_epu: calls $0.06
*** FLOP *** [3s 8s 7s]
urka_epu: checks 
lillsolli: bets $0.54
urka_epu: folds 
Uncalled bet ($0.54) returned to lillsolli
lillsolli collected $0.32 from pot
lillsolli: doesn't show hand 
*** SUMMARY ***
Total pot $0.33 | Rake $0.01 
Board [3s 8s 7s]
Seat 1: kreator1984 (big blind) folded before Flop
Seat 2: steve777333 folded before Flop (didn't bet)
Seat 3: Zog Buster folded before Flop (didn't bet)
Seat 4: urka_epu folded on the Flop
Seat 5: lillsolli collected ($0.32)
Seat 6: kanatakk folded before Flop (didn't bet)
Seat 7: Dorex2007 folded before Flop (didn't bet)
Seat 8: panKastus (button) folded before Flop (didn't bet)
Seat 9: DEPUTY DER (small blind) folded before Flop



PokerStars Hand #232416083254:  Hold'em No Limit ($0.01/$0.02 USD) - 2021/12/21 16:46:45 PT [2021/12/21 19:46:45 ET]
Table 'Urhixidur III' 9-max Seat #9 is the button
Seat 1: kreator1984 ($3.71 in chips) 
Seat 3: Zog Buster ($2 in chips) 
Seat 4: urka_epu ($6.54 in chips) 
Seat 5: lillsolli ($7.47 in chips) 
Seat 6: kanatakk ($4.67 in chips) 
Seat 7: Dorex2007 ($2 in chips) 
Seat 8: panKastus ($3.82 in chips) 
Seat 9: DEPUTY DER ($2.10 in chips) 
kreator1984: posts small blind $0.01
steve777333: is sitting out 
Zog Buster: posts big blind $0.02
*** HOLE CARDS ***
Dealt to Dorex2007 [4d Qh]
urka_epu: folds 
lillsolli: calls $0.02
kanatakk: folds 
Dorex2007: folds 
panKastus: folds 
DEPUTY DER: calls $0.02
kreator1984: calls $0.01
Zog Buster: checks 
*** FLOP *** [Jc 2h 7h]
kreator1984: checks 
Zog Buster: checks 
lillsolli: bets $0.08
DEPUTY DER: calls $0.08
kreator1984: folds 
Zog Buster: folds 
*** TURN *** [Jc 2h 7h] [9d]
lillsolli: checks 
DEPUTY DER: checks 
*** RIVER *** [Jc 2h 7h 9d] [2d]
lillsolli: bets $0.44
DEPUTY DER: calls $0.44
*** SHOW DOWN ***
lillsolli: shows [2c Qc] (three of a kind, Deuces)
DEPUTY DER: mucks hand 
lillsolli collected $1.08 from pot
*** SUMMARY ***
Total pot $1.12 | Rake $0.04 
Board [Jc 2h 7h 9d 2d]
Seat 1: kreator1984 (small blind) folded on the Flop
Seat 3: Zog Buster (big blind) folded on the Flop
Seat 4: urka_epu folded before Flop (didn't bet)
Seat 5: lillsolli showed [2c Qc] and won ($1.08) with three of a kind, Deuces
Seat 6: kanatakk folded before Flop (didn't bet)
Seat 7: Dorex2007 folded before Flop (didn't bet)
Seat 8: panKastus folded before Flop (didn't bet)
Seat 9: DEPUTY DER (button) mucked [7s 8h]



PokerStars Hand #232416098081:  Hold'em No Limit ($0.01/$0.02 USD) - 2021/12/21 16:47:34 PT [2021/12/21 19:47:34 ET]
Table 'Urhixidur III' 9-max Seat #1 is the button
Seat 1: kreator1984 ($3.69 in chips) 
Seat 3: Zog Buster ($2 in chips) 
Seat 4: urka_epu ($6.54 in chips) 
Seat 5: lillsolli ($8.01 in chips) 
Seat 6: kanatakk ($4.67 in chips) 
Seat 7: Dorex2007 ($2 in chips) 
Seat 8: panKastus ($3.82 in chips) 
Seat 9: DEPUTY DER ($1.56 in chips) 
Zog Buster: posts small blind $0.01
urka_epu: posts big blind $0.02
*** HOLE CARDS ***
Dealt to Dorex2007 [6d 7d]
lillsolli: raises $0.02 to $0.04
kanatakk: folds 
Dorex2007: folds 
panKastus: calls $0.04
DEPUTY DER: folds 
kreator1984: calls $0.04
Zog Buster: folds 
urka_epu: calls $0.02
*** FLOP *** [Jh 9c 2c]
urka_epu: checks 
lillsolli: checks 
panKastus: bets $0.12
kreator1984: calls $0.12
urka_epu: folds 
lillsolli: calls $0.12
*** TURN *** [Jh 9c 2c] [7s]
lillsolli: checks 
panKastus: bets $0.10
kreator1984: calls $0.10
lillsolli: calls $0.10
*** RIVER *** [Jh 9c 2c 7s] [Ac]
lillsolli: checks 
panKastus: bets $0.02
kreator1984: calls $0.02
lillsolli: raises $0.86 to $0.88
panKastus: folds 
kreator1984: folds 
Uncalled bet ($0.86) returned to lillsolli
lillsolli collected $0.86 from pot
lillsolli: doesn't show hand 
*** SUMMARY ***
Total pot $0.89 | Rake $0.03 
Board [Jh 9c 2c 7s Ac]
Seat 1: kreator1984 (button) folded on the River
Seat 3: Zog Buster (small blind) folded before Flop
Seat 4: urka_epu (big blind) folded on the Flop
Seat 5: lillsolli collected ($0.86)
Seat 6: kanatakk folded before Flop (didn't bet)
Seat 7: Dorex2007 folded before Flop (didn't bet)
Seat 8: panKastus folded on the River
Seat 9: DEPUTY DER folded before Flop (didn't bet)



PokerStars Hand #232416130258:  Hold'em No Limit ($0.01/$0.02 USD) - 2021/12/21 16:49:02 PT [2021/12/21 19:49:02 ET]
Table 'Urhixidur III' 9-max Seat #3 is the button
Seat 1: kreator1984 ($3.41 in chips) 
Seat 3: Zog Buster ($2 in chips) 
Seat 4: urka_epu ($6.50 in chips) 
Seat 5: lillsolli ($8.59 in chips) 
Seat 6: kanatakk ($4.67 in chips) 
Seat 7: Dorex2007 ($2 in chips) 
Seat 8: panKastus ($3.54 in chips) 
Seat 9: DEPUTY DER ($1.56 in chips) 
urka_epu: posts small blind $0.01
lillsolli: posts big blind $0.02
*** HOLE CARDS ***
Dealt to Dorex2007 [Jd Kc]
kanatakk: raises $0.04 to $0.06
Dorex2007: folds 
panKastus: folds 
DEPUTY DER: folds 
kreator1984: folds 
Zog Buster: folds 
urka_epu: folds 
lillsolli: folds 
Uncalled bet ($0.04) returned to kanatakk
kanatakk collected $0.05 from pot
kanatakk: doesn't show hand 
*** SUMMARY ***
Total pot $0.05 | Rake $0 
Seat 1: kreator1984 folded before Flop (didn't bet)
Seat 3: Zog Buster (button) folded before Flop (didn't bet)
Seat 4: urka_epu (small blind) folded before Flop
Seat 5: lillsolli (big blind) folded before Flop
Seat 6: kanatakk collected ($0.05)
Seat 7: Dorex2007 folded before Flop (didn't bet)
Seat 8: panKastus folded before Flop (didn't bet)
Seat 9: DEPUTY DER folded before Flop (didn't bet)



PokerStars Hand #232416134695:  Hold'em No Limit ($0.01/$0.02 USD) - 2021/12/21 16:49:16 PT [2021/12/21 19:49:16 ET]
Table 'Urhixidur III' 9-max Seat #4 is the button
Seat 1: kreator1984 ($3.41 in chips) 
Seat 3: Zog Buster ($2 in chips) 
Seat 4: urka_epu ($6.49 in chips) 
Seat 5: lillsolli ($8.57 in chips) 
Seat 6: kanatakk ($4.70 in chips) 
Seat 7: Dorex2007 ($2 in chips) 
Seat 8: panKastus ($3.54 in chips) 
Seat 9: DEPUTY DER ($1.56 in chips) 
lillsolli: posts small blind $0.01
kanatakk: posts big blind $0.02
*** HOLE CARDS ***
Dealt to Dorex2007 [Ah 7s]
Dorex2007: folds 
panKastus: folds 
DEPUTY DER: calls $0.02
kreator1984: folds 
Zog Buster: folds 
urka_epu: folds 
lillsolli: folds 
kanatakk: checks 
*** FLOP *** [4s 2s 8c]
kanatakk: bets $0.04
DEPUTY DER: folds 
Uncalled bet ($0.04) returned to kanatakk
kanatakk collected $0.05 from pot
kanatakk: doesn't show hand 
*** SUMMARY ***
Total pot $0.05 | Rake $0 
Board [4s 2s 8c]
Seat 1: kreator1984 folded before Flop (didn't bet)
Seat 3: Zog Buster folded before Flop (didn't bet)
Seat 4: urka_epu (button) folded before Flop (didn't bet)
Seat 5: lillsolli (small blind) folded before Flop
Seat 6: kanatakk (big blind) collected ($0.05)
Seat 7: Dorex2007 folded before Flop (didn't bet)
Seat 8: panKastus folded before Flop (didn't bet)
Seat 9: DEPUTY DER folded on the Flop



PokerStars Hand #232416145375:  Hold'em No Limit ($0.01/$0.02 USD) - 2021/12/21 16:49:52 PT [2021/12/21 19:49:52 ET]
Table 'Urhixidur III' 9-max Seat #5 is the button
Seat 1: kreator1984 ($3.41 in chips) 
Seat 3: Zog Buster ($2 in chips) 
Seat 4: urka_epu ($6.49 in chips) 
Seat 5: lillsolli ($8.56 in chips) 
Seat 6: kanatakk ($4.73 in chips) 
Seat 7: Dorex2007 ($2 in chips) 
Seat 8: panKastus ($3.54 in chips) 
Seat 9: DEPUTY DER ($1.54 in chips) 
kanatakk: posts small blind $0.01
Dorex2007: posts big blind $0.02
steve777333: sits out 
*** HOLE CARDS ***
Dealt to Dorex2007 [5c Kd]
panKastus: folds 
DEPUTY DER: folds 
kreator1984: folds 
Zog Buster: folds 
urka_epu: folds 
lillsolli: folds 
kanatakk: folds 
Uncalled bet ($0.01) returned to Dorex2007
Dorex2007 collected $0.02 from pot
Dorex2007: doesn't show hand 
*** SUMMARY ***
Total pot $0.02 | Rake $0 
Seat 1: kreator1984 folded before Flop (didn't bet)
Seat 3: Zog Buster folded before Flop (didn't bet)
Seat 4: urka_epu folded before Flop (didn't bet)
Seat 5: lillsolli (button) folded before Flop (didn't bet)
Seat 6: kanatakk (small blind) folded before Flop
Seat 7: Dorex2007 (big blind) collected ($0.02)
Seat 8: panKastus folded before Flop (didn't bet)
Seat 9: DEPUTY DER folded before Flop (didn't bet)



PokerStars Hand #232416149014:  Hold'em No Limit ($0.01/$0.02 USD) - 2021/12/21 16:50:04 PT [2021/12/21 19:50:04 ET]
Table 'Urhixidur III' 9-max Seat #6 is the button
Seat 1: kreator1984 ($3.41 in chips) 
Seat 3: Zog Buster ($2 in chips) 
Seat 4: urka_epu ($6.49 in chips) 
Seat 5: lillsolli ($8.56 in chips) 
Seat 6: kanatakk ($4.72 in chips) 
Seat 7: Dorex2007 ($2.01 in chips) 
Seat 8: panKastus ($3.54 in chips) 
Seat 9: DEPUTY DER ($1.54 in chips) 
Dorex2007: posts small blind $0.01
panKastus: posts big blind $0.02
steve777333: sits out 
*** HOLE CARDS ***
Dealt to Dorex2007 [8s Ad]
DEPUTY DER: folds 
kreator1984: folds 
Zog Buster: folds 
urka_epu: raises $0.04 to $0.06
lillsolli: calls $0.06
kanatakk: folds 
Dorex2007: folds 
panKastus: folds 
*** FLOP *** [Qc 6s 2s]
urka_epu: checks 
lillsolli: checks 
*** TURN *** [Qc 6s 2s] [8d]
urka_epu: bets $0.07
lillsolli: calls $0.07
*** RIVER *** [Qc 6s 2s 8d] [8h]
urka_epu: bets $0.14
lillsolli: calls $0.14
*** SHOW DOWN ***
urka_epu: shows [Qs Kh] (two pair, Queens and Eights)
lillsolli: mucks hand 
urka_epu collected $0.55 from pot
*** SUMMARY ***
Total pot $0.57 | Rake $0.02 
Board [Qc 6s 2s 8d 8h]
Seat 1: kreator1984 folded before Flop (didn't bet)
Seat 3: Zog Buster folded before Flop (didn't bet)
Seat 4: urka_epu showed [Qs Kh] and won ($0.55) with two pair, Queens and Eights
Seat 5: lillsolli mucked [6c Tc]
Seat 6: kanatakk (button) folded before Flop (didn't bet)
Seat 7: Dorex2007 (small blind) folded before Flop
Seat 8: panKastus (big blind) folded before Flop
Seat 9: DEPUTY DER folded before Flop (didn't bet)



PokerStars Hand #232416160459:  Hold'em No Limit ($0.01/$0.02 USD) - 2021/12/21 16:50:43 PT [2021/12/21 19:50:43 ET]
Table 'Urhixidur III' 9-max Seat #7 is the button
Seat 1: kreator1984 ($3.41 in chips) 
Seat 3: Zog Buster ($2 in chips) 
Seat 4: urka_epu ($6.77 in chips) 
Seat 5: lillsolli ($8.29 in chips) 
Seat 6: kanatakk ($4.72 in chips) 
Seat 7: Dorex2007 ($2 in chips) 
Seat 8: panKastus ($3.52 in chips) 
Seat 9: DEPUTY DER ($1.54 in chips) 
panKastus: posts small blind $0.01
DEPUTY DER: posts big blind $0.02
steve777333: sits out 
*** HOLE CARDS ***
Dealt to Dorex2007 [Ks Ad]
kreator1984: folds 
Zog Buster: raises $0.04 to $0.06
urka_epu: folds 
lillsolli: calls $0.06
kanatakk: folds 
Dorex2007: raises $0.14 to $0.20
panKastus: folds 
DEPUTY DER: folds 
Zog Buster: calls $0.14
lillsolli: folds 
*** FLOP *** [7h Jd 6c]
Zog Buster: checks 
Dorex2007: bets $0.24
Zog Buster: calls $0.24
*** TURN *** [7h Jd 6c] [5h]
Zog Buster: checks 
Dorex2007: bets $1.56 and is all-in
Zog Buster: folds 
Uncalled bet ($1.56) returned to Dorex2007
Dorex2007 collected $0.94 from pot
Dorex2007: doesn't show hand 
*** SUMMARY ***
Total pot $0.97 | Rake $0.03 
Board [7h Jd 6c 5h]
Seat 1: kreator1984 folded before Flop (didn't bet)
Seat 3: Zog Buster folded on the Turn
Seat 4: urka_epu folded before Flop (didn't bet)
Seat 5: lillsolli folded before Flop
Seat 6: kanatakk folded before Flop (didn't bet)
Seat 7: Dorex2007 (button) collected ($0.94)
Seat 8: panKastus (small blind) folded before Flop
Seat 9: DEPUTY DER (big blind) folded before Flop



PokerStars Hand #232416174794:  Hold'em No Limit ($0.01/$0.02 USD) - 2021/12/21 16:51:31 PT [2021/12/21 19:51:31 ET]
Table 'Urhixidur III' 9-max Seat #8 is the button
Seat 1: kreator1984 ($3.41 in chips) 
Seat 3: Zog Buster ($2 in chips) 
Seat 4: urka_epu ($6.77 in chips) 
Seat 5: lillsolli ($8.23 in chips) 
Seat 6: kanatakk ($4.72 in chips) 
Seat 7: Dorex2007 ($2.50 in chips) 
Seat 8: panKastus ($3.51 in chips) 
Seat 9: DEPUTY DER ($1.52 in chips) 
DEPUTY DER: posts small blind $0.01
kreator1984: posts big blind $0.02
steve777333: sits out 
*** HOLE CARDS ***
Dealt to Dorex2007 [Ad 2d]
Zog Buster: folds 
urka_epu: folds 
lillsolli: calls $0.02
kanatakk: folds 
Dorex2007: folds 
panKastus: folds 
DEPUTY DER: raises $0.02 to $0.04
kreator1984: calls $0.02
lillsolli: calls $0.02
*** FLOP *** [6c 3s Th]
DEPUTY DER: checks 
kreator1984: checks 
lillsolli: checks 
*** TURN *** [6c 3s Th] [7h]
DEPUTY DER: checks 
kreator1984: checks 
lillsolli: bets $0.12
DEPUTY DER: folds 
kreator1984: calls $0.12
*** RIVER *** [6c 3s Th 7h] [5c]
kreator1984: checks 
lillsolli: bets $0.35
kreator1984: calls $0.35
*** SHOW DOWN ***
lillsolli: shows [3h 8h] (a pair of Threes)
kreator1984: shows [5s 5d] (three of a kind, Fives)
kreator1984 collected $1.02 from pot
*** SUMMARY ***
Total pot $1.06 | Rake $0.04 
Board [6c 3s Th 7h 5c]
Seat 1: kreator1984 (big blind) showed [5s 5d] and won ($1.02) with three of a kind, Fives
Seat 3: Zog Buster folded before Flop (didn't bet)
Seat 4: urka_epu folded before Flop (didn't bet)
Seat 5: lillsolli showed [3h 8h] and lost with a pair of Threes
Seat 6: kanatakk folded before Flop (didn't bet)
Seat 7: Dorex2007 folded before Flop (didn't bet)
Seat 8: panKastus (button) folded before Flop (didn't bet)
Seat 9: DEPUTY DER (small blind) folded on the Turn



PokerStars Hand #232416191757:  Hold'em No Limit ($0.01/$0.02 USD) - 2021/12/21 16:52:28 PT [2021/12/21 19:52:28 ET]
Table 'Urhixidur III' 9-max Seat #9 is the button
Seat 1: kreator1984 ($3.92 in chips) 
Seat 2: steve777333 ($0.82 in chips) 
Seat 3: Zog Buster ($2 in chips) 
Seat 4: urka_epu ($6.77 in chips) 
Seat 5: lillsolli ($7.72 in chips) 
Seat 6: kanatakk ($4.72 in chips) 
Seat 7: Dorex2007 ($2.50 in chips) 
Seat 8: panKastus ($3.51 in chips) 
Seat 9: DEPUTY DER ($1.48 in chips) 
kreator1984: posts small blind $0.01
steve777333: posts big blind $0.02
*** HOLE CARDS ***
Dealt to Dorex2007 [2h 4h]
Zog Buster: folds 
urka_epu: raises $0.04 to $0.06
lillsolli: folds 
kanatakk: folds 
Dorex2007: folds 
panKastus: folds 
DEPUTY DER: folds 
kreator1984: folds 
steve777333: folds 
Uncalled bet ($0.04) returned to urka_epu
urka_epu collected $0.05 from pot
urka_epu: doesn't show hand 
*** SUMMARY ***
Total pot $0.05 | Rake $0 
Seat 1: kreator1984 (small blind) folded before Flop
Seat 2: steve777333 (big blind) folded before Flop
Seat 3: Zog Buster folded before Flop (didn't bet)
Seat 4: urka_epu collected ($0.05)
Seat 5: lillsolli folded before Flop (didn't bet)
Seat 6: kanatakk folded before Flop (didn't bet)
Seat 7: Dorex2007 folded before Flop (didn't bet)
Seat 8: panKastus folded before Flop (didn't bet)
Seat 9: DEPUTY DER (button) folded before Flop (didn't bet)



PokerStars Hand #232416198488:  Hold'em No Limit ($0.01/$0.02 USD) - 2021/12/21 16:52:51 PT [2021/12/21 19:52:51 ET]
Table 'Urhixidur III' 9-max Seat #1 is the button
Seat 1: kreator1984 ($3.91 in chips) 
Seat 2: steve777333 ($0.80 in chips) 
Seat 3: Zog Buster ($2 in chips) 
Seat 4: urka_epu ($6.80 in chips) 
Seat 5: lillsolli ($7.72 in chips) 
Seat 6: kanatakk ($4.72 in chips) 
Seat 7: Dorex2007 ($2.50 in chips) 
Seat 8: panKastus ($3.51 in chips) 
Seat 9: DEPUTY DER ($1.48 in chips) 
steve777333: posts small blind $0.01
Zog Buster: posts big blind $0.02
*** HOLE CARDS ***
Dealt to Dorex2007 [7d 6d]
urka_epu: folds 
lillsolli: raises $0.02 to $0.04
kanatakk: folds 
Dorex2007: folds 
panKastus: folds 
DEPUTY DER: folds 
kreator1984: folds 
steve777333: folds 
Zog Buster: calls $0.02
*** FLOP *** [9h 5d 9c]
Zog Buster: checks 
lillsolli: checks 
*** TURN *** [9h 5d 9c] [5c]
Zog Buster: checks 
lillsolli: bets $0.20
Zog Buster: folds 
Uncalled bet ($0.20) returned to lillsolli
lillsolli collected $0.09 from pot
lillsolli: doesn't show hand 
*** SUMMARY ***
Total pot $0.09 | Rake $0 
Board [9h 5d 9c 5c]
Seat 1: kreator1984 (button) folded before Flop (didn't bet)
Seat 2: steve777333 (small blind) folded before Flop
Seat 3: Zog Buster (big blind) folded on the Turn
Seat 4: urka_epu folded before Flop (didn't bet)
Seat 5: lillsolli collected ($0.09)
Seat 6: kanatakk folded before Flop (didn't bet)
Seat 7: Dorex2007 folded before Flop (didn't bet)
Seat 8: panKastus folded before Flop (didn't bet)
Seat 9: DEPUTY DER folded before Flop (didn't bet)



PokerStars Hand #232416210776:  Hold'em No Limit ($0.01/$0.02 USD) - 2021/12/21 16:53:28 PT [2021/12/21 19:53:28 ET]
Table 'Urhixidur III' 9-max Seat #2 is the button
Seat 1: kreator1984 ($3.91 in chips) 
Seat 2: steve777333 ($0.80 in chips) 
Seat 3: Zog Buster ($2 in chips) 
Seat 4: urka_epu ($6.80 in chips) 
Seat 5: lillsolli ($7.77 in chips) 
Seat 6: kanatakk ($4.72 in chips) 
Seat 7: Dorex2007 ($2.50 in chips) 
Seat 8: panKastus ($3.51 in chips) 
Seat 9: DEPUTY DER ($1.48 in chips) 
Zog Buster: posts small blind $0.01
urka_epu: posts big blind $0.02
*** HOLE CARDS ***
Dealt to Dorex2007 [Js 5c]
lillsolli: folds 
kanatakk: folds 
Dorex2007: folds 
panKastus: folds 
DEPUTY DER: calls $0.02
kreator1984: folds 
steve777333: folds 
Zog Buster: folds 
urka_epu: checks 
*** FLOP *** [Ad Qh As]
urka_epu: checks 
DEPUTY DER: checks 
*** TURN *** [Ad Qh As] [2d]
urka_epu: checks 
DEPUTY DER: checks 
*** RIVER *** [Ad Qh As 2d] [7c]
urka_epu: checks 
DEPUTY DER: checks 
*** SHOW DOWN ***
urka_epu: shows [9d 8c] (a pair of Aces)
DEPUTY DER: shows [Kc 4c] (a pair of Aces - King kicker)
DEPUTY DER collected $0.05 from pot
*** SUMMARY ***
Total pot $0.05 | Rake $0 
Board [Ad Qh As 2d 7c]
Seat 1: kreator1984 folded before Flop (didn't bet)
Seat 2: steve777333 (button) folded before Flop (didn't bet)
Seat 3: Zog Buster (small blind) folded before Flop
Seat 4: urka_epu (big blind) showed [9d 8c] and lost with a pair of Aces
Seat 5: lillsolli folded before Flop (didn't bet)
Seat 6: kanatakk folded before Flop (didn't bet)
Seat 7: Dorex2007 folded before Flop (didn't bet)
Seat 8: panKastus folded before Flop (didn't bet)
Seat 9: DEPUTY DER showed [Kc 4c] and won ($0.05) with a pair of Aces



PokerStars Hand #232416226309:  Hold'em No Limit ($0.01/$0.02 USD) - 2021/12/21 16:54:20 PT [2021/12/21 19:54:20 ET]
Table 'Urhixidur III' 9-max Seat #3 is the button
Seat 1: kreator1984 ($3.91 in chips) 
Seat 2: steve777333 ($0.80 in chips) 
Seat 3: Zog Buster ($2 in chips) 
Seat 4: urka_epu ($6.78 in chips) 
Seat 5: lillsolli ($7.77 in chips) 
Seat 6: kanatakk ($4.72 in chips) 
Seat 7: Dorex2007 ($2.50 in chips) 
Seat 8: panKastus ($3.51 in chips) 
Seat 9: DEPUTY DER ($1.51 in chips) 
urka_epu: posts small blind $0.01
lillsolli: posts big blind $0.02
*** HOLE CARDS ***
Dealt to Dorex2007 [Td Th]
kanatakk: folds 
Dorex2007: raises $0.04 to $0.06
panKastus: calls $0.06
DEPUTY DER: calls $0.06
kreator1984: folds 
steve777333: folds 
Zog Buster: folds 
urka_epu: calls $0.05
lillsolli: folds 
*** FLOP *** [7s 5s Qh]
urka_epu: checks 
Dorex2007: bets $0.13
panKastus: calls $0.13
DEPUTY DER: folds 
urka_epu: folds 
*** TURN *** [7s 5s Qh] [6d]
Dorex2007: checks 
panKastus: bets $0.38
Dorex2007: folds 
Uncalled bet ($0.38) returned to panKastus
panKastus collected $0.50 from pot
panKastus: doesn't show hand 
*** SUMMARY ***
Total pot $0.52 | Rake $0.02 
Board [7s 5s Qh 6d]
Seat 1: kreator1984 folded before Flop (didn't bet)
Seat 2: steve777333 folded before Flop (didn't bet)
Seat 3: Zog Buster (button) folded before Flop (didn't bet)
Seat 4: urka_epu (small blind) folded on the Flop
Seat 5: lillsolli (big blind) folded before Flop
Seat 6: kanatakk folded before Flop (didn't bet)
Seat 7: Dorex2007 folded on the Turn
Seat 8: panKastus collected ($0.50)
Seat 9: DEPUTY DER folded on the Flop



PokerStars Hand #232416242299:  Hold'em No Limit ($0.01/$0.02 USD) - 2021/12/21 16:55:15 PT [2021/12/21 19:55:15 ET]
Table 'Urhixidur III' 9-max Seat #4 is the button
Seat 1: kreator1984 ($3.91 in chips) 
Seat 2: steve777333 ($0.80 in chips) 
Seat 3: Zog Buster ($2 in chips) 
Seat 4: urka_epu ($6.72 in chips) 
Seat 5: lillsolli ($7.75 in chips) 
Seat 6: kanatakk ($4.72 in chips) 
Seat 7: Dorex2007 ($2.31 in chips) 
Seat 8: panKastus ($3.82 in chips) 
Seat 9: DEPUTY DER ($1.45 in chips) 
lillsolli: posts small blind $0.01
kanatakk: posts big blind $0.02
*** HOLE CARDS ***
Dealt to Dorex2007 [6d Ts]
Dorex2007: folds 
panKastus: folds 
DEPUTY DER: calls $0.02
kreator1984: folds 
steve777333: folds 
Zog Buster: folds 
urka_epu: raises $0.06 to $0.08
lillsolli: folds 
kanatakk: folds 
DEPUTY DER: calls $0.06
*** FLOP *** [3c 9c Jc]
DEPUTY DER: bets $0.09
urka_epu: calls $0.09
*** TURN *** [3c 9c Jc] [5h]
DEPUTY DER: bets $0.18
urka_epu: folds 
Uncalled bet ($0.18) returned to DEPUTY DER
DEPUTY DER collected $0.36 from pot
*** SUMMARY ***
Total pot $0.37 | Rake $0.01 
Board [3c 9c Jc 5h]
Seat 1: kreator1984 folded before Flop (didn't bet)
Seat 2: steve777333 folded before Flop (didn't bet)
Seat 3: Zog Buster folded before Flop (didn't bet)
Seat 4: urka_epu (button) folded on the Turn
Seat 5: lillsolli (small blind) folded before Flop
Seat 6: kanatakk (big blind) folded before Flop
Seat 7: Dorex2007 folded before Flop (didn't bet)
Seat 8: panKastus folded before Flop (didn't bet)
Seat 9: DEPUTY DER collected ($0.36)



PokerStars Hand #232416261370:  Hold'em No Limit ($0.01/$0.02 USD) - 2021/12/21 16:56:03 PT [2021/12/21 19:56:03 ET]
Table 'Urhixidur III' 9-max Seat #5 is the button
Seat 1: kreator1984 ($3.91 in chips) 
Seat 2: steve777333 ($0.80 in chips) 
Seat 3: Zog Buster ($2 in chips) 
Seat 4: urka_epu ($6.55 in chips) 
Seat 5: lillsolli ($7.74 in chips) 
Seat 6: kanatakk ($4.70 in chips) 
Seat 7: Dorex2007 ($2.31 in chips) 
Seat 8: panKastus ($3.82 in chips) 
Seat 9: DEPUTY DER ($1.64 in chips) 
kanatakk: posts small blind $0.01
Dorex2007: posts big blind $0.02
*** HOLE CARDS ***
Dealt to Dorex2007 [Th Kc]
panKastus: folds 
DEPUTY DER: raises $0.02 to $0.04
kreator1984: folds 
steve777333: folds 
Zog Buster: folds 
urka_epu: folds 
lillsolli: calls $0.04
kanatakk: folds 
Dorex2007: calls $0.02
*** FLOP *** [3h 7h 9c]
Dorex2007: checks 
DEPUTY DER: checks 
lillsolli: bets $0.13
Dorex2007: folds 
DEPUTY DER: folds 
Uncalled bet ($0.13) returned to lillsolli
lillsolli collected $0.13 from pot
lillsolli: doesn't show hand 
*** SUMMARY ***
Total pot $0.13 | Rake $0 
Board [3h 7h 9c]
Seat 1: kreator1984 folded before Flop (didn't bet)
Seat 2: steve777333 folded before Flop (didn't bet)
Seat 3: Zog Buster folded before Flop (didn't bet)
Seat 4: urka_epu folded before Flop (didn't bet)
Seat 5: lillsolli (button) collected ($0.13)
Seat 6: kanatakk (small blind) folded before Flop
Seat 7: Dorex2007 (big blind) folded on the Flop
Seat 8: panKastus folded before Flop (didn't bet)
Seat 9: DEPUTY DER folded on the Flop



PokerStars Hand #232416268208:  Hold'em No Limit ($0.01/$0.02 USD) - 2021/12/21 16:56:31 PT [2021/12/21 19:56:31 ET]
Table 'Urhixidur III' 9-max Seat #6 is the button
Seat 1: kreator1984 ($3.91 in chips) 
Seat 2: steve777333 ($0.80 in chips) 
Seat 3: Zog Buster ($2 in chips) 
Seat 4: urka_epu ($6.55 in chips) 
Seat 5: lillsolli ($7.83 in chips) 
Seat 6: kanatakk ($4.69 in chips) 
Seat 7: Dorex2007 ($2.27 in chips) 
Seat 8: panKastus ($3.82 in chips) 
Seat 9: DEPUTY DER ($1.60 in chips) 
Dorex2007: posts small blind $0.01
panKastus: posts big blind $0.02
*** HOLE CARDS ***
Dealt to Dorex2007 [Qh 5h]
DEPUTY DER: folds 
kreator1984: raises $0.04 to $0.06
steve777333: folds 
Zog Buster: folds 
urka_epu: calls $0.06
lillsolli: calls $0.06
kanatakk: folds 
Dorex2007: folds 
panKastus: folds 
*** FLOP *** [5d 8s Qs]
kreator1984: checks 
urka_epu: checks 
lillsolli: bets $0.20
kreator1984: folds 
urka_epu: folds 
Uncalled bet ($0.20) returned to lillsolli
lillsolli collected $0.20 from pot
lillsolli: doesn't show hand 
*** SUMMARY ***
Total pot $0.21 | Rake $0.01 
Board [5d 8s Qs]
Seat 1: kreator1984 folded on the Flop
Seat 2: steve777333 folded before Flop (didn't bet)
Seat 3: Zog Buster folded before Flop (didn't bet)
Seat 4: urka_epu folded on the Flop
Seat 5: lillsolli collected ($0.20)
Seat 6: kanatakk (button) folded before Flop (didn't bet)
Seat 7: Dorex2007 (small blind) folded before Flop
Seat 8: panKastus (big blind) folded before Flop
Seat 9: DEPUTY DER folded before Flop (didn't bet)



PokerStars Hand #232416276278:  Hold'em No Limit ($0.01/$0.02 USD) - 2021/12/21 16:57:03 PT [2021/12/21 19:57:03 ET]
Table 'Urhixidur III' 9-max Seat #7 is the button
Seat 2: steve777333 ($0.80 in chips) 
Seat 3: Zog Buster ($2 in chips) 
Seat 4: urka_epu ($6.49 in chips) 
Seat 5: lillsolli ($7.97 in chips) 
Seat 6: kanatakk ($4.69 in chips) 
Seat 7: Dorex2007 ($2.26 in chips) 
Seat 8: panKastus ($3.80 in chips) 
Seat 9: DEPUTY DER ($1.60 in chips) 
panKastus: posts small blind $0.01
DEPUTY DER: posts big blind $0.02
*** HOLE CARDS ***
Dealt to Dorex2007 [8d Qd]
steve777333: folds 
Zog Buster: folds 
urka_epu: raises $0.04 to $0.06
lillsolli: calls $0.06
kanatakk: folds 
Dorex2007: folds 
panKastus: folds 
DEPUTY DER: calls $0.04
*** FLOP *** [Jc 6s 9d]
DEPUTY DER: checks 
urka_epu: bets $0.09
lillsolli: raises $0.09 to $0.18
DEPUTY DER: folds 
urka_epu: calls $0.09
*** TURN *** [Jc 6s 9d] [Js]
urka_epu: checks 
lillsolli: bets $0.27
urka_epu: folds 
Uncalled bet ($0.27) returned to lillsolli
lillsolli collected $0.53 from pot
lillsolli: doesn't show hand 
*** SUMMARY ***
Total pot $0.55 | Rake $0.02 
Board [Jc 6s 9d Js]
Seat 2: steve777333 folded before Flop (didn't bet)
Seat 3: Zog Buster folded before Flop (didn't bet)
Seat 4: urka_epu folded on the Turn
Seat 5: lillsolli collected ($0.53)
Seat 6: kanatakk folded before Flop (didn't bet)
Seat 7: Dorex2007 (button) folded before Flop (didn't bet)
Seat 8: panKastus (small blind) folded before Flop
Seat 9: DEPUTY DER (big blind) folded on the Flop



PokerStars Hand #232416290173:  Hold'em No Limit ($0.01/$0.02 USD) - 2021/12/21 16:57:58 PT [2021/12/21 19:57:58 ET]
Table 'Urhixidur III' 9-max Seat #8 is the button
Seat 2: steve777333 ($0.80 in chips) 
Seat 3: Zog Buster ($2 in chips) 
Seat 4: urka_epu ($6.25 in chips) 
Seat 5: lillsolli ($8.26 in chips) 
Seat 6: kanatakk ($4.69 in chips) 
Seat 7: Dorex2007 ($2.26 in chips) 
Seat 8: panKastus ($3.79 in chips) 
Seat 9: DEPUTY DER ($1.54 in chips) 
DEPUTY DER: posts small blind $0.01
steve777333: posts big blind $0.02
*** HOLE CARDS ***
Dealt to Dorex2007 [Qd Qs]
Zog Buster: folds 
urka_epu: folds 
lillsolli: folds 
kanatakk: folds 
Dorex2007: raises $0.04 to $0.06
panKastus: folds 
DEPUTY DER: folds 
steve777333: raises $0.12 to $0.18
Dorex2007: calls $0.12
*** FLOP *** [Ac Js Tc]
steve777333: bets $0.62 and is all-in
Dorex2007: calls $0.62
*** TURN *** [Ac Js Tc] [Qc]
*** RIVER *** [Ac Js Tc Qc] [Ts]
*** SHOW DOWN ***
steve777333: shows [As Jd] (two pair, Aces and Jacks)
Dorex2007: shows [Qd Qs] (a full house, Queens full of Tens)
Dorex2007 collected $1.55 from pot
steve777333 cashed out the hand for $1.17 | Cash Out Fee $0.01
*** SUMMARY ***
Total pot $1.61 | Rake $0.06 
Board [Ac Js Tc Qc Ts]
Seat 2: steve777333 (big blind) showed [As Jd] and lost with two pair, Aces and Jacks (cashed out).
Seat 3: Zog Buster folded before Flop (didn't bet)
Seat 4: urka_epu folded before Flop (didn't bet)
Seat 5: lillsolli folded before Flop (didn't bet)
Seat 6: kanatakk folded before Flop (didn't bet)
Seat 7: Dorex2007 showed [Qd Qs] and won ($1.55) with a full house, Queens full of Tens
Seat 8: panKastus (button) folded before Flop (didn't bet)
Seat 9: DEPUTY DER (small blind) folded before Flop



PokerStars Hand #232416307070:  Hold'em No Limit ($0.01/$0.02 USD) - 2021/12/21 16:59:06 PT [2021/12/21 19:59:06 ET]
Table 'Urhixidur III' 9-max Seat #9 is the button
Seat 2: steve777333 ($1.17 in chips) 
Seat 4: urka_epu ($6.25 in chips) 
Seat 5: lillsolli ($8.26 in chips) 
Seat 6: kanatakk ($4.69 in chips) 
Seat 7: Dorex2007 ($3.01 in chips) 
Seat 8: panKastus ($3.79 in chips) 
Seat 9: DEPUTY DER ($1.53 in chips) 
steve777333: posts small blind $0.01
Zog Buster: is sitting out 
urka_epu: posts big blind $0.02
*** HOLE CARDS ***
Dealt to Dorex2007 [Kd 9h]
Zog Buster leaves the table
lillsolli: calls $0.02
kanatakk: folds 
Dorex2007: folds 
panKastus: folds 
DEPUTY DER: calls $0.02
steve777333: calls $0.01
urka_epu: checks 
*** FLOP *** [Kc 2d 7d]
Dorex2007 said, "sweet"
Inc4ognito joins the table at seat #3 
steve777333: checks 
urka_epu: checks 
lillsolli: checks 
DEPUTY DER: checks 
*** TURN *** [Kc 2d 7d] [5d]
steve777333: checks 
urka_epu: checks 
lillsolli: checks 
DEPUTY DER: bets $0.04
steve777333: folds 
urka_epu: folds 
lillsolli: folds 
Uncalled bet ($0.04) returned to DEPUTY DER
DEPUTY DER collected $0.08 from pot
*** SUMMARY ***
Total pot $0.08 | Rake $0 
Board [Kc 2d 7d 5d]
Seat 2: steve777333 (small blind) folded on the Turn
Seat 4: urka_epu (big blind) folded on the Turn
Seat 5: lillsolli folded on the Turn
Seat 6: kanatakk folded before Flop (didn't bet)
Seat 7: Dorex2007 folded before Flop (didn't bet)
Seat 8: panKastus folded before Flop (didn't bet)
Seat 9: DEPUTY DER (button) collected ($0.08)



PokerStars Hand #232416322590:  Hold'em No Limit ($0.01/$0.02 USD) - 2021/12/21 17:00:08 PT [2021/12/21 20:00:08 ET]
Table 'Urhixidur III' 9-max Seat #2 is the button
Seat 2: steve777333 ($1.15 in chips) 
Seat 4: urka_epu ($6.23 in chips) 
Seat 5: lillsolli ($8.24 in chips) 
Seat 6: kanatakk ($4.69 in chips) 
Seat 7: Dorex2007 ($3.01 in chips) 
Seat 8: panKastus ($3.79 in chips) 
Seat 9: DEPUTY DER ($1.59 in chips) 
urka_epu: posts small blind $0.01
lillsolli: posts big blind $0.02
*** HOLE CARDS ***
Dealt to Dorex2007 [Td 3h]
kanatakk: raises $0.04 to $0.06
Dorex2007: folds 
panKastus: folds 
DEPUTY DER: folds 
steve777333: folds 
urka_epu: calls $0.05
lillsolli: calls $0.04
*** FLOP *** [Ts 7s Ah]
urka_epu: checks 
lillsolli: checks 
kanatakk: bets $0.05
urka_epu: folds 
lillsolli: folds 
Uncalled bet ($0.05) returned to kanatakk
kanatakk collected $0.17 from pot
kanatakk: doesn't show hand 
*** SUMMARY ***
Total pot $0.18 | Rake $0.01 
Board [Ts 7s Ah]
Seat 2: steve777333 (button) folded before Flop (didn't bet)
Seat 4: urka_epu (small blind) folded on the Flop
Seat 5: lillsolli (big blind) folded on the Flop
Seat 6: kanatakk collected ($0.17)
Seat 7: Dorex2007 folded before Flop (didn't bet)
Seat 8: panKastus folded before Flop (didn't bet)
Seat 9: DEPUTY DER folded before Flop (didn't bet)



PokerStars Hand #232416333499:  Hold'em No Limit ($0.01/$0.02 USD) - 2021/12/21 17:00:49 PT [2021/12/21 20:00:49 ET]
Table 'Urhixidur III' 9-max Seat #4 is the button
Seat 2: steve777333 ($1.15 in chips) 
Seat 4: urka_epu ($6.17 in chips) 
Seat 5: lillsolli ($8.18 in chips) 
Seat 6: kanatakk ($4.80 in chips) 
Seat 7: Dorex2007 ($3.01 in chips) 
Seat 8: panKastus ($3.79 in chips) 
Seat 9: DEPUTY DER ($1.59 in chips) 
lillsolli: posts small blind $0.01
kanatakk: posts big blind $0.02
Inc4ognito: sits out 
*** HOLE CARDS ***
Dealt to Dorex2007 [Ac 4c]
Dorex2007: folds 
panKastus: folds 
DEPUTY DER: raises $0.02 to $0.04
steve777333: folds 
urka_epu: folds 
lillsolli: folds 
kanatakk: calls $0.02
*** FLOP *** [5s Ad Ah]
kanatakk: checks 
DEPUTY DER: bets $0.04
kanatakk: folds 
Uncalled bet ($0.04) returned to DEPUTY DER
DEPUTY DER collected $0.09 from pot
*** SUMMARY ***
Total pot $0.09 | Rake $0 
Board [5s Ad Ah]
Seat 2: steve777333 folded before Flop (didn't bet)
Seat 4: urka_epu (button) folded before Flop (didn't bet)
Seat 5: lillsolli (small blind) folded before Flop
Seat 6: kanatakk (big blind) folded on the Flop
Seat 7: Dorex2007 folded before Flop (didn't bet)
Seat 8: panKastus folded before Flop (didn't bet)
Seat 9: DEPUTY DER collected ($0.09)



PokerStars Hand #232416342818:  Hold'em No Limit ($0.01/$0.02 USD) - 2021/12/21 17:01:22 PT [2021/12/21 20:01:22 ET]
Table 'Urhixidur III' 9-max Seat #5 is the button
Seat 2: steve777333 ($1.15 in chips) 
Seat 4: urka_epu ($6.17 in chips) 
Seat 5: lillsolli ($8.17 in chips) 
Seat 6: kanatakk ($4.76 in chips) 
Seat 7: Dorex2007 ($3.01 in chips) 
Seat 8: panKastus ($3.79 in chips) 
Seat 9: DEPUTY DER ($1.64 in chips) 
kanatakk: posts small blind $0.01
Dorex2007: posts big blind $0.02
Inc4ognito: sits out 
*** HOLE CARDS ***
Dealt to Dorex2007 [8d Kc]
panKastus: folds 
DEPUTY DER: folds 
steve777333: folds 
urka_epu: folds 
lillsolli: calls $0.02
kanatakk: folds 
Dorex2007: checks 
*** FLOP *** [7s 7d 7c]
Dorex2007: checks 
lillsolli: checks 
*** TURN *** [7s 7d 7c] [3h]
Dorex2007: checks 
lillsolli: bets $1.58
Dorex2007: folds 
Uncalled bet ($1.58) returned to lillsolli
lillsolli collected $0.05 from pot
lillsolli: doesn't show hand 
*** SUMMARY ***
Total pot $0.05 | Rake $0 
Board [7s 7d 7c 3h]
Seat 2: steve777333 folded before Flop (didn't bet)
Seat 4: urka_epu folded before Flop (didn't bet)
Seat 5: lillsolli (button) collected ($0.05)
Seat 6: kanatakk (small blind) folded before Flop
Seat 7: Dorex2007 (big blind) folded on the Turn
Seat 8: panKastus folded before Flop (didn't bet)
Seat 9: DEPUTY DER folded before Flop (didn't bet)



PokerStars Hand #232416351873:  Hold'em No Limit ($0.01/$0.02 USD) - 2021/12/21 17:01:54 PT [2021/12/21 20:01:54 ET]
Table 'Urhixidur III' 9-max Seat #6 is the button
Seat 2: steve777333 ($1.15 in chips) 
Seat 4: urka_epu ($6.17 in chips) 
Seat 5: lillsolli ($8.20 in chips) 
Seat 6: kanatakk ($4.75 in chips) 
Seat 7: Dorex2007 ($2.99 in chips) 
Seat 8: panKastus ($3.79 in chips) 
Seat 9: DEPUTY DER ($1.64 in chips) 
Dorex2007: posts small blind $0.01
panKastus: posts big blind $0.02
kreator1984: sits out 
Inc4ognito: sits out 
*** HOLE CARDS ***
Dealt to Dorex2007 [Tc 4d]
DEPUTY DER: raises $0.02 to $0.04
steve777333: folds 
urka_epu: folds 
lillsolli: calls $0.04
kanatakk: folds 
Dorex2007: folds 
panKastus: calls $0.02
*** FLOP *** [3h 5d Jd]
panKastus: checks 
DEPUTY DER: checks 
lillsolli: bets $0.13
panKastus: folds 
DEPUTY DER: folds 
Uncalled bet ($0.13) returned to lillsolli
lillsolli collected $0.13 from pot
lillsolli: doesn't show hand 
*** SUMMARY ***
Total pot $0.13 | Rake $0 
Board [3h 5d Jd]
Seat 2: steve777333 folded before Flop (didn't bet)
Seat 4: urka_epu folded before Flop (didn't bet)
Seat 5: lillsolli collected ($0.13)
Seat 6: kanatakk (button) folded before Flop (didn't bet)
Seat 7: Dorex2007 (small blind) folded before Flop
Seat 8: panKastus (big blind) folded on the Flop
Seat 9: DEPUTY DER folded on the Flop



PokerStars Hand #232416361594:  Hold'em No Limit ($0.01/$0.02 USD) - 2021/12/21 17:02:27 PT [2021/12/21 20:02:27 ET]
Table 'Urhixidur III' 9-max Seat #7 is the button
Seat 2: steve777333 ($1.15 in chips) 
Seat 4: urka_epu ($6.17 in chips) 
Seat 5: lillsolli ($8.29 in chips) 
Seat 6: kanatakk ($4.75 in chips) 
Seat 7: Dorex2007 ($2.98 in chips) 
Seat 8: panKastus ($3.75 in chips) 
Seat 9: DEPUTY DER ($1.60 in chips) 
panKastus: posts small blind $0.01
DEPUTY DER: posts big blind $0.02
kreator1984: sits out 
Inc4ognito: sits out 
*** HOLE CARDS ***
Dealt to Dorex2007 [Kc 2s]
steve777333: raises $0.04 to $0.06
urka_epu: calls $0.06
lillsolli: folds 
kanatakk: calls $0.06
Dorex2007: folds 
panKastus: folds 
DEPUTY DER: calls $0.04
*** FLOP *** [4h Ac Qc]
DEPUTY DER: checks 
steve777333: bets $0.25
urka_epu: folds 
kanatakk: folds 
DEPUTY DER: folds 
Uncalled bet ($0.25) returned to steve777333
steve777333 collected $0.24 from pot
steve777333: doesn't show hand 
*** SUMMARY ***
Total pot $0.25 | Rake $0.01 
Board [4h Ac Qc]
Seat 2: steve777333 collected ($0.24)
Seat 4: urka_epu folded on the Flop
Seat 5: lillsolli folded before Flop (didn't bet)
Seat 6: kanatakk folded on the Flop
Seat 7: Dorex2007 (button) folded before Flop (didn't bet)
Seat 8: panKastus (small blind) folded before Flop
Seat 9: DEPUTY DER (big blind) folded on the Flop



PokerStars Hand #232416375557:  Hold'em No Limit ($0.01/$0.02 USD) - 2021/12/21 17:03:14 PT [2021/12/21 20:03:14 ET]
Table 'Urhixidur III' 9-max Seat #8 is the button
Seat 1: kreator1984 ($3.85 in chips) 
Seat 2: steve777333 ($1.33 in chips) 
Seat 4: urka_epu ($6.11 in chips) 
Seat 5: lillsolli ($8.29 in chips) 
Seat 6: kanatakk ($4.69 in chips) 
Seat 7: Dorex2007 ($2.98 in chips) 
Seat 8: panKastus ($3.74 in chips) 
Seat 9: DEPUTY DER ($1.54 in chips) 
DEPUTY DER: posts small blind $0.01
kreator1984: posts big blind $0.02
Inc4ognito: sits out 
*** HOLE CARDS ***
Dealt to Dorex2007 [As Kc]
steve777333: folds 
urka_epu: folds 
lillsolli: raises $0.02 to $0.04
kanatakk: calls $0.04
steve777333 leaves the table
Dorex2007: calls $0.04
panKastus: folds 
DEPUTY DER: calls $0.03
kreator1984: calls $0.02
*** FLOP *** [5c Jc 6s]
DEPUTY DER: checks 
kreator1984: checks 
lillsolli: bets $0.19
kanatakk: folds 
Dorex2007: folds 
DEPUTY DER: folds 
kreator1984: calls $0.19
*** TURN *** [5c Jc 6s] [Kd]
kreator1984: checks 
Bods44 joins the table at seat #2 
lillsolli: checks 
*** RIVER *** [5c Jc 6s Kd] [Qs]
DEPUTY DER leaves the table
kreator1984: checks 
lillsolli: bets $8.06 and is all-in
kreator1984: folds 
Uncalled bet ($8.06) returned to lillsolli
lillsolli collected $0.56 from pot
lillsolli: doesn't show hand 
*** SUMMARY ***
Total pot $0.58 | Rake $0.02 
Board [5c Jc 6s Kd Qs]
Seat 1: kreator1984 (big blind) folded on the River
Seat 2: steve777333 folded before Flop (didn't bet)
Seat 4: urka_epu folded before Flop (didn't bet)
Seat 5: lillsolli collected ($0.56)
Seat 6: kanatakk folded on the Flop
Seat 7: Dorex2007 folded on the Flop
Seat 8: panKastus (button) folded before Flop (didn't bet)
Seat 9: DEPUTY DER (small blind) folded on the Flop



PokerStars Hand #232416398000:  Hold'em No Limit ($0.01/$0.02 USD) - 2021/12/21 17:04:14 PT [2021/12/21 20:04:14 ET]
Table 'Urhixidur III' 9-max Seat #1 is the button
Seat 1: kreator1984 ($3.62 in chips) 
Seat 4: urka_epu ($6.11 in chips) 
Seat 5: lillsolli ($8.62 in chips) 
Seat 6: kanatakk ($4.65 in chips) 
Seat 7: Dorex2007 ($2.94 in chips) 
Seat 8: panKastus ($3.74 in chips) 
urka_epu: posts small blind $0.01
lillsolli: posts big blind $0.02
*** HOLE CARDS ***
Dealt to Dorex2007 [4c 4d]
kanatakk: folds 
Dorex2007: raises $0.02 to $0.04
panKastus: folds 
kreator1984: calls $0.04
urka_epu: folds 
lillsolli: folds 
*** FLOP *** [Qs 3s Qd]
Dorex2007: checks 
kreator1984: checks 
*** TURN *** [Qs 3s Qd] [7s]
Dorex2007: bets $0.07
kreator1984: folds 
Uncalled bet ($0.07) returned to Dorex2007
Dorex2007 collected $0.11 from pot
Dorex2007: doesn't show hand 
*** SUMMARY ***
Total pot $0.11 | Rake $0 
Board [Qs 3s Qd 7s]
Seat 1: kreator1984 (button) folded on the Turn
Seat 4: urka_epu (small blind) folded before Flop
Seat 5: lillsolli (big blind) folded before Flop
Seat 6: kanatakk folded before Flop (didn't bet)
Seat 7: Dorex2007 collected ($0.11)
Seat 8: panKastus folded before Flop (didn't bet)



PokerStars Hand #232416405729:  Hold'em No Limit ($0.01/$0.02 USD) - 2021/12/21 17:04:40 PT [2021/12/21 20:04:40 ET]
Table 'Urhixidur III' 9-max Seat #4 is the button
Seat 1: kreator1984 ($3.58 in chips) 
Seat 2: Bods44 ($2 in chips) 
Seat 4: urka_epu ($6.10 in chips) 
Seat 5: lillsolli ($8.60 in chips) 
Seat 6: kanatakk ($4.65 in chips) 
Seat 7: Dorex2007 ($3.01 in chips) 
Seat 8: panKastus ($3.74 in chips) 
lillsolli: posts small blind $0.01
kanatakk: posts big blind $0.02
Bods44: posts big blind $0.02
Inc4ognito: sits out 
*** HOLE CARDS ***
Dealt to Dorex2007 [3s As]
Dorex2007: folds 
panKastus: folds 
kreator1984: folds 
Bods44: checks 
urka_epu: folds 
lillsolli: calls $0.01
kanatakk: checks 
*** FLOP *** [5s 8c 2d]
lillsolli: checks 
kanatakk: bets $0.03
robertosbpb07 joins the table at seat #9 
Bods44: folds 
lillsolli: calls $0.03
*** TURN *** [5s 8c 2d] [8s]
lillsolli: checks 
kanatakk: bets $0.10
lillsolli: calls $0.10
*** RIVER *** [5s 8c 2d 8s] [6d]
lillsolli: checks 
kanatakk: bets $0.23
lillsolli: raises $0.23 to $0.46
kanatakk: calls $0.23
*** SHOW DOWN ***
lillsolli: shows [2c Tc] (two pair, Eights and Deuces)
kanatakk: shows [Ts 8h] (three of a kind, Eights)
kanatakk collected $1.20 from pot
*** SUMMARY ***
Total pot $1.24 | Rake $0.04 
Board [5s 8c 2d 8s 6d]
Seat 1: kreator1984 folded before Flop (didn't bet)
Seat 2: Bods44 folded on the Flop (didn't bet)
Seat 4: urka_epu (button) folded before Flop (didn't bet)
Seat 5: lillsolli (small blind) showed [2c Tc] and lost with two pair, Eights and Deuces
Seat 6: kanatakk (big blind) showed [Ts 8h] and won ($1.20) with three of a kind, Eights
Seat 7: Dorex2007 folded before Flop (didn't bet)
Seat 8: panKastus folded before Flop (didn't bet)



PokerStars Hand #232416423889:  Hold'em No Limit ($0.01/$0.02 USD) - 2021/12/21 17:05:42 PT [2021/12/21 20:05:42 ET]
Table 'Urhixidur III' 9-max Seat #5 is the button
Seat 1: kreator1984 ($3.58 in chips) 
Seat 2: Bods44 ($1.98 in chips) 
Seat 4: urka_epu ($6.10 in chips) 
Seat 5: lillsolli ($7.99 in chips) 
Seat 6: kanatakk ($5.24 in chips) 
Seat 7: Dorex2007 ($3.01 in chips) 
Seat 8: panKastus ($3.74 in chips) 
Seat 9: robertosbpb07 ($2 in chips) 
kanatakk: posts small blind $0.01
Dorex2007: posts big blind $0.02
robertosbpb07: posts big blind $0.02
Inc4ognito: sits out 
*** HOLE CARDS ***
Dealt to Dorex2007 [Qd 8d]
kanatakk said, "(violin)"
panKastus: folds 
robertosbpb07: checks 
kreator1984: folds 
Bods44: calls $0.02
urka_epu: folds 
lillsolli: calls $0.02
urka_epu leaves the table
kanatakk: calls $0.01
Dorex2007: checks 
*** FLOP *** [3c 4c 8c]
kanatakk: checks 
Dorex2007: checks 
robertosbpb07: checks 
Bods44: bets $0.05
lillsolli: calls $0.05
kanatakk: folds 
Dorex2007: folds 
robertosbpb07: folds 
*** TURN *** [3c 4c 8c] [Jh]
Bods44: checks 
lillsolli: checks 
*** RIVER *** [3c 4c 8c Jh] [Th]
Bods44: checks 
lillsolli: checks 
*** SHOW DOWN ***
Bods44: shows [Ac 2d] (high card Ace)
lillsolli: shows [Ks 3s] (a pair of Threes)
lillsolli collected $0.19 from pot
*** SUMMARY ***
Total pot $0.20 | Rake $0.01 
Board [3c 4c 8c Jh Th]
Seat 1: kreator1984 folded before Flop (didn't bet)
Seat 2: Bods44 showed [Ac 2d] and lost with high card Ace
Seat 4: urka_epu folded before Flop (didn't bet)
Seat 5: lillsolli (button) showed [Ks 3s] and won ($0.19) with a pair of Threes
Seat 6: kanatakk (small blind) folded on the Flop
Seat 7: Dorex2007 (big blind) folded on the Flop
Seat 8: panKastus folded before Flop (didn't bet)
Seat 9: robertosbpb07 folded on the Flop (didn't bet)



PokerStars Hand #232416440815:  Hold'em No Limit ($0.01/$0.02 USD) - 2021/12/21 17:06:40 PT [2021/12/21 20:06:40 ET]
Table 'Urhixidur III' 9-max Seat #6 is the button
Seat 1: kreator1984 ($3.58 in chips) 
Seat 2: Bods44 ($1.91 in chips) 
Seat 5: lillsolli ($8.11 in chips) 
Seat 6: kanatakk ($5.22 in chips) 
Seat 7: Dorex2007 ($2.99 in chips) 
Seat 8: panKastus ($3.74 in chips) 
Seat 9: robertosbpb07 ($1.98 in chips) 
Dorex2007: posts small blind $0.01
panKastus: posts big blind $0.02
Inc4ognito: sits out 
*** HOLE CARDS ***
Dealt to Dorex2007 [Js 7d]
robertosbpb07: raises $0.02 to $0.04
kreator1984: calls $0.04
Bods44: folds 
lillsolli: calls $0.04
kanatakk: calls $0.04
Dorex2007: folds 
panKastus: folds 
*** FLOP *** [9h 8s 9c]
robertosbpb07: checks 
kreator1984: checks 
lillsolli: checks 
kanatakk: checks 
*** TURN *** [9h 8s 9c] [5h]
robertosbpb07: bets $0.04
kreator1984: calls $0.04
lillsolli: calls $0.04
kanatakk: folds 
*** RIVER *** [9h 8s 9c 5h] [6h]
robertosbpb07: bets $0.06
kreator1984: calls $0.06
lillsolli: calls $0.06
*** SHOW DOWN ***
robertosbpb07: shows [Kc 8c] (two pair, Nines and Eights)
kreator1984: shows [Ad 8d] (two pair, Nines and Eights - Ace kicker)
lillsolli: mucks hand 
kreator1984 collected $0.47 from pot
*** SUMMARY ***
Total pot $0.49 | Rake $0.02 
Board [9h 8s 9c 5h 6h]
Seat 1: kreator1984 showed [Ad 8d] and won ($0.47) with two pair, Nines and Eights
Seat 2: Bods44 folded before Flop (didn't bet)
Seat 5: lillsolli mucked [2c 2h]
Seat 6: kanatakk (button) folded on the Turn
Seat 7: Dorex2007 (small blind) folded before Flop
Seat 8: panKastus (big blind) folded before Flop
Seat 9: robertosbpb07 showed [Kc 8c] and lost with two pair, Nines and Eights



PokerStars Hand #232416455614:  Hold'em No Limit ($0.01/$0.02 USD) - 2021/12/21 17:07:31 PT [2021/12/21 20:07:31 ET]
Table 'Urhixidur III' 9-max Seat #7 is the button
Seat 1: kreator1984 ($3.91 in chips) 
Seat 2: Bods44 ($1.91 in chips) 
Seat 5: lillsolli ($7.97 in chips) 
Seat 6: kanatakk ($5.18 in chips) 
Seat 7: Dorex2007 ($2.98 in chips) 
Seat 8: panKastus ($3.72 in chips) 
Seat 9: robertosbpb07 ($1.84 in chips) 
panKastus: posts small blind $0.01
robertosbpb07: posts big blind $0.02
Inc4ognito: sits out 
*** HOLE CARDS ***
Dealt to Dorex2007 [5c 6c]
kreator1984: folds 
Bods44: calls $0.02
lillsolli: calls $0.02
kanatakk: raises $0.04 to $0.06
Dorex2007: folds 
panKastus: folds 
robertosbpb07: raises $0.44 to $0.50
Bods44: folds 
lillsolli: folds 
kanatakk: folds 
Uncalled bet ($0.44) returned to robertosbpb07
robertosbpb07 collected $0.17 from pot
robertosbpb07: doesn't show hand 
*** SUMMARY ***
Total pot $0.17 | Rake $0 
Seat 1: kreator1984 folded before Flop (didn't bet)
Seat 2: Bods44 folded before Flop
Seat 5: lillsolli folded before Flop
Seat 6: kanatakk folded before Flop
Seat 7: Dorex2007 (button) folded before Flop (didn't bet)
Seat 8: panKastus (small blind) folded before Flop
Seat 9: robertosbpb07 (big blind) collected ($0.17)



PokerStars Hand #232416464268:  Hold'em No Limit ($0.01/$0.02 USD) - 2021/12/21 17:08:01 PT [2021/12/21 20:08:01 ET]
Table 'Urhixidur III' 9-max Seat #8 is the button
Seat 1: kreator1984 ($3.91 in chips) 
Seat 2: Bods44 ($1.89 in chips) 
Seat 5: lillsolli ($7.95 in chips) 
Seat 6: kanatakk ($5.12 in chips) 
Seat 7: Dorex2007 ($2.98 in chips) 
Seat 8: panKastus ($3.71 in chips) 
Seat 9: robertosbpb07 ($1.95 in chips) 
robertosbpb07: posts small blind $0.01
kreator1984: posts big blind $0.02
Inc4ognito: sits out 
*** HOLE CARDS ***
Dealt to Dorex2007 [Th Ac]
Bods44: calls $0.02
lillsolli: calls $0.02
kanatakk: folds 
Dorex2007: folds 
panKastus: folds 
robertosbpb07: calls $0.01
kreator1984: checks 
*** FLOP *** [4d 3d 8d]
robertosbpb07: checks 
kreator1984: checks 
Bods44: bets $0.04
lillsolli: calls $0.04
robertosbpb07: folds 
kreator1984: folds 
*** TURN *** [4d 3d 8d] [7h]
apostol.pav joins the table at seat #4 
Bods44: bets $0.15
lillsolli: folds 
Uncalled bet ($0.15) returned to Bods44
Bods44 collected $0.15 from pot
*** SUMMARY ***
Total pot $0.16 | Rake $0.01 
Board [4d 3d 8d 7h]
Seat 1: kreator1984 (big blind) folded on the Flop
Seat 2: Bods44 collected ($0.15)
Seat 5: lillsolli folded on the Turn
Seat 6: kanatakk folded before Flop (didn't bet)
Seat 7: Dorex2007 folded before Flop (didn't bet)
Seat 8: panKastus (button) folded before Flop (didn't bet)
Seat 9: robertosbpb07 (small blind) folded on the Flop



PokerStars Hand #232416478108:  Hold'em No Limit ($0.01/$0.02 USD) - 2021/12/21 17:08:48 PT [2021/12/21 20:08:48 ET]
Table 'Urhixidur III' 9-max Seat #9 is the button
Seat 1: kreator1984 ($3.89 in chips) 
Seat 2: Bods44 ($1.98 in chips) 
Seat 4: apostol.pav ($0.80 in chips) 
Seat 5: lillsolli ($7.89 in chips) 
Seat 6: kanatakk ($5.12 in chips) 
Seat 7: Dorex2007 ($2.98 in chips) 
Seat 8: panKastus ($3.71 in chips) 
Seat 9: robertosbpb07 ($1.93 in chips) 
kreator1984: posts small blind $0.01
Bods44: posts big blind $0.02
Inc4ognito: sits out 
apostol.pav: posts big blind $0.02
*** HOLE CARDS ***
Dealt to Dorex2007 [3s Ah]
apostol.pav: checks 
lillsolli: calls $0.02
kanatakk: folds 
Dorex2007: folds 
panKastus: folds 
robertosbpb07: calls $0.02
kreator1984: calls $0.01
Bods44: checks 
*** FLOP *** [Qs Ks Th]
kreator1984: checks 
Bods44: checks 
apostol.pav: bets $0.02
lillsolli: raises $0.14 to $0.16
robertosbpb07: folds 
kreator1984: folds 
Bods44: folds 
apostol.pav: calls $0.14
*** TURN *** [Qs Ks Th] [Kd]
apostol.pav: checks 
lillsolli: bets $0.46
apostol.pav: calls $0.46
*** RIVER *** [Qs Ks Th Kd] [2c]
apostol.pav: checks 
lillsolli: bets $0.20
apostol.pav: calls $0.16 and is all-in
Uncalled bet ($0.04) returned to lillsolli
*** SHOW DOWN ***
lillsolli: shows [7c Kc] (three of a kind, Kings)
apostol.pav: shows [Qd Js] (two pair, Kings and Queens)
lillsolli collected $1.60 from pot
*** SUMMARY ***
Total pot $1.66 | Rake $0.06 
Board [Qs Ks Th Kd 2c]
Seat 1: kreator1984 (small blind) folded on the Flop
Seat 2: Bods44 (big blind) folded on the Flop
Seat 4: apostol.pav showed [Qd Js] and lost with two pair, Kings and Queens
Seat 5: lillsolli showed [7c Kc] and won ($1.60) with three of a kind, Kings
Seat 6: kanatakk folded before Flop (didn't bet)
Seat 7: Dorex2007 folded before Flop (didn't bet)
Seat 8: panKastus folded before Flop (didn't bet)
Seat 9: robertosbpb07 (button) folded on the Flop



PokerStars Hand #232416497767:  Hold'em No Limit ($0.01/$0.02 USD) - 2021/12/21 17:09:56 PT [2021/12/21 20:09:56 ET]
Table 'Urhixidur III' 9-max Seat #1 is the button
Seat 1: kreator1984 ($3.87 in chips) 
Seat 2: Bods44 ($1.96 in chips) 
Seat 3: Inc4ognito ($2 in chips) 
Seat 5: lillsolli ($8.69 in chips) 
Seat 6: kanatakk ($5.12 in chips) 
Seat 7: Dorex2007 ($2.98 in chips) 
Seat 8: panKastus ($3.71 in chips) 
Seat 9: robertosbpb07 ($1.91 in chips) 
Bods44: posts small blind $0.01
Inc4ognito: posts big blind $0.02
*** HOLE CARDS ***
Dealt to Dorex2007 [3h Qs]
lillsolli: calls $0.02
kanatakk: folds 
Dorex2007: folds 
panKastus: folds 
robertosbpb07: calls $0.02
kreator1984: folds 
Bods44: calls $0.01
Inc4ognito: checks 
*** FLOP *** [9c 8h 9h]
Bods44: checks 
Inc4ognito: checks 
lillsolli: checks 
robertosbpb07: checks 
*** TURN *** [9c 8h 9h] [9s]
Bods44: checks 
Inc4ognito: checks 
lillsolli: checks 
robertosbpb07: checks 
*** RIVER *** [9c 8h 9h 9s] [Qd]
Bods44: checks 
Inc4ognito: checks 
lillsolli: checks 
robertosbpb07: checks 
*** SHOW DOWN ***
Bods44: shows [4d 3s] (three of a kind, Nines)
Inc4ognito: shows [2d Jh] (three of a kind, Nines - Queen+Jack kicker)
lillsolli: shows [Jd Kd] (three of a kind, Nines - King kicker)
robertosbpb07: mucks hand 
lillsolli collected $0.08 from pot
*** SUMMARY ***
Total pot $0.08 | Rake $0 
Board [9c 8h 9h 9s Qd]
Seat 1: kreator1984 (button) folded before Flop (didn't bet)
Seat 2: Bods44 (small blind) showed [4d 3s] and lost with three of a kind, Nines
Seat 3: Inc4ognito (big blind) showed [2d Jh] and lost with three of a kind, Nines
Seat 5: lillsolli showed [Jd Kd] and won ($0.08) with three of a kind, Nines
Seat 6: kanatakk folded before Flop (didn't bet)
Seat 7: Dorex2007 folded before Flop (didn't bet)
Seat 8: panKastus folded before Flop (didn't bet)
Seat 9: robertosbpb07 mucked [Js 2s]



PokerStars Hand #232416508331:  Hold'em No Limit ($0.01/$0.02 USD) - 2021/12/21 17:10:33 PT [2021/12/21 20:10:33 ET]
Table 'Urhixidur III' 9-max Seat #2 is the button
Seat 1: kreator1984 ($3.87 in chips) 
Seat 2: Bods44 ($1.94 in chips) 
Seat 3: Inc4ognito ($2 in chips) 
Seat 4: apostol.pav ($0.80 in chips) 
Seat 5: lillsolli ($8.75 in chips) 
Seat 6: kanatakk ($5.12 in chips) 
Seat 7: Dorex2007 ($2.98 in chips) 
Seat 8: panKastus ($3.71 in chips) 
Seat 9: robertosbpb07 ($1.89 in chips) 
Inc4ognito: posts small blind $0.01
apostol.pav: posts big blind $0.02
*** HOLE CARDS ***
Dealt to Dorex2007 [2h Ts]
lillsolli: folds 
kanatakk: folds 
Dorex2007: folds 
panKastus: raises $0.06 to $0.08
robertosbpb07: folds 
kreator1984: raises $0.16 to $0.24
Bods44: folds 
Inc4ognito: folds 
apostol.pav: folds 
panKastus: raises $3.47 to $3.71 and is all-in
kreator1984: calls $3.47
*** FLOP *** [7c 5d 2c]
*** TURN *** [7c 5d 2c] [2s]
*** RIVER *** [7c 5d 2c 2s] [Js]
*** SHOW DOWN ***
panKastus: shows [Qc Qh] (two pair, Queens and Deuces)
kreator1984: shows [Kh Kd] (two pair, Kings and Deuces)
kreator1984 cashed out the hand for $5.83 | Cash Out Fee $0.06
panKastus cashed out the hand for $1.29 | Cash Out Fee $0.01
*** SUMMARY ***
Total pot $7.45 | Rake $0.26 
Board [7c 5d 2c 2s Js]
Seat 1: kreator1984 showed [Kh Kd] and won ($7.19) with two pair, Kings and Deuces (pot not awarded as player cashed out)
Seat 2: Bods44 (button) folded before Flop (didn't bet)
Seat 3: Inc4ognito (small blind) folded before Flop
Seat 4: apostol.pav (big blind) folded before Flop
Seat 5: lillsolli folded before Flop (didn't bet)
Seat 6: kanatakk folded before Flop (didn't bet)
Seat 7: Dorex2007 folded before Flop (didn't bet)
Seat 8: panKastus showed [Qc Qh] and lost with two pair, Queens and Deuces (cashed out).
Seat 9: robertosbpb07 folded before Flop (didn't bet)



PokerStars Hand #232416530431:  Hold'em No Limit ($0.01/$0.02 USD) - 2021/12/21 17:11:49 PT [2021/12/21 20:11:49 ET]
Table 'Urhixidur III' 9-max Seat #3 is the button
Seat 1: kreator1984 ($5.99 in chips) 
Seat 2: Bods44 ($1.94 in chips) 
Seat 3: Inc4ognito ($2 in chips) 
Seat 4: apostol.pav ($0.78 in chips) 
Seat 5: lillsolli ($8.75 in chips) 
Seat 6: kanatakk ($5.12 in chips) 
Seat 7: Dorex2007 ($2.98 in chips) 
Seat 8: panKastus ($2 in chips) 
Seat 9: robertosbpb07 ($1.89 in chips) 
apostol.pav: posts small blind $0.01
lillsolli: posts big blind $0.02
*** HOLE CARDS ***
Dealt to Dorex2007 [Ad Qh]
kanatakk: folds 
Dorex2007: raises $0.04 to $0.06
panKastus: folds 
kreator1984 said, "tAA PIZDEC DUMAL"
robertosbpb07: folds 
kreator1984: folds 
Bods44: calls $0.06
Inc4ognito: folds 
apostol.pav: calls $0.05
lillsolli: calls $0.04
*** FLOP *** [7c Jh 3c]
apostol.pav: checks 
lillsolli: checks 
Dorex2007: checks 
Bods44: checks 
*** TURN *** [7c Jh 3c] [Qd]
apostol.pav: checks 
lillsolli: checks 
Dorex2007: bets $0.12
Bods44: folds 
apostol.pav: folds 
lillsolli: folds 
Uncalled bet ($0.12) returned to Dorex2007
Dorex2007 collected $0.23 from pot
Dorex2007: doesn't show hand 
*** SUMMARY ***
Total pot $0.24 | Rake $0.01 
Board [7c Jh 3c Qd]
Seat 1: kreator1984 folded before Flop (didn't bet)
Seat 2: Bods44 folded on the Turn
Seat 3: Inc4ognito (button) folded before Flop (didn't bet)
Seat 4: apostol.pav (small blind) folded on the Turn
Seat 5: lillsolli (big blind) folded on the Turn
Seat 6: kanatakk folded before Flop (didn't bet)
Seat 7: Dorex2007 collected ($0.23)
Seat 8: panKastus folded before Flop (didn't bet)
Seat 9: robertosbpb07 folded before Flop (didn't bet)



PokerStars Hand #232416550499:  Hold'em No Limit ($0.01/$0.02 USD) - 2021/12/21 17:12:59 PT [2021/12/21 20:12:59 ET]
Table 'Urhixidur III' 9-max Seat #4 is the button
Seat 1: kreator1984 ($5.99 in chips) 
Seat 2: Bods44 ($1.88 in chips) 
Seat 3: Inc4ognito ($2 in chips) 
Seat 4: apostol.pav ($0.72 in chips) 
Seat 5: lillsolli ($8.69 in chips) 
Seat 6: kanatakk ($5.12 in chips) 
Seat 7: Dorex2007 ($3.15 in chips) 
Seat 8: panKastus ($2 in chips) 
Seat 9: robertosbpb07 ($1.89 in chips) 
lillsolli: posts small blind $0.01
kanatakk: posts big blind $0.02
*** HOLE CARDS ***
Dealt to Dorex2007 [Ac 6h]
Dorex2007: folds 
panKastus: folds 
robertosbpb07: calls $0.02
kreator1984: folds 
Bods44: folds 
Inc4ognito: folds 
apostol.pav: calls $0.02
lillsolli: folds 
kanatakk: checks 
*** FLOP *** [6d 3d 4d]
kanatakk: checks 
robertosbpb07: bets $0.02
apostol.pav: folds 
kanatakk: raises $0.02 to $0.04
robertosbpb07: calls $0.02
*** TURN *** [6d 3d 4d] [2d]
kanatakk: checks 
robertosbpb07: bets $0.08
kanatakk: raises $0.18 to $0.26
robertosbpb07: calls $0.18
*** RIVER *** [6d 3d 4d 2d] [4h]
kanatakk: bets $1
robertosbpb07: raises $0.57 to $1.57 and is all-in
kanatakk: calls $0.57
*** SHOW DOWN ***
robertosbpb07: shows [9c Jd] (a flush, Jack high)
kanatakk: shows [7d 5d] (a straight flush, Three to Seven)
kanatakk collected $3.68 from pot
*** SUMMARY ***
Total pot $3.81 | Rake $0.13 
Board [6d 3d 4d 2d 4h]
Seat 1: kreator1984 folded before Flop (didn't bet)
Seat 2: Bods44 folded before Flop (didn't bet)
Seat 3: Inc4ognito folded before Flop (didn't bet)
Seat 4: apostol.pav (button) folded on the Flop
Seat 5: lillsolli (small blind) folded before Flop
Seat 6: kanatakk (big blind) showed [7d 5d] and won ($3.68) with a straight flush, Three to Seven
Seat 7: Dorex2007 folded before Flop (didn't bet)
Seat 8: panKastus folded before Flop (didn't bet)
Seat 9: robertosbpb07 showed [9c Jd] and lost with a flush, Jack high



PokerStars Hand #232416578486:  Hold'em No Limit ($0.01/$0.02 USD) - 2021/12/21 17:13:58 PT [2021/12/21 20:13:58 ET]
Table 'Urhixidur III' 9-max Seat #5 is the button
Seat 1: kreator1984 ($5.99 in chips) 
Seat 2: Bods44 ($1.88 in chips) 
Seat 3: Inc4ognito ($2 in chips) 
Seat 4: apostol.pav ($0.70 in chips) 
Seat 5: lillsolli ($8.68 in chips) 
Seat 6: kanatakk ($6.91 in chips) 
Seat 7: Dorex2007 ($3.15 in chips) 
Seat 8: panKastus ($2 in chips) 
kanatakk: posts small blind $0.01
Dorex2007: posts big blind $0.02
*** HOLE CARDS ***
Dealt to Dorex2007 [7d 8d]
panKastus: folds 
kreator1984: calls $0.02
Bods44: folds 
Inc4ognito: folds 
apostol.pav: folds 
lillsolli: calls $0.02
robertosbpb07 leaves the table
kanatakk said, "(violin)"
kanatakk: calls $0.01
Dorex2007: checks 
*** FLOP *** [8h 6h 3s]
kanatakk: checks 
Dorex2007: checks 
Pepono101 joins the table at seat #9 
kreator1984: checks 
lillsolli: checks 
*** TURN *** [8h 6h 3s] [Ts]
kanatakk: checks 
Dorex2007: checks 
kreator1984: checks 
lillsolli: checks 
*** RIVER *** [8h 6h 3s Ts] [Kh]
kanatakk: checks 
Dorex2007: checks 
kreator1984: checks 
lillsolli: checks 
*** SHOW DOWN ***
kanatakk: shows [6c Qc] (a pair of Sixes)
Dorex2007: shows [7d 8d] (a pair of Eights)
kreator1984: mucks hand 
lillsolli: mucks hand 
Dorex2007 collected $0.08 from pot
*** SUMMARY ***
Total pot $0.08 | Rake $0 
Board [8h 6h 3s Ts Kh]
Seat 1: kreator1984 mucked [4h 4d]
Seat 2: Bods44 folded before Flop (didn't bet)
Seat 3: Inc4ognito folded before Flop (didn't bet)
Seat 4: apostol.pav folded before Flop (didn't bet)
Seat 5: lillsolli (button) mucked [Js Qh]
Seat 6: kanatakk (small blind) showed [6c Qc] and lost with a pair of Sixes
Seat 7: Dorex2007 (big blind) showed [7d 8d] and won ($0.08) with a pair of Eights
Seat 8: panKastus folded before Flop (didn't bet)



PokerStars Hand #232416602661:  Hold'em No Limit ($0.01/$0.02 USD) - 2021/12/21 17:14:51 PT [2021/12/21 20:14:51 ET]
Table 'Urhixidur III' 9-max Seat #6 is the button
Seat 1: kreator1984 ($5.97 in chips) 
Seat 2: Bods44 ($1.88 in chips) 
Seat 3: Inc4ognito ($2 in chips) 
Seat 4: apostol.pav ($0.70 in chips) 
Seat 5: lillsolli ($8.66 in chips) 
Seat 6: kanatakk ($6.89 in chips) 
Seat 7: Dorex2007 ($3.21 in chips) 
Seat 8: panKastus ($2 in chips) 
Dorex2007: posts small blind $0.01
panKastus: posts big blind $0.02
Pepono101: sits out 
*** HOLE CARDS ***
Dealt to Dorex2007 [8h Jd]
kreator1984: folds 
Bods44: raises $0.02 to $0.04
Inc4ognito: calls $0.04
apostol.pav: calls $0.04
lillsolli: folds 
kanatakk: calls $0.04
Dorex2007: folds 
panKastus: folds 
*** FLOP *** [3s 4s Qc]
Bods44: checks 
Inc4ognito: checks 
apostol.pav: checks 
kanatakk: checks 
*** TURN *** [3s 4s Qc] [Qh]
Bods44: bets $0.09
Inc4ognito: folds 
apostol.pav: folds 
apostol.pav leaves the table
kanatakk: folds 
Uncalled bet ($0.09) returned to Bods44
Bods44 collected $0.18 from pot
*** SUMMARY ***
Total pot $0.19 | Rake $0.01 
Board [3s 4s Qc Qh]
Seat 1: kreator1984 folded before Flop (didn't bet)
Seat 2: Bods44 collected ($0.18)
Seat 3: Inc4ognito folded on the Turn
Seat 4: apostol.pav folded on the Turn
Seat 5: lillsolli folded before Flop (didn't bet)
Seat 6: kanatakk (button) folded on the Turn
Seat 7: Dorex2007 (small blind) folded before Flop
Seat 8: panKastus (big blind) folded before Flop



PokerStars Hand #232416617864:  Hold'em No Limit ($0.01/$0.02 USD) - 2021/12/21 17:15:43 PT [2021/12/21 20:15:43 ET]
Table 'Urhixidur III' 9-max Seat #7 is the button
Seat 1: kreator1984 ($5.97 in chips) 
Seat 2: Bods44 ($2.02 in chips) 
Seat 3: Inc4ognito ($2 in chips) 
Seat 6: kanatakk ($6.85 in chips) 
Seat 7: Dorex2007 ($3.20 in chips) 
Seat 8: panKastus ($1.98 in chips) 
Seat 9: Pepono101 ($2 in chips) 
panKastus: posts small blind $0.01
Pepono101: posts big blind $0.02
*** HOLE CARDS ***
Dealt to Dorex2007 [8h 4c]
kreator1984: calls $0.02
GianniML joins the table at seat #4 
Bods44: raises $0.04 to $0.06
Inc4ognito: folds 
kanatakk has timed out
kanatakk: folds 
Dorex2007: folds 
panKastus: folds 
Pepono101: folds 
kreator1984: calls $0.04
*** FLOP *** [Td 9h Kd]
kreator1984: checks 
Bods44: bets $0.07
kreator1984: folds 
Uncalled bet ($0.07) returned to Bods44
Bods44 collected $0.14 from pot
*** SUMMARY ***
Total pot $0.15 | Rake $0.01 
Board [Td 9h Kd]
Seat 1: kreator1984 folded on the Flop
Seat 2: Bods44 collected ($0.14)
Seat 3: Inc4ognito folded before Flop (didn't bet)
Seat 6: kanatakk folded before Flop (didn't bet)
Seat 7: Dorex2007 (button) folded before Flop (didn't bet)
Seat 8: panKastus (small blind) folded before Flop
Seat 9: Pepono101 (big blind) folded before Flop



PokerStars Hand #232416631350:  Hold'em No Limit ($0.01/$0.02 USD) - 2021/12/21 17:16:31 PT [2021/12/21 20:16:31 ET]
Table 'Urhixidur III' 9-max Seat #8 is the button
Seat 1: kreator1984 ($5.91 in chips) 
Seat 2: Bods44 ($2.10 in chips) 
Seat 3: Inc4ognito ($2 in chips) 
Seat 4: GianniML ($2 in chips) 
Seat 6: kanatakk ($6.85 in chips) 
Seat 7: Dorex2007 ($3.20 in chips) 
Seat 8: panKastus ($1.97 in chips) 
Seat 9: Pepono101 ($1.98 in chips) 
Pepono101: posts small blind $0.01
kreator1984: posts big blind $0.02
GianniML: posts big blind $0.02
*** HOLE CARDS ***
Dealt to Dorex2007 [Th 4d]
Bods44: folds 
Inc4ognito: folds 
GianniML: checks 
kanatakk: folds 
Dorex2007: folds 
panKastus: folds 
Pepono101: calls $0.01
kreator1984: checks 
*** FLOP *** [6h 3s 9c]
Pepono101: checks 
kreator1984: checks 
GianniML: checks 
*** TURN *** [6h 3s 9c] [Kd]
Pepono101: checks 
kreator1984: checks 
GianniML: checks 
*** RIVER *** [6h 3s 9c Kd] [2s]
Pepono101: checks 
kreator1984: checks 
GianniML: checks 
*** SHOW DOWN ***
Pepono101: shows [Ac 8d] (high card Ace)
kreator1984: mucks hand 
GianniML: shows [Jh 2c] (a pair of Deuces)
GianniML collected $0.06 from pot
*** SUMMARY ***
Total pot $0.06 | Rake $0 
Board [6h 3s 9c Kd 2s]
Seat 1: kreator1984 (big blind) mucked [Jc Qd]
Seat 2: Bods44 folded before Flop (didn't bet)
Seat 3: Inc4ognito folded before Flop (didn't bet)
Seat 4: GianniML showed [Jh 2c] and won ($0.06) with a pair of Deuces
Seat 6: kanatakk folded before Flop (didn't bet)
Seat 7: Dorex2007 folded before Flop (didn't bet)
Seat 8: panKastus (button) folded before Flop (didn't bet)
Seat 9: Pepono101 (small blind) showed [Ac 8d] and lost with high card Ace



PokerStars Hand #232416653416:  Hold'em No Limit ($0.01/$0.02 USD) - 2021/12/21 17:17:29 PT [2021/12/21 20:17:29 ET]
Table 'Urhixidur III' 9-max Seat #9 is the button
Seat 1: kreator1984 ($5.89 in chips) 
Seat 2: Bods44 ($2.10 in chips) 
Seat 3: Inc4ognito ($2 in chips) 
Seat 4: GianniML ($2.04 in chips) 
Seat 6: kanatakk ($6.85 in chips) 
Seat 7: Dorex2007 ($3.20 in chips) 
Seat 8: panKastus ($1.97 in chips) 
Seat 9: Pepono101 ($1.96 in chips) 
kreator1984: posts small blind $0.01
Bods44: posts big blind $0.02
*** HOLE CARDS ***
Dealt to Dorex2007 [Qd Kd]
Inc4ognito: folds 
GianniML: calls $0.02
kanatakk: folds 
Dorex2007: raises $0.04 to $0.06
panKastus: folds 
Pepono101: folds 
kreator1984: folds 
Bods44: folds 
GianniML: calls $0.04
*** FLOP *** [5h 5s 3s]
GianniML: checks 
Dorex2007: bets $0.09
GianniML: calls $0.09
*** TURN *** [5h 5s 3s] [Kc]
GianniML: checks 
Dorex2007: bets $0.32
GianniML: folds 
Uncalled bet ($0.32) returned to Dorex2007
Dorex2007 collected $0.32 from pot
Dorex2007: doesn't show hand 
*** SUMMARY ***
Total pot $0.33 | Rake $0.01 
Board [5h 5s 3s Kc]
Seat 1: kreator1984 (small blind) folded before Flop
Seat 2: Bods44 (big blind) folded before Flop
Seat 3: Inc4ognito folded before Flop (didn't bet)
Seat 4: GianniML folded on the Turn
Seat 6: kanatakk folded before Flop (didn't bet)
Seat 7: Dorex2007 collected ($0.32)
Seat 8: panKastus folded before Flop (didn't bet)
Seat 9: Pepono101 (button) folded before Flop (didn't bet)



PokerStars Hand #232416666249:  Hold'em No Limit ($0.01/$0.02 USD) - 2021/12/21 17:18:14 PT [2021/12/21 20:18:14 ET]
Table 'Urhixidur III' 9-max Seat #1 is the button
Seat 1: kreator1984 ($5.88 in chips) 
Seat 2: Bods44 ($2.08 in chips) 
Seat 3: Inc4ognito ($2 in chips) 
Seat 4: GianniML ($1.89 in chips) 
Seat 6: kanatakk ($6.85 in chips) 
Seat 7: Dorex2007 ($3.37 in chips) 
Seat 8: panKastus ($1.97 in chips) 
Seat 9: Pepono101 ($1.96 in chips) 
Bods44: posts small blind $0.01
Inc4ognito: posts big blind $0.02
*** HOLE CARDS ***
Dealt to Dorex2007 [3c 4c]
GianniML: calls $0.02
kanatakk: folds 
Dorex2007: folds 
panKastus: folds 
Pepono101: folds 
kreator1984: folds 
Bods44: calls $0.01
Inc4ognito: checks 
*** FLOP *** [Qh Kd As]
Bods44: checks 
Inc4ognito: checks 
GianniML: checks 
*** TURN *** [Qh Kd As] [4s]
Bods44: checks 
Inc4ognito: bets $0.04
GianniML: raises $0.08 to $0.12
Bods44: folds 
Inc4ognito: folds 
Uncalled bet ($0.08) returned to GianniML
GianniML collected $0.14 from pot
GianniML: doesn't show hand 
*** SUMMARY ***
Total pot $0.14 | Rake $0 
Board [Qh Kd As 4s]
Seat 1: kreator1984 (button) folded before Flop (didn't bet)
Seat 2: Bods44 (small blind) folded on the Turn
Seat 3: Inc4ognito (big blind) folded on the Turn
Seat 4: GianniML collected ($0.14)
Seat 6: kanatakk folded before Flop (didn't bet)
Seat 7: Dorex2007 folded before Flop (didn't bet)
Seat 8: panKastus folded before Flop (didn't bet)
Seat 9: Pepono101 folded before Flop (didn't bet)



PokerStars Hand #232416677000:  Hold'em No Limit ($0.01/$0.02 USD) - 2021/12/21 17:18:51 PT [2021/12/21 20:18:51 ET]
Table 'Urhixidur III' 9-max Seat #2 is the button
Seat 1: kreator1984 ($5.88 in chips) 
Seat 2: Bods44 ($2.06 in chips) 
Seat 3: Inc4ognito ($2 in chips) 
Seat 4: GianniML ($1.97 in chips) 
Seat 6: kanatakk ($6.85 in chips) 
Seat 7: Dorex2007 ($3.37 in chips) 
Seat 8: panKastus ($1.97 in chips) 
Seat 9: Pepono101 ($1.96 in chips) 
Inc4ognito: posts small blind $0.01
GianniML: posts big blind $0.02
*** HOLE CARDS ***
Dealt to Dorex2007 [Td Qd]
kanatakk: folds 
Dorex2007: raises $0.02 to $0.04
panKastus: folds 
Pepono101: folds 
kreator1984: folds 
Bods44: calls $0.04
Inc4ognito: raises $0.14 to $0.18
GianniML: folds 
Dorex2007: folds 
Bods44: folds 
Uncalled bet ($0.14) returned to Inc4ognito
Inc4ognito collected $0.14 from pot
Inc4ognito: doesn't show hand 
*** SUMMARY ***
Total pot $0.14 | Rake $0 
Seat 1: kreator1984 folded before Flop (didn't bet)
Seat 2: Bods44 (button) folded before Flop
Seat 3: Inc4ognito (small blind) collected ($0.14)
Seat 4: GianniML (big blind) folded before Flop
Seat 6: kanatakk folded before Flop (didn't bet)
Seat 7: Dorex2007 folded before Flop
Seat 8: panKastus folded before Flop (didn't bet)
Seat 9: Pepono101 folded before Flop (didn't bet)



PokerStars Hand #232416684560:  Hold'em No Limit ($0.01/$0.02 USD) - 2021/12/21 17:19:18 PT [2021/12/21 20:19:18 ET]
Table 'Urhixidur III' 9-max Seat #3 is the button
Seat 1: kreator1984 ($5.88 in chips) 
Seat 2: Bods44 ($2.02 in chips) 
Seat 3: Inc4ognito ($2.10 in chips) 
Seat 4: GianniML ($1.95 in chips) 
Seat 6: kanatakk ($6.85 in chips) 
Seat 7: Dorex2007 ($3.33 in chips) 
Seat 8: panKastus ($1.97 in chips) 
Seat 9: Pepono101 ($1.96 in chips) 
GianniML: posts small blind $0.01
kanatakk: posts big blind $0.02
*** HOLE CARDS ***
Dealt to Dorex2007 [8d 4h]
Dorex2007: folds 
panKastus: folds 
Pepono101: folds 
kreator1984: folds 
Bods44: folds 
Inc4ognito: folds 
GianniML: calls $0.01
kanatakk: checks 
*** FLOP *** [5h 3d Kd]
GianniML: checks 
kanatakk: checks 
*** TURN *** [5h 3d Kd] [4c]
GianniML: bets $0.02
kanatakk: folds 
Uncalled bet ($0.02) returned to GianniML
GianniML collected $0.04 from pot
GianniML: doesn't show hand 
*** SUMMARY ***
Total pot $0.04 | Rake $0 
Board [5h 3d Kd 4c]
Seat 1: kreator1984 folded before Flop (didn't bet)
Seat 2: Bods44 folded before Flop (didn't bet)
Seat 3: Inc4ognito (button) folded before Flop (didn't bet)
Seat 4: GianniML (small blind) collected ($0.04)
Seat 6: kanatakk (big blind) folded on the Turn
Seat 7: Dorex2007 folded before Flop (didn't bet)
Seat 8: panKastus folded before Flop (didn't bet)
Seat 9: Pepono101 folded before Flop (didn't bet)



PokerStars Hand #232416698681:  Hold'em No Limit ($0.01/$0.02 USD) - 2021/12/21 17:20:07 PT [2021/12/21 20:20:07 ET]
Table 'Urhixidur III' 9-max Seat #4 is the button
Seat 1: kreator1984 ($5.88 in chips) 
Seat 2: Bods44 ($2.02 in chips) 
Seat 3: Inc4ognito ($2.10 in chips) 
Seat 4: GianniML ($1.97 in chips) 
Seat 6: kanatakk ($6.83 in chips) 
Seat 7: Dorex2007 ($3.33 in chips) 
Seat 8: panKastus ($1.97 in chips) 
Seat 9: Pepono101 ($1.96 in chips) 
kanatakk: posts small blind $0.01
Dorex2007: posts big blind $0.02
*** HOLE CARDS ***
Dealt to Dorex2007 [6h As]
panKastus: folds 
Pepono101: raises $0.04 to $0.06
kreator1984: folds 
Bods44: folds 
Inc4ognito: folds 
GianniML: folds 
kanatakk: calls $0.05
Dorex2007: folds 
*** FLOP *** [6c 8s 6d]
kanatakk: bets $0.04
Pepono101: calls $0.04
*** TURN *** [6c 8s 6d] [Qd]
kanatakk: bets $0.11
Pepono101: folds 
Uncalled bet ($0.11) returned to kanatakk
kanatakk collected $0.21 from pot
kanatakk: doesn't show hand 
*** SUMMARY ***
Total pot $0.22 | Rake $0.01 
Board [6c 8s 6d Qd]
Seat 1: kreator1984 folded before Flop (didn't bet)
Seat 2: Bods44 folded before Flop (didn't bet)
Seat 3: Inc4ognito folded before Flop (didn't bet)
Seat 4: GianniML (button) folded before Flop (didn't bet)
Seat 6: kanatakk (small blind) collected ($0.21)
Seat 7: Dorex2007 (big blind) folded before Flop
Seat 8: panKastus folded before Flop (didn't bet)
Seat 9: Pepono101 folded on the Turn



PokerStars Hand #232416713597:  Hold'em No Limit ($0.01/$0.02 USD) - 2021/12/21 17:20:59 PT [2021/12/21 20:20:59 ET]
Table 'Urhixidur III' 9-max Seat #6 is the button
Seat 1: kreator1984 ($5.88 in chips) 
Seat 2: Bods44 ($2.02 in chips) 
Seat 3: Inc4ognito ($2.10 in chips) 
Seat 4: GianniML ($1.97 in chips) 
Seat 6: kanatakk ($6.94 in chips) 
Seat 7: Dorex2007 ($3.31 in chips) 
Seat 8: panKastus ($1.97 in chips) 
Seat 9: Pepono101 ($1.86 in chips) 
Dorex2007: posts small blind $0.01
panKastus: posts big blind $0.02
*** HOLE CARDS ***
Dealt to Dorex2007 [As 6d]
Pepono101: folds 
kreator1984: folds 
Bods44: calls $0.02
Inc4ognito: folds 
GianniML: folds 
kanatakk: raises $0.08 to $0.10
Dorex2007: folds 
panKastus: folds 
Bods44: calls $0.08
*** FLOP *** [Jh 3s 4s]
Bods44: checks 
kanatakk: bets $0.07
Bods44: folds 
Uncalled bet ($0.07) returned to kanatakk
kanatakk collected $0.22 from pot
kanatakk: doesn't show hand 
*** SUMMARY ***
Total pot $0.23 | Rake $0.01 
Board [Jh 3s 4s]
Seat 1: kreator1984 folded before Flop (didn't bet)
Seat 2: Bods44 folded on the Flop
Seat 3: Inc4ognito folded before Flop (didn't bet)
Seat 4: GianniML folded before Flop (didn't bet)
Seat 6: kanatakk (button) collected ($0.22)
Seat 7: Dorex2007 (small blind) folded before Flop
Seat 8: panKastus (big blind) folded before Flop
Seat 9: Pepono101 folded before Flop (didn't bet)



PokerStars Hand #232416724103:  Hold'em No Limit ($0.01/$0.02 USD) - 2021/12/21 17:21:36 PT [2021/12/21 20:21:36 ET]
Table 'Urhixidur III' 9-max Seat #7 is the button
Seat 1: kreator1984 ($5.88 in chips) 
Seat 2: Bods44 ($1.92 in chips) 
Seat 3: Inc4ognito ($2.10 in chips) 
Seat 4: GianniML ($1.97 in chips) 
Seat 6: kanatakk ($7.06 in chips) 
Seat 7: Dorex2007 ($3.30 in chips) 
Seat 8: panKastus ($1.95 in chips) 
Seat 9: Pepono101 ($1.86 in chips) 
panKastus: posts small blind $0.01
Pepono101: posts big blind $0.02
*** HOLE CARDS ***
Dealt to Dorex2007 [5d 9d]
kreator1984: raises $0.04 to $0.06
Bods44: folds 
Inc4ognito: folds 
GianniML: folds 
kanatakk: folds 
Dorex2007: folds 
panKastus: folds 
Pepono101: folds 
Uncalled bet ($0.04) returned to kreator1984
kreator1984 collected $0.05 from pot
kreator1984: doesn't show hand 
*** SUMMARY ***
Total pot $0.05 | Rake $0 
Seat 1: kreator1984 collected ($0.05)
Seat 2: Bods44 folded before Flop (didn't bet)
Seat 3: Inc4ognito folded before Flop (didn't bet)
Seat 4: GianniML folded before Flop (didn't bet)
Seat 6: kanatakk folded before Flop (didn't bet)
Seat 7: Dorex2007 (button) folded before Flop (didn't bet)
Seat 8: panKastus (small blind) folded before Flop
Seat 9: Pepono101 (big blind) folded before Flop



PokerStars Hand #232416731040:  Hold'em No Limit ($0.01/$0.02 USD) - 2021/12/21 17:22:01 PT [2021/12/21 20:22:01 ET]
Table 'Urhixidur III' 9-max Seat #8 is the button
Seat 1: kreator1984 ($5.91 in chips) 
Seat 2: Bods44 ($1.92 in chips) 
Seat 3: Inc4ognito ($2.10 in chips) 
Seat 4: GianniML ($1.97 in chips) 
Seat 6: kanatakk ($7.06 in chips) 
Seat 7: Dorex2007 ($3.30 in chips) 
Seat 8: panKastus ($1.94 in chips) 
Seat 9: Pepono101 ($1.84 in chips) 
Pepono101: posts small blind $0.01
kreator1984: posts big blind $0.02
*** HOLE CARDS ***
Dealt to Dorex2007 [9d 5d]
Bods44: raises $0.02 to $0.04
Inc4ognito: calls $0.04
GianniML: folds 
kanatakk: folds 
Dorex2007: folds 
panKastus: folds 
Pepono101: calls $0.03
kreator1984: calls $0.02
*** FLOP *** [9c 4s 3s]
Pepono101: checks 
kreator1984: checks 
Bods44: bets $0.07
Inc4ognito: folds 
Pepono101: folds 
kreator1984: folds 
Uncalled bet ($0.07) returned to Bods44
Bods44 collected $0.15 from pot
*** SUMMARY ***
Total pot $0.16 | Rake $0.01 
Board [9c 4s 3s]
Seat 1: kreator1984 (big blind) folded on the Flop
Seat 2: Bods44 collected ($0.15)
Seat 3: Inc4ognito folded on the Flop
Seat 4: GianniML folded before Flop (didn't bet)
Seat 6: kanatakk folded before Flop (didn't bet)
Seat 7: Dorex2007 folded before Flop (didn't bet)
Seat 8: panKastus (button) folded before Flop (didn't bet)
Seat 9: Pepono101 (small blind) folded on the Flop



PokerStars Hand #232416743476:  Hold'em No Limit ($0.01/$0.02 USD) - 2021/12/21 17:22:45 PT [2021/12/21 20:22:45 ET]
Table 'Urhixidur III' 9-max Seat #9 is the button
Seat 1: kreator1984 ($5.87 in chips) 
Seat 2: Bods44 ($2.03 in chips) 
Seat 3: Inc4ognito ($2.06 in chips) 
Seat 4: GianniML ($1.97 in chips) 
Seat 6: kanatakk ($7.06 in chips) 
Seat 7: Dorex2007 ($3.30 in chips) 
Seat 8: panKastus ($1.94 in chips) 
Seat 9: Pepono101 ($1.80 in chips) 
kreator1984: posts small blind $0.01
Bods44: posts big blind $0.02
*** HOLE CARDS ***
Dealt to Dorex2007 [4c 5h]
Inc4ognito: raises $0.04 to $0.06
GianniML: folds 
kanatakk: folds 
Dorex2007: folds 
panKastus: raises $0.12 to $0.18
Pepono101: folds 
kreator1984: folds 
Bods44: folds 
Inc4ognito: calls $0.12
*** FLOP *** [7c 3h Kd]
Inc4ognito: checks 
panKastus: checks 
*** TURN *** [7c 3h Kd] [Jd]
Inc4ognito: checks 
panKastus: bets $0.29
Inc4ognito: calls $0.29
*** RIVER *** [7c 3h Kd Jd] [Qs]
Inc4ognito: bets $0.28
panKastus: calls $0.28
*** SHOW DOWN ***
Inc4ognito: shows [Qc Kc] (two pair, Kings and Queens)
panKastus: mucks hand 
Inc4ognito collected $1.48 from pot
*** SUMMARY ***
Total pot $1.53 | Rake $0.05 
Board [7c 3h Kd Jd Qs]
Seat 1: kreator1984 (small blind) folded before Flop
Seat 2: Bods44 (big blind) folded before Flop
Seat 3: Inc4ognito showed [Qc Kc] and won ($1.48) with two pair, Kings and Queens
Seat 4: GianniML folded before Flop (didn't bet)
Seat 6: kanatakk folded before Flop (didn't bet)
Seat 7: Dorex2007 folded before Flop (didn't bet)
Seat 8: panKastus mucked [As Ad]
Seat 9: Pepono101 (button) folded before Flop (didn't bet)



PokerStars Hand #232416760628:  Hold'em No Limit ($0.01/$0.02 USD) - 2021/12/21 17:23:46 PT [2021/12/21 20:23:46 ET]
Table 'Urhixidur III' 9-max Seat #1 is the button
Seat 1: kreator1984 ($5.86 in chips) 
Seat 2: Bods44 ($2.01 in chips) 
Seat 3: Inc4ognito ($2.79 in chips) 
Seat 4: GianniML ($1.97 in chips) 
Seat 6: kanatakk ($7.06 in chips) 
Seat 7: Dorex2007 ($3.30 in chips) 
Seat 8: panKastus ($2 in chips) 
Seat 9: Pepono101 ($1.80 in chips) 
Bods44: posts small blind $0.01
Inc4ognito: posts big blind $0.02
*** HOLE CARDS ***
Dealt to Dorex2007 [Qs 8s]
GianniML: folds 
kanatakk has timed out
kanatakk: folds 
Dorex2007: folds 
panKastus: folds 
Pepono101: folds 
Bods44 said, "AA bad luck"
kreator1984: raises $0.04 to $0.06
Bods44: folds 
Inc4ognito: folds 
Uncalled bet ($0.04) returned to kreator1984
kreator1984 collected $0.05 from pot
kreator1984: doesn't show hand 
*** SUMMARY ***
Total pot $0.05 | Rake $0 
Seat 1: kreator1984 (button) collected ($0.05)
Seat 2: Bods44 (small blind) folded before Flop
Seat 3: Inc4ognito (big blind) folded before Flop
Seat 4: GianniML folded before Flop (didn't bet)
Seat 6: kanatakk folded before Flop (didn't bet)
Seat 7: Dorex2007 folded before Flop (didn't bet)
Seat 8: panKastus folded before Flop (didn't bet)
Seat 9: Pepono101 folded before Flop (didn't bet)



PokerStars Hand #232416771125:  Hold'em No Limit ($0.01/$0.02 USD) - 2021/12/21 17:24:24 PT [2021/12/21 20:24:24 ET]
Table 'Urhixidur III' 9-max Seat #2 is the button
Seat 1: kreator1984 ($5.89 in chips) 
Seat 2: Bods44 ($2 in chips) 
Seat 3: Inc4ognito ($2.77 in chips) 
Seat 4: GianniML ($1.97 in chips) 
Seat 5: lillsolli ($8.66 in chips) 
Seat 6: kanatakk ($7.06 in chips) 
Seat 7: Dorex2007 ($3.30 in chips) 
Seat 8: panKastus ($2 in chips) 
Seat 9: Pepono101 ($1.80 in chips) 
Inc4ognito: posts small blind $0.01
GianniML: posts big blind $0.02
lillsolli: posts small & big blinds $0.03
*** HOLE CARDS ***
Dealt to Dorex2007 [6c 7s]
lillsolli: checks 
kanatakk: folds 
Dorex2007: folds 
panKastus: folds 
Pepono101: calls $0.02
kreator1984: folds 
Bods44: calls $0.02
Inc4ognito: calls $0.01
GianniML: checks 
*** FLOP *** [Qd 5s 9d]
Inc4ognito: checks 
GianniML: checks 
lillsolli: checks 
Pepono101: bets $0.11
Bods44: folds 
Inc4ognito: folds 
GianniML: folds 
lillsolli: folds 
Uncalled bet ($0.11) returned to Pepono101
Pepono101 collected $0.11 from pot
Pepono101: doesn't show hand 
*** SUMMARY ***
Total pot $0.11 | Rake $0 
Board [Qd 5s 9d]
Seat 1: kreator1984 folded before Flop (didn't bet)
Seat 2: Bods44 (button) folded on the Flop
Seat 3: Inc4ognito (small blind) folded on the Flop
Seat 4: GianniML (big blind) folded on the Flop
Seat 5: lillsolli folded on the Flop (didn't bet)
Seat 6: kanatakk folded before Flop (didn't bet)
Seat 7: Dorex2007 folded before Flop (didn't bet)
Seat 8: panKastus folded before Flop (didn't bet)
Seat 9: Pepono101 collected ($0.11)



PokerStars Hand #232416791527:  Hold'em No Limit ($0.01/$0.02 USD) - 2021/12/21 17:25:37 PT [2021/12/21 20:25:37 ET]
Table 'Urhixidur III' 9-max Seat #3 is the button
Seat 1: kreator1984 ($5.89 in chips) 
Seat 2: Bods44 ($1.98 in chips) 
Seat 3: Inc4ognito ($2.75 in chips) 
Seat 4: GianniML ($1.95 in chips) 
Seat 5: lillsolli ($8.63 in chips) 
Seat 6: kanatakk ($7.06 in chips) 
Seat 7: Dorex2007 ($3.30 in chips) 
Seat 8: panKastus ($2 in chips) 
Seat 9: Pepono101 ($1.89 in chips) 
GianniML: posts small blind $0.01
lillsolli: posts big blind $0.02
*** HOLE CARDS ***
Dealt to Dorex2007 [5s 9h]
kanatakk: raises $0.04 to $0.06
Dorex2007: folds 
panKastus: folds 
Pepono101: folds 
kreator1984: folds 
Bods44: calls $0.06
Inc4ognito: folds 
GianniML: folds 
lillsolli: calls $0.04
*** FLOP *** [9s Kc 8c]
lillsolli: checks 
kanatakk: checks 
Bods44: bets $0.09
lillsolli: folds 
kanatakk: calls $0.09
*** TURN *** [9s Kc 8c] [5c]
kanatakk: checks 
Bods44: checks 
*** RIVER *** [9s Kc 8c 5c] [Tc]
kanatakk: checks 
Bods44: bets $0.36
kanatakk: folds 
Uncalled bet ($0.36) returned to Bods44
Bods44 collected $0.36 from pot
*** SUMMARY ***
Total pot $0.37 | Rake $0.01 
Board [9s Kc 8c 5c Tc]
Seat 1: kreator1984 folded before Flop (didn't bet)
Seat 2: Bods44 collected ($0.36)
Seat 3: Inc4ognito (button) folded before Flop (didn't bet)
Seat 4: GianniML (small blind) folded before Flop
Seat 5: lillsolli (big blind) folded on the Flop
Seat 6: kanatakk folded on the River
Seat 7: Dorex2007 folded before Flop (didn't bet)
Seat 8: panKastus folded before Flop (didn't bet)
Seat 9: Pepono101 folded before Flop (didn't bet)



PokerStars Hand #232416811871:  Hold'em No Limit ($0.01/$0.02 USD) - 2021/12/21 17:26:49 PT [2021/12/21 20:26:49 ET]
Table 'Urhixidur III' 9-max Seat #4 is the button
Seat 1: kreator1984 ($5.89 in chips) 
Seat 2: Bods44 ($2.19 in chips) 
Seat 3: Inc4ognito ($2.75 in chips) 
Seat 4: GianniML ($1.94 in chips) 
Seat 5: lillsolli ($8.57 in chips) 
Seat 6: kanatakk ($6.91 in chips) 
Seat 7: Dorex2007 ($3.30 in chips) 
Seat 8: panKastus ($2 in chips) 
Seat 9: Pepono101 ($1.89 in chips) 
lillsolli: posts small blind $0.01
kanatakk: posts big blind $0.02
*** HOLE CARDS ***
Dealt to Dorex2007 [Jh Qc]
Dorex2007: folds 
panKastus: folds 
Pepono101: raises $0.02 to $0.04
kreator1984: folds 
Bods44: calls $0.04
Inc4ognito: folds 
GianniML: folds 
lillsolli: folds 
kanatakk: folds 
*** FLOP *** [Ks 5h 3h]
Pepono101: checks 
Bods44: bets $0.05
Pepono101: calls $0.05
*** TURN *** [Ks 5h 3h] [6h]
Pepono101: checks 
Bods44: checks 
*** RIVER *** [Ks 5h 3h 6h] [7c]
Pepono101: checks 
Bods44: checks 
*** SHOW DOWN ***
Pepono101: shows [Kd 8d] (a pair of Kings)
Bods44: mucks hand 
Pepono101 collected $0.20 from pot
*** SUMMARY ***
Total pot $0.21 | Rake $0.01 
Board [Ks 5h 3h 6h 7c]
Seat 1: kreator1984 folded before Flop (didn't bet)
Seat 2: Bods44 mucked [Js Jc]
Seat 3: Inc4ognito folded before Flop (didn't bet)
Seat 4: GianniML (button) folded before Flop (didn't bet)
Seat 5: lillsolli (small blind) folded before Flop
Seat 6: kanatakk (big blind) folded before Flop
Seat 7: Dorex2007 folded before Flop (didn't bet)
Seat 8: panKastus folded before Flop (didn't bet)
Seat 9: Pepono101 showed [Kd 8d] and won ($0.20) with a pair of Kings



PokerStars Hand #232416829369:  Hold'em No Limit ($0.01/$0.02 USD) - 2021/12/21 17:27:35 PT [2021/12/21 20:27:35 ET]
Table 'Urhixidur III' 9-max Seat #5 is the button
Seat 1: kreator1984 ($5.89 in chips) 
Seat 2: Bods44 ($2.10 in chips) 
Seat 3: Inc4ognito ($2.75 in chips) 
Seat 4: GianniML ($1.94 in chips) 
Seat 5: lillsolli ($8.56 in chips) 
Seat 6: kanatakk ($6.89 in chips) 
Seat 7: Dorex2007 ($3.30 in chips) 
Seat 8: panKastus ($2 in chips) 
Seat 9: Pepono101 ($2 in chips) 
kanatakk: posts small blind $0.01
Dorex2007: posts big blind $0.02
*** HOLE CARDS ***
Dealt to Dorex2007 [4h 2s]
panKastus: folds 
Pepono101: folds 
kreator1984: folds 
Bods44: folds 
Inc4ognito: folds 
GianniML has timed out
GianniML: folds 
lillsolli: calls $0.02
kanatakk: raises $0.06 to $0.08
Dorex2007: folds 
lillsolli: calls $0.06
*** FLOP *** [5c Kh 9c]
kanatakk: bets $0.05
lillsolli: folds 
Uncalled bet ($0.05) returned to kanatakk
kanatakk collected $0.17 from pot
kanatakk: doesn't show hand 
*** SUMMARY ***
Total pot $0.18 | Rake $0.01 
Board [5c Kh 9c]
Seat 1: kreator1984 folded before Flop (didn't bet)
Seat 2: Bods44 folded before Flop (didn't bet)
Seat 3: Inc4ognito folded before Flop (didn't bet)
Seat 4: GianniML folded before Flop (didn't bet)
Seat 5: lillsolli (button) folded on the Flop
Seat 6: kanatakk (small blind) collected ($0.17)
Seat 7: Dorex2007 (big blind) folded before Flop
Seat 8: panKastus folded before Flop (didn't bet)
Seat 9: Pepono101 folded before Flop (didn't bet)



PokerStars Hand #232416841977:  Hold'em No Limit ($0.01/$0.02 USD) - 2021/12/21 17:28:20 PT [2021/12/21 20:28:20 ET]
Table 'Urhixidur III' 9-max Seat #6 is the button
Seat 1: kreator1984 ($5.89 in chips) 
Seat 2: Bods44 ($2.10 in chips) 
Seat 3: Inc4ognito ($2.75 in chips) 
Seat 4: GianniML ($1.94 in chips) 
Seat 5: lillsolli ($8.48 in chips) 
Seat 6: kanatakk ($6.98 in chips) 
Seat 7: Dorex2007 ($3.28 in chips) 
Seat 8: panKastus ($2 in chips) 
Seat 9: Pepono101 ($2 in chips) 
Dorex2007: posts small blind $0.01
panKastus: posts big blind $0.02
*** HOLE CARDS ***
Dealt to Dorex2007 [4h Qs]
Pepono101 has timed out
Pepono101: folds 
kreator1984: folds 
Bods44: calls $0.02
Inc4ognito: folds 
GianniML: folds 
lillsolli: raises $0.04 to $0.06
kanatakk: folds 
Dorex2007: folds 
panKastus: folds 
Bods44: calls $0.04
*** FLOP *** [2d 8c Kh]
Bods44: checks 
lillsolli: bets $0.14
Bods44: folds 
Uncalled bet ($0.14) returned to lillsolli
lillsolli collected $0.14 from pot
lillsolli: doesn't show hand 
*** SUMMARY ***
Total pot $0.15 | Rake $0.01 
Board [2d 8c Kh]
Seat 1: kreator1984 folded before Flop (didn't bet)
Seat 2: Bods44 folded on the Flop
Seat 3: Inc4ognito folded before Flop (didn't bet)
Seat 4: GianniML folded before Flop (didn't bet)
Seat 5: lillsolli collected ($0.14)
Seat 6: kanatakk (button) folded before Flop (didn't bet)
Seat 7: Dorex2007 (small blind) folded before Flop
Seat 8: panKastus (big blind) folded before Flop
Seat 9: Pepono101 folded before Flop (didn't bet)



PokerStars Hand #232416855999:  Hold'em No Limit ($0.01/$0.02 USD) - 2021/12/21 17:29:11 PT [2021/12/21 20:29:11 ET]
Table 'Urhixidur III' 9-max Seat #7 is the button
Seat 1: kreator1984 ($5.89 in chips) 
Seat 2: Bods44 ($2.04 in chips) 
Seat 3: Inc4ognito ($2.75 in chips) 
Seat 4: GianniML ($1.94 in chips) 
Seat 5: lillsolli ($8.56 in chips) 
Seat 6: kanatakk ($6.98 in chips) 
Seat 7: Dorex2007 ($3.27 in chips) 
Seat 8: panKastus ($1.98 in chips) 
Seat 9: Pepono101 ($2 in chips) 
panKastus: posts small blind $0.01
Pepono101: posts big blind $0.02
*** HOLE CARDS ***
Dealt to Dorex2007 [5s 7c]
kreator1984: folds 
Bods44: folds 
Inc4ognito: folds 
GianniML: folds 
lillsolli: folds 
kanatakk: folds 
Dorex2007: folds 
panKastus: folds 
Uncalled bet ($0.01) returned to Pepono101
Pepono101 collected $0.02 from pot
Pepono101: doesn't show hand 
*** SUMMARY ***
Total pot $0.02 | Rake $0 
Seat 1: kreator1984 folded before Flop (didn't bet)
Seat 2: Bods44 folded before Flop (didn't bet)
Seat 3: Inc4ognito folded before Flop (didn't bet)
Seat 4: GianniML folded before Flop (didn't bet)
Seat 5: lillsolli folded before Flop (didn't bet)
Seat 6: kanatakk folded before Flop (didn't bet)
Seat 7: Dorex2007 (button) folded before Flop (didn't bet)
Seat 8: panKastus (small blind) folded before Flop
Seat 9: Pepono101 (big blind) collected ($0.02)



PokerStars Hand #232416861702:  Hold'em No Limit ($0.01/$0.02 USD) - 2021/12/21 17:29:31 PT [2021/12/21 20:29:31 ET]
Table 'Urhixidur III' 9-max Seat #8 is the button
Seat 1: kreator1984 ($5.89 in chips) 
Seat 2: Bods44 ($2.04 in chips) 
Seat 3: Inc4ognito ($2.75 in chips) 
Seat 4: GianniML ($1.94 in chips) 
Seat 5: lillsolli ($8.56 in chips) 
Seat 6: kanatakk ($6.98 in chips) 
Seat 7: Dorex2007 ($3.27 in chips) 
Seat 8: panKastus ($1.97 in chips) 
Seat 9: Pepono101 ($2.01 in chips) 
Pepono101: posts small blind $0.01
kreator1984: posts big blind $0.02
*** HOLE CARDS ***
Dealt to Dorex2007 [7c 4d]
Bods44: folds 
Inc4ognito: folds 
GianniML: folds 
lillsolli: raises $0.02 to $0.04
kanatakk: folds 
Dorex2007: folds 
panKastus: folds 
Pepono101: folds 
kreator1984: calls $0.02
*** FLOP *** [3s Jd 4c]
kreator1984: checks 
lillsolli: checks 
*** TURN *** [3s Jd 4c] [Kc]
kreator1984: checks 
lillsolli: bets $0.09
kreator1984: calls $0.09
*** RIVER *** [3s Jd 4c Kc] [6d]
kreator1984: checks 
lillsolli: bets $0.26
kreator1984: calls $0.26
*** SHOW DOWN ***
lillsolli: shows [Ks Ah] (a pair of Kings)
kreator1984: mucks hand 
lillsolli collected $0.76 from pot
*** SUMMARY ***
Total pot $0.79 | Rake $0.03 
Board [3s Jd 4c Kc 6d]
Seat 1: kreator1984 (big blind) mucked [Ts Kh]
Seat 2: Bods44 folded before Flop (didn't bet)
Seat 3: Inc4ognito folded before Flop (didn't bet)
Seat 4: GianniML folded before Flop (didn't bet)
Seat 5: lillsolli showed [Ks Ah] and won ($0.76) with a pair of Kings
Seat 6: kanatakk folded before Flop (didn't bet)
Seat 7: Dorex2007 folded before Flop (didn't bet)
Seat 8: panKastus (button) folded before Flop (didn't bet)
Seat 9: Pepono101 (small blind) folded before Flop



PokerStars Hand #232416872114:  Hold'em No Limit ($0.01/$0.02 USD) - 2021/12/21 17:30:10 PT [2021/12/21 20:30:10 ET]
Table 'Urhixidur III' 9-max Seat #9 is the button
Seat 1: kreator1984 ($5.50 in chips) 
Seat 2: Bods44 ($2.04 in chips) 
Seat 3: Inc4ognito ($2.75 in chips) 
Seat 4: GianniML ($1.94 in chips) 
Seat 5: lillsolli ($8.93 in chips) 
Seat 6: kanatakk ($6.98 in chips) 
Seat 7: Dorex2007 ($3.27 in chips) 
Seat 8: panKastus ($1.97 in chips) 
Seat 9: Pepono101 ($2 in chips) 
kreator1984: posts small blind $0.01
Bods44: posts big blind $0.02
*** HOLE CARDS ***
Dealt to Dorex2007 [5s Qs]
Inc4ognito: folds 
GianniML: folds 
lillsolli: calls $0.02
kanatakk: folds 
Dorex2007: folds 
panKastus: folds 
Pepono101: folds 
kreator1984: folds 
Bods44: checks 
*** FLOP *** [9s 5c 2d]
Bods44: checks 
lillsolli: checks 
*** TURN *** [9s 5c 2d] [6h]
Bods44: checks 
lillsolli: checks 
*** RIVER *** [9s 5c 2d 6h] [6c]
Bods44: checks 
lillsolli: checks 
*** SHOW DOWN ***
Bods44: shows [Qc 3s] (a pair of Sixes)
lillsolli: shows [Ad 2c] (two pair, Sixes and Deuces)
lillsolli collected $0.05 from pot
*** SUMMARY ***
Total pot $0.05 | Rake $0 
Board [9s 5c 2d 6h 6c]
Seat 1: kreator1984 (small blind) folded before Flop
Seat 2: Bods44 (big blind) showed [Qc 3s] and lost with a pair of Sixes
Seat 3: Inc4ognito folded before Flop (didn't bet)
Seat 4: GianniML folded before Flop (didn't bet)
Seat 5: lillsolli showed [Ad 2c] and won ($0.05) with two pair, Sixes and Deuces
Seat 6: kanatakk folded before Flop (didn't bet)
Seat 7: Dorex2007 folded before Flop (didn't bet)
Seat 8: panKastus folded before Flop (didn't bet)
Seat 9: Pepono101 (button) folded before Flop (didn't bet)



PokerStars Hand #232416879144:  Hold'em No Limit ($0.01/$0.02 USD) - 2021/12/21 17:30:34 PT [2021/12/21 20:30:34 ET]
Table 'Urhixidur III' 9-max Seat #1 is the button
Seat 1: kreator1984 ($5.49 in chips) 
Seat 2: Bods44 ($2.02 in chips) 
Seat 3: Inc4ognito ($2.75 in chips) 
Seat 4: GianniML ($1.94 in chips) 
Seat 5: lillsolli ($8.96 in chips) 
Seat 6: kanatakk ($6.98 in chips) 
Seat 7: Dorex2007 ($3.27 in chips) 
Seat 8: panKastus ($1.97 in chips) 
Seat 9: Pepono101 ($2 in chips) 
Bods44: posts small blind $0.01
Inc4ognito: posts big blind $0.02
*** HOLE CARDS ***
Dealt to Dorex2007 [Td Th]
GianniML: folds 
lillsolli: calls $0.02
kanatakk: folds 
Dorex2007: calls $0.02
panKastus: folds 
Pepono101: folds 
kreator1984: folds 
Bods44: calls $0.01
Inc4ognito: checks 
*** FLOP *** [5s 7h 3c]
Bods44: checks 
Inc4ognito: checks 
lillsolli: checks 
Dorex2007: bets $0.12
Bods44: calls $0.12
Inc4ognito: folds 
lillsolli: folds 
*** TURN *** [5s 7h 3c] [Kh]
Bods44: bets $0.15
Dorex2007: folds 
Uncalled bet ($0.15) returned to Bods44
Bods44 collected $0.31 from pot
*** SUMMARY ***
Total pot $0.32 | Rake $0.01 
Board [5s 7h 3c Kh]
Seat 1: kreator1984 (button) folded before Flop (didn't bet)
Seat 2: Bods44 (small blind) collected ($0.31)
Seat 3: Inc4ognito (big blind) folded on the Flop
Seat 4: GianniML folded before Flop (didn't bet)
Seat 5: lillsolli folded on the Flop
Seat 6: kanatakk folded before Flop (didn't bet)
Seat 7: Dorex2007 folded on the Turn
Seat 8: panKastus folded before Flop (didn't bet)
Seat 9: Pepono101 folded before Flop (didn't bet)



PokerStars Hand #232416899418:  Hold'em No Limit ($0.01/$0.02 USD) - 2021/12/21 17:31:48 PT [2021/12/21 20:31:48 ET]
Table 'Urhixidur III' 9-max Seat #2 is the button
Seat 1: kreator1984 ($5.49 in chips) 
Seat 2: Bods44 ($2.19 in chips) 
Seat 3: Inc4ognito ($2.73 in chips) 
Seat 4: GianniML ($1.94 in chips) 
Seat 5: lillsolli ($8.94 in chips) 
Seat 6: kanatakk ($6.98 in chips) 
Seat 7: Dorex2007 ($3.13 in chips) 
Seat 8: panKastus ($1.97 in chips) 
Seat 9: Pepono101 ($2 in chips) 
Inc4ognito: posts small blind $0.01
GianniML: posts big blind $0.02
*** HOLE CARDS ***
Dealt to Dorex2007 [Qs 7c]
lillsolli: calls $0.02
kanatakk: folds 
Dorex2007: folds 
panKastus: folds 
Pepono101: folds 
kreator1984: calls $0.02
Bods44: calls $0.02
Inc4ognito: folds 
GianniML: checks 
*** FLOP *** [6s 9s 5s]
GianniML: checks 
lillsolli: bets $0.09
kreator1984: folds 
Bods44: folds 
GianniML: folds 
Uncalled bet ($0.09) returned to lillsolli
lillsolli collected $0.09 from pot
lillsolli: doesn't show hand 
*** SUMMARY ***
Total pot $0.09 | Rake $0 
Board [6s 9s 5s]
Seat 1: kreator1984 folded on the Flop
Seat 2: Bods44 (button) folded on the Flop
Seat 3: Inc4ognito (small blind) folded before Flop
Seat 4: GianniML (big blind) folded on the Flop
Seat 5: lillsolli collected ($0.09)
Seat 6: kanatakk folded before Flop (didn't bet)
Seat 7: Dorex2007 folded before Flop (didn't bet)
Seat 8: panKastus folded before Flop (didn't bet)
Seat 9: Pepono101 folded before Flop (didn't bet)



PokerStars Hand #232416912021:  Hold'em No Limit ($0.01/$0.02 USD) - 2021/12/21 17:32:34 PT [2021/12/21 20:32:34 ET]
Table 'Urhixidur III' 9-max Seat #3 is the button
Seat 1: kreator1984 ($5.47 in chips) 
Seat 2: Bods44 ($2.17 in chips) 
Seat 3: Inc4ognito ($2.72 in chips) 
Seat 4: GianniML ($1.92 in chips) 
Seat 5: lillsolli ($9.01 in chips) 
Seat 6: kanatakk ($6.98 in chips) 
Seat 7: Dorex2007 ($3.13 in chips) 
Seat 8: panKastus ($1.97 in chips) 
Seat 9: Pepono101 ($2 in chips) 
GianniML: posts small blind $0.01
lillsolli: posts big blind $0.02
*** HOLE CARDS ***
Dealt to Dorex2007 [Js 2h]
kanatakk: folds 
Dorex2007: folds 
panKastus: folds 
Pepono101: raises $0.04 to $0.06
kreator1984: folds 
Bods44: folds 
Inc4ognito: folds 
GianniML: folds 
lillsolli: calls $0.04
*** FLOP *** [5c Td 3d]
lillsolli: bets $0.13
Pepono101: folds 
Uncalled bet ($0.13) returned to lillsolli
lillsolli collected $0.13 from pot
lillsolli: doesn't show hand 
*** SUMMARY ***
Total pot $0.13 | Rake $0 
Board [5c Td 3d]
Seat 1: kreator1984 folded before Flop (didn't bet)
Seat 2: Bods44 folded before Flop (didn't bet)
Seat 3: Inc4ognito (button) folded before Flop (didn't bet)
Seat 4: GianniML (small blind) folded before Flop
Seat 5: lillsolli (big blind) collected ($0.13)
Seat 6: kanatakk folded before Flop (didn't bet)
Seat 7: Dorex2007 folded before Flop (didn't bet)
Seat 8: panKastus folded before Flop (didn't bet)
Seat 9: Pepono101 folded on the Flop



PokerStars Hand #232416926632:  Hold'em No Limit ($0.01/$0.02 USD) - 2021/12/21 17:33:26 PT [2021/12/21 20:33:26 ET]
Table 'Urhixidur III' 9-max Seat #4 is the button
Seat 1: kreator1984 ($5.47 in chips) 
Seat 2: Bods44 ($2.17 in chips) 
Seat 3: Inc4ognito ($2.72 in chips) 
Seat 4: GianniML ($1.91 in chips) 
Seat 5: lillsolli ($9.08 in chips) 
Seat 6: kanatakk ($6.98 in chips) 
Seat 7: Dorex2007 ($3.13 in chips) 
Seat 8: panKastus ($1.97 in chips) 
Seat 9: Pepono101 ($1.94 in chips) 
lillsolli: posts small blind $0.01
kanatakk: posts big blind $0.02
*** HOLE CARDS ***
Dealt to Dorex2007 [3c 3h]
Dorex2007: calls $0.02
panKastus: folds 
Pepono101: folds 
kreator1984: calls $0.02
Bods44: folds 
Inc4ognito: folds 
GianniML: folds 
lillsolli: calls $0.01
kanatakk: checks 
*** FLOP *** [3s 6h 9s]
lillsolli: checks 
kanatakk: bets $0.04
Dorex2007: calls $0.04
kreator1984: folds 
lillsolli: calls $0.04
*** TURN *** [3s 6h 9s] [Jh]
lillsolli: checks 
kanatakk: bets $0.10
Dorex2007: calls $0.10
lillsolli: calls $0.10
*** RIVER *** [3s 6h 9s Jh] [8h]
lillsolli: checks 
kanatakk: bets $0.36
Dorex2007: calls $0.36
lillsolli: folds 
*** SHOW DOWN ***
kanatakk: shows [9h Qh] (a flush, Queen high)
Dorex2007: mucks hand 
kanatakk collected $1.18 from pot
*** SUMMARY ***
Total pot $1.22 | Rake $0.04 
Board [3s 6h 9s Jh 8h]
Seat 1: kreator1984 folded on the Flop
Seat 2: Bods44 folded before Flop (didn't bet)
Seat 3: Inc4ognito folded before Flop (didn't bet)
Seat 4: GianniML (button) folded before Flop (didn't bet)
Seat 5: lillsolli (small blind) folded on the River
Seat 6: kanatakk (big blind) showed [9h Qh] and won ($1.18) with a flush, Queen high
Seat 7: Dorex2007 mucked [3c 3h]
Seat 8: panKastus folded before Flop (didn't bet)
Seat 9: Pepono101 folded before Flop (didn't bet)



PokerStars Hand #232416951121:  Hold'em No Limit ($0.01/$0.02 USD) - 2021/12/21 17:34:55 PT [2021/12/21 20:34:55 ET]
Table 'Urhixidur III' 9-max Seat #5 is the button
Seat 1: kreator1984 ($5.45 in chips) 
Seat 2: Bods44 ($2.17 in chips) 
Seat 3: Inc4ognito ($2.72 in chips) 
Seat 4: GianniML ($1.91 in chips) 
Seat 5: lillsolli ($8.92 in chips) 
Seat 6: kanatakk ($7.64 in chips) 
Seat 7: Dorex2007 ($2.61 in chips) 
Seat 8: panKastus ($1.97 in chips) 
Seat 9: Pepono101 ($1.94 in chips) 
kanatakk: posts small blind $0.01
Dorex2007: posts big blind $0.02
*** HOLE CARDS ***
Dealt to Dorex2007 [4c 2c]
panKastus has timed out
panKastus: folds 
Pepono101: folds 
kanatakk said, "(violin)"
kreator1984: folds 
Bods44: folds 
Inc4ognito: folds 
GianniML: folds 
lillsolli: folds 
kanatakk: raises $0.06 to $0.08
Dorex2007: folds 
Uncalled bet ($0.06) returned to kanatakk
kanatakk collected $0.04 from pot
kanatakk: doesn't show hand 
*** SUMMARY ***
Total pot $0.04 | Rake $0 
Seat 1: kreator1984 folded before Flop (didn't bet)
Seat 2: Bods44 folded before Flop (didn't bet)
Seat 3: Inc4ognito folded before Flop (didn't bet)
Seat 4: GianniML folded before Flop (didn't bet)
Seat 5: lillsolli (button) folded before Flop (didn't bet)
Seat 6: kanatakk (small blind) collected ($0.04)
Seat 7: Dorex2007 (big blind) folded before Flop
Seat 8: panKastus folded before Flop (didn't bet)
Seat 9: Pepono101 folded before Flop (didn't bet)



PokerStars Hand #232416967209:  Hold'em No Limit ($0.01/$0.02 USD) - 2021/12/21 17:35:22 PT [2021/12/21 20:35:22 ET]
Table 'Urhixidur III' 9-max Seat #6 is the button
Seat 1: kreator1984 ($5.45 in chips) 
Seat 2: Bods44 ($2.17 in chips) 
Seat 3: Inc4ognito ($2.72 in chips) 
Seat 4: GianniML ($1.91 in chips) 
Seat 5: lillsolli ($8.92 in chips) 
Seat 6: kanatakk ($7.66 in chips) 
Seat 7: Dorex2007 ($2.59 in chips) 
Seat 8: panKastus ($1.97 in chips) 
Seat 9: Pepono101 ($1.94 in chips) 
Dorex2007: posts small blind $0.01
panKastus: posts big blind $0.02
*** HOLE CARDS ***
Dealt to Dorex2007 [5s Ac]
Pepono101: folds 
kreator1984: folds 
Bods44: calls $0.02
Inc4ognito: folds 
GianniML: folds 
lillsolli: calls $0.02
kanatakk: raises $0.04 to $0.06
Dorex2007: folds 
panKastus: folds 
Bods44: calls $0.04
lillsolli: calls $0.04
*** FLOP *** [Ts Js 2s]
Bods44: bets $0.10
lillsolli: folds 
kanatakk: calls $0.10
*** TURN *** [Ts Js 2s] [4s]
Bods44: checks 
kanatakk: bets $0.12
Bods44: folds [9d 8d]
Uncalled bet ($0.12) returned to kanatakk
kanatakk collected $0.40 from pot
kanatakk: doesn't show hand 
*** SUMMARY ***
Total pot $0.41 | Rake $0.01 
Board [Ts Js 2s 4s]
Seat 1: kreator1984 folded before Flop (didn't bet)
Seat 2: Bods44 folded on the Turn
Seat 3: Inc4ognito folded before Flop (didn't bet)
Seat 4: GianniML folded before Flop (didn't bet)
Seat 5: lillsolli folded on the Flop
Seat 6: kanatakk (button) collected ($0.40)
Seat 7: Dorex2007 (small blind) folded before Flop
Seat 8: panKastus (big blind) folded before Flop
Seat 9: Pepono101 folded before Flop (didn't bet)



PokerStars Hand #232416994525:  Hold'em No Limit ($0.01/$0.02 USD) - 2021/12/21 17:36:24 PT [2021/12/21 20:36:24 ET]
Table 'Urhixidur III' 9-max Seat #7 is the button
Seat 1: kreator1984 ($5.45 in chips) 
Seat 2: Bods44 ($2.01 in chips) 
Seat 3: Inc4ognito ($2.72 in chips) 
Seat 4: GianniML ($1.91 in chips) 
Seat 5: lillsolli ($8.86 in chips) 
Seat 6: kanatakk ($7.90 in chips) 
Seat 7: Dorex2007 ($2.58 in chips) 
Seat 8: panKastus ($1.95 in chips) 
Seat 9: Pepono101 ($1.94 in chips) 
panKastus: posts small blind $0.01
Pepono101: posts big blind $0.02
*** HOLE CARDS ***
Dealt to Dorex2007 [3s 2c]
kreator1984: calls $0.02
Bods44: folds 
Inc4ognito: folds 
GianniML: folds 
lillsolli: folds 
kanatakk: folds 
Dorex2007: folds 
panKastus: folds 
Pepono101: checks 
*** FLOP *** [8s 8d 6d]
Pepono101: checks 
kreator1984: checks 
*** TURN *** [8s 8d 6d] [Qd]
Pepono101: bets $0.05
kreator1984: folds 
Uncalled bet ($0.05) returned to Pepono101
Pepono101 collected $0.05 from pot
Pepono101: doesn't show hand 
*** SUMMARY ***
Total pot $0.05 | Rake $0 
Board [8s 8d 6d Qd]
Seat 1: kreator1984 folded on the Turn
Seat 2: Bods44 folded before Flop (didn't bet)
Seat 3: Inc4ognito folded before Flop (didn't bet)
Seat 4: GianniML folded before Flop (didn't bet)
Seat 5: lillsolli folded before Flop (didn't bet)
Seat 6: kanatakk folded before Flop (didn't bet)
Seat 7: Dorex2007 (button) folded before Flop (didn't bet)
Seat 8: panKastus (small blind) folded before Flop
Seat 9: Pepono101 (big blind) collected ($0.05)



PokerStars Hand #232417003829:  Hold'em No Limit ($0.01/$0.02 USD) - 2021/12/21 17:36:58 PT [2021/12/21 20:36:58 ET]
Table 'Urhixidur III' 9-max Seat #8 is the button
Seat 1: kreator1984 ($5.43 in chips) 
Seat 2: Bods44 ($2.01 in chips) 
Seat 3: Inc4ognito ($2.72 in chips) 
Seat 4: GianniML ($1.91 in chips) 
Seat 5: lillsolli ($8.86 in chips) 
Seat 6: kanatakk ($7.90 in chips) 
Seat 7: Dorex2007 ($2.58 in chips) 
Seat 8: panKastus ($1.94 in chips) 
Seat 9: Pepono101 ($1.97 in chips) 
Pepono101: posts small blind $0.01
kreator1984: posts big blind $0.02
*** HOLE CARDS ***
Dealt to Dorex2007 [Qs Ad]
Bods44: folds 
Inc4ognito: folds 
GianniML: folds 
lillsolli: folds 
kanatakk has timed out
kanatakk: folds 
Dorex2007: raises $0.04 to $0.06
panKastus: calls $0.06
Pepono101: folds 
kreator1984: calls $0.04
*** FLOP *** [8s 3h Jh]
kreator1984: bets $0.15
Dorex2007: folds 
panKastus: folds 
Uncalled bet ($0.15) returned to kreator1984
kreator1984 collected $0.18 from pot
kreator1984: doesn't show hand 
*** SUMMARY ***
Total pot $0.19 | Rake $0.01 
Board [8s 3h Jh]
Seat 1: kreator1984 (big blind) collected ($0.18)
Seat 2: Bods44 folded before Flop (didn't bet)
Seat 3: Inc4ognito folded before Flop (didn't bet)
Seat 4: GianniML folded before Flop (didn't bet)
Seat 5: lillsolli folded before Flop (didn't bet)
Seat 6: kanatakk folded before Flop (didn't bet)
Seat 7: Dorex2007 folded on the Flop
Seat 8: panKastus (button) folded on the Flop
Seat 9: Pepono101 (small blind) folded before Flop



PokerStars Hand #232417015936:  Hold'em No Limit ($0.01/$0.02 USD) - 2021/12/21 17:37:41 PT [2021/12/21 20:37:41 ET]
Table 'Urhixidur III' 9-max Seat #9 is the button
Seat 1: kreator1984 ($5.55 in chips) 
Seat 2: Bods44 ($2.01 in chips) 
Seat 3: Inc4ognito ($2.72 in chips) 
Seat 4: GianniML ($1.91 in chips) 
Seat 5: lillsolli ($8.86 in chips) 
Seat 6: kanatakk ($7.90 in chips) 
Seat 7: Dorex2007 ($2.52 in chips) 
Seat 8: panKastus ($1.88 in chips) 
Seat 9: Pepono101 ($1.96 in chips) 
kreator1984: posts small blind $0.01
Bods44: posts big blind $0.02
*** HOLE CARDS ***
Dealt to Dorex2007 [4d 9c]
Inc4ognito: folds 
GianniML: folds 
lillsolli: calls $0.02
kanatakk: folds 
Dorex2007: folds 
panKastus: folds 
Pepono101: folds 
kreator1984: calls $0.01
Bods44: checks 
*** FLOP *** [3d 4s Ac]
kreator1984: checks 
Bods44: checks 
lillsolli: bets $0.06
kreator1984: folds 
Bods44: folds 
Uncalled bet ($0.06) returned to lillsolli
lillsolli collected $0.06 from pot
lillsolli: doesn't show hand 
*** SUMMARY ***
Total pot $0.06 | Rake $0 
Board [3d 4s Ac]
Seat 1: kreator1984 (small blind) folded on the Flop
Seat 2: Bods44 (big blind) folded on the Flop
Seat 3: Inc4ognito folded before Flop (didn't bet)
Seat 4: GianniML folded before Flop (didn't bet)
Seat 5: lillsolli collected ($0.06)
Seat 6: kanatakk folded before Flop (didn't bet)
Seat 7: Dorex2007 folded before Flop (didn't bet)
Seat 8: panKastus folded before Flop (didn't bet)
Seat 9: Pepono101 (button) folded before Flop (didn't bet)



PokerStars Hand #232417025336:  Hold'em No Limit ($0.01/$0.02 USD) - 2021/12/21 17:38:15 PT [2021/12/21 20:38:15 ET]
Table 'Urhixidur III' 9-max Seat #1 is the button
Seat 1: kreator1984 ($5.53 in chips) 
Seat 2: Bods44 ($1.99 in chips) 
Seat 3: Inc4ognito ($2.72 in chips) 
Seat 4: GianniML ($1.91 in chips) 
Seat 5: lillsolli ($8.90 in chips) 
Seat 6: kanatakk ($7.90 in chips) 
Seat 7: Dorex2007 ($2.52 in chips) 
Seat 8: panKastus ($1.88 in chips) 
Seat 9: Pepono101 ($1.96 in chips) 
Bods44: posts small blind $0.01
Inc4ognito: posts big blind $0.02
*** HOLE CARDS ***
Dealt to Dorex2007 [Jd 4c]
GianniML: folds 
lillsolli: folds 
kanatakk: folds 
Dorex2007: folds 
panKastus: folds 
Pepono101: raises $0.05 to $0.07
kreator1984: folds 
Bods44: folds 
Inc4ognito: folds 
Uncalled bet ($0.05) returned to Pepono101
Pepono101 collected $0.05 from pot
Pepono101: doesn't show hand 
*** SUMMARY ***
Total pot $0.05 | Rake $0 
Seat 1: kreator1984 (button) folded before Flop (didn't bet)
Seat 2: Bods44 (small blind) folded before Flop
Seat 3: Inc4ognito (big blind) folded before Flop
Seat 4: GianniML folded before Flop (didn't bet)
Seat 5: lillsolli folded before Flop (didn't bet)
Seat 6: kanatakk folded before Flop (didn't bet)
Seat 7: Dorex2007 folded before Flop (didn't bet)
Seat 8: panKastus folded before Flop (didn't bet)
Seat 9: Pepono101 collected ($0.05)



PokerStars Hand #232417032245:  Hold'em No Limit ($0.01/$0.02 USD) - 2021/12/21 17:38:40 PT [2021/12/21 20:38:40 ET]
Table 'Urhixidur III' 9-max Seat #2 is the button
Seat 1: kreator1984 ($5.53 in chips) 
Seat 2: Bods44 ($1.98 in chips) 
Seat 3: Inc4ognito ($2.70 in chips) 
Seat 4: GianniML ($1.91 in chips) 
Seat 5: lillsolli ($8.90 in chips) 
Seat 6: kanatakk ($7.90 in chips) 
Seat 7: Dorex2007 ($2.52 in chips) 
Seat 8: panKastus ($1.88 in chips) 
Seat 9: Pepono101 ($1.99 in chips) 
Inc4ognito: posts small blind $0.01
GianniML: posts big blind $0.02
*** HOLE CARDS ***
Dealt to Dorex2007 [Qd Js]
lillsolli: calls $0.02
kanatakk: raises $0.08 to $0.10
Dorex2007: folds 
panKastus: folds 
Pepono101: folds 
kreator1984: folds 
Bods44: folds 
Inc4ognito: folds 
GianniML: raises $0.16 to $0.26
lillsolli: calls $0.24
kanatakk: folds 
*** FLOP *** [Kc As 2c]
GianniML: checks 
lillsolli: bets $0.61
GianniML: raises $1.04 to $1.65 and is all-in
lillsolli: calls $1.04
*** TURN *** [Kc As 2c] [8h]
*** RIVER *** [Kc As 2c 8h] [8d]
*** SHOW DOWN ***
GianniML: shows [Ah Ad] (a full house, Aces full of Eights)
lillsolli: shows [Ks Th] (two pair, Kings and Eights)
GianniML cashed out the hand for $3.69 | Cash Out Fee $0.04
lillsolli cashed out the hand for $0.06
*** SUMMARY ***
Total pot $3.93 | Rake $0.14 
Board [Kc As 2c 8h 8d]
Seat 1: kreator1984 folded before Flop (didn't bet)
Seat 2: Bods44 (button) folded before Flop (didn't bet)
Seat 3: Inc4ognito (small blind) folded before Flop
Seat 4: GianniML (big blind) showed [Ah Ad] and won ($3.79) with a full house, Aces full of Eights (pot not awarded as player cashed out)
Seat 5: lillsolli showed [Ks Th] and lost with two pair, Kings and Eights (cashed out).
Seat 6: kanatakk folded before Flop
Seat 7: Dorex2007 folded before Flop (didn't bet)
Seat 8: panKastus folded before Flop (didn't bet)
Seat 9: Pepono101 folded before Flop (didn't bet)



PokerStars Hand #232417055159:  Hold'em No Limit ($0.01/$0.02 USD) - 2021/12/21 17:40:03 PT [2021/12/21 20:40:03 ET]
Table 'Urhixidur III' 9-max Seat #3 is the button
Seat 1: kreator1984 ($5.53 in chips) 
Seat 2: Bods44 ($1.98 in chips) 
Seat 3: Inc4ognito ($2.69 in chips) 
Seat 4: GianniML ($3.69 in chips) 
Seat 5: lillsolli ($7.05 in chips) 
Seat 6: kanatakk ($7.80 in chips) 
Seat 7: Dorex2007 ($2.52 in chips) 
Seat 8: panKastus ($1.88 in chips) 
Seat 9: Pepono101 ($1.99 in chips) 
GianniML: posts small blind $0.01
lillsolli: posts big blind $0.02
*** HOLE CARDS ***
Dealt to Dorex2007 [4h 2c]
kanatakk: folds 
Dorex2007: folds 
panKastus: folds 
Pepono101: folds 
kreator1984: raises $0.04 to $0.06
Bods44: folds 
Inc4ognito: folds 
GianniML: folds 
lillsolli: folds 
Uncalled bet ($0.04) returned to kreator1984
kreator1984 collected $0.05 from pot
kreator1984: doesn't show hand 
*** SUMMARY ***
Total pot $0.05 | Rake $0 
Seat 1: kreator1984 collected ($0.05)
Seat 2: Bods44 folded before Flop (didn't bet)
Seat 3: Inc4ognito (button) folded before Flop (didn't bet)
Seat 4: GianniML (small blind) folded before Flop
Seat 5: lillsolli (big blind) folded before Flop
Seat 6: kanatakk folded before Flop (didn't bet)
Seat 7: Dorex2007 folded before Flop (didn't bet)
Seat 8: panKastus folded before Flop (didn't bet)
Seat 9: Pepono101 folded before Flop (didn't bet)



