PokerStars Hand #227970063624:  Hold'em No Limit ($0.01/$0.02 USD) - 2021/06/30 23:01:43 PT [2021/07/01 2:01:43 ET]
Table 'Thisbe IV' 9-max Seat #8 is the button
Seat 1: Dorex2007 ($2 in chips) 
Seat 3: flyhalf99 ($2.23 in chips) 
Seat 4: shank72 ($1.63 in chips) 
Seat 5: Taiga Aomine ($1.56 in chips) 
Seat 6: beddy80 ($4.06 in chips) 
Seat 7: Hejter1337 ($1.43 in chips) 
Seat 8: bloody55hawk ($0.80 in chips) 
Seat 9: KpaBa2406 ($2.39 in chips) 
KpaBa2406: posts small blind $0.01
Dorex2007: posts big blind $0.02
n2405n: sits out 
*** HOLE CARDS ***
Dealt to Dorex2007 [Qh Kh]
flyhalf99: folds 
shank72: folds 
Taiga Aomine: raises $0.04 to $0.06
beddy80: folds 
Hejter1337: folds 
bloody55hawk: calls $0.06
KpaBa2406: folds 
Dorex2007: calls $0.04
*** FLOP *** [7h Kc 7s]
Dorex2007: checks 
Taiga Aomine: bets $0.06
bloody55hawk: folds 
Dorex2007: raises $0.08 to $0.14
Taiga Aomine: calls $0.08
*** TURN *** [7h Kc 7s] [Qc]
Dorex2007: checks 
Taiga Aomine: checks 
*** RIVER *** [7h Kc 7s Qc] [Th]
Dorex2007: bets $0.30
Taiga Aomine: folds 
Uncalled bet ($0.30) returned to Dorex2007
Dorex2007 collected $0.45 from pot
Dorex2007: doesn't show hand 
*** SUMMARY ***
Total pot $0.47 | Rake $0.02 
Board [7h Kc 7s Qc Th]
Seat 1: Dorex2007 (big blind) collected ($0.45)
Seat 3: flyhalf99 folded before Flop (didn't bet)
Seat 4: shank72 folded before Flop (didn't bet)
Seat 5: Taiga Aomine folded on the River
Seat 6: beddy80 folded before Flop (didn't bet)
Seat 7: Hejter1337 folded before Flop (didn't bet)
Seat 8: bloody55hawk (button) folded on the Flop
Seat 9: KpaBa2406 (small blind) folded before Flop



PokerStars Hand #227970074398:  Hold'em No Limit ($0.01/$0.02 USD) - 2021/06/30 23:03:05 PT [2021/07/01 2:03:05 ET]
Table 'Thisbe IV' 9-max Seat #9 is the button
Seat 1: Dorex2007 ($2.25 in chips) 
Seat 2: n2405n ($2.84 in chips) 
Seat 3: flyhalf99 ($2.23 in chips) 
Seat 4: shank72 ($1.63 in chips) 
Seat 5: Taiga Aomine ($1.36 in chips) 
Seat 6: beddy80 ($4.06 in chips) 
Seat 7: Hejter1337 ($1.43 in chips) 
Seat 8: bloody55hawk ($0.80 in chips) 
Seat 9: KpaBa2406 ($2.38 in chips) 
Dorex2007: posts small blind $0.01
n2405n: posts big blind $0.02
*** HOLE CARDS ***
Dealt to Dorex2007 [3d 9h]
flyhalf99: raises $0.02 to $0.04
shank72: folds 
Taiga Aomine: calls $0.04
beddy80: calls $0.04
Hejter1337: folds 
bloody55hawk: folds 
KpaBa2406: calls $0.04
Dorex2007: folds 
n2405n: folds 
*** FLOP *** [As 7d Kd]
flyhalf99: checks 
Taiga Aomine: checks 
beddy80: bets $0.06
KpaBa2406: folds 
flyhalf99: folds 
Taiga Aomine: folds 
Uncalled bet ($0.06) returned to beddy80
beddy80 collected $0.18 from pot
beddy80: doesn't show hand 
*** SUMMARY ***
Total pot $0.19 | Rake $0.01 
Board [As 7d Kd]
Seat 1: Dorex2007 (small blind) folded before Flop
Seat 2: n2405n (big blind) folded before Flop
Seat 3: flyhalf99 folded on the Flop
Seat 4: shank72 folded before Flop (didn't bet)
Seat 5: Taiga Aomine folded on the Flop
Seat 6: beddy80 collected ($0.18)
Seat 7: Hejter1337 folded before Flop (didn't bet)
Seat 8: bloody55hawk folded before Flop (didn't bet)
Seat 9: KpaBa2406 (button) folded on the Flop



PokerStars Hand #227970079333:  Hold'em No Limit ($0.01/$0.02 USD) - 2021/06/30 23:03:43 PT [2021/07/01 2:03:43 ET]
Table 'Thisbe IV' 9-max Seat #1 is the button
Seat 1: Dorex2007 ($2.24 in chips) 
Seat 2: n2405n ($2.82 in chips) 
Seat 3: flyhalf99 ($2.19 in chips) 
Seat 4: shank72 ($1.63 in chips) 
Seat 5: Taiga Aomine ($1.32 in chips) 
Seat 6: beddy80 ($4.20 in chips) 
Seat 7: Hejter1337 ($1.43 in chips) 
Seat 8: bloody55hawk ($0.80 in chips) 
Seat 9: KpaBa2406 ($2.34 in chips) 
n2405n: posts small blind $0.01
flyhalf99: posts big blind $0.02
*** HOLE CARDS ***
Dealt to Dorex2007 [8d 4h]
shank72: folds 
Taiga Aomine: folds 
beddy80: folds 
Hejter1337: folds 
bloody55hawk: folds 
KpaBa2406: folds 
Dorex2007: folds 
n2405n: raises $0.02 to $0.04
flyhalf99: calls $0.02
*** FLOP *** [9s 3c 5d]
n2405n: checks 
flyhalf99: bets $0.17
n2405n: calls $0.17
*** TURN *** [9s 3c 5d] [Qd]
n2405n: bets $0.02
flyhalf99: raises $0.13 to $0.15
n2405n: calls $0.13
*** RIVER *** [9s 3c 5d Qd] [7h]
n2405n: checks 
flyhalf99: checks 
*** SHOW DOWN ***
n2405n: shows [4c 2c] (high card Queen)
flyhalf99: shows [Qc 5c] (two pair, Queens and Fives)
flyhalf99 collected $0.69 from pot
*** SUMMARY ***
Total pot $0.72 | Rake $0.03 
Board [9s 3c 5d Qd 7h]
Seat 1: Dorex2007 (button) folded before Flop (didn't bet)
Seat 2: n2405n (small blind) showed [4c 2c] and lost with high card Queen
Seat 3: flyhalf99 (big blind) showed [Qc 5c] and won ($0.69) with two pair, Queens and Fives
Seat 4: shank72 folded before Flop (didn't bet)
Seat 5: Taiga Aomine folded before Flop (didn't bet)
Seat 6: beddy80 folded before Flop (didn't bet)
Seat 7: Hejter1337 folded before Flop (didn't bet)
Seat 8: bloody55hawk folded before Flop (didn't bet)
Seat 9: KpaBa2406 folded before Flop (didn't bet)



PokerStars Hand #227970085322:  Hold'em No Limit ($0.01/$0.02 USD) - 2021/06/30 23:04:30 PT [2021/07/01 2:04:30 ET]
Table 'Thisbe IV' 9-max Seat #2 is the button
Seat 1: Dorex2007 ($2.24 in chips) 
Seat 2: n2405n ($2.46 in chips) 
Seat 3: flyhalf99 ($2.52 in chips) 
Seat 4: shank72 ($1.63 in chips) 
Seat 5: Taiga Aomine ($1.32 in chips) 
Seat 6: beddy80 ($4.20 in chips) 
Seat 7: Hejter1337 ($1.43 in chips) 
Seat 8: bloody55hawk ($0.80 in chips) 
Seat 9: KpaBa2406 ($2.34 in chips) 
flyhalf99: posts small blind $0.01
shank72: posts big blind $0.02
*** HOLE CARDS ***
Dealt to Dorex2007 [9d As]
Taiga Aomine: folds 
beddy80: folds 
Hejter1337: folds 
bloody55hawk: folds 
KpaBa2406: folds 
Dorex2007: folds 
n2405n: raises $0.02 to $0.04
flyhalf99: calls $0.03
shank72: calls $0.02
*** FLOP *** [7d 6s 2c]
flyhalf99: checks 
shank72: checks 
n2405n: bets $0.32
flyhalf99: calls $0.32
shank72: folds 
*** TURN *** [7d 6s 2c] [Js]
flyhalf99: checks 
n2405n: bets $1.20
flyhalf99: folds 
Uncalled bet ($1.20) returned to n2405n
n2405n collected $0.73 from pot
n2405n: doesn't show hand 
*** SUMMARY ***
Total pot $0.76 | Rake $0.03 
Board [7d 6s 2c Js]
Seat 1: Dorex2007 folded before Flop (didn't bet)
Seat 2: n2405n (button) collected ($0.73)
Seat 3: flyhalf99 (small blind) folded on the Turn
Seat 4: shank72 (big blind) folded on the Flop
Seat 5: Taiga Aomine folded before Flop (didn't bet)
Seat 6: beddy80 folded before Flop (didn't bet)
Seat 7: Hejter1337 folded before Flop (didn't bet)
Seat 8: bloody55hawk folded before Flop (didn't bet)
Seat 9: KpaBa2406 folded before Flop (didn't bet)



PokerStars Hand #227970105967:  Hold'em No Limit ($0.01/$0.02 USD) - 2021/06/30 23:07:11 PT [2021/07/01 2:07:11 ET]
Table 'Thisbe IV' 9-max Seat #5 is the button
Seat 1: Dorex2007 ($2.24 in chips) 
Seat 2: n2405n ($2.62 in chips) 
Seat 3: flyhalf99 ($2.10 in chips) 
Seat 4: shank72 ($1.75 in chips) 
Seat 5: Taiga Aomine ($1.29 in chips) 
Seat 6: stockbridge8 ($1.98 in chips) 
Seat 7: Hejter1337 ($1.43 in chips) 
Seat 8: bloody55hawk ($0.93 in chips) 
Seat 9: KpaBa2406 ($2.34 in chips) 
stockbridge8: posts small blind $0.01
Hejter1337: posts big blind $0.02
*** HOLE CARDS ***
Dealt to Dorex2007 [Qc 8c]
bloody55hawk: raises $0.91 to $0.93 and is all-in
KpaBa2406: folds 
Dorex2007: folds 
n2405n: folds 
flyhalf99: folds 
shank72: folds 
Taiga Aomine: folds 
stockbridge8: folds 
Hejter1337: folds 
Uncalled bet ($0.91) returned to bloody55hawk
bloody55hawk collected $0.05 from pot
bloody55hawk: doesn't show hand 
*** SUMMARY ***
Total pot $0.05 | Rake $0 
Seat 1: Dorex2007 folded before Flop (didn't bet)
Seat 2: n2405n folded before Flop (didn't bet)
Seat 3: flyhalf99 folded before Flop (didn't bet)
Seat 4: shank72 folded before Flop (didn't bet)
Seat 5: Taiga Aomine (button) folded before Flop (didn't bet)
Seat 6: stockbridge8 (small blind) folded before Flop
Seat 7: Hejter1337 (big blind) folded before Flop
Seat 8: bloody55hawk collected ($0.05)
Seat 9: KpaBa2406 folded before Flop (didn't bet)



PokerStars Hand #227970108718:  Hold'em No Limit ($0.01/$0.02 USD) - 2021/06/30 23:07:32 PT [2021/07/01 2:07:32 ET]
Table 'Thisbe IV' 9-max Seat #6 is the button
Seat 1: Dorex2007 ($2.24 in chips) 
Seat 2: n2405n ($2.62 in chips) 
Seat 3: flyhalf99 ($2.10 in chips) 
Seat 4: shank72 ($1.75 in chips) 
Seat 5: Taiga Aomine ($1.29 in chips) 
Seat 6: stockbridge8 ($1.97 in chips) 
Seat 7: Hejter1337 ($1.41 in chips) 
Seat 8: bloody55hawk ($0.96 in chips) 
Seat 9: KpaBa2406 ($2.34 in chips) 
Hejter1337: posts small blind $0.01
bloody55hawk: posts big blind $0.02
*** HOLE CARDS ***
Dealt to Dorex2007 [Js 4s]
KpaBa2406: folds 
Dorex2007: folds 
n2405n: folds 
flyhalf99: calls $0.02
shank72: folds 
Taiga Aomine: folds 
stockbridge8: folds 
Hejter1337: folds 
bloody55hawk: checks 
*** FLOP *** [5h 8c Ts]
bloody55hawk: checks 
flyhalf99: checks 
*** TURN *** [5h 8c Ts] [Tc]
bloody55hawk: bets $0.04
flyhalf99: calls $0.04
*** RIVER *** [5h 8c Ts Tc] [Jc]
bloody55hawk: checks 
flyhalf99: checks 
*** SHOW DOWN ***
bloody55hawk: shows [2s 2h] (two pair, Tens and Deuces)
flyhalf99: shows [5c 8h] (two pair, Tens and Eights)
flyhalf99 collected $0.13 from pot
*** SUMMARY ***
Total pot $0.13 | Rake $0 
Board [5h 8c Ts Tc Jc]
Seat 1: Dorex2007 folded before Flop (didn't bet)
Seat 2: n2405n folded before Flop (didn't bet)
Seat 3: flyhalf99 showed [5c 8h] and won ($0.13) with two pair, Tens and Eights
Seat 4: shank72 folded before Flop (didn't bet)
Seat 5: Taiga Aomine folded before Flop (didn't bet)
Seat 6: stockbridge8 (button) folded before Flop (didn't bet)
Seat 7: Hejter1337 (small blind) folded before Flop
Seat 8: bloody55hawk (big blind) showed [2s 2h] and lost with two pair, Tens and Deuces
Seat 9: KpaBa2406 folded before Flop (didn't bet)



PokerStars Hand #227970115190:  Hold'em No Limit ($0.01/$0.02 USD) - 2021/06/30 23:08:23 PT [2021/07/01 2:08:23 ET]
Table 'Thisbe IV' 9-max Seat #7 is the button
Seat 1: Dorex2007 ($2.24 in chips) 
Seat 2: n2405n ($2.62 in chips) 
Seat 3: flyhalf99 ($2.17 in chips) 
Seat 4: shank72 ($1.75 in chips) 
Seat 5: Taiga Aomine ($1.29 in chips) 
Seat 6: stockbridge8 ($1.97 in chips) 
Seat 7: Hejter1337 ($1.40 in chips) 
Seat 8: bloody55hawk ($0.90 in chips) 
Seat 9: KpaBa2406 ($2.34 in chips) 
bloody55hawk: posts small blind $0.01
KpaBa2406: posts big blind $0.02
*** HOLE CARDS ***
Dealt to Dorex2007 [8c 7c]
Dorex2007: folds 
n2405n: folds 
flyhalf99: raises $0.02 to $0.04
shank72: calls $0.04
Taiga Aomine: folds 
stockbridge8: calls $0.04
Hejter1337: folds 
bloody55hawk: folds 
KpaBa2406: folds 
*** FLOP *** [2h Kc Qd]
flyhalf99: bets $0.10
shank72: folds 
stockbridge8: folds 
Uncalled bet ($0.10) returned to flyhalf99
flyhalf99 collected $0.14 from pot
flyhalf99: doesn't show hand 
*** SUMMARY ***
Total pot $0.15 | Rake $0.01 
Board [2h Kc Qd]
Seat 1: Dorex2007 folded before Flop (didn't bet)
Seat 2: n2405n folded before Flop (didn't bet)
Seat 3: flyhalf99 collected ($0.14)
Seat 4: shank72 folded on the Flop
Seat 5: Taiga Aomine folded before Flop (didn't bet)
Seat 6: stockbridge8 folded on the Flop
Seat 7: Hejter1337 (button) folded before Flop (didn't bet)
Seat 8: bloody55hawk (small blind) folded before Flop
Seat 9: KpaBa2406 (big blind) folded before Flop



PokerStars Hand #227970120636:  Hold'em No Limit ($0.01/$0.02 USD) - 2021/06/30 23:09:06 PT [2021/07/01 2:09:06 ET]
Table 'Thisbe IV' 9-max Seat #8 is the button
Seat 1: Dorex2007 ($2.24 in chips) 
Seat 2: n2405n ($2.62 in chips) 
Seat 3: flyhalf99 ($2.27 in chips) 
Seat 4: shank72 ($1.71 in chips) 
Seat 5: Taiga Aomine ($1.29 in chips) 
Seat 6: stockbridge8 ($1.93 in chips) 
Seat 7: Hejter1337 ($1.40 in chips) 
Seat 8: bloody55hawk ($0.89 in chips) 
Seat 9: KpaBa2406 ($2.32 in chips) 
KpaBa2406: posts small blind $0.01
Dorex2007: posts big blind $0.02
*** HOLE CARDS ***
Dealt to Dorex2007 [5h 3c]
n2405n: folds 
flyhalf99: calls $0.02
shank72: folds 
Taiga Aomine: folds 
stockbridge8: folds 
Hejter1337: folds 
bloody55hawk: folds 
KpaBa2406: folds 
Dorex2007: checks 
*** FLOP *** [3d 3h Qh]
Dorex2007: checks 
flyhalf99: checks 
*** TURN *** [3d 3h Qh] [8c]
Dorex2007: bets $0.05
flyhalf99: calls $0.05
*** RIVER *** [3d 3h Qh 8c] [Tc]
Dorex2007: bets $0.18
flyhalf99: raises $0.18 to $0.36
Dorex2007: calls $0.18
*** SHOW DOWN ***
flyhalf99: shows [Jd 9c] (a straight, Eight to Queen)
Dorex2007: mucks hand 
flyhalf99 collected $0.84 from pot
*** SUMMARY ***
Total pot $0.87 | Rake $0.03 
Board [3d 3h Qh 8c Tc]
Seat 1: Dorex2007 (big blind) mucked [5h 3c]
Seat 2: n2405n folded before Flop (didn't bet)
Seat 3: flyhalf99 showed [Jd 9c] and won ($0.84) with a straight, Eight to Queen
Seat 4: shank72 folded before Flop (didn't bet)
Seat 5: Taiga Aomine folded before Flop (didn't bet)
Seat 6: stockbridge8 folded before Flop (didn't bet)
Seat 7: Hejter1337 folded before Flop (didn't bet)
Seat 8: bloody55hawk (button) folded before Flop (didn't bet)
Seat 9: KpaBa2406 (small blind) folded before Flop



PokerStars Hand #227970127805:  Hold'em No Limit ($0.01/$0.02 USD) - 2021/06/30 23:10:03 PT [2021/07/01 2:10:03 ET]
Table 'Thisbe IV' 9-max Seat #9 is the button
Seat 1: Dorex2007 ($1.81 in chips) 
Seat 2: n2405n ($2.62 in chips) 
Seat 3: flyhalf99 ($2.68 in chips) 
Seat 4: shank72 ($1.71 in chips) 
Seat 5: Taiga Aomine ($1.29 in chips) 
Seat 6: stockbridge8 ($1.93 in chips) 
Seat 7: Hejter1337 ($1.40 in chips) 
Seat 8: bloody55hawk ($0.89 in chips) 
Seat 9: KpaBa2406 ($2.31 in chips) 
Dorex2007: posts small blind $0.01
n2405n: posts big blind $0.02
*** HOLE CARDS ***
Dealt to Dorex2007 [6c Kc]
flyhalf99: folds 
shank72: folds 
Taiga Aomine: folds 
stockbridge8: folds 
Hejter1337: folds 
bloody55hawk: folds 
KpaBa2406: folds 
Dorex2007: calls $0.01
n2405n: raises $0.06 to $0.08
Dorex2007: calls $0.06
*** FLOP *** [7c 7h 8c]
Dorex2007: checks 
n2405n: bets $0.08
Dorex2007: calls $0.08
*** TURN *** [7c 7h 8c] [Ts]
Dorex2007: checks 
n2405n: checks 
*** RIVER *** [7c 7h 8c Ts] [Jd]
Dorex2007: bets $0.31
n2405n: calls $0.31
*** SHOW DOWN ***
Dorex2007: shows [6c Kc] (a pair of Sevens)
n2405n: shows [Qh Th] (two pair, Tens and Sevens)
n2405n collected $0.91 from pot
*** SUMMARY ***
Total pot $0.94 | Rake $0.03 
Board [7c 7h 8c Ts Jd]
Seat 1: Dorex2007 (small blind) showed [6c Kc] and lost with a pair of Sevens
Seat 2: n2405n (big blind) showed [Qh Th] and won ($0.91) with two pair, Tens and Sevens
Seat 3: flyhalf99 folded before Flop (didn't bet)
Seat 4: shank72 folded before Flop (didn't bet)
Seat 5: Taiga Aomine folded before Flop (didn't bet)
Seat 6: stockbridge8 folded before Flop (didn't bet)
Seat 7: Hejter1337 folded before Flop (didn't bet)
Seat 8: bloody55hawk folded before Flop (didn't bet)
Seat 9: KpaBa2406 (button) folded before Flop (didn't bet)



PokerStars Hand #227970135094:  Hold'em No Limit ($0.01/$0.02 USD) - 2021/06/30 23:11:00 PT [2021/07/01 2:11:00 ET]
Table 'Thisbe IV' 9-max Seat #1 is the button
Seat 1: Dorex2007 ($1.53 in chips) 
Seat 2: n2405n ($3.06 in chips) 
Seat 3: flyhalf99 ($2.68 in chips) 
Seat 4: shank72 ($1.71 in chips) 
Seat 5: Taiga Aomine ($1.29 in chips) 
Seat 6: stockbridge8 ($1.93 in chips) 
Seat 7: Hejter1337 ($1.40 in chips) 
Seat 8: bloody55hawk ($0.89 in chips) 
Seat 9: KpaBa2406 ($2.31 in chips) 
n2405n: posts small blind $0.01
flyhalf99: posts big blind $0.02
*** HOLE CARDS ***
Dealt to Dorex2007 [7c Th]
shank72: folds 
Taiga Aomine: folds 
stockbridge8: folds 
Hejter1337: folds 
bloody55hawk: folds 
KpaBa2406: folds 
Dorex2007: folds 
n2405n: folds 
Uncalled bet ($0.01) returned to flyhalf99
flyhalf99 collected $0.02 from pot
flyhalf99: doesn't show hand 
*** SUMMARY ***
Total pot $0.02 | Rake $0 
Seat 1: Dorex2007 (button) folded before Flop (didn't bet)
Seat 2: n2405n (small blind) folded before Flop
Seat 3: flyhalf99 (big blind) collected ($0.02)
Seat 4: shank72 folded before Flop (didn't bet)
Seat 5: Taiga Aomine folded before Flop (didn't bet)
Seat 6: stockbridge8 folded before Flop (didn't bet)
Seat 7: Hejter1337 folded before Flop (didn't bet)
Seat 8: bloody55hawk folded before Flop (didn't bet)
Seat 9: KpaBa2406 folded before Flop (didn't bet)



PokerStars Hand #227970137404:  Hold'em No Limit ($0.01/$0.02 USD) - 2021/06/30 23:11:18 PT [2021/07/01 2:11:18 ET]
Table 'Thisbe IV' 9-max Seat #2 is the button
Seat 1: Dorex2007 ($2 in chips) 
Seat 2: n2405n ($3.05 in chips) 
Seat 3: flyhalf99 ($2.69 in chips) 
Seat 5: Taiga Aomine ($1.29 in chips) 
Seat 6: stockbridge8 ($1.93 in chips) 
Seat 7: Hejter1337 ($1.40 in chips) 
Seat 8: bloody55hawk ($0.89 in chips) 
Seat 9: KpaBa2406 ($2.31 in chips) 
flyhalf99: posts small blind $0.01
shank72: is sitting out 
Taiga Aomine: posts big blind $0.02
*** HOLE CARDS ***
Dealt to Dorex2007 [2c 6c]
stockbridge8: folds 
Hejter1337: raises $0.04 to $0.06
bloody55hawk: folds 
KpaBa2406: folds 
Dorex2007: folds 
n2405n: folds 
flyhalf99: raises $0.04 to $0.10
Taiga Aomine: folds 
Hejter1337: calls $0.04
*** FLOP *** [Kc Td 3d]
flyhalf99: bets $0.36
Hejter1337: calls $0.36
*** TURN *** [Kc Td 3d] [5c]
flyhalf99: checks 
Hejter1337: bets $0.46
flyhalf99: calls $0.46
*** RIVER *** [Kc Td 3d 5c] [3c]
flyhalf99: checks 
Hejter1337: bets $0.48 and is all-in
flyhalf99: folds 
Uncalled bet ($0.48) returned to Hejter1337
Hejter1337 collected $1.79 from pot
Hejter1337: doesn't show hand 
*** SUMMARY ***
Total pot $1.86 | Rake $0.07 
Board [Kc Td 3d 5c 3c]
Seat 1: Dorex2007 folded before Flop (didn't bet)
Seat 2: n2405n (button) folded before Flop (didn't bet)
Seat 3: flyhalf99 (small blind) folded on the River
Seat 5: Taiga Aomine (big blind) folded before Flop
Seat 6: stockbridge8 folded before Flop (didn't bet)
Seat 7: Hejter1337 collected ($1.79)
Seat 8: bloody55hawk folded before Flop (didn't bet)
Seat 9: KpaBa2406 folded before Flop (didn't bet)



PokerStars Hand #227970143367:  Hold'em No Limit ($0.01/$0.02 USD) - 2021/06/30 23:12:04 PT [2021/07/01 2:12:04 ET]
Table 'Thisbe IV' 9-max Seat #3 is the button
Seat 1: Dorex2007 ($2 in chips) 
Seat 2: n2405n ($3.05 in chips) 
Seat 3: flyhalf99 ($1.77 in chips) 
Seat 5: Taiga Aomine ($1.27 in chips) 
Seat 6: stockbridge8 ($1.93 in chips) 
Seat 7: Hejter1337 ($2.27 in chips) 
Seat 8: bloody55hawk ($0.89 in chips) 
Seat 9: KpaBa2406 ($2.31 in chips) 
Taiga Aomine: posts small blind $0.01
stockbridge8: posts big blind $0.02
*** HOLE CARDS ***
Dealt to Dorex2007 [7c 5h]
Hejter1337: raises $0.04 to $0.06
bloody55hawk: folds 
KpaBa2406: folds 
Dorex2007: folds 
n2405n: folds 
flyhalf99: calls $0.06
Taiga Aomine: folds 
stockbridge8: folds 
*** FLOP *** [Qc Th Jh]
Hejter1337: bets $0.07
flyhalf99: calls $0.07
*** TURN *** [Qc Th Jh] [Jd]
Hejter1337: bets $0.14
flyhalf99: raises $0.75 to $0.89
Hejter1337: raises $1.25 to $2.14 and is all-in
flyhalf99: calls $0.75 and is all-in
Uncalled bet ($0.50) returned to Hejter1337
*** RIVER *** [Qc Th Jh Jd] [8s]
*** SHOW DOWN ***
Hejter1337: shows [Ad Ks] (a straight, Ten to Ace)
flyhalf99: shows [8h 9s] (a straight, Eight to Queen)
Hejter1337 collected $3.45 from pot
*** SUMMARY ***
Total pot $3.57 | Rake $0.12 
Board [Qc Th Jh Jd 8s]
Seat 1: Dorex2007 folded before Flop (didn't bet)
Seat 2: n2405n folded before Flop (didn't bet)
Seat 3: flyhalf99 (button) showed [8h 9s] and lost with a straight, Eight to Queen
Seat 5: Taiga Aomine (small blind) folded before Flop
Seat 6: stockbridge8 (big blind) folded before Flop
Seat 7: Hejter1337 showed [Ad Ks] and won ($3.45) with a straight, Ten to Ace
Seat 8: bloody55hawk folded before Flop (didn't bet)
Seat 9: KpaBa2406 folded before Flop (didn't bet)



PokerStars Hand #227970149511:  Hold'em No Limit ($0.01/$0.02 USD) - 2021/06/30 23:12:51 PT [2021/07/01 2:12:51 ET]
Table 'Thisbe IV' 9-max Seat #5 is the button
Seat 1: Dorex2007 ($2 in chips) 
Seat 2: n2405n ($3.05 in chips) 
Seat 5: Taiga Aomine ($1.26 in chips) 
Seat 6: stockbridge8 ($1.91 in chips) 
Seat 7: Hejter1337 ($3.95 in chips) 
Seat 8: bloody55hawk ($0.89 in chips) 
Seat 9: KpaBa2406 ($2.31 in chips) 
stockbridge8: posts small blind $0.01
Hejter1337: posts big blind $0.02
shank72: sits out 
*** HOLE CARDS ***
Dealt to Dorex2007 [6c 5d]
bloody55hawk: folds 
KpaBa2406: folds 
Dorex2007: folds 
n2405n: raises $0.02 to $0.04
Taiga Aomine: folds 
stockbridge8: folds 
Hejter1337: folds 
Uncalled bet ($0.02) returned to n2405n
n2405n collected $0.05 from pot
n2405n: doesn't show hand 
*** SUMMARY ***
Total pot $0.05 | Rake $0 
Seat 1: Dorex2007 folded before Flop (didn't bet)
Seat 2: n2405n collected ($0.05)
Seat 5: Taiga Aomine (button) folded before Flop (didn't bet)
Seat 6: stockbridge8 (small blind) folded before Flop
Seat 7: Hejter1337 (big blind) folded before Flop
Seat 8: bloody55hawk folded before Flop (didn't bet)
Seat 9: KpaBa2406 folded before Flop (didn't bet)



PokerStars Hand #227970152034:  Hold'em No Limit ($0.01/$0.02 USD) - 2021/06/30 23:13:11 PT [2021/07/01 2:13:11 ET]
Table 'Thisbe IV' 9-max Seat #6 is the button
Seat 1: Dorex2007 ($2 in chips) 
Seat 2: n2405n ($3.08 in chips) 
Seat 3: flyhalf99 ($2 in chips) 
Seat 5: Taiga Aomine ($1.26 in chips) 
Seat 6: stockbridge8 ($1.90 in chips) 
Seat 7: Hejter1337 ($3.93 in chips) 
Seat 8: bloody55hawk ($0.89 in chips) 
Seat 9: KpaBa2406 ($2.31 in chips) 
Hejter1337: posts small blind $0.01
bloody55hawk: posts big blind $0.02
shank72: sits out 
*** HOLE CARDS ***
Dealt to Dorex2007 [Jd 8s]
KpaBa2406: folds 
Dorex2007: folds 
n2405n: folds 
flyhalf99: calls $0.02
Taiga Aomine: raises $0.04 to $0.06
stockbridge8: calls $0.06
Hejter1337: folds 
bloody55hawk: calls $0.04
flyhalf99: calls $0.04
*** FLOP *** [6d 8c 2h]
bloody55hawk: checks 
flyhalf99: checks 
Taiga Aomine: bets $0.06
stockbridge8: calls $0.06
bloody55hawk: folds 
flyhalf99: calls $0.06
*** TURN *** [6d 8c 2h] [Ad]
flyhalf99: checks 
Taiga Aomine: bets $0.20
stockbridge8: folds 
flyhalf99: folds 
Uncalled bet ($0.20) returned to Taiga Aomine
Taiga Aomine collected $0.41 from pot
Taiga Aomine: doesn't show hand 
*** SUMMARY ***
Total pot $0.43 | Rake $0.02 
Board [6d 8c 2h Ad]
Seat 1: Dorex2007 folded before Flop (didn't bet)
Seat 2: n2405n folded before Flop (didn't bet)
Seat 3: flyhalf99 folded on the Turn
Seat 5: Taiga Aomine collected ($0.41)
Seat 6: stockbridge8 (button) folded on the Turn
Seat 7: Hejter1337 (small blind) folded before Flop
Seat 8: bloody55hawk (big blind) folded on the Flop
Seat 9: KpaBa2406 folded before Flop (didn't bet)



PokerStars Hand #227970160829:  Hold'em No Limit ($0.01/$0.02 USD) - 2021/06/30 23:14:19 PT [2021/07/01 2:14:19 ET]
Table 'Thisbe IV' 9-max Seat #7 is the button
Seat 1: Dorex2007 ($2 in chips) 
Seat 2: n2405n ($3.08 in chips) 
Seat 3: flyhalf99 ($1.88 in chips) 
Seat 5: Taiga Aomine ($1.55 in chips) 
Seat 6: stockbridge8 ($2 in chips) 
Seat 7: Hejter1337 ($3.92 in chips) 
Seat 8: bloody55hawk ($0.83 in chips) 
Seat 9: KpaBa2406 ($2.31 in chips) 
bloody55hawk: posts small blind $0.01
KpaBa2406: posts big blind $0.02
shank72: sits out 
*** HOLE CARDS ***
Dealt to Dorex2007 [7d Jd]
Dorex2007: folds 
n2405n: folds 
flyhalf99: folds 
Taiga Aomine: raises $0.04 to $0.06
stockbridge8: folds 
Hejter1337: folds 
bloody55hawk: folds 
KpaBa2406: folds 
Uncalled bet ($0.04) returned to Taiga Aomine
Taiga Aomine collected $0.05 from pot
Taiga Aomine: doesn't show hand 
*** SUMMARY ***
Total pot $0.05 | Rake $0 
Seat 1: Dorex2007 folded before Flop (didn't bet)
Seat 2: n2405n folded before Flop (didn't bet)
Seat 3: flyhalf99 folded before Flop (didn't bet)
Seat 5: Taiga Aomine collected ($0.05)
Seat 6: stockbridge8 folded before Flop (didn't bet)
Seat 7: Hejter1337 (button) folded before Flop (didn't bet)
Seat 8: bloody55hawk (small blind) folded before Flop
Seat 9: KpaBa2406 (big blind) folded before Flop



PokerStars Hand #227970162656:  Hold'em No Limit ($0.01/$0.02 USD) - 2021/06/30 23:14:34 PT [2021/07/01 2:14:34 ET]
Table 'Thisbe IV' 9-max Seat #8 is the button
Seat 1: Dorex2007 ($2 in chips) 
Seat 2: n2405n ($3.08 in chips) 
Seat 3: flyhalf99 ($1.88 in chips) 
Seat 5: Taiga Aomine ($1.58 in chips) 
Seat 6: stockbridge8 ($2 in chips) 
Seat 7: Hejter1337 ($3.92 in chips) 
Seat 8: bloody55hawk ($0.82 in chips) 
Seat 9: KpaBa2406 ($2.29 in chips) 
KpaBa2406: posts small blind $0.01
Dorex2007: posts big blind $0.02
shank72: sits out 
*** HOLE CARDS ***
Dealt to Dorex2007 [Qs Js]
n2405n: folds 
flyhalf99: raises $0.02 to $0.04
Taiga Aomine: folds 
stockbridge8: folds 
Hejter1337: folds 
bloody55hawk: folds 
KpaBa2406: raises $0.08 to $0.12
Dorex2007: calls $0.10
flyhalf99: calls $0.08
*** FLOP *** [Tc Kd 6d]
KpaBa2406: checks 
Dorex2007: bets $0.23
flyhalf99: calls $0.23
KpaBa2406: folds 
*** TURN *** [Tc Kd 6d] [Ac]
Dorex2007: checks 
flyhalf99: bets $0.48
Dorex2007: raises $0.84 to $1.32
flyhalf99: raises $0.21 to $1.53 and is all-in
Dorex2007: calls $0.21
*** RIVER *** [Tc Kd 6d Ac] [3c]
*** SHOW DOWN ***
Dorex2007: shows [Qs Js] (a straight, Ten to Ace)
flyhalf99: shows [Jc Qc] (a flush, Ace high)
flyhalf99 collected $3.74 from pot
*** SUMMARY ***
Total pot $3.88 | Rake $0.14 
Board [Tc Kd 6d Ac 3c]
Seat 1: Dorex2007 (big blind) showed [Qs Js] and lost with a straight, Ten to Ace
Seat 2: n2405n folded before Flop (didn't bet)
Seat 3: flyhalf99 showed [Jc Qc] and won ($3.74) with a flush, Ace high
Seat 5: Taiga Aomine folded before Flop (didn't bet)
Seat 6: stockbridge8 folded before Flop (didn't bet)
Seat 7: Hejter1337 folded before Flop (didn't bet)
Seat 8: bloody55hawk (button) folded before Flop (didn't bet)
Seat 9: KpaBa2406 (small blind) folded on the Flop



PokerStars Hand #227970173608:  Hold'em No Limit ($0.01/$0.02 USD) - 2021/06/30 23:15:58 PT [2021/07/01 2:15:58 ET]
Table 'Thisbe IV' 9-max Seat #9 is the button
Seat 1: Dorex2007 ($2 in chips) 
Seat 2: n2405n ($3.08 in chips) 
Seat 3: flyhalf99 ($3.74 in chips) 
Seat 5: Taiga Aomine ($1.58 in chips) 
Seat 6: stockbridge8 ($2 in chips) 
Seat 7: Hejter1337 ($3.92 in chips) 
Seat 8: bloody55hawk ($0.82 in chips) 
Seat 9: KpaBa2406 ($2.17 in chips) 
Dorex2007: posts small blind $0.01
n2405n: posts big blind $0.02
shank72: sits out 
*** HOLE CARDS ***
Dealt to Dorex2007 [Qd 8h]
flyhalf99: calls $0.02
Taiga Aomine: folds 
stockbridge8: calls $0.02
Hejter1337: folds 
bloody55hawk: calls $0.02
KpaBa2406: raises $0.03 to $0.05
Dorex2007: folds 
n2405n: raises $0.67 to $0.72
flyhalf99: calls $0.70
stockbridge8: calls $0.70
bloody55hawk: folds 
KpaBa2406: folds 
*** FLOP *** [9s Kd Td]
n2405n: bets $2.36 and is all-in
flyhalf99: folds 
stockbridge8: folds 
Uncalled bet ($2.36) returned to n2405n
n2405n collected $2.16 from pot
n2405n: doesn't show hand 
*** SUMMARY ***
Total pot $2.24 | Rake $0.08 
Board [9s Kd Td]
Seat 1: Dorex2007 (small blind) folded before Flop
Seat 2: n2405n (big blind) collected ($2.16)
Seat 3: flyhalf99 folded on the Flop
Seat 5: Taiga Aomine folded before Flop (didn't bet)
Seat 6: stockbridge8 folded on the Flop
Seat 7: Hejter1337 folded before Flop (didn't bet)
Seat 8: bloody55hawk folded before Flop
Seat 9: KpaBa2406 (button) folded before Flop



PokerStars Hand #227970180948:  Hold'em No Limit ($0.01/$0.02 USD) - 2021/06/30 23:16:56 PT [2021/07/01 2:16:56 ET]
Table 'Thisbe IV' 9-max Seat #1 is the button
Seat 1: Dorex2007 ($1.99 in chips) 
Seat 2: n2405n ($4.52 in chips) 
Seat 3: flyhalf99 ($3.02 in chips) 
Seat 5: Taiga Aomine ($1.58 in chips) 
Seat 6: stockbridge8 ($1.28 in chips) 
Seat 7: Hejter1337 ($3.92 in chips) 
Seat 8: bloody55hawk ($0.80 in chips) 
Seat 9: KpaBa2406 ($2.12 in chips) 
n2405n: posts small blind $0.01
flyhalf99: posts big blind $0.02
shank72: sits out 
*** HOLE CARDS ***
Dealt to Dorex2007 [4c 4d]
Taiga Aomine: folds 
stockbridge8: folds 
Hejter1337: folds 
bloody55hawk: folds 
KpaBa2406: folds 
Dorex2007: raises $0.02 to $0.04
n2405n: folds 
flyhalf99: calls $0.02
*** FLOP *** [Qd Ah Kh]
flyhalf99: checks 
Dorex2007: checks 
*** TURN *** [Qd Ah Kh] [7c]
flyhalf99: bets $0.35
Dorex2007: folds 
Uncalled bet ($0.35) returned to flyhalf99
flyhalf99 collected $0.09 from pot
flyhalf99: doesn't show hand 
*** SUMMARY ***
Total pot $0.09 | Rake $0 
Board [Qd Ah Kh 7c]
Seat 1: Dorex2007 (button) folded on the Turn
Seat 2: n2405n (small blind) folded before Flop
Seat 3: flyhalf99 (big blind) collected ($0.09)
Seat 5: Taiga Aomine folded before Flop (didn't bet)
Seat 6: stockbridge8 folded before Flop (didn't bet)
Seat 7: Hejter1337 folded before Flop (didn't bet)
Seat 8: bloody55hawk folded before Flop (didn't bet)
Seat 9: KpaBa2406 folded before Flop (didn't bet)



PokerStars Hand #227970184530:  Hold'em No Limit ($0.01/$0.02 USD) - 2021/06/30 23:17:25 PT [2021/07/01 2:17:25 ET]
Table 'Thisbe IV' 9-max Seat #2 is the button
Seat 1: Dorex2007 ($1.95 in chips) 
Seat 2: n2405n ($4.51 in chips) 
Seat 3: flyhalf99 ($3.07 in chips) 
Seat 4: shank72 ($1.71 in chips) 
Seat 5: Taiga Aomine ($1.58 in chips) 
Seat 6: stockbridge8 ($2 in chips) 
Seat 7: Hejter1337 ($3.92 in chips) 
Seat 8: bloody55hawk ($0.80 in chips) 
Seat 9: KpaBa2406 ($2.12 in chips) 
flyhalf99: posts small blind $0.01
shank72: posts big blind $0.02
*** HOLE CARDS ***
Dealt to Dorex2007 [5h Ah]
Taiga Aomine: raises $0.04 to $0.06
stockbridge8: folds 
Hejter1337: folds 
bloody55hawk: folds 
KpaBa2406: folds 
Dorex2007: folds 
n2405n: folds 
flyhalf99: calls $0.05
shank72: folds 
*** FLOP *** [8s 3h 5d]
flyhalf99: checks 
Taiga Aomine: checks 
*** TURN *** [8s 3h 5d] [Qh]
flyhalf99: bets $0.09
Taiga Aomine: calls $0.09
*** RIVER *** [8s 3h 5d Qh] [5s]
flyhalf99: checks 
Taiga Aomine: bets $0.12
flyhalf99: folds 
Uncalled bet ($0.12) returned to Taiga Aomine
Taiga Aomine collected $0.31 from pot
Taiga Aomine: doesn't show hand 
*** SUMMARY ***
Total pot $0.32 | Rake $0.01 
Board [8s 3h 5d Qh 5s]
Seat 1: Dorex2007 folded before Flop (didn't bet)
Seat 2: n2405n (button) folded before Flop (didn't bet)
Seat 3: flyhalf99 (small blind) folded on the River
Seat 4: shank72 (big blind) folded before Flop
Seat 5: Taiga Aomine collected ($0.31)
Seat 6: stockbridge8 folded before Flop (didn't bet)
Seat 7: Hejter1337 folded before Flop (didn't bet)
Seat 8: bloody55hawk folded before Flop (didn't bet)
Seat 9: KpaBa2406 folded before Flop (didn't bet)



PokerStars Hand #227970192503:  Hold'em No Limit ($0.01/$0.02 USD) - 2021/06/30 23:18:27 PT [2021/07/01 2:18:27 ET]
Table 'Thisbe IV' 9-max Seat #3 is the button
Seat 1: Dorex2007 ($1.95 in chips) 
Seat 2: n2405n ($4.51 in chips) 
Seat 3: flyhalf99 ($2.92 in chips) 
Seat 4: shank72 ($1.69 in chips) 
Seat 5: Taiga Aomine ($1.74 in chips) 
Seat 6: stockbridge8 ($2 in chips) 
Seat 7: Hejter1337 ($3.92 in chips) 
Seat 8: bloody55hawk ($0.80 in chips) 
Seat 9: KpaBa2406 ($2.12 in chips) 
shank72: posts small blind $0.01
Taiga Aomine: posts big blind $0.02
*** HOLE CARDS ***
Dealt to Dorex2007 [Kd Th]
stockbridge8: folds 
Hejter1337: folds 
bloody55hawk: folds 
KpaBa2406: folds 
Dorex2007: folds 
n2405n: folds 
flyhalf99: calls $0.02
shank72: raises $0.03 to $0.05
Taiga Aomine: folds 
flyhalf99: calls $0.03
*** FLOP *** [6h Qs 5h]
shank72: bets $0.06
flyhalf99: folds 
Uncalled bet ($0.06) returned to shank72
shank72 collected $0.12 from pot
shank72: doesn't show hand 
*** SUMMARY ***
Total pot $0.12 | Rake $0 
Board [6h Qs 5h]
Seat 1: Dorex2007 folded before Flop (didn't bet)
Seat 2: n2405n folded before Flop (didn't bet)
Seat 3: flyhalf99 (button) folded on the Flop
Seat 4: shank72 (small blind) collected ($0.12)
Seat 5: Taiga Aomine (big blind) folded before Flop
Seat 6: stockbridge8 folded before Flop (didn't bet)
Seat 7: Hejter1337 folded before Flop (didn't bet)
Seat 8: bloody55hawk folded before Flop (didn't bet)
Seat 9: KpaBa2406 folded before Flop (didn't bet)



PokerStars Hand #227970200498:  Hold'em No Limit ($0.01/$0.02 USD) - 2021/06/30 23:18:59 PT [2021/07/01 2:18:59 ET]
Table 'Thisbe IV' 9-max Seat #4 is the button
Seat 1: Dorex2007 ($1.95 in chips) 
Seat 2: n2405n ($4.51 in chips) 
Seat 3: flyhalf99 ($2.87 in chips) 
Seat 4: shank72 ($1.76 in chips) 
Seat 5: Taiga Aomine ($1.72 in chips) 
Seat 6: stockbridge8 ($2 in chips) 
Seat 7: Hejter1337 ($3.92 in chips) 
Seat 8: bloody55hawk ($0.80 in chips) 
Seat 9: KpaBa2406 ($2.12 in chips) 
Taiga Aomine: posts small blind $0.01
stockbridge8: posts big blind $0.02
*** HOLE CARDS ***
Dealt to Dorex2007 [2s 7d]
Hejter1337: folds 
bloody55hawk: folds 
KpaBa2406 has timed out
KpaBa2406: folds 
Dorex2007: folds 
n2405n: folds 
flyhalf99: folds 
shank72: raises $0.03 to $0.05
Taiga Aomine: calls $0.04
stockbridge8: folds 
*** FLOP *** [7s Jd Th]
Taiga Aomine: checks 
shank72: bets $0.07
Taiga Aomine: calls $0.07
*** TURN *** [7s Jd Th] [7c]
Taiga Aomine: bets $0.06
shank72: calls $0.06
*** RIVER *** [7s Jd Th 7c] [Qh]
Taiga Aomine: checks 
shank72: checks 
*** SHOW DOWN ***
Taiga Aomine: shows [Kd Jc] (two pair, Jacks and Sevens)
shank72: mucks hand 
Taiga Aomine collected $0.37 from pot
*** SUMMARY ***
Total pot $0.38 | Rake $0.01 
Board [7s Jd Th 7c Qh]
Seat 1: Dorex2007 folded before Flop (didn't bet)
Seat 2: n2405n folded before Flop (didn't bet)
Seat 3: flyhalf99 folded before Flop (didn't bet)
Seat 4: shank72 (button) mucked [Kc Tc]
Seat 5: Taiga Aomine (small blind) showed [Kd Jc] and won ($0.37) with two pair, Jacks and Sevens
Seat 6: stockbridge8 (big blind) folded before Flop
Seat 7: Hejter1337 folded before Flop (didn't bet)
Seat 8: bloody55hawk folded before Flop (didn't bet)
Seat 9: KpaBa2406 folded before Flop (didn't bet)



PokerStars Hand #227970208399:  Hold'em No Limit ($0.01/$0.02 USD) - 2021/06/30 23:20:01 PT [2021/07/01 2:20:01 ET]
Table 'Thisbe IV' 9-max Seat #5 is the button
Seat 1: Dorex2007 ($1.95 in chips) 
Seat 2: n2405n ($4.51 in chips) 
Seat 3: flyhalf99 ($2.87 in chips) 
Seat 4: shank72 ($1.58 in chips) 
Seat 5: Taiga Aomine ($1.91 in chips) 
Seat 6: stockbridge8 ($1.98 in chips) 
Seat 7: Hejter1337 ($3.92 in chips) 
Seat 8: bloody55hawk ($0.80 in chips) 
stockbridge8: posts small blind $0.01
Hejter1337: posts big blind $0.02
*** HOLE CARDS ***
Dealt to Dorex2007 [7c 6d]
bloody55hawk: raises $0.04 to $0.06
Dorex2007: folds 
n2405n: folds 
flyhalf99: calls $0.06
shank72: folds 
Taiga Aomine: folds 
stockbridge8: folds 
Hejter1337: folds 
*** FLOP *** [8s 4s 4d]
bloody55hawk: bets $0.07
flyhalf99: calls $0.07
*** TURN *** [8s 4s 4d] [Td]
bloody55hawk: bets $0.02
flyhalf99: calls $0.02
*** RIVER *** [8s 4s 4d Td] [4c]
bloody55hawk: bets $0.02
flyhalf99: calls $0.02
*** SHOW DOWN ***
bloody55hawk: shows [3s 3h] (a full house, Fours full of Threes)
flyhalf99: mucks hand 
bloody55hawk collected $0.36 from pot
*** SUMMARY ***
Total pot $0.37 | Rake $0.01 
Board [8s 4s 4d Td 4c]
Seat 1: Dorex2007 folded before Flop (didn't bet)
Seat 2: n2405n folded before Flop (didn't bet)
Seat 3: flyhalf99 mucked [Kc Js]
Seat 4: shank72 folded before Flop (didn't bet)
Seat 5: Taiga Aomine (button) folded before Flop (didn't bet)
Seat 6: stockbridge8 (small blind) folded before Flop
Seat 7: Hejter1337 (big blind) folded before Flop
Seat 8: bloody55hawk showed [3s 3h] and won ($0.36) with a full house, Fours full of Threes



PokerStars Hand #227970212822:  Hold'em No Limit ($0.01/$0.02 USD) - 2021/06/30 23:20:36 PT [2021/07/01 2:20:36 ET]
Table 'Thisbe IV' 9-max Seat #6 is the button
Seat 1: Dorex2007 ($1.95 in chips) 
Seat 2: n2405n ($4.51 in chips) 
Seat 3: flyhalf99 ($2.70 in chips) 
Seat 4: shank72 ($1.58 in chips) 
Seat 5: Taiga Aomine ($1.91 in chips) 
Seat 6: stockbridge8 ($1.97 in chips) 
Seat 7: Hejter1337 ($3.90 in chips) 
Seat 8: bloody55hawk ($0.99 in chips) 
Hejter1337: posts small blind $0.01
bloody55hawk: posts big blind $0.02
*** HOLE CARDS ***
Dealt to Dorex2007 [2s Qd]
Dorex2007: folds 
n2405n: folds 
flyhalf99: calls $0.02
shank72: folds 
Taiga Aomine: folds 
stockbridge8: calls $0.02
Hejter1337: folds 
bloody55hawk: checks 
*** FLOP *** [8d Kd Ks]
bloody55hawk: checks 
flyhalf99: checks 
stockbridge8: checks 
*** TURN *** [8d Kd Ks] [9h]
bloody55hawk: checks 
flyhalf99: checks 
stockbridge8: checks 
*** RIVER *** [8d Kd Ks 9h] [Ac]
bloody55hawk: checks 
flyhalf99: checks 
stockbridge8: checks 
*** SHOW DOWN ***
bloody55hawk: shows [6s 5c] (a pair of Kings)
flyhalf99: shows [9s Jh] (two pair, Kings and Nines)
stockbridge8: shows [Th 9c] (two pair, Kings and Nines)
flyhalf99 collected $0.04 from pot
stockbridge8 collected $0.03 from pot
*** SUMMARY ***
Total pot $0.07 | Rake $0 
Board [8d Kd Ks 9h Ac]
Seat 1: Dorex2007 folded before Flop (didn't bet)
Seat 2: n2405n folded before Flop (didn't bet)
Seat 3: flyhalf99 showed [9s Jh] and won ($0.04) with two pair, Kings and Nines
Seat 4: shank72 folded before Flop (didn't bet)
Seat 5: Taiga Aomine folded before Flop (didn't bet)
Seat 6: stockbridge8 (button) showed [Th 9c] and won ($0.03) with two pair, Kings and Nines
Seat 7: Hejter1337 (small blind) folded before Flop
Seat 8: bloody55hawk (big blind) showed [6s 5c] and lost with a pair of Kings



PokerStars Hand #227970217401:  Hold'em No Limit ($0.01/$0.02 USD) - 2021/06/30 23:21:11 PT [2021/07/01 2:21:11 ET]
Table 'Thisbe IV' 9-max Seat #7 is the button
Seat 1: Dorex2007 ($1.95 in chips) 
Seat 2: n2405n ($4.51 in chips) 
Seat 3: flyhalf99 ($2.72 in chips) 
Seat 4: shank72 ($1.58 in chips) 
Seat 5: Taiga Aomine ($1.91 in chips) 
Seat 6: stockbridge8 ($1.98 in chips) 
Seat 7: Hejter1337 ($3.89 in chips) 
Seat 8: bloody55hawk ($0.97 in chips) 
bloody55hawk: posts small blind $0.01
Dorex2007: posts big blind $0.02
*** HOLE CARDS ***
Dealt to Dorex2007 [8s 7c]
n2405n: folds 
flyhalf99: raises $0.02 to $0.04
shank72: folds 
Taiga Aomine: calls $0.04
stockbridge8: folds 
Hejter1337: folds 
bloody55hawk: folds 
Dorex2007: folds 
*** FLOP *** [Qd 7h 6c]
flyhalf99: checks 
Taiga Aomine: checks 
*** TURN *** [Qd 7h 6c] [4d]
flyhalf99: bets $0.28
Taiga Aomine: folds 
Uncalled bet ($0.28) returned to flyhalf99
flyhalf99 collected $0.11 from pot
flyhalf99: doesn't show hand 
*** SUMMARY ***
Total pot $0.11 | Rake $0 
Board [Qd 7h 6c 4d]
Seat 1: Dorex2007 (big blind) folded before Flop
Seat 2: n2405n folded before Flop (didn't bet)
Seat 3: flyhalf99 collected ($0.11)
Seat 4: shank72 folded before Flop (didn't bet)
Seat 5: Taiga Aomine folded on the Turn
Seat 6: stockbridge8 folded before Flop (didn't bet)
Seat 7: Hejter1337 (button) folded before Flop (didn't bet)
Seat 8: bloody55hawk (small blind) folded before Flop



PokerStars Hand #227970222856:  Hold'em No Limit ($0.01/$0.02 USD) - 2021/06/30 23:21:53 PT [2021/07/01 2:21:53 ET]
Table 'Thisbe IV' 9-max Seat #8 is the button
Seat 1: Dorex2007 ($1.93 in chips) 
Seat 2: n2405n ($4.51 in chips) 
Seat 3: flyhalf99 ($2.79 in chips) 
Seat 4: shank72 ($1.58 in chips) 
Seat 5: Taiga Aomine ($1.87 in chips) 
Seat 6: stockbridge8 ($1.98 in chips) 
Seat 7: Hejter1337 ($3.89 in chips) 
Seat 8: bloody55hawk ($0.96 in chips) 
Dorex2007: posts small blind $0.01
n2405n: posts big blind $0.02
*** HOLE CARDS ***
Dealt to Dorex2007 [9c Ah]
flyhalf99: calls $0.02
shank72: folds 
Taiga Aomine: folds 
stockbridge8: folds 
Hejter1337: folds 
bloody55hawk: folds 
Dorex2007: folds 
n2405n: checks 
*** FLOP *** [Ks 5d Tc]
n2405n: checks 
flyhalf99: bets $0.06
n2405n: folds 
Uncalled bet ($0.06) returned to flyhalf99
flyhalf99 collected $0.05 from pot
flyhalf99: doesn't show hand 
*** SUMMARY ***
Total pot $0.05 | Rake $0 
Board [Ks 5d Tc]
Seat 1: Dorex2007 (small blind) folded before Flop
Seat 2: n2405n (big blind) folded on the Flop
Seat 3: flyhalf99 collected ($0.05)
Seat 4: shank72 folded before Flop (didn't bet)
Seat 5: Taiga Aomine folded before Flop (didn't bet)
Seat 6: stockbridge8 folded before Flop (didn't bet)
Seat 7: Hejter1337 folded before Flop (didn't bet)
Seat 8: bloody55hawk (button) folded before Flop (didn't bet)



PokerStars Hand #227970226595:  Hold'em No Limit ($0.01/$0.02 USD) - 2021/06/30 23:22:22 PT [2021/07/01 2:22:22 ET]
Table 'Thisbe IV' 9-max Seat #1 is the button
Seat 1: Dorex2007 ($1.92 in chips) 
Seat 2: n2405n ($4.49 in chips) 
Seat 3: flyhalf99 ($2.82 in chips) 
Seat 4: shank72 ($1.58 in chips) 
Seat 5: Taiga Aomine ($1.87 in chips) 
Seat 6: stockbridge8 ($1.98 in chips) 
Seat 7: Hejter1337 ($3.89 in chips) 
Seat 8: bloody55hawk ($0.96 in chips) 
n2405n: posts small blind $0.01
flyhalf99: posts big blind $0.02
*** HOLE CARDS ***
Dealt to Dorex2007 [Kc Ah]
shank72: calls $0.02
Taiga Aomine: calls $0.02
stockbridge8: calls $0.02
Hejter1337: folds 
bloody55hawk: folds 
Dorex2007: raises $0.04 to $0.06
n2405n: folds 
flyhalf99: calls $0.04
shank72: calls $0.04
Taiga Aomine: calls $0.04
stockbridge8: calls $0.04
*** FLOP *** [2c 7s Td]
flyhalf99: checks 
shank72: checks 
Taiga Aomine: checks 
stockbridge8: checks 
Dorex2007: checks 
*** TURN *** [2c 7s Td] [7d]
flyhalf99: checks 
shank72: checks 
Taiga Aomine: checks 
stockbridge8: checks 
Dorex2007: bets $0.04
flyhalf99: folds 
shank72: raises $0.06 to $0.10
Taiga Aomine: folds 
stockbridge8: folds 
Dorex2007: folds 
Uncalled bet ($0.06) returned to shank72
shank72 collected $0.38 from pot
shank72: doesn't show hand 
*** SUMMARY ***
Total pot $0.39 | Rake $0.01 
Board [2c 7s Td 7d]
Seat 1: Dorex2007 (button) folded on the Turn
Seat 2: n2405n (small blind) folded before Flop
Seat 3: flyhalf99 (big blind) folded on the Turn
Seat 4: shank72 collected ($0.38)
Seat 5: Taiga Aomine folded on the Turn
Seat 6: stockbridge8 folded on the Turn
Seat 7: Hejter1337 folded before Flop (didn't bet)
Seat 8: bloody55hawk folded before Flop (didn't bet)



PokerStars Hand #227970238304:  Hold'em No Limit ($0.01/$0.02 USD) - 2021/06/30 23:23:51 PT [2021/07/01 2:23:51 ET]
Table 'Thisbe IV' 9-max Seat #2 is the button
Seat 1: Dorex2007 ($1.82 in chips) 
Seat 2: n2405n ($4.48 in chips) 
Seat 3: flyhalf99 ($2.76 in chips) 
Seat 4: shank72 ($1.86 in chips) 
Seat 5: Taiga Aomine ($1.81 in chips) 
Seat 6: stockbridge8 ($1.92 in chips) 
Seat 7: Hejter1337 ($3.89 in chips) 
Seat 8: bloody55hawk ($0.96 in chips) 
flyhalf99: posts small blind $0.01
shank72: posts big blind $0.02
KpaBa2406: sits out 
*** HOLE CARDS ***
Dealt to Dorex2007 [7h Jd]
Taiga Aomine: folds 
stockbridge8: folds 
Hejter1337: folds 
bloody55hawk: raises $0.94 to $0.96 and is all-in
Dorex2007: folds 
n2405n: folds 
flyhalf99: folds 
shank72: folds 
Uncalled bet ($0.94) returned to bloody55hawk
bloody55hawk collected $0.05 from pot
bloody55hawk: doesn't show hand 
*** SUMMARY ***
Total pot $0.05 | Rake $0 
Seat 1: Dorex2007 folded before Flop (didn't bet)
Seat 2: n2405n (button) folded before Flop (didn't bet)
Seat 3: flyhalf99 (small blind) folded before Flop
Seat 4: shank72 (big blind) folded before Flop
Seat 5: Taiga Aomine folded before Flop (didn't bet)
Seat 6: stockbridge8 folded before Flop (didn't bet)
Seat 7: Hejter1337 folded before Flop (didn't bet)
Seat 8: bloody55hawk collected ($0.05)



PokerStars Hand #227970241142:  Hold'em No Limit ($0.01/$0.02 USD) - 2021/06/30 23:24:13 PT [2021/07/01 2:24:13 ET]
Table 'Thisbe IV' 9-max Seat #3 is the button
Seat 1: Dorex2007 ($1.82 in chips) 
Seat 2: n2405n ($4.48 in chips) 
Seat 3: flyhalf99 ($2.75 in chips) 
Seat 4: shank72 ($1.84 in chips) 
Seat 5: Taiga Aomine ($1.81 in chips) 
Seat 6: stockbridge8 ($1.92 in chips) 
Seat 7: Hejter1337 ($3.89 in chips) 
Seat 8: bloody55hawk ($0.99 in chips) 
shank72: posts small blind $0.01
Taiga Aomine: posts big blind $0.02
KpaBa2406: sits out 
*** HOLE CARDS ***
Dealt to Dorex2007 [8h 3h]
stockbridge8: folds 
Hejter1337: folds 
bloody55hawk: folds 
Dorex2007: folds 
n2405n: folds 
flyhalf99: raises $0.02 to $0.04
shank72: folds 
Taiga Aomine: raises $0.06 to $0.10
flyhalf99: raises $0.06 to $0.16
Taiga Aomine: raises $1.65 to $1.81 and is all-in
flyhalf99: calls $1.65
*** FLOP *** [2s Qh 9d]
*** TURN *** [2s Qh 9d] [Ad]
*** RIVER *** [2s Qh 9d Ad] [Jh]
*** SHOW DOWN ***
Taiga Aomine: shows [Ah Ac] (three of a kind, Aces)
flyhalf99: shows [Qc Tc] (a pair of Queens)
Taiga Aomine collected $3.50 from pot
flyhalf99 cashed out the hand for $0.65 | Cash Out Fee $0.01
*** SUMMARY ***
Total pot $3.63 | Rake $0.13 
Board [2s Qh 9d Ad Jh]
Seat 1: Dorex2007 folded before Flop (didn't bet)
Seat 2: n2405n folded before Flop (didn't bet)
Seat 3: flyhalf99 (button) showed [Qc Tc] and lost with a pair of Queens (cashed out).
Seat 4: shank72 (small blind) folded before Flop
Seat 5: Taiga Aomine (big blind) showed [Ah Ac] and won ($3.50) with three of a kind, Aces
Seat 6: stockbridge8 folded before Flop (didn't bet)
Seat 7: Hejter1337 folded before Flop (didn't bet)
Seat 8: bloody55hawk folded before Flop (didn't bet)



PokerStars Hand #227970247331:  Hold'em No Limit ($0.01/$0.02 USD) - 2021/06/30 23:25:01 PT [2021/07/01 2:25:01 ET]
Table 'Thisbe IV' 9-max Seat #4 is the button
Seat 1: Dorex2007 ($1.82 in chips) 
Seat 2: n2405n ($4.48 in chips) 
Seat 3: flyhalf99 ($1.59 in chips) 
Seat 4: shank72 ($1.83 in chips) 
Seat 5: Taiga Aomine ($3.50 in chips) 
Seat 6: stockbridge8 ($1.92 in chips) 
Seat 7: Hejter1337 ($3.89 in chips) 
Seat 8: bloody55hawk ($0.99 in chips) 
Taiga Aomine: posts small blind $0.01
stockbridge8: posts big blind $0.02
KpaBa2406: sits out 
*** HOLE CARDS ***
Dealt to Dorex2007 [Js 7c]
Hejter1337: folds 
bloody55hawk: folds 
Dorex2007: folds 
n2405n: folds 
flyhalf99: calls $0.02
shank72: raises $0.05 to $0.07
Taiga Aomine: folds 
stockbridge8: folds 
flyhalf99: calls $0.05
*** FLOP *** [Kc 6h Qc]
flyhalf99: checks 
shank72: checks 
*** TURN *** [Kc 6h Qc] [5d]
flyhalf99: checks 
shank72: checks 
*** RIVER *** [Kc 6h Qc 5d] [3s]
flyhalf99: checks 
shank72: checks 
*** SHOW DOWN ***
flyhalf99: shows [8h 9d] (high card King)
shank72: shows [Ah Jd] (high card Ace)
shank72 collected $0.16 from pot
*** SUMMARY ***
Total pot $0.17 | Rake $0.01 
Board [Kc 6h Qc 5d 3s]
Seat 1: Dorex2007 folded before Flop (didn't bet)
Seat 2: n2405n folded before Flop (didn't bet)
Seat 3: flyhalf99 showed [8h 9d] and lost with high card King
Seat 4: shank72 (button) showed [Ah Jd] and won ($0.16) with high card Ace
Seat 5: Taiga Aomine (small blind) folded before Flop
Seat 6: stockbridge8 (big blind) folded before Flop
Seat 7: Hejter1337 folded before Flop (didn't bet)
Seat 8: bloody55hawk folded before Flop (didn't bet)



PokerStars Hand #227970251513:  Hold'em No Limit ($0.01/$0.02 USD) - 2021/06/30 23:25:34 PT [2021/07/01 2:25:34 ET]
Table 'Thisbe IV' 9-max Seat #5 is the button
Seat 1: Dorex2007 ($1.82 in chips) 
Seat 2: n2405n ($4.48 in chips) 
Seat 3: flyhalf99 ($1.52 in chips) 
Seat 4: shank72 ($1.92 in chips) 
Seat 5: Taiga Aomine ($3.49 in chips) 
Seat 6: stockbridge8 ($1.90 in chips) 
Seat 7: Hejter1337 ($3.89 in chips) 
Seat 8: bloody55hawk ($0.99 in chips) 
stockbridge8: posts small blind $0.01
Hejter1337: posts big blind $0.02
KpaBa2406: sits out 
*** HOLE CARDS ***
Dealt to Dorex2007 [9s 6d]
bloody55hawk: folds 
Dorex2007: folds 
n2405n: folds 
bloody55hawk leaves the table
flyhalf99: folds 
shank72: folds 
Taiga Aomine: folds 
stockbridge8: raises $0.04 to $0.06
Hejter1337: folds 
Uncalled bet ($0.04) returned to stockbridge8
stockbridge8 collected $0.04 from pot
stockbridge8: doesn't show hand 
*** SUMMARY ***
Total pot $0.04 | Rake $0 
Seat 1: Dorex2007 folded before Flop (didn't bet)
Seat 2: n2405n folded before Flop (didn't bet)
Seat 3: flyhalf99 folded before Flop (didn't bet)
Seat 4: shank72 folded before Flop (didn't bet)
Seat 5: Taiga Aomine (button) folded before Flop (didn't bet)
Seat 6: stockbridge8 (small blind) collected ($0.04)
Seat 7: Hejter1337 (big blind) folded before Flop
Seat 8: bloody55hawk folded before Flop (didn't bet)



PokerStars Hand #227970253381:  Hold'em No Limit ($0.01/$0.02 USD) - 2021/06/30 23:25:48 PT [2021/07/01 2:25:48 ET]
Table 'Thisbe IV' 9-max Seat #6 is the button
Seat 1: Dorex2007 ($1.82 in chips) 
Seat 2: n2405n ($4.48 in chips) 
Seat 3: flyhalf99 ($1.52 in chips) 
Seat 4: shank72 ($1.92 in chips) 
Seat 5: Taiga Aomine ($3.49 in chips) 
Seat 6: stockbridge8 ($1.92 in chips) 
Seat 7: Hejter1337 ($3.87 in chips) 
Seat 9: KpaBa2406 ($2.12 in chips) 
Hejter1337: posts small blind $0.01
KpaBa2406: posts big blind $0.02
*** HOLE CARDS ***
Dealt to Dorex2007 [5d 8c]
Spuds777 joins the table at seat #8 
Dorex2007: folds 
n2405n: folds 
flyhalf99: calls $0.02
shank72: folds 
Taiga Aomine: raises $0.04 to $0.06
stockbridge8: folds 
Hejter1337: folds 
KpaBa2406: folds 
flyhalf99: calls $0.04
*** FLOP *** [6d Qd 6s]
flyhalf99: checks 
Taiga Aomine: checks 
*** TURN *** [6d Qd 6s] [8s]
flyhalf99: bets $0.17
Taiga Aomine: calls $0.17
*** RIVER *** [6d Qd 6s 8s] [Ts]
flyhalf99: bets $0.38
Taiga Aomine: calls $0.38
*** SHOW DOWN ***
flyhalf99: shows [9c 9d] (two pair, Nines and Sixes)
Taiga Aomine: shows [Td Qh] (two pair, Queens and Tens)
Taiga Aomine collected $1.21 from pot
*** SUMMARY ***
Total pot $1.25 | Rake $0.04 
Board [6d Qd 6s 8s Ts]
Seat 1: Dorex2007 folded before Flop (didn't bet)
Seat 2: n2405n folded before Flop (didn't bet)
Seat 3: flyhalf99 showed [9c 9d] and lost with two pair, Nines and Sixes
Seat 4: shank72 folded before Flop (didn't bet)
Seat 5: Taiga Aomine showed [Td Qh] and won ($1.21) with two pair, Queens and Tens
Seat 6: stockbridge8 (button) folded before Flop (didn't bet)
Seat 7: Hejter1337 (small blind) folded before Flop
Seat 9: KpaBa2406 (big blind) folded before Flop



PokerStars Hand #227970262128:  Hold'em No Limit ($0.01/$0.02 USD) - 2021/06/30 23:26:55 PT [2021/07/01 2:26:55 ET]
Table 'Thisbe IV' 9-max Seat #7 is the button
Seat 1: Dorex2007 ($1.82 in chips) 
Seat 2: n2405n ($4.48 in chips) 
Seat 3: flyhalf99 ($0.91 in chips) 
Seat 4: shank72 ($1.92 in chips) 
Seat 5: Taiga Aomine ($4.09 in chips) 
Seat 6: stockbridge8 ($1.92 in chips) 
Seat 7: Hejter1337 ($3.86 in chips) 
Seat 9: KpaBa2406 ($2.10 in chips) 
KpaBa2406: posts small blind $0.01
Dorex2007: posts big blind $0.02
*** HOLE CARDS ***
Dealt to Dorex2007 [Ts 5s]
n2405n: folds 
flyhalf99: calls $0.02
shank72: folds 
Taiga Aomine: folds 
stockbridge8: folds 
flyhalf99 said, "nh"
Hejter1337: raises $0.06 to $0.08
KpaBa2406: folds 
Dorex2007: folds 
flyhalf99: calls $0.06
*** FLOP *** [7c 8s Js]
flyhalf99: checks 
Hejter1337: bets $0.09
flyhalf99: calls $0.09
*** TURN *** [7c 8s Js] [Qd]
flyhalf99: checks 
Hejter1337: checks 
*** RIVER *** [7c 8s Js Qd] [Ah]
flyhalf99: checks 
Hejter1337: bets $0.20
flyhalf99: calls $0.20
*** SHOW DOWN ***
Hejter1337: shows [Ac 8c] (two pair, Aces and Eights)
flyhalf99: mucks hand 
Hejter1337 collected $0.74 from pot
*** SUMMARY ***
Total pot $0.77 | Rake $0.03 
Board [7c 8s Js Qd Ah]
Seat 1: Dorex2007 (big blind) folded before Flop
Seat 2: n2405n folded before Flop (didn't bet)
Seat 3: flyhalf99 mucked [Kh 7h]
Seat 4: shank72 folded before Flop (didn't bet)
Seat 5: Taiga Aomine folded before Flop (didn't bet)
Seat 6: stockbridge8 folded before Flop (didn't bet)
Seat 7: Hejter1337 (button) showed [Ac 8c] and won ($0.74) with two pair, Aces and Eights
Seat 9: KpaBa2406 (small blind) folded before Flop



PokerStars Hand #227970267472:  Hold'em No Limit ($0.01/$0.02 USD) - 2021/06/30 23:27:37 PT [2021/07/01 2:27:37 ET]
Table 'Thisbe IV' 9-max Seat #9 is the button
Seat 1: Dorex2007 ($1.80 in chips) 
Seat 2: n2405n ($4.48 in chips) 
Seat 3: flyhalf99 ($0.54 in chips) 
Seat 4: shank72 ($1.92 in chips) 
Seat 5: Taiga Aomine ($4.09 in chips) 
Seat 6: stockbridge8 ($1.92 in chips) 
Seat 7: Hejter1337 ($4.23 in chips) 
Seat 8: Spuds777 ($0.80 in chips) 
Seat 9: KpaBa2406 ($2.09 in chips) 
Dorex2007: posts small blind $0.01
n2405n: posts big blind $0.02
Spuds777: posts big blind $0.02
*** HOLE CARDS ***
Dealt to Dorex2007 [6h 8s]
flyhalf99: raises $0.02 to $0.04
shank72 is disconnected 
shank72 has timed out while disconnected
shank72: folds 
Taiga Aomine: folds 
Taiga Aomine leaves the table
stockbridge8: calls $0.04
Hejter1337: folds 
Haym69 joins the table at seat #5 
Spuds777: folds 
KpaBa2406: folds 
Dorex2007: folds 
n2405n: calls $0.02
*** FLOP *** [Ts 2c Qh]
n2405n: checks 
flyhalf99: checks 
stockbridge8: bets $0.10
n2405n: calls $0.10
flyhalf99: calls $0.10
*** TURN *** [Ts 2c Qh] [5h]
n2405n: bets $0.02
flyhalf99: calls $0.02
stockbridge8: calls $0.02
*** RIVER *** [Ts 2c Qh 5h] [Ad]
n2405n: checks 
flyhalf99: checks 
stockbridge8: checks 
*** SHOW DOWN ***
n2405n: shows [Jd 9s] (high card Ace)
flyhalf99: shows [9d Kc] (high card Ace - King kicker)
stockbridge8: shows [Qc Kh] (a pair of Queens)
stockbridge8 collected $0.49 from pot
*** SUMMARY ***
Total pot $0.51 | Rake $0.02 
Board [Ts 2c Qh 5h Ad]
Seat 1: Dorex2007 (small blind) folded before Flop
Seat 2: n2405n (big blind) showed [Jd 9s] and lost with high card Ace
Seat 3: flyhalf99 showed [9d Kc] and lost with high card Ace
Seat 4: shank72 folded before Flop (didn't bet)
Seat 5: Taiga Aomine folded before Flop (didn't bet)
Seat 6: stockbridge8 showed [Qc Kh] and won ($0.49) with a pair of Queens
Seat 7: Hejter1337 folded before Flop (didn't bet)
Seat 8: Spuds777 folded before Flop (didn't bet)
Seat 9: KpaBa2406 (button) folded before Flop (didn't bet)



PokerStars Hand #227970276492:  Hold'em No Limit ($0.01/$0.02 USD) - 2021/06/30 23:28:47 PT [2021/07/01 2:28:47 ET]
Table 'Thisbe IV' 9-max Seat #1 is the button
Seat 1: Dorex2007 ($2 in chips) 
Seat 2: n2405n ($4.32 in chips) 
Seat 3: flyhalf99 ($0.38 in chips) 
Seat 4: shank72 ($1.92 in chips) 
Seat 6: stockbridge8 ($2.25 in chips) 
Seat 7: Hejter1337 ($4.23 in chips) 
Seat 8: Spuds777 ($0.78 in chips) 
Seat 9: KpaBa2406 ($2.09 in chips) 
n2405n: posts small blind $0.01
flyhalf99: posts big blind $0.02
Haym69: sits out 
*** HOLE CARDS ***
Dealt to Dorex2007 [Kd Tc]
shank72: folds 
stockbridge8: folds 
Hejter1337: folds 
Spuds777: folds 
KpaBa2406: folds 
Dorex2007: raises $0.04 to $0.06
n2405n: calls $0.05
flyhalf99: calls $0.04
*** FLOP *** [4h 3s 6c]
n2405n: bets $0.02
flyhalf99: calls $0.02
Dorex2007: calls $0.02
*** TURN *** [4h 3s 6c] [5h]
n2405n: bets $0.02
flyhalf99: calls $0.02
Dorex2007: calls $0.02
*** RIVER *** [4h 3s 6c 5h] [6d]
n2405n: bets $0.02
flyhalf99: folds 
Dorex2007: folds 
Uncalled bet ($0.02) returned to n2405n
n2405n collected $0.29 from pot
n2405n: doesn't show hand 
*** SUMMARY ***
Total pot $0.30 | Rake $0.01 
Board [4h 3s 6c 5h 6d]
Seat 1: Dorex2007 (button) folded on the River
Seat 2: n2405n (small blind) collected ($0.29)
Seat 3: flyhalf99 (big blind) folded on the River
Seat 4: shank72 folded before Flop (didn't bet)
Seat 6: stockbridge8 folded before Flop (didn't bet)
Seat 7: Hejter1337 folded before Flop (didn't bet)
Seat 8: Spuds777 folded before Flop (didn't bet)
Seat 9: KpaBa2406 folded before Flop (didn't bet)



PokerStars Hand #227970283564:  Hold'em No Limit ($0.01/$0.02 USD) - 2021/06/30 23:29:43 PT [2021/07/01 2:29:43 ET]
Table 'Thisbe IV' 9-max Seat #2 is the button
Seat 1: Dorex2007 ($1.90 in chips) 
Seat 2: n2405n ($4.51 in chips) 
Seat 3: flyhalf99 ($0.28 in chips) 
Seat 4: shank72 ($1.92 in chips) 
Seat 6: stockbridge8 ($2.25 in chips) 
Seat 7: Hejter1337 ($4.23 in chips) 
Seat 8: Spuds777 ($0.78 in chips) 
Seat 9: KpaBa2406 ($2.09 in chips) 
flyhalf99: posts small blind $0.01
shank72: posts big blind $0.02
Haym69: sits out 
*** HOLE CARDS ***
Dealt to Dorex2007 [7c Td]
stockbridge8: folds 
Hejter1337: raises $0.04 to $0.06
Spuds777: folds 
KpaBa2406: folds 
Dorex2007: folds 
n2405n: folds 
flyhalf99: folds 
shank72: calls $0.04
*** FLOP *** [9c 3c 8h]
shank72: checks 
Hejter1337: checks 
*** TURN *** [9c 3c 8h] [6d]
shank72: checks 
Hejter1337: bets $0.07
shank72: folds 
Uncalled bet ($0.07) returned to Hejter1337
Hejter1337 collected $0.13 from pot
Hejter1337: doesn't show hand 
*** SUMMARY ***
Total pot $0.13 | Rake $0 
Board [9c 3c 8h 6d]
Seat 1: Dorex2007 folded before Flop (didn't bet)
Seat 2: n2405n (button) folded before Flop (didn't bet)
Seat 3: flyhalf99 (small blind) folded before Flop
Seat 4: shank72 (big blind) folded on the Turn
Seat 6: stockbridge8 folded before Flop (didn't bet)
Seat 7: Hejter1337 collected ($0.13)
Seat 8: Spuds777 folded before Flop (didn't bet)
Seat 9: KpaBa2406 folded before Flop (didn't bet)



PokerStars Hand #227970288280:  Hold'em No Limit ($0.01/$0.02 USD) - 2021/06/30 23:30:20 PT [2021/07/01 2:30:20 ET]
Table 'Thisbe IV' 9-max Seat #3 is the button
Seat 1: Dorex2007 ($1.90 in chips) 
Seat 2: n2405n ($4.51 in chips) 
Seat 3: flyhalf99 ($0.27 in chips) 
Seat 4: shank72 ($1.86 in chips) 
Seat 5: Haym69 ($2 in chips) 
Seat 6: stockbridge8 ($2.25 in chips) 
Seat 7: Hejter1337 ($4.30 in chips) 
Seat 8: Spuds777 ($0.78 in chips) 
Seat 9: KpaBa2406 ($2.09 in chips) 
shank72: posts small blind $0.01
Haym69: posts big blind $0.02
*** HOLE CARDS ***
Dealt to Dorex2007 [Ac Ts]
stockbridge8: folds 
Hejter1337: folds 
Spuds777: folds 
KpaBa2406: folds 
Dorex2007: raises $0.04 to $0.06
n2405n: folds 
shank72 is disconnected 
flyhalf99: calls $0.06
shank72 is connected 
shank72: folds 
Haym69: folds 
*** FLOP *** [Kc 7c Ks]
Dorex2007: checks 
flyhalf99: checks 
*** TURN *** [Kc 7c Ks] [As]
Dorex2007: checks 
flyhalf99: bets $0.07
Dorex2007: raises $0.07 to $0.14
flyhalf99: calls $0.07
*** RIVER *** [Kc 7c Ks As] [8s]
Dorex2007: bets $0.41
flyhalf99: calls $0.07 and is all-in
Uncalled bet ($0.34) returned to Dorex2007
*** SHOW DOWN ***
Dorex2007: shows [Ac Ts] (two pair, Aces and Kings)
flyhalf99: shows [2s 4s] (a flush, Ace high)
flyhalf99 collected $0.55 from pot
*** SUMMARY ***
Total pot $0.57 | Rake $0.02 
Board [Kc 7c Ks As 8s]
Seat 1: Dorex2007 showed [Ac Ts] and lost with two pair, Aces and Kings
Seat 2: n2405n folded before Flop (didn't bet)
Seat 3: flyhalf99 (button) showed [2s 4s] and won ($0.55) with a flush, Ace high
Seat 4: shank72 (small blind) folded before Flop
Seat 5: Haym69 (big blind) folded before Flop
Seat 6: stockbridge8 folded before Flop (didn't bet)
Seat 7: Hejter1337 folded before Flop (didn't bet)
Seat 8: Spuds777 folded before Flop (didn't bet)
Seat 9: KpaBa2406 folded before Flop (didn't bet)



PokerStars Hand #227970296076:  Hold'em No Limit ($0.01/$0.02 USD) - 2021/06/30 23:31:20 PT [2021/07/01 2:31:20 ET]
Table 'Thisbe IV' 9-max Seat #4 is the button
Seat 1: Dorex2007 ($2 in chips) 
Seat 2: n2405n ($4.51 in chips) 
Seat 3: flyhalf99 ($0.55 in chips) 
Seat 4: shank72 ($1.85 in chips) 
Seat 5: Haym69 ($2 in chips) 
Seat 6: stockbridge8 ($2.25 in chips) 
Seat 7: Hejter1337 ($4.30 in chips) 
Seat 8: Spuds777 ($0.78 in chips) 
Seat 9: KpaBa2406 ($2.09 in chips) 
Haym69: posts small blind $0.01
stockbridge8: posts big blind $0.02
*** HOLE CARDS ***
Dealt to Dorex2007 [5c 2s]
Hejter1337: folds 
Spuds777: calls $0.02
KpaBa2406: folds 
Dorex2007: folds 
n2405n: folds 
flyhalf99: calls $0.02
shank72: folds 
Haym69: folds 
stockbridge8: checks 
*** FLOP *** [2h 6s 6h]
stockbridge8: checks 
Spuds777: bets $0.04
flyhalf99: raises $0.49 to $0.53 and is all-in
stockbridge8: folds 
Spuds777: folds 
Uncalled bet ($0.49) returned to flyhalf99
flyhalf99 collected $0.14 from pot
flyhalf99: doesn't show hand 
*** SUMMARY ***
Total pot $0.15 | Rake $0.01 
Board [2h 6s 6h]
Seat 1: Dorex2007 folded before Flop (didn't bet)
Seat 2: n2405n folded before Flop (didn't bet)
Seat 3: flyhalf99 collected ($0.14)
Seat 4: shank72 (button) folded before Flop (didn't bet)
Seat 5: Haym69 (small blind) folded before Flop
Seat 6: stockbridge8 (big blind) folded on the Flop
Seat 7: Hejter1337 folded before Flop (didn't bet)
Seat 8: Spuds777 folded on the Flop
Seat 9: KpaBa2406 folded before Flop (didn't bet)



PokerStars Hand #227970302602:  Hold'em No Limit ($0.01/$0.02 USD) - 2021/06/30 23:32:11 PT [2021/07/01 2:32:11 ET]
Table 'Thisbe IV' 9-max Seat #5 is the button
Seat 1: Dorex2007 ($2 in chips) 
Seat 2: n2405n ($4.51 in chips) 
Seat 3: flyhalf99 ($0.63 in chips) 
Seat 4: shank72 ($1.85 in chips) 
Seat 5: Haym69 ($2 in chips) 
Seat 6: stockbridge8 ($2.23 in chips) 
Seat 7: Hejter1337 ($4.30 in chips) 
Seat 8: Spuds777 ($0.72 in chips) 
Seat 9: KpaBa2406 ($2.09 in chips) 
stockbridge8: posts small blind $0.01
Hejter1337: posts big blind $0.02
*** HOLE CARDS ***
Dealt to Dorex2007 [7c 3d]
Spuds777: folds 
KpaBa2406: folds 
Dorex2007: folds 
n2405n: folds 
flyhalf99: calls $0.02
shank72: folds 
Haym69: folds 
stockbridge8: calls $0.01
Hejter1337: checks 
*** FLOP *** [Th 9d 7h]
stockbridge8: checks 
Hejter1337: bets $0.03
flyhalf99: raises $0.03 to $0.06
stockbridge8: folds 
Hejter1337: calls $0.03
*** TURN *** [Th 9d 7h] [9s]
Hejter1337: checks 
flyhalf99: bets $0.24
Hejter1337: calls $0.24
*** RIVER *** [Th 9d 7h 9s] [As]
Hejter1337: checks 
flyhalf99: bets $0.31 and is all-in
Hejter1337: folds 
Uncalled bet ($0.31) returned to flyhalf99
flyhalf99 collected $0.64 from pot
flyhalf99: doesn't show hand 
*** SUMMARY ***
Total pot $0.66 | Rake $0.02 
Board [Th 9d 7h 9s As]
Seat 1: Dorex2007 folded before Flop (didn't bet)
Seat 2: n2405n folded before Flop (didn't bet)
Seat 3: flyhalf99 collected ($0.64)
Seat 4: shank72 folded before Flop (didn't bet)
Seat 5: Haym69 (button) folded before Flop (didn't bet)
Seat 6: stockbridge8 (small blind) folded on the Flop
Seat 7: Hejter1337 (big blind) folded on the River
Seat 8: Spuds777 folded before Flop (didn't bet)
Seat 9: KpaBa2406 folded before Flop (didn't bet)



PokerStars Hand #227970311495:  Hold'em No Limit ($0.01/$0.02 USD) - 2021/06/30 23:33:21 PT [2021/07/01 2:33:21 ET]
Table 'Thisbe IV' 9-max Seat #6 is the button
Seat 1: Dorex2007 ($2 in chips) 
Seat 2: n2405n ($4.51 in chips) 
Seat 3: flyhalf99 ($0.95 in chips) 
Seat 4: shank72 ($1.85 in chips) 
Seat 5: Haym69 ($2 in chips) 
Seat 6: stockbridge8 ($2.21 in chips) 
Seat 7: Hejter1337 ($3.98 in chips) 
Seat 8: Spuds777 ($0.72 in chips) 
Seat 9: KpaBa2406 ($2.09 in chips) 
Hejter1337: posts small blind $0.01
Spuds777: posts big blind $0.02
*** HOLE CARDS ***
Dealt to Dorex2007 [Ad 8s]
KpaBa2406: folds 
Dorex2007: folds 
n2405n: folds 
flyhalf99: raises $0.93 to $0.95 and is all-in
shank72: folds 
Haym69: folds 
stockbridge8: folds 
Hejter1337: folds 
Spuds777: folds 
Uncalled bet ($0.93) returned to flyhalf99
flyhalf99 collected $0.05 from pot
flyhalf99: doesn't show hand 
*** SUMMARY ***
Total pot $0.05 | Rake $0 
Seat 1: Dorex2007 folded before Flop (didn't bet)
Seat 2: n2405n folded before Flop (didn't bet)
Seat 3: flyhalf99 collected ($0.05)
Seat 4: shank72 folded before Flop (didn't bet)
Seat 5: Haym69 folded before Flop (didn't bet)
Seat 6: stockbridge8 (button) folded before Flop (didn't bet)
Seat 7: Hejter1337 (small blind) folded before Flop
Seat 8: Spuds777 (big blind) folded before Flop
Seat 9: KpaBa2406 folded before Flop (didn't bet)



PokerStars Hand #227970315034:  Hold'em No Limit ($0.01/$0.02 USD) - 2021/06/30 23:33:48 PT [2021/07/01 2:33:48 ET]
Table 'Thisbe IV' 9-max Seat #7 is the button
Seat 1: Dorex2007 ($2 in chips) 
Seat 2: n2405n ($4.51 in chips) 
Seat 3: flyhalf99 ($0.98 in chips) 
Seat 4: shank72 ($1.85 in chips) 
Seat 5: Haym69 ($2 in chips) 
Seat 6: stockbridge8 ($2.21 in chips) 
Seat 7: Hejter1337 ($3.97 in chips) 
Seat 8: Spuds777 ($0.70 in chips) 
Seat 9: KpaBa2406 ($2.09 in chips) 
Spuds777: posts small blind $0.01
KpaBa2406: posts big blind $0.02
*** HOLE CARDS ***
Dealt to Dorex2007 [Kd Ah]
Dorex2007: raises $0.04 to $0.06
n2405n: calls $0.06
flyhalf99: calls $0.06
shank72: folds 
Haym69: folds 
stockbridge8: folds 
Hejter1337: folds 
Spuds777: calls $0.05
KpaBa2406: folds 
*** FLOP *** [8s 8h As]
Spuds777: checks 
Dorex2007: bets $0.13
n2405n: raises $0.13 to $0.26
flyhalf99: folds 
Spuds777: raises $0.38 to $0.64 and is all-in
Dorex2007: calls $0.51
n2405n: folds 
*** TURN *** [8s 8h As] [8d]
*** RIVER *** [8s 8h As 8d] [5h]
*** SHOW DOWN ***
Spuds777: shows [Qd Ad] (a full house, Eights full of Aces)
Dorex2007: shows [Kd Ah] (a full house, Eights full of Aces)
Spuds777 collected $0.87 from pot
Dorex2007 collected $0.87 from pot
*** SUMMARY ***
Total pot $1.80 | Rake $0.06 
Board [8s 8h As 8d 5h]
Seat 1: Dorex2007 showed [Kd Ah] and won ($0.87) with a full house, Eights full of Aces
Seat 2: n2405n folded on the Flop
Seat 3: flyhalf99 folded on the Flop
Seat 4: shank72 folded before Flop (didn't bet)
Seat 5: Haym69 folded before Flop (didn't bet)
Seat 6: stockbridge8 folded before Flop (didn't bet)
Seat 7: Hejter1337 (button) folded before Flop (didn't bet)
Seat 8: Spuds777 (small blind) showed [Qd Ad] and won ($0.87) with a full house, Eights full of Aces
Seat 9: KpaBa2406 (big blind) folded before Flop



PokerStars Hand #227970327447:  Hold'em No Limit ($0.01/$0.02 USD) - 2021/06/30 23:35:22 PT [2021/07/01 2:35:22 ET]
Table 'Thisbe IV' 9-max Seat #8 is the button
Seat 1: Dorex2007 ($2.17 in chips) 
Seat 2: n2405n ($4.19 in chips) 
Seat 3: flyhalf99 ($0.92 in chips) 
Seat 4: shank72 ($1.85 in chips) 
Seat 5: Haym69 ($2 in chips) 
Seat 6: stockbridge8 ($2.21 in chips) 
Seat 7: Hejter1337 ($3.97 in chips) 
Seat 8: Spuds777 ($0.87 in chips) 
Seat 9: KpaBa2406 ($2.07 in chips) 
KpaBa2406: posts small blind $0.01
Dorex2007: posts big blind $0.02
*** HOLE CARDS ***
Dealt to Dorex2007 [Kh 4h]
n2405n: raises $0.02 to $0.04
flyhalf99: folds 
shank72: folds 
Haym69: folds 
stockbridge8: folds 
Hejter1337: folds 
Spuds777: folds 
KpaBa2406: folds 
Dorex2007: folds 
Uncalled bet ($0.02) returned to n2405n
n2405n collected $0.05 from pot
n2405n: doesn't show hand 
*** SUMMARY ***
Total pot $0.05 | Rake $0 
Seat 1: Dorex2007 (big blind) folded before Flop
Seat 2: n2405n collected ($0.05)
Seat 3: flyhalf99 folded before Flop (didn't bet)
Seat 4: shank72 folded before Flop (didn't bet)
Seat 5: Haym69 folded before Flop (didn't bet)
Seat 6: stockbridge8 folded before Flop (didn't bet)
Seat 7: Hejter1337 folded before Flop (didn't bet)
Seat 8: Spuds777 (button) folded before Flop (didn't bet)
Seat 9: KpaBa2406 (small blind) folded before Flop



PokerStars Hand #227970330574:  Hold'em No Limit ($0.01/$0.02 USD) - 2021/06/30 23:35:46 PT [2021/07/01 2:35:46 ET]
Table 'Thisbe IV' 9-max Seat #9 is the button
Seat 1: Dorex2007 ($2.15 in chips) 
Seat 2: n2405n ($4.22 in chips) 
Seat 3: flyhalf99 ($0.92 in chips) 
Seat 4: shank72 ($1.85 in chips) 
Seat 5: Haym69 ($2 in chips) 
Seat 6: stockbridge8 ($2.21 in chips) 
Seat 7: Hejter1337 ($3.97 in chips) 
Seat 8: Spuds777 ($0.87 in chips) 
Seat 9: KpaBa2406 ($2.06 in chips) 
Dorex2007: posts small blind $0.01
n2405n: posts big blind $0.02
*** HOLE CARDS ***
Dealt to Dorex2007 [Ks Ac]
flyhalf99: calls $0.02
shank72: folds 
Haym69: folds 
stockbridge8: folds 
Hejter1337: folds 
Spuds777: calls $0.02
KpaBa2406: folds 
Dorex2007: raises $0.04 to $0.06
n2405n: folds 
flyhalf99: calls $0.04
Spuds777: calls $0.04
*** FLOP *** [Qh 8h 4h]
Dorex2007: checks 
flyhalf99: checks 
Spuds777: checks 
*** TURN *** [Qh 8h 4h] [Jh]
Dorex2007: checks 
flyhalf99: checks 
Spuds777: bets $0.08
Dorex2007: folds 
flyhalf99: calls $0.08
*** RIVER *** [Qh 8h 4h Jh] [2c]
flyhalf99: checks 
Spuds777: checks 
*** SHOW DOWN ***
flyhalf99: shows [8s Kc] (a pair of Eights)
Spuds777: shows [Tc 9h] (a flush, Queen high)
Spuds777 collected $0.35 from pot
*** SUMMARY ***
Total pot $0.36 | Rake $0.01 
Board [Qh 8h 4h Jh 2c]
Seat 1: Dorex2007 (small blind) folded on the Turn
Seat 2: n2405n (big blind) folded before Flop
Seat 3: flyhalf99 showed [8s Kc] and lost with a pair of Eights
Seat 4: shank72 folded before Flop (didn't bet)
Seat 5: Haym69 folded before Flop (didn't bet)
Seat 6: stockbridge8 folded before Flop (didn't bet)
Seat 7: Hejter1337 folded before Flop (didn't bet)
Seat 8: Spuds777 showed [Tc 9h] and won ($0.35) with a flush, Queen high
Seat 9: KpaBa2406 (button) folded before Flop (didn't bet)



PokerStars Hand #227970342990:  Hold'em No Limit ($0.01/$0.02 USD) - 2021/06/30 23:37:21 PT [2021/07/01 2:37:21 ET]
Table 'Thisbe IV' 9-max Seat #1 is the button
Seat 1: Dorex2007 ($2.09 in chips) 
Seat 2: n2405n ($4.20 in chips) 
Seat 3: flyhalf99 ($0.78 in chips) 
Seat 4: shank72 ($1.85 in chips) 
Seat 5: Haym69 ($2 in chips) 
Seat 6: stockbridge8 ($2.21 in chips) 
Seat 7: Hejter1337 ($3.97 in chips) 
Seat 8: Spuds777 ($1.08 in chips) 
Seat 9: KpaBa2406 ($2.06 in chips) 
n2405n: posts small blind $0.01
flyhalf99: posts big blind $0.02
*** HOLE CARDS ***
Dealt to Dorex2007 [Kc Qh]
shank72: calls $0.02
Haym69: calls $0.02
stockbridge8: calls $0.02
Hejter1337: folds 
Spuds777: calls $0.02
KpaBa2406: folds 
Dorex2007: raises $0.08 to $0.10
n2405n: folds 
flyhalf99: calls $0.08
shank72: calls $0.08
Haym69: calls $0.08
stockbridge8: raises $0.08 to $0.18
Spuds777: folds 
Dorex2007: calls $0.08
flyhalf99: calls $0.08
shank72: calls $0.08
Haym69: calls $0.08
*** FLOP *** [3h 2d 6c]
flyhalf99: checks 
shank72: checks 
Haym69: checks 
stockbridge8: bets $0.50
Dorex2007: folds 
flyhalf99: raises $0.10 to $0.60 and is all-in
shank72: folds 
Haym69: calls $0.60
stockbridge8: calls $0.10
*** TURN *** [3h 2d 6c] [Td]
Haym69: checks 
stockbridge8: checks 
*** RIVER *** [3h 2d 6c Td] [Qd]
Haym69: bets $1.22 and is all-in
stockbridge8: folds 
Uncalled bet ($1.22) returned to Haym69
*** SHOW DOWN ***
Haym69: shows [6d 6h] (three of a kind, Sixes)
flyhalf99: shows [Ks 3d] (a pair of Threes)
Haym69 collected $2.63 from pot
*** SUMMARY ***
Total pot $2.73 | Rake $0.10 
Board [3h 2d 6c Td Qd]
Seat 1: Dorex2007 (button) folded on the Flop
Seat 2: n2405n (small blind) folded before Flop
Seat 3: flyhalf99 (big blind) showed [Ks 3d] and lost with a pair of Threes
Seat 4: shank72 folded on the Flop
Seat 5: Haym69 showed [6d 6h] and won ($2.63) with three of a kind, Sixes
Seat 6: stockbridge8 folded on the River
Seat 7: Hejter1337 folded before Flop (didn't bet)
Seat 8: Spuds777 folded before Flop
Seat 9: KpaBa2406 folded before Flop (didn't bet)



PokerStars Hand #227970359276:  Hold'em No Limit ($0.01/$0.02 USD) - 2021/06/30 23:39:27 PT [2021/07/01 2:39:27 ET]
Table 'Thisbe IV' 9-max Seat #2 is the button
Seat 1: Dorex2007 ($1.91 in chips) 
Seat 2: n2405n ($4.19 in chips) 
Seat 4: shank72 ($1.67 in chips) 
Seat 5: Haym69 ($3.85 in chips) 
Seat 6: stockbridge8 ($1.43 in chips) 
Seat 7: Hejter1337 ($3.97 in chips) 
Seat 8: Spuds777 ($1.06 in chips) 
Seat 9: KpaBa2406 ($2.06 in chips) 
shank72: posts small blind $0.01
Haym69: posts big blind $0.02
*** HOLE CARDS ***
Dealt to Dorex2007 [Jd 2d]
stockbridge8: raises $0.04 to $0.06
Hejter1337: folds 
Spuds777: folds 
KpaBa2406: calls $0.06
Dorex2007: folds 
n2405n: raises $0.21 to $0.27
shank72: folds 
Haym69: folds 
stockbridge8: calls $0.21
KpaBa2406: calls $0.21
*** FLOP *** [5d 3h 8h]
stockbridge8: bets $0.44
KpaBa2406: folds 
n2405n: raises $1.69 to $2.13
stockbridge8: calls $0.72 and is all-in
Uncalled bet ($0.97) returned to n2405n
*** TURN *** [5d 3h 8h] [9h]
*** RIVER *** [5d 3h 8h 9h] [4c]
*** SHOW DOWN ***
stockbridge8: shows [Tc Td] (a pair of Tens)
n2405n: shows [Js As] (high card Ace)
stockbridge8 cashed out the hand for $2.26 | Cash Out Fee $0.02
*** SUMMARY ***
Total pot $3.16 | Rake $0.11 
Board [5d 3h 8h 9h 4c]
Seat 1: Dorex2007 folded before Flop (didn't bet)
Seat 2: n2405n (button) showed [Js As] and lost with high card Ace
Seat 4: shank72 (small blind) folded before Flop
Seat 5: Haym69 (big blind) folded before Flop
Seat 6: stockbridge8 showed [Tc Td] and won ($3.05) with a pair of Tens (pot not awarded as player cashed out)
Seat 7: Hejter1337 folded before Flop (didn't bet)
Seat 8: Spuds777 folded before Flop (didn't bet)
Seat 9: KpaBa2406 folded on the Flop



PokerStars Hand #227970365951:  Hold'em No Limit ($0.01/$0.02 USD) - 2021/06/30 23:40:18 PT [2021/07/01 2:40:18 ET]
Table 'Thisbe IV' 9-max Seat #4 is the button
Seat 1: Dorex2007 ($1.91 in chips) 
Seat 2: n2405n ($2.76 in chips) 
Seat 3: flyhalf99 ($2 in chips) 
Seat 4: shank72 ($1.66 in chips) 
Seat 5: Haym69 ($3.83 in chips) 
Seat 6: stockbridge8 ($2.26 in chips) 
Seat 7: Hejter1337 ($3.97 in chips) 
Seat 8: Spuds777 ($1.06 in chips) 
Seat 9: KpaBa2406 ($2 in chips) 
Haym69: posts small blind $0.01
stockbridge8: posts big blind $0.02
flyhalf99: posts small blind $0.01
*** HOLE CARDS ***
Dealt to Dorex2007 [8s 6s]
Hejter1337: folds 
Spuds777: folds 
KpaBa2406: folds 
Dorex2007: folds 
n2405n: raises $0.08 to $0.10
flyhalf99: folds 
shank72: folds 
Haym69: folds 
stockbridge8: calls $0.08
*** FLOP *** [3h Th Tc]
stockbridge8: checks 
n2405n: bets $0.11
stockbridge8: folds 
Uncalled bet ($0.11) returned to n2405n
n2405n collected $0.21 from pot
n2405n: doesn't show hand 
*** SUMMARY ***
Total pot $0.22 | Rake $0.01 
Board [3h Th Tc]
Seat 1: Dorex2007 folded before Flop (didn't bet)
Seat 2: n2405n collected ($0.21)
Seat 3: flyhalf99 folded before Flop (didn't bet)
Seat 4: shank72 (button) folded before Flop (didn't bet)
Seat 5: Haym69 (small blind) folded before Flop
Seat 6: stockbridge8 (big blind) folded on the Flop
Seat 7: Hejter1337 folded before Flop (didn't bet)
Seat 8: Spuds777 folded before Flop (didn't bet)
Seat 9: KpaBa2406 folded before Flop (didn't bet)



PokerStars Hand #227970370681:  Hold'em No Limit ($0.01/$0.02 USD) - 2021/06/30 23:40:54 PT [2021/07/01 2:40:54 ET]
Table 'Thisbe IV' 9-max Seat #5 is the button
Seat 1: Dorex2007 ($1.91 in chips) 
Seat 2: n2405n ($2.87 in chips) 
Seat 3: flyhalf99 ($1.99 in chips) 
Seat 4: shank72 ($1.66 in chips) 
Seat 5: Haym69 ($3.82 in chips) 
Seat 6: stockbridge8 ($2.16 in chips) 
Seat 7: Hejter1337 ($3.97 in chips) 
Seat 8: Spuds777 ($1.06 in chips) 
Seat 9: KpaBa2406 ($2 in chips) 
stockbridge8: posts small blind $0.01
Hejter1337: posts big blind $0.02
*** HOLE CARDS ***
Dealt to Dorex2007 [Qs 2d]
Spuds777: folds 
KpaBa2406: folds 
Dorex2007: folds 
n2405n: raises $0.08 to $0.10
flyhalf99: calls $0.10
shank72: folds 
Haym69: calls $0.10
stockbridge8: folds 
Hejter1337: folds 
*** FLOP *** [2s Kh 6d]
n2405n: bets $0.02
flyhalf99: calls $0.02
Haym69: calls $0.02
*** TURN *** [2s Kh 6d] [8c]
n2405n: bets $0.02
flyhalf99: calls $0.02
Haym69: calls $0.02
*** RIVER *** [2s Kh 6d 8c] [4h]
n2405n: bets $0.43
flyhalf99: folds 
Haym69: folds 
Uncalled bet ($0.43) returned to n2405n
n2405n collected $0.43 from pot
n2405n: doesn't show hand 
*** SUMMARY ***
Total pot $0.45 | Rake $0.02 
Board [2s Kh 6d 8c 4h]
Seat 1: Dorex2007 folded before Flop (didn't bet)
Seat 2: n2405n collected ($0.43)
Seat 3: flyhalf99 folded on the River
Seat 4: shank72 folded before Flop (didn't bet)
Seat 5: Haym69 (button) folded on the River
Seat 6: stockbridge8 (small blind) folded before Flop
Seat 7: Hejter1337 (big blind) folded before Flop
Seat 8: Spuds777 folded before Flop (didn't bet)
Seat 9: KpaBa2406 folded before Flop (didn't bet)



PokerStars Hand #227970377651:  Hold'em No Limit ($0.01/$0.02 USD) - 2021/06/30 23:41:47 PT [2021/07/01 2:41:47 ET]
Table 'Thisbe IV' 9-max Seat #6 is the button
Seat 1: Dorex2007 ($1.91 in chips) 
Seat 2: n2405n ($3.16 in chips) 
Seat 3: flyhalf99 ($1.85 in chips) 
Seat 5: Haym69 ($3.68 in chips) 
Seat 6: stockbridge8 ($2.15 in chips) 
Seat 7: Hejter1337 ($3.95 in chips) 
Hejter1337: posts small blind $0.01
KpaBa2406: is sitting out 
Dorex2007: posts big blind $0.02
*** HOLE CARDS ***
Dealt to Dorex2007 [6d 5h]
KpaBa2406 leaves the table
n2405n: raises $0.02 to $0.04
flyhalf99: calls $0.04
Haym69: folds 
stockbridge8: folds 
Hejter1337: folds 
Dorex2007: calls $0.02
*** FLOP *** [8c 4s 9c]
Dorex2007: checks 
n2405n: bets $0.02
flyhalf99: raises $0.03 to $0.05
Dorex2007: calls $0.05
n2405n: raises $0.03 to $0.08
flyhalf99: calls $0.03
Dorex2007: calls $0.03
*** TURN *** [8c 4s 9c] [4h]
Dorex2007: checks 
n2405n: bets $0.18
flyhalf99: calls $0.18
Dorex2007: folds 
*** RIVER *** [8c 4s 9c 4h] [8h]
n2405n: bets $0.02
flyhalf99: calls $0.02
*** SHOW DOWN ***
n2405n: shows [Qc 9s] (two pair, Nines and Eights)
flyhalf99: shows [Kd 9h] (two pair, Nines and Eights - King kicker)
flyhalf99 collected $0.74 from pot
*** SUMMARY ***
Total pot $0.77 | Rake $0.03 
Board [8c 4s 9c 4h 8h]
Seat 1: Dorex2007 (big blind) folded on the Turn
Seat 2: n2405n showed [Qc 9s] and lost with two pair, Nines and Eights
Seat 3: flyhalf99 showed [Kd 9h] and won ($0.74) with two pair, Nines and Eights
Seat 5: Haym69 folded before Flop (didn't bet)
Seat 6: stockbridge8 (button) folded before Flop (didn't bet)
Seat 7: Hejter1337 (small blind) folded before Flop



PokerStars Hand #227970384239:  Hold'em No Limit ($0.01/$0.02 USD) - 2021/06/30 23:42:36 PT [2021/07/01 2:42:36 ET]
Table 'Thisbe IV' 9-max Seat #7 is the button
Seat 1: Dorex2007 ($2 in chips) 
Seat 2: n2405n ($2.84 in chips) 
Seat 3: flyhalf99 ($2.27 in chips) 
Seat 5: Haym69 ($3.68 in chips) 
Seat 6: stockbridge8 ($2.15 in chips) 
Seat 7: Hejter1337 ($3.94 in chips) 
Dorex2007: posts small blind $0.01
n2405n: posts big blind $0.02
*** HOLE CARDS ***
Dealt to Dorex2007 [Th Ks]
flyhalf99: calls $0.02
Haym69: folds 
stockbridge8: folds 
Hejter1337: folds 
Dorex2007: raises $0.04 to $0.06
Haym69 leaves the table
n2405n: raises $0.14 to $0.20
flyhalf99: calls $0.18
Dorex2007: folds 
*** FLOP *** [8h 5s Jh]
DAMAGER99 joins the table at seat #9 
n2405n: bets $0.22
flyhalf99: calls $0.22
*** TURN *** [8h 5s Jh] [Ad]
n2405n: bets $0.02
flyhalf99: calls $0.02
*** RIVER *** [8h 5s Jh Ad] [Kh]
n2405n: bets $0.02
flyhalf99: calls $0.02
*** SHOW DOWN ***
n2405n: shows [7c 8d] (a pair of Eights)
flyhalf99: shows [Jd 9c] (a pair of Jacks)
flyhalf99 collected $0.95 from pot
*** SUMMARY ***
Total pot $0.98 | Rake $0.03 
Board [8h 5s Jh Ad Kh]
Seat 1: Dorex2007 (small blind) folded before Flop
Seat 2: n2405n (big blind) showed [7c 8d] and lost with a pair of Eights
Seat 3: flyhalf99 showed [Jd 9c] and won ($0.95) with a pair of Jacks
Seat 5: Haym69 folded before Flop (didn't bet)
Seat 6: stockbridge8 folded before Flop (didn't bet)
Seat 7: Hejter1337 (button) folded before Flop (didn't bet)



