PokerStars Hand #232421523452:  Hold'em No Limit ($0.01/$0.02 USD) - 2021/12/22 0:02:25 PT [2021/12/22 3:02:25 ET]
Table 'Torrence' 9-max Seat #4 is the button
Seat 1: BR00RB ($1 in chips) 
Seat 2: Dorex2007 ($2 in chips) 
Seat 3: fartovii232323 ($1.12 in chips) 
Seat 4: Kela1373 ($2.04 in chips) 
Seat 5: *VM*727 ($2.73 in chips) 
Seat 6: vegitahere ($2.26 in chips) 
Seat 7: White&BlackStar ($1.45 in chips) 
Seat 8: FiremanSamo ($2 in chips) 
Seat 9: gektor77777 ($2.08 in chips) 
*VM*727: posts small blind $0.01
vegitahere: posts big blind $0.02
BR00RB: posts small & big blinds $0.03
Dorex2007: posts big blind $0.02
*** HOLE CARDS ***
Dealt to Dorex2007 [5d Jd]
White&BlackStar: calls $0.02
FiremanSamo: folds 
gektor77777: folds 
BR00RB: checks 
Dorex2007: checks 
fartovii232323: raises $0.14 to $0.16
Kela1373: folds 
*VM*727: folds 
vegitahere: folds 
White&BlackStar: calls $0.14
BR00RB: folds 
Dorex2007: folds 
*** FLOP *** [3c Ts 2s]
White&BlackStar: checks 
fartovii232323: bets $0.20
White&BlackStar: folds 
Uncalled bet ($0.20) returned to fartovii232323
fartovii232323 collected $0.39 from pot
*** SUMMARY ***
Total pot $0.40 | Rake $0.01 
Board [3c Ts 2s]
Seat 1: BR00RB folded before Flop (didn't bet)
Seat 2: Dorex2007 folded before Flop (didn't bet)
Seat 3: fartovii232323 collected ($0.39)
Seat 4: Kela1373 (button) folded before Flop (didn't bet)
Seat 5: *VM*727 (small blind) folded before Flop
Seat 6: vegitahere (big blind) folded before Flop
Seat 7: White&BlackStar folded on the Flop
Seat 8: FiremanSamo folded before Flop (didn't bet)
Seat 9: gektor77777 folded before Flop (didn't bet)



PokerStars Hand #232421529800:  Hold'em No Limit ($0.01/$0.02 USD) - 2021/12/22 0:03:08 PT [2021/12/22 3:03:08 ET]
Table 'Torrence' 9-max Seat #5 is the button
Seat 1: BR00RB ($0.97 in chips) 
Seat 2: Dorex2007 ($2 in chips) 
Seat 3: fartovii232323 ($1.35 in chips) 
Seat 4: Kela1373 ($2.04 in chips) 
Seat 5: *VM*727 ($2.72 in chips) 
Seat 6: vegitahere ($2.24 in chips) 
Seat 7: White&BlackStar ($1.29 in chips) 
Seat 8: FiremanSamo ($2 in chips) 
Seat 9: gektor77777 ($2.08 in chips) 
vegitahere: posts small blind $0.01
White&BlackStar: posts big blind $0.02
*** HOLE CARDS ***
Dealt to Dorex2007 [Ah 9d]
FiremanSamo: folds 
gektor77777: raises $0.04 to $0.06
BR00RB: folds 
Dorex2007: folds 
fartovii232323: folds 
Kela1373: folds 
*VM*727: folds 
vegitahere: folds 
White&BlackStar: folds 
Uncalled bet ($0.04) returned to gektor77777
gektor77777 collected $0.05 from pot
*** SUMMARY ***
Total pot $0.05 | Rake $0 
Seat 1: BR00RB folded before Flop (didn't bet)
Seat 2: Dorex2007 folded before Flop (didn't bet)
Seat 3: fartovii232323 folded before Flop (didn't bet)
Seat 4: Kela1373 folded before Flop (didn't bet)
Seat 5: *VM*727 (button) folded before Flop (didn't bet)
Seat 6: vegitahere (small blind) folded before Flop
Seat 7: White&BlackStar (big blind) folded before Flop
Seat 8: FiremanSamo folded before Flop (didn't bet)
Seat 9: gektor77777 collected ($0.05)



PokerStars Hand #232421533796:  Hold'em No Limit ($0.01/$0.02 USD) - 2021/12/22 0:03:35 PT [2021/12/22 3:03:35 ET]
Table 'Torrence' 9-max Seat #6 is the button
Seat 1: BR00RB ($0.97 in chips) 
Seat 2: Dorex2007 ($2 in chips) 
Seat 3: fartovii232323 ($1.35 in chips) 
Seat 4: Kela1373 ($2.04 in chips) 
Seat 5: *VM*727 ($2.72 in chips) 
Seat 6: vegitahere ($2.23 in chips) 
Seat 7: White&BlackStar ($1.27 in chips) 
Seat 8: FiremanSamo ($2 in chips) 
Seat 9: gektor77777 ($2.11 in chips) 
White&BlackStar: posts small blind $0.01
FiremanSamo: posts big blind $0.02
*** HOLE CARDS ***
Dealt to Dorex2007 [Ac Jc]
gektor77777: folds 
BR00RB: calls $0.02
Dorex2007: raises $0.02 to $0.04
fartovii232323: folds 
Kela1373: folds 
*VM*727: folds 
vegitahere: folds 
White&BlackStar: folds 
FiremanSamo: folds 
BR00RB: calls $0.02
*** FLOP *** [Th Qh 6h]
BR00RB: bets $0.05
Dorex2007: folds 
Uncalled bet ($0.05) returned to BR00RB
BR00RB collected $0.11 from pot
BR00RB: doesn't show hand 
*** SUMMARY ***
Total pot $0.11 | Rake $0 
Board [Th Qh 6h]
Seat 1: BR00RB collected ($0.11)
Seat 2: Dorex2007 folded on the Flop
Seat 3: fartovii232323 folded before Flop (didn't bet)
Seat 4: Kela1373 folded before Flop (didn't bet)
Seat 5: *VM*727 folded before Flop (didn't bet)
Seat 6: vegitahere (button) folded before Flop (didn't bet)
Seat 7: White&BlackStar (small blind) folded before Flop
Seat 8: FiremanSamo (big blind) folded before Flop
Seat 9: gektor77777 folded before Flop (didn't bet)



PokerStars Hand #232421541275:  Hold'em No Limit ($0.01/$0.02 USD) - 2021/12/22 0:04:24 PT [2021/12/22 3:04:24 ET]
Table 'Torrence' 9-max Seat #7 is the button
Seat 1: BR00RB ($1.04 in chips) 
Seat 2: Dorex2007 ($2 in chips) 
Seat 3: fartovii232323 ($1.35 in chips) 
Seat 4: Kela1373 ($2.04 in chips) 
Seat 5: *VM*727 ($2.72 in chips) 
Seat 6: vegitahere ($2.23 in chips) 
Seat 7: White&BlackStar ($1.26 in chips) 
Seat 8: FiremanSamo ($2 in chips) 
Seat 9: gektor77777 ($2.11 in chips) 
FiremanSamo: posts small blind $0.01
gektor77777: posts big blind $0.02
*** HOLE CARDS ***
Dealt to Dorex2007 [8h Ts]
BR00RB: calls $0.02
Dorex2007: folds 
fartovii232323 has timed out
fartovii232323: folds 
Kela1373: folds 
*VM*727: folds 
vegitahere: raises $0.02 to $0.04
White&BlackStar: folds 
FiremanSamo: folds 
gektor77777: folds 
BR00RB: calls $0.02
*** FLOP *** [8s 6d Jd]
BR00RB: checks 
vegitahere: checks 
*** TURN *** [8s 6d Jd] [Kh]
BR00RB: checks 
vegitahere: bets $0.02
BR00RB: folds 
Uncalled bet ($0.02) returned to vegitahere
vegitahere collected $0.11 from pot
vegitahere: doesn't show hand 
*** SUMMARY ***
Total pot $0.11 | Rake $0 
Board [8s 6d Jd Kh]
Seat 1: BR00RB folded on the Turn
Seat 2: Dorex2007 folded before Flop (didn't bet)
Seat 3: fartovii232323 folded before Flop (didn't bet)
Seat 4: Kela1373 folded before Flop (didn't bet)
Seat 5: *VM*727 folded before Flop (didn't bet)
Seat 6: vegitahere collected ($0.11)
Seat 7: White&BlackStar (button) folded before Flop (didn't bet)
Seat 8: FiremanSamo (small blind) folded before Flop
Seat 9: gektor77777 (big blind) folded before Flop



PokerStars Hand #232421551912:  Hold'em No Limit ($0.01/$0.02 USD) - 2021/12/22 0:05:34 PT [2021/12/22 3:05:34 ET]
Table 'Torrence' 9-max Seat #8 is the button
Seat 1: BR00RB ($1 in chips) 
Seat 2: Dorex2007 ($2 in chips) 
Seat 3: fartovii232323 ($1.35 in chips) 
Seat 4: Kela1373 ($2.04 in chips) 
Seat 5: *VM*727 ($2.72 in chips) 
Seat 6: vegitahere ($2.30 in chips) 
Seat 7: White&BlackStar ($1.26 in chips) 
Seat 8: FiremanSamo ($2 in chips) 
Seat 9: gektor77777 ($2.09 in chips) 
gektor77777: posts small blind $0.01
BR00RB: posts big blind $0.02
*** HOLE CARDS ***
Dealt to Dorex2007 [5s 6c]
Dorex2007: folds 
fartovii232323: raises $0.04 to $0.06
Kela1373: folds 
*VM*727: folds 
vegitahere: folds 
White&BlackStar: calls $0.06
FiremanSamo: folds 
gektor77777: folds 
BR00RB: calls $0.04
*** FLOP *** [Qc 2d Ts]
BR00RB: bets $0.02
fartovii232323: calls $0.02
White&BlackStar: calls $0.02
*** TURN *** [Qc 2d Ts] [Th]
BR00RB: bets $0.08
fartovii232323: folds 
White&BlackStar: calls $0.08
*** RIVER *** [Qc 2d Ts Th] [Tc]
BR00RB: bets $0.20
White&BlackStar: raises $0.40 to $0.60
gektor77777 leaves the table
BR00RB: raises $0.24 to $0.84 and is all-in
White&BlackStar: calls $0.24
*** SHOW DOWN ***
BR00RB: shows [Qs 7s] (a full house, Tens full of Queens)
White&BlackStar: shows [9d Td] (four of a kind, Tens)
White&BlackStar collected $2.02 from pot
*** SUMMARY ***
Total pot $2.09 | Rake $0.07 
Board [Qc 2d Ts Th Tc]
Seat 1: BR00RB (big blind) showed [Qs 7s] and lost with a full house, Tens full of Queens
Seat 2: Dorex2007 folded before Flop (didn't bet)
Seat 3: fartovii232323 folded on the Turn
Seat 4: Kela1373 folded before Flop (didn't bet)
Seat 5: *VM*727 folded before Flop (didn't bet)
Seat 6: vegitahere folded before Flop (didn't bet)
Seat 7: White&BlackStar showed [9d Td] and won ($2.02) with four of a kind, Tens
Seat 8: FiremanSamo (button) folded before Flop (didn't bet)
Seat 9: gektor77777 (small blind) folded before Flop



PokerStars Hand #232421569244:  Hold'em No Limit ($0.01/$0.02 USD) - 2021/12/22 0:07:16 PT [2021/12/22 3:07:16 ET]
Table 'Torrence' 9-max Seat #2 is the button
Seat 2: Dorex2007 ($2 in chips) 
Seat 3: fartovii232323 ($1.27 in chips) 
Seat 4: Kela1373 ($2.04 in chips) 
Seat 5: *VM*727 ($2.72 in chips) 
Seat 6: vegitahere ($2.30 in chips) 
Seat 7: White&BlackStar ($2.28 in chips) 
Seat 8: FiremanSamo ($2 in chips) 
fartovii232323: posts small blind $0.01
Kela1373: posts big blind $0.02
*** HOLE CARDS ***
Dealt to Dorex2007 [As Ac]
*VM*727: raises $0.02 to $0.04
Ksok007SSB joins the table at seat #9 
vegitahere: folds 
White&BlackStar: calls $0.04
FiremanSamo: folds 
Dorex2007: raises $0.08 to $0.12
fartovii232323: folds 
Ksok007SSB leaves the table
Kela1373: folds 
*VM*727: folds 
White&BlackStar: calls $0.08
*** FLOP *** [3d 6c 4d]
arianagray joins the table at seat #9 
White&BlackStar: checks 
Dorex2007: bets $0.30
White&BlackStar: folds 
Uncalled bet ($0.30) returned to Dorex2007
Dorex2007 collected $0.30 from pot
Dorex2007: doesn't show hand 
*** SUMMARY ***
Total pot $0.31 | Rake $0.01 
Board [3d 6c 4d]
Seat 2: Dorex2007 (button) collected ($0.30)
Seat 3: fartovii232323 (small blind) folded before Flop
Seat 4: Kela1373 (big blind) folded before Flop
Seat 5: *VM*727 folded before Flop
Seat 6: vegitahere folded before Flop (didn't bet)
Seat 7: White&BlackStar folded on the Flop
Seat 8: FiremanSamo folded before Flop (didn't bet)



PokerStars Hand #232421575056:  Hold'em No Limit ($0.01/$0.02 USD) - 2021/12/22 0:07:53 PT [2021/12/22 3:07:53 ET]
Table 'Torrence' 9-max Seat #3 is the button
Seat 2: Dorex2007 ($2.18 in chips) 
Seat 3: fartovii232323 ($1.26 in chips) 
Seat 4: Kela1373 ($2.02 in chips) 
Seat 5: *VM*727 ($2.68 in chips) 
Seat 7: White&BlackStar ($2.16 in chips) 
Seat 8: FiremanSamo ($2 in chips) 
Seat 9: arianagray ($0.80 in chips) 
Kela1373: posts small blind $0.01
*VM*727: posts big blind $0.02
arianagray: posts big blind $0.02
*** HOLE CARDS ***
Dealt to Dorex2007 [3c 5h]
White&BlackStar: folds 
FiremanSamo: folds 
vegitahere leaves the table
arianagray: checks 
Dorex2007: folds 
fartovii232323: folds 
Kela1373: calls $0.01
*VM*727: checks 
*** FLOP *** [9h Qh 8h]
Kela1373: checks 
*VM*727: checks 
arianagray: checks 
*** TURN *** [9h Qh 8h] [Qd]
Kela1373: checks 
*VM*727: checks 
arianagray: checks 
*** RIVER *** [9h Qh 8h Qd] [Ac]
Kela1373: checks 
*VM*727: checks 
arianagray: checks 
*** SHOW DOWN ***
Kela1373: shows [Kc 8d] (two pair, Queens and Eights)
*VM*727: mucks hand 
arianagray: mucks hand 
Kela1373 collected $0.06 from pot
*** SUMMARY ***
Total pot $0.06 | Rake $0 
Board [9h Qh 8h Qd Ac]
Seat 2: Dorex2007 folded before Flop (didn't bet)
Seat 3: fartovii232323 (button) folded before Flop (didn't bet)
Seat 4: Kela1373 (small blind) showed [Kc 8d] and won ($0.06) with two pair, Queens and Eights
Seat 5: *VM*727 (big blind) mucked [4h 2c]
Seat 7: White&BlackStar folded before Flop (didn't bet)
Seat 8: FiremanSamo folded before Flop (didn't bet)
Seat 9: arianagray mucked [7d Jh]



PokerStars Hand #232421580297:  Hold'em No Limit ($0.01/$0.02 USD) - 2021/12/22 0:08:28 PT [2021/12/22 3:08:28 ET]
Table 'Torrence' 9-max Seat #4 is the button
Seat 2: Dorex2007 ($2.18 in chips) 
Seat 3: fartovii232323 ($1.26 in chips) 
Seat 4: Kela1373 ($2.06 in chips) 
Seat 5: *VM*727 ($2.66 in chips) 
Seat 7: White&BlackStar ($2.16 in chips) 
Seat 8: FiremanSamo ($2 in chips) 
Seat 9: arianagray ($0.78 in chips) 
*VM*727: posts small blind $0.01
White&BlackStar: posts big blind $0.02
*** HOLE CARDS ***
Dealt to Dorex2007 [Ad 8s]
FiremanSamo: calls $0.02
arianagray: calls $0.02
Dorex2007: folds 
Nesky111 joins the table at seat #6 
fartovii232323: raises $0.16 to $0.18
Kela1373: folds 
*VM*727: folds 
White&BlackStar: folds 
FiremanSamo: folds 
arianagray: folds 
Uncalled bet ($0.16) returned to fartovii232323
fartovii232323 collected $0.09 from pot
*** SUMMARY ***
Total pot $0.09 | Rake $0 
Seat 2: Dorex2007 folded before Flop (didn't bet)
Seat 3: fartovii232323 collected ($0.09)
Seat 4: Kela1373 (button) folded before Flop (didn't bet)
Seat 5: *VM*727 (small blind) folded before Flop
Seat 7: White&BlackStar (big blind) folded before Flop
Seat 8: FiremanSamo folded before Flop
Seat 9: arianagray folded before Flop



PokerStars Hand #232421583477:  Hold'em No Limit ($0.01/$0.02 USD) - 2021/12/22 0:08:48 PT [2021/12/22 3:08:48 ET]
Table 'Torrence' 9-max Seat #5 is the button
Seat 2: Dorex2007 ($2.18 in chips) 
Seat 3: fartovii232323 ($1.33 in chips) 
Seat 4: Kela1373 ($2.06 in chips) 
Seat 5: *VM*727 ($2.65 in chips) 
Seat 7: White&BlackStar ($2.14 in chips) 
Seat 8: FiremanSamo ($2 in chips) 
Seat 9: arianagray ($0.76 in chips) 
White&BlackStar: posts small blind $0.01
FiremanSamo: posts big blind $0.02
*** HOLE CARDS ***
Dealt to Dorex2007 [4h As]
arianagray: folds 
Dorex2007: folds 
fartovii232323: raises $0.04 to $0.06
Kela1373: folds 
*VM*727: folds 
White&BlackStar: folds 
FiremanSamo: folds 
Uncalled bet ($0.04) returned to fartovii232323
fartovii232323 collected $0.05 from pot
*** SUMMARY ***
Total pot $0.05 | Rake $0 
Seat 2: Dorex2007 folded before Flop (didn't bet)
Seat 3: fartovii232323 collected ($0.05)
Seat 4: Kela1373 folded before Flop (didn't bet)
Seat 5: *VM*727 (button) folded before Flop (didn't bet)
Seat 7: White&BlackStar (small blind) folded before Flop
Seat 8: FiremanSamo (big blind) folded before Flop
Seat 9: arianagray folded before Flop (didn't bet)



PokerStars Hand #232421585411:  Hold'em No Limit ($0.01/$0.02 USD) - 2021/12/22 0:09:01 PT [2021/12/22 3:09:01 ET]
Table 'Torrence' 9-max Seat #7 is the button
Seat 2: Dorex2007 ($2.18 in chips) 
Seat 3: fartovii232323 ($1.36 in chips) 
Seat 4: Kela1373 ($2.06 in chips) 
Seat 5: *VM*727 ($2.65 in chips) 
Seat 6: Nesky111 ($2 in chips) 
Seat 7: White&BlackStar ($2.13 in chips) 
Seat 8: FiremanSamo ($2 in chips) 
Seat 9: arianagray ($0.76 in chips) 
FiremanSamo: posts small blind $0.01
arianagray: posts big blind $0.02
Nesky111: posts big blind $0.02
*** HOLE CARDS ***
Dealt to Dorex2007 [9d 8c]
Dorex2007: folds 
fartovii232323: folds 
Kela1373: folds 
*VM*727: folds 
Nesky111: checks 
White&BlackStar: folds 
FiremanSamo: folds 
arianagray: raises $0.06 to $0.08
Nesky111: folds 
Uncalled bet ($0.06) returned to arianagray
arianagray collected $0.05 from pot
*** SUMMARY ***
Total pot $0.05 | Rake $0 
Seat 2: Dorex2007 folded before Flop (didn't bet)
Seat 3: fartovii232323 folded before Flop (didn't bet)
Seat 4: Kela1373 folded before Flop (didn't bet)
Seat 5: *VM*727 folded before Flop (didn't bet)
Seat 6: Nesky111 folded before Flop (didn't bet)
Seat 7: White&BlackStar (button) folded before Flop (didn't bet)
Seat 8: FiremanSamo (small blind) folded before Flop
Seat 9: arianagray (big blind) collected ($0.05)



PokerStars Hand #232421588627:  Hold'em No Limit ($0.01/$0.02 USD) - 2021/12/22 0:09:21 PT [2021/12/22 3:09:21 ET]
Table 'Torrence' 9-max Seat #8 is the button
Seat 2: Dorex2007 ($2.18 in chips) 
Seat 3: fartovii232323 ($1.36 in chips) 
Seat 4: Kela1373 ($2.06 in chips) 
Seat 5: *VM*727 ($2.65 in chips) 
Seat 6: Nesky111 ($2 in chips) 
Seat 7: White&BlackStar ($2.13 in chips) 
Seat 8: FiremanSamo ($2 in chips) 
Seat 9: arianagray ($0.79 in chips) 
arianagray: posts small blind $0.01
Dorex2007: posts big blind $0.02
*** HOLE CARDS ***
Dealt to Dorex2007 [8s Jh]
fartovii232323: folds 
Kela1373: folds 
*VM*727: folds 
Nesky111: folds 
White&BlackStar: folds 
FiremanSamo: raises $0.04 to $0.06
arianagray: folds 
Dorex2007: folds 
Uncalled bet ($0.04) returned to FiremanSamo
FiremanSamo collected $0.05 from pot
FiremanSamo: doesn't show hand 
*** SUMMARY ***
Total pot $0.05 | Rake $0 
Seat 2: Dorex2007 (big blind) folded before Flop
Seat 3: fartovii232323 folded before Flop (didn't bet)
Seat 4: Kela1373 folded before Flop (didn't bet)
Seat 5: *VM*727 folded before Flop (didn't bet)
Seat 6: Nesky111 folded before Flop (didn't bet)
Seat 7: White&BlackStar folded before Flop (didn't bet)
Seat 8: FiremanSamo (button) collected ($0.05)
Seat 9: arianagray (small blind) folded before Flop



PokerStars Hand #232421591434:  Hold'em No Limit ($0.01/$0.02 USD) - 2021/12/22 0:09:40 PT [2021/12/22 3:09:40 ET]
Table 'Torrence' 9-max Seat #9 is the button
Seat 2: Dorex2007 ($2.16 in chips) 
Seat 3: fartovii232323 ($1.36 in chips) 
Seat 4: Kela1373 ($2.06 in chips) 
Seat 5: *VM*727 ($2.65 in chips) 
Seat 6: Nesky111 ($2 in chips) 
Seat 7: White&BlackStar ($2.13 in chips) 
Seat 8: FiremanSamo ($2.03 in chips) 
Seat 9: arianagray ($0.78 in chips) 
Dorex2007: posts small blind $0.01
fartovii232323: posts big blind $0.02
*** HOLE CARDS ***
Dealt to Dorex2007 [4h 4c]
Kela1373: folds 
*VM*727: folds 
Nesky111: folds 
White&BlackStar: raises $0.04 to $0.06
FiremanSamo: folds 
arianagray: folds 
Dorex2007: calls $0.05
fartovii232323: calls $0.04
*** FLOP *** [2d Ad 2c]
Dorex2007: checks 
fartovii232323: checks 
White&BlackStar: checks 
*** TURN *** [2d Ad 2c] [Qs]
Dorex2007: checks 
fartovii232323: bets $0.17
White&BlackStar: raises $0.17 to $0.34
Dorex2007: folds 
fartovii232323: raises $0.85 to $1.19
White&BlackStar: folds 
Uncalled bet ($0.85) returned to fartovii232323
fartovii232323 collected $0.83 from pot
*** SUMMARY ***
Total pot $0.86 | Rake $0.03 
Board [2d Ad 2c Qs]
Seat 2: Dorex2007 (small blind) folded on the Turn
Seat 3: fartovii232323 (big blind) collected ($0.83)
Seat 4: Kela1373 folded before Flop (didn't bet)
Seat 5: *VM*727 folded before Flop (didn't bet)
Seat 6: Nesky111 folded before Flop (didn't bet)
Seat 7: White&BlackStar folded on the Turn
Seat 8: FiremanSamo folded before Flop (didn't bet)
Seat 9: arianagray (button) folded before Flop (didn't bet)



PokerStars Hand #232421602893:  Hold'em No Limit ($0.01/$0.02 USD) - 2021/12/22 0:10:54 PT [2021/12/22 3:10:54 ET]
Table 'Torrence' 9-max Seat #2 is the button
Seat 2: Dorex2007 ($2.10 in chips) 
Seat 3: fartovii232323 ($1.79 in chips) 
Seat 4: Kela1373 ($2.06 in chips) 
Seat 5: *VM*727 ($2.65 in chips) 
Seat 6: Nesky111 ($2 in chips) 
Seat 7: White&BlackStar ($1.73 in chips) 
Seat 8: FiremanSamo ($2.03 in chips) 
Seat 9: arianagray ($0.78 in chips) 
fartovii232323: posts small blind $0.01
Kela1373: posts big blind $0.02
*** HOLE CARDS ***
Dealt to Dorex2007 [8s 5d]
*VM*727: folds 
Nesky111: folds 
White&BlackStar: folds 
FiremanSamo: folds 
arianagray: calls $0.02
Dorex2007: folds 
fartovii232323: calls $0.01
Kela1373: checks 
*** FLOP *** [2d 5c 3h]
fartovii232323: checks 
Kela1373: checks 
arianagray: checks 
*** TURN *** [2d 5c 3h] [As]
fartovii232323: checks 
Kela1373: checks 
arianagray: checks 
*** RIVER *** [2d 5c 3h As] [Td]
fartovii232323: checks 
Kela1373: checks 
arianagray: checks 
*** SHOW DOWN ***
fartovii232323: shows [4h 9h] (a straight, Ace to Five)
Kela1373: mucks hand 
arianagray: mucks hand 
fartovii232323 collected $0.06 from pot
*** SUMMARY ***
Total pot $0.06 | Rake $0 
Board [2d 5c 3h As Td]
Seat 2: Dorex2007 (button) folded before Flop (didn't bet)
Seat 3: fartovii232323 (small blind) showed [4h 9h] and won ($0.06) with a straight, Ace to Five
Seat 4: Kela1373 (big blind) mucked [Tc Ks]
Seat 5: *VM*727 folded before Flop (didn't bet)
Seat 6: Nesky111 folded before Flop (didn't bet)
Seat 7: White&BlackStar folded before Flop (didn't bet)
Seat 8: FiremanSamo folded before Flop (didn't bet)
Seat 9: arianagray mucked [Qs 9s]



PokerStars Hand #232421607940:  Hold'em No Limit ($0.01/$0.02 USD) - 2021/12/22 0:11:27 PT [2021/12/22 3:11:27 ET]
Table 'Torrence' 9-max Seat #3 is the button
Seat 1: BR00RB ($0.80 in chips) 
Seat 2: Dorex2007 ($2.10 in chips) 
Seat 3: fartovii232323 ($1.83 in chips) 
Seat 4: Kela1373 ($2.04 in chips) 
Seat 5: *VM*727 ($2.65 in chips) 
Seat 6: Nesky111 ($2 in chips) 
Seat 7: White&BlackStar ($1.73 in chips) 
Seat 8: FiremanSamo ($2.03 in chips) 
Seat 9: arianagray ($0.76 in chips) 
Kela1373: posts small blind $0.01
*VM*727: posts big blind $0.02
BR00RB: posts small & big blinds $0.03
*** HOLE CARDS ***
Dealt to Dorex2007 [8d 7s]
Nesky111: folds 
White&BlackStar: folds 
FiremanSamo: folds 
arianagray: folds 
BR00RB: raises $0.02 to $0.04
Dorex2007: folds 
fartovii232323: folds 
Kela1373: folds 
*VM*727: folds 
Uncalled bet ($0.02) returned to BR00RB
BR00RB collected $0.06 from pot
BR00RB: doesn't show hand 
*** SUMMARY ***
Total pot $0.06 | Rake $0 
Seat 1: BR00RB collected ($0.06)
Seat 2: Dorex2007 folded before Flop (didn't bet)
Seat 3: fartovii232323 (button) folded before Flop (didn't bet)
Seat 4: Kela1373 (small blind) folded before Flop
Seat 5: *VM*727 (big blind) folded before Flop
Seat 6: Nesky111 folded before Flop (didn't bet)
Seat 7: White&BlackStar folded before Flop (didn't bet)
Seat 8: FiremanSamo folded before Flop (didn't bet)
Seat 9: arianagray folded before Flop (didn't bet)



PokerStars Hand #232421610180:  Hold'em No Limit ($0.01/$0.02 USD) - 2021/12/22 0:11:41 PT [2021/12/22 3:11:41 ET]
Table 'Torrence' 9-max Seat #4 is the button
Seat 1: BR00RB ($0.83 in chips) 
Seat 2: Dorex2007 ($2.10 in chips) 
Seat 3: fartovii232323 ($1.83 in chips) 
Seat 4: Kela1373 ($2.03 in chips) 
Seat 5: *VM*727 ($2.63 in chips) 
Seat 6: Nesky111 ($2 in chips) 
Seat 7: White&BlackStar ($1.73 in chips) 
Seat 8: FiremanSamo ($2.03 in chips) 
Seat 9: arianagray ($0.76 in chips) 
*VM*727: posts small blind $0.01
Nesky111: posts big blind $0.02
*** HOLE CARDS ***
Dealt to Dorex2007 [Kh Ah]
White&BlackStar: folds 
FiremanSamo: folds 
arianagray: folds 
BR00RB: folds 
Dorex2007: raises $0.04 to $0.06
fartovii232323: calls $0.06
Kela1373: raises $0.04 to $0.10
*VM*727: folds 
Nesky111: calls $0.08
Dorex2007: calls $0.04
fartovii232323: calls $0.04
*** FLOP *** [8h 4d Js]
Nesky111: checks 
Dorex2007: checks 
fartovii232323: checks 
Kela1373: bets $0.06
Nesky111: calls $0.06
Dorex2007: folds 
fartovii232323: calls $0.06
*** TURN *** [8h 4d Js] [Kc]
Nesky111: checks 
fartovii232323: checks 
Kela1373: bets $0.30
Nesky111: folds 
fartovii232323: folds 
Uncalled bet ($0.30) returned to Kela1373
Kela1373 collected $0.57 from pot
Kela1373: doesn't show hand 
*** SUMMARY ***
Total pot $0.59 | Rake $0.02 
Board [8h 4d Js Kc]
Seat 1: BR00RB folded before Flop (didn't bet)
Seat 2: Dorex2007 folded on the Flop
Seat 3: fartovii232323 folded on the Turn
Seat 4: Kela1373 (button) collected ($0.57)
Seat 5: *VM*727 (small blind) folded before Flop
Seat 6: Nesky111 (big blind) folded on the Turn
Seat 7: White&BlackStar folded before Flop (didn't bet)
Seat 8: FiremanSamo folded before Flop (didn't bet)
Seat 9: arianagray folded before Flop (didn't bet)



PokerStars Hand #232421620976:  Hold'em No Limit ($0.01/$0.02 USD) - 2021/12/22 0:12:52 PT [2021/12/22 3:12:52 ET]
Table 'Torrence' 9-max Seat #5 is the button
Seat 1: BR00RB ($0.83 in chips) 
Seat 2: Dorex2007 ($2 in chips) 
Seat 3: fartovii232323 ($1.67 in chips) 
Seat 4: Kela1373 ($2.44 in chips) 
Seat 5: *VM*727 ($2.62 in chips) 
Seat 6: Nesky111 ($2 in chips) 
Seat 7: White&BlackStar ($1.73 in chips) 
Seat 8: FiremanSamo ($2.03 in chips) 
Seat 9: arianagray ($0.76 in chips) 
Nesky111: posts small blind $0.01
White&BlackStar: posts big blind $0.02
*** HOLE CARDS ***
Dealt to Dorex2007 [3d 4h]
FiremanSamo: folds 
arianagray: folds 
BR00RB: folds 
Dorex2007: folds 
fartovii232323: raises $0.04 to $0.06
Kela1373: folds 
*VM*727: folds 
Nesky111: folds 
White&BlackStar: folds 
Uncalled bet ($0.04) returned to fartovii232323
fartovii232323 collected $0.05 from pot
*** SUMMARY ***
Total pot $0.05 | Rake $0 
Seat 1: BR00RB folded before Flop (didn't bet)
Seat 2: Dorex2007 folded before Flop (didn't bet)
Seat 3: fartovii232323 collected ($0.05)
Seat 4: Kela1373 folded before Flop (didn't bet)
Seat 5: *VM*727 (button) folded before Flop (didn't bet)
Seat 6: Nesky111 (small blind) folded before Flop
Seat 7: White&BlackStar (big blind) folded before Flop
Seat 8: FiremanSamo folded before Flop (didn't bet)
Seat 9: arianagray folded before Flop (didn't bet)



PokerStars Hand #232421631947:  Hold'em No Limit ($0.01/$0.02 USD) - 2021/12/22 0:13:12 PT [2021/12/22 3:13:12 ET]
Table 'Torrence' 9-max Seat #6 is the button
Seat 1: BR00RB ($0.83 in chips) 
Seat 2: Dorex2007 ($2 in chips) 
Seat 3: fartovii232323 ($1.70 in chips) 
Seat 4: Kela1373 ($2.44 in chips) 
Seat 5: *VM*727 ($2.62 in chips) 
Seat 6: Nesky111 ($2 in chips) 
Seat 7: White&BlackStar ($1.71 in chips) 
Seat 8: FiremanSamo ($2.03 in chips) 
Seat 9: arianagray ($0.76 in chips) 
White&BlackStar: posts small blind $0.01
FiremanSamo: posts big blind $0.02
*** HOLE CARDS ***
Dealt to Dorex2007 [Ad Kd]
arianagray: folds 
BR00RB: folds 
Dorex2007: raises $0.04 to $0.06
fartovii232323: calls $0.06
Kela1373: folds 
*VM*727: folds 
Nesky111: folds 
White&BlackStar: calls $0.05
Nesky111 leaves the table
FiremanSamo: folds 
*** FLOP *** [3d 7s 5h]
White&BlackStar: bets $0.04
Dorex2007: calls $0.04
fartovii232323: raises $0.28 to $0.32
White&BlackStar: folds 
Dorex2007: folds 
Uncalled bet ($0.28) returned to fartovii232323
fartovii232323 collected $0.31 from pot
*** SUMMARY ***
Total pot $0.32 | Rake $0.01 
Board [3d 7s 5h]
Seat 1: BR00RB folded before Flop (didn't bet)
Seat 2: Dorex2007 folded on the Flop
Seat 3: fartovii232323 collected ($0.31)
Seat 4: Kela1373 folded before Flop (didn't bet)
Seat 5: *VM*727 folded before Flop (didn't bet)
Seat 6: Nesky111 (button) folded before Flop (didn't bet)
Seat 7: White&BlackStar (small blind) folded on the Flop
Seat 8: FiremanSamo (big blind) folded before Flop
Seat 9: arianagray folded before Flop (didn't bet)



PokerStars Hand #232421641905:  Hold'em No Limit ($0.01/$0.02 USD) - 2021/12/22 0:14:16 PT [2021/12/22 3:14:16 ET]
Table 'Torrence' 9-max Seat #7 is the button
Seat 1: BR00RB ($0.83 in chips) 
Seat 2: Dorex2007 ($2 in chips) 
Seat 3: fartovii232323 ($1.91 in chips) 
Seat 4: Kela1373 ($2.44 in chips) 
Seat 5: *VM*727 ($2.62 in chips) 
Seat 7: White&BlackStar ($1.61 in chips) 
Seat 8: FiremanSamo ($2.01 in chips) 
Seat 9: arianagray ($0.76 in chips) 
FiremanSamo: posts small blind $0.01
arianagray: posts big blind $0.02
*** HOLE CARDS ***
Dealt to Dorex2007 [4h 3h]
BR00RB: folds 
Dorex2007: folds 
fartovii232323: folds 
Kela1373: calls $0.02
*VM*727: folds 
White&BlackStar: folds 
FiremanSamo: folds 
arianagray: checks 
*** FLOP *** [8s Qs 6c]
arianagray: checks 
Kela1373: checks 
*** TURN *** [8s Qs 6c] [6d]
arianagray: checks 
Kela1373: checks 
*** RIVER *** [8s Qs 6c 6d] [9d]
arianagray: checks 
Kela1373: checks 
*** SHOW DOWN ***
arianagray: shows [2c Ts] (a pair of Sixes)
Kela1373: shows [7s 5s] (a straight, Five to Nine)
Kela1373 collected $0.05 from pot
*** SUMMARY ***
Total pot $0.05 | Rake $0 
Board [8s Qs 6c 6d 9d]
Seat 1: BR00RB folded before Flop (didn't bet)
Seat 2: Dorex2007 folded before Flop (didn't bet)
Seat 3: fartovii232323 folded before Flop (didn't bet)
Seat 4: Kela1373 showed [7s 5s] and won ($0.05) with a straight, Five to Nine
Seat 5: *VM*727 folded before Flop (didn't bet)
Seat 7: White&BlackStar (button) folded before Flop (didn't bet)
Seat 8: FiremanSamo (small blind) folded before Flop
Seat 9: arianagray (big blind) showed [2c Ts] and lost with a pair of Sixes



PokerStars Hand #232421646548:  Hold'em No Limit ($0.01/$0.02 USD) - 2021/12/22 0:14:47 PT [2021/12/22 3:14:47 ET]
Table 'Torrence' 9-max Seat #8 is the button
Seat 1: BR00RB ($0.83 in chips) 
Seat 2: Dorex2007 ($2 in chips) 
Seat 3: fartovii232323 ($1.91 in chips) 
Seat 4: Kela1373 ($2.47 in chips) 
Seat 5: *VM*727 ($2.62 in chips) 
Seat 7: White&BlackStar ($1.61 in chips) 
Seat 8: FiremanSamo ($2 in chips) 
Seat 9: arianagray ($0.74 in chips) 
arianagray: posts small blind $0.01
BR00RB: posts big blind $0.02
*** HOLE CARDS ***
Dealt to Dorex2007 [3h Js]
Dorex2007: folds 
fartovii232323: folds 
Kela1373: folds 
*VM*727: folds 
White&BlackStar: folds 
FiremanSamo: raises $0.04 to $0.06
arianagray: folds 
BR00RB: calls $0.04
*** FLOP *** [8s 2s 6s]
BR00RB: checks 
FiremanSamo: bets $0.13
BR00RB: folds 
Uncalled bet ($0.13) returned to FiremanSamo
FiremanSamo collected $0.13 from pot
FiremanSamo: doesn't show hand 
*** SUMMARY ***
Total pot $0.13 | Rake $0 
Board [8s 2s 6s]
Seat 1: BR00RB (big blind) folded on the Flop
Seat 2: Dorex2007 folded before Flop (didn't bet)
Seat 3: fartovii232323 folded before Flop (didn't bet)
Seat 4: Kela1373 folded before Flop (didn't bet)
Seat 5: *VM*727 folded before Flop (didn't bet)
Seat 7: White&BlackStar folded before Flop (didn't bet)
Seat 8: FiremanSamo (button) collected ($0.13)
Seat 9: arianagray (small blind) folded before Flop



PokerStars Hand #232421650308:  Hold'em No Limit ($0.01/$0.02 USD) - 2021/12/22 0:15:11 PT [2021/12/22 3:15:11 ET]
Table 'Torrence' 9-max Seat #9 is the button
Seat 1: BR00RB ($0.77 in chips) 
Seat 2: Dorex2007 ($2 in chips) 
Seat 3: fartovii232323 ($1.91 in chips) 
Seat 4: Kela1373 ($2.47 in chips) 
Seat 5: *VM*727 ($2.62 in chips) 
Seat 7: White&BlackStar ($1.61 in chips) 
Seat 8: FiremanSamo ($2.07 in chips) 
Seat 9: arianagray ($0.73 in chips) 
BR00RB: posts small blind $0.01
Dorex2007: posts big blind $0.02
*** HOLE CARDS ***
Dealt to Dorex2007 [2s Kc]
fartovii232323: raises $0.04 to $0.06
Kela1373: calls $0.06
*VM*727: folds 
White&BlackStar: folds 
FiremanSamo: folds 
arianagray: folds 
BR00RB: folds 
Dorex2007: folds 
*** FLOP *** [Qd Ks 3s]
fartovii232323: bets $0.07
Kela1373: folds 
Uncalled bet ($0.07) returned to fartovii232323
fartovii232323 collected $0.14 from pot
*** SUMMARY ***
Total pot $0.15 | Rake $0.01 
Board [Qd Ks 3s]
Seat 1: BR00RB (small blind) folded before Flop
Seat 2: Dorex2007 (big blind) folded before Flop
Seat 3: fartovii232323 collected ($0.14)
Seat 4: Kela1373 folded on the Flop
Seat 5: *VM*727 folded before Flop (didn't bet)
Seat 7: White&BlackStar folded before Flop (didn't bet)
Seat 8: FiremanSamo folded before Flop (didn't bet)
Seat 9: arianagray (button) folded before Flop (didn't bet)



PokerStars Hand #232421655162:  Hold'em No Limit ($0.01/$0.02 USD) - 2021/12/22 0:15:43 PT [2021/12/22 3:15:43 ET]
Table 'Torrence' 9-max Seat #1 is the button
Seat 1: BR00RB ($0.76 in chips) 
Seat 2: Dorex2007 ($2 in chips) 
Seat 3: fartovii232323 ($1.99 in chips) 
Seat 4: Kela1373 ($2.41 in chips) 
Seat 5: *VM*727 ($2.62 in chips) 
Seat 7: White&BlackStar ($1.61 in chips) 
Seat 8: FiremanSamo ($2.07 in chips) 
Seat 9: arianagray ($0.73 in chips) 
Dorex2007: posts small blind $0.01
fartovii232323: posts big blind $0.02
*** HOLE CARDS ***
Dealt to Dorex2007 [9h Jd]
Kela1373: folds 
*VM*727: folds 
White&BlackStar: folds 
FiremanSamo: folds 
arianagray: raises $0.04 to $0.06
BR00RB: folds 
Dorex2007: folds 
fartovii232323: folds 
Uncalled bet ($0.04) returned to arianagray
arianagray collected $0.05 from pot
*** SUMMARY ***
Total pot $0.05 | Rake $0 
Seat 1: BR00RB (button) folded before Flop (didn't bet)
Seat 2: Dorex2007 (small blind) folded before Flop
Seat 3: fartovii232323 (big blind) folded before Flop
Seat 4: Kela1373 folded before Flop (didn't bet)
Seat 5: *VM*727 folded before Flop (didn't bet)
Seat 7: White&BlackStar folded before Flop (didn't bet)
Seat 8: FiremanSamo folded before Flop (didn't bet)
Seat 9: arianagray collected ($0.05)



PokerStars Hand #232421657547:  Hold'em No Limit ($0.01/$0.02 USD) - 2021/12/22 0:15:59 PT [2021/12/22 3:15:59 ET]
Table 'Torrence' 9-max Seat #2 is the button
Seat 1: BR00RB ($0.76 in chips) 
Seat 2: Dorex2007 ($2 in chips) 
Seat 3: fartovii232323 ($1.97 in chips) 
Seat 4: Kela1373 ($2.41 in chips) 
Seat 5: *VM*727 ($2.62 in chips) 
Seat 7: White&BlackStar ($1.61 in chips) 
Seat 8: FiremanSamo ($2.07 in chips) 
Seat 9: arianagray ($0.76 in chips) 
fartovii232323: posts small blind $0.01
Kela1373: posts big blind $0.02
*** HOLE CARDS ***
Dealt to Dorex2007 [6d Qd]
*VM*727: folds 
White&BlackStar: calls $0.02
FiremanSamo: folds 
arianagray: folds 
BR00RB: folds 
Dorex2007: folds 
fartovii232323: calls $0.01
Kela1373: checks 
*** FLOP *** [8d Kh 7h]
fartovii232323: checks 
Kela1373: checks 
White&BlackStar: bets $0.03
fartovii232323: folds 
Kela1373: calls $0.03
*** TURN *** [8d Kh 7h] [9s]
Kela1373: checks 
White&BlackStar: bets $0.04
Kela1373: calls $0.04
*** RIVER *** [8d Kh 7h 9s] [6s]
Kela1373: bets $0.10
White&BlackStar: folds 
Uncalled bet ($0.10) returned to Kela1373
Kela1373 collected $0.19 from pot
Kela1373: doesn't show hand 
*** SUMMARY ***
Total pot $0.20 | Rake $0.01 
Board [8d Kh 7h 9s 6s]
Seat 1: BR00RB folded before Flop (didn't bet)
Seat 2: Dorex2007 (button) folded before Flop (didn't bet)
Seat 3: fartovii232323 (small blind) folded on the Flop
Seat 4: Kela1373 (big blind) collected ($0.19)
Seat 5: *VM*727 folded before Flop (didn't bet)
Seat 7: White&BlackStar folded on the River
Seat 8: FiremanSamo folded before Flop (didn't bet)
Seat 9: arianagray folded before Flop (didn't bet)



PokerStars Hand #232421665009:  Hold'em No Limit ($0.01/$0.02 USD) - 2021/12/22 0:16:46 PT [2021/12/22 3:16:46 ET]
Table 'Torrence' 9-max Seat #3 is the button
Seat 1: BR00RB ($0.76 in chips) 
Seat 2: Dorex2007 ($2 in chips) 
Seat 3: fartovii232323 ($1.95 in chips) 
Seat 4: Kela1373 ($2.51 in chips) 
Seat 5: *VM*727 ($2.62 in chips) 
Seat 7: White&BlackStar ($1.52 in chips) 
Seat 8: FiremanSamo ($2.07 in chips) 
Seat 9: arianagray ($0.76 in chips) 
Kela1373: posts small blind $0.01
*VM*727: posts big blind $0.02
*** HOLE CARDS ***
Dealt to Dorex2007 [Jh 8h]
White&BlackStar: folds 
FiremanSamo: folds 
arianagray: folds 
BR00RB: folds 
Dorex2007: folds 
fartovii232323: raises $0.04 to $0.06
Kela1373: folds 
*VM*727: folds 
Uncalled bet ($0.04) returned to fartovii232323
fartovii232323 collected $0.05 from pot
*** SUMMARY ***
Total pot $0.05 | Rake $0 
Seat 1: BR00RB folded before Flop (didn't bet)
Seat 2: Dorex2007 folded before Flop (didn't bet)
Seat 3: fartovii232323 (button) collected ($0.05)
Seat 4: Kela1373 (small blind) folded before Flop
Seat 5: *VM*727 (big blind) folded before Flop
Seat 7: White&BlackStar folded before Flop (didn't bet)
Seat 8: FiremanSamo folded before Flop (didn't bet)
Seat 9: arianagray folded before Flop (didn't bet)



PokerStars Hand #232421673649:  Hold'em No Limit ($0.01/$0.02 USD) - 2021/12/22 0:17:10 PT [2021/12/22 3:17:10 ET]
Table 'Torrence' 9-max Seat #4 is the button
Seat 1: BR00RB ($0.76 in chips) 
Seat 2: Dorex2007 ($2 in chips) 
Seat 3: fartovii232323 ($1.98 in chips) 
Seat 4: Kela1373 ($2.50 in chips) 
Seat 5: *VM*727 ($2.60 in chips) 
Seat 7: White&BlackStar ($1.52 in chips) 
Seat 8: FiremanSamo ($2.07 in chips) 
Seat 9: arianagray ($0.76 in chips) 
*VM*727: posts small blind $0.01
White&BlackStar: posts big blind $0.02
*** HOLE CARDS ***
Dealt to Dorex2007 [8s 4s]
FiremanSamo: folds 
arianagray: folds 
BR00RB: folds 
FiremanSamo leaves the table
Dorex2007: folds 
fartovii232323: folds 
Kela1373: folds 
*VM*727: raises $0.02 to $0.04
White&BlackStar: calls $0.02
*** FLOP *** [2s 5c Ks]
Gramenck joins the table at seat #6 
*VM*727: bets $0.04
White&BlackStar: calls $0.04
*** TURN *** [2s 5c Ks] [Jd]
*VM*727: bets $0.08
White&BlackStar: folds 
Uncalled bet ($0.08) returned to *VM*727
*VM*727 collected $0.15 from pot
*VM*727: doesn't show hand 
*** SUMMARY ***
Total pot $0.16 | Rake $0.01 
Board [2s 5c Ks Jd]
Seat 1: BR00RB folded before Flop (didn't bet)
Seat 2: Dorex2007 folded before Flop (didn't bet)
Seat 3: fartovii232323 folded before Flop (didn't bet)
Seat 4: Kela1373 (button) folded before Flop (didn't bet)
Seat 5: *VM*727 (small blind) collected ($0.15)
Seat 7: White&BlackStar (big blind) folded on the Turn
Seat 8: FiremanSamo folded before Flop (didn't bet)
Seat 9: arianagray folded before Flop (didn't bet)



PokerStars Hand #232421681288:  Hold'em No Limit ($0.01/$0.02 USD) - 2021/12/22 0:17:59 PT [2021/12/22 3:17:59 ET]
Table 'Torrence' 9-max Seat #5 is the button
Seat 1: BR00RB ($0.76 in chips) 
Seat 2: Dorex2007 ($2 in chips) 
Seat 3: fartovii232323 ($1.98 in chips) 
Seat 4: Kela1373 ($2.50 in chips) 
Seat 5: *VM*727 ($2.67 in chips) 
Seat 7: White&BlackStar ($1.44 in chips) 
Seat 9: arianagray ($0.76 in chips) 
White&BlackStar: posts small blind $0.01
arianagray: posts big blind $0.02
*** HOLE CARDS ***
Dealt to Dorex2007 [Th 6s]
BR00RB: folds 
Dorex2007: folds 
fartovii232323 has timed out
fartovii232323: folds 
Kela1373: folds 
*VM*727: folds 
White&BlackStar: folds 
Uncalled bet ($0.01) returned to arianagray
arianagray collected $0.02 from pot
*** SUMMARY ***
Total pot $0.02 | Rake $0 
Seat 1: BR00RB folded before Flop (didn't bet)
Seat 2: Dorex2007 folded before Flop (didn't bet)
Seat 3: fartovii232323 folded before Flop (didn't bet)
Seat 4: Kela1373 folded before Flop (didn't bet)
Seat 5: *VM*727 (button) folded before Flop (didn't bet)
Seat 7: White&BlackStar (small blind) folded before Flop
Seat 9: arianagray (big blind) collected ($0.02)



PokerStars Hand #232421684399:  Hold'em No Limit ($0.01/$0.02 USD) - 2021/12/22 0:18:19 PT [2021/12/22 3:18:19 ET]
Table 'Torrence' 9-max Seat #7 is the button
Seat 1: BR00RB ($0.76 in chips) 
Seat 2: Dorex2007 ($2 in chips) 
Seat 4: Kela1373 ($2.50 in chips) 
Seat 5: *VM*727 ($2.67 in chips) 
Seat 6: Gramenck ($2 in chips) 
Seat 7: White&BlackStar ($1.43 in chips) 
Seat 9: arianagray ($0.77 in chips) 
arianagray: posts small blind $0.01
BR00RB: posts big blind $0.02
Gramenck: posts big blind $0.02
*** HOLE CARDS ***
Dealt to Dorex2007 [6d Js]
abufirs joins the table at seat #8 
Dorex2007: folds 
Kela1373: folds 
*VM*727: folds 
Gramenck: checks 
White&BlackStar: folds 
arianagray: raises $0.06 to $0.08
BR00RB: folds 
Gramenck: calls $0.06
*** FLOP *** [5d 7d Td]
arianagray: checks 
Gramenck: bets $0.04
arianagray: folds 
Uncalled bet ($0.04) returned to Gramenck
Gramenck collected $0.17 from pot
Gramenck: doesn't show hand 
*** SUMMARY ***
Total pot $0.18 | Rake $0.01 
Board [5d 7d Td]
Seat 1: BR00RB (big blind) folded before Flop
Seat 2: Dorex2007 folded before Flop (didn't bet)
Seat 4: Kela1373 folded before Flop (didn't bet)
Seat 5: *VM*727 folded before Flop (didn't bet)
Seat 6: Gramenck collected ($0.17)
Seat 7: White&BlackStar (button) folded before Flop (didn't bet)
Seat 9: arianagray (small blind) folded on the Flop



PokerStars Hand #232421690380:  Hold'em No Limit ($0.01/$0.02 USD) - 2021/12/22 0:18:58 PT [2021/12/22 3:18:58 ET]
Table 'Torrence' 9-max Seat #9 is the button
Seat 1: BR00RB ($0.74 in chips) 
Seat 2: Dorex2007 ($2 in chips) 
Seat 3: fartovii232323 ($1.98 in chips) 
Seat 4: Kela1373 ($2.50 in chips) 
Seat 5: *VM*727 ($2.67 in chips) 
Seat 6: Gramenck ($2.09 in chips) 
Seat 7: White&BlackStar ($1.43 in chips) 
Seat 9: arianagray ($0.69 in chips) 
BR00RB: posts small blind $0.01
Dorex2007: posts big blind $0.02
abufirs: sits out 
*** HOLE CARDS ***
Dealt to Dorex2007 [Th 9d]
fartovii232323: folds 
Kela1373: folds 
*VM*727: folds 
Gramenck: calls $0.02
White&BlackStar: folds 
arianagray has timed out
arianagray: folds 
BR00RB: calls $0.01
Dorex2007: checks 
*** FLOP *** [9h Tc 4h]
BR00RB: checks 
Dorex2007: bets $0.12
Gramenck: raises $0.12 to $0.24
BR00RB: folds 
Dorex2007: calls $0.12
*** TURN *** [9h Tc 4h] [Kh]
Dorex2007: checks 
Gramenck: bets $0.26
Dorex2007: calls $0.26
*** RIVER *** [9h Tc 4h Kh] [5c]
Dorex2007: bets $0.51
Gramenck: raises $0.51 to $1.02
Dorex2007: calls $0.51
*** SHOW DOWN ***
Gramenck: shows [4d 4s] (three of a kind, Fours)
Dorex2007: mucks hand 
Gramenck collected $2.99 from pot
*** SUMMARY ***
Total pot $3.10 | Rake $0.11 
Board [9h Tc 4h Kh 5c]
Seat 1: BR00RB (small blind) folded on the Flop
Seat 2: Dorex2007 (big blind) mucked [Th 9d]
Seat 3: fartovii232323 folded before Flop (didn't bet)
Seat 4: Kela1373 folded before Flop (didn't bet)
Seat 5: *VM*727 folded before Flop (didn't bet)
Seat 6: Gramenck showed [4d 4s] and won ($2.99) with three of a kind, Fours
Seat 7: White&BlackStar folded before Flop (didn't bet)
Seat 9: arianagray (button) folded before Flop (didn't bet)



PokerStars Hand #232421704102:  Hold'em No Limit ($0.01/$0.02 USD) - 2021/12/22 0:20:27 PT [2021/12/22 3:20:27 ET]
Table 'Torrence' 9-max Seat #1 is the button
Seat 1: BR00RB ($0.72 in chips) 
Seat 2: Dorex2007 ($2 in chips) 
Seat 3: fartovii232323 ($1.98 in chips) 
Seat 4: Kela1373 ($2.50 in chips) 
Seat 5: *VM*727 ($2.67 in chips) 
Seat 6: Gramenck ($3.54 in chips) 
Seat 7: White&BlackStar ($1.43 in chips) 
Seat 8: abufirs ($2 in chips) 
Seat 9: arianagray ($0.69 in chips) 
Dorex2007: posts small blind $0.01
fartovii232323: posts big blind $0.02
abufirs: posts big blind $0.02
*** HOLE CARDS ***
Dealt to Dorex2007 [2s 9d]
Kela1373: raises $0.04 to $0.06
*VM*727: folds 
Gramenck: calls $0.06
White&BlackStar: folds 
*VM*727 leaves the table
abufirs: folds 
arianagray: calls $0.06
BR00RB: folds 
Dorex2007: folds 
fartovii232323: calls $0.04
*** FLOP *** [Ah 6h 7s]
fartovii232323: checks 
Kela1373: checks 
Gramenck: checks 
arianagray: bets $0.08
igor6316 joins the table at seat #5 
fartovii232323: folds 
Kela1373: calls $0.08
Gramenck: calls $0.08
*** TURN *** [Ah 6h 7s] [5c]
Kela1373: checks 
Gramenck: checks 
arianagray: bets $0.08
Kela1373: calls $0.08
Gramenck: raises $0.73 to $0.81
arianagray: calls $0.47 and is all-in
Kela1373: folds 
Uncalled bet ($0.26) returned to Gramenck
*** RIVER *** [Ah 6h 7s 5c] [Jd]
*** SHOW DOWN ***
Gramenck: shows [9c 8h] (a straight, Five to Nine)
arianagray: shows [Ad 7d] (two pair, Aces and Sevens)
Gramenck collected $1.63 from pot
arianagray cashed out the hand for $0.14
*** SUMMARY ***
Total pot $1.69 | Rake $0.06 
Board [Ah 6h 7s 5c Jd]
Seat 1: BR00RB (button) folded before Flop (didn't bet)
Seat 2: Dorex2007 (small blind) folded before Flop
Seat 3: fartovii232323 (big blind) folded on the Flop
Seat 4: Kela1373 folded on the Turn
Seat 5: *VM*727 folded before Flop (didn't bet)
Seat 6: Gramenck showed [9c 8h] and won ($1.63) with a straight, Five to Nine
Seat 7: White&BlackStar folded before Flop (didn't bet)
Seat 8: abufirs folded before Flop (didn't bet)
Seat 9: arianagray showed [Ad 7d] and lost with two pair, Aces and Sevens (cashed out).



PokerStars Hand #232421716753:  Hold'em No Limit ($0.01/$0.02 USD) - 2021/12/22 0:21:45 PT [2021/12/22 3:21:45 ET]
Table 'Torrence' 9-max Seat #2 is the button
Seat 1: BR00RB ($0.72 in chips) 
Seat 2: Dorex2007 ($2 in chips) 
Seat 3: fartovii232323 ($1.92 in chips) 
Seat 4: Kela1373 ($2.28 in chips) 
Seat 6: Gramenck ($4.48 in chips) 
Seat 7: White&BlackStar ($1.43 in chips) 
Seat 8: abufirs ($1.98 in chips) 
Seat 9: arianagray ($0.14 in chips) 
fartovii232323: posts small blind $0.01
Kela1373: posts big blind $0.02
igor6316: sits out 
*** HOLE CARDS ***
Dealt to Dorex2007 [Qd 3s]
Gramenck: folds 
White&BlackStar: folds 
abufirs: raises $0.06 to $0.08
arianagray: folds 
BR00RB: folds 
Dorex2007: folds 
fartovii232323: folds 
Kela1373: folds 
Uncalled bet ($0.06) returned to abufirs
abufirs collected $0.05 from pot
abufirs: doesn't show hand 
*** SUMMARY ***
Total pot $0.05 | Rake $0 
Seat 1: BR00RB folded before Flop (didn't bet)
Seat 2: Dorex2007 (button) folded before Flop (didn't bet)
Seat 3: fartovii232323 (small blind) folded before Flop
Seat 4: Kela1373 (big blind) folded before Flop
Seat 6: Gramenck folded before Flop (didn't bet)
Seat 7: White&BlackStar folded before Flop (didn't bet)
Seat 8: abufirs collected ($0.05)
Seat 9: arianagray folded before Flop (didn't bet)



PokerStars Hand #232421721300:  Hold'em No Limit ($0.01/$0.02 USD) - 2021/12/22 0:22:13 PT [2021/12/22 3:22:13 ET]
Table 'Torrence' 9-max Seat #3 is the button
Seat 1: BR00RB ($0.72 in chips) 
Seat 2: Dorex2007 ($2 in chips) 
Seat 3: fartovii232323 ($1.91 in chips) 
Seat 4: Kela1373 ($2.26 in chips) 
Seat 5: igor6316 ($0.80 in chips) 
Seat 6: Gramenck ($4.48 in chips) 
Seat 7: White&BlackStar ($1.43 in chips) 
Seat 8: abufirs ($2.01 in chips) 
Seat 9: arianagray ($0.14 in chips) 
Kela1373: posts small blind $0.01
igor6316: posts big blind $0.02
*** HOLE CARDS ***
Dealt to Dorex2007 [Ks 7s]
Gramenck has timed out
Gramenck: folds 
White&BlackStar: calls $0.02
abufirs: calls $0.02
arianagray: folds 
BR00RB: folds 
Dorex2007 has timed out
Dorex2007: folds 
fartovii232323: folds 
Kela1373: calls $0.01
igor6316: checks 
*** FLOP *** [Kh Qs Js]
Kela1373: bets $0.02
igor6316: folds 
White&BlackStar: calls $0.02
abufirs: calls $0.02
*** TURN *** [Kh Qs Js] [8s]
Kela1373: checks 
White&BlackStar: checks 
abufirs: bets $0.07
Kela1373: folds 
White&BlackStar: folds 
Uncalled bet ($0.07) returned to abufirs
abufirs collected $0.14 from pot
abufirs: doesn't show hand 
*** SUMMARY ***
Total pot $0.14 | Rake $0 
Board [Kh Qs Js 8s]
Seat 1: BR00RB folded before Flop (didn't bet)
Seat 2: Dorex2007 folded before Flop (didn't bet)
Seat 3: fartovii232323 (button) folded before Flop (didn't bet)
Seat 4: Kela1373 (small blind) folded on the Turn
Seat 5: igor6316 (big blind) folded on the Flop
Seat 6: Gramenck folded before Flop (didn't bet)
Seat 7: White&BlackStar folded on the Turn
Seat 8: abufirs collected ($0.14)
Seat 9: arianagray folded before Flop (didn't bet)



PokerStars Hand #232421735791:  Hold'em No Limit ($0.01/$0.02 USD) - 2021/12/22 0:23:45 PT [2021/12/22 3:23:45 ET]
Table 'Torrence' 9-max Seat #5 is the button
Seat 1: BR00RB ($0.72 in chips) 
Seat 2: Dorex2007 ($2 in chips) 
Seat 3: fartovii232323 ($1.91 in chips) 
Seat 4: Kela1373 ($2.22 in chips) 
Seat 5: igor6316 ($0.76 in chips) 
Seat 6: Gramenck ($4.50 in chips) 
Seat 7: White&BlackStar ($1.39 in chips) 
Seat 8: abufirs ($2.11 in chips) 
Seat 9: arianagray ($0.14 in chips) 
Gramenck: posts small blind $0.01
White&BlackStar: posts big blind $0.02
*** HOLE CARDS ***
Dealt to Dorex2007 [3s 9c]
abufirs: folds 
arianagray: folds 
BR00RB: folds 
Dorex2007: folds 
fartovii232323: folds 
Kela1373: folds 
igor6316: raises $0.04 to $0.06
Gramenck: calls $0.05
White&BlackStar: folds 
*** FLOP *** [3d Ts Jd]
Gramenck: checks 
igor6316: bets $0.08
Gramenck: calls $0.08
*** TURN *** [3d Ts Jd] [5c]
Gramenck: checks 
igor6316: checks 
*** RIVER *** [3d Ts Jd 5c] [2d]
Gramenck: checks 
igor6316: checks 
*** SHOW DOWN ***
Gramenck: shows [Th 6s] (a pair of Tens)
igor6316: mucks hand 
Gramenck collected $0.29 from pot
*** SUMMARY ***
Total pot $0.30 | Rake $0.01 
Board [3d Ts Jd 5c 2d]
Seat 1: BR00RB folded before Flop (didn't bet)
Seat 2: Dorex2007 folded before Flop (didn't bet)
Seat 3: fartovii232323 folded before Flop (didn't bet)
Seat 4: Kela1373 folded before Flop (didn't bet)
Seat 5: igor6316 (button) mucked [As Qh]
Seat 6: Gramenck (small blind) showed [Th 6s] and won ($0.29) with a pair of Tens
Seat 7: White&BlackStar (big blind) folded before Flop
Seat 8: abufirs folded before Flop (didn't bet)
Seat 9: arianagray folded before Flop (didn't bet)



PokerStars Hand #232421741177:  Hold'em No Limit ($0.01/$0.02 USD) - 2021/12/22 0:24:21 PT [2021/12/22 3:24:21 ET]
Table 'Torrence' 9-max Seat #6 is the button
Seat 1: BR00RB ($0.72 in chips) 
Seat 2: Dorex2007 ($2 in chips) 
Seat 3: fartovii232323 ($1.91 in chips) 
Seat 4: Kela1373 ($2.22 in chips) 
Seat 5: igor6316 ($0.62 in chips) 
Seat 6: Gramenck ($4.65 in chips) 
Seat 7: White&BlackStar ($1.37 in chips) 
Seat 8: abufirs ($2.11 in chips) 
Seat 9: arianagray ($0.14 in chips) 
White&BlackStar: posts small blind $0.01
abufirs: posts big blind $0.02
*** HOLE CARDS ***
Dealt to Dorex2007 [5d Kd]
arianagray: folds 
BR00RB: folds 
Dorex2007: folds 
fartovii232323: raises $0.04 to $0.06
Kela1373: folds 
igor6316: folds 
Gramenck: folds 
White&BlackStar: folds 
abufirs: folds 
Uncalled bet ($0.04) returned to fartovii232323
fartovii232323 collected $0.05 from pot
*** SUMMARY ***
Total pot $0.05 | Rake $0 
Seat 1: BR00RB folded before Flop (didn't bet)
Seat 2: Dorex2007 folded before Flop (didn't bet)
Seat 3: fartovii232323 collected ($0.05)
Seat 4: Kela1373 folded before Flop (didn't bet)
Seat 5: igor6316 folded before Flop (didn't bet)
Seat 6: Gramenck (button) folded before Flop (didn't bet)
Seat 7: White&BlackStar (small blind) folded before Flop
Seat 8: abufirs (big blind) folded before Flop
Seat 9: arianagray folded before Flop (didn't bet)



PokerStars Hand #232421744480:  Hold'em No Limit ($0.01/$0.02 USD) - 2021/12/22 0:24:42 PT [2021/12/22 3:24:42 ET]
Table 'Torrence' 9-max Seat #7 is the button
Seat 1: BR00RB ($0.72 in chips) 
Seat 2: Dorex2007 ($2 in chips) 
Seat 3: fartovii232323 ($1.94 in chips) 
Seat 4: Kela1373 ($2.22 in chips) 
Seat 5: igor6316 ($0.62 in chips) 
Seat 6: Gramenck ($4.65 in chips) 
Seat 7: White&BlackStar ($1.36 in chips) 
Seat 8: abufirs ($2.09 in chips) 
Seat 9: arianagray ($0.14 in chips) 
abufirs: posts small blind $0.01
arianagray: posts big blind $0.02
*** HOLE CARDS ***
Dealt to Dorex2007 [8c Jh]
BR00RB: calls $0.02
Dorex2007 has timed out
Dorex2007: folds 
fartovii232323: folds 
Kela1373: folds 
igor6316: folds 
Gramenck: calls $0.02
White&BlackStar: calls $0.02
abufirs: calls $0.01
arianagray: checks 
*** FLOP *** [9s 3s 9d]
abufirs: checks 
arianagray: checks 
BR00RB: checks 
Gramenck: checks 
White&BlackStar: checks 
*** TURN *** [9s 3s 9d] [2s]
abufirs: checks 
arianagray: checks 
BR00RB: checks 
Gramenck: checks 
White&BlackStar: checks 
*** RIVER *** [9s 3s 9d 2s] [Qh]
abufirs: checks 
arianagray: checks 
BR00RB: bets $0.05
Gramenck: raises $0.05 to $0.10
White&BlackStar: folds 
abufirs: folds 
arianagray: folds 
BR00RB: calls $0.05
*** SHOW DOWN ***
Gramenck: shows [Qc Kd] (two pair, Queens and Nines)
BR00RB: mucks hand 
Gramenck collected $0.29 from pot
*** SUMMARY ***
Total pot $0.30 | Rake $0.01 
Board [9s 3s 9d 2s Qh]
Seat 1: BR00RB mucked [Qd Tc]
Seat 2: Dorex2007 folded before Flop (didn't bet)
Seat 3: fartovii232323 folded before Flop (didn't bet)
Seat 4: Kela1373 folded before Flop (didn't bet)
Seat 5: igor6316 folded before Flop (didn't bet)
Seat 6: Gramenck showed [Qc Kd] and won ($0.29) with two pair, Queens and Nines
Seat 7: White&BlackStar (button) folded on the River
Seat 8: abufirs (small blind) folded on the River
Seat 9: arianagray (big blind) folded on the River



PokerStars Hand #232421757570:  Hold'em No Limit ($0.01/$0.02 USD) - 2021/12/22 0:26:05 PT [2021/12/22 3:26:05 ET]
Table 'Torrence' 9-max Seat #8 is the button
Seat 1: BR00RB ($0.60 in chips) 
Seat 2: Dorex2007 ($2 in chips) 
Seat 3: fartovii232323 ($1.94 in chips) 
Seat 4: Kela1373 ($2.22 in chips) 
Seat 5: igor6316 ($0.62 in chips) 
Seat 7: White&BlackStar ($1.34 in chips) 
Seat 8: abufirs ($2.07 in chips) 
Seat 9: arianagray ($0.12 in chips) 
arianagray: posts small blind $0.01
BR00RB: posts big blind $0.02
*** HOLE CARDS ***
Dealt to Dorex2007 [3d 2s]
Dorex2007: folds 
fartovii232323: folds 
Kela1373: folds 
igor6316: folds 
White&BlackStar: folds 
Gramenck leaves the table
abufirs: calls $0.02
arianagray: calls $0.01
BR00RB: checks 
*** FLOP *** [Tc Kc Th]
arianagray: checks 
BR00RB: checks 
abufirs: checks 
*** TURN *** [Tc Kc Th] [Ks]
arianagray: checks 
BR00RB: bets $0.02
abufirs: folds 
arianagray: folds 
Uncalled bet ($0.02) returned to BR00RB
BR00RB collected $0.06 from pot
BR00RB: doesn't show hand 
*** SUMMARY ***
Total pot $0.06 | Rake $0 
Board [Tc Kc Th Ks]
Seat 1: BR00RB (big blind) collected ($0.06)
Seat 2: Dorex2007 folded before Flop (didn't bet)
Seat 3: fartovii232323 folded before Flop (didn't bet)
Seat 4: Kela1373 folded before Flop (didn't bet)
Seat 5: igor6316 folded before Flop (didn't bet)
Seat 7: White&BlackStar folded before Flop (didn't bet)
Seat 8: abufirs (button) folded on the Turn
Seat 9: arianagray (small blind) folded on the Turn



PokerStars Hand #232421766789:  Hold'em No Limit ($0.01/$0.02 USD) - 2021/12/22 0:27:04 PT [2021/12/22 3:27:04 ET]
Table 'Torrence' 9-max Seat #9 is the button
Seat 1: BR00RB ($0.64 in chips) 
Seat 2: Dorex2007 ($2 in chips) 
Seat 3: fartovii232323 ($1.94 in chips) 
Seat 4: Kela1373 ($2.22 in chips) 
Seat 5: igor6316 ($0.62 in chips) 
Seat 7: White&BlackStar ($1.34 in chips) 
Seat 8: abufirs ($2.05 in chips) 
Seat 9: arianagray ($0.10 in chips) 
BR00RB: posts small blind $0.01
Dorex2007: posts big blind $0.02
*** HOLE CARDS ***
Dealt to Dorex2007 [Kd As]
fartovii232323: folds 
Kela1373: folds 
igor6316: folds 
White&BlackStar: folds 
abufirs: raises $0.04 to $0.06
arianagray: folds 
BR00RB: calls $0.05
Artur16228 joins the table at seat #6 
Dorex2007: calls $0.04
*** FLOP *** [8d Js 7s]
BR00RB: checks 
Dorex2007: checks 
abufirs: checks 
*** TURN *** [8d Js 7s] [Qs]
BR00RB: checks 
Dorex2007: bets $0.11
abufirs: raises $0.20 to $0.31
BR00RB: folds 
Dorex2007: calls $0.20
*** RIVER *** [8d Js 7s Qs] [6c]
Dorex2007: bets $0.39
abufirs: calls $0.39
*** SHOW DOWN ***
Dorex2007: shows [Kd As] (high card Ace)
abufirs: shows [7h 7d] (three of a kind, Sevens)
abufirs collected $1.52 from pot
*** SUMMARY ***
Total pot $1.58 | Rake $0.06 
Board [8d Js 7s Qs 6c]
Seat 1: BR00RB (small blind) folded on the Turn
Seat 2: Dorex2007 (big blind) showed [Kd As] and lost with high card Ace
Seat 3: fartovii232323 folded before Flop (didn't bet)
Seat 4: Kela1373 folded before Flop (didn't bet)
Seat 5: igor6316 folded before Flop (didn't bet)
Seat 7: White&BlackStar folded before Flop (didn't bet)
Seat 8: abufirs showed [7h 7d] and won ($1.52) with three of a kind, Sevens
Seat 9: arianagray (button) folded before Flop (didn't bet)



PokerStars Hand #232421786366:  Hold'em No Limit ($0.01/$0.02 USD) - 2021/12/22 0:28:16 PT [2021/12/22 3:28:16 ET]
Table 'Torrence' 9-max Seat #1 is the button
Seat 1: BR00RB ($0.58 in chips) 
Seat 2: Dorex2007 ($2 in chips) 
Seat 3: fartovii232323 ($1.94 in chips) 
Seat 4: Kela1373 ($2.22 in chips) 
Seat 5: igor6316 ($0.62 in chips) 
Seat 7: White&BlackStar ($1.34 in chips) 
Seat 8: abufirs ($2.81 in chips) 
Seat 9: arianagray ($0.10 in chips) 
Dorex2007: posts small blind $0.01
fartovii232323: posts big blind $0.02
Artur16228: sits out 
*** HOLE CARDS ***
Dealt to Dorex2007 [7s 5s]
Kela1373: folds 
igor6316: folds 
White&BlackStar: calls $0.02
abufirs: folds 
arianagray: folds 
BR00RB: folds 
Dorex2007: calls $0.01
fartovii232323: checks 
*** FLOP *** [4d 5d 3h]
Dorex2007: checks 
fartovii232323: checks 
White&BlackStar: checks 
*** TURN *** [4d 5d 3h] [4c]
Dorex2007: checks 
fartovii232323: bets $0.03
White&BlackStar: calls $0.03
Dorex2007: calls $0.03
*** RIVER *** [4d 5d 3h 4c] [2d]
Dorex2007: checks 
fartovii232323: bets $0.14
White&BlackStar: folds 
Dorex2007: folds 
Uncalled bet ($0.14) returned to fartovii232323
fartovii232323 collected $0.14 from pot
*** SUMMARY ***
Total pot $0.15 | Rake $0.01 
Board [4d 5d 3h 4c 2d]
Seat 1: BR00RB (button) folded before Flop (didn't bet)
Seat 2: Dorex2007 (small blind) folded on the River
Seat 3: fartovii232323 (big blind) collected ($0.14)
Seat 4: Kela1373 folded before Flop (didn't bet)
Seat 5: igor6316 folded before Flop (didn't bet)
Seat 7: White&BlackStar folded on the River
Seat 8: abufirs folded before Flop (didn't bet)
Seat 9: arianagray folded before Flop (didn't bet)



PokerStars Hand #232421797072:  Hold'em No Limit ($0.01/$0.02 USD) - 2021/12/22 0:29:23 PT [2021/12/22 3:29:23 ET]
Table 'Torrence' 9-max Seat #2 is the button
Seat 1: BR00RB ($0.58 in chips) 
Seat 2: Dorex2007 ($2 in chips) 
Seat 3: fartovii232323 ($2.03 in chips) 
Seat 4: Kela1373 ($2.22 in chips) 
Seat 5: igor6316 ($0.62 in chips) 
Seat 7: White&BlackStar ($1.29 in chips) 
Seat 8: abufirs ($2.81 in chips) 
Seat 9: arianagray ($0.10 in chips) 
fartovii232323: posts small blind $0.01
Kela1373: posts big blind $0.02
Artur16228: sits out 
*** HOLE CARDS ***
Dealt to Dorex2007 [8s Kh]
igor6316: folds 
White&BlackStar: calls $0.02
abufirs is disconnected 
abufirs has timed out while disconnected
abufirs: folds 
arianagray: folds 
BR00RB: folds 
Dorex2007: folds 
fartovii232323: folds 
Kela1373: checks 
*** FLOP *** [Ts 2h 3c]
Kela1373: checks 
White&BlackStar: checks 
*** TURN *** [Ts 2h 3c] [Js]
Kela1373: checks 
White&BlackStar: bets $0.05
Kela1373: folds 
Uncalled bet ($0.05) returned to White&BlackStar
White&BlackStar collected $0.05 from pot
White&BlackStar: doesn't show hand 
*** SUMMARY ***
Total pot $0.05 | Rake $0 
Board [Ts 2h 3c Js]
Seat 1: BR00RB folded before Flop (didn't bet)
Seat 2: Dorex2007 (button) folded before Flop (didn't bet)
Seat 3: fartovii232323 (small blind) folded before Flop
Seat 4: Kela1373 (big blind) folded on the Turn
Seat 5: igor6316 folded before Flop (didn't bet)
Seat 7: White&BlackStar collected ($0.05)
Seat 8: abufirs folded before Flop (didn't bet)
Seat 9: arianagray folded before Flop (didn't bet)



PokerStars Hand #232421803168:  Hold'em No Limit ($0.01/$0.02 USD) - 2021/12/22 0:30:02 PT [2021/12/22 3:30:02 ET]
Table 'Torrence' 9-max Seat #3 is the button
Seat 1: BR00RB ($0.58 in chips) 
Seat 2: Dorex2007 ($2 in chips) 
Seat 3: fartovii232323 ($2.02 in chips) 
Seat 4: Kela1373 ($2.20 in chips) 
Seat 5: igor6316 ($0.62 in chips) 
Seat 7: White&BlackStar ($1.32 in chips) 
Seat 8: abufirs ($2.81 in chips) 
Seat 9: arianagray ($0.10 in chips) 
Kela1373: posts small blind $0.01
igor6316: posts big blind $0.02
Artur16228: sits out 
*** HOLE CARDS ***
Dealt to Dorex2007 [Ks 9c]
White&BlackStar has timed out
White&BlackStar: folds 
abufirs: folds 
arianagray: raises $0.08 to $0.10 and is all-in
BR00RB: folds 
Dorex2007: folds 
fartovii232323: calls $0.10
Kela1373: folds 
igor6316: folds 
*** FLOP *** [4s 4h Ah]
*** TURN *** [4s 4h Ah] [Qs]
*** RIVER *** [4s 4h Ah Qs] [2d]
*** SHOW DOWN ***
arianagray: shows [Ac Jh] (two pair, Aces and Fours)
fartovii232323: shows [Jc Qd] (two pair, Queens and Fours)
arianagray cashed out the hand for $0.17
*** SUMMARY ***
Total pot $0.23 | Rake $0.01 
Board [4s 4h Ah Qs 2d]
Seat 1: BR00RB folded before Flop (didn't bet)
Seat 2: Dorex2007 folded before Flop (didn't bet)
Seat 3: fartovii232323 (button) showed [Jc Qd] and lost with two pair, Queens and Fours
Seat 4: Kela1373 (small blind) folded before Flop
Seat 5: igor6316 (big blind) folded before Flop
Seat 7: White&BlackStar folded before Flop (didn't bet)
Seat 8: abufirs folded before Flop (didn't bet)
Seat 9: arianagray showed [Ac Jh] and won ($0.22) with two pair, Aces and Fours (pot not awarded as player cashed out)



PokerStars Hand #232421811465:  Hold'em No Limit ($0.01/$0.02 USD) - 2021/12/22 0:30:53 PT [2021/12/22 3:30:53 ET]
Table 'Torrence' 9-max Seat #4 is the button
Seat 1: BR00RB ($0.58 in chips) 
Seat 2: Dorex2007 ($2 in chips) 
Seat 3: fartovii232323 ($1.92 in chips) 
Seat 4: Kela1373 ($2.19 in chips) 
Seat 5: igor6316 ($0.60 in chips) 
Seat 6: Artur16228 ($2 in chips) 
Seat 7: White&BlackStar ($1.32 in chips) 
Seat 8: abufirs ($2.81 in chips) 
Seat 9: arianagray ($0.17 in chips) 
igor6316: posts small blind $0.01
Artur16228: posts big blind $0.02
*** HOLE CARDS ***
Dealt to Dorex2007 [8h 2s]
White&BlackStar: folds 
abufirs: calls $0.02
arianagray: calls $0.02
BR00RB: folds 
Dorex2007: folds 
fartovii232323: folds 
Kela1373: folds 
igor6316: folds 
Artur16228: checks 
*** FLOP *** [5c Qh 4h]
Artur16228: checks 
abufirs: checks 
arianagray: checks 
*** TURN *** [5c Qh 4h] [Kc]
Artur16228: checks 
abufirs: checks 
arianagray: checks 
*** RIVER *** [5c Qh 4h Kc] [7d]
Artur16228: checks 
abufirs: checks 
arianagray: bets $0.04
Artur16228: folds 
abufirs: folds 
Uncalled bet ($0.04) returned to arianagray
arianagray collected $0.07 from pot
*** SUMMARY ***
Total pot $0.07 | Rake $0 
Board [5c Qh 4h Kc 7d]
Seat 1: BR00RB folded before Flop (didn't bet)
Seat 2: Dorex2007 folded before Flop (didn't bet)
Seat 3: fartovii232323 folded before Flop (didn't bet)
Seat 4: Kela1373 (button) folded before Flop (didn't bet)
Seat 5: igor6316 (small blind) folded before Flop
Seat 6: Artur16228 (big blind) folded on the River
Seat 7: White&BlackStar folded before Flop (didn't bet)
Seat 8: abufirs folded on the River
Seat 9: arianagray collected ($0.07)



PokerStars Hand #232421820997:  Hold'em No Limit ($0.01/$0.02 USD) - 2021/12/22 0:31:53 PT [2021/12/22 3:31:53 ET]
Table 'Torrence' 9-max Seat #5 is the button
Seat 1: BR00RB ($0.58 in chips) 
Seat 2: Dorex2007 ($2 in chips) 
Seat 3: fartovii232323 ($1.92 in chips) 
Seat 4: Kela1373 ($2.19 in chips) 
Seat 5: igor6316 ($0.59 in chips) 
Seat 6: Artur16228 ($1.98 in chips) 
Seat 7: White&BlackStar ($1.32 in chips) 
Seat 8: abufirs ($2.79 in chips) 
Seat 9: arianagray ($0.22 in chips) 
Artur16228: posts small blind $0.01
White&BlackStar: posts big blind $0.02
*** HOLE CARDS ***
Dealt to Dorex2007 [8s Kd]
abufirs: folds 
arianagray: calls $0.02
BR00RB: folds 
Dorex2007: folds 
fartovii232323: calls $0.02
Kela1373: raises $0.09 to $0.11
igor6316: folds 
Artur16228: folds 
White&BlackStar: folds 
arianagray: folds 
fartovii232323: calls $0.09
*** FLOP *** [Qc 5c 3h]
fartovii232323: checks 
Kela1373: bets $0.06
fartovii232323: calls $0.06
*** TURN *** [Qc 5c 3h] [Kc]
fartovii232323: checks 
Kela1373: checks 
*** RIVER *** [Qc 5c 3h Kc] [9d]
fartovii232323: checks 
Kela1373: checks 
*** SHOW DOWN ***
fartovii232323: shows [5h Ah] (a pair of Fives)
Kela1373: shows [Jd Jc] (a pair of Jacks)
Kela1373 collected $0.38 from pot
*** SUMMARY ***
Total pot $0.39 | Rake $0.01 
Board [Qc 5c 3h Kc 9d]
Seat 1: BR00RB folded before Flop (didn't bet)
Seat 2: Dorex2007 folded before Flop (didn't bet)
Seat 3: fartovii232323 showed [5h Ah] and lost with a pair of Fives
Seat 4: Kela1373 showed [Jd Jc] and won ($0.38) with a pair of Jacks
Seat 5: igor6316 (button) folded before Flop (didn't bet)
Seat 6: Artur16228 (small blind) folded before Flop
Seat 7: White&BlackStar (big blind) folded before Flop
Seat 8: abufirs folded before Flop (didn't bet)
Seat 9: arianagray folded before Flop



PokerStars Hand #232421832681:  Hold'em No Limit ($0.01/$0.02 USD) - 2021/12/22 0:33:06 PT [2021/12/22 3:33:06 ET]
Table 'Torrence' 9-max Seat #6 is the button
Seat 1: BR00RB ($0.58 in chips) 
Seat 2: Dorex2007 ($2 in chips) 
Seat 3: fartovii232323 ($1.75 in chips) 
Seat 4: Kela1373 ($2.40 in chips) 
Seat 5: igor6316 ($0.59 in chips) 
Seat 6: Artur16228 ($1.97 in chips) 
Seat 7: White&BlackStar ($1.30 in chips) 
Seat 8: abufirs ($2.79 in chips) 
Seat 9: arianagray ($0.20 in chips) 
White&BlackStar: posts small blind $0.01
abufirs: posts big blind $0.02
*** HOLE CARDS ***
Dealt to Dorex2007 [4d 9c]
arianagray: folds 
BR00RB: folds 
Dorex2007: folds 
fartovii232323: raises $0.04 to $0.06
Kela1373: raises $0.10 to $0.16
igor6316: folds 
Artur16228: folds 
White&BlackStar: folds 
abufirs: folds 
fartovii232323: calls $0.10
*** FLOP *** [Qd Ah 3d]
fartovii232323: checks 
Kela1373: bets $0.34
fartovii232323: folds 
Uncalled bet ($0.34) returned to Kela1373
Kela1373 collected $0.34 from pot
Kela1373: doesn't show hand 
*** SUMMARY ***
Total pot $0.35 | Rake $0.01 
Board [Qd Ah 3d]
Seat 1: BR00RB folded before Flop (didn't bet)
Seat 2: Dorex2007 folded before Flop (didn't bet)
Seat 3: fartovii232323 folded on the Flop
Seat 4: Kela1373 collected ($0.34)
Seat 5: igor6316 folded before Flop (didn't bet)
Seat 6: Artur16228 (button) folded before Flop (didn't bet)
Seat 7: White&BlackStar (small blind) folded before Flop
Seat 8: abufirs (big blind) folded before Flop
Seat 9: arianagray folded before Flop (didn't bet)



PokerStars Hand #232421839050:  Hold'em No Limit ($0.01/$0.02 USD) - 2021/12/22 0:33:47 PT [2021/12/22 3:33:47 ET]
Table 'Torrence' 9-max Seat #7 is the button
Seat 1: BR00RB ($0.58 in chips) 
Seat 2: Dorex2007 ($2 in chips) 
Seat 3: fartovii232323 ($1.59 in chips) 
Seat 4: Kela1373 ($2.58 in chips) 
Seat 5: igor6316 ($0.59 in chips) 
Seat 6: Artur16228 ($1.97 in chips) 
Seat 7: White&BlackStar ($1.29 in chips) 
Seat 8: abufirs ($2.77 in chips) 
Seat 9: arianagray ($0.20 in chips) 
abufirs: posts small blind $0.01
arianagray: posts big blind $0.02
*** HOLE CARDS ***
Dealt to Dorex2007 [9d As]
BR00RB has timed out
BR00RB: folds 
Dorex2007: folds 
fartovii232323: folds 
Kela1373: folds 
igor6316: folds 
Artur16228: folds 
White&BlackStar: calls $0.02
abufirs: calls $0.01
arianagray: checks 
*** FLOP *** [6h Qd Jh]
abufirs: checks 
arianagray: checks 
White&BlackStar: bets $0.02
abufirs: calls $0.02
arianagray: calls $0.02
*** TURN *** [6h Qd Jh] [6d]
abufirs: checks 
arianagray: checks 
White&BlackStar: checks 
*** RIVER *** [6h Qd Jh 6d] [Kd]
abufirs: checks 
arianagray: bets $0.06
White&BlackStar: raises $0.24 to $0.30
abufirs: folds 
arianagray: calls $0.10 and is all-in
Uncalled bet ($0.14) returned to White&BlackStar
*** SHOW DOWN ***
White&BlackStar: shows [Th 9c] (a straight, Nine to King)
arianagray: shows [Kh Td] (two pair, Kings and Sixes)
White&BlackStar collected $0.42 from pot
*** SUMMARY ***
Total pot $0.44 | Rake $0.02 
Board [6h Qd Jh 6d Kd]
Seat 1: BR00RB folded before Flop (didn't bet)
Seat 2: Dorex2007 folded before Flop (didn't bet)
Seat 3: fartovii232323 folded before Flop (didn't bet)
Seat 4: Kela1373 folded before Flop (didn't bet)
Seat 5: igor6316 folded before Flop (didn't bet)
Seat 6: Artur16228 folded before Flop (didn't bet)
Seat 7: White&BlackStar (button) showed [Th 9c] and won ($0.42) with a straight, Nine to King
Seat 8: abufirs (small blind) folded on the River
Seat 9: arianagray (big blind) showed [Kh Td] and lost with two pair, Kings and Sixes



PokerStars Hand #232421850981:  Hold'em No Limit ($0.01/$0.02 USD) - 2021/12/22 0:35:01 PT [2021/12/22 3:35:01 ET]
Table 'Torrence' 9-max Seat #8 is the button
Seat 2: Dorex2007 ($2 in chips) 
Seat 4: Kela1373 ($2.58 in chips) 
Seat 5: igor6316 ($0.59 in chips) 
Seat 6: Artur16228 ($1.97 in chips) 
Seat 7: White&BlackStar ($1.51 in chips) 
Seat 8: abufirs ($2.73 in chips) 
Dorex2007: posts small blind $0.01
Kela1373: posts big blind $0.02
*** HOLE CARDS ***
Dealt to Dorex2007 [Qs Kc]
arianagray leaves the table
igor6316 has timed out
igor6316: folds 
Artur16228: folds 
White&BlackStar: folds 
abufirs: folds 
Dorex2007: calls $0.01
Kela1373: raises $0.04 to $0.06
Dorex2007: folds 
Uncalled bet ($0.04) returned to Kela1373
Kela1373 collected $0.04 from pot
Kela1373: doesn't show hand 
*** SUMMARY ***
Total pot $0.04 | Rake $0 
Seat 2: Dorex2007 (small blind) folded before Flop
Seat 4: Kela1373 (big blind) collected ($0.04)
Seat 5: igor6316 folded before Flop (didn't bet)
Seat 6: Artur16228 folded before Flop (didn't bet)
Seat 7: White&BlackStar folded before Flop (didn't bet)
Seat 8: abufirs (button) folded before Flop (didn't bet)



PokerStars Hand #232421856389:  Hold'em No Limit ($0.01/$0.02 USD) - 2021/12/22 0:35:35 PT [2021/12/22 3:35:35 ET]
Table 'Torrence' 9-max Seat #2 is the button
Seat 1: BR00RB ($0.58 in chips) 
Seat 2: Dorex2007 ($2 in chips) 
Seat 4: Kela1373 ($2.60 in chips) 
Seat 5: igor6316 ($0.59 in chips) 
Seat 6: Artur16228 ($1.97 in chips) 
Seat 7: White&BlackStar ($1.51 in chips) 
Seat 8: abufirs ($2.73 in chips) 
Kela1373: posts small blind $0.01
igor6316: posts big blind $0.02
BR00RB: posts small blind $0.01
*** HOLE CARDS ***
Dealt to Dorex2007 [6h 4s]
Artur16228: folds 
White&BlackStar: folds 
abufirs: folds 
BR00RB: folds 
Dorex2007: folds 
Kela1373: folds 
Uncalled bet ($0.01) returned to igor6316
igor6316 collected $0.03 from pot
igor6316: doesn't show hand 
*** SUMMARY ***
Total pot $0.03 | Rake $0 
Seat 1: BR00RB folded before Flop (didn't bet)
Seat 2: Dorex2007 (button) folded before Flop (didn't bet)
Seat 4: Kela1373 (small blind) folded before Flop
Seat 5: igor6316 (big blind) collected ($0.03)
Seat 6: Artur16228 folded before Flop (didn't bet)
Seat 7: White&BlackStar folded before Flop (didn't bet)
Seat 8: abufirs folded before Flop (didn't bet)



PokerStars Hand #232421858966:  Hold'em No Limit ($0.01/$0.02 USD) - 2021/12/22 0:35:51 PT [2021/12/22 3:35:51 ET]
Table 'Torrence' 9-max Seat #4 is the button
Seat 1: BR00RB ($0.57 in chips) 
Seat 2: Dorex2007 ($2 in chips) 
Seat 4: Kela1373 ($2.59 in chips) 
Seat 5: igor6316 ($0.61 in chips) 
Seat 6: Artur16228 ($1.97 in chips) 
Seat 7: White&BlackStar ($1.51 in chips) 
Seat 8: abufirs ($2.73 in chips) 
igor6316: posts small blind $0.01
Artur16228: posts big blind $0.02
*** HOLE CARDS ***
Dealt to Dorex2007 [8h 3h]
evon777 joins the table at seat #9 
White&BlackStar: folds 
abufirs: folds 
BR00RB: calls $0.02
Dorex2007: folds 
Kela1373: folds 
igor6316: raises $0.59 to $0.61 and is all-in
Artur16228: folds 
BR00RB: folds 
Uncalled bet ($0.59) returned to igor6316
igor6316 collected $0.06 from pot
igor6316: doesn't show hand 
*** SUMMARY ***
Total pot $0.06 | Rake $0 
Seat 1: BR00RB folded before Flop
Seat 2: Dorex2007 folded before Flop (didn't bet)
Seat 4: Kela1373 (button) folded before Flop (didn't bet)
Seat 5: igor6316 (small blind) collected ($0.06)
Seat 6: Artur16228 (big blind) folded before Flop
Seat 7: White&BlackStar folded before Flop (didn't bet)
Seat 8: abufirs folded before Flop (didn't bet)



PokerStars Hand #232421864028:  Hold'em No Limit ($0.01/$0.02 USD) - 2021/12/22 0:36:23 PT [2021/12/22 3:36:23 ET]
Table 'Torrence' 9-max Seat #5 is the button
Seat 1: BR00RB ($0.55 in chips) 
Seat 2: Dorex2007 ($2 in chips) 
Seat 4: Kela1373 ($2.59 in chips) 
Seat 5: igor6316 ($0.65 in chips) 
Seat 6: Artur16228 ($1.95 in chips) 
Seat 7: White&BlackStar ($1.51 in chips) 
Seat 8: abufirs ($2.73 in chips) 
Seat 9: evon777 ($0.80 in chips) 
Artur16228: posts small blind $0.01
White&BlackStar: posts big blind $0.02
evon777: posts big blind $0.02
*** HOLE CARDS ***
Dealt to Dorex2007 [5h Jh]
abufirs: folds 
evon777: checks 
BR00RB has timed out
BR00RB: folds 
Dorex2007: folds 
Kela1373: folds 
igor6316: folds 
Artur16228: folds 
White&BlackStar: checks 
*** FLOP *** [Qc 2h Kc]
White&BlackStar: checks 
evon777: checks 
*** TURN *** [Qc 2h Kc] [Qs]
White&BlackStar: checks 
evon777: checks 
*** RIVER *** [Qc 2h Kc Qs] [Ks]
White&BlackStar: checks 
evon777: checks 
*** SHOW DOWN ***
White&BlackStar: shows [5c Ts] (two pair, Kings and Queens)
evon777: shows [Js Ah] (two pair, Kings and Queens - Ace kicker)
evon777 collected $0.05 from pot
*** SUMMARY ***
Total pot $0.05 | Rake $0 
Board [Qc 2h Kc Qs Ks]
Seat 1: BR00RB folded before Flop (didn't bet)
Seat 2: Dorex2007 folded before Flop (didn't bet)
Seat 4: Kela1373 folded before Flop (didn't bet)
Seat 5: igor6316 (button) folded before Flop (didn't bet)
Seat 6: Artur16228 (small blind) folded before Flop
Seat 7: White&BlackStar (big blind) showed [5c Ts] and lost with two pair, Kings and Queens
Seat 8: abufirs folded before Flop (didn't bet)
Seat 9: evon777 showed [Js Ah] and won ($0.05) with two pair, Kings and Queens



PokerStars Hand #232421869029:  Hold'em No Limit ($0.01/$0.02 USD) - 2021/12/22 0:36:54 PT [2021/12/22 3:36:54 ET]
Table 'Torrence' 9-max Seat #6 is the button
Seat 1: BR00RB ($0.55 in chips) 
Seat 2: Dorex2007 ($2 in chips) 
Seat 4: Kela1373 ($2.59 in chips) 
Seat 5: igor6316 ($0.65 in chips) 
Seat 6: Artur16228 ($1.94 in chips) 
Seat 7: White&BlackStar ($1.49 in chips) 
Seat 8: abufirs ($2.73 in chips) 
Seat 9: evon777 ($0.83 in chips) 
White&BlackStar: posts small blind $0.01
abufirs: posts big blind $0.02
*** HOLE CARDS ***
Dealt to Dorex2007 [Jc 4s]
evon777: calls $0.02
BR00RB: folds 
Dorex2007: folds 
Kela1373: folds 
igor6316: folds 
Artur16228: folds 
White&BlackStar: raises $0.04 to $0.06
abufirs: folds 
evon777: calls $0.04
*** FLOP *** [Jh 5h 2d]
White&BlackStar: bets $0.30
evon777: folds 
Uncalled bet ($0.30) returned to White&BlackStar
White&BlackStar collected $0.14 from pot
White&BlackStar: doesn't show hand 
*** SUMMARY ***
Total pot $0.14 | Rake $0 
Board [Jh 5h 2d]
Seat 1: BR00RB folded before Flop (didn't bet)
Seat 2: Dorex2007 folded before Flop (didn't bet)
Seat 4: Kela1373 folded before Flop (didn't bet)
Seat 5: igor6316 folded before Flop (didn't bet)
Seat 6: Artur16228 (button) folded before Flop (didn't bet)
Seat 7: White&BlackStar (small blind) collected ($0.14)
Seat 8: abufirs (big blind) folded before Flop
Seat 9: evon777 folded on the Flop



PokerStars Hand #232421875722:  Hold'em No Limit ($0.01/$0.02 USD) - 2021/12/22 0:37:37 PT [2021/12/22 3:37:37 ET]
Table 'Torrence' 9-max Seat #7 is the button
Seat 1: BR00RB ($0.55 in chips) 
Seat 2: Dorex2007 ($2 in chips) 
Seat 4: Kela1373 ($2.59 in chips) 
Seat 5: igor6316 ($0.65 in chips) 
Seat 6: Artur16228 ($1.94 in chips) 
Seat 7: White&BlackStar ($1.57 in chips) 
Seat 8: abufirs ($2.71 in chips) 
Seat 9: evon777 ($0.77 in chips) 
abufirs: posts small blind $0.01
evon777: posts big blind $0.02
*** HOLE CARDS ***
Dealt to Dorex2007 [3d 8d]
BR00RB: folds 
Dorex2007: folds 
Kela1373: raises $0.04 to $0.06
igor6316: folds 
Artur16228: folds 
White&BlackStar: calls $0.06
abufirs: folds 
evon777: calls $0.04
*** FLOP *** [Js 5s 6d]
evon777: checks 
Kela1373: bets $0.06
White&BlackStar: calls $0.06
evon777: calls $0.06
*** TURN *** [Js 5s 6d] [Kh]
evon777: checks 
Kela1373: checks 
White&BlackStar: bets $0.18
evon777: calls $0.18
Kela1373: folds 
*** RIVER *** [Js 5s 6d Kh] [8s]
evon777: checks 
White&BlackStar: bets $0.70
evon777: folds 
Uncalled bet ($0.70) returned to White&BlackStar
White&BlackStar collected $0.70 from pot
White&BlackStar: doesn't show hand 
*** SUMMARY ***
Total pot $0.73 | Rake $0.03 
Board [Js 5s 6d Kh 8s]
Seat 1: BR00RB folded before Flop (didn't bet)
Seat 2: Dorex2007 folded before Flop (didn't bet)
Seat 4: Kela1373 folded on the Turn
Seat 5: igor6316 folded before Flop (didn't bet)
Seat 6: Artur16228 folded before Flop (didn't bet)
Seat 7: White&BlackStar (button) collected ($0.70)
Seat 8: abufirs (small blind) folded before Flop
Seat 9: evon777 (big blind) folded on the River



PokerStars Hand #232421885246:  Hold'em No Limit ($0.01/$0.02 USD) - 2021/12/22 0:38:37 PT [2021/12/22 3:38:37 ET]
Table 'Torrence' 9-max Seat #8 is the button
Seat 1: BR00RB ($0.55 in chips) 
Seat 2: Dorex2007 ($2 in chips) 
Seat 4: Kela1373 ($2.47 in chips) 
Seat 5: igor6316 ($0.65 in chips) 
Seat 6: Artur16228 ($1.94 in chips) 
Seat 7: White&BlackStar ($1.97 in chips) 
Seat 8: abufirs ($2.70 in chips) 
Seat 9: evon777 ($0.47 in chips) 
evon777: posts small blind $0.01
BR00RB: posts big blind $0.02
*** HOLE CARDS ***
Dealt to Dorex2007 [Qh 6h]
Dorex2007: folds 
Kela1373: calls $0.02
igor6316: folds 
Artur16228: folds 
White&BlackStar: folds 
abufirs: folds 
evon777: folds 
BR00RB: checks 
*** FLOP *** [2h Ac 4h]
BR00RB: bets $0.02
Kela1373: folds 
Uncalled bet ($0.02) returned to BR00RB
BR00RB collected $0.05 from pot
BR00RB: doesn't show hand 
*** SUMMARY ***
Total pot $0.05 | Rake $0 
Board [2h Ac 4h]
Seat 1: BR00RB (big blind) collected ($0.05)
Seat 2: Dorex2007 folded before Flop (didn't bet)
Seat 4: Kela1373 folded on the Flop
Seat 5: igor6316 folded before Flop (didn't bet)
Seat 6: Artur16228 folded before Flop (didn't bet)
Seat 7: White&BlackStar folded before Flop (didn't bet)
Seat 8: abufirs (button) folded before Flop (didn't bet)
Seat 9: evon777 (small blind) folded before Flop



PokerStars Hand #232421889400:  Hold'em No Limit ($0.01/$0.02 USD) - 2021/12/22 0:39:03 PT [2021/12/22 3:39:03 ET]
Table 'Torrence' 9-max Seat #9 is the button
Seat 1: BR00RB ($0.58 in chips) 
Seat 2: Dorex2007 ($2 in chips) 
Seat 4: Kela1373 ($2.45 in chips) 
Seat 5: igor6316 ($0.65 in chips) 
Seat 6: Artur16228 ($1.94 in chips) 
Seat 7: White&BlackStar ($1.97 in chips) 
Seat 8: abufirs ($2.70 in chips) 
Seat 9: evon777 ($0.46 in chips) 
BR00RB: posts small blind $0.01
Dorex2007: posts big blind $0.02
*** HOLE CARDS ***
Dealt to Dorex2007 [8h 3s]
Kela1373: folds 
igor6316: folds 
Artur16228: folds 
White&BlackStar: calls $0.02
abufirs: folds 
evon777: calls $0.02
BR00RB: folds 
Dorex2007: checks 
*** FLOP *** [2c 4s 4d]
Dorex2007: checks 
White&BlackStar: bets $0.02
evon777: folds 
Dorex2007: folds 
Uncalled bet ($0.02) returned to White&BlackStar
White&BlackStar collected $0.07 from pot
White&BlackStar: doesn't show hand 
*** SUMMARY ***
Total pot $0.07 | Rake $0 
Board [2c 4s 4d]
Seat 1: BR00RB (small blind) folded before Flop
Seat 2: Dorex2007 (big blind) folded on the Flop
Seat 4: Kela1373 folded before Flop (didn't bet)
Seat 5: igor6316 folded before Flop (didn't bet)
Seat 6: Artur16228 folded before Flop (didn't bet)
Seat 7: White&BlackStar collected ($0.07)
Seat 8: abufirs folded before Flop (didn't bet)
Seat 9: evon777 (button) folded on the Flop



PokerStars Hand #232421895368:  Hold'em No Limit ($0.01/$0.02 USD) - 2021/12/22 0:39:40 PT [2021/12/22 3:39:40 ET]
Table 'Torrence' 9-max Seat #1 is the button
Seat 1: BR00RB ($0.57 in chips) 
Seat 2: Dorex2007 ($2 in chips) 
Seat 4: Kela1373 ($2.45 in chips) 
Seat 5: igor6316 ($0.65 in chips) 
Seat 6: Artur16228 ($1.94 in chips) 
Seat 7: White&BlackStar ($2.02 in chips) 
Seat 8: abufirs ($2.70 in chips) 
Seat 9: evon777 ($0.44 in chips) 
Dorex2007: posts small blind $0.01
Kela1373: posts big blind $0.02
*** HOLE CARDS ***
Dealt to Dorex2007 [2c 9c]
igor6316: folds 
Artur16228: folds 
White&BlackStar: calls $0.02
abufirs: calls $0.02
evon777: calls $0.02
BR00RB: folds 
Dorex2007: folds 
Kela1373: checks 
*** FLOP *** [Jc 8s As]
Kela1373: checks 
White&BlackStar: bets $0.02
abufirs: calls $0.02
evon777: calls $0.02
Kela1373: folds 
*** TURN *** [Jc 8s As] [4h]
White&BlackStar: checks 
abufirs: checks 
evon777: checks 
*** RIVER *** [Jc 8s As 4h] [3s]
White&BlackStar: checks 
abufirs: checks 
evon777: bets $0.14
White&BlackStar: folds 
abufirs: folds 
Uncalled bet ($0.14) returned to evon777
evon777 collected $0.14 from pot
evon777: doesn't show hand 
*** SUMMARY ***
Total pot $0.15 | Rake $0.01 
Board [Jc 8s As 4h 3s]
Seat 1: BR00RB (button) folded before Flop (didn't bet)
Seat 2: Dorex2007 (small blind) folded before Flop
Seat 4: Kela1373 (big blind) folded on the Flop
Seat 5: igor6316 folded before Flop (didn't bet)
Seat 6: Artur16228 folded before Flop (didn't bet)
Seat 7: White&BlackStar folded on the River
Seat 8: abufirs folded on the River
Seat 9: evon777 collected ($0.14)



PokerStars Hand #232421903027:  Hold'em No Limit ($0.01/$0.02 USD) - 2021/12/22 0:40:27 PT [2021/12/22 3:40:27 ET]
Table 'Torrence' 9-max Seat #2 is the button
Seat 1: BR00RB ($0.57 in chips) 
Seat 2: Dorex2007 ($2 in chips) 
Seat 4: Kela1373 ($2.43 in chips) 
Seat 5: igor6316 ($0.65 in chips) 
Seat 6: Artur16228 ($1.94 in chips) 
Seat 7: White&BlackStar ($1.98 in chips) 
Seat 8: abufirs ($2.66 in chips) 
Seat 9: evon777 ($0.54 in chips) 
Kela1373: posts small blind $0.01
igor6316: posts big blind $0.02
*** HOLE CARDS ***
Dealt to Dorex2007 [Ts 9h]
Artur16228: calls $0.02
White&BlackStar: folds 
abufirs: folds 
evon777: folds 
BR00RB: folds 
Dorex2007: folds 
Kela1373: calls $0.01
igor6316: checks 
*** FLOP *** [Ac 7d 5s]
Kela1373: checks 
igor6316: bets $0.02
Artur16228: folds 
Kela1373: calls $0.02
*** TURN *** [Ac 7d 5s] [3s]
Kela1373: bets $0.05
igor6316: raises $0.56 to $0.61 and is all-in
Kela1373: calls $0.56
*** RIVER *** [Ac 7d 5s 3s] [7h]
*** SHOW DOWN ***
Kela1373: shows [7c 3c] (a full house, Sevens full of Threes)
igor6316: shows [As 3h] (two pair, Aces and Sevens)
Kela1373 cashed out the hand for $0.06
igor6316 cashed out the hand for $1.20 | Cash Out Fee $0.01
*** SUMMARY ***
Total pot $1.32 | Rake $0.05 
Board [Ac 7d 5s 3s 7h]
Seat 1: BR00RB folded before Flop (didn't bet)
Seat 2: Dorex2007 (button) folded before Flop (didn't bet)
Seat 4: Kela1373 (small blind) showed [7c 3c] and won ($1.27) with a full house, Sevens full of Threes (pot not awarded as player cashed out)
Seat 5: igor6316 (big blind) showed [As 3h] and lost with two pair, Aces and Sevens (cashed out).
Seat 6: Artur16228 folded on the Flop
Seat 7: White&BlackStar folded before Flop (didn't bet)
Seat 8: abufirs folded before Flop (didn't bet)
Seat 9: evon777 folded before Flop (didn't bet)



PokerStars Hand #232421909170:  Hold'em No Limit ($0.01/$0.02 USD) - 2021/12/22 0:41:04 PT [2021/12/22 3:41:04 ET]
Table 'Torrence' 9-max Seat #4 is the button
Seat 1: BR00RB ($0.57 in chips) 
Seat 2: Dorex2007 ($2 in chips) 
Seat 4: Kela1373 ($2 in chips) 
Seat 5: igor6316 ($1.20 in chips) 
Seat 6: Artur16228 ($1.92 in chips) 
Seat 7: White&BlackStar ($1.98 in chips) 
Seat 8: abufirs ($2.66 in chips) 
Seat 9: evon777 ($0.54 in chips) 
igor6316: posts small blind $0.01
Artur16228: posts big blind $0.02
*** HOLE CARDS ***
Dealt to Dorex2007 [Jd 6h]
White&BlackStar: calls $0.02
abufirs: folds 
evon777: folds 
BR00RB: folds 
Dorex2007: folds 
Kela1373: folds 
igor6316: folds 
Artur16228: checks 
*** FLOP *** [9c 3c 6c]
Artur16228: checks 
White&BlackStar: checks 
*** TURN *** [9c 3c 6c] [9h]
Artur16228: checks 
White&BlackStar: checks 
*** RIVER *** [9c 3c 6c 9h] [Qc]
Artur16228: bets $0.02
White&BlackStar: folds 
Uncalled bet ($0.02) returned to Artur16228
Artur16228 collected $0.05 from pot
Artur16228: doesn't show hand 
*** SUMMARY ***
Total pot $0.05 | Rake $0 
Board [9c 3c 6c 9h Qc]
Seat 1: BR00RB folded before Flop (didn't bet)
Seat 2: Dorex2007 folded before Flop (didn't bet)
Seat 4: Kela1373 (button) folded before Flop (didn't bet)
Seat 5: igor6316 (small blind) folded before Flop
Seat 6: Artur16228 (big blind) collected ($0.05)
Seat 7: White&BlackStar folded on the River
Seat 8: abufirs folded before Flop (didn't bet)
Seat 9: evon777 folded before Flop (didn't bet)



PokerStars Hand #232421915676:  Hold'em No Limit ($0.01/$0.02 USD) - 2021/12/22 0:41:44 PT [2021/12/22 3:41:44 ET]
Table 'Torrence' 9-max Seat #5 is the button
Seat 1: BR00RB ($0.57 in chips) 
Seat 2: Dorex2007 ($2 in chips) 
Seat 4: Kela1373 ($2 in chips) 
Seat 5: igor6316 ($1.19 in chips) 
Seat 6: Artur16228 ($1.95 in chips) 
Seat 7: White&BlackStar ($1.96 in chips) 
Seat 8: abufirs ($2.66 in chips) 
Seat 9: evon777 ($0.54 in chips) 
Artur16228: posts small blind $0.01
White&BlackStar: posts big blind $0.02
*** HOLE CARDS ***
Dealt to Dorex2007 [4s 8c]
abufirs: calls $0.02
evon777: calls $0.02
BR00RB: calls $0.02
Dorex2007: folds 
Kela1373: calls $0.02
igor6316: folds 
Artur16228: calls $0.01
White&BlackStar: checks 
*** FLOP *** [4c Ts 8h]
Artur16228: checks 
White&BlackStar: bets $0.04
abufirs: calls $0.04
evon777: calls $0.04
BR00RB: folds 
Kela1373: folds 
Artur16228: calls $0.04
*** TURN *** [4c Ts 8h] [8d]
Artur16228: checks 
White&BlackStar: checks 
abufirs: bets $0.16
evon777: folds 
Artur16228: folds 
White&BlackStar: folds 
Uncalled bet ($0.16) returned to abufirs
abufirs collected $0.27 from pot
abufirs: doesn't show hand 
*** SUMMARY ***
Total pot $0.28 | Rake $0.01 
Board [4c Ts 8h 8d]
Seat 1: BR00RB folded on the Flop
Seat 2: Dorex2007 folded before Flop (didn't bet)
Seat 4: Kela1373 folded on the Flop
Seat 5: igor6316 (button) folded before Flop (didn't bet)
Seat 6: Artur16228 (small blind) folded on the Turn
Seat 7: White&BlackStar (big blind) folded on the Turn
Seat 8: abufirs collected ($0.27)
Seat 9: evon777 folded on the Turn



PokerStars Hand #232421929840:  Hold'em No Limit ($0.01/$0.02 USD) - 2021/12/22 0:43:09 PT [2021/12/22 3:43:09 ET]
Table 'Torrence' 9-max Seat #6 is the button
Seat 1: BR00RB ($0.55 in chips) 
Seat 2: Dorex2007 ($2 in chips) 
Seat 4: Kela1373 ($2 in chips) 
Seat 5: igor6316 ($1.19 in chips) 
Seat 6: Artur16228 ($1.89 in chips) 
Seat 7: White&BlackStar ($1.90 in chips) 
Seat 8: abufirs ($2.87 in chips) 
Seat 9: evon777 ($0.48 in chips) 
White&BlackStar: posts small blind $0.01
abufirs: posts big blind $0.02
*** HOLE CARDS ***
Dealt to Dorex2007 [Jc Kh]
evon777: calls $0.02
BR00RB: raises $0.02 to $0.04
Dorex2007: calls $0.04
Kela1373: folds 
igor6316: folds 
Artur16228: folds 
White&BlackStar: folds 
abufirs: folds 
evon777: calls $0.02
*** FLOP *** [2s 4h 5s]
evon777: checks 
BR00RB: bets $0.07
Dorex2007: folds 
evon777: calls $0.07
*** TURN *** [2s 4h 5s] [4d]
evon777: checks 
BR00RB: bets $0.14
evon777: calls $0.14
*** RIVER *** [2s 4h 5s 4d] [5c]
evon777: checks 
BR00RB: bets $0.06
evon777: calls $0.06
*** SHOW DOWN ***
BR00RB: shows [As Ks] (two pair, Fives and Fours)
evon777: mucks hand 
BR00RB collected $0.67 from pot
*** SUMMARY ***
Total pot $0.69 | Rake $0.02 
Board [2s 4h 5s 4d 5c]
Seat 1: BR00RB showed [As Ks] and won ($0.67) with two pair, Fives and Fours
Seat 2: Dorex2007 folded on the Flop
Seat 4: Kela1373 folded before Flop (didn't bet)
Seat 5: igor6316 folded before Flop (didn't bet)
Seat 6: Artur16228 (button) folded before Flop (didn't bet)
Seat 7: White&BlackStar (small blind) folded before Flop
Seat 8: abufirs (big blind) folded before Flop
Seat 9: evon777 mucked [Js Ts]



PokerStars Hand #232421939103:  Hold'em No Limit ($0.01/$0.02 USD) - 2021/12/22 0:44:05 PT [2021/12/22 3:44:05 ET]
Table 'Torrence' 9-max Seat #7 is the button
Seat 1: BR00RB ($0.91 in chips) 
Seat 2: Dorex2007 ($2 in chips) 
Seat 4: Kela1373 ($2 in chips) 
Seat 5: igor6316 ($1.19 in chips) 
Seat 6: Artur16228 ($1.89 in chips) 
Seat 7: White&BlackStar ($1.89 in chips) 
Seat 8: abufirs ($2.85 in chips) 
Seat 9: evon777 ($0.17 in chips) 
abufirs: posts small blind $0.01
evon777: posts big blind $0.02
*** HOLE CARDS ***
Dealt to Dorex2007 [4h 3s]
BR00RB: calls $0.02
Dorex2007: folds 
Kela1373: folds 
igor6316: folds 
Artur16228: calls $0.02
White&BlackStar: folds 
abufirs: folds 
evon777: checks 
*** FLOP *** [2c 6d Js]
evon777: bets $0.02
BR00RB: calls $0.02
Artur16228: calls $0.02
*** TURN *** [2c 6d Js] [2d]
evon777: bets $0.04
White&BlackStar leaves the table
BR00RB: calls $0.04
Artur16228: folds 
*** RIVER *** [2c 6d Js 2d] [Td]
evon777: bets $0.09 and is all-in
BR00RB: calls $0.09
*** SHOW DOWN ***
evon777: shows [Jc 5s] (two pair, Jacks and Deuces)
BR00RB: shows [Ts Jh] (two pair, Jacks and Tens)
BR00RB collected $0.38 from pot
*** SUMMARY ***
Total pot $0.39 | Rake $0.01 
Board [2c 6d Js 2d Td]
Seat 1: BR00RB showed [Ts Jh] and won ($0.38) with two pair, Jacks and Tens
Seat 2: Dorex2007 folded before Flop (didn't bet)
Seat 4: Kela1373 folded before Flop (didn't bet)
Seat 5: igor6316 folded before Flop (didn't bet)
Seat 6: Artur16228 folded on the Turn
Seat 7: White&BlackStar (button) folded before Flop (didn't bet)
Seat 8: abufirs (small blind) folded before Flop
Seat 9: evon777 (big blind) showed [Jc 5s] and lost with two pair, Jacks and Deuces



PokerStars Hand #232421949335:  Hold'em No Limit ($0.01/$0.02 USD) - 2021/12/22 0:45:06 PT [2021/12/22 3:45:06 ET]
Table 'Torrence' 9-max Seat #8 is the button
Seat 1: BR00RB ($1.12 in chips) 
Seat 2: Dorex2007 ($2 in chips) 
Seat 4: Kela1373 ($2 in chips) 
Seat 5: igor6316 ($1.19 in chips) 
Seat 6: Artur16228 ($1.85 in chips) 
Seat 8: abufirs ($2.84 in chips) 
BR00RB: posts small blind $0.01
Dorex2007: posts big blind $0.02
*** HOLE CARDS ***
Dealt to Dorex2007 [2d Ah]
Kela1373: folds 
igor6316: folds 
Artur16228: raises $0.04 to $0.06
abufirs: folds 
BR00RB: calls $0.05
Dorex2007: folds 
*** FLOP *** [8h 4h 9d]
BR00RB: bets $0.04
Artur16228: raises $0.06 to $0.10
superjod218 joins the table at seat #7 
BR00RB: calls $0.06
*** TURN *** [8h 4h 9d] [Js]
BR00RB: bets $0.10
Artur16228: calls $0.10
*** RIVER *** [8h 4h 9d Js] [9s]
BR00RB: bets $0.04
Artur16228: raises $0.10 to $0.14
BR00RB: calls $0.10
*** SHOW DOWN ***
Artur16228: shows [Kh Ks] (two pair, Kings and Nines)
BR00RB: mucks hand 
Artur16228 collected $0.79 from pot
*** SUMMARY ***
Total pot $0.82 | Rake $0.03 
Board [8h 4h 9d Js 9s]
Seat 1: BR00RB (small blind) mucked [Th Tc]
Seat 2: Dorex2007 (big blind) folded before Flop
Seat 4: Kela1373 folded before Flop (didn't bet)
Seat 5: igor6316 folded before Flop (didn't bet)
Seat 6: Artur16228 showed [Kh Ks] and won ($0.79) with two pair, Kings and Nines
Seat 8: abufirs (button) folded before Flop (didn't bet)



PokerStars Hand #232421961295:  Hold'em No Limit ($0.01/$0.02 USD) - 2021/12/22 0:46:17 PT [2021/12/22 3:46:17 ET]
Table 'Torrence' 9-max Seat #2 is the button
Seat 2: Dorex2007 ($2 in chips) 
Seat 4: Kela1373 ($2 in chips) 
Seat 6: Artur16228 ($2.24 in chips) 
Seat 8: abufirs ($2.84 in chips) 
Seat 9: evon777 ($0.80 in chips) 
Kela1373: posts small blind $0.01
igor6316: is sitting out 
Artur16228: posts big blind $0.02
superjod218: sits out 
evon777: posts small blind $0.01
*** HOLE CARDS ***
Dealt to Dorex2007 [9h 2d]
abufirs: raises $0.04 to $0.06
evon777: folds 
Dorex2007: folds 
Kela1373: folds 
Artur16228: folds 
Uncalled bet ($0.04) returned to abufirs
abufirs collected $0.06 from pot
abufirs: doesn't show hand 
*** SUMMARY ***
Total pot $0.06 | Rake $0 
Seat 2: Dorex2007 (button) folded before Flop (didn't bet)
Seat 4: Kela1373 (small blind) folded before Flop
Seat 6: Artur16228 (big blind) folded before Flop
Seat 8: abufirs collected ($0.06)
Seat 9: evon777 folded before Flop (didn't bet)



PokerStars Hand #232421963671:  Hold'em No Limit ($0.01/$0.02 USD) - 2021/12/22 0:46:31 PT [2021/12/22 3:46:31 ET]
Table 'Torrence' 9-max Seat #4 is the button
Seat 1: BR00RB ($0.72 in chips) 
Seat 2: Dorex2007 ($2 in chips) 
Seat 4: Kela1373 ($2 in chips) 
Seat 6: Artur16228 ($2.22 in chips) 
Seat 7: superjod218 ($2 in chips) 
Seat 8: abufirs ($2.88 in chips) 
Seat 9: evon777 ($0.79 in chips) 
Artur16228: posts small blind $0.01
superjod218: posts big blind $0.02
*** HOLE CARDS ***
Dealt to Dorex2007 [Kh Kc]
abufirs: raises $0.02 to $0.04
evon777: calls $0.04
BR00RB: calls $0.04
Dorex2007: raises $0.19 to $0.23
Kela1373: folds 
Artur16228: folds 
superjod218: folds 
abufirs: folds 
evon777: folds 
BR00RB: folds 
Uncalled bet ($0.19) returned to Dorex2007
Dorex2007 collected $0.19 from pot
Dorex2007: doesn't show hand 
*** SUMMARY ***
Total pot $0.19 | Rake $0 
Seat 1: BR00RB folded before Flop
Seat 2: Dorex2007 collected ($0.19)
Seat 4: Kela1373 (button) folded before Flop (didn't bet)
Seat 6: Artur16228 (small blind) folded before Flop
Seat 7: superjod218 (big blind) folded before Flop
Seat 8: abufirs folded before Flop
Seat 9: evon777 folded before Flop



PokerStars Hand #232421970576:  Hold'em No Limit ($0.01/$0.02 USD) - 2021/12/22 0:47:13 PT [2021/12/22 3:47:13 ET]
Table 'Torrence' 9-max Seat #6 is the button
Seat 1: BR00RB ($0.68 in chips) 
Seat 2: Dorex2007 ($2.15 in chips) 
Seat 4: Kela1373 ($2 in chips) 
Seat 6: Artur16228 ($2.21 in chips) 
Seat 7: superjod218 ($2 in chips) 
Seat 8: abufirs ($2.84 in chips) 
Seat 9: evon777 ($0.75 in chips) 
superjod218: posts small blind $0.01
abufirs: posts big blind $0.02
*** HOLE CARDS ***
Dealt to Dorex2007 [Kd 3c]
evon777: calls $0.02
BR00RB: folds 
Dorex2007: folds 
Kela1373: folds 
Artur16228: folds 
superjod218: folds 
abufirs: checks 
*** FLOP *** [Kh 3s 7c]
abufirs: checks 
evon777: checks 
*** TURN *** [Kh 3s 7c] [Qc]
abufirs: checks 
evon777: bets $0.02
igor6316 leaves the table
abufirs: calls $0.02
*** RIVER *** [Kh 3s 7c Qc] [Ac]
abufirs: checks 
evon777: bets $0.04
yatoss joins the table at seat #5 
abufirs: folds 
Uncalled bet ($0.04) returned to evon777
evon777 collected $0.09 from pot
evon777: doesn't show hand 
*** SUMMARY ***
Total pot $0.09 | Rake $0 
Board [Kh 3s 7c Qc Ac]
Seat 1: BR00RB folded before Flop (didn't bet)
Seat 2: Dorex2007 folded before Flop (didn't bet)
Seat 4: Kela1373 folded before Flop (didn't bet)
Seat 6: Artur16228 (button) folded before Flop (didn't bet)
Seat 7: superjod218 (small blind) folded before Flop
Seat 8: abufirs (big blind) folded on the River
Seat 9: evon777 collected ($0.09)



PokerStars Hand #232421976307:  Hold'em No Limit ($0.01/$0.02 USD) - 2021/12/22 0:47:47 PT [2021/12/22 3:47:47 ET]
Table 'Torrence' 9-max Seat #7 is the button
Seat 1: BR00RB ($0.68 in chips) 
Seat 2: Dorex2007 ($2.15 in chips) 
Seat 4: Kela1373 ($2 in chips) 
Seat 6: Artur16228 ($2.21 in chips) 
Seat 7: superjod218 ($2 in chips) 
Seat 8: abufirs ($2.80 in chips) 
Seat 9: evon777 ($0.80 in chips) 
abufirs: posts small blind $0.01
evon777: posts big blind $0.02
yatoss: sits out 
*** HOLE CARDS ***
Dealt to Dorex2007 [8d Th]
BR00RB: folds 
Dorex2007 has timed out
Dorex2007: folds 
Kela1373: folds 
Artur16228: folds 
superjod218: folds 
abufirs: folds 
Uncalled bet ($0.01) returned to evon777
evon777 collected $0.02 from pot
evon777: doesn't show hand 
*** SUMMARY ***
Total pot $0.02 | Rake $0 
Seat 1: BR00RB folded before Flop (didn't bet)
Seat 2: Dorex2007 folded before Flop (didn't bet)
Seat 4: Kela1373 folded before Flop (didn't bet)
Seat 6: Artur16228 folded before Flop (didn't bet)
Seat 7: superjod218 (button) folded before Flop (didn't bet)
Seat 8: abufirs (small blind) folded before Flop
Seat 9: evon777 (big blind) collected ($0.02)



PokerStars Hand #232422005901:  Hold'em No Limit ($0.01/$0.02 USD) - 2021/12/22 0:50:43 PT [2021/12/22 3:50:43 ET]
Table 'Torrence' 9-max Seat #4 is the button
Seat 1: BR00RB ($0.53 in chips) 
Seat 2: Dorex2007 ($2.15 in chips) 
Seat 4: Kela1373 ($2.36 in chips) 
Seat 5: yatoss ($1.59 in chips) 
Seat 6: Artur16228 ($2.21 in chips) 
Seat 7: superjod218 ($2 in chips) 
Seat 8: abufirs ($2.58 in chips) 
Seat 9: evon777 ($0.80 in chips) 
yatoss: posts small blind $0.01
Artur16228: posts big blind $0.02
Dorex2007: posts small & big blinds $0.03
Vorontsov28: sits out 
*** HOLE CARDS ***
Dealt to Dorex2007 [Tc Jh]
superjod218: folds 
abufirs: folds 
evon777: calls $0.02
BR00RB: folds 
Dorex2007: checks 
Kela1373: calls $0.02
yatoss: raises $0.04 to $0.06
Artur16228: folds 
evon777: calls $0.04
Dorex2007: folds 
Kela1373: calls $0.04
*** FLOP *** [2h 2d 7h]
yatoss: checks 
evon777: checks 
Kela1373: checks 
*** TURN *** [2h 2d 7h] [3d]
yatoss: checks 
evon777: checks 
Kela1373: checks 
*** RIVER *** [2h 2d 7h 3d] [5d]
yatoss: checks 
evon777: bets $0.02
Kela1373: raises $0.13 to $0.15
yatoss: folds 
evon777: calls $0.13
*** SHOW DOWN ***
Kela1373: shows [4d Kd] (a flush, King high)
evon777: mucks hand 
Kela1373 collected $0.51 from pot
*** SUMMARY ***
Total pot $0.53 | Rake $0.02 
Board [2h 2d 7h 3d 5d]
Seat 1: BR00RB folded before Flop (didn't bet)
Seat 2: Dorex2007 folded before Flop (didn't bet)
Seat 4: Kela1373 (button) showed [4d Kd] and won ($0.51) with a flush, King high
Seat 5: yatoss (small blind) folded on the River
Seat 6: Artur16228 (big blind) folded before Flop
Seat 7: superjod218 folded before Flop (didn't bet)
Seat 8: abufirs folded before Flop (didn't bet)
Seat 9: evon777 mucked [3c 6c]



PokerStars Hand #232422019349:  Hold'em No Limit ($0.01/$0.02 USD) - 2021/12/22 0:52:04 PT [2021/12/22 3:52:04 ET]
Table 'Torrence' 9-max Seat #5 is the button
Seat 1: BR00RB ($0.53 in chips) 
Seat 2: Dorex2007 ($2.12 in chips) 
Seat 3: Vorontsov28 ($2 in chips) 
Seat 4: Kela1373 ($2.66 in chips) 
Seat 5: yatoss ($1.53 in chips) 
Seat 6: Artur16228 ($2.19 in chips) 
Seat 7: superjod218 ($2 in chips) 
Seat 8: abufirs ($2.58 in chips) 
Seat 9: evon777 ($0.59 in chips) 
Artur16228: posts small blind $0.01
superjod218: posts big blind $0.02
Vorontsov28: posts big blind $0.02
*** HOLE CARDS ***
Dealt to Dorex2007 [Ad 2s]
abufirs: folds 
evon777: folds 
BR00RB: calls $0.02
Dorex2007: folds 
Vorontsov28: checks 
Kela1373: calls $0.02
yatoss: folds 
Artur16228: folds 
superjod218: checks 
*** FLOP *** [2d Ah Qh]
superjod218: checks 
BR00RB: bets $0.02
Vorontsov28: folds 
Kela1373: folds 
superjod218: folds 
Uncalled bet ($0.02) returned to BR00RB
BR00RB collected $0.09 from pot
BR00RB: doesn't show hand 
*** SUMMARY ***
Total pot $0.09 | Rake $0 
Board [2d Ah Qh]
Seat 1: BR00RB collected ($0.09)
Seat 2: Dorex2007 folded before Flop (didn't bet)
Seat 3: Vorontsov28 folded on the Flop (didn't bet)
Seat 4: Kela1373 folded on the Flop
Seat 5: yatoss (button) folded before Flop (didn't bet)
Seat 6: Artur16228 (small blind) folded before Flop
Seat 7: superjod218 (big blind) folded on the Flop
Seat 8: abufirs folded before Flop (didn't bet)
Seat 9: evon777 folded before Flop (didn't bet)



PokerStars Hand #232422025059:  Hold'em No Limit ($0.01/$0.02 USD) - 2021/12/22 0:52:38 PT [2021/12/22 3:52:38 ET]
Table 'Torrence' 9-max Seat #6 is the button
Seat 1: BR00RB ($0.60 in chips) 
Seat 2: Dorex2007 ($2.12 in chips) 
Seat 3: Vorontsov28 ($2 in chips) 
Seat 4: Kela1373 ($2.64 in chips) 
Seat 5: yatoss ($1.53 in chips) 
Seat 6: Artur16228 ($2.18 in chips) 
Seat 7: superjod218 ($2 in chips) 
Seat 8: abufirs ($2.58 in chips) 
Seat 9: evon777 ($0.59 in chips) 
superjod218: posts small blind $0.01
abufirs: posts big blind $0.02
*** HOLE CARDS ***
Dealt to Dorex2007 [8c 3s]
evon777: calls $0.02
BR00RB: folds 
Dorex2007: folds 
Vorontsov28: folds 
Kela1373: folds 
yatoss: folds 
Artur16228: folds 
superjod218: folds 
abufirs: checks 
*** FLOP *** [Ks 6s As]
abufirs: checks 
evon777: bets $0.04
abufirs: folds 
Uncalled bet ($0.04) returned to evon777
evon777 collected $0.05 from pot
*** SUMMARY ***
Total pot $0.05 | Rake $0 
Board [Ks 6s As]
Seat 1: BR00RB folded before Flop (didn't bet)
Seat 2: Dorex2007 folded before Flop (didn't bet)
Seat 3: Vorontsov28 folded before Flop (didn't bet)
Seat 4: Kela1373 folded before Flop (didn't bet)
Seat 5: yatoss folded before Flop (didn't bet)
Seat 6: Artur16228 (button) folded before Flop (didn't bet)
Seat 7: superjod218 (small blind) folded before Flop
Seat 8: abufirs (big blind) folded on the Flop
Seat 9: evon777 collected ($0.05)



PokerStars Hand #232422031425:  Hold'em No Limit ($0.01/$0.02 USD) - 2021/12/22 0:53:16 PT [2021/12/22 3:53:16 ET]
Table 'Torrence' 9-max Seat #7 is the button
Seat 1: BR00RB ($0.60 in chips) 
Seat 2: Dorex2007 ($2.12 in chips) 
Seat 3: Vorontsov28 ($2 in chips) 
Seat 4: Kela1373 ($2.64 in chips) 
Seat 5: yatoss ($1.53 in chips) 
Seat 6: Artur16228 ($2.18 in chips) 
Seat 7: superjod218 ($2 in chips) 
Seat 8: abufirs ($2.56 in chips) 
Seat 9: evon777 ($0.62 in chips) 
abufirs: posts small blind $0.01
evon777: posts big blind $0.02
*** HOLE CARDS ***
Dealt to Dorex2007 [5s 3s]
BR00RB: calls $0.02
Dorex2007: folds 
Vorontsov28: folds 
Kela1373: folds 
yatoss: folds 
Artur16228: folds 
superjod218: folds 
abufirs: calls $0.01
evon777: checks 
*** FLOP *** [Qs 7h 8d]
abufirs: checks 
evon777: bets $0.02
BR00RB: calls $0.02
abufirs: folds 
*** TURN *** [Qs 7h 8d] [9s]
evon777: checks 
BR00RB: bets $0.05
evon777: calls $0.05
*** RIVER *** [Qs 7h 8d 9s] [6d]
evon777: bets $0.19
BR00RB: raises $0.29 to $0.48
evon777: calls $0.29
*** SHOW DOWN ***
BR00RB: shows [Th Qd] (a straight, Six to Ten)
evon777: shows [Tc 7s] (a straight, Six to Ten)
evon777 collected $0.56 from pot
BR00RB collected $0.56 from pot
*** SUMMARY ***
Total pot $1.16 | Rake $0.04 
Board [Qs 7h 8d 9s 6d]
Seat 1: BR00RB showed [Th Qd] and won ($0.56) with a straight, Six to Ten
Seat 2: Dorex2007 folded before Flop (didn't bet)
Seat 3: Vorontsov28 folded before Flop (didn't bet)
Seat 4: Kela1373 folded before Flop (didn't bet)
Seat 5: yatoss folded before Flop (didn't bet)
Seat 6: Artur16228 folded before Flop (didn't bet)
Seat 7: superjod218 (button) folded before Flop (didn't bet)
Seat 8: abufirs (small blind) folded on the Flop
Seat 9: evon777 (big blind) showed [Tc 7s] and won ($0.56) with a straight, Six to Ten



PokerStars Hand #232422041795:  Hold'em No Limit ($0.01/$0.02 USD) - 2021/12/22 0:54:17 PT [2021/12/22 3:54:17 ET]
Table 'Torrence' 9-max Seat #8 is the button
Seat 1: BR00RB ($0.59 in chips) 
Seat 2: Dorex2007 ($2.12 in chips) 
Seat 3: Vorontsov28 ($2 in chips) 
Seat 4: Kela1373 ($2.64 in chips) 
Seat 5: yatoss ($1.53 in chips) 
Seat 6: Artur16228 ($2.18 in chips) 
Seat 7: superjod218 ($2 in chips) 
Seat 8: abufirs ($2.54 in chips) 
Seat 9: evon777 ($0.61 in chips) 
evon777: posts small blind $0.01
BR00RB: posts big blind $0.02
*** HOLE CARDS ***
Dealt to Dorex2007 [2c 4s]
Dorex2007: folds 
Vorontsov28: raises $0.04 to $0.06
Kela1373: folds 
yatoss: calls $0.06
Artur16228: folds 
superjod218: folds 
abufirs: folds 
evon777: calls $0.05
BR00RB: folds 
*** FLOP *** [Tc 4h Ks]
evon777: checks 
Vorontsov28: checks 
yatoss: checks 
*** TURN *** [Tc 4h Ks] [6c]
evon777: checks 
Vorontsov28: bets $0.14
yatoss: folds 
evon777: calls $0.14
*** RIVER *** [Tc 4h Ks 6c] [7c]
evon777: bets $0.23
Vorontsov28: folds 
Uncalled bet ($0.23) returned to evon777
evon777 collected $0.46 from pot
evon777: doesn't show hand 
*** SUMMARY ***
Total pot $0.48 | Rake $0.02 
Board [Tc 4h Ks 6c 7c]
Seat 1: BR00RB (big blind) folded before Flop
Seat 2: Dorex2007 folded before Flop (didn't bet)
Seat 3: Vorontsov28 folded on the River
Seat 4: Kela1373 folded before Flop (didn't bet)
Seat 5: yatoss folded on the Turn
Seat 6: Artur16228 folded before Flop (didn't bet)
Seat 7: superjod218 folded before Flop (didn't bet)
Seat 8: abufirs (button) folded before Flop (didn't bet)
Seat 9: evon777 (small blind) collected ($0.46)



PokerStars Hand #232422049376:  Hold'em No Limit ($0.01/$0.02 USD) - 2021/12/22 0:55:02 PT [2021/12/22 3:55:02 ET]
Table 'Torrence' 9-max Seat #9 is the button
Seat 1: BR00RB ($0.57 in chips) 
Seat 2: Dorex2007 ($2.12 in chips) 
Seat 3: Vorontsov28 ($2 in chips) 
Seat 4: Kela1373 ($2.64 in chips) 
Seat 5: yatoss ($1.47 in chips) 
Seat 6: Artur16228 ($2.18 in chips) 
Seat 7: superjod218 ($2 in chips) 
Seat 8: abufirs ($2.54 in chips) 
Seat 9: evon777 ($0.87 in chips) 
BR00RB: posts small blind $0.01
Dorex2007: posts big blind $0.02
*** HOLE CARDS ***
Dealt to Dorex2007 [2h 7s]
Vorontsov28: folds 
Kela1373: folds 
yatoss: folds 
Artur16228: folds 
superjod218: folds 
abufirs: folds 
evon777: folds 
evon777 leaves the table
BR00RB: calls $0.01
Dorex2007: checks 
*** FLOP *** [Th 2c 3c]
BR00RB: checks 
Dorex2007: checks 
*** TURN *** [Th 2c 3c] [Qs]
JonnieTightLips joins the table at seat #9 
BR00RB: bets $0.02
Dorex2007: folds 
Uncalled bet ($0.02) returned to BR00RB
BR00RB collected $0.04 from pot
BR00RB: doesn't show hand 
*** SUMMARY ***
Total pot $0.04 | Rake $0 
Board [Th 2c 3c Qs]
Seat 1: BR00RB (small blind) collected ($0.04)
Seat 2: Dorex2007 (big blind) folded on the Turn
Seat 3: Vorontsov28 folded before Flop (didn't bet)
Seat 4: Kela1373 folded before Flop (didn't bet)
Seat 5: yatoss folded before Flop (didn't bet)
Seat 6: Artur16228 folded before Flop (didn't bet)
Seat 7: superjod218 folded before Flop (didn't bet)
Seat 8: abufirs folded before Flop (didn't bet)
Seat 9: evon777 (button) folded before Flop (didn't bet)



PokerStars Hand #232422061745:  Hold'em No Limit ($0.01/$0.02 USD) - 2021/12/22 0:56:26 PT [2021/12/22 3:56:26 ET]
Table 'Torrence' 9-max Seat #1 is the button
Seat 1: BR00RB ($0.59 in chips) 
Seat 2: Dorex2007 ($2.10 in chips) 
Seat 3: Vorontsov28 ($2 in chips) 
Seat 4: Kela1373 ($2.64 in chips) 
Seat 5: yatoss ($1.47 in chips) 
Seat 6: Artur16228 ($2.18 in chips) 
Seat 7: superjod218 ($2 in chips) 
Seat 8: abufirs ($2.54 in chips) 
Seat 9: JonnieTightLips ($0.80 in chips) 
Dorex2007: posts small blind $0.01
Vorontsov28: posts big blind $0.02
JonnieTightLips: posts big blind $0.02
*** HOLE CARDS ***
Dealt to Dorex2007 [9d 9s]
Kela1373: calls $0.02
yatoss: folds 
Artur16228: folds 
superjod218: folds 
abufirs: calls $0.02
JonnieTightLips: checks 
BR00RB: folds 
Dorex2007: calls $0.01
Vorontsov28: checks 
*** FLOP *** [Td 7h 5d]
Dorex2007: checks 
Vorontsov28: checks 
Kela1373: checks 
abufirs: checks 
JonnieTightLips: checks 
*** TURN *** [Td 7h 5d] [Qh]
Dorex2007: checks 
Vorontsov28: checks 
Kela1373: bets $0.04
abufirs: folds 
JonnieTightLips: folds 
Dorex2007: folds 
Vorontsov28: folds 
Uncalled bet ($0.04) returned to Kela1373
Kela1373 collected $0.10 from pot
Kela1373: doesn't show hand 
*** SUMMARY ***
Total pot $0.10 | Rake $0 
Board [Td 7h 5d Qh]
Seat 1: BR00RB (button) folded before Flop (didn't bet)
Seat 2: Dorex2007 (small blind) folded on the Turn
Seat 3: Vorontsov28 (big blind) folded on the Turn
Seat 4: Kela1373 collected ($0.10)
Seat 5: yatoss folded before Flop (didn't bet)
Seat 6: Artur16228 folded before Flop (didn't bet)
Seat 7: superjod218 folded before Flop (didn't bet)
Seat 8: abufirs folded on the Turn
Seat 9: JonnieTightLips folded on the Turn (didn't bet)



PokerStars Hand #232422072112:  Hold'em No Limit ($0.01/$0.02 USD) - 2021/12/22 0:57:36 PT [2021/12/22 3:57:36 ET]
Table 'Torrence' 9-max Seat #2 is the button
Seat 1: BR00RB ($0.59 in chips) 
Seat 2: Dorex2007 ($2.08 in chips) 
Seat 3: Vorontsov28 ($2 in chips) 
Seat 4: Kela1373 ($2.72 in chips) 
Seat 5: yatoss ($1.47 in chips) 
Seat 6: Artur16228 ($2.18 in chips) 
Seat 7: superjod218 ($2 in chips) 
Seat 8: abufirs ($2.52 in chips) 
Seat 9: JonnieTightLips ($0.78 in chips) 
Vorontsov28: posts small blind $0.01
Kela1373: posts big blind $0.02
*** HOLE CARDS ***
Dealt to Dorex2007 [Ac 8c]
yatoss: folds 
Artur16228: folds 
superjod218: folds 
abufirs: calls $0.02
JonnieTightLips: folds 
BR00RB: folds 
Dorex2007: calls $0.02
Vorontsov28: calls $0.01
Kela1373: checks 
*** FLOP *** [3c Jh 2s]
Vorontsov28: checks 
Kela1373: checks 
abufirs: checks 
Dorex2007: checks 
*** TURN *** [3c Jh 2s] [8s]
Vorontsov28: bets $0.06
Kela1373: folds 
abufirs: folds 
Dorex2007: calls $0.06
*** RIVER *** [3c Jh 2s 8s] [Ad]
Vorontsov28: checks 
Dorex2007: checks 
*** SHOW DOWN ***
Vorontsov28: shows [Js 9c] (a pair of Jacks)
Dorex2007: shows [Ac 8c] (two pair, Aces and Eights)
Dorex2007 collected $0.19 from pot
*** SUMMARY ***
Total pot $0.20 | Rake $0.01 
Board [3c Jh 2s 8s Ad]
Seat 1: BR00RB folded before Flop (didn't bet)
Seat 2: Dorex2007 (button) showed [Ac 8c] and won ($0.19) with two pair, Aces and Eights
Seat 3: Vorontsov28 (small blind) showed [Js 9c] and lost with a pair of Jacks
Seat 4: Kela1373 (big blind) folded on the Turn
Seat 5: yatoss folded before Flop (didn't bet)
Seat 6: Artur16228 folded before Flop (didn't bet)
Seat 7: superjod218 folded before Flop (didn't bet)
Seat 8: abufirs folded on the Turn
Seat 9: JonnieTightLips folded before Flop (didn't bet)



PokerStars Hand #232422079116:  Hold'em No Limit ($0.01/$0.02 USD) - 2021/12/22 0:58:22 PT [2021/12/22 3:58:22 ET]
Table 'Torrence' 9-max Seat #3 is the button
Seat 1: BR00RB ($0.59 in chips) 
Seat 2: Dorex2007 ($2.19 in chips) 
Seat 3: Vorontsov28 ($2 in chips) 
Seat 4: Kela1373 ($2.70 in chips) 
Seat 5: yatoss ($1.47 in chips) 
Seat 6: Artur16228 ($2.18 in chips) 
Seat 7: superjod218 ($2 in chips) 
Seat 8: abufirs ($2.50 in chips) 
Seat 9: JonnieTightLips ($0.78 in chips) 
Kela1373: posts small blind $0.01
yatoss: posts big blind $0.02
*** HOLE CARDS ***
Dealt to Dorex2007 [Ah 6h]
Artur16228: folds 
superjod218: folds 
abufirs is disconnected 
abufirs has timed out while being disconnected
abufirs: folds 
JonnieTightLips: folds 
BR00RB: folds 
Dorex2007: raises $0.02 to $0.04
Vorontsov28: folds 
Kela1373: folds 
yatoss: raises $0.02 to $0.06
Dorex2007: calls $0.02
*** FLOP *** [4h Th Ks]
yatoss: checks 
Dorex2007: bets $0.09
yatoss: calls $0.09
*** TURN *** [4h Th Ks] [Jd]
yatoss: checks 
Dorex2007: checks 
*** RIVER *** [4h Th Ks Jd] [Ac]
yatoss: bets $0.30
Dorex2007: calls $0.30
*** SHOW DOWN ***
yatoss: shows [Jh Jc] (three of a kind, Jacks)
Dorex2007: mucks hand 
yatoss collected $0.88 from pot
*** SUMMARY ***
Total pot $0.91 | Rake $0.03 
Board [4h Th Ks Jd Ac]
Seat 1: BR00RB folded before Flop (didn't bet)
Seat 2: Dorex2007 mucked [Ah 6h]
Seat 3: Vorontsov28 (button) folded before Flop (didn't bet)
Seat 4: Kela1373 (small blind) folded before Flop
Seat 5: yatoss (big blind) showed [Jh Jc] and won ($0.88) with three of a kind, Jacks
Seat 6: Artur16228 folded before Flop (didn't bet)
Seat 7: superjod218 folded before Flop (didn't bet)
Seat 8: abufirs folded before Flop (didn't bet)
Seat 9: JonnieTightLips folded before Flop (didn't bet)



PokerStars Hand #232422089156:  Hold'em No Limit ($0.01/$0.02 USD) - 2021/12/22 0:59:28 PT [2021/12/22 3:59:28 ET]
Table 'Torrence' 9-max Seat #4 is the button
Seat 1: BR00RB ($0.59 in chips) 
Seat 2: Dorex2007 ($2 in chips) 
Seat 3: Vorontsov28 ($2 in chips) 
Seat 4: Kela1373 ($2.69 in chips) 
Seat 5: yatoss ($1.90 in chips) 
Seat 6: Artur16228 ($2.18 in chips) 
Seat 7: superjod218 ($2 in chips) 
Seat 8: abufirs ($2.50 in chips) 
Seat 9: JonnieTightLips ($0.78 in chips) 
yatoss: posts small blind $0.01
Artur16228: posts big blind $0.02
*** HOLE CARDS ***
Dealt to Dorex2007 [6h 2s]
superjod218: folds 
abufirs: folds 
JonnieTightLips: folds 
BR00RB: folds 
Dorex2007: folds 
Vorontsov28: folds 
Kela1373: folds 
yatoss: calls $0.01
Artur16228: checks 
*** FLOP *** [4h 9s As]
yatoss: checks 
Artur16228: bets $0.02
yatoss: folds 
Uncalled bet ($0.02) returned to Artur16228
Artur16228 collected $0.04 from pot
Artur16228: doesn't show hand 
*** SUMMARY ***
Total pot $0.04 | Rake $0 
Board [4h 9s As]
Seat 1: BR00RB folded before Flop (didn't bet)
Seat 2: Dorex2007 folded before Flop (didn't bet)
Seat 3: Vorontsov28 folded before Flop (didn't bet)
Seat 4: Kela1373 (button) folded before Flop (didn't bet)
Seat 5: yatoss (small blind) folded on the Flop
Seat 6: Artur16228 (big blind) collected ($0.04)
Seat 7: superjod218 folded before Flop (didn't bet)
Seat 8: abufirs folded before Flop (didn't bet)
Seat 9: JonnieTightLips folded before Flop (didn't bet)



PokerStars Hand #232422093378:  Hold'em No Limit ($0.01/$0.02 USD) - 2021/12/22 0:59:56 PT [2021/12/22 3:59:56 ET]
Table 'Torrence' 9-max Seat #5 is the button
Seat 1: BR00RB ($0.59 in chips) 
Seat 2: Dorex2007 ($2 in chips) 
Seat 3: Vorontsov28 ($2 in chips) 
Seat 4: Kela1373 ($2.69 in chips) 
Seat 5: yatoss ($1.88 in chips) 
Seat 6: Artur16228 ($2.20 in chips) 
Seat 7: superjod218 ($2 in chips) 
Seat 8: abufirs ($2.50 in chips) 
Seat 9: JonnieTightLips ($0.78 in chips) 
Artur16228: posts small blind $0.01
superjod218: posts big blind $0.02
*** HOLE CARDS ***
Dealt to Dorex2007 [Qs Jc]
abufirs: folds 
JonnieTightLips: raises $0.05 to $0.07
abufirs leaves the table
BR00RB: folds 
Dorex2007: calls $0.07
Vorontsov28: folds 
Kela1373: folds 
yatoss: folds 
Artur16228: folds 
superjod218: folds 
*** FLOP *** [3d 9s 6c]
JonnieTightLips: bets $0.10
Dorex2007: folds 
Uncalled bet ($0.10) returned to JonnieTightLips
JonnieTightLips collected $0.16 from pot
*** SUMMARY ***
Total pot $0.17 | Rake $0.01 
Board [3d 9s 6c]
Seat 1: BR00RB folded before Flop (didn't bet)
Seat 2: Dorex2007 folded on the Flop
Seat 3: Vorontsov28 folded before Flop (didn't bet)
Seat 4: Kela1373 folded before Flop (didn't bet)
Seat 5: yatoss (button) folded before Flop (didn't bet)
Seat 6: Artur16228 (small blind) folded before Flop
Seat 7: superjod218 (big blind) folded before Flop
Seat 8: abufirs folded before Flop (didn't bet)
Seat 9: JonnieTightLips collected ($0.16)



