PokerStars Hand #224713479586:  Hold'em No Limit ($0.01/$0.02 USD) - 2021/03/11 20:00:08 PT [2021/03/11 23:00:08 ET]
Table 'Sadalmelik IV' 9-max Seat #6 is the button
Seat 1: shurik-ass ($2 in chips) 
Seat 2: glo0ma ($3.69 in chips) 
Seat 3: TheFriday42 ($0.80 in chips) 
Seat 4: 4ipush ($1.07 in chips) 
Seat 5: Sergunia ($0.80 in chips) 
Seat 6: goosemen ($1.69 in chips) 
Seat 7: Brat8078 ($0.98 in chips) 
Seat 9: Dorex2007 ($1.50 in chips) 
Brat8078: posts small blind $0.01
Dorex2007: posts big blind $0.02
*** HOLE CARDS ***
Dealt to Dorex2007 [3s 5h]
shurik-ass: raises $0.04 to $0.06
glo0ma: raises $0.12 to $0.18
TheFriday42: folds 
4ipush: folds 
Sergunia: folds 
goosemen: folds 
Brat8078: folds 
Dorex2007: folds 
shurik-ass: folds 
Uncalled bet ($0.12) returned to glo0ma
glo0ma collected $0.15 from pot
glo0ma: doesn't show hand 
*** SUMMARY ***
Total pot $0.15 | Rake $0 
Seat 1: shurik-ass folded before Flop
Seat 2: glo0ma collected ($0.15)
Seat 3: TheFriday42 folded before Flop (didn't bet)
Seat 4: 4ipush folded before Flop (didn't bet)
Seat 5: Sergunia folded before Flop (didn't bet)
Seat 6: goosemen (button) folded before Flop (didn't bet)
Seat 7: Brat8078 (small blind) folded before Flop
Seat 9: Dorex2007 (big blind) folded before Flop



PokerStars Hand #224713485756:  Hold'em No Limit ($0.01/$0.02 USD) - 2021/03/11 20:00:36 PT [2021/03/11 23:00:36 ET]
Table 'Sadalmelik IV' 9-max Seat #7 is the button
Seat 2: glo0ma ($3.78 in chips) 
Seat 3: TheFriday42 ($0.80 in chips) 
Seat 4: 4ipush ($1.07 in chips) 
Seat 5: Sergunia ($0.80 in chips) 
Seat 6: goosemen ($1.69 in chips) 
Seat 7: Brat8078 ($0.97 in chips) 
Seat 9: Dorex2007 ($1.48 in chips) 
Dorex2007: posts small blind $0.01
shurik-ass: is sitting out 
glo0ma: posts big blind $0.02
*** HOLE CARDS ***
Dealt to Dorex2007 [2d Ts]
TheFriday42: raises $0.10 to $0.12
4ipush: folds 
Sergunia: folds 
goosemen: folds 
shurik-ass leaves the table
Brat8078: folds 
Dorex2007: folds 
glo0ma: folds 
Uncalled bet ($0.10) returned to TheFriday42
TheFriday42 collected $0.05 from pot
TheFriday42: doesn't show hand 
*** SUMMARY ***
Total pot $0.05 | Rake $0 
Seat 2: glo0ma (big blind) folded before Flop
Seat 3: TheFriday42 collected ($0.05)
Seat 4: 4ipush folded before Flop (didn't bet)
Seat 5: Sergunia folded before Flop (didn't bet)
Seat 6: goosemen folded before Flop (didn't bet)
Seat 7: Brat8078 (button) folded before Flop (didn't bet)
Seat 9: Dorex2007 (small blind) folded before Flop



PokerStars Hand #224713491076:  Hold'em No Limit ($0.01/$0.02 USD) - 2021/03/11 20:00:58 PT [2021/03/11 23:00:58 ET]
Table 'Sadalmelik IV' 9-max Seat #9 is the button
Seat 2: glo0ma ($3.76 in chips) 
Seat 3: TheFriday42 ($0.83 in chips) 
Seat 4: 4ipush ($1.07 in chips) 
Seat 5: Sergunia ($0.80 in chips) 
Seat 6: goosemen ($1.69 in chips) 
Seat 7: Brat8078 ($0.97 in chips) 
Seat 9: Dorex2007 ($1.47 in chips) 
glo0ma: posts small blind $0.01
TheFriday42: posts big blind $0.02
*** HOLE CARDS ***
Dealt to Dorex2007 [7d 8d]
4ipush: calls $0.02
Sergunia: folds 
goosemen: folds 
Brat8078: raises $0.04 to $0.06
Dorex2007: calls $0.06
glo0ma: folds 
TheFriday42: folds 
4ipush: calls $0.04
*** FLOP *** [Jh 6s Th]
4ipush: checks 
Brat8078: bets $0.06
Dorex2007: calls $0.06
4ipush: calls $0.06
*** TURN *** [Jh 6s Th] [4c]
4ipush: checks 
Brat8078: checks 
Dorex2007: checks 
*** RIVER *** [Jh 6s Th 4c] [3d]
4ipush: checks 
Brat8078: checks 
Dorex2007: bets $0.10
4ipush: folds 
Brat8078: folds 
Uncalled bet ($0.10) returned to Dorex2007
Dorex2007 collected $0.38 from pot
Dorex2007: doesn't show hand 
*** SUMMARY ***
Total pot $0.39 | Rake $0.01 
Board [Jh 6s Th 4c 3d]
Seat 2: glo0ma (small blind) folded before Flop
Seat 3: TheFriday42 (big blind) folded before Flop
Seat 4: 4ipush folded on the River
Seat 5: Sergunia folded before Flop (didn't bet)
Seat 6: goosemen folded before Flop (didn't bet)
Seat 7: Brat8078 folded on the River
Seat 9: Dorex2007 (button) collected ($0.38)



PokerStars Hand #224713511964:  Hold'em No Limit ($0.01/$0.02 USD) - 2021/03/11 20:02:08 PT [2021/03/11 23:02:08 ET]
Table 'Sadalmelik IV' 9-max Seat #2 is the button
Seat 2: glo0ma ($3.75 in chips) 
Seat 3: TheFriday42 ($0.81 in chips) 
Seat 4: 4ipush ($0.95 in chips) 
Seat 5: Sergunia ($0.80 in chips) 
Seat 6: goosemen ($1.69 in chips) 
Seat 7: Brat8078 ($0.85 in chips) 
Seat 9: Dorex2007 ($1.73 in chips) 
TheFriday42: posts small blind $0.01
4ipush: posts big blind $0.02
*** HOLE CARDS ***
Dealt to Dorex2007 [2h 4c]
Sergunia: folds 
goosemen: folds 
Brat8078: folds 
Dorex2007: folds 
glo0ma: folds 
TheFriday42: folds 
Uncalled bet ($0.01) returned to 4ipush
4ipush collected $0.02 from pot
4ipush: doesn't show hand 
*** SUMMARY ***
Total pot $0.02 | Rake $0 
Seat 2: glo0ma (button) folded before Flop (didn't bet)
Seat 3: TheFriday42 (small blind) folded before Flop
Seat 4: 4ipush (big blind) collected ($0.02)
Seat 5: Sergunia folded before Flop (didn't bet)
Seat 6: goosemen folded before Flop (didn't bet)
Seat 7: Brat8078 folded before Flop (didn't bet)
Seat 9: Dorex2007 folded before Flop (didn't bet)



PokerStars Hand #224713515447:  Hold'em No Limit ($0.01/$0.02 USD) - 2021/03/11 20:02:22 PT [2021/03/11 23:02:22 ET]
Table 'Sadalmelik IV' 9-max Seat #3 is the button
Seat 2: glo0ma ($3.75 in chips) 
Seat 3: TheFriday42 ($0.80 in chips) 
Seat 4: 4ipush ($0.96 in chips) 
Seat 5: Sergunia ($0.80 in chips) 
Seat 6: goosemen ($1.69 in chips) 
Seat 7: Brat8078 ($0.85 in chips) 
Seat 9: Dorex2007 ($1.73 in chips) 
4ipush: posts small blind $0.01
Sergunia: posts big blind $0.02
*** HOLE CARDS ***
Dealt to Dorex2007 [3s 5h]
goosemen: folds 
Brat8078: raises $0.02 to $0.04
Dorex2007: folds 
glo0ma: folds 
TheFriday42: raises $0.04 to $0.08
4ipush: calls $0.07
Sergunia: folds 
Brat8078: calls $0.04
*** FLOP *** [3c Ts 3d]
4ipush: checks 
Brat8078: checks 
TheFriday42: checks 
*** TURN *** [3c Ts 3d] [2h]
4ipush: checks 
Brat8078: checks 
TheFriday42: checks 
*** RIVER *** [3c Ts 3d 2h] [3h]
4ipush: checks 
Brat8078: checks 
TheFriday42: checks 
*** SHOW DOWN ***
4ipush: shows [9s Jc] (three of a kind, Threes)
Brat8078: shows [Kd Jh] (three of a kind, Threes - King kicker)
TheFriday42: mucks hand 
Brat8078 collected $0.25 from pot
*** SUMMARY ***
Total pot $0.26 | Rake $0.01 
Board [3c Ts 3d 2h 3h]
Seat 2: glo0ma folded before Flop (didn't bet)
Seat 3: TheFriday42 (button) mucked [Qh Jd]
Seat 4: 4ipush (small blind) showed [9s Jc] and lost with three of a kind, Threes
Seat 5: Sergunia (big blind) folded before Flop
Seat 6: goosemen folded before Flop (didn't bet)
Seat 7: Brat8078 showed [Kd Jh] and won ($0.25) with three of a kind, Threes
Seat 9: Dorex2007 folded before Flop (didn't bet)



PokerStars Hand #224713531074:  Hold'em No Limit ($0.01/$0.02 USD) - 2021/03/11 20:03:24 PT [2021/03/11 23:03:24 ET]
Table 'Sadalmelik IV' 9-max Seat #4 is the button
Seat 2: glo0ma ($3.75 in chips) 
Seat 3: TheFriday42 ($0.72 in chips) 
Seat 4: 4ipush ($0.88 in chips) 
Seat 5: Sergunia ($0.80 in chips) 
Seat 6: goosemen ($1.69 in chips) 
Seat 7: Brat8078 ($1.02 in chips) 
Seat 9: Dorex2007 ($1.73 in chips) 
Sergunia: posts small blind $0.01
goosemen: posts big blind $0.02
*** HOLE CARDS ***
Dealt to Dorex2007 [2h 5d]
Brat8078: calls $0.02
Dorex2007: folds 
glo0ma: folds 
TheFriday42: raises $0.06 to $0.08
4ipush: folds 
Sergunia: folds 
goosemen: calls $0.06
Brat8078: calls $0.06
*** FLOP *** [4c 7h 3s]
goosemen: checks 
Brat8078: checks 
TheFriday42: checks 
*** TURN *** [4c 7h 3s] [4d]
goosemen: checks 
Brat8078: checks 
TheFriday42: bets $0.12
goosemen: calls $0.12
Brat8078: folds 
*** RIVER *** [4c 7h 3s 4d] [Jd]
goosemen: checks 
TheFriday42: bets $0.47
goosemen: calls $0.47
*** SHOW DOWN ***
TheFriday42: shows [Kc Js] (two pair, Jacks and Fours)
goosemen: mucks hand 
TheFriday42 collected $1.38 from pot
*** SUMMARY ***
Total pot $1.43 | Rake $0.05 
Board [4c 7h 3s 4d Jd]
Seat 2: glo0ma folded before Flop (didn't bet)
Seat 3: TheFriday42 showed [Kc Js] and won ($1.38) with two pair, Jacks and Fours
Seat 4: 4ipush (button) folded before Flop (didn't bet)
Seat 5: Sergunia (small blind) folded before Flop
Seat 6: goosemen (big blind) mucked [As 6c]
Seat 7: Brat8078 folded on the Turn
Seat 9: Dorex2007 folded before Flop (didn't bet)



PokerStars Hand #224713550769:  Hold'em No Limit ($0.01/$0.02 USD) - 2021/03/11 20:04:38 PT [2021/03/11 23:04:38 ET]
Table 'Sadalmelik IV' 9-max Seat #5 is the button
Seat 2: glo0ma ($3.75 in chips) 
Seat 3: TheFriday42 ($1.43 in chips) 
Seat 4: 4ipush ($0.88 in chips) 
Seat 5: Sergunia ($0.80 in chips) 
Seat 6: goosemen ($1.02 in chips) 
Seat 7: Brat8078 ($0.94 in chips) 
Seat 9: Dorex2007 ($1.73 in chips) 
goosemen: posts small blind $0.01
Brat8078: posts big blind $0.02
*** HOLE CARDS ***
Dealt to Dorex2007 [2c 2h]
Dorex2007: folds 
glo0ma: folds 
TheFriday42: folds 
4ipush: calls $0.02
Sergunia: folds 
goosemen: folds 
Brat8078: checks 
*** FLOP *** [Js 2d 3c]
Brat8078: bets $0.02
4ipush: calls $0.02
*** TURN *** [Js 2d 3c] [Qd]
littlered962 joins the table at seat #1 
Brat8078: checks 
4ipush: checks 
*** RIVER *** [Js 2d 3c Qd] [7d]
Brat8078: checks 
4ipush: bets $0.09
Brat8078: folds 
Uncalled bet ($0.09) returned to 4ipush
4ipush collected $0.09 from pot
4ipush: doesn't show hand 
*** SUMMARY ***
Total pot $0.09 | Rake $0 
Board [Js 2d 3c Qd 7d]
Seat 2: glo0ma folded before Flop (didn't bet)
Seat 3: TheFriday42 folded before Flop (didn't bet)
Seat 4: 4ipush collected ($0.09)
Seat 5: Sergunia (button) folded before Flop (didn't bet)
Seat 6: goosemen (small blind) folded before Flop
Seat 7: Brat8078 (big blind) folded on the River
Seat 9: Dorex2007 folded before Flop (didn't bet)



PokerStars Hand #224713565931:  Hold'em No Limit ($0.01/$0.02 USD) - 2021/03/11 20:05:38 PT [2021/03/11 23:05:38 ET]
Table 'Sadalmelik IV' 9-max Seat #6 is the button
Seat 2: glo0ma ($3.75 in chips) 
Seat 3: TheFriday42 ($1.43 in chips) 
Seat 4: 4ipush ($0.93 in chips) 
Seat 5: Sergunia ($0.80 in chips) 
Seat 6: goosemen ($1.01 in chips) 
Seat 7: Brat8078 ($0.90 in chips) 
Seat 9: Dorex2007 ($1.73 in chips) 
Brat8078: posts small blind $0.01
Dorex2007: posts big blind $0.02
littlered962: sits out 
*** HOLE CARDS ***
Dealt to Dorex2007 [5c 8d]
glo0ma: folds 
TheFriday42: folds 
4ipush: calls $0.02
Sergunia: folds 
goosemen has timed out
goosemen: folds 
Brat8078: calls $0.01
Dorex2007: checks 
*** FLOP *** [9h 8s 6d]
Brat8078: bets $0.06
Dorex2007: calls $0.06
4ipush: calls $0.06
*** TURN *** [9h 8s 6d] [Ad]
Brat8078: bets $0.10
Dorex2007: calls $0.10
4ipush: folds 
*** RIVER *** [9h 8s 6d Ad] [2h]
Brat8078: checks 
Dorex2007: bets $0.28
Brat8078: folds 
Uncalled bet ($0.28) returned to Dorex2007
Dorex2007 collected $0.42 from pot
Dorex2007: doesn't show hand 
*** SUMMARY ***
Total pot $0.44 | Rake $0.02 
Board [9h 8s 6d Ad 2h]
Seat 2: glo0ma folded before Flop (didn't bet)
Seat 3: TheFriday42 folded before Flop (didn't bet)
Seat 4: 4ipush folded on the Turn
Seat 5: Sergunia folded before Flop (didn't bet)
Seat 6: goosemen (button) folded before Flop (didn't bet)
Seat 7: Brat8078 (small blind) folded on the River
Seat 9: Dorex2007 (big blind) collected ($0.42)



PokerStars Hand #224713581576:  Hold'em No Limit ($0.01/$0.02 USD) - 2021/03/11 20:06:41 PT [2021/03/11 23:06:41 ET]
Table 'Sadalmelik IV' 9-max Seat #7 is the button
Seat 1: littlered962 ($1.60 in chips) 
Seat 2: glo0ma ($3.75 in chips) 
Seat 3: TheFriday42 ($1.43 in chips) 
Seat 4: 4ipush ($0.85 in chips) 
Seat 5: Sergunia ($0.80 in chips) 
Seat 6: goosemen ($1.01 in chips) 
Seat 7: Brat8078 ($0.72 in chips) 
Seat 9: Dorex2007 ($1.97 in chips) 
Dorex2007: posts small blind $0.01
littlered962: posts big blind $0.02
*** HOLE CARDS ***
Dealt to Dorex2007 [5s Ac]
frosa9397 leaves the table
glo0ma: folds 
TheFriday42: calls $0.02
4ipush: folds 
Sergunia: folds 
goosemen: folds 
Brat8078: folds 
Dorex2007: calls $0.01
littlered962: checks 
*** FLOP *** [6h 9d 4c]
Dorex2007: checks 
littlered962: checks 
TheFriday42: checks 
*** TURN *** [6h 9d 4c] [Js]
Dorex2007: checks 
littlered962: bets $0.02
TheFriday42: raises $0.08 to $0.10
Dorex2007: folds 
littlered962: calls $0.08
*** RIVER *** [6h 9d 4c Js] [8s]
littlered962: checks 
TheFriday42: checks 
*** SHOW DOWN ***
littlered962: shows [Jc Qc] (a pair of Jacks)
TheFriday42: mucks hand 
littlered962 collected $0.25 from pot
*** SUMMARY ***
Total pot $0.26 | Rake $0.01 
Board [6h 9d 4c Js 8s]
Seat 1: littlered962 (big blind) showed [Jc Qc] and won ($0.25) with a pair of Jacks
Seat 2: glo0ma folded before Flop (didn't bet)
Seat 3: TheFriday42 mucked [9h Ah]
Seat 4: 4ipush folded before Flop (didn't bet)
Seat 5: Sergunia folded before Flop (didn't bet)
Seat 6: goosemen folded before Flop (didn't bet)
Seat 7: Brat8078 (button) folded before Flop (didn't bet)
Seat 9: Dorex2007 (small blind) folded on the Turn



PokerStars Hand #224713596787:  Hold'em No Limit ($0.01/$0.02 USD) - 2021/03/11 20:07:34 PT [2021/03/11 23:07:34 ET]
Table 'Sadalmelik IV' 9-max Seat #9 is the button
Seat 1: littlered962 ($1.73 in chips) 
Seat 2: glo0ma ($3.75 in chips) 
Seat 3: TheFriday42 ($1.31 in chips) 
Seat 4: 4ipush ($0.85 in chips) 
Seat 5: Sergunia ($0.80 in chips) 
Seat 6: goosemen ($1.01 in chips) 
Seat 7: Brat8078 ($0.72 in chips) 
Seat 9: Dorex2007 ($1.95 in chips) 
littlered962: posts small blind $0.01
glo0ma: posts big blind $0.02
*** HOLE CARDS ***
Dealt to Dorex2007 [Ad 2h]
TheFriday42: folds 
4ipush: folds 
Sergunia: folds 
goosemen: folds 
Brat8078: calls $0.02
Dorex2007: folds 
littlered962: folds 
glo0ma: checks 
*** FLOP *** [4c 4s Td]
12Lincoln joins the table at seat #8 
glo0ma: checks 
Brat8078: bets $0.02
glo0ma: folds 
Uncalled bet ($0.02) returned to Brat8078
Brat8078 collected $0.05 from pot
Brat8078: doesn't show hand 
*** SUMMARY ***
Total pot $0.05 | Rake $0 
Board [4c 4s Td]
Seat 1: littlered962 (small blind) folded before Flop
Seat 2: glo0ma (big blind) folded on the Flop
Seat 3: TheFriday42 folded before Flop (didn't bet)
Seat 4: 4ipush folded before Flop (didn't bet)
Seat 5: Sergunia folded before Flop (didn't bet)
Seat 6: goosemen folded before Flop (didn't bet)
Seat 7: Brat8078 collected ($0.05)
Seat 9: Dorex2007 (button) folded before Flop (didn't bet)



PokerStars Hand #224713603589:  Hold'em No Limit ($0.01/$0.02 USD) - 2021/03/11 20:08:01 PT [2021/03/11 23:08:01 ET]
Table 'Sadalmelik IV' 9-max Seat #1 is the button
Seat 1: littlered962 ($1.72 in chips) 
Seat 2: glo0ma ($3.73 in chips) 
Seat 3: TheFriday42 ($1.31 in chips) 
Seat 4: 4ipush ($0.85 in chips) 
Seat 5: Sergunia ($0.80 in chips) 
Seat 6: goosemen ($1.01 in chips) 
Seat 7: Brat8078 ($0.75 in chips) 
Seat 8: 12Lincoln ($1.60 in chips) 
Seat 9: Dorex2007 ($1.95 in chips) 
glo0ma: posts small blind $0.01
TheFriday42: posts big blind $0.02
12Lincoln: posts big blind $0.02
*** HOLE CARDS ***
Dealt to Dorex2007 [8c 8d]
4ipush: calls $0.02
Sergunia: folds 
goosemen: raises $0.02 to $0.04
Brat8078: calls $0.04
12Lincoln: folds 
Dorex2007: raises $0.18 to $0.22
littlered962: folds 
glo0ma: folds 
TheFriday42: folds 
4ipush: folds 
goosemen: calls $0.18
Brat8078: folds 
*** FLOP *** [2h 6h Kc]
goosemen: checks 
Dorex2007: bets $1.73 and is all-in
goosemen: folds 
Uncalled bet ($1.73) returned to Dorex2007
Dorex2007 collected $0.53 from pot
Dorex2007: doesn't show hand 
*** SUMMARY ***
Total pot $0.55 | Rake $0.02 
Board [2h 6h Kc]
Seat 1: littlered962 (button) folded before Flop (didn't bet)
Seat 2: glo0ma (small blind) folded before Flop
Seat 3: TheFriday42 (big blind) folded before Flop
Seat 4: 4ipush folded before Flop
Seat 5: Sergunia folded before Flop (didn't bet)
Seat 6: goosemen folded on the Flop
Seat 7: Brat8078 folded before Flop
Seat 8: 12Lincoln folded before Flop (didn't bet)
Seat 9: Dorex2007 collected ($0.53)



PokerStars Hand #224713617173:  Hold'em No Limit ($0.01/$0.02 USD) - 2021/03/11 20:08:56 PT [2021/03/11 23:08:56 ET]
Table 'Sadalmelik IV' 9-max Seat #2 is the button
Seat 1: littlered962 ($1.72 in chips) 
Seat 2: glo0ma ($3.72 in chips) 
Seat 3: TheFriday42 ($1.29 in chips) 
Seat 4: 4ipush ($0.83 in chips) 
Seat 5: Sergunia ($0.80 in chips) 
Seat 6: goosemen ($0.79 in chips) 
Seat 7: Brat8078 ($0.71 in chips) 
Seat 8: 12Lincoln ($1.58 in chips) 
Seat 9: Dorex2007 ($2.26 in chips) 
TheFriday42: posts small blind $0.01
4ipush: posts big blind $0.02
*** HOLE CARDS ***
Dealt to Dorex2007 [Jc 2c]
Sergunia: raises $0.04 to $0.06
goosemen: folds 
Brat8078: calls $0.06
12Lincoln: folds 
Dorex2007: folds 
littlered962: folds 
glo0ma: calls $0.06
TheFriday42: calls $0.05
4ipush: calls $0.04
*** FLOP *** [2s Ts 2h]
TheFriday42: bets $0.15
4ipush: folds 
Sergunia: folds 
Brat8078: folds 
glo0ma: calls $0.15
*** TURN *** [2s Ts 2h] [4d]
TheFriday42: bets $0.29
glo0ma: calls $0.29
*** RIVER *** [2s Ts 2h 4d] [3h]
TheFriday42: checks 
glo0ma: bets $0.68
TheFriday42: calls $0.68
*** SHOW DOWN ***
glo0ma: shows [Th Qs] (two pair, Tens and Deuces)
TheFriday42: mucks hand 
glo0ma collected $2.45 from pot
*** SUMMARY ***
Total pot $2.54 | Rake $0.09 
Board [2s Ts 2h 4d 3h]
Seat 1: littlered962 folded before Flop (didn't bet)
Seat 2: glo0ma (button) showed [Th Qs] and won ($2.45) with two pair, Tens and Deuces
Seat 3: TheFriday42 (small blind) mucked [Js Tc]
Seat 4: 4ipush (big blind) folded on the Flop
Seat 5: Sergunia folded on the Flop
Seat 6: goosemen folded before Flop (didn't bet)
Seat 7: Brat8078 folded on the Flop
Seat 8: 12Lincoln folded before Flop (didn't bet)
Seat 9: Dorex2007 folded before Flop (didn't bet)



PokerStars Hand #224713634915:  Hold'em No Limit ($0.01/$0.02 USD) - 2021/03/11 20:10:08 PT [2021/03/11 23:10:08 ET]
Table 'Sadalmelik IV' 9-max Seat #3 is the button
Seat 1: littlered962 ($1.72 in chips) 
Seat 2: glo0ma ($4.99 in chips) 
Seat 3: TheFriday42 ($0.80 in chips) 
Seat 4: 4ipush ($0.77 in chips) 
Seat 5: Sergunia ($0.80 in chips) 
Seat 6: goosemen ($0.79 in chips) 
Seat 7: Brat8078 ($0.65 in chips) 
Seat 8: 12Lincoln ($1.58 in chips) 
Seat 9: Dorex2007 ($2.26 in chips) 
4ipush: posts small blind $0.01
Sergunia: posts big blind $0.02
*** HOLE CARDS ***
Dealt to Dorex2007 [Kc As]
goosemen: raises $0.02 to $0.04
Brat8078: folds 
12Lincoln: folds 
Dorex2007: raises $0.06 to $0.10
littlered962: folds 
glo0ma: folds 
TheFriday42: calls $0.10
4ipush: calls $0.09
Sergunia: folds 
goosemen: raises $0.06 to $0.16
Dorex2007: raises $2.10 to $2.26 and is all-in
TheFriday42: calls $0.70 and is all-in
4ipush: folds 
goosemen: calls $0.63 and is all-in
Uncalled bet ($1.46) returned to Dorex2007
*** FLOP *** [6h 5h 2c]
*** TURN *** [6h 5h 2c] [4c]
*** RIVER *** [6h 5h 2c 4c] [5c]
*** SHOW DOWN ***
Dorex2007: shows [Kc As] (a pair of Fives)
TheFriday42: shows [9d Jd] (a pair of Fives - lower kicker)
Dorex2007 collected $0.02 from side pot
goosemen: shows [Qh Qd] (two pair, Queens and Fives)
goosemen collected $2.40 from main pot
*** SUMMARY ***
Total pot $2.51 Main pot $2.40. Side pot $0.02. | Rake $0.09 
Board [6h 5h 2c 4c 5c]
Seat 1: littlered962 folded before Flop (didn't bet)
Seat 2: glo0ma folded before Flop (didn't bet)
Seat 3: TheFriday42 (button) showed [9d Jd] and lost with a pair of Fives
Seat 4: 4ipush (small blind) folded before Flop
Seat 5: Sergunia (big blind) folded before Flop
Seat 6: goosemen showed [Qh Qd] and won ($2.40) with two pair, Queens and Fives
Seat 7: Brat8078 folded before Flop (didn't bet)
Seat 8: 12Lincoln folded before Flop (didn't bet)
Seat 9: Dorex2007 showed [Kc As] and won ($0.02) with a pair of Fives



PokerStars Hand #224713660203:  Hold'em No Limit ($0.01/$0.02 USD) - 2021/03/11 20:11:09 PT [2021/03/11 23:11:09 ET]
Table 'Sadalmelik IV' 9-max Seat #4 is the button
Seat 1: littlered962 ($1.72 in chips) 
Seat 2: glo0ma ($4.99 in chips) 
Seat 4: 4ipush ($0.67 in chips) 
Seat 5: Sergunia ($0.80 in chips) 
Seat 6: goosemen ($2.40 in chips) 
Seat 7: Brat8078 ($0.65 in chips) 
Seat 8: 12Lincoln ($1.58 in chips) 
Seat 9: Dorex2007 ($1.48 in chips) 
Sergunia: posts small blind $0.01
goosemen: posts big blind $0.02
*** HOLE CARDS ***
Dealt to Dorex2007 [9d 3s]
Brat8078: calls $0.02
TheFriday42 leaves the table
12Lincoln: calls $0.02
Dorex2007: folds 
littlered962: folds 
glo0ma: raises $0.04 to $0.06
4ipush: folds 
Sergunia: folds 
goosemen: folds 
MarkAvrelij joins the table at seat #3 
Brat8078: calls $0.04
12Lincoln: calls $0.04
*** FLOP *** [2c 4d 7s]
Brat8078: checks 
12Lincoln: bets $0.20
glo0ma: folds 
Brat8078: folds 
Uncalled bet ($0.20) returned to 12Lincoln
12Lincoln collected $0.20 from pot
12Lincoln: doesn't show hand 
*** SUMMARY ***
Total pot $0.21 | Rake $0.01 
Board [2c 4d 7s]
Seat 1: littlered962 folded before Flop (didn't bet)
Seat 2: glo0ma folded on the Flop
Seat 4: 4ipush (button) folded before Flop (didn't bet)
Seat 5: Sergunia (small blind) folded before Flop
Seat 6: goosemen (big blind) folded before Flop
Seat 7: Brat8078 folded on the Flop
Seat 8: 12Lincoln collected ($0.20)
Seat 9: Dorex2007 folded before Flop (didn't bet)



PokerStars Hand #224713672147:  Hold'em No Limit ($0.01/$0.02 USD) - 2021/03/11 20:11:57 PT [2021/03/11 23:11:57 ET]
Table 'Sadalmelik IV' 9-max Seat #5 is the button
Seat 1: littlered962 ($1.72 in chips) 
Seat 2: glo0ma ($4.93 in chips) 
Seat 4: 4ipush ($0.67 in chips) 
Seat 5: Sergunia ($0.80 in chips) 
Seat 6: goosemen ($2.38 in chips) 
Seat 7: Brat8078 ($0.59 in chips) 
Seat 8: 12Lincoln ($1.72 in chips) 
Seat 9: Dorex2007 ($1.48 in chips) 
goosemen: posts small blind $0.01
Brat8078: posts big blind $0.02
MarkAvrelij: sits out 
*** HOLE CARDS ***
Dealt to Dorex2007 [8c Jc]
12Lincoln: folds 
Dorex2007: folds 
littlered962: folds 
glo0ma: folds 
4ipush: folds 
Sergunia: folds 
goosemen: calls $0.01
Brat8078: checks 
*** FLOP *** [2d 5d Kh]
goosemen: checks 
Brat8078: checks 
*** TURN *** [2d 5d Kh] [Ah]
goosemen: checks 
Brat8078: checks 
*** RIVER *** [2d 5d Kh Ah] [7s]
goosemen: checks 
Brat8078: bets $0.04
goosemen: folds 
Uncalled bet ($0.04) returned to Brat8078
Brat8078 collected $0.04 from pot
Brat8078: doesn't show hand 
*** SUMMARY ***
Total pot $0.04 | Rake $0 
Board [2d 5d Kh Ah 7s]
Seat 1: littlered962 folded before Flop (didn't bet)
Seat 2: glo0ma folded before Flop (didn't bet)
Seat 4: 4ipush folded before Flop (didn't bet)
Seat 5: Sergunia (button) folded before Flop (didn't bet)
Seat 6: goosemen (small blind) folded on the River
Seat 7: Brat8078 (big blind) collected ($0.04)
Seat 8: 12Lincoln folded before Flop (didn't bet)
Seat 9: Dorex2007 folded before Flop (didn't bet)



PokerStars Hand #224713686715:  Hold'em No Limit ($0.01/$0.02 USD) - 2021/03/11 20:12:41 PT [2021/03/11 23:12:41 ET]
Table 'Sadalmelik IV' 9-max Seat #6 is the button
Seat 1: littlered962 ($1.72 in chips) 
Seat 2: glo0ma ($4.93 in chips) 
Seat 4: 4ipush ($0.67 in chips) 
Seat 5: Sergunia ($0.80 in chips) 
Seat 6: goosemen ($2.36 in chips) 
Seat 7: Brat8078 ($0.61 in chips) 
Seat 8: 12Lincoln ($1.72 in chips) 
Seat 9: Dorex2007 ($1.48 in chips) 
Brat8078: posts small blind $0.01
12Lincoln: posts big blind $0.02
MarkAvrelij: sits out 
*** HOLE CARDS ***
Dealt to Dorex2007 [Js 7h]
Dorex2007: folds 
littlered962: raises $0.04 to $0.06
glo0ma: folds 
4ipush: calls $0.06
Sergunia: folds 
goosemen: calls $0.06
Brat8078: folds 
12Lincoln: folds 
*** FLOP *** [Qc 5c 4h]
littlered962: bets $0.10
4ipush: folds 
goosemen: calls $0.10
*** TURN *** [Qc 5c 4h] [As]
littlered962: bets $0.08
goosemen: calls $0.08
*** RIVER *** [Qc 5c 4h As] [3h]
littlered962: bets $0.27
goosemen: calls $0.27
*** SHOW DOWN ***
littlered962: shows [Kd Kh] (a pair of Kings)
goosemen: mucks hand 
littlered962 collected $1.07 from pot
*** SUMMARY ***
Total pot $1.11 | Rake $0.04 
Board [Qc 5c 4h As 3h]
Seat 1: littlered962 showed [Kd Kh] and won ($1.07) with a pair of Kings
Seat 2: glo0ma folded before Flop (didn't bet)
Seat 4: 4ipush folded on the Flop
Seat 5: Sergunia folded before Flop (didn't bet)
Seat 6: goosemen (button) mucked [Qd Jh]
Seat 7: Brat8078 (small blind) folded before Flop
Seat 8: 12Lincoln (big blind) folded before Flop
Seat 9: Dorex2007 folded before Flop (didn't bet)



PokerStars Hand #224713698584:  Hold'em No Limit ($0.01/$0.02 USD) - 2021/03/11 20:13:30 PT [2021/03/11 23:13:30 ET]
Table 'Sadalmelik IV' 9-max Seat #7 is the button
Seat 1: littlered962 ($2.28 in chips) 
Seat 2: glo0ma ($4.93 in chips) 
Seat 4: 4ipush ($0.61 in chips) 
Seat 5: Sergunia ($0.80 in chips) 
Seat 6: goosemen ($1.85 in chips) 
Seat 7: Brat8078 ($0.60 in chips) 
Seat 8: 12Lincoln ($1.70 in chips) 
Seat 9: Dorex2007 ($1.48 in chips) 
12Lincoln: posts small blind $0.01
Dorex2007: posts big blind $0.02
MarkAvrelij: sits out 
*** HOLE CARDS ***
Dealt to Dorex2007 [Jc 9h]
littlered962: folds 
glo0ma: folds 
4ipush: calls $0.02
Sergunia: calls $0.02
goosemen: folds 
Brat8078: raises $0.10 to $0.12
12Lincoln: folds 
Dorex2007: folds 
4ipush: calls $0.10
Sergunia: folds 
*** FLOP *** [5s 2h 2d]
4ipush: checks 
littlered962 leaves the table
Brat8078: checks 
*** TURN *** [5s 2h 2d] [Qh]
4ipush: bets $0.49 and is all-in
Brat8078: calls $0.48 and is all-in
Uncalled bet ($0.01) returned to 4ipush
*** RIVER *** [5s 2h 2d Qh] [2c]
*** SHOW DOWN ***
4ipush: shows [Ad 7h] (three of a kind, Deuces)
Brat8078: shows [Qd Jd] (a full house, Deuces full of Queens)
DMF 211 joins the table at seat #1 
Brat8078 collected $1.21 from pot
*** SUMMARY ***
Total pot $1.25 | Rake $0.04 
Board [5s 2h 2d Qh 2c]
Seat 1: littlered962 folded before Flop (didn't bet)
Seat 2: glo0ma folded before Flop (didn't bet)
Seat 4: 4ipush showed [Ad 7h] and lost with three of a kind, Deuces
Seat 5: Sergunia folded before Flop
Seat 6: goosemen folded before Flop (didn't bet)
Seat 7: Brat8078 (button) showed [Qd Jd] and won ($1.21) with a full house, Deuces full of Queens
Seat 8: 12Lincoln (small blind) folded before Flop
Seat 9: Dorex2007 (big blind) folded before Flop



PokerStars Hand #224713711400:  Hold'em No Limit ($0.01/$0.02 USD) - 2021/03/11 20:14:21 PT [2021/03/11 23:14:21 ET]
Table 'Sadalmelik IV' 9-max Seat #8 is the button
Seat 1: DMF 211 ($0.80 in chips) 
Seat 2: glo0ma ($4.93 in chips) 
Seat 5: Sergunia ($0.80 in chips) 
Seat 6: goosemen ($1.85 in chips) 
Seat 7: Brat8078 ($1.21 in chips) 
Seat 8: 12Lincoln ($1.69 in chips) 
Seat 9: Dorex2007 ($1.46 in chips) 
Dorex2007: posts small blind $0.01
DMF 211: posts big blind $0.02
MarkAvrelij: sits out 
*** HOLE CARDS ***
Dealt to Dorex2007 [As 9s]
glo0ma: folds 
Sergunia: folds 
4ipush leaves the table
goosemen: folds 
Brat8078 has timed out
Brat8078: folds 
12Lincoln: folds 
Dorex2007: calls $0.01
DMF 211: checks 
*** FLOP *** [Qd 7d 2d]
Dorex2007: checks 
DMF 211: checks 
*** TURN *** [Qd 7d 2d] [2h]
Dorex2007: checks 
DMF 211: checks 
*** RIVER *** [Qd 7d 2d 2h] [Jd]
Ekshli joins the table at seat #4 
Dorex2007: checks 
DMF 211: checks 
*** SHOW DOWN ***
Dorex2007: shows [As 9s] (a pair of Deuces)
DMF 211: shows [3c Ah] (a pair of Deuces)
Dorex2007 collected $0.02 from pot
DMF 211 collected $0.02 from pot
*** SUMMARY ***
Total pot $0.04 | Rake $0 
Board [Qd 7d 2d 2h Jd]
Seat 1: DMF 211 (big blind) showed [3c Ah] and won ($0.02) with a pair of Deuces
Seat 2: glo0ma folded before Flop (didn't bet)
Seat 5: Sergunia folded before Flop (didn't bet)
Seat 6: goosemen folded before Flop (didn't bet)
Seat 7: Brat8078 folded before Flop (didn't bet)
Seat 8: 12Lincoln (button) folded before Flop (didn't bet)
Seat 9: Dorex2007 (small blind) showed [As 9s] and won ($0.02) with a pair of Deuces



PokerStars Hand #224713721465:  Hold'em No Limit ($0.01/$0.02 USD) - 2021/03/11 20:15:02 PT [2021/03/11 23:15:02 ET]
Table 'Sadalmelik IV' 9-max Seat #9 is the button
Seat 1: DMF 211 ($0.80 in chips) 
Seat 3: MarkAvrelij ($2 in chips) 
Seat 5: Sergunia ($0.80 in chips) 
Seat 6: goosemen ($1.85 in chips) 
Seat 7: Brat8078 ($1.21 in chips) 
Seat 8: 12Lincoln ($1.69 in chips) 
Seat 9: Dorex2007 ($1.46 in chips) 
DMF 211: posts small blind $0.01
glo0ma: is sitting out 
MarkAvrelij: posts big blind $0.02
Ekshli: sits out 
*** HOLE CARDS ***
Dealt to Dorex2007 [2h 6s]
Sergunia: folds 
goosemen: folds 
Brat8078: folds 
12Lincoln: folds 
Dorex2007: folds 
DMF 211: folds 
Uncalled bet ($0.01) returned to MarkAvrelij
MarkAvrelij collected $0.02 from pot
MarkAvrelij: doesn't show hand 
*** SUMMARY ***
Total pot $0.02 | Rake $0 
Seat 1: DMF 211 (small blind) folded before Flop
Seat 3: MarkAvrelij (big blind) collected ($0.02)
Seat 5: Sergunia folded before Flop (didn't bet)
Seat 6: goosemen folded before Flop (didn't bet)
Seat 7: Brat8078 folded before Flop (didn't bet)
Seat 8: 12Lincoln folded before Flop (didn't bet)
Seat 9: Dorex2007 (button) folded before Flop (didn't bet)



PokerStars Hand #224713724517:  Hold'em No Limit ($0.01/$0.02 USD) - 2021/03/11 20:15:15 PT [2021/03/11 23:15:15 ET]
Table 'Sadalmelik IV' 9-max Seat #1 is the button
Seat 1: DMF 211 ($0.79 in chips) 
Seat 3: MarkAvrelij ($2.01 in chips) 
Seat 4: Ekshli ($2 in chips) 
Seat 5: Sergunia ($0.80 in chips) 
Seat 6: goosemen ($1.85 in chips) 
Seat 7: Brat8078 ($1.21 in chips) 
Seat 8: 12Lincoln ($1.69 in chips) 
Seat 9: Dorex2007 ($1.46 in chips) 
MarkAvrelij: posts small blind $0.01
Ekshli: posts big blind $0.02
*** HOLE CARDS ***
Dealt to Dorex2007 [Jd 4c]
Sergunia: folds 
goosemen: folds 
Brat8078: calls $0.02
12Lincoln: folds 
Dorex2007: folds 
DMF 211: calls $0.02
MarkAvrelij: calls $0.01
Ekshli: checks 
*** FLOP *** [Kh 5h 2h]
MarkAvrelij: checks 
Ekshli: bets $0.04
Brat8078: folds 
glo0ma leaves the table
DMF 211: calls $0.04
MarkAvrelij: folds 
*** TURN *** [Kh 5h 2h] [Jh]
Ekshli: checks 
DMF 211: bets $0.02
Ekshli: calls $0.02
*** RIVER *** [Kh 5h 2h Jh] [5d]
Ekshli: checks 
DMF 211: checks 
*** SHOW DOWN ***
Ekshli: shows [9d Kd] (two pair, Kings and Fives)
DMF 211: shows [Js Ks] (two pair, Kings and Jacks)
DMF 211 collected $0.19 from pot
*** SUMMARY ***
Total pot $0.20 | Rake $0.01 
Board [Kh 5h 2h Jh 5d]
Seat 1: DMF 211 (button) showed [Js Ks] and won ($0.19) with two pair, Kings and Jacks
Seat 3: MarkAvrelij (small blind) folded on the Flop
Seat 4: Ekshli (big blind) showed [9d Kd] and lost with two pair, Kings and Fives
Seat 5: Sergunia folded before Flop (didn't bet)
Seat 6: goosemen folded before Flop (didn't bet)
Seat 7: Brat8078 folded on the Flop
Seat 8: 12Lincoln folded before Flop (didn't bet)
Seat 9: Dorex2007 folded before Flop (didn't bet)



PokerStars Hand #224713737385:  Hold'em No Limit ($0.01/$0.02 USD) - 2021/03/11 20:16:07 PT [2021/03/11 23:16:07 ET]
Table 'Sadalmelik IV' 9-max Seat #3 is the button
Seat 1: DMF 211 ($0.90 in chips) 
Seat 3: MarkAvrelij ($2 in chips) 
Seat 4: Ekshli ($2 in chips) 
Seat 5: Sergunia ($0.80 in chips) 
Seat 6: goosemen ($1.85 in chips) 
Seat 7: Brat8078 ($1.19 in chips) 
Seat 8: 12Lincoln ($1.69 in chips) 
Seat 9: Dorex2007 ($1.46 in chips) 
Ekshli: posts small blind $0.01
Sergunia: posts big blind $0.02
*** HOLE CARDS ***
Dealt to Dorex2007 [8c 7c]
goosemen: raises $0.04 to $0.06
Brat8078: folds 
12Lincoln: folds 
Dorex2007: calls $0.06
DMF 211: folds 
bruriccio joins the table at seat #2 
MarkAvrelij: raises $0.13 to $0.19
Ekshli: folds 
Sergunia: folds 
goosemen: calls $0.13
Dorex2007: folds 
*** FLOP *** [Jd 6s 9h]
goosemen: bets $0.22
MarkAvrelij: calls $0.22
*** TURN *** [Jd 6s 9h] [Ac]
goosemen: bets $0.44
MarkAvrelij: calls $0.44
*** RIVER *** [Jd 6s 9h Ac] [Qh]
goosemen: bets $0.86
MarkAvrelij: raises $0.29 to $1.15 and is all-in
goosemen: calls $0.14 and is all-in
Uncalled bet ($0.15) returned to MarkAvrelij
*** SHOW DOWN ***
MarkAvrelij: shows [Ah Qs] (two pair, Aces and Queens)
goosemen: shows [3h 3s] (a pair of Threes)
MarkAvrelij collected $3.66 from pot
*** SUMMARY ***
Total pot $3.79 | Rake $0.13 
Board [Jd 6s 9h Ac Qh]
Seat 1: DMF 211 folded before Flop (didn't bet)
Seat 3: MarkAvrelij (button) showed [Ah Qs] and won ($3.66) with two pair, Aces and Queens
Seat 4: Ekshli (small blind) folded before Flop
Seat 5: Sergunia (big blind) folded before Flop
Seat 6: goosemen showed [3h 3s] and lost with a pair of Threes
Seat 7: Brat8078 folded before Flop (didn't bet)
Seat 8: 12Lincoln folded before Flop (didn't bet)
Seat 9: Dorex2007 folded before Flop



PokerStars Hand #224713750815:  Hold'em No Limit ($0.01/$0.02 USD) - 2021/03/11 20:17:02 PT [2021/03/11 23:17:02 ET]
Table 'Sadalmelik IV' 9-max Seat #4 is the button
Seat 1: DMF 211 ($0.90 in chips) 
Seat 2: bruriccio ($2 in chips) 
Seat 3: MarkAvrelij ($3.81 in chips) 
Seat 4: Ekshli ($2 in chips) 
Seat 5: Sergunia ($0.80 in chips) 
Seat 7: Brat8078 ($1.19 in chips) 
Seat 8: 12Lincoln ($1.69 in chips) 
Seat 9: Dorex2007 ($1.40 in chips) 
Sergunia: posts small blind $0.01
Brat8078: posts big blind $0.02
bruriccio: posts big blind $0.02
*** HOLE CARDS ***
Dealt to Dorex2007 [2s 9c]
12Lincoln: folds 
Dorex2007: folds 
DMF 211: folds 
bruriccio: checks 
MarkAvrelij: folds 
Ekshli: folds 
Sergunia: folds 
Brat8078: checks 
*** FLOP *** [3h Ah Ad]
Brat8078: checks 
bruriccio: bets $0.05
Brat8078: folds 
Uncalled bet ($0.05) returned to bruriccio
bruriccio collected $0.05 from pot
bruriccio: doesn't show hand 
*** SUMMARY ***
Total pot $0.05 | Rake $0 
Board [3h Ah Ad]
Seat 1: DMF 211 folded before Flop (didn't bet)
Seat 2: bruriccio collected ($0.05)
Seat 3: MarkAvrelij folded before Flop (didn't bet)
Seat 4: Ekshli (button) folded before Flop (didn't bet)
Seat 5: Sergunia (small blind) folded before Flop
Seat 7: Brat8078 (big blind) folded on the Flop
Seat 8: 12Lincoln folded before Flop (didn't bet)
Seat 9: Dorex2007 folded before Flop (didn't bet)



PokerStars Hand #224713759701:  Hold'em No Limit ($0.01/$0.02 USD) - 2021/03/11 20:17:38 PT [2021/03/11 23:17:38 ET]
Table 'Sadalmelik IV' 9-max Seat #5 is the button
Seat 1: DMF 211 ($0.90 in chips) 
Seat 2: bruriccio ($2.03 in chips) 
Seat 3: MarkAvrelij ($3.81 in chips) 
Seat 4: Ekshli ($2 in chips) 
Seat 5: Sergunia ($0.80 in chips) 
Seat 7: Brat8078 ($1.17 in chips) 
Seat 8: 12Lincoln ($1.69 in chips) 
Seat 9: Dorex2007 ($1.40 in chips) 
Brat8078: posts small blind $0.01
12Lincoln: posts big blind $0.02
*** HOLE CARDS ***
Dealt to Dorex2007 [7s 6c]
goosemen leaves the table
Dorex2007: folds 
DMF 211: folds 
bruriccio: raises $0.08 to $0.10
DMF 211 leaves the table
MarkAvrelij: folds 
Ekshli: folds 
Sergunia: folds 
Brat8078: folds 
12Lincoln: folds 
Uncalled bet ($0.08) returned to bruriccio
bruriccio collected $0.05 from pot
bruriccio: doesn't show hand 
*** SUMMARY ***
Total pot $0.05 | Rake $0 
Seat 1: DMF 211 folded before Flop (didn't bet)
Seat 2: bruriccio collected ($0.05)
Seat 3: MarkAvrelij folded before Flop (didn't bet)
Seat 4: Ekshli folded before Flop (didn't bet)
Seat 5: Sergunia (button) folded before Flop (didn't bet)
Seat 7: Brat8078 (small blind) folded before Flop
Seat 8: 12Lincoln (big blind) folded before Flop
Seat 9: Dorex2007 folded before Flop (didn't bet)



PokerStars Hand #224713767165:  Hold'em No Limit ($0.01/$0.02 USD) - 2021/03/11 20:18:09 PT [2021/03/11 23:18:09 ET]
Table 'Sadalmelik IV' 9-max Seat #7 is the button
Seat 2: bruriccio ($2.06 in chips) 
Seat 3: MarkAvrelij ($3.81 in chips) 
Seat 4: Ekshli ($2 in chips) 
Seat 5: Sergunia ($0.80 in chips) 
Seat 7: Brat8078 ($1.16 in chips) 
Seat 8: 12Lincoln ($1.67 in chips) 
Seat 9: Dorex2007 ($1.40 in chips) 
12Lincoln: posts small blind $0.01
Dorex2007: posts big blind $0.02
*** HOLE CARDS ***
Dealt to Dorex2007 [4c 6d]
bruriccio: raises $0.02 to $0.04
MarkAvrelij: folds 
Ekshli: folds 
Sergunia: folds 
Brat8078: raises $0.02 to $0.06
12Lincoln: folds 
Dorex2007: folds 
bruriccio: calls $0.02
*** FLOP *** [9s 6c Ks]
bruriccio: checks 
Brat8078: checks 
*** TURN *** [9s 6c Ks] [Qh]
bruriccio: bets $0.07
Brat8078: calls $0.07
*** RIVER *** [9s 6c Ks Qh] [Qd]
bruriccio: bets $0.28
Brat8078: calls $0.28
*** SHOW DOWN ***
bruriccio: shows [4d 7h] (a pair of Queens)
Brat8078: shows [Qs Tc] (three of a kind, Queens)
Brat8078 collected $0.82 from pot
*** SUMMARY ***
Total pot $0.85 | Rake $0.03 
Board [9s 6c Ks Qh Qd]
Seat 2: bruriccio showed [4d 7h] and lost with a pair of Queens
Seat 3: MarkAvrelij folded before Flop (didn't bet)
Seat 4: Ekshli folded before Flop (didn't bet)
Seat 5: Sergunia folded before Flop (didn't bet)
Seat 7: Brat8078 (button) showed [Qs Tc] and won ($0.82) with three of a kind, Queens
Seat 8: 12Lincoln (small blind) folded before Flop
Seat 9: Dorex2007 (big blind) folded before Flop



PokerStars Hand #224713777728:  Hold'em No Limit ($0.01/$0.02 USD) - 2021/03/11 20:18:52 PT [2021/03/11 23:18:52 ET]
Table 'Sadalmelik IV' 9-max Seat #8 is the button
Seat 2: bruriccio ($1.65 in chips) 
Seat 3: MarkAvrelij ($3.81 in chips) 
Seat 4: Ekshli ($2 in chips) 
Seat 5: Sergunia ($0.80 in chips) 
Seat 7: Brat8078 ($1.57 in chips) 
Seat 8: 12Lincoln ($1.66 in chips) 
Seat 9: Dorex2007 ($1.38 in chips) 
Dorex2007: posts small blind $0.01
bruriccio: posts big blind $0.02
*** HOLE CARDS ***
Dealt to Dorex2007 [8d 4d]
MarkAvrelij: folds 
Ekshli: folds 
Sergunia: folds 
Brat8078: folds 
12Lincoln: folds 
Dorex2007: calls $0.01
bruriccio: raises $0.08 to $0.10
Dorex2007: folds 
Uncalled bet ($0.08) returned to bruriccio
bruriccio collected $0.04 from pot
bruriccio: doesn't show hand 
*** SUMMARY ***
Total pot $0.04 | Rake $0 
Seat 2: bruriccio (big blind) collected ($0.04)
Seat 3: MarkAvrelij folded before Flop (didn't bet)
Seat 4: Ekshli folded before Flop (didn't bet)
Seat 5: Sergunia folded before Flop (didn't bet)
Seat 7: Brat8078 folded before Flop (didn't bet)
Seat 8: 12Lincoln (button) folded before Flop (didn't bet)
Seat 9: Dorex2007 (small blind) folded before Flop



PokerStars Hand #224713782552:  Hold'em No Limit ($0.01/$0.02 USD) - 2021/03/11 20:19:12 PT [2021/03/11 23:19:12 ET]
Table 'Sadalmelik IV' 9-max Seat #9 is the button
Seat 2: bruriccio ($1.67 in chips) 
Seat 3: MarkAvrelij ($3.81 in chips) 
Seat 4: Ekshli ($2 in chips) 
Seat 5: Sergunia ($0.80 in chips) 
Seat 7: Brat8078 ($1.57 in chips) 
Seat 8: 12Lincoln ($1.66 in chips) 
Seat 9: Dorex2007 ($1.36 in chips) 
bruriccio: posts small blind $0.01
MarkAvrelij: posts big blind $0.02
*** HOLE CARDS ***
Dealt to Dorex2007 [6h 3d]
Ekshli: folds 
Sergunia: folds 
Brat8078: calls $0.02
12Lincoln: calls $0.02
Dorex2007: folds 
bruriccio: folds 
MarkAvrelij: checks 
*** FLOP *** [Jh 4s 5d]
bruriccio leaves the table
MarkAvrelij: checks 
Brat8078: checks 
12Lincoln: bets $0.02
MarkAvrelij: calls $0.02
Brat8078: calls $0.02
*** TURN *** [Jh 4s 5d] [3h]
MarkAvrelij: checks 
Brat8078: checks 
12Lincoln: bets $0.13
MarkAvrelij: folds 
Brat8078: calls $0.13
*** RIVER *** [Jh 4s 5d 3h] [Kd]
Brat8078: checks 
12Lincoln: checks 
*** SHOW DOWN ***
Brat8078: shows [9c Jd] (a pair of Jacks)
12Lincoln: mucks hand 
Brat8078 collected $0.38 from pot
*** SUMMARY ***
Total pot $0.39 | Rake $0.01 
Board [Jh 4s 5d 3h Kd]
Seat 2: bruriccio (small blind) folded before Flop
Seat 3: MarkAvrelij (big blind) folded on the Turn
Seat 4: Ekshli folded before Flop (didn't bet)
Seat 5: Sergunia folded before Flop (didn't bet)
Seat 7: Brat8078 showed [9c Jd] and won ($0.38) with a pair of Jacks
Seat 8: 12Lincoln mucked [Ad Qs]
Seat 9: Dorex2007 (button) folded before Flop (didn't bet)



PokerStars Hand #224713798951:  Hold'em No Limit ($0.01/$0.02 USD) - 2021/03/11 20:20:20 PT [2021/03/11 23:20:20 ET]
Table 'Sadalmelik IV' 9-max Seat #3 is the button
Seat 3: MarkAvrelij ($3.77 in chips) 
Seat 4: Ekshli ($2 in chips) 
Seat 5: Sergunia ($0.80 in chips) 
Seat 7: Brat8078 ($1.78 in chips) 
Seat 8: 12Lincoln ($1.49 in chips) 
Seat 9: Dorex2007 ($2 in chips) 
Ekshli: posts small blind $0.01
Sergunia: posts big blind $0.02
*** HOLE CARDS ***
Dealt to Dorex2007 [Kh 2h]
Brat8078: folds 
12Lincoln: folds 
Dorex2007: folds 
MarkAvrelij: raises $0.03 to $0.05
Ekshli: folds 
Sergunia: raises $0.11 to $0.16
MarkAvrelij: folds 
Uncalled bet ($0.11) returned to Sergunia
Sergunia collected $0.11 from pot
Sergunia: doesn't show hand 
*** SUMMARY ***
Total pot $0.11 | Rake $0 
Seat 3: MarkAvrelij (button) folded before Flop
Seat 4: Ekshli (small blind) folded before Flop
Seat 5: Sergunia (big blind) collected ($0.11)
Seat 7: Brat8078 folded before Flop (didn't bet)
Seat 8: 12Lincoln folded before Flop (didn't bet)
Seat 9: Dorex2007 folded before Flop (didn't bet)



PokerStars Hand #224713814301:  Hold'em No Limit ($0.01/$0.02 USD) - 2021/03/11 20:20:46 PT [2021/03/11 23:20:46 ET]
Table 'Sadalmelik IV' 9-max Seat #4 is the button
Seat 3: MarkAvrelij ($3.72 in chips) 
Seat 4: Ekshli ($2 in chips) 
Seat 5: Sergunia ($0.86 in chips) 
Seat 7: Brat8078 ($1.78 in chips) 
Seat 8: 12Lincoln ($1.49 in chips) 
Seat 9: Dorex2007 ($2 in chips) 
Sergunia: posts small blind $0.01
Brat8078: posts big blind $0.02
*** HOLE CARDS ***
Dealt to Dorex2007 [Th Jd]
12Lincoln: folds 
Dorex2007: folds 
MarkAvrelij: folds 
Ekshli: folds 
Sergunia: folds 
Uncalled bet ($0.01) returned to Brat8078
Brat8078 collected $0.02 from pot
Brat8078: doesn't show hand 
*** SUMMARY ***
Total pot $0.02 | Rake $0 
Seat 3: MarkAvrelij folded before Flop (didn't bet)
Seat 4: Ekshli (button) folded before Flop (didn't bet)
Seat 5: Sergunia (small blind) folded before Flop
Seat 7: Brat8078 (big blind) collected ($0.02)
Seat 8: 12Lincoln folded before Flop (didn't bet)
Seat 9: Dorex2007 folded before Flop (didn't bet)



PokerStars Hand #224713817627:  Hold'em No Limit ($0.01/$0.02 USD) - 2021/03/11 20:21:00 PT [2021/03/11 23:21:00 ET]
Table 'Sadalmelik IV' 9-max Seat #5 is the button
Seat 3: MarkAvrelij ($3.72 in chips) 
Seat 4: Ekshli ($2 in chips) 
Seat 5: Sergunia ($0.85 in chips) 
Seat 7: Brat8078 ($1.79 in chips) 
Seat 8: 12Lincoln ($1.49 in chips) 
Seat 9: Dorex2007 ($2 in chips) 
Brat8078: posts small blind $0.01
12Lincoln: posts big blind $0.02
*** HOLE CARDS ***
Dealt to Dorex2007 [2c Kc]
Dorex2007: folds 
MarkAvrelij: raises $0.04 to $0.06
Ekshli: folds 
Sergunia: folds 
WeeedMNReap joins the table at seat #1 
Brat8078: folds 
12Lincoln: folds 
Uncalled bet ($0.04) returned to MarkAvrelij
MarkAvrelij collected $0.05 from pot
MarkAvrelij: doesn't show hand 
*** SUMMARY ***
Total pot $0.05 | Rake $0 
Seat 3: MarkAvrelij collected ($0.05)
Seat 4: Ekshli folded before Flop (didn't bet)
Seat 5: Sergunia (button) folded before Flop (didn't bet)
Seat 7: Brat8078 (small blind) folded before Flop
Seat 8: 12Lincoln (big blind) folded before Flop
Seat 9: Dorex2007 folded before Flop (didn't bet)



PokerStars Hand #224713821565:  Hold'em No Limit ($0.01/$0.02 USD) - 2021/03/11 20:21:16 PT [2021/03/11 23:21:16 ET]
Table 'Sadalmelik IV' 9-max Seat #7 is the button
Seat 3: MarkAvrelij ($3.75 in chips) 
Seat 4: Ekshli ($2 in chips) 
Seat 5: Sergunia ($0.85 in chips) 
Seat 7: Brat8078 ($1.78 in chips) 
Seat 8: 12Lincoln ($1.47 in chips) 
Seat 9: Dorex2007 ($2 in chips) 
12Lincoln: posts small blind $0.01
Dorex2007: posts big blind $0.02
WeeedMNReap: sits out 
*** HOLE CARDS ***
Dealt to Dorex2007 [4s Qc]
MarkAvrelij: folds 
Ekshli: folds 
Sergunia: folds 
Brat8078: raises $0.02 to $0.04
12Lincoln: folds 
Dorex2007: folds 
Uncalled bet ($0.02) returned to Brat8078
Brat8078 collected $0.05 from pot
Brat8078: doesn't show hand 
*** SUMMARY ***
Total pot $0.05 | Rake $0 
Seat 3: MarkAvrelij folded before Flop (didn't bet)
Seat 4: Ekshli folded before Flop (didn't bet)
Seat 5: Sergunia folded before Flop (didn't bet)
Seat 7: Brat8078 (button) collected ($0.05)
Seat 8: 12Lincoln (small blind) folded before Flop
Seat 9: Dorex2007 (big blind) folded before Flop



PokerStars Hand #224713826686:  Hold'em No Limit ($0.01/$0.02 USD) - 2021/03/11 20:21:37 PT [2021/03/11 23:21:37 ET]
Table 'Sadalmelik IV' 9-max Seat #8 is the button
Seat 1: WeeedMNReap ($0.80 in chips) 
Seat 3: MarkAvrelij ($3.75 in chips) 
Seat 4: Ekshli ($2 in chips) 
Seat 5: Sergunia ($0.85 in chips) 
Seat 7: Brat8078 ($1.81 in chips) 
Seat 8: 12Lincoln ($1.46 in chips) 
Seat 9: Dorex2007 ($1.98 in chips) 
Dorex2007: posts small blind $0.01
WeeedMNReap: posts big blind $0.02
*** HOLE CARDS ***
Dealt to Dorex2007 [5d 5s]
MarkAvrelij: folds 
Ekshli: folds 
Sergunia: raises $0.04 to $0.06
Brat8078: calls $0.06
12Lincoln: folds 
Dorex2007: folds 
WeeedMNReap: folds 
*** FLOP *** [4s Qh 6h]
Sergunia: checks 
Brat8078: bets $0.04
bigmars1 joins the table at seat #2 
Sergunia: calls $0.04
*** TURN *** [4s Qh 6h] [Ac]
Sergunia: checks 
Brat8078: checks 
*** RIVER *** [4s Qh 6h Ac] [Qc]
Sergunia: bets $0.07
Brat8078: folds 
Uncalled bet ($0.07) returned to Sergunia
Sergunia collected $0.22 from pot
KATO422 joins the table at seat #6 
Sergunia: doesn't show hand 
*** SUMMARY ***
Total pot $0.23 | Rake $0.01 
Board [4s Qh 6h Ac Qc]
Seat 1: WeeedMNReap (big blind) folded before Flop
Seat 3: MarkAvrelij folded before Flop (didn't bet)
Seat 4: Ekshli folded before Flop (didn't bet)
Seat 5: Sergunia collected ($0.22)
Seat 7: Brat8078 folded on the River
Seat 8: 12Lincoln (button) folded before Flop (didn't bet)
Seat 9: Dorex2007 (small blind) folded before Flop



PokerStars Hand #224713839562:  Hold'em No Limit ($0.01/$0.02 USD) - 2021/03/11 20:22:31 PT [2021/03/11 23:22:31 ET]
Table 'Sadalmelik IV' 9-max Seat #9 is the button
Seat 1: WeeedMNReap ($0.78 in chips) 
Seat 2: bigmars1 ($0.80 in chips) 
Seat 3: MarkAvrelij ($3.75 in chips) 
Seat 4: Ekshli ($2 in chips) 
Seat 5: Sergunia ($0.97 in chips) 
Seat 7: Brat8078 ($1.71 in chips) 
Seat 8: 12Lincoln ($1.46 in chips) 
Seat 9: Dorex2007 ($1.97 in chips) 
WeeedMNReap: posts small blind $0.01
bigmars1: posts big blind $0.02
KATO422: sits out 
*** HOLE CARDS ***
Dealt to Dorex2007 [8c 5s]
MarkAvrelij: folds 
Ekshli: folds 
Sergunia: folds 
Brat8078 has timed out
Brat8078: folds 
12Lincoln: folds 
Dorex2007: folds 
WeeedMNReap: folds 
Uncalled bet ($0.01) returned to bigmars1
bigmars1 collected $0.02 from pot
bigmars1: doesn't show hand 
*** SUMMARY ***
Total pot $0.02 | Rake $0 
Seat 1: WeeedMNReap (small blind) folded before Flop
Seat 2: bigmars1 (big blind) collected ($0.02)
Seat 3: MarkAvrelij folded before Flop (didn't bet)
Seat 4: Ekshli folded before Flop (didn't bet)
Seat 5: Sergunia folded before Flop (didn't bet)
Seat 7: Brat8078 folded before Flop (didn't bet)
Seat 8: 12Lincoln folded before Flop (didn't bet)
Seat 9: Dorex2007 (button) folded before Flop (didn't bet)



PokerStars Hand #224713845593:  Hold'em No Limit ($0.01/$0.02 USD) - 2021/03/11 20:22:56 PT [2021/03/11 23:22:56 ET]
Table 'Sadalmelik IV' 9-max Seat #1 is the button
Seat 1: WeeedMNReap ($0.77 in chips) 
Seat 2: bigmars1 ($0.81 in chips) 
Seat 3: MarkAvrelij ($3.75 in chips) 
Seat 4: Ekshli ($2 in chips) 
Seat 5: Sergunia ($0.97 in chips) 
Seat 7: Brat8078 ($1.71 in chips) 
Seat 8: 12Lincoln ($1.46 in chips) 
Seat 9: Dorex2007 ($1.97 in chips) 
bigmars1: posts small blind $0.01
MarkAvrelij: posts big blind $0.02
KATO422: sits out 
*** HOLE CARDS ***
Dealt to Dorex2007 [Ks As]
Ekshli: raises $0.02 to $0.04
Sergunia: folds 
Brat8078: calls $0.04
12Lincoln: folds 
Dorex2007: raises $0.06 to $0.10
WeeedMNReap: folds 
bigmars1: folds 
MarkAvrelij: calls $0.08
Ekshli: folds 
Brat8078: calls $0.06
*** FLOP *** [2c 4d Qh]
MarkAvrelij: checks 
Brat8078: checks 
Dorex2007: bets $0.34
MarkAvrelij: folds 
Brat8078: folds 
Uncalled bet ($0.34) returned to Dorex2007
Dorex2007 collected $0.34 from pot
Dorex2007: doesn't show hand 
*** SUMMARY ***
Total pot $0.35 | Rake $0.01 
Board [2c 4d Qh]
Seat 1: WeeedMNReap (button) folded before Flop (didn't bet)
Seat 2: bigmars1 (small blind) folded before Flop
Seat 3: MarkAvrelij (big blind) folded on the Flop
Seat 4: Ekshli folded before Flop
Seat 5: Sergunia folded before Flop (didn't bet)
Seat 7: Brat8078 folded on the Flop
Seat 8: 12Lincoln folded before Flop (didn't bet)
Seat 9: Dorex2007 collected ($0.34)



PokerStars Hand #224713857034:  Hold'em No Limit ($0.01/$0.02 USD) - 2021/03/11 20:23:43 PT [2021/03/11 23:23:43 ET]
Table 'Sadalmelik IV' 9-max Seat #2 is the button
Seat 1: WeeedMNReap ($0.77 in chips) 
Seat 2: bigmars1 ($0.80 in chips) 
Seat 3: MarkAvrelij ($3.65 in chips) 
Seat 4: Ekshli ($2 in chips) 
Seat 5: Sergunia ($0.97 in chips) 
Seat 7: Brat8078 ($1.61 in chips) 
Seat 8: 12Lincoln ($1.46 in chips) 
Seat 9: Dorex2007 ($2.21 in chips) 
MarkAvrelij: posts small blind $0.01
Ekshli: posts big blind $0.02
KATO422: sits out 
*** HOLE CARDS ***
Dealt to Dorex2007 [3h 9c]
Sergunia: folds 
Brat8078: folds 
12Lincoln: calls $0.02
Dorex2007: folds 
WeeedMNReap: folds 
Brat8078 leaves the table
bigmars1: folds 
MarkAvrelij: raises $0.05 to $0.07
Mr.Gazillion joins the table at seat #7 
Ekshli: folds 
12Lincoln: calls $0.05
*** FLOP *** [6h 7c Qd]
MarkAvrelij: bets $0.05
12Lincoln: folds 
Uncalled bet ($0.05) returned to MarkAvrelij
MarkAvrelij collected $0.15 from pot
MarkAvrelij: doesn't show hand 
*** SUMMARY ***
Total pot $0.16 | Rake $0.01 
Board [6h 7c Qd]
Seat 1: WeeedMNReap folded before Flop (didn't bet)
Seat 2: bigmars1 (button) folded before Flop (didn't bet)
Seat 3: MarkAvrelij (small blind) collected ($0.15)
Seat 4: Ekshli (big blind) folded before Flop
Seat 5: Sergunia folded before Flop (didn't bet)
Seat 7: Brat8078 folded before Flop (didn't bet)
Seat 8: 12Lincoln folded on the Flop
Seat 9: Dorex2007 folded before Flop (didn't bet)



PokerStars Hand #224713865120:  Hold'em No Limit ($0.01/$0.02 USD) - 2021/03/11 20:24:17 PT [2021/03/11 23:24:17 ET]
Table 'Sadalmelik IV' 9-max Seat #3 is the button
Seat 1: WeeedMNReap ($0.77 in chips) 
Seat 2: bigmars1 ($0.80 in chips) 
Seat 3: MarkAvrelij ($3.73 in chips) 
Seat 4: Ekshli ($2 in chips) 
Seat 5: Sergunia ($0.97 in chips) 
Seat 8: 12Lincoln ($1.39 in chips) 
Seat 9: Dorex2007 ($2.21 in chips) 
Ekshli: posts small blind $0.01
Sergunia: posts big blind $0.02
KATO422: sits out 
Mr.Gazillion: sits out 
*** HOLE CARDS ***
Dealt to Dorex2007 [9c Qs]
12Lincoln: folds 
Dorex2007: folds 
WeeedMNReap: folds 
bigmars1: folds 
MarkAvrelij: raises $0.03 to $0.05
Ekshli: folds 
Sergunia: folds 
Uncalled bet ($0.03) returned to MarkAvrelij
MarkAvrelij collected $0.05 from pot
MarkAvrelij: doesn't show hand 
*** SUMMARY ***
Total pot $0.05 | Rake $0 
Seat 1: WeeedMNReap folded before Flop (didn't bet)
Seat 2: bigmars1 folded before Flop (didn't bet)
Seat 3: MarkAvrelij (button) collected ($0.05)
Seat 4: Ekshli (small blind) folded before Flop
Seat 5: Sergunia (big blind) folded before Flop
Seat 8: 12Lincoln folded before Flop (didn't bet)
Seat 9: Dorex2007 folded before Flop (didn't bet)



PokerStars Hand #224713870390:  Hold'em No Limit ($0.01/$0.02 USD) - 2021/03/11 20:24:39 PT [2021/03/11 23:24:39 ET]
Table 'Sadalmelik IV' 9-max Seat #4 is the button
Seat 1: WeeedMNReap ($0.77 in chips) 
Seat 2: bigmars1 ($0.80 in chips) 
Seat 3: MarkAvrelij ($3.76 in chips) 
Seat 4: Ekshli ($2 in chips) 
Seat 5: Sergunia ($0.95 in chips) 
Seat 6: KATO422 ($2 in chips) 
Seat 7: Mr.Gazillion ($1.60 in chips) 
Seat 8: 12Lincoln ($1.39 in chips) 
Seat 9: Dorex2007 ($2.21 in chips) 
Sergunia: posts small blind $0.01
KATO422: posts big blind $0.02
Mr.Gazillion: posts big blind $0.02
*** HOLE CARDS ***
Dealt to Dorex2007 [4d 3d]
Mr.Gazillion: checks 
12Lincoln: folds 
Dorex2007: folds 
WeeedMNReap: calls $0.02
bigmars1: calls $0.02
MarkAvrelij: folds 
Ekshli: folds 
Sergunia: calls $0.01
KATO422: checks 
*** FLOP *** [9h Ts 9s]
Sergunia: checks 
KATO422: checks 
Mr.Gazillion: checks 
WeeedMNReap: bets $0.05
bigmars1: calls $0.05
Sergunia: folds 
KATO422: folds 
Mr.Gazillion: folds 
*** TURN *** [9h Ts 9s] [5c]
WeeedMNReap: bets $0.10
bigmars1: calls $0.10
*** RIVER *** [9h Ts 9s 5c] [6h]
WeeedMNReap: bets $0.20
bigmars1: raises $0.43 to $0.63 and is all-in
WeeedMNReap: calls $0.40 and is all-in
Uncalled bet ($0.03) returned to bigmars1
*** SHOW DOWN ***
bigmars1: shows [Qd Qs] (two pair, Queens and Nines)
WeeedMNReap: shows [Tc Jc] (two pair, Tens and Nines)
bigmars1 collected $1.54 from pot
*** SUMMARY ***
Total pot $1.60 | Rake $0.06 
Board [9h Ts 9s 5c 6h]
Seat 1: WeeedMNReap showed [Tc Jc] and lost with two pair, Tens and Nines
Seat 2: bigmars1 showed [Qd Qs] and won ($1.54) with two pair, Queens and Nines
Seat 3: MarkAvrelij folded before Flop (didn't bet)
Seat 4: Ekshli (button) folded before Flop (didn't bet)
Seat 5: Sergunia (small blind) folded on the Flop
Seat 6: KATO422 (big blind) folded on the Flop
Seat 7: Mr.Gazillion folded on the Flop (didn't bet)
Seat 8: 12Lincoln folded before Flop (didn't bet)
Seat 9: Dorex2007 folded before Flop (didn't bet)



PokerStars Hand #224713902146:  Hold'em No Limit ($0.01/$0.02 USD) - 2021/03/11 20:26:09 PT [2021/03/11 23:26:09 ET]
Table 'Sadalmelik IV' 9-max Seat #5 is the button
Seat 2: bigmars1 ($1.57 in chips) 
Seat 3: MarkAvrelij ($3.76 in chips) 
Seat 4: Ekshli ($2 in chips) 
Seat 5: Sergunia ($0.93 in chips) 
Seat 6: KATO422 ($2 in chips) 
Seat 7: Mr.Gazillion ($1.58 in chips) 
Seat 8: 12Lincoln ($1.39 in chips) 
Seat 9: Dorex2007 ($2.21 in chips) 
KATO422: posts small blind $0.01
Mr.Gazillion: posts big blind $0.02
*** HOLE CARDS ***
Dealt to Dorex2007 [Ac 7h]
12Lincoln: folds 
Dorex2007: folds 
bigmars1: folds 
MarkAvrelij: folds 
Ekshli: folds 
Sergunia: raises $0.03 to $0.05
KATO422: folds 
Mr.Gazillion: raises $0.03 to $0.08
Sergunia: calls $0.03
*** FLOP *** [9c Qs Ad]
Mr.Gazillion: bets $0.06
Sergunia: calls $0.06
*** TURN *** [9c Qs Ad] [Td]
Mr.Gazillion: bets $0.06
Sergunia: calls $0.06
*** RIVER *** [9c Qs Ad Td] [3d]
Mr.Gazillion: checks 
Sergunia: checks 
*** SHOW DOWN ***
Mr.Gazillion: shows [As Kc] (a pair of Aces)
Sergunia: mucks hand 
Mr.Gazillion collected $0.40 from pot
*** SUMMARY ***
Total pot $0.41 | Rake $0.01 
Board [9c Qs Ad Td 3d]
Seat 2: bigmars1 folded before Flop (didn't bet)
Seat 3: MarkAvrelij folded before Flop (didn't bet)
Seat 4: Ekshli folded before Flop (didn't bet)
Seat 5: Sergunia (button) mucked [7s Ah]
Seat 6: KATO422 (small blind) folded before Flop
Seat 7: Mr.Gazillion (big blind) showed [As Kc] and won ($0.40) with a pair of Aces
Seat 8: 12Lincoln folded before Flop (didn't bet)
Seat 9: Dorex2007 folded before Flop (didn't bet)



PokerStars Hand #224713915127:  Hold'em No Limit ($0.01/$0.02 USD) - 2021/03/11 20:27:02 PT [2021/03/11 23:27:02 ET]
Table 'Sadalmelik IV' 9-max Seat #6 is the button
Seat 1: WeeedMNReap ($0.80 in chips) 
Seat 2: bigmars1 ($1.57 in chips) 
Seat 3: MarkAvrelij ($3.76 in chips) 
Seat 4: Ekshli ($2 in chips) 
Seat 5: Sergunia ($0.80 in chips) 
Seat 6: KATO422 ($2 in chips) 
Seat 7: Mr.Gazillion ($1.78 in chips) 
Seat 8: 12Lincoln ($1.39 in chips) 
Seat 9: Dorex2007 ($2.21 in chips) 
Mr.Gazillion: posts small blind $0.01
12Lincoln: posts big blind $0.02
*** HOLE CARDS ***
Dealt to Dorex2007 [9c Kh]
Dorex2007: folds 
WeeedMNReap: folds 
bigmars1: folds 
MarkAvrelij: folds 
Ekshli: folds 
Sergunia: folds 
KATO422: folds 
Mr.Gazillion: folds 
Uncalled bet ($0.01) returned to 12Lincoln
12Lincoln collected $0.02 from pot
12Lincoln: doesn't show hand 
*** SUMMARY ***
Total pot $0.02 | Rake $0 
Seat 1: WeeedMNReap folded before Flop (didn't bet)
Seat 2: bigmars1 folded before Flop (didn't bet)
Seat 3: MarkAvrelij folded before Flop (didn't bet)
Seat 4: Ekshli folded before Flop (didn't bet)
Seat 5: Sergunia folded before Flop (didn't bet)
Seat 6: KATO422 (button) folded before Flop (didn't bet)
Seat 7: Mr.Gazillion (small blind) folded before Flop
Seat 8: 12Lincoln (big blind) collected ($0.02)
Seat 9: Dorex2007 folded before Flop (didn't bet)



PokerStars Hand #224713919755:  Hold'em No Limit ($0.01/$0.02 USD) - 2021/03/11 20:27:22 PT [2021/03/11 23:27:22 ET]
Table 'Sadalmelik IV' 9-max Seat #7 is the button
Seat 1: WeeedMNReap ($0.80 in chips) 
Seat 2: bigmars1 ($1.57 in chips) 
Seat 3: MarkAvrelij ($3.76 in chips) 
Seat 4: Ekshli ($2 in chips) 
Seat 5: Sergunia ($0.80 in chips) 
Seat 6: KATO422 ($2 in chips) 
Seat 7: Mr.Gazillion ($1.77 in chips) 
Seat 8: 12Lincoln ($1.40 in chips) 
Seat 9: Dorex2007 ($2.21 in chips) 
12Lincoln: posts small blind $0.01
Dorex2007: posts big blind $0.02
*** HOLE CARDS ***
Dealt to Dorex2007 [9d 8c]
WeeedMNReap: folds 
bigmars1: folds 
MarkAvrelij: folds 
Ekshli: folds 
Sergunia: folds 
KATO422: folds 
Mr.Gazillion: folds 
12Lincoln: folds 
Uncalled bet ($0.01) returned to Dorex2007
Dorex2007 collected $0.02 from pot
Dorex2007: doesn't show hand 
*** SUMMARY ***
Total pot $0.02 | Rake $0 
Seat 1: WeeedMNReap folded before Flop (didn't bet)
Seat 2: bigmars1 folded before Flop (didn't bet)
Seat 3: MarkAvrelij folded before Flop (didn't bet)
Seat 4: Ekshli folded before Flop (didn't bet)
Seat 5: Sergunia folded before Flop (didn't bet)
Seat 6: KATO422 folded before Flop (didn't bet)
Seat 7: Mr.Gazillion (button) folded before Flop (didn't bet)
Seat 8: 12Lincoln (small blind) folded before Flop
Seat 9: Dorex2007 (big blind) collected ($0.02)



PokerStars Hand #224713923317:  Hold'em No Limit ($0.01/$0.02 USD) - 2021/03/11 20:27:37 PT [2021/03/11 23:27:37 ET]
Table 'Sadalmelik IV' 9-max Seat #8 is the button
Seat 1: WeeedMNReap ($0.80 in chips) 
Seat 2: bigmars1 ($1.57 in chips) 
Seat 3: MarkAvrelij ($3.76 in chips) 
Seat 4: Ekshli ($2 in chips) 
Seat 5: Sergunia ($0.80 in chips) 
Seat 6: KATO422 ($2 in chips) 
Seat 7: Mr.Gazillion ($1.77 in chips) 
Seat 8: 12Lincoln ($1.39 in chips) 
Seat 9: Dorex2007 ($2.22 in chips) 
Dorex2007: posts small blind $0.01
WeeedMNReap: posts big blind $0.02
*** HOLE CARDS ***
Dealt to Dorex2007 [3h Qd]
bigmars1: calls $0.02
MarkAvrelij: folds 
Ekshli: raises $0.04 to $0.06
Sergunia: folds 
KATO422: folds 
Mr.Gazillion: folds 
12Lincoln: folds 
Dorex2007: folds 
WeeedMNReap: folds 
bigmars1: calls $0.04
*** FLOP *** [4h Js As]
bigmars1: checks 
Ekshli: bets $0.06
bigmars1: calls $0.06
*** TURN *** [4h Js As] [4s]
bigmars1: checks 
Ekshli: bets $0.06
bigmars1: folds 
Uncalled bet ($0.06) returned to Ekshli
Ekshli collected $0.26 from pot
Ekshli: doesn't show hand 
*** SUMMARY ***
Total pot $0.27 | Rake $0.01 
Board [4h Js As 4s]
Seat 1: WeeedMNReap (big blind) folded before Flop
Seat 2: bigmars1 folded on the Turn
Seat 3: MarkAvrelij folded before Flop (didn't bet)
Seat 4: Ekshli collected ($0.26)
Seat 5: Sergunia folded before Flop (didn't bet)
Seat 6: KATO422 folded before Flop (didn't bet)
Seat 7: Mr.Gazillion folded before Flop (didn't bet)
Seat 8: 12Lincoln (button) folded before Flop (didn't bet)
Seat 9: Dorex2007 (small blind) folded before Flop



PokerStars Hand #224713936369:  Hold'em No Limit ($0.01/$0.02 USD) - 2021/03/11 20:28:33 PT [2021/03/11 23:28:33 ET]
Table 'Sadalmelik IV' 9-max Seat #9 is the button
Seat 1: WeeedMNReap ($0.78 in chips) 
Seat 2: bigmars1 ($1.45 in chips) 
Seat 3: MarkAvrelij ($3.76 in chips) 
Seat 4: Ekshli ($2.14 in chips) 
Seat 5: Sergunia ($0.80 in chips) 
Seat 6: KATO422 ($2 in chips) 
Seat 7: Mr.Gazillion ($1.77 in chips) 
Seat 8: 12Lincoln ($1.39 in chips) 
Seat 9: Dorex2007 ($2.21 in chips) 
WeeedMNReap: posts small blind $0.01
bigmars1: posts big blind $0.02
*** HOLE CARDS ***
Dealt to Dorex2007 [Qd 4h]
MarkAvrelij: folds 
Ekshli: folds 
Sergunia: folds 
KATO422: folds 
Mr.Gazillion: calls $0.02
12Lincoln: folds 
Dorex2007: folds 
WeeedMNReap: folds 
bigmars1: checks 
*** FLOP *** [8s 2s 4d]
bigmars1: bets $0.04
Mr.Gazillion: folds 
Uncalled bet ($0.04) returned to bigmars1
bigmars1 collected $0.05 from pot
bigmars1: doesn't show hand 
*** SUMMARY ***
Total pot $0.05 | Rake $0 
Board [8s 2s 4d]
Seat 1: WeeedMNReap (small blind) folded before Flop
Seat 2: bigmars1 (big blind) collected ($0.05)
Seat 3: MarkAvrelij folded before Flop (didn't bet)
Seat 4: Ekshli folded before Flop (didn't bet)
Seat 5: Sergunia folded before Flop (didn't bet)
Seat 6: KATO422 folded before Flop (didn't bet)
Seat 7: Mr.Gazillion folded on the Flop
Seat 8: 12Lincoln folded before Flop (didn't bet)
Seat 9: Dorex2007 (button) folded before Flop (didn't bet)



PokerStars Hand #224713941414:  Hold'em No Limit ($0.01/$0.02 USD) - 2021/03/11 20:28:54 PT [2021/03/11 23:28:54 ET]
Table 'Sadalmelik IV' 9-max Seat #1 is the button
Seat 1: WeeedMNReap ($0.77 in chips) 
Seat 2: bigmars1 ($1.48 in chips) 
Seat 3: MarkAvrelij ($3.76 in chips) 
Seat 4: Ekshli ($2.14 in chips) 
Seat 5: Sergunia ($0.80 in chips) 
Seat 6: KATO422 ($2 in chips) 
Seat 7: Mr.Gazillion ($1.75 in chips) 
Seat 8: 12Lincoln ($1.39 in chips) 
Seat 9: Dorex2007 ($2.21 in chips) 
bigmars1: posts small blind $0.01
MarkAvrelij: posts big blind $0.02
*** HOLE CARDS ***
Dealt to Dorex2007 [Qs Jd]
Ekshli: folds 
Sergunia: folds 
KATO422: folds 
Mr.Gazillion: folds 
12Lincoln: folds 
Dorex2007: raises $0.04 to $0.06
WeeedMNReap: folds 
bigmars1: folds 
MarkAvrelij: folds 
Uncalled bet ($0.04) returned to Dorex2007
Dorex2007 collected $0.05 from pot
Dorex2007: doesn't show hand 
*** SUMMARY ***
Total pot $0.05 | Rake $0 
Seat 1: WeeedMNReap (button) folded before Flop (didn't bet)
Seat 2: bigmars1 (small blind) folded before Flop
Seat 3: MarkAvrelij (big blind) folded before Flop
Seat 4: Ekshli folded before Flop (didn't bet)
Seat 5: Sergunia folded before Flop (didn't bet)
Seat 6: KATO422 folded before Flop (didn't bet)
Seat 7: Mr.Gazillion folded before Flop (didn't bet)
Seat 8: 12Lincoln folded before Flop (didn't bet)
Seat 9: Dorex2007 collected ($0.05)



PokerStars Hand #224713947640:  Hold'em No Limit ($0.01/$0.02 USD) - 2021/03/11 20:29:20 PT [2021/03/11 23:29:20 ET]
Table 'Sadalmelik IV' 9-max Seat #2 is the button
Seat 1: WeeedMNReap ($0.77 in chips) 
Seat 2: bigmars1 ($1.47 in chips) 
Seat 3: MarkAvrelij ($3.74 in chips) 
Seat 4: Ekshli ($2.14 in chips) 
Seat 5: Sergunia ($0.80 in chips) 
Seat 6: KATO422 ($2 in chips) 
Seat 7: Mr.Gazillion ($1.75 in chips) 
Seat 8: 12Lincoln ($1.39 in chips) 
Seat 9: Dorex2007 ($2.24 in chips) 
MarkAvrelij: posts small blind $0.01
Ekshli: posts big blind $0.02
*** HOLE CARDS ***
Dealt to Dorex2007 [Ac Tc]
Sergunia: folds 
KATO422: folds 
Mr.Gazillion: folds 
12Lincoln: folds 
Dorex2007: raises $0.06 to $0.08
WeeedMNReap: folds 
bigmars1: calls $0.08
MarkAvrelij: folds 
Ekshli: calls $0.06
*** FLOP *** [Th 6h Jd]
Ekshli: checks 
Dorex2007: checks 
bigmars1: bets $0.04
Ekshli: calls $0.04
Dorex2007: calls $0.04
*** TURN *** [Th 6h Jd] [3c]
Ekshli: checks 
Dorex2007: checks 
bigmars1: checks 
*** RIVER *** [Th 6h Jd 3c] [9s]
Ekshli: checks 
Dorex2007: bets $0.24
bigmars1: folds 
Ekshli: folds 
Uncalled bet ($0.24) returned to Dorex2007
Dorex2007 collected $0.36 from pot
Dorex2007: doesn't show hand 
*** SUMMARY ***
Total pot $0.37 | Rake $0.01 
Board [Th 6h Jd 3c 9s]
Seat 1: WeeedMNReap folded before Flop (didn't bet)
Seat 2: bigmars1 (button) folded on the River
Seat 3: MarkAvrelij (small blind) folded before Flop
Seat 4: Ekshli (big blind) folded on the River
Seat 5: Sergunia folded before Flop (didn't bet)
Seat 6: KATO422 folded before Flop (didn't bet)
Seat 7: Mr.Gazillion folded before Flop (didn't bet)
Seat 8: 12Lincoln folded before Flop (didn't bet)
Seat 9: Dorex2007 collected ($0.36)



PokerStars Hand #224713962916:  Hold'em No Limit ($0.01/$0.02 USD) - 2021/03/11 20:30:25 PT [2021/03/11 23:30:25 ET]
Table 'Sadalmelik IV' 9-max Seat #3 is the button
Seat 1: WeeedMNReap ($0.77 in chips) 
Seat 2: bigmars1 ($1.35 in chips) 
Seat 3: MarkAvrelij ($3.73 in chips) 
Seat 4: Ekshli ($2.02 in chips) 
Seat 5: Sergunia ($0.80 in chips) 
Seat 6: KATO422 ($2 in chips) 
Seat 7: Mr.Gazillion ($1.75 in chips) 
Seat 8: 12Lincoln ($1.39 in chips) 
Seat 9: Dorex2007 ($2.48 in chips) 
Ekshli: posts small blind $0.01
Sergunia: posts big blind $0.02
*** HOLE CARDS ***
Dealt to Dorex2007 [6d 9d]
KATO422: folds 
Mr.Gazillion: folds 
12Lincoln: folds 
Dorex2007: folds 
WeeedMNReap: calls $0.02
bigmars1: folds 
MarkAvrelij: raises $0.05 to $0.07
Ekshli: folds 
Sergunia: raises $0.16 to $0.23
WeeedMNReap: folds 
MarkAvrelij: folds 
Uncalled bet ($0.16) returned to Sergunia
Sergunia collected $0.17 from pot
Sergunia: doesn't show hand 
*** SUMMARY ***
Total pot $0.17 | Rake $0 
Seat 1: WeeedMNReap folded before Flop
Seat 2: bigmars1 folded before Flop (didn't bet)
Seat 3: MarkAvrelij (button) folded before Flop
Seat 4: Ekshli (small blind) folded before Flop
Seat 5: Sergunia (big blind) collected ($0.17)
Seat 6: KATO422 folded before Flop (didn't bet)
Seat 7: Mr.Gazillion folded before Flop (didn't bet)
Seat 8: 12Lincoln folded before Flop (didn't bet)
Seat 9: Dorex2007 folded before Flop (didn't bet)



PokerStars Hand #224713971290:  Hold'em No Limit ($0.01/$0.02 USD) - 2021/03/11 20:31:01 PT [2021/03/11 23:31:01 ET]
Table 'Sadalmelik IV' 9-max Seat #4 is the button
Seat 1: WeeedMNReap ($0.75 in chips) 
Seat 3: MarkAvrelij ($3.66 in chips) 
Seat 4: Ekshli ($2.01 in chips) 
Seat 5: Sergunia ($0.90 in chips) 
Seat 6: KATO422 ($2 in chips) 
Seat 7: Mr.Gazillion ($1.75 in chips) 
Seat 8: 12Lincoln ($1.39 in chips) 
Seat 9: Dorex2007 ($2.48 in chips) 
Sergunia: posts small blind $0.01
KATO422: posts big blind $0.02
*** HOLE CARDS ***
Dealt to Dorex2007 [5d 2d]
Mr.Gazillion: folds 
12Lincoln: calls $0.02
Dorex2007: folds 
WeeedMNReap: calls $0.02
MarkAvrelij: folds 
Ekshli: folds 
Sergunia: folds 
KATO422: checks 
*** FLOP *** [6c As 4h]
KATO422: checks 
12Lincoln: checks 
WeeedMNReap: checks 
*** TURN *** [6c As 4h] [Kh]
KATO422: checks 
12Lincoln: checks 
WeeedMNReap: bets $0.04
KATO422: folds 
12Lincoln: folds 
Uncalled bet ($0.04) returned to WeeedMNReap
WeeedMNReap collected $0.07 from pot
WeeedMNReap: doesn't show hand 
*** SUMMARY ***
Total pot $0.07 | Rake $0 
Board [6c As 4h Kh]
Seat 1: WeeedMNReap collected ($0.07)
Seat 3: MarkAvrelij folded before Flop (didn't bet)
Seat 4: Ekshli (button) folded before Flop (didn't bet)
Seat 5: Sergunia (small blind) folded before Flop
Seat 6: KATO422 (big blind) folded on the Turn
Seat 7: Mr.Gazillion folded before Flop (didn't bet)
Seat 8: 12Lincoln folded on the Turn
Seat 9: Dorex2007 folded before Flop (didn't bet)



PokerStars Hand #224713985275:  Hold'em No Limit ($0.01/$0.02 USD) - 2021/03/11 20:32:01 PT [2021/03/11 23:32:01 ET]
Table 'Sadalmelik IV' 9-max Seat #5 is the button
Seat 1: WeeedMNReap ($0.80 in chips) 
Seat 3: MarkAvrelij ($3.66 in chips) 
Seat 4: Ekshli ($2.01 in chips) 
Seat 5: Sergunia ($0.89 in chips) 
Seat 6: KATO422 ($2 in chips) 
Seat 7: Mr.Gazillion ($1.75 in chips) 
Seat 8: 12Lincoln ($1.37 in chips) 
Seat 9: Dorex2007 ($2.48 in chips) 
KATO422: posts small blind $0.01
Mr.Gazillion: posts big blind $0.02
*** HOLE CARDS ***
Dealt to Dorex2007 [2c Kh]
12Lincoln: calls $0.02
Dorex2007: folds 
WeeedMNReap: folds 
MarkAvrelij: folds 
Ekshli: raises $0.04 to $0.06
Sergunia: folds 
KATO422: folds 
Mr.Gazillion: folds 
12Lincoln: calls $0.04
*** FLOP *** [3h 9h Tc]
12Lincoln: checks 
Ekshli: bets $0.04
12Lincoln: calls $0.04
*** TURN *** [3h 9h Tc] [Ad]
12Lincoln: bets $1.27 and is all-in
Ekshli: folds 
Uncalled bet ($1.27) returned to 12Lincoln
12Lincoln collected $0.22 from pot
12Lincoln: doesn't show hand 
*** SUMMARY ***
Total pot $0.23 | Rake $0.01 
Board [3h 9h Tc Ad]
Seat 1: WeeedMNReap folded before Flop (didn't bet)
Seat 3: MarkAvrelij folded before Flop (didn't bet)
Seat 4: Ekshli folded on the Turn
Seat 5: Sergunia (button) folded before Flop (didn't bet)
Seat 6: KATO422 (small blind) folded before Flop
Seat 7: Mr.Gazillion (big blind) folded before Flop
Seat 8: 12Lincoln collected ($0.22)
Seat 9: Dorex2007 folded before Flop (didn't bet)



PokerStars Hand #224713999055:  Hold'em No Limit ($0.01/$0.02 USD) - 2021/03/11 20:33:01 PT [2021/03/11 23:33:01 ET]
Table 'Sadalmelik IV' 9-max Seat #6 is the button
Seat 1: WeeedMNReap ($0.80 in chips) 
Seat 2: bigmars1 ($1.35 in chips) 
Seat 3: MarkAvrelij ($3.66 in chips) 
Seat 4: Ekshli ($2 in chips) 
Seat 5: Sergunia ($0.89 in chips) 
Seat 6: KATO422 ($2 in chips) 
Seat 7: Mr.Gazillion ($1.73 in chips) 
Seat 8: 12Lincoln ($1.49 in chips) 
Seat 9: Dorex2007 ($2.48 in chips) 
Mr.Gazillion: posts small blind $0.01
12Lincoln: posts big blind $0.02
*** HOLE CARDS ***
Dealt to Dorex2007 [7s As]
Dorex2007: folds 
WeeedMNReap: folds 
bigmars1: calls $0.02
MarkAvrelij: calls $0.02
Ekshli: folds 
Sergunia: folds 
KATO422: folds 
Mr.Gazillion: folds 
12Lincoln: checks 
*** FLOP *** [Th 6s 5h]
12Lincoln: checks 
bigmars1: checks 
MarkAvrelij: checks 
*** TURN *** [Th 6s 5h] [Ac]
12Lincoln: bets $0.02
bigmars1: raises $0.06 to $0.08
MarkAvrelij: folds 
12Lincoln: folds 
Uncalled bet ($0.06) returned to bigmars1
bigmars1 collected $0.11 from pot
bigmars1: doesn't show hand 
*** SUMMARY ***
Total pot $0.11 | Rake $0 
Board [Th 6s 5h Ac]
Seat 1: WeeedMNReap folded before Flop (didn't bet)
Seat 2: bigmars1 collected ($0.11)
Seat 3: MarkAvrelij folded on the Turn
Seat 4: Ekshli folded before Flop (didn't bet)
Seat 5: Sergunia folded before Flop (didn't bet)
Seat 6: KATO422 (button) folded before Flop (didn't bet)
Seat 7: Mr.Gazillion (small blind) folded before Flop
Seat 8: 12Lincoln (big blind) folded on the Turn
Seat 9: Dorex2007 folded before Flop (didn't bet)



PokerStars Hand #224714011506:  Hold'em No Limit ($0.01/$0.02 USD) - 2021/03/11 20:33:54 PT [2021/03/11 23:33:54 ET]
Table 'Sadalmelik IV' 9-max Seat #7 is the button
Seat 1: WeeedMNReap ($0.80 in chips) 
Seat 2: bigmars1 ($1.42 in chips) 
Seat 3: MarkAvrelij ($3.64 in chips) 
Seat 4: Ekshli ($2 in chips) 
Seat 5: Sergunia ($0.89 in chips) 
Seat 6: KATO422 ($2 in chips) 
Seat 7: Mr.Gazillion ($1.72 in chips) 
Seat 8: 12Lincoln ($1.45 in chips) 
Seat 9: Dorex2007 ($2.48 in chips) 
12Lincoln: posts small blind $0.01
Dorex2007: posts big blind $0.02
*** HOLE CARDS ***
Dealt to Dorex2007 [8s 2d]
WeeedMNReap: raises $0.02 to $0.04
bigmars1: calls $0.04
MarkAvrelij: folds 
Ekshli: folds 
Sergunia: folds 
KATO422: folds 
Mr.Gazillion: folds 
12Lincoln: raises $0.14 to $0.18
Dorex2007: folds 
WeeedMNReap: calls $0.14
bigmars1: folds 
*** FLOP *** [Th 4d 7s]
12Lincoln: bets $1.27 and is all-in
WeeedMNReap: folds 
Uncalled bet ($1.27) returned to 12Lincoln
12Lincoln collected $0.41 from pot
12Lincoln: doesn't show hand 
*** SUMMARY ***
Total pot $0.42 | Rake $0.01 
Board [Th 4d 7s]
Seat 1: WeeedMNReap folded on the Flop
Seat 2: bigmars1 folded before Flop
Seat 3: MarkAvrelij folded before Flop (didn't bet)
Seat 4: Ekshli folded before Flop (didn't bet)
Seat 5: Sergunia folded before Flop (didn't bet)
Seat 6: KATO422 folded before Flop (didn't bet)
Seat 7: Mr.Gazillion (button) folded before Flop (didn't bet)
Seat 8: 12Lincoln (small blind) collected ($0.41)
Seat 9: Dorex2007 (big blind) folded before Flop



PokerStars Hand #224714023154:  Hold'em No Limit ($0.01/$0.02 USD) - 2021/03/11 20:34:44 PT [2021/03/11 23:34:44 ET]
Table 'Sadalmelik IV' 9-max Seat #8 is the button
Seat 1: WeeedMNReap ($0.62 in chips) 
Seat 2: bigmars1 ($1.38 in chips) 
Seat 3: MarkAvrelij ($3.64 in chips) 
Seat 4: Ekshli ($2 in chips) 
Seat 5: Sergunia ($0.89 in chips) 
Seat 6: KATO422 ($2 in chips) 
Seat 7: Mr.Gazillion ($1.72 in chips) 
Seat 8: 12Lincoln ($1.68 in chips) 
Seat 9: Dorex2007 ($2.46 in chips) 
Dorex2007: posts small blind $0.01
WeeedMNReap: posts big blind $0.02
*** HOLE CARDS ***
Dealt to Dorex2007 [7c 8s]
bigmars1: calls $0.02
MarkAvrelij has timed out
MarkAvrelij: folds 
Ekshli: folds 
Sergunia: folds 
KATO422: raises $0.04 to $0.06
Mr.Gazillion: folds 
12Lincoln: folds 
Dorex2007: folds 
WeeedMNReap: calls $0.04
bigmars1: calls $0.04
*** FLOP *** [9c 8d Td]
WeeedMNReap: checks 
bigmars1: bets $0.04
KATO422: folds 
WeeedMNReap: calls $0.04
*** TURN *** [9c 8d Td] [6h]
WeeedMNReap: checks 
bigmars1: bets $0.08
WeeedMNReap: raises $0.16 to $0.24
bigmars1: calls $0.16
*** RIVER *** [9c 8d Td 6h] [4c]
WeeedMNReap: bets $0.28 and is all-in
bigmars1: calls $0.28
*** SHOW DOWN ***
WeeedMNReap: shows [Ah 7d] (a straight, Six to Ten)
bigmars1: shows [6d 9d] (two pair, Nines and Sixes)
WeeedMNReap collected $1.26 from pot
*** SUMMARY ***
Total pot $1.31 | Rake $0.05 
Board [9c 8d Td 6h 4c]
Seat 1: WeeedMNReap (big blind) showed [Ah 7d] and won ($1.26) with a straight, Six to Ten
Seat 2: bigmars1 showed [6d 9d] and lost with two pair, Nines and Sixes
Seat 3: MarkAvrelij folded before Flop (didn't bet)
Seat 4: Ekshli folded before Flop (didn't bet)
Seat 5: Sergunia folded before Flop (didn't bet)
Seat 6: KATO422 folded on the Flop
Seat 7: Mr.Gazillion folded before Flop (didn't bet)
Seat 8: 12Lincoln (button) folded before Flop (didn't bet)
Seat 9: Dorex2007 (small blind) folded before Flop



PokerStars Hand #224714050945:  Hold'em No Limit ($0.01/$0.02 USD) - 2021/03/11 20:36:28 PT [2021/03/11 23:36:28 ET]
Table 'Sadalmelik IV' 9-max Seat #9 is the button
Seat 1: WeeedMNReap ($1.26 in chips) 
Seat 2: bigmars1 ($0.76 in chips) 
Seat 3: MarkAvrelij ($3.64 in chips) 
Seat 4: Ekshli ($2 in chips) 
Seat 5: Sergunia ($0.89 in chips) 
Seat 6: KATO422 ($2 in chips) 
Seat 7: Mr.Gazillion ($1.72 in chips) 
Seat 8: 12Lincoln ($1.68 in chips) 
Seat 9: Dorex2007 ($2.45 in chips) 
WeeedMNReap: posts small blind $0.01
bigmars1: posts big blind $0.02
*** HOLE CARDS ***
Dealt to Dorex2007 [As 2s]
MarkAvrelij: folds 
Ekshli: folds 
Sergunia: folds 
KATO422: folds 
Mr.Gazillion: folds 
12Lincoln: folds 
Dorex2007: raises $0.04 to $0.06
WeeedMNReap: folds 
bigmars1: folds 
Uncalled bet ($0.04) returned to Dorex2007
Dorex2007 collected $0.05 from pot
Dorex2007: doesn't show hand 
*** SUMMARY ***
Total pot $0.05 | Rake $0 
Seat 1: WeeedMNReap (small blind) folded before Flop
Seat 2: bigmars1 (big blind) folded before Flop
Seat 3: MarkAvrelij folded before Flop (didn't bet)
Seat 4: Ekshli folded before Flop (didn't bet)
Seat 5: Sergunia folded before Flop (didn't bet)
Seat 6: KATO422 folded before Flop (didn't bet)
Seat 7: Mr.Gazillion folded before Flop (didn't bet)
Seat 8: 12Lincoln folded before Flop (didn't bet)
Seat 9: Dorex2007 (button) collected ($0.05)



PokerStars Hand #224714056068:  Hold'em No Limit ($0.01/$0.02 USD) - 2021/03/11 20:36:50 PT [2021/03/11 23:36:50 ET]
Table 'Sadalmelik IV' 9-max Seat #1 is the button
Seat 1: WeeedMNReap ($1.25 in chips) 
Seat 2: bigmars1 ($0.74 in chips) 
Seat 3: MarkAvrelij ($3.64 in chips) 
Seat 4: Ekshli ($2 in chips) 
Seat 5: Sergunia ($0.89 in chips) 
Seat 6: KATO422 ($2 in chips) 
Seat 7: Mr.Gazillion ($1.72 in chips) 
Seat 8: 12Lincoln ($1.68 in chips) 
Seat 9: Dorex2007 ($2.48 in chips) 
bigmars1: posts small blind $0.01
MarkAvrelij: posts big blind $0.02
*** HOLE CARDS ***
Dealt to Dorex2007 [7d 6s]
Ekshli: folds 
Sergunia: folds 
KATO422: folds 
Mr.Gazillion: raises $0.04 to $0.06
12Lincoln: folds 
Dorex2007: folds 
WeeedMNReap: folds 
bigmars1: calls $0.05
MarkAvrelij: folds 
*** FLOP *** [Td 5d 9h]
bigmars1: checks 
Mr.Gazillion: bets $0.06
bigmars1: calls $0.06
*** TURN *** [Td 5d 9h] [As]
bigmars1: checks 
Mr.Gazillion: checks 
*** RIVER *** [Td 5d 9h As] [Qd]
bigmars1: checks 
Mr.Gazillion: bets $0.08
bigmars1: folds 
Uncalled bet ($0.08) returned to Mr.Gazillion
Mr.Gazillion collected $0.25 from pot
Mr.Gazillion: doesn't show hand 
*** SUMMARY ***
Total pot $0.26 | Rake $0.01 
Board [Td 5d 9h As Qd]
Seat 1: WeeedMNReap (button) folded before Flop (didn't bet)
Seat 2: bigmars1 (small blind) folded on the River
Seat 3: MarkAvrelij (big blind) folded before Flop
Seat 4: Ekshli folded before Flop (didn't bet)
Seat 5: Sergunia folded before Flop (didn't bet)
Seat 6: KATO422 folded before Flop (didn't bet)
Seat 7: Mr.Gazillion collected ($0.25)
Seat 8: 12Lincoln folded before Flop (didn't bet)
Seat 9: Dorex2007 folded before Flop (didn't bet)



PokerStars Hand #224714064573:  Hold'em No Limit ($0.01/$0.02 USD) - 2021/03/11 20:37:27 PT [2021/03/11 23:37:27 ET]
Table 'Sadalmelik IV' 9-max Seat #2 is the button
Seat 1: WeeedMNReap ($1.25 in chips) 
Seat 2: bigmars1 ($0.62 in chips) 
Seat 3: MarkAvrelij ($3.62 in chips) 
Seat 4: Ekshli ($2 in chips) 
Seat 5: Sergunia ($0.89 in chips) 
Seat 6: KATO422 ($2 in chips) 
Seat 7: Mr.Gazillion ($1.85 in chips) 
Seat 8: 12Lincoln ($1.68 in chips) 
Seat 9: Dorex2007 ($2.48 in chips) 
MarkAvrelij: posts small blind $0.01
Ekshli: posts big blind $0.02
*** HOLE CARDS ***
Dealt to Dorex2007 [5s 6s]
Sergunia: folds 
KATO422: raises $0.04 to $0.06
Mr.Gazillion: folds 
12Lincoln: folds 
Dorex2007: calls $0.06
WeeedMNReap: folds 
bigmars1: calls $0.06
MarkAvrelij: folds 
Ekshli: folds 
*** FLOP *** [Qd 7s 8d]
KATO422: bets $0.15
Dorex2007: calls $0.15
bigmars1: calls $0.15
*** TURN *** [Qd 7s 8d] [5h]
KATO422: bets $1.79 and is all-in
Dorex2007: folds 
bigmars1: folds 
Uncalled bet ($1.79) returned to KATO422
KATO422 collected $0.64 from pot
KATO422: doesn't show hand 
*** SUMMARY ***
Total pot $0.66 | Rake $0.02 
Board [Qd 7s 8d 5h]
Seat 1: WeeedMNReap folded before Flop (didn't bet)
Seat 2: bigmars1 (button) folded on the Turn
Seat 3: MarkAvrelij (small blind) folded before Flop
Seat 4: Ekshli (big blind) folded before Flop
Seat 5: Sergunia folded before Flop (didn't bet)
Seat 6: KATO422 collected ($0.64)
Seat 7: Mr.Gazillion folded before Flop (didn't bet)
Seat 8: 12Lincoln folded before Flop (didn't bet)
Seat 9: Dorex2007 folded on the Turn



PokerStars Hand #224714075551:  Hold'em No Limit ($0.01/$0.02 USD) - 2021/03/11 20:38:15 PT [2021/03/11 23:38:15 ET]
Table 'Sadalmelik IV' 9-max Seat #3 is the button
Seat 1: WeeedMNReap ($1.25 in chips) 
Seat 2: bigmars1 ($0.41 in chips) 
Seat 3: MarkAvrelij ($3.61 in chips) 
Seat 4: Ekshli ($2 in chips) 
Seat 5: Sergunia ($0.89 in chips) 
Seat 6: KATO422 ($2.43 in chips) 
Seat 7: Mr.Gazillion ($1.85 in chips) 
Seat 8: 12Lincoln ($1.68 in chips) 
Seat 9: Dorex2007 ($2.27 in chips) 
Ekshli: posts small blind $0.01
Sergunia: posts big blind $0.02
*** HOLE CARDS ***
Dealt to Dorex2007 [4d Ad]
KATO422: folds 
Mr.Gazillion: folds 
12Lincoln: folds 
Dorex2007: raises $0.04 to $0.06
WeeedMNReap: folds 
bigmars1: calls $0.06
MarkAvrelij: folds 
Ekshli: folds 
Sergunia: folds 
*** FLOP *** [8d 9d Tc]
Dorex2007: checks 
bigmars1: bets $0.04
Dorex2007: calls $0.04
*** TURN *** [8d 9d Tc] [Js]
Dorex2007: checks 
bigmars1: bets $0.06
Dorex2007: calls $0.06
*** RIVER *** [8d 9d Tc Js] [Qh]
Dorex2007: checks 
bigmars1: bets $0.25 and is all-in
Dorex2007: calls $0.25
*** SHOW DOWN ***
bigmars1: shows [9s Kh] (a straight, Nine to King)
Dorex2007: shows [4d Ad] (a straight, Eight to Queen)
bigmars1 collected $0.82 from pot
*** SUMMARY ***
Total pot $0.85 | Rake $0.03 
Board [8d 9d Tc Js Qh]
Seat 1: WeeedMNReap folded before Flop (didn't bet)
Seat 2: bigmars1 showed [9s Kh] and won ($0.82) with a straight, Nine to King
Seat 3: MarkAvrelij (button) folded before Flop (didn't bet)
Seat 4: Ekshli (small blind) folded before Flop
Seat 5: Sergunia (big blind) folded before Flop
Seat 6: KATO422 folded before Flop (didn't bet)
Seat 7: Mr.Gazillion folded before Flop (didn't bet)
Seat 8: 12Lincoln folded before Flop (didn't bet)
Seat 9: Dorex2007 showed [4d Ad] and lost with a straight, Eight to Queen



PokerStars Hand #224714093511:  Hold'em No Limit ($0.01/$0.02 USD) - 2021/03/11 20:39:34 PT [2021/03/11 23:39:34 ET]
Table 'Sadalmelik IV' 9-max Seat #4 is the button
Seat 1: WeeedMNReap ($1.25 in chips) 
Seat 2: bigmars1 ($0.82 in chips) 
Seat 3: MarkAvrelij ($3.61 in chips) 
Seat 4: Ekshli ($2 in chips) 
Seat 5: Sergunia ($0.87 in chips) 
Seat 6: KATO422 ($2.43 in chips) 
Seat 7: Mr.Gazillion ($1.85 in chips) 
Seat 8: 12Lincoln ($1.68 in chips) 
Seat 9: Dorex2007 ($1.86 in chips) 
Sergunia: posts small blind $0.01
KATO422: posts big blind $0.02
*** HOLE CARDS ***
Dealt to Dorex2007 [8d 4d]
Mr.Gazillion: folds 
12Lincoln: folds 
Dorex2007: folds 
WeeedMNReap: folds 
bigmars1: calls $0.02
MarkAvrelij: folds 
Ekshli: folds 
Sergunia: folds 
KATO422: checks 
*** FLOP *** [6h Kh 9d]
KATO422: checks 
bigmars1: bets $0.04
KATO422: calls $0.04
*** TURN *** [6h Kh 9d] [6d]
KATO422: checks 
bigmars1: bets $0.06
KATO422: calls $0.06
*** RIVER *** [6h Kh 9d 6d] [7c]
KATO422: bets $0.30
bigmars1: calls $0.30
*** SHOW DOWN ***
KATO422: shows [7s 9h] (two pair, Nines and Sevens)
bigmars1: shows [5s Ks] (two pair, Kings and Sixes)
bigmars1 collected $0.82 from pot
*** SUMMARY ***
Total pot $0.85 | Rake $0.03 
Board [6h Kh 9d 6d 7c]
Seat 1: WeeedMNReap folded before Flop (didn't bet)
Seat 2: bigmars1 showed [5s Ks] and won ($0.82) with two pair, Kings and Sixes
Seat 3: MarkAvrelij folded before Flop (didn't bet)
Seat 4: Ekshli (button) folded before Flop (didn't bet)
Seat 5: Sergunia (small blind) folded before Flop
Seat 6: KATO422 (big blind) showed [7s 9h] and lost with two pair, Nines and Sevens
Seat 7: Mr.Gazillion folded before Flop (didn't bet)
Seat 8: 12Lincoln folded before Flop (didn't bet)
Seat 9: Dorex2007 folded before Flop (didn't bet)



PokerStars Hand #224714102921:  Hold'em No Limit ($0.01/$0.02 USD) - 2021/03/11 20:40:16 PT [2021/03/11 23:40:16 ET]
Table 'Sadalmelik IV' 9-max Seat #5 is the button
Seat 1: WeeedMNReap ($1.25 in chips) 
Seat 2: bigmars1 ($1.22 in chips) 
Seat 3: MarkAvrelij ($3.61 in chips) 
Seat 4: Ekshli ($2 in chips) 
Seat 5: Sergunia ($0.86 in chips) 
Seat 6: KATO422 ($2.01 in chips) 
Seat 7: Mr.Gazillion ($1.85 in chips) 
Seat 8: 12Lincoln ($1.68 in chips) 
Seat 9: Dorex2007 ($1.86 in chips) 
KATO422: posts small blind $0.01
Mr.Gazillion: posts big blind $0.02
*** HOLE CARDS ***
Dealt to Dorex2007 [6h 4s]
12Lincoln: folds 
Dorex2007: folds 
WeeedMNReap: folds 
bigmars1: raises $0.02 to $0.04
MarkAvrelij: folds 
Ekshli: folds 
Sergunia: calls $0.04
KATO422: raises $0.26 to $0.30
Mr.Gazillion: folds 
bigmars1: calls $0.26
Sergunia: folds 
*** FLOP *** [Kh Qd 7c]
KATO422: bets $1.71 and is all-in
bigmars1: calls $0.92 and is all-in
Uncalled bet ($0.79) returned to KATO422
*** TURN *** [Kh Qd 7c] [9d]
*** RIVER *** [Kh Qd 7c 9d] [3d]
*** SHOW DOWN ***
KATO422: shows [Ah Js] (high card Ace)
bigmars1: shows [9s Ts] (a pair of Nines)
bigmars1 collected $2.41 from pot
*** SUMMARY ***
Total pot $2.50 | Rake $0.09 
Board [Kh Qd 7c 9d 3d]
Seat 1: WeeedMNReap folded before Flop (didn't bet)
Seat 2: bigmars1 showed [9s Ts] and won ($2.41) with a pair of Nines
Seat 3: MarkAvrelij folded before Flop (didn't bet)
Seat 4: Ekshli folded before Flop (didn't bet)
Seat 5: Sergunia (button) folded before Flop
Seat 6: KATO422 (small blind) showed [Ah Js] and lost with high card Ace
Seat 7: Mr.Gazillion (big blind) folded before Flop
Seat 8: 12Lincoln folded before Flop (didn't bet)
Seat 9: Dorex2007 folded before Flop (didn't bet)



PokerStars Hand #224714113442:  Hold'em No Limit ($0.01/$0.02 USD) - 2021/03/11 20:41:02 PT [2021/03/11 23:41:02 ET]
Table 'Sadalmelik IV' 9-max Seat #6 is the button
Seat 1: WeeedMNReap ($1.25 in chips) 
Seat 2: bigmars1 ($2.41 in chips) 
Seat 3: MarkAvrelij ($3.61 in chips) 
Seat 4: Ekshli ($2 in chips) 
Seat 5: Sergunia ($0.82 in chips) 
Seat 6: KATO422 ($2 in chips) 
Seat 7: Mr.Gazillion ($1.83 in chips) 
Seat 8: 12Lincoln ($1.68 in chips) 
Seat 9: Dorex2007 ($1.86 in chips) 
Mr.Gazillion: posts small blind $0.01
12Lincoln: posts big blind $0.02
*** HOLE CARDS ***
Dealt to Dorex2007 [9h Kh]
Dorex2007: calls $0.02
WeeedMNReap: folds 
bigmars1: folds 
MarkAvrelij: folds 
Ekshli: folds 
Sergunia: folds 
KATO422: folds 
Mr.Gazillion: folds 
12Lincoln: checks 
*** FLOP *** [7s 9d 7c]
12Lincoln: bets $0.02
Dorex2007: raises $0.06 to $0.08
12Lincoln: folds 
Uncalled bet ($0.06) returned to Dorex2007
Dorex2007 collected $0.09 from pot
Dorex2007: doesn't show hand 
*** SUMMARY ***
Total pot $0.09 | Rake $0 
Board [7s 9d 7c]
Seat 1: WeeedMNReap folded before Flop (didn't bet)
Seat 2: bigmars1 folded before Flop (didn't bet)
Seat 3: MarkAvrelij folded before Flop (didn't bet)
Seat 4: Ekshli folded before Flop (didn't bet)
Seat 5: Sergunia folded before Flop (didn't bet)
Seat 6: KATO422 (button) folded before Flop (didn't bet)
Seat 7: Mr.Gazillion (small blind) folded before Flop
Seat 8: 12Lincoln (big blind) folded on the Flop
Seat 9: Dorex2007 collected ($0.09)



PokerStars Hand #224714123263:  Hold'em No Limit ($0.01/$0.02 USD) - 2021/03/11 20:41:46 PT [2021/03/11 23:41:46 ET]
Table 'Sadalmelik IV' 9-max Seat #7 is the button
Seat 1: WeeedMNReap ($1.25 in chips) 
Seat 2: bigmars1 ($2.41 in chips) 
Seat 3: MarkAvrelij ($3.61 in chips) 
Seat 4: Ekshli ($2 in chips) 
Seat 5: Sergunia ($0.82 in chips) 
Seat 6: KATO422 ($2 in chips) 
Seat 7: Mr.Gazillion ($1.82 in chips) 
Seat 8: 12Lincoln ($1.64 in chips) 
Seat 9: Dorex2007 ($1.91 in chips) 
12Lincoln: posts small blind $0.01
Dorex2007: posts big blind $0.02
*** HOLE CARDS ***
Dealt to Dorex2007 [As 2d]
WeeedMNReap: raises $0.02 to $0.04
bigmars1: folds 
MarkAvrelij: folds 
Ekshli: folds 
Sergunia: folds 
KATO422: raises $0.10 to $0.14
Mr.Gazillion: folds 
12Lincoln: folds 
Dorex2007: folds 
WeeedMNReap: calls $0.10
*** FLOP *** [8s Kd Qc]
WeeedMNReap: checks 
KATO422: checks 
*** TURN *** [8s Kd Qc] [Ac]
WeeedMNReap: checks 
KATO422: checks 
*** RIVER *** [8s Kd Qc Ac] [3d]
WeeedMNReap: bets $0.10
KATO422: calls $0.10
*** SHOW DOWN ***
WeeedMNReap: shows [Ad Td] (a pair of Aces)
KATO422: mucks hand 
WeeedMNReap collected $0.49 from pot
*** SUMMARY ***
Total pot $0.51 | Rake $0.02 
Board [8s Kd Qc Ac 3d]
Seat 1: WeeedMNReap showed [Ad Td] and won ($0.49) with a pair of Aces
Seat 2: bigmars1 folded before Flop (didn't bet)
Seat 3: MarkAvrelij folded before Flop (didn't bet)
Seat 4: Ekshli folded before Flop (didn't bet)
Seat 5: Sergunia folded before Flop (didn't bet)
Seat 6: KATO422 mucked [Qd Jd]
Seat 7: Mr.Gazillion (button) folded before Flop (didn't bet)
Seat 8: 12Lincoln (small blind) folded before Flop
Seat 9: Dorex2007 (big blind) folded before Flop



PokerStars Hand #224714141103:  Hold'em No Limit ($0.01/$0.02 USD) - 2021/03/11 20:43:04 PT [2021/03/11 23:43:04 ET]
Table 'Sadalmelik IV' 9-max Seat #8 is the button
Seat 1: WeeedMNReap ($1.50 in chips) 
Seat 2: bigmars1 ($2.41 in chips) 
Seat 3: MarkAvrelij ($3.61 in chips) 
Seat 4: Ekshli ($2 in chips) 
Seat 5: Sergunia ($0.82 in chips) 
Seat 6: KATO422 ($2 in chips) 
Seat 7: Mr.Gazillion ($1.82 in chips) 
Seat 8: 12Lincoln ($1.63 in chips) 
Seat 9: Dorex2007 ($1.89 in chips) 
Dorex2007: posts small blind $0.01
WeeedMNReap: posts big blind $0.02
*** HOLE CARDS ***
Dealt to Dorex2007 [9c Qc]
bigmars1: folds 
MarkAvrelij: folds 
Ekshli: folds 
Sergunia: folds 
KATO422: folds 
Mr.Gazillion: folds 
12Lincoln: folds 
Dorex2007: calls $0.01
WeeedMNReap: checks 
*** FLOP *** [8c Td 2h]
Dorex2007: checks 
WeeedMNReap: bets $0.02
Dorex2007: calls $0.02
*** TURN *** [8c Td 2h] [6h]
Dorex2007: checks 
WeeedMNReap: bets $0.02
Dorex2007: calls $0.02
*** RIVER *** [8c Td 2h 6h] [4h]
Dorex2007: checks 
WeeedMNReap: bets $0.02
Dorex2007: folds 
Uncalled bet ($0.02) returned to WeeedMNReap
WeeedMNReap collected $0.12 from pot
*** SUMMARY ***
Total pot $0.12 | Rake $0 
Board [8c Td 2h 6h 4h]
Seat 1: WeeedMNReap (big blind) collected ($0.12)
Seat 2: bigmars1 folded before Flop (didn't bet)
Seat 3: MarkAvrelij folded before Flop (didn't bet)
Seat 4: Ekshli folded before Flop (didn't bet)
Seat 5: Sergunia folded before Flop (didn't bet)
Seat 6: KATO422 folded before Flop (didn't bet)
Seat 7: Mr.Gazillion folded before Flop (didn't bet)
Seat 8: 12Lincoln (button) folded before Flop (didn't bet)
Seat 9: Dorex2007 (small blind) folded on the River



PokerStars Hand #224714156676:  Hold'em No Limit ($0.01/$0.02 USD) - 2021/03/11 20:44:13 PT [2021/03/11 23:44:13 ET]
Table 'Sadalmelik IV' 9-max Seat #9 is the button
Seat 1: WeeedMNReap ($1.56 in chips) 
Seat 2: bigmars1 ($2.41 in chips) 
Seat 3: MarkAvrelij ($3.61 in chips) 
Seat 4: Ekshli ($2 in chips) 
Seat 5: Sergunia ($0.82 in chips) 
Seat 6: KATO422 ($2 in chips) 
Seat 7: Mr.Gazillion ($1.82 in chips) 
Seat 8: 12Lincoln ($1.63 in chips) 
Seat 9: Dorex2007 ($1.83 in chips) 
WeeedMNReap: posts small blind $0.01
bigmars1: posts big blind $0.02
*** HOLE CARDS ***
Dealt to Dorex2007 [Ks 2h]
MarkAvrelij: folds 
Ekshli: folds 
Sergunia: folds 
KATO422: folds 
Mr.Gazillion: raises $0.04 to $0.06
12Lincoln: calls $0.06
Dorex2007: folds 
WeeedMNReap: folds 
bigmars1: calls $0.04
*** FLOP *** [3s 8h 9h]
bigmars1: checks 
Mr.Gazillion: checks 
12Lincoln: checks 
*** TURN *** [3s 8h 9h] [Jh]
bigmars1: checks 
Mr.Gazillion: bets $0.02
12Lincoln: calls $0.02
bigmars1: raises $0.02 to $0.04
Mr.Gazillion: calls $0.02
12Lincoln: calls $0.02
*** RIVER *** [3s 8h 9h Jh] [7d]
bigmars1: checks 
Mr.Gazillion: checks 
12Lincoln: bets $0.30
bigmars1: folds 
Mr.Gazillion: folds 
Uncalled bet ($0.30) returned to 12Lincoln
12Lincoln collected $0.30 from pot
12Lincoln: doesn't show hand 
*** SUMMARY ***
Total pot $0.31 | Rake $0.01 
Board [3s 8h 9h Jh 7d]
Seat 1: WeeedMNReap (small blind) folded before Flop
Seat 2: bigmars1 (big blind) folded on the River
Seat 3: MarkAvrelij folded before Flop (didn't bet)
Seat 4: Ekshli folded before Flop (didn't bet)
Seat 5: Sergunia folded before Flop (didn't bet)
Seat 6: KATO422 folded before Flop (didn't bet)
Seat 7: Mr.Gazillion folded on the River
Seat 8: 12Lincoln collected ($0.30)
Seat 9: Dorex2007 (button) folded before Flop (didn't bet)



PokerStars Hand #224714170193:  Hold'em No Limit ($0.01/$0.02 USD) - 2021/03/11 20:45:13 PT [2021/03/11 23:45:13 ET]
Table 'Sadalmelik IV' 9-max Seat #1 is the button
Seat 1: WeeedMNReap ($1.55 in chips) 
Seat 2: bigmars1 ($2.31 in chips) 
Seat 3: MarkAvrelij ($3.61 in chips) 
Seat 4: Ekshli ($2 in chips) 
Seat 5: Sergunia ($0.82 in chips) 
Seat 6: KATO422 ($2 in chips) 
Seat 7: Mr.Gazillion ($1.72 in chips) 
Seat 8: 12Lincoln ($1.83 in chips) 
Seat 9: Dorex2007 ($1.83 in chips) 
bigmars1: posts small blind $0.01
MarkAvrelij: posts big blind $0.02
*** HOLE CARDS ***
Dealt to Dorex2007 [3c Qd]
Ekshli: folds 
Sergunia: folds 
KATO422: folds 
Mr.Gazillion: calls $0.02
12Lincoln: folds 
Dorex2007: folds 
WeeedMNReap: folds 
bigmars1: folds 
MarkAvrelij: checks 
*** FLOP *** [6c Ah Jd]
MarkAvrelij: checks 
Mr.Gazillion: bets $0.02
MarkAvrelij: folds 
Uncalled bet ($0.02) returned to Mr.Gazillion
Mr.Gazillion collected $0.05 from pot
Mr.Gazillion: doesn't show hand 
*** SUMMARY ***
Total pot $0.05 | Rake $0 
Board [6c Ah Jd]
Seat 1: WeeedMNReap (button) folded before Flop (didn't bet)
Seat 2: bigmars1 (small blind) folded before Flop
Seat 3: MarkAvrelij (big blind) folded on the Flop
Seat 4: Ekshli folded before Flop (didn't bet)
Seat 5: Sergunia folded before Flop (didn't bet)
Seat 6: KATO422 folded before Flop (didn't bet)
Seat 7: Mr.Gazillion collected ($0.05)
Seat 8: 12Lincoln folded before Flop (didn't bet)
Seat 9: Dorex2007 folded before Flop (didn't bet)



PokerStars Hand #224714175851:  Hold'em No Limit ($0.01/$0.02 USD) - 2021/03/11 20:45:39 PT [2021/03/11 23:45:39 ET]
Table 'Sadalmelik IV' 9-max Seat #2 is the button
Seat 1: WeeedMNReap ($1.55 in chips) 
Seat 2: bigmars1 ($2.30 in chips) 
Seat 3: MarkAvrelij ($3.59 in chips) 
Seat 4: Ekshli ($2 in chips) 
Seat 5: Sergunia ($0.82 in chips) 
Seat 6: KATO422 ($2 in chips) 
Seat 7: Mr.Gazillion ($1.75 in chips) 
Seat 8: 12Lincoln ($1.83 in chips) 
Seat 9: Dorex2007 ($1.83 in chips) 
MarkAvrelij: posts small blind $0.01
Ekshli: posts big blind $0.02
*** HOLE CARDS ***
Dealt to Dorex2007 [5s Qs]
Sergunia: folds 
KATO422: folds 
Mr.Gazillion: folds 
12Lincoln: folds 
Sergunia leaves the table
Dorex2007: folds 
WeeedMNReap has timed out
WeeedMNReap: folds 
bigmars1: calls $0.02
MarkAvrelij: calls $0.01
Ekshli: checks 
*** FLOP *** [7c 5h As]
MarkAvrelij: checks 
Ekshli: checks 
bigmars1: checks 
*** TURN *** [7c 5h As] [4h]
MarkAvrelij: bets $0.05
Ekshli: folds 
bigmars1: calls $0.05
*** RIVER *** [7c 5h As 4h] [6h]
MarkAvrelij: checks 
bigmars1: bets $0.15
MarkAvrelij: calls $0.15
*** SHOW DOWN ***
bigmars1: shows [8d Qd] (a straight, Four to Eight)
MarkAvrelij: mucks hand 
bigmars1 collected $0.44 from pot
*** SUMMARY ***
Total pot $0.46 | Rake $0.02 
Board [7c 5h As 4h 6h]
Seat 1: WeeedMNReap folded before Flop (didn't bet)
Seat 2: bigmars1 (button) showed [8d Qd] and won ($0.44) with a straight, Four to Eight
Seat 3: MarkAvrelij (small blind) mucked [4c 4s]
Seat 4: Ekshli (big blind) folded on the Turn
Seat 5: Sergunia folded before Flop (didn't bet)
Seat 6: KATO422 folded before Flop (didn't bet)
Seat 7: Mr.Gazillion folded before Flop (didn't bet)
Seat 8: 12Lincoln folded before Flop (didn't bet)
Seat 9: Dorex2007 folded before Flop (didn't bet)



PokerStars Hand #224714192246:  Hold'em No Limit ($0.01/$0.02 USD) - 2021/03/11 20:46:40 PT [2021/03/11 23:46:40 ET]
Table 'Sadalmelik IV' 9-max Seat #3 is the button
Seat 1: WeeedMNReap ($1.55 in chips) 
Seat 2: bigmars1 ($2.52 in chips) 
Seat 3: MarkAvrelij ($3.37 in chips) 
Seat 4: Ekshli ($2 in chips) 
Seat 6: KATO422 ($2 in chips) 
Seat 7: Mr.Gazillion ($1.75 in chips) 
Seat 8: 12Lincoln ($1.83 in chips) 
Seat 9: Dorex2007 ($1.83 in chips) 
Ekshli: posts small blind $0.01
KATO422: posts big blind $0.02
*** HOLE CARDS ***
Dealt to Dorex2007 [8d 4s]
Mr.Gazillion: folds 
12Lincoln: folds 
Dorex2007: folds 
WeeedMNReap has timed out
WeeedMNReap: folds 
bigmars1: folds 
MarkAvrelij: folds 
Ekshli: calls $0.01
KATO422: checks 
*** FLOP *** [8h Qd Jh]
Ekshli: checks 
KATO422: checks 
*** TURN *** [8h Qd Jh] [2h]
Ekshli: checks 
player69470 joins the table at seat #5 
KATO422: bets $0.02
Ekshli: calls $0.02
*** RIVER *** [8h Qd Jh 2h] [Ac]
Ekshli: checks 
KATO422: checks 
*** SHOW DOWN ***
Ekshli: shows [9c 9d] (a pair of Nines)
KATO422: mucks hand 
Ekshli collected $0.08 from pot
*** SUMMARY ***
Total pot $0.08 | Rake $0 
Board [8h Qd Jh 2h Ac]
Seat 1: WeeedMNReap folded before Flop (didn't bet)
Seat 2: bigmars1 folded before Flop (didn't bet)
Seat 3: MarkAvrelij (button) folded before Flop (didn't bet)
Seat 4: Ekshli (small blind) showed [9c 9d] and won ($0.08) with a pair of Nines
Seat 6: KATO422 (big blind) mucked [9s 5s]
Seat 7: Mr.Gazillion folded before Flop (didn't bet)
Seat 8: 12Lincoln folded before Flop (didn't bet)
Seat 9: Dorex2007 folded before Flop (didn't bet)



PokerStars Hand #224714207414:  Hold'em No Limit ($0.01/$0.02 USD) - 2021/03/11 20:47:48 PT [2021/03/11 23:47:48 ET]
Table 'Sadalmelik IV' 9-max Seat #4 is the button
Seat 1: WeeedMNReap ($1.55 in chips) 
Seat 2: bigmars1 ($2.52 in chips) 
Seat 3: MarkAvrelij ($3.37 in chips) 
Seat 4: Ekshli ($2.04 in chips) 
Seat 6: KATO422 ($2 in chips) 
Seat 7: Mr.Gazillion ($1.75 in chips) 
Seat 8: 12Lincoln ($1.83 in chips) 
Seat 9: Dorex2007 ($1.83 in chips) 
KATO422: posts small blind $0.01
Mr.Gazillion: posts big blind $0.02
*** HOLE CARDS ***
Dealt to Dorex2007 [8c Jd]
12Lincoln: folds 
Dorex2007: folds 
WeeedMNReap: folds 
bigmars1: folds 
MarkAvrelij: folds 
Ekshli: folds 
KATO422: folds 
Uncalled bet ($0.01) returned to Mr.Gazillion
Mr.Gazillion collected $0.02 from pot
Mr.Gazillion: doesn't show hand 
*** SUMMARY ***
Total pot $0.02 | Rake $0 
Seat 1: WeeedMNReap folded before Flop (didn't bet)
Seat 2: bigmars1 folded before Flop (didn't bet)
Seat 3: MarkAvrelij folded before Flop (didn't bet)
Seat 4: Ekshli (button) folded before Flop (didn't bet)
Seat 6: KATO422 (small blind) folded before Flop
Seat 7: Mr.Gazillion (big blind) collected ($0.02)
Seat 8: 12Lincoln folded before Flop (didn't bet)
Seat 9: Dorex2007 folded before Flop (didn't bet)



PokerStars Hand #224714211583:  Hold'em No Limit ($0.01/$0.02 USD) - 2021/03/11 20:48:07 PT [2021/03/11 23:48:07 ET]
Table 'Sadalmelik IV' 9-max Seat #6 is the button
Seat 1: WeeedMNReap ($1.55 in chips) 
Seat 2: bigmars1 ($2.52 in chips) 
Seat 3: MarkAvrelij ($3.37 in chips) 
Seat 4: Ekshli ($2.04 in chips) 
Seat 5: player69470 ($2 in chips) 
Seat 6: KATO422 ($2 in chips) 
Seat 7: Mr.Gazillion ($1.76 in chips) 
Seat 8: 12Lincoln ($1.83 in chips) 
Seat 9: Dorex2007 ($1.83 in chips) 
Mr.Gazillion: posts small blind $0.01
12Lincoln: posts big blind $0.02
player69470: posts big blind $0.02
*** HOLE CARDS ***
Dealt to Dorex2007 [Qd Ah]
Dorex2007: raises $0.06 to $0.08
WeeedMNReap: folds 
bigmars1: calls $0.08
MarkAvrelij: folds 
Ekshli: folds 
player69470: calls $0.06
KATO422: folds 
Mr.Gazillion: folds 
12Lincoln: folds 
*** FLOP *** [7c 5h 5d]
Dorex2007: bets $0.26
bigmars1: raises $0.26 to $0.52
player69470: folds 
Dorex2007: folds 
Uncalled bet ($0.26) returned to bigmars1
bigmars1 collected $0.76 from pot
bigmars1: doesn't show hand 
*** SUMMARY ***
Total pot $0.79 | Rake $0.03 
Board [7c 5h 5d]
Seat 1: WeeedMNReap folded before Flop (didn't bet)
Seat 2: bigmars1 collected ($0.76)
Seat 3: MarkAvrelij folded before Flop (didn't bet)
Seat 4: Ekshli folded before Flop (didn't bet)
Seat 5: player69470 folded on the Flop
Seat 6: KATO422 (button) folded before Flop (didn't bet)
Seat 7: Mr.Gazillion (small blind) folded before Flop
Seat 8: 12Lincoln (big blind) folded before Flop
Seat 9: Dorex2007 folded on the Flop



PokerStars Hand #224714226161:  Hold'em No Limit ($0.01/$0.02 USD) - 2021/03/11 20:49:12 PT [2021/03/11 23:49:12 ET]
Table 'Sadalmelik IV' 9-max Seat #7 is the button
Seat 1: WeeedMNReap ($1.55 in chips) 
Seat 3: MarkAvrelij ($3.37 in chips) 
Seat 4: Ekshli ($2.04 in chips) 
Seat 5: player69470 ($1.92 in chips) 
Seat 6: KATO422 ($2 in chips) 
Seat 7: Mr.Gazillion ($1.75 in chips) 
Seat 8: 12Lincoln ($1.81 in chips) 
Seat 9: Dorex2007 ($1.49 in chips) 
12Lincoln: posts small blind $0.01
Dorex2007: posts big blind $0.02
*** HOLE CARDS ***
Dealt to Dorex2007 [Ad Ah]
bigmars1 leaves the table
WeeedMNReap: calls $0.02
MarkAvrelij: folds 
Ekshli: folds 
player69470: folds 
KATO422: folds 
Mr.Gazillion: folds 
12Lincoln: calls $0.01
Dorex2007: raises $0.04 to $0.06
WeeedMNReap: calls $0.04
12Lincoln: calls $0.04
*** FLOP *** [Qs Jh 7s]
12Lincoln: checks 
Dorex2007: bets $0.11
WeeedMNReap: folds 
12Lincoln: folds 
Uncalled bet ($0.11) returned to Dorex2007
Dorex2007 collected $0.17 from pot
Dorex2007: doesn't show hand 
*** SUMMARY ***
Total pot $0.18 | Rake $0.01 
Board [Qs Jh 7s]
Seat 1: WeeedMNReap folded on the Flop
Seat 3: MarkAvrelij folded before Flop (didn't bet)
Seat 4: Ekshli folded before Flop (didn't bet)
Seat 5: player69470 folded before Flop (didn't bet)
Seat 6: KATO422 folded before Flop (didn't bet)
Seat 7: Mr.Gazillion (button) folded before Flop (didn't bet)
Seat 8: 12Lincoln (small blind) folded on the Flop
Seat 9: Dorex2007 (big blind) collected ($0.17)



PokerStars Hand #224714241711:  Hold'em No Limit ($0.01/$0.02 USD) - 2021/03/11 20:49:55 PT [2021/03/11 23:49:55 ET]
Table 'Sadalmelik IV' 9-max Seat #8 is the button
Seat 1: WeeedMNReap ($1.49 in chips) 
Seat 3: MarkAvrelij ($3.37 in chips) 
Seat 4: Ekshli ($2.04 in chips) 
Seat 5: player69470 ($1.92 in chips) 
Seat 6: KATO422 ($2 in chips) 
Seat 7: Mr.Gazillion ($1.75 in chips) 
Seat 8: 12Lincoln ($1.75 in chips) 
Seat 9: Dorex2007 ($1.60 in chips) 
Dorex2007: posts small blind $0.01
WeeedMNReap: posts big blind $0.02
*** HOLE CARDS ***
Dealt to Dorex2007 [6c 3s]
MarkAvrelij: folds 
Ekshli: raises $0.02 to $0.04
player69470: folds 
KATO422: folds 
Mr.Gazillion: raises $0.02 to $0.06
12Lincoln: folds 
Dorex2007: folds 
WeeedMNReap: folds 
Ekshli: calls $0.02
*** FLOP *** [8s 3h Kd]
sofaking1973 joins the table at seat #2 
Ekshli: bets $0.04
Mr.Gazillion: raises $0.04 to $0.08
Ekshli: calls $0.04
*** TURN *** [8s 3h Kd] [As]
Ekshli: bets $0.06
Mr.Gazillion: calls $0.06
*** RIVER *** [8s 3h Kd As] [Jc]
Ekshli: bets $0.06
sofaking1973 leaves the table
Mr.Gazillion: raises $0.06 to $0.12
Ekshli: calls $0.06
*** SHOW DOWN ***
Mr.Gazillion: shows [Ah Jd] (two pair, Aces and Jacks)
Ekshli: shows [8c 8d] (three of a kind, Eights)
Ekshli collected $0.65 from pot
*** SUMMARY ***
Total pot $0.67 | Rake $0.02 
Board [8s 3h Kd As Jc]
Seat 1: WeeedMNReap (big blind) folded before Flop
Seat 3: MarkAvrelij folded before Flop (didn't bet)
Seat 4: Ekshli showed [8c 8d] and won ($0.65) with three of a kind, Eights
Seat 5: player69470 folded before Flop (didn't bet)
Seat 6: KATO422 folded before Flop (didn't bet)
Seat 7: Mr.Gazillion showed [Ah Jd] and lost with two pair, Aces and Jacks
Seat 8: 12Lincoln (button) folded before Flop (didn't bet)
Seat 9: Dorex2007 (small blind) folded before Flop



PokerStars Hand #224714254092:  Hold'em No Limit ($0.01/$0.02 USD) - 2021/03/11 20:50:52 PT [2021/03/11 23:50:52 ET]
Table 'Sadalmelik IV' 9-max Seat #9 is the button
Seat 1: WeeedMNReap ($1.47 in chips) 
Seat 3: MarkAvrelij ($3.37 in chips) 
Seat 4: Ekshli ($2.37 in chips) 
Seat 5: player69470 ($1.92 in chips) 
Seat 6: KATO422 ($2 in chips) 
Seat 7: Mr.Gazillion ($1.43 in chips) 
Seat 8: 12Lincoln ($1.75 in chips) 
Seat 9: Dorex2007 ($1.59 in chips) 
WeeedMNReap: posts small blind $0.01
MarkAvrelij: posts big blind $0.02
*** HOLE CARDS ***
Dealt to Dorex2007 [9d 9s]
Ekshli: folds 
player69470: folds 
KATO422: folds 
Mr.Gazillion: folds 
12Lincoln: calls $0.02
Dorex2007: raises $0.06 to $0.08
WeeedMNReap: folds 
MarkAvrelij: folds 
12Lincoln: calls $0.06
*** FLOP *** [Tc 8s 9c]
12Lincoln: bets $1.67 and is all-in
Dorex2007: calls $1.51 and is all-in
Uncalled bet ($0.16) returned to 12Lincoln
*** TURN *** [Tc 8s 9c] [2s]
*** RIVER *** [Tc 8s 9c 2s] [4s]
*** SHOW DOWN ***
12Lincoln: shows [Ah Th] (a pair of Tens)
Dorex2007: shows [9d 9s] (three of a kind, Nines)
Dorex2007 collected $3.10 from pot
*** SUMMARY ***
Total pot $3.21 | Rake $0.11 
Board [Tc 8s 9c 2s 4s]
Seat 1: WeeedMNReap (small blind) folded before Flop
Seat 3: MarkAvrelij (big blind) folded before Flop
Seat 4: Ekshli folded before Flop (didn't bet)
Seat 5: player69470 folded before Flop (didn't bet)
Seat 6: KATO422 folded before Flop (didn't bet)
Seat 7: Mr.Gazillion folded before Flop (didn't bet)
Seat 8: 12Lincoln showed [Ah Th] and lost with a pair of Tens
Seat 9: Dorex2007 (button) showed [9d 9s] and won ($3.10) with three of a kind, Nines



PokerStars Hand #224714266774:  Hold'em No Limit ($0.01/$0.02 USD) - 2021/03/11 20:51:50 PT [2021/03/11 23:51:50 ET]
Table 'Sadalmelik IV' 9-max Seat #1 is the button
Seat 1: WeeedMNReap ($1.46 in chips) 
Seat 3: MarkAvrelij ($3.35 in chips) 
Seat 4: Ekshli ($2.37 in chips) 
Seat 5: player69470 ($1.92 in chips) 
Seat 6: KATO422 ($2 in chips) 
Seat 7: Mr.Gazillion ($1.43 in chips) 
Seat 8: 12Lincoln ($0.16 in chips) 
Seat 9: Dorex2007 ($3.10 in chips) 
MarkAvrelij: posts small blind $0.01
Ekshli: posts big blind $0.02
*** HOLE CARDS ***
Dealt to Dorex2007 [Td 6h]
player69470 has timed out
player69470: folds 
KATO422: folds 
Mr.Gazillion: raises $0.02 to $0.04
12Lincoln: folds 
Dorex2007: folds 
WeeedMNReap: folds 
MarkAvrelij: calls $0.03
Ekshli: calls $0.02
*** FLOP *** [7d Kd Qc]
MarkAvrelij: checks 
Ekshli: bets $0.04
Mr.Gazillion: raises $0.04 to $0.08
MarkAvrelij: folds 
høhelten1975 joins the table at seat #2 
Ekshli: calls $0.04
*** TURN *** [7d Kd Qc] [8h]
Ekshli: bets $0.04
Mr.Gazillion: raises $0.04 to $0.08
Ekshli: folds 
Uncalled bet ($0.04) returned to Mr.Gazillion
Mr.Gazillion collected $0.35 from pot
Mr.Gazillion: doesn't show hand 
*** SUMMARY ***
Total pot $0.36 | Rake $0.01 
Board [7d Kd Qc 8h]
Seat 1: WeeedMNReap (button) folded before Flop (didn't bet)
Seat 3: MarkAvrelij (small blind) folded on the Flop
Seat 4: Ekshli (big blind) folded on the Turn
Seat 5: player69470 folded before Flop (didn't bet)
Seat 6: KATO422 folded before Flop (didn't bet)
Seat 7: Mr.Gazillion collected ($0.35)
Seat 8: 12Lincoln folded before Flop (didn't bet)
Seat 9: Dorex2007 folded before Flop (didn't bet)



PokerStars Hand #224714280535:  Hold'em No Limit ($0.01/$0.02 USD) - 2021/03/11 20:52:53 PT [2021/03/11 23:52:53 ET]
Table 'Sadalmelik IV' 9-max Seat #3 is the button
Seat 1: WeeedMNReap ($1.46 in chips) 
Seat 2: høhelten1975 ($2 in chips) 
Seat 3: MarkAvrelij ($3.31 in chips) 
Seat 4: Ekshli ($2.21 in chips) 
Seat 5: player69470 ($1.92 in chips) 
Seat 6: KATO422 ($2 in chips) 
Seat 7: Mr.Gazillion ($1.62 in chips) 
Seat 8: 12Lincoln ($0.16 in chips) 
Seat 9: Dorex2007 ($3.10 in chips) 
Ekshli: posts small blind $0.01
player69470: posts big blind $0.02
høhelten1975: posts big blind $0.02
*** HOLE CARDS ***
Dealt to Dorex2007 [5h 8c]
KATO422: folds 
Mr.Gazillion: folds 
12Lincoln: folds 
Dorex2007: folds 
WeeedMNReap: folds 
høhelten1975: checks 
MarkAvrelij: raises $0.05 to $0.07
Ekshli: folds 
player69470: folds 
høhelten1975: calls $0.05
*** FLOP *** [6d 7s Td]
høhelten1975: checks 
MarkAvrelij: bets $0.06
høhelten1975: folds 
Uncalled bet ($0.06) returned to MarkAvrelij
MarkAvrelij collected $0.16 from pot
MarkAvrelij: doesn't show hand 
*** SUMMARY ***
Total pot $0.17 | Rake $0.01 
Board [6d 7s Td]
Seat 1: WeeedMNReap folded before Flop (didn't bet)
Seat 2: høhelten1975 folded on the Flop
Seat 3: MarkAvrelij (button) collected ($0.16)
Seat 4: Ekshli (small blind) folded before Flop
Seat 5: player69470 (big blind) folded before Flop
Seat 6: KATO422 folded before Flop (didn't bet)
Seat 7: Mr.Gazillion folded before Flop (didn't bet)
Seat 8: 12Lincoln folded before Flop (didn't bet)
Seat 9: Dorex2007 folded before Flop (didn't bet)



PokerStars Hand #224714287395:  Hold'em No Limit ($0.01/$0.02 USD) - 2021/03/11 20:53:24 PT [2021/03/11 23:53:24 ET]
Table 'Sadalmelik IV' 9-max Seat #4 is the button
Seat 1: WeeedMNReap ($1.46 in chips) 
Seat 2: høhelten1975 ($1.93 in chips) 
Seat 3: MarkAvrelij ($3.40 in chips) 
Seat 4: Ekshli ($2.20 in chips) 
Seat 5: player69470 ($1.90 in chips) 
Seat 6: KATO422 ($2 in chips) 
Seat 7: Mr.Gazillion ($1.62 in chips) 
Seat 8: 12Lincoln ($0.16 in chips) 
Seat 9: Dorex2007 ($3.10 in chips) 
player69470: posts small blind $0.01
KATO422: posts big blind $0.02
*** HOLE CARDS ***
Dealt to Dorex2007 [8c 5d]
Mr.Gazillion: folds 
12Lincoln: folds 
Dorex2007: folds 
Mr.Gazillion leaves the table
WeeedMNReap: raises $0.02 to $0.04
høhelten1975: calls $0.04
MarkAvrelij: calls $0.04
Ekshli: folds 
player69470: folds 
KATO422: folds 
*** FLOP *** [Qh 4h Js]
AlekseyAD173 joins the table at seat #7 
WeeedMNReap: bets $0.07
høhelten1975: folds 
MarkAvrelij: calls $0.07
*** TURN *** [Qh 4h Js] [Ac]
WeeedMNReap: bets $0.14
MarkAvrelij: raises $0.14 to $0.28
WeeedMNReap: calls $0.14
*** RIVER *** [Qh 4h Js Ac] [7s]
WeeedMNReap: checks 
MarkAvrelij: checks 
*** SHOW DOWN ***
WeeedMNReap: shows [4d 4c] (three of a kind, Fours)
MarkAvrelij: mucks hand 
WeeedMNReap collected $0.82 from pot
*** SUMMARY ***
Total pot $0.85 | Rake $0.03 
Board [Qh 4h Js Ac 7s]
Seat 1: WeeedMNReap showed [4d 4c] and won ($0.82) with three of a kind, Fours
Seat 2: høhelten1975 folded on the Flop
Seat 3: MarkAvrelij mucked [7h 6h]
Seat 4: Ekshli (button) folded before Flop (didn't bet)
Seat 5: player69470 (small blind) folded before Flop
Seat 6: KATO422 (big blind) folded before Flop
Seat 7: Mr.Gazillion folded before Flop (didn't bet)
Seat 8: 12Lincoln folded before Flop (didn't bet)
Seat 9: Dorex2007 folded before Flop (didn't bet)



PokerStars Hand #224714307485:  Hold'em No Limit ($0.01/$0.02 USD) - 2021/03/11 20:54:56 PT [2021/03/11 23:54:56 ET]
Table 'Sadalmelik IV' 9-max Seat #5 is the button
Seat 1: WeeedMNReap ($1.89 in chips) 
Seat 2: høhelten1975 ($1.89 in chips) 
Seat 3: MarkAvrelij ($3.01 in chips) 
Seat 4: Ekshli ($2.20 in chips) 
Seat 5: player69470 ($1.89 in chips) 
Seat 6: KATO422 ($2 in chips) 
Seat 7: AlekseyAD173 ($0.80 in chips) 
Seat 8: 12Lincoln ($0.16 in chips) 
Seat 9: Dorex2007 ($3.10 in chips) 
KATO422: posts small blind $0.01
AlekseyAD173: posts big blind $0.02
*** HOLE CARDS ***
Dealt to Dorex2007 [2h 5d]
12Lincoln: folds 
Dorex2007: folds 
WeeedMNReap: raises $0.02 to $0.04
høhelten1975: calls $0.04
MarkAvrelij: folds 
Ekshli: folds 
player69470: folds 
KATO422: folds 
AlekseyAD173: folds 
*** FLOP *** [4c 6s 2d]
WeeedMNReap: checks 
høhelten1975: checks 
*** TURN *** [4c 6s 2d] [8h]
WeeedMNReap: checks 
høhelten1975: checks 
*** RIVER *** [4c 6s 2d 8h] [6h]
WeeedMNReap: bets $0.06
høhelten1975: folds 
Uncalled bet ($0.06) returned to WeeedMNReap
WeeedMNReap collected $0.11 from pot
*** SUMMARY ***
Total pot $0.11 | Rake $0 
Board [4c 6s 2d 8h 6h]
Seat 1: WeeedMNReap collected ($0.11)
Seat 2: høhelten1975 folded on the River
Seat 3: MarkAvrelij folded before Flop (didn't bet)
Seat 4: Ekshli folded before Flop (didn't bet)
Seat 5: player69470 (button) folded before Flop (didn't bet)
Seat 6: KATO422 (small blind) folded before Flop
Seat 7: AlekseyAD173 (big blind) folded before Flop
Seat 8: 12Lincoln folded before Flop (didn't bet)
Seat 9: Dorex2007 folded before Flop (didn't bet)



PokerStars Hand #224714322206:  Hold'em No Limit ($0.01/$0.02 USD) - 2021/03/11 20:56:02 PT [2021/03/11 23:56:02 ET]
Table 'Sadalmelik IV' 9-max Seat #6 is the button
Seat 1: WeeedMNReap ($1.96 in chips) 
Seat 2: høhelten1975 ($1.85 in chips) 
Seat 3: MarkAvrelij ($3.01 in chips) 
Seat 4: Ekshli ($2.20 in chips) 
Seat 5: player69470 ($1.89 in chips) 
Seat 6: KATO422 ($2 in chips) 
Seat 7: AlekseyAD173 ($0.78 in chips) 
Seat 8: 12Lincoln ($0.16 in chips) 
Seat 9: Dorex2007 ($3.10 in chips) 
AlekseyAD173: posts small blind $0.01
12Lincoln: posts big blind $0.02
*** HOLE CARDS ***
Dealt to Dorex2007 [8h Td]
Dorex2007: folds 
WeeedMNReap: folds 
høhelten1975: folds 
MarkAvrelij: raises $0.03 to $0.05
Ekshli: folds 
player69470: folds 
KATO422: raises $0.13 to $0.18
AlekseyAD173: folds 
12Lincoln: folds 
MarkAvrelij: calls $0.13
*** FLOP *** [9s Ts 4h]
MarkAvrelij: checks 
KATO422: checks 
*** TURN *** [9s Ts 4h] [2h]
MarkAvrelij: bets $0.21
KATO422: calls $0.21
*** RIVER *** [9s Ts 4h 2h] [Tc]
MarkAvrelij: bets $0.36
KATO422: calls $0.36
*** SHOW DOWN ***
MarkAvrelij: shows [8d 8s] (two pair, Tens and Eights)
KATO422: shows [Jc Jd] (two pair, Jacks and Tens)
KATO422 collected $1.48 from pot
*** SUMMARY ***
Total pot $1.53 | Rake $0.05 
Board [9s Ts 4h 2h Tc]
Seat 1: WeeedMNReap folded before Flop (didn't bet)
Seat 2: høhelten1975 folded before Flop (didn't bet)
Seat 3: MarkAvrelij showed [8d 8s] and lost with two pair, Tens and Eights
Seat 4: Ekshli folded before Flop (didn't bet)
Seat 5: player69470 folded before Flop (didn't bet)
Seat 6: KATO422 (button) showed [Jc Jd] and won ($1.48) with two pair, Jacks and Tens
Seat 7: AlekseyAD173 (small blind) folded before Flop
Seat 8: 12Lincoln (big blind) folded before Flop
Seat 9: Dorex2007 folded before Flop (didn't bet)



PokerStars Hand #224714331511:  Hold'em No Limit ($0.01/$0.02 USD) - 2021/03/11 20:56:56 PT [2021/03/11 23:56:56 ET]
Table 'Sadalmelik IV' 9-max Seat #7 is the button
Seat 1: WeeedMNReap ($1.96 in chips) 
Seat 2: høhelten1975 ($1.85 in chips) 
Seat 3: MarkAvrelij ($2.26 in chips) 
Seat 4: Ekshli ($2.20 in chips) 
Seat 5: player69470 ($1.89 in chips) 
Seat 6: KATO422 ($2.73 in chips) 
Seat 7: AlekseyAD173 ($0.77 in chips) 
Seat 8: 12Lincoln ($0.14 in chips) 
Seat 9: Dorex2007 ($3.10 in chips) 
12Lincoln: posts small blind $0.01
Dorex2007: posts big blind $0.02
*** HOLE CARDS ***
Dealt to Dorex2007 [5d Kd]
WeeedMNReap: folds 
høhelten1975 has timed out
høhelten1975: folds 
høhelten1975 is disconnected 
MarkAvrelij: folds 
Ekshli: raises $0.02 to $0.04
player69470: folds 
KATO422: folds 
AlekseyAD173: folds 
player69470 leaves the table
12Lincoln: folds 
Dorex2007: folds 
Uncalled bet ($0.02) returned to Ekshli
Ekshli collected $0.05 from pot
Ekshli: doesn't show hand 
*** SUMMARY ***
Total pot $0.05 | Rake $0 
Seat 1: WeeedMNReap folded before Flop (didn't bet)
Seat 2: høhelten1975 folded before Flop (didn't bet)
Seat 3: MarkAvrelij folded before Flop (didn't bet)
Seat 4: Ekshli collected ($0.05)
Seat 5: player69470 folded before Flop (didn't bet)
Seat 6: KATO422 folded before Flop (didn't bet)
Seat 7: AlekseyAD173 (button) folded before Flop (didn't bet)
Seat 8: 12Lincoln (small blind) folded before Flop
Seat 9: Dorex2007 (big blind) folded before Flop



PokerStars Hand #224714340738:  Hold'em No Limit ($0.01/$0.02 USD) - 2021/03/11 20:57:50 PT [2021/03/11 23:57:50 ET]
Table 'Sadalmelik IV' 9-max Seat #8 is the button
Seat 1: WeeedMNReap ($1.96 in chips) 
Seat 3: MarkAvrelij ($2.26 in chips) 
Seat 4: Ekshli ($2.23 in chips) 
Seat 6: KATO422 ($2.73 in chips) 
Seat 7: AlekseyAD173 ($0.77 in chips) 
Seat 8: 12Lincoln ($0.13 in chips) 
Seat 9: Dorex2007 ($3.08 in chips) 
Dorex2007: posts small blind $0.01
WeeedMNReap: posts big blind $0.02
*** HOLE CARDS ***
Dealt to Dorex2007 [9c Kd]
MarkAvrelij: raises $0.03 to $0.05
Ekshli: folds 
KATO422: folds 
AlekseyAD173: folds 
12Lincoln: folds 
Dorex2007: folds 
WeeedMNReap: folds 
Uncalled bet ($0.03) returned to MarkAvrelij
MarkAvrelij collected $0.05 from pot
MarkAvrelij: doesn't show hand 
*** SUMMARY ***
Total pot $0.05 | Rake $0 
Seat 1: WeeedMNReap (big blind) folded before Flop
Seat 3: MarkAvrelij collected ($0.05)
Seat 4: Ekshli folded before Flop (didn't bet)
Seat 6: KATO422 folded before Flop (didn't bet)
Seat 7: AlekseyAD173 folded before Flop (didn't bet)
Seat 8: 12Lincoln (button) folded before Flop (didn't bet)
Seat 9: Dorex2007 (small blind) folded before Flop



PokerStars Hand #224714343775:  Hold'em No Limit ($0.01/$0.02 USD) - 2021/03/11 20:58:08 PT [2021/03/11 23:58:08 ET]
Table 'Sadalmelik IV' 9-max Seat #9 is the button
Seat 1: WeeedMNReap ($1.94 in chips) 
Seat 3: MarkAvrelij ($2.29 in chips) 
Seat 4: Ekshli ($2.23 in chips) 
Seat 6: KATO422 ($2.73 in chips) 
Seat 7: AlekseyAD173 ($0.77 in chips) 
Seat 8: 12Lincoln ($0.13 in chips) 
Seat 9: Dorex2007 ($3.07 in chips) 
WeeedMNReap: posts small blind $0.01
MarkAvrelij: posts big blind $0.02
*** HOLE CARDS ***
Dealt to Dorex2007 [Jh Qh]
Ekshli has timed out
Ekshli: folds 
KATO422: folds 
AlekseyAD173: folds 
12Lincoln: folds 
Dorex2007: raises $0.06 to $0.08
WeeedMNReap: calls $0.07
MarkAvrelij: folds 
*** FLOP *** [Qd Ts Jc]
WeeedMNReap: checks 
Dorex2007: bets $0.11
WeeedMNReap: folds 
Uncalled bet ($0.11) returned to Dorex2007
Dorex2007 collected $0.17 from pot
Dorex2007: doesn't show hand 
*** SUMMARY ***
Total pot $0.18 | Rake $0.01 
Board [Qd Ts Jc]
Seat 1: WeeedMNReap (small blind) folded on the Flop
Seat 3: MarkAvrelij (big blind) folded before Flop
Seat 4: Ekshli folded before Flop (didn't bet)
Seat 6: KATO422 folded before Flop (didn't bet)
Seat 7: AlekseyAD173 folded before Flop (didn't bet)
Seat 8: 12Lincoln folded before Flop (didn't bet)
Seat 9: Dorex2007 (button) collected ($0.17)



PokerStars Hand #224714353157:  Hold'em No Limit ($0.01/$0.02 USD) - 2021/03/11 20:59:03 PT [2021/03/11 23:59:03 ET]
Table 'Sadalmelik IV' 9-max Seat #1 is the button
Seat 1: WeeedMNReap ($1.86 in chips) 
Seat 3: MarkAvrelij ($2.27 in chips) 
Seat 4: Ekshli ($2.23 in chips) 
Seat 6: KATO422 ($2.73 in chips) 
Seat 7: AlekseyAD173 ($0.77 in chips) 
Seat 8: 12Lincoln ($0.13 in chips) 
Seat 9: Dorex2007 ($3.16 in chips) 
MarkAvrelij: posts small blind $0.01
Ekshli: posts big blind $0.02
*** HOLE CARDS ***
Dealt to Dorex2007 [2s Kh]
KATO422: raises $0.04 to $0.06
AlekseyAD173: folds 
12Lincoln: folds 
Dorex2007: folds 
WeeedMNReap: folds 
MarkAvrelij: folds 
Ekshli: calls $0.04
*** FLOP *** [Jh Tc 8h]
Ekshli: bets $0.06
KATO422: folds 
Uncalled bet ($0.06) returned to Ekshli
Ekshli collected $0.13 from pot
Ekshli: doesn't show hand 
*** SUMMARY ***
Total pot $0.13 | Rake $0 
Board [Jh Tc 8h]
Seat 1: WeeedMNReap (button) folded before Flop (didn't bet)
Seat 3: MarkAvrelij (small blind) folded before Flop
Seat 4: Ekshli (big blind) collected ($0.13)
Seat 6: KATO422 folded on the Flop
Seat 7: AlekseyAD173 folded before Flop (didn't bet)
Seat 8: 12Lincoln folded before Flop (didn't bet)
Seat 9: Dorex2007 folded before Flop (didn't bet)



PokerStars Hand #224714357737:  Hold'em No Limit ($0.01/$0.02 USD) - 2021/03/11 20:59:30 PT [2021/03/11 23:59:30 ET]
Table 'Sadalmelik IV' 9-max Seat #3 is the button
Seat 1: WeeedMNReap ($1.86 in chips) 
Seat 3: MarkAvrelij ($2.26 in chips) 
Seat 4: Ekshli ($2.30 in chips) 
Seat 6: KATO422 ($2.67 in chips) 
Seat 7: AlekseyAD173 ($0.77 in chips) 
Seat 8: 12Lincoln ($0.13 in chips) 
Seat 9: Dorex2007 ($3.16 in chips) 
Ekshli: posts small blind $0.01
KATO422: posts big blind $0.02
*** HOLE CARDS ***
Dealt to Dorex2007 [2s As]
AlekseyAD173: folds 
12Lincoln: folds 
Dorex2007: raises $0.04 to $0.06
WeeedMNReap: folds 
MarkAvrelij: raises $0.13 to $0.19
Ekshli: folds 
KATO422: folds 
Dorex2007: folds 
Uncalled bet ($0.13) returned to MarkAvrelij
MarkAvrelij collected $0.15 from pot
MarkAvrelij: doesn't show hand 
*** SUMMARY ***
Total pot $0.15 | Rake $0 
Seat 1: WeeedMNReap folded before Flop (didn't bet)
Seat 3: MarkAvrelij (button) collected ($0.15)
Seat 4: Ekshli (small blind) folded before Flop
Seat 6: KATO422 (big blind) folded before Flop
Seat 7: AlekseyAD173 folded before Flop (didn't bet)
Seat 8: 12Lincoln folded before Flop (didn't bet)
Seat 9: Dorex2007 folded before Flop



PokerStars Hand #224714362517:  Hold'em No Limit ($0.01/$0.02 USD) - 2021/03/11 20:59:58 PT [2021/03/11 23:59:58 ET]
Table 'Sadalmelik IV' 9-max Seat #4 is the button
Seat 1: WeeedMNReap ($1.86 in chips) 
Seat 3: MarkAvrelij ($2.35 in chips) 
Seat 4: Ekshli ($2.29 in chips) 
Seat 6: KATO422 ($2.65 in chips) 
Seat 7: AlekseyAD173 ($0.77 in chips) 
Seat 8: 12Lincoln ($0.13 in chips) 
Seat 9: Dorex2007 ($3.10 in chips) 
KATO422: posts small blind $0.01
AlekseyAD173: posts big blind $0.02
*** HOLE CARDS ***
Dealt to Dorex2007 [9h 5d]
12Lincoln: folds 
Dorex2007: folds 
WeeedMNReap: folds 
MarkAvrelij: folds 
Ekshli: folds 
KATO422: folds 
Uncalled bet ($0.01) returned to AlekseyAD173
AlekseyAD173 collected $0.02 from pot
*** SUMMARY ***
Total pot $0.02 | Rake $0 
Seat 1: WeeedMNReap folded before Flop (didn't bet)
Seat 3: MarkAvrelij folded before Flop (didn't bet)
Seat 4: Ekshli (button) folded before Flop (didn't bet)
Seat 6: KATO422 (small blind) folded before Flop
Seat 7: AlekseyAD173 (big blind) collected ($0.02)
Seat 8: 12Lincoln folded before Flop (didn't bet)
Seat 9: Dorex2007 folded before Flop (didn't bet)



