PokerStars Hand #227864466678:  Hold'em No Limit ($0.01/$0.02 USD) - 2021/06/26 11:05:31 PT [2021/06/26 14:05:31 ET]
Table 'Io III' 9-max Seat #8 is the button
Seat 1: dead men 111 ($1.53 in chips) 
Seat 2: LeandroAku ($0.77 in chips) 
Seat 4: Kasper191700 ($2.12 in chips) 
Seat 5: Old Louis ($1.58 in chips) 
Seat 6: frosa9397 ($3.91 in chips) 
Seat 7: Dorex2007 ($2 in chips) 
Seat 8: Fabiano2596 ($0.57 in chips) 
Seat 9: Xumarbaz ($1.41 in chips) 
Xumarbaz: posts small blind $0.01
dead men 111: posts big blind $0.02
Dorex2007: posts big blind $0.02
*** HOLE CARDS ***
Dealt to Dorex2007 [2d Jc]
LeandroAku: folds 
Kasper191700: folds 
Old Louis: calls $0.02
frosa9397: folds 
Dorex2007: checks 
Fabiano2596: folds 
Xumarbaz: calls $0.01
dead men 111: checks 
*** FLOP *** [4d 5h As]
Xumarbaz: checks 
dead men 111: checks 
Old Louis: checks 
Dorex2007: bets $0.05
Xumarbaz: folds 
dead men 111: folds 
Old Louis: folds 
Uncalled bet ($0.05) returned to Dorex2007
Dorex2007 collected $0.08 from pot
Dorex2007: doesn't show hand 
*** SUMMARY ***
Total pot $0.08 | Rake $0 
Board [4d 5h As]
Seat 1: dead men 111 (big blind) folded on the Flop
Seat 2: LeandroAku folded before Flop (didn't bet)
Seat 4: Kasper191700 folded before Flop (didn't bet)
Seat 5: Old Louis folded on the Flop
Seat 6: frosa9397 folded before Flop (didn't bet)
Seat 7: Dorex2007 collected ($0.08)
Seat 8: Fabiano2596 (button) folded before Flop (didn't bet)
Seat 9: Xumarbaz (small blind) folded on the Flop



PokerStars Hand #227864483182:  Hold'em No Limit ($0.01/$0.02 USD) - 2021/06/26 11:06:10 PT [2021/06/26 14:06:10 ET]
Table 'Io III' 9-max Seat #9 is the button
Seat 1: dead men 111 ($1.51 in chips) 
Seat 2: LeandroAku ($0.77 in chips) 
Seat 4: Kasper191700 ($2.12 in chips) 
Seat 5: Old Louis ($1.56 in chips) 
Seat 6: frosa9397 ($3.91 in chips) 
Seat 7: Dorex2007 ($2.06 in chips) 
Seat 8: Fabiano2596 ($0.57 in chips) 
Seat 9: Xumarbaz ($1.39 in chips) 
dead men 111: posts small blind $0.01
LeandroAku: posts big blind $0.02
*** HOLE CARDS ***
Dealt to Dorex2007 [Jc 6c]
Kasper191700: folds 
Old Louis: folds 
frosa9397: calls $0.02
Dorex2007: folds 
Fabiano2596: folds 
Xumarbaz: calls $0.02
dead men 111: calls $0.01
LeandroAku: checks 
*** FLOP *** [8h 5c Ad]
dead men 111: checks 
LeandroAku: bets $0.02
frosa9397: calls $0.02
Xumarbaz: calls $0.02
dead men 111: calls $0.02
*** TURN *** [8h 5c Ad] [4s]
dead men 111: checks 
LeandroAku: bets $0.12
frosa9397: folds 
Xumarbaz: calls $0.12
dead men 111: folds 
*** RIVER *** [8h 5c Ad 4s] [7d]
LeandroAku: checks 
Xumarbaz: bets $0.16
LeandroAku: calls $0.16
*** SHOW DOWN ***
Xumarbaz: shows [6s 7s] (a straight, Four to Eight)
LeandroAku: mucks hand 
Xumarbaz collected $0.69 from pot
*** SUMMARY ***
Total pot $0.72 | Rake $0.03 
Board [8h 5c Ad 4s 7d]
Seat 1: dead men 111 (small blind) folded on the Turn
Seat 2: LeandroAku (big blind) mucked [5h Ac]
Seat 4: Kasper191700 folded before Flop (didn't bet)
Seat 5: Old Louis folded before Flop (didn't bet)
Seat 6: frosa9397 folded on the Turn
Seat 7: Dorex2007 folded before Flop (didn't bet)
Seat 8: Fabiano2596 folded before Flop (didn't bet)
Seat 9: Xumarbaz (button) showed [6s 7s] and won ($0.69) with a straight, Four to Eight



PokerStars Hand #227864515813:  Hold'em No Limit ($0.01/$0.02 USD) - 2021/06/26 11:07:28 PT [2021/06/26 14:07:28 ET]
Table 'Io III' 9-max Seat #1 is the button
Seat 1: dead men 111 ($1.47 in chips) 
Seat 2: LeandroAku ($0.45 in chips) 
Seat 4: Kasper191700 ($2.12 in chips) 
Seat 5: Old Louis ($1.56 in chips) 
Seat 6: frosa9397 ($3.87 in chips) 
Seat 7: Dorex2007 ($2.06 in chips) 
Seat 8: Fabiano2596 ($0.57 in chips) 
Seat 9: Xumarbaz ($1.76 in chips) 
LeandroAku: posts small blind $0.01
Kasper191700: posts big blind $0.02
*** HOLE CARDS ***
Dealt to Dorex2007 [9c 8s]
Old Louis: folds 
frosa9397: folds 
Dorex2007: folds 
Fabiano2596: calls $0.02
Xumarbaz: calls $0.02
dead men 111: folds 
LeandroAku: calls $0.01
Kasper191700: checks 
*** FLOP *** [8h Qh Ad]
LeandroAku: checks 
Kasper191700: checks 
Fabiano2596: checks 
Xumarbaz: checks 
*** TURN *** [8h Qh Ad] [Js]
LeandroAku: checks 
Kasper191700: checks 
Fabiano2596: checks 
Xumarbaz: bets $0.04
LeandroAku: calls $0.04
Kasper191700: folds 
Fabiano2596: calls $0.04
*** RIVER *** [8h Qh Ad Js] [Td]
LeandroAku: checks 
Fabiano2596: checks 
Xumarbaz: bets $0.14
LeandroAku: folds 
Fabiano2596: calls $0.14
*** SHOW DOWN ***
Xumarbaz: shows [Qs Ks] (a straight, Ten to Ace)
Fabiano2596: mucks hand 
Xumarbaz collected $0.46 from pot
*** SUMMARY ***
Total pot $0.48 | Rake $0.02 
Board [8h Qh Ad Js Td]
Seat 1: dead men 111 (button) folded before Flop (didn't bet)
Seat 2: LeandroAku (small blind) folded on the River
Seat 4: Kasper191700 (big blind) folded on the Turn
Seat 5: Old Louis folded before Flop (didn't bet)
Seat 6: frosa9397 folded before Flop (didn't bet)
Seat 7: Dorex2007 folded before Flop (didn't bet)
Seat 8: Fabiano2596 mucked [8d 9h]
Seat 9: Xumarbaz showed [Qs Ks] and won ($0.46) with a straight, Ten to Ace



PokerStars Hand #227864561743:  Hold'em No Limit ($0.01/$0.02 USD) - 2021/06/26 11:09:18 PT [2021/06/26 14:09:18 ET]
Table 'Io III' 9-max Seat #2 is the button
Seat 1: dead men 111 ($1.47 in chips) 
Seat 2: LeandroAku ($0.39 in chips) 
Seat 4: Kasper191700 ($2.10 in chips) 
Seat 5: Old Louis ($1.56 in chips) 
Seat 6: frosa9397 ($3.87 in chips) 
Seat 7: Dorex2007 ($2.06 in chips) 
Seat 8: Fabiano2596 ($0.37 in chips) 
Seat 9: Xumarbaz ($2.02 in chips) 
Kasper191700: posts small blind $0.01
Old Louis: posts big blind $0.02
*** HOLE CARDS ***
Dealt to Dorex2007 [7d 9d]
frosa9397 has timed out
frosa9397: folds 
Dorex2007: folds 
Fabiano2596: folds 
Xumarbaz: calls $0.02
dead men 111: folds 
LeandroAku: calls $0.02
Kasper191700: folds 
Old Louis: checks 
*** FLOP *** [4h Ad Jh]
Old Louis: checks 
Xumarbaz: checks 
LeandroAku: checks 
*** TURN *** [4h Ad Jh] [2s]
Old Louis: bets $0.06
Xumarbaz: calls $0.06
LeandroAku: folds 
*** RIVER *** [4h Ad Jh 2s] [4d]
Old Louis: bets $0.18
Xumarbaz: folds 
Uncalled bet ($0.18) returned to Old Louis
Old Louis collected $0.18 from pot
Old Louis: doesn't show hand 
*** SUMMARY ***
Total pot $0.19 | Rake $0.01 
Board [4h Ad Jh 2s 4d]
Seat 1: dead men 111 folded before Flop (didn't bet)
Seat 2: LeandroAku (button) folded on the Turn
Seat 4: Kasper191700 (small blind) folded before Flop
Seat 5: Old Louis (big blind) collected ($0.18)
Seat 6: frosa9397 folded before Flop (didn't bet)
Seat 7: Dorex2007 folded before Flop (didn't bet)
Seat 8: Fabiano2596 folded before Flop (didn't bet)
Seat 9: Xumarbaz folded on the River



PokerStars Hand #227864589812:  Hold'em No Limit ($0.01/$0.02 USD) - 2021/06/26 11:10:25 PT [2021/06/26 14:10:25 ET]
Table 'Io III' 9-max Seat #4 is the button
Seat 1: dead men 111 ($1.47 in chips) 
Seat 2: LeandroAku ($0.37 in chips) 
Seat 4: Kasper191700 ($2.09 in chips) 
Seat 5: Old Louis ($1.66 in chips) 
Seat 7: Dorex2007 ($2.06 in chips) 
Seat 8: Fabiano2596 ($0.37 in chips) 
Seat 9: Xumarbaz ($1.94 in chips) 
Old Louis: posts small blind $0.01
Dorex2007: posts big blind $0.02
ih8bluffs88: sits out 
*** HOLE CARDS ***
Dealt to Dorex2007 [Ks Kh]
Fabiano2596: folds 
Xumarbaz: calls $0.02
dead men 111: folds 
LeandroAku: raises $0.04 to $0.06
Kasper191700: folds 
Old Louis: folds 
Dorex2007: raises $0.12 to $0.18
Xumarbaz: folds 
LeandroAku: raises $0.19 to $0.37 and is all-in
Dorex2007: calls $0.19
*** FLOP *** [Qs Jd 7h]
*** TURN *** [Qs Jd 7h] [Jc]
*** RIVER *** [Qs Jd 7h Jc] [Qd]
*** SHOW DOWN ***
Dorex2007: shows [Ks Kh] (two pair, Kings and Queens)
LeandroAku: shows [Ac Js] (a full house, Jacks full of Queens)
LeandroAku collected $0.74 from pot
Dorex2007 cashed out the hand for $0.53 | Cash Out Fee $0.01
*** SUMMARY ***
Total pot $0.77 | Rake $0.03 
Board [Qs Jd 7h Jc Qd]
Seat 1: dead men 111 folded before Flop (didn't bet)
Seat 2: LeandroAku showed [Ac Js] and won ($0.74) with a full house, Jacks full of Queens
Seat 4: Kasper191700 (button) folded before Flop (didn't bet)
Seat 5: Old Louis (small blind) folded before Flop
Seat 7: Dorex2007 (big blind) showed [Ks Kh] and lost with two pair, Kings and Queens (cashed out).
Seat 8: Fabiano2596 folded before Flop (didn't bet)
Seat 9: Xumarbaz folded before Flop



PokerStars Hand #227864609956:  Hold'em No Limit ($0.01/$0.02 USD) - 2021/06/26 11:11:13 PT [2021/06/26 14:11:13 ET]
Table 'Io III' 9-max Seat #5 is the button
Seat 1: dead men 111 ($1.47 in chips) 
Seat 2: LeandroAku ($0.74 in chips) 
Seat 4: Kasper191700 ($2.09 in chips) 
Seat 5: Old Louis ($1.65 in chips) 
Seat 7: Dorex2007 ($2.22 in chips) 
Seat 8: Fabiano2596 ($0.37 in chips) 
Seat 9: Xumarbaz ($1.92 in chips) 
Dorex2007: posts small blind $0.01
Fabiano2596: posts big blind $0.02
ih8bluffs88: sits out 
*** HOLE CARDS ***
Dealt to Dorex2007 [Jd Ad]
Xumarbaz: calls $0.02
dead men 111: folds 
LeandroAku: folds 
Kasper191700: folds 
Old Louis: folds 
Dorex2007: raises $0.04 to $0.06
Fabiano2596: calls $0.04
Xumarbaz: calls $0.04
*** FLOP *** [6c 8d 4d]
Dorex2007: bets $0.17
Fabiano2596: folds 
Xumarbaz: folds 
Uncalled bet ($0.17) returned to Dorex2007
Dorex2007 collected $0.17 from pot
Dorex2007: doesn't show hand 
*** SUMMARY ***
Total pot $0.18 | Rake $0.01 
Board [6c 8d 4d]
Seat 1: dead men 111 folded before Flop (didn't bet)
Seat 2: LeandroAku folded before Flop (didn't bet)
Seat 4: Kasper191700 folded before Flop (didn't bet)
Seat 5: Old Louis (button) folded before Flop (didn't bet)
Seat 7: Dorex2007 (small blind) collected ($0.17)
Seat 8: Fabiano2596 (big blind) folded on the Flop
Seat 9: Xumarbaz folded on the Flop



PokerStars Hand #227864624966:  Hold'em No Limit ($0.01/$0.02 USD) - 2021/06/26 11:11:49 PT [2021/06/26 14:11:49 ET]
Table 'Io III' 9-max Seat #7 is the button
Seat 1: dead men 111 ($1.47 in chips) 
Seat 2: LeandroAku ($0.74 in chips) 
Seat 4: Kasper191700 ($2.09 in chips) 
Seat 5: Old Louis ($1.65 in chips) 
Seat 7: Dorex2007 ($2.33 in chips) 
Seat 8: Fabiano2596 ($0.31 in chips) 
Seat 9: Xumarbaz ($1.86 in chips) 
Fabiano2596: posts small blind $0.01
Xumarbaz: posts big blind $0.02
ih8bluffs88: sits out 
*** HOLE CARDS ***
Dealt to Dorex2007 [9c 8d]
dead men 111: folds 
LeandroAku: raises $0.10 to $0.12
Kasper191700: folds 
Old Louis: folds 
Dorex2007: folds 
Fabiano2596: folds 
Xumarbaz: folds 
Uncalled bet ($0.10) returned to LeandroAku
LeandroAku collected $0.05 from pot
LeandroAku: doesn't show hand 
*** SUMMARY ***
Total pot $0.05 | Rake $0 
Seat 1: dead men 111 folded before Flop (didn't bet)
Seat 2: LeandroAku collected ($0.05)
Seat 4: Kasper191700 folded before Flop (didn't bet)
Seat 5: Old Louis folded before Flop (didn't bet)
Seat 7: Dorex2007 (button) folded before Flop (didn't bet)
Seat 8: Fabiano2596 (small blind) folded before Flop
Seat 9: Xumarbaz (big blind) folded before Flop



PokerStars Hand #227864633250:  Hold'em No Limit ($0.01/$0.02 USD) - 2021/06/26 11:12:09 PT [2021/06/26 14:12:09 ET]
Table 'Io III' 9-max Seat #8 is the button
Seat 1: dead men 111 ($1.47 in chips) 
Seat 2: LeandroAku ($0.77 in chips) 
Seat 4: Kasper191700 ($2.09 in chips) 
Seat 5: Old Louis ($1.65 in chips) 
Seat 7: Dorex2007 ($2.33 in chips) 
Seat 8: Fabiano2596 ($0.30 in chips) 
Seat 9: Xumarbaz ($1.84 in chips) 
Xumarbaz: posts small blind $0.01
dead men 111: posts big blind $0.02
ih8bluffs88: sits out 
*** HOLE CARDS ***
Dealt to Dorex2007 [Qs Kd]
LeandroAku: folds 
Kasper191700: folds 
Old Louis: folds 
Dorex2007: raises $0.04 to $0.06
Fabiano2596: raises $0.24 to $0.30 and is all-in
Xumarbaz: folds 
dead men 111: folds 
Dorex2007: folds 
Uncalled bet ($0.24) returned to Fabiano2596
Fabiano2596 collected $0.15 from pot
Fabiano2596: doesn't show hand 
*** SUMMARY ***
Total pot $0.15 | Rake $0 
Seat 1: dead men 111 (big blind) folded before Flop
Seat 2: LeandroAku folded before Flop (didn't bet)
Seat 4: Kasper191700 folded before Flop (didn't bet)
Seat 5: Old Louis folded before Flop (didn't bet)
Seat 7: Dorex2007 folded before Flop
Seat 8: Fabiano2596 (button) collected ($0.15)
Seat 9: Xumarbaz (small blind) folded before Flop



PokerStars Hand #227864640824:  Hold'em No Limit ($0.01/$0.02 USD) - 2021/06/26 11:12:27 PT [2021/06/26 14:12:27 ET]
Table 'Io III' 9-max Seat #9 is the button
Seat 1: dead men 111 ($1.45 in chips) 
Seat 2: LeandroAku ($0.77 in chips) 
Seat 4: Kasper191700 ($2.09 in chips) 
Seat 5: Old Louis ($1.65 in chips) 
Seat 7: Dorex2007 ($2.27 in chips) 
Seat 8: Fabiano2596 ($0.39 in chips) 
Seat 9: Xumarbaz ($1.83 in chips) 
dead men 111: posts small blind $0.01
LeandroAku: posts big blind $0.02
ih8bluffs88: sits out 
*** HOLE CARDS ***
Dealt to Dorex2007 [6d Kc]
Kasper191700: folds 
Old Louis: folds 
Dorex2007: folds 
Fabiano2596: folds 
Xumarbaz: folds 
dead men 111: raises $0.04 to $0.06
LeandroAku: folds 
Uncalled bet ($0.04) returned to dead men 111
dead men 111 collected $0.04 from pot
*** SUMMARY ***
Total pot $0.04 | Rake $0 
Seat 1: dead men 111 (small blind) collected ($0.04)
Seat 2: LeandroAku (big blind) folded before Flop
Seat 4: Kasper191700 folded before Flop (didn't bet)
Seat 5: Old Louis folded before Flop (didn't bet)
Seat 7: Dorex2007 folded before Flop (didn't bet)
Seat 8: Fabiano2596 folded before Flop (didn't bet)
Seat 9: Xumarbaz (button) folded before Flop (didn't bet)



PokerStars Hand #227864648408:  Hold'em No Limit ($0.01/$0.02 USD) - 2021/06/26 11:12:45 PT [2021/06/26 14:12:45 ET]
Table 'Io III' 9-max Seat #1 is the button
Seat 1: dead men 111 ($1.47 in chips) 
Seat 2: LeandroAku ($0.75 in chips) 
Seat 3: ih8bluffs88 ($1.05 in chips) 
Seat 4: Kasper191700 ($2.09 in chips) 
Seat 5: Old Louis ($1.65 in chips) 
Seat 7: Dorex2007 ($2.27 in chips) 
Seat 8: Fabiano2596 ($0.39 in chips) 
Seat 9: Xumarbaz ($1.83 in chips) 
LeandroAku: posts small blind $0.01
ih8bluffs88: posts big blind $0.02
*** HOLE CARDS ***
Dealt to Dorex2007 [8d 7d]
Kasper191700: folds 
Old Louis: calls $0.02
Dorex2007: folds 
Fabiano2596: folds 
Xumarbaz: calls $0.02
dead men 111: raises $0.09 to $0.11
LeandroAku: folds 
ih8bluffs88: folds 
Old Louis: folds 
Xumarbaz: folds 
Uncalled bet ($0.09) returned to dead men 111
dead men 111 collected $0.09 from pot
*** SUMMARY ***
Total pot $0.09 | Rake $0 
Seat 1: dead men 111 (button) collected ($0.09)
Seat 2: LeandroAku (small blind) folded before Flop
Seat 3: ih8bluffs88 (big blind) folded before Flop
Seat 4: Kasper191700 folded before Flop (didn't bet)
Seat 5: Old Louis folded before Flop
Seat 7: Dorex2007 folded before Flop (didn't bet)
Seat 8: Fabiano2596 folded before Flop (didn't bet)
Seat 9: Xumarbaz folded before Flop



PokerStars Hand #227864658801:  Hold'em No Limit ($0.01/$0.02 USD) - 2021/06/26 11:13:10 PT [2021/06/26 14:13:10 ET]
Table 'Io III' 9-max Seat #2 is the button
Seat 1: dead men 111 ($1.54 in chips) 
Seat 2: LeandroAku ($0.74 in chips) 
Seat 3: ih8bluffs88 ($1.03 in chips) 
Seat 4: Kasper191700 ($2.09 in chips) 
Seat 5: Old Louis ($1.63 in chips) 
Seat 7: Dorex2007 ($2.27 in chips) 
Seat 8: Fabiano2596 ($0.39 in chips) 
Seat 9: Xumarbaz ($1.81 in chips) 
ih8bluffs88: posts small blind $0.01
Kasper191700: posts big blind $0.02
*** HOLE CARDS ***
Dealt to Dorex2007 [Ts Td]
Old Louis: folds 
Dorex2007: raises $0.04 to $0.06
Fabiano2596: folds 
Xumarbaz: folds 
dead men 111: folds 
LeandroAku: calls $0.06
ih8bluffs88: folds 
Kasper191700: folds 
*** FLOP *** [As 7c Qd]
Dorex2007: checks 
LeandroAku: bets $0.11
Dorex2007: folds 
Uncalled bet ($0.11) returned to LeandroAku
LeandroAku collected $0.14 from pot
LeandroAku: doesn't show hand 
*** SUMMARY ***
Total pot $0.15 | Rake $0.01 
Board [As 7c Qd]
Seat 1: dead men 111 folded before Flop (didn't bet)
Seat 2: LeandroAku (button) collected ($0.14)
Seat 3: ih8bluffs88 (small blind) folded before Flop
Seat 4: Kasper191700 (big blind) folded before Flop
Seat 5: Old Louis folded before Flop (didn't bet)
Seat 7: Dorex2007 folded on the Flop
Seat 8: Fabiano2596 folded before Flop (didn't bet)
Seat 9: Xumarbaz folded before Flop (didn't bet)



PokerStars Hand #227864684161:  Hold'em No Limit ($0.01/$0.02 USD) - 2021/06/26 11:13:53 PT [2021/06/26 14:13:53 ET]
Table 'Io III' 9-max Seat #3 is the button
Seat 1: dead men 111 ($1.54 in chips) 
Seat 2: LeandroAku ($0.82 in chips) 
Seat 3: ih8bluffs88 ($1.02 in chips) 
Seat 4: Kasper191700 ($2.07 in chips) 
Seat 5: Old Louis ($1.63 in chips) 
Seat 7: Dorex2007 ($2.21 in chips) 
Seat 8: Fabiano2596 ($0.39 in chips) 
Seat 9: Xumarbaz ($1.81 in chips) 
Kasper191700: posts small blind $0.01
Old Louis: posts big blind $0.02
*** HOLE CARDS ***
Dealt to Dorex2007 [Jd Ah]
Dorex2007: folds 
Fabiano2596: folds 
Xumarbaz: folds 
dead men 111: folds 
LeandroAku: folds 
ih8bluffs88: folds 
Kasper191700: folds 
Uncalled bet ($0.01) returned to Old Louis
Old Louis collected $0.02 from pot
Old Louis: doesn't show hand 
*** SUMMARY ***
Total pot $0.02 | Rake $0 
Seat 1: dead men 111 folded before Flop (didn't bet)
Seat 2: LeandroAku folded before Flop (didn't bet)
Seat 3: ih8bluffs88 (button) folded before Flop (didn't bet)
Seat 4: Kasper191700 (small blind) folded before Flop
Seat 5: Old Louis (big blind) collected ($0.02)
Seat 7: Dorex2007 folded before Flop (didn't bet)
Seat 8: Fabiano2596 folded before Flop (didn't bet)
Seat 9: Xumarbaz folded before Flop (didn't bet)



PokerStars Hand #227864692184:  Hold'em No Limit ($0.01/$0.02 USD) - 2021/06/26 11:14:12 PT [2021/06/26 14:14:12 ET]
Table 'Io III' 9-max Seat #4 is the button
Seat 1: dead men 111 ($1.54 in chips) 
Seat 2: LeandroAku ($0.82 in chips) 
Seat 3: ih8bluffs88 ($1.02 in chips) 
Seat 4: Kasper191700 ($2.06 in chips) 
Seat 5: Old Louis ($1.64 in chips) 
Seat 7: Dorex2007 ($2.21 in chips) 
Seat 8: Fabiano2596 ($0.39 in chips) 
Seat 9: Xumarbaz ($1.81 in chips) 
Old Louis: posts small blind $0.01
Dorex2007: posts big blind $0.02
*** HOLE CARDS ***
Dealt to Dorex2007 [2c Jh]
Fabiano2596: calls $0.02
Xumarbaz: folds 
dead men 111: calls $0.02
LeandroAku: folds 
ih8bluffs88: folds 
Kasper191700: folds 
Old Louis: folds 
Dorex2007: checks 
*** FLOP *** [5h 8d Qh]
Dorex2007: checks 
Fabiano2596: checks 
dead men 111: checks 
*** TURN *** [5h 8d Qh] [Jc]
Dorex2007: checks 
Fabiano2596: bets $0.02
dead men 111: calls $0.02
Dorex2007: folds 
*** RIVER *** [5h 8d Qh Jc] [2h]
Fabiano2596: bets $0.02
dead men 111: calls $0.02
*** SHOW DOWN ***
Fabiano2596: shows [Js 6c] (a pair of Jacks)
dead men 111: mucks hand 
Fabiano2596 collected $0.14 from pot
*** SUMMARY ***
Total pot $0.15 | Rake $0.01 
Board [5h 8d Qh Jc 2h]
Seat 1: dead men 111 mucked [Ts Ac]
Seat 2: LeandroAku folded before Flop (didn't bet)
Seat 3: ih8bluffs88 folded before Flop (didn't bet)
Seat 4: Kasper191700 (button) folded before Flop (didn't bet)
Seat 5: Old Louis (small blind) folded before Flop
Seat 7: Dorex2007 (big blind) folded on the Turn
Seat 8: Fabiano2596 showed [Js 6c] and won ($0.14) with a pair of Jacks
Seat 9: Xumarbaz folded before Flop (didn't bet)



PokerStars Hand #227864716658:  Hold'em No Limit ($0.01/$0.02 USD) - 2021/06/26 11:15:10 PT [2021/06/26 14:15:10 ET]
Table 'Io III' 9-max Seat #5 is the button
Seat 1: dead men 111 ($1.48 in chips) 
Seat 2: LeandroAku ($0.82 in chips) 
Seat 3: ih8bluffs88 ($1.02 in chips) 
Seat 4: Kasper191700 ($2.06 in chips) 
Seat 5: Old Louis ($1.63 in chips) 
Seat 7: Dorex2007 ($2.19 in chips) 
Seat 8: Fabiano2596 ($0.47 in chips) 
Seat 9: Xumarbaz ($1.81 in chips) 
Dorex2007: posts small blind $0.01
Fabiano2596: posts big blind $0.02
*** HOLE CARDS ***
Dealt to Dorex2007 [3h 9h]
Xumarbaz: calls $0.02
dead men 111: folds 
LeandroAku: folds 
ih8bluffs88: folds 
Kasper191700: folds 
Old Louis: calls $0.02
Dorex2007: folds 
Fabiano2596: checks 
*** FLOP *** [Qd 8c Ad]
Fabiano2596: checks 
Xumarbaz: checks 
Old Louis: checks 
*** TURN *** [Qd 8c Ad] [4c]
Fabiano2596: bets $0.02
Xumarbaz: calls $0.02
Old Louis: calls $0.02
*** RIVER *** [Qd 8c Ad 4c] [Jh]
Fabiano2596: checks 
Xumarbaz: bets $0.04
Old Louis: calls $0.04
Fabiano2596: calls $0.04
*** SHOW DOWN ***
Xumarbaz: shows [Ac 3c] (a pair of Aces)
Old Louis: mucks hand 
Fabiano2596: mucks hand 
Xumarbaz collected $0.24 from pot
*** SUMMARY ***
Total pot $0.25 | Rake $0.01 
Board [Qd 8c Ad 4c Jh]
Seat 1: dead men 111 folded before Flop (didn't bet)
Seat 2: LeandroAku folded before Flop (didn't bet)
Seat 3: ih8bluffs88 folded before Flop (didn't bet)
Seat 4: Kasper191700 folded before Flop (didn't bet)
Seat 5: Old Louis (button) mucked [Qc Td]
Seat 7: Dorex2007 (small blind) folded before Flop
Seat 8: Fabiano2596 (big blind) mucked [Ks 4h]
Seat 9: Xumarbaz showed [Ac 3c] and won ($0.24) with a pair of Aces



PokerStars Hand #227864748328:  Hold'em No Limit ($0.01/$0.02 USD) - 2021/06/26 11:16:06 PT [2021/06/26 14:16:06 ET]
Table 'Io III' 9-max Seat #7 is the button
Seat 1: dead men 111 ($1.48 in chips) 
Seat 2: LeandroAku ($0.82 in chips) 
Seat 3: ih8bluffs88 ($1.02 in chips) 
Seat 4: Kasper191700 ($2.06 in chips) 
Seat 5: Old Louis ($1.55 in chips) 
Seat 7: Dorex2007 ($2.18 in chips) 
Seat 8: Fabiano2596 ($0.39 in chips) 
Seat 9: Xumarbaz ($1.97 in chips) 
Fabiano2596: posts small blind $0.01
Xumarbaz: posts big blind $0.02
*** HOLE CARDS ***
Dealt to Dorex2007 [4d 3c]
dead men 111: calls $0.02
LeandroAku: folds 
ih8bluffs88: calls $0.02
Kasper191700: folds 
Old Louis: folds 
Dorex2007: folds 
Fabiano2596 is disconnected 
Fabiano2596 has timed out while disconnected
Fabiano2596: folds 
Xumarbaz: checks 
*** FLOP *** [9c 7s 7d]
Xumarbaz: checks 
dead men 111: bets $0.07
ih8bluffs88: folds 
Xumarbaz: folds 
Uncalled bet ($0.07) returned to dead men 111
dead men 111 collected $0.07 from pot
*** SUMMARY ***
Total pot $0.07 | Rake $0 
Board [9c 7s 7d]
Seat 1: dead men 111 collected ($0.07)
Seat 2: LeandroAku folded before Flop (didn't bet)
Seat 3: ih8bluffs88 folded on the Flop
Seat 4: Kasper191700 folded before Flop (didn't bet)
Seat 5: Old Louis folded before Flop (didn't bet)
Seat 7: Dorex2007 (button) folded before Flop (didn't bet)
Seat 8: Fabiano2596 (small blind) folded before Flop
Seat 9: Xumarbaz (big blind) folded on the Flop



PokerStars Hand #227864783505:  Hold'em No Limit ($0.01/$0.02 USD) - 2021/06/26 11:17:29 PT [2021/06/26 14:17:29 ET]
Table 'Io III' 9-max Seat #9 is the button
Seat 1: dead men 111 ($1.53 in chips) 
Seat 2: LeandroAku ($0.82 in chips) 
Seat 3: ih8bluffs88 ($1 in chips) 
Seat 4: Kasper191700 ($2.06 in chips) 
Seat 5: Old Louis ($1.55 in chips) 
Seat 7: Dorex2007 ($2.18 in chips) 
Seat 9: Xumarbaz ($1.95 in chips) 
dead men 111: posts small blind $0.01
LeandroAku: posts big blind $0.02
*** HOLE CARDS ***
Dealt to Dorex2007 [5d 5s]
ih8bluffs88: folds 
Kasper191700: raises $0.10 to $0.12
Old Louis: folds 
Dorex2007: folds 
Xumarbaz: folds 
dead men 111: folds 
LeandroAku: folds 
Uncalled bet ($0.10) returned to Kasper191700
Kasper191700 collected $0.05 from pot
Kasper191700: doesn't show hand 
*** SUMMARY ***
Total pot $0.05 | Rake $0 
Seat 1: dead men 111 (small blind) folded before Flop
Seat 2: LeandroAku (big blind) folded before Flop
Seat 3: ih8bluffs88 folded before Flop (didn't bet)
Seat 4: Kasper191700 collected ($0.05)
Seat 5: Old Louis folded before Flop (didn't bet)
Seat 7: Dorex2007 folded before Flop (didn't bet)
Seat 9: Xumarbaz (button) folded before Flop (didn't bet)



PokerStars Hand #227864793250:  Hold'em No Limit ($0.01/$0.02 USD) - 2021/06/26 11:17:52 PT [2021/06/26 14:17:52 ET]
Table 'Io III' 9-max Seat #1 is the button
Seat 1: dead men 111 ($1.52 in chips) 
Seat 2: LeandroAku ($0.80 in chips) 
Seat 3: ih8bluffs88 ($1 in chips) 
Seat 4: Kasper191700 ($2.09 in chips) 
Seat 5: Old Louis ($1.55 in chips) 
Seat 7: Dorex2007 ($2.18 in chips) 
Seat 9: Xumarbaz ($1.95 in chips) 
LeandroAku: posts small blind $0.01
ih8bluffs88: posts big blind $0.02
*** HOLE CARDS ***
Dealt to Dorex2007 [3h 7s]
Kasper191700: raises $0.07 to $0.09
Old Louis: folds 
Dorex2007: folds 
Xumarbaz: calls $0.09
dead men 111: folds 
LeandroAku: folds 
ih8bluffs88: folds 
*** FLOP *** [8c 7h Jc]
Kasper191700: bets $0.07
Xumarbaz: calls $0.07
*** TURN *** [8c 7h Jc] [8h]
Kasper191700: bets $0.12
Xumarbaz: calls $0.12
*** RIVER *** [8c 7h Jc 8h] [Jh]
Kasper191700: bets $0.20
Xumarbaz: calls $0.20
*** SHOW DOWN ***
Kasper191700: shows [Ah 6s] (two pair, Jacks and Eights)
Xumarbaz: mucks hand 
Kasper191700 collected $0.96 from pot
*** SUMMARY ***
Total pot $0.99 | Rake $0.03 
Board [8c 7h Jc 8h Jh]
Seat 1: dead men 111 (button) folded before Flop (didn't bet)
Seat 2: LeandroAku (small blind) folded before Flop
Seat 3: ih8bluffs88 (big blind) folded before Flop
Seat 4: Kasper191700 showed [Ah 6s] and won ($0.96) with two pair, Jacks and Eights
Seat 5: Old Louis folded before Flop (didn't bet)
Seat 7: Dorex2007 folded before Flop (didn't bet)
Seat 9: Xumarbaz mucked [4c Kc]



PokerStars Hand #227864810001:  Hold'em No Limit ($0.01/$0.02 USD) - 2021/06/26 11:18:27 PT [2021/06/26 14:18:27 ET]
Table 'Io III' 9-max Seat #2 is the button
Seat 1: dead men 111 ($1.52 in chips) 
Seat 2: LeandroAku ($0.79 in chips) 
Seat 3: ih8bluffs88 ($0.98 in chips) 
Seat 5: Old Louis ($1.55 in chips) 
Seat 7: Dorex2007 ($2.18 in chips) 
Seat 9: Xumarbaz ($1.47 in chips) 
ih8bluffs88: posts small blind $0.01
Kasper191700: is sitting out 
Old Louis: posts big blind $0.02
*** HOLE CARDS ***
Dealt to Dorex2007 [4d 4h]
Kasper191700 leaves the table
Dorex2007: raises $0.02 to $0.04
Xumarbaz: calls $0.04
dead men 111: folds 
LeandroAku: folds 
ih8bluffs88: folds 
Old Louis: folds 
*** FLOP *** [7h 4s 3h]
Dorex2007: bets $0.07
One Eye Kat joins the table at seat #4 
Xumarbaz: calls $0.07
*** TURN *** [7h 4s 3h] [3c]
Dorex2007: checks 
Xumarbaz: bets $0.08
Dorex2007: raises $0.08 to $0.16
Xumarbaz: calls $0.08
*** RIVER *** [7h 4s 3h 3c] [8s]
Dorex2007: bets $0.28
Xumarbaz: calls $0.28
*** SHOW DOWN ***
Dorex2007: shows [4d 4h] (a full house, Fours full of Threes)
Xumarbaz: mucks hand 
Dorex2007 collected $1.09 from pot
*** SUMMARY ***
Total pot $1.13 | Rake $0.04 
Board [7h 4s 3h 3c 8s]
Seat 1: dead men 111 folded before Flop (didn't bet)
Seat 2: LeandroAku (button) folded before Flop (didn't bet)
Seat 3: ih8bluffs88 (small blind) folded before Flop
Seat 5: Old Louis (big blind) folded before Flop
Seat 7: Dorex2007 showed [4d 4h] and won ($1.09) with a full house, Fours full of Threes
Seat 9: Xumarbaz mucked [6s 6c]



PokerStars Hand #227864837626:  Hold'em No Limit ($0.01/$0.02 USD) - 2021/06/26 11:19:32 PT [2021/06/26 14:19:32 ET]
Table 'Io III' 9-max Seat #3 is the button
Seat 1: dead men 111 ($1.52 in chips) 
Seat 2: LeandroAku ($0.79 in chips) 
Seat 3: ih8bluffs88 ($0.97 in chips) 
Seat 5: Old Louis ($1.53 in chips) 
Seat 7: Dorex2007 ($2.72 in chips) 
Seat 8: Fabiano2596 ($0.38 in chips) 
Seat 9: Xumarbaz ($0.92 in chips) 
Old Louis: posts small blind $0.01
Dorex2007: posts big blind $0.02
*** HOLE CARDS ***
Dealt to Dorex2007 [Qh 7d]
Fabiano2596: calls $0.02
Xumarbaz: raises $0.04 to $0.06
dead men 111: folds 
LeandroAku: folds 
ih8bluffs88: folds 
Old Louis: folds 
Dorex2007: folds 
Fabiano2596: calls $0.04
*** FLOP *** [2s Qs Kh]
Fabiano2596: checks 
Xumarbaz: checks 
*** TURN *** [2s Qs Kh] [4d]
Fabiano2596: checks 
Xumarbaz: checks 
*** RIVER *** [2s Qs Kh 4d] [8d]
Fabiano2596: checks 
Xumarbaz: checks 
*** SHOW DOWN ***
Fabiano2596: shows [3d As] (high card Ace)
Xumarbaz: shows [8h Ad] (a pair of Eights)
Xumarbaz collected $0.14 from pot
*** SUMMARY ***
Total pot $0.15 | Rake $0.01 
Board [2s Qs Kh 4d 8d]
Seat 1: dead men 111 folded before Flop (didn't bet)
Seat 2: LeandroAku folded before Flop (didn't bet)
Seat 3: ih8bluffs88 (button) folded before Flop (didn't bet)
Seat 5: Old Louis (small blind) folded before Flop
Seat 7: Dorex2007 (big blind) folded before Flop
Seat 8: Fabiano2596 showed [3d As] and lost with high card Ace
Seat 9: Xumarbaz showed [8h Ad] and won ($0.14) with a pair of Eights



PokerStars Hand #227864861563:  Hold'em No Limit ($0.01/$0.02 USD) - 2021/06/26 11:20:29 PT [2021/06/26 14:20:29 ET]
Table 'Io III' 9-max Seat #5 is the button
Seat 1: dead men 111 ($1.52 in chips) 
Seat 2: LeandroAku ($0.79 in chips) 
Seat 3: ih8bluffs88 ($0.97 in chips) 
Seat 5: Old Louis ($1.52 in chips) 
Seat 7: Dorex2007 ($2.70 in chips) 
Seat 8: Fabiano2596 ($0.32 in chips) 
Seat 9: Xumarbaz ($1 in chips) 
Dorex2007: posts small blind $0.01
Fabiano2596: posts big blind $0.02
One Eye Kat: sits out 
*** HOLE CARDS ***
Dealt to Dorex2007 [Kh 6d]
Xumarbaz: calls $0.02
dead men 111: folds 
LeandroAku: folds 
ih8bluffs88: folds 
Old Louis: calls $0.02
Dorex2007: folds 
Fabiano2596: checks 
*** FLOP *** [3s Qd 3h]
Fabiano2596: checks 
Xumarbaz: checks 
Old Louis: checks 
*** TURN *** [3s Qd 3h] [5d]
Fabiano2596: checks 
Xumarbaz: checks 
Old Louis: bets $0.06
Fabiano2596: folds 
Xumarbaz: folds 
Uncalled bet ($0.06) returned to Old Louis
Old Louis collected $0.07 from pot
Old Louis: doesn't show hand 
*** SUMMARY ***
Total pot $0.07 | Rake $0 
Board [3s Qd 3h 5d]
Seat 1: dead men 111 folded before Flop (didn't bet)
Seat 2: LeandroAku folded before Flop (didn't bet)
Seat 3: ih8bluffs88 folded before Flop (didn't bet)
Seat 5: Old Louis (button) collected ($0.07)
Seat 7: Dorex2007 (small blind) folded before Flop
Seat 8: Fabiano2596 (big blind) folded on the Turn
Seat 9: Xumarbaz folded on the Turn



PokerStars Hand #227864892446:  Hold'em No Limit ($0.01/$0.02 USD) - 2021/06/26 11:21:43 PT [2021/06/26 14:21:43 ET]
Table 'Io III' 9-max Seat #7 is the button
Seat 1: dead men 111 ($1.52 in chips) 
Seat 2: LeandroAku ($0.79 in chips) 
Seat 3: ih8bluffs88 ($0.97 in chips) 
Seat 5: Old Louis ($1.57 in chips) 
Seat 7: Dorex2007 ($2.69 in chips) 
Seat 8: Fabiano2596 ($0.30 in chips) 
Seat 9: Xumarbaz ($0.98 in chips) 
Fabiano2596: posts small blind $0.01
Xumarbaz: posts big blind $0.02
One Eye Kat: sits out 
*** HOLE CARDS ***
Dealt to Dorex2007 [Kh 9s]
dead men 111: folds 
LeandroAku: folds 
ih8bluffs88: folds 
Old Louis: folds 
Dorex2007: raises $0.04 to $0.06
Fabiano2596: raises $0.24 to $0.30 and is all-in
Xumarbaz: folds 
Dorex2007: folds 
Uncalled bet ($0.24) returned to Fabiano2596
Fabiano2596 collected $0.14 from pot
Fabiano2596: doesn't show hand 
*** SUMMARY ***
Total pot $0.14 | Rake $0 
Seat 1: dead men 111 folded before Flop (didn't bet)
Seat 2: LeandroAku folded before Flop (didn't bet)
Seat 3: ih8bluffs88 folded before Flop (didn't bet)
Seat 5: Old Louis folded before Flop (didn't bet)
Seat 7: Dorex2007 (button) folded before Flop
Seat 8: Fabiano2596 (small blind) collected ($0.14)
Seat 9: Xumarbaz (big blind) folded before Flop



PokerStars Hand #227864901404:  Hold'em No Limit ($0.01/$0.02 USD) - 2021/06/26 11:22:04 PT [2021/06/26 14:22:04 ET]
Table 'Io III' 9-max Seat #8 is the button
Seat 1: dead men 111 ($1.52 in chips) 
Seat 2: LeandroAku ($0.79 in chips) 
Seat 3: ih8bluffs88 ($0.97 in chips) 
Seat 5: Old Louis ($1.57 in chips) 
Seat 7: Dorex2007 ($2.63 in chips) 
Seat 8: Fabiano2596 ($0.38 in chips) 
Seat 9: Xumarbaz ($0.96 in chips) 
Xumarbaz: posts small blind $0.01
dead men 111: posts big blind $0.02
One Eye Kat: sits out 
*** HOLE CARDS ***
Dealt to Dorex2007 [Kh 5c]
LeandroAku: folds 
ih8bluffs88: folds 
Old Louis: calls $0.02
Dorex2007: folds 
Fabiano2596: calls $0.02
Xumarbaz: raises $0.02 to $0.04
dead men 111: folds 
Old Louis: calls $0.02
Fabiano2596: calls $0.02
*** FLOP *** [7s Ac 2h]
Xumarbaz: checks 
Old Louis: checks 
Fabiano2596: checks 
*** TURN *** [7s Ac 2h] [9d]
Xumarbaz: bets $0.08
Old Louis: calls $0.08
Fabiano2596: folds 
*** RIVER *** [7s Ac 2h 9d] [7d]
Xumarbaz: bets $0.08
Old Louis: folds 
Uncalled bet ($0.08) returned to Xumarbaz
Xumarbaz collected $0.29 from pot
*** SUMMARY ***
Total pot $0.30 | Rake $0.01 
Board [7s Ac 2h 9d 7d]
Seat 1: dead men 111 (big blind) folded before Flop
Seat 2: LeandroAku folded before Flop (didn't bet)
Seat 3: ih8bluffs88 folded before Flop (didn't bet)
Seat 5: Old Louis folded on the River
Seat 7: Dorex2007 folded before Flop (didn't bet)
Seat 8: Fabiano2596 (button) folded on the Turn
Seat 9: Xumarbaz (small blind) collected ($0.29)



PokerStars Hand #227864938070:  Hold'em No Limit ($0.01/$0.02 USD) - 2021/06/26 11:23:32 PT [2021/06/26 14:23:32 ET]
Table 'Io III' 9-max Seat #9 is the button
Seat 1: dead men 111 ($1.50 in chips) 
Seat 2: LeandroAku ($0.79 in chips) 
Seat 3: ih8bluffs88 ($0.97 in chips) 
Seat 5: Old Louis ($1.45 in chips) 
Seat 7: Dorex2007 ($2.63 in chips) 
Seat 8: Fabiano2596 ($0.34 in chips) 
Seat 9: Xumarbaz ($1.13 in chips) 
dead men 111: posts small blind $0.01
LeandroAku: posts big blind $0.02
One Eye Kat: sits out 
*** HOLE CARDS ***
Dealt to Dorex2007 [Ts 6h]
ih8bluffs88: folds 
Old Louis: folds 
Dorex2007: folds 
Fabiano2596: folds 
Xumarbaz: calls $0.02
dead men 111: calls $0.01
LeandroAku: checks 
*** FLOP *** [8c Ks Qc]
dead men 111: checks 
LeandroAku: checks 
Xumarbaz: checks 
*** TURN *** [8c Ks Qc] [Qs]
dead men 111: bets $0.06
LeandroAku: folds 
Xumarbaz: folds 
Uncalled bet ($0.06) returned to dead men 111
dead men 111 collected $0.06 from pot
*** SUMMARY ***
Total pot $0.06 | Rake $0 
Board [8c Ks Qc Qs]
Seat 1: dead men 111 (small blind) collected ($0.06)
Seat 2: LeandroAku (big blind) folded on the Turn
Seat 3: ih8bluffs88 folded before Flop (didn't bet)
Seat 5: Old Louis folded before Flop (didn't bet)
Seat 7: Dorex2007 folded before Flop (didn't bet)
Seat 8: Fabiano2596 folded before Flop (didn't bet)
Seat 9: Xumarbaz (button) folded on the Turn



PokerStars Hand #227864962093:  Hold'em No Limit ($0.01/$0.02 USD) - 2021/06/26 11:24:30 PT [2021/06/26 14:24:30 ET]
Table 'Io III' 9-max Seat #1 is the button
Seat 1: dead men 111 ($1.54 in chips) 
Seat 2: LeandroAku ($0.77 in chips) 
Seat 3: ih8bluffs88 ($0.97 in chips) 
Seat 5: Old Louis ($1.45 in chips) 
Seat 7: Dorex2007 ($2.63 in chips) 
Seat 8: Fabiano2596 ($0.34 in chips) 
Seat 9: Xumarbaz ($1.11 in chips) 
LeandroAku: posts small blind $0.01
ih8bluffs88: posts big blind $0.02
One Eye Kat: sits out 
frosa9397: sits out 
*** HOLE CARDS ***
Dealt to Dorex2007 [Jc Jh]
Old Louis: folds 
Dorex2007: raises $0.04 to $0.06
Fabiano2596: raises $0.15 to $0.21
Xumarbaz: folds 
dead men 111: folds 
LeandroAku: folds 
ih8bluffs88: folds 
Dorex2007: raises $0.15 to $0.36
Fabiano2596: calls $0.13 and is all-in
Uncalled bet ($0.02) returned to Dorex2007
*** FLOP *** [7s Ac 6s]
*** TURN *** [7s Ac 6s] [Kc]
*** RIVER *** [7s Ac 6s Kc] [4d]
*** SHOW DOWN ***
Dorex2007: shows [Jc Jh] (a pair of Jacks)
Fabiano2596: shows [8h 8s] (a pair of Eights)
Dorex2007 collected $0.69 from pot
*** SUMMARY ***
Total pot $0.71 | Rake $0.02 
Board [7s Ac 6s Kc 4d]
Seat 1: dead men 111 (button) folded before Flop (didn't bet)
Seat 2: LeandroAku (small blind) folded before Flop
Seat 3: ih8bluffs88 (big blind) folded before Flop
Seat 5: Old Louis folded before Flop (didn't bet)
Seat 7: Dorex2007 showed [Jc Jh] and won ($0.69) with a pair of Jacks
Seat 8: Fabiano2596 showed [8h 8s] and lost with a pair of Eights
Seat 9: Xumarbaz folded before Flop (didn't bet)



PokerStars Hand #227864981667:  Hold'em No Limit ($0.01/$0.02 USD) - 2021/06/26 11:25:18 PT [2021/06/26 14:25:18 ET]
Table 'Io III' 9-max Seat #2 is the button
Seat 1: dead men 111 ($1.54 in chips) 
Seat 2: LeandroAku ($0.76 in chips) 
Seat 3: ih8bluffs88 ($0.95 in chips) 
Seat 4: One Eye Kat ($1.14 in chips) 
Seat 5: Old Louis ($1.45 in chips) 
Seat 7: Dorex2007 ($2.98 in chips) 
ih8bluffs88: posts small blind $0.01
One Eye Kat: posts big blind $0.02
frosa9397: sits out 
*** HOLE CARDS ***
Dealt to Dorex2007 [5h 4s]
Old Louis: folds 
Dorex2007: folds 
dead men 111: folds 
Fabiano2596 leaves the table
LeandroAku: folds 
ih8bluffs88: calls $0.01
One Eye Kat: checks 
*** FLOP *** [9s Td Jh]
ih8bluffs88: bets $0.02
One Eye Kat: calls $0.02
*** TURN *** [9s Td Jh] [7s]
ih8bluffs88: checks 
One Eye Kat: bets $0.04
ih8bluffs88: calls $0.04
*** RIVER *** [9s Td Jh 7s] [8c]
ih8bluffs88: checks 
One Eye Kat: checks 
*** SHOW DOWN ***
ih8bluffs88: shows [Kh Jd] (a straight, Seven to Jack)
One Eye Kat: shows [Ts 7c] (a straight, Seven to Jack)
ih8bluffs88 collected $0.08 from pot
One Eye Kat collected $0.07 from pot
*** SUMMARY ***
Total pot $0.16 | Rake $0.01 
Board [9s Td Jh 7s 8c]
Seat 1: dead men 111 folded before Flop (didn't bet)
Seat 2: LeandroAku (button) folded before Flop (didn't bet)
Seat 3: ih8bluffs88 (small blind) showed [Kh Jd] and won ($0.08) with a straight, Seven to Jack
Seat 4: One Eye Kat (big blind) showed [Ts 7c] and won ($0.07) with a straight, Seven to Jack
Seat 5: Old Louis folded before Flop (didn't bet)
Seat 7: Dorex2007 folded before Flop (didn't bet)



PokerStars Hand #227865004066:  Hold'em No Limit ($0.01/$0.02 USD) - 2021/06/26 11:26:13 PT [2021/06/26 14:26:13 ET]
Table 'Io III' 9-max Seat #3 is the button
Seat 1: dead men 111 ($1.54 in chips) 
Seat 2: LeandroAku ($0.76 in chips) 
Seat 3: ih8bluffs88 ($0.95 in chips) 
Seat 4: One Eye Kat ($1.13 in chips) 
Seat 5: Old Louis ($1.45 in chips) 
Seat 7: Dorex2007 ($2.98 in chips) 
One Eye Kat: posts small blind $0.01
Old Louis: posts big blind $0.02
frosa9397: sits out 
*** HOLE CARDS ***
Dealt to Dorex2007 [4c Jd]
Dorex2007: folds 
dead men 111: folds 
LeandroAku: folds 
ih8bluffs88: folds 
One Eye Kat: folds 
Uncalled bet ($0.01) returned to Old Louis
Old Louis collected $0.02 from pot
Old Louis: doesn't show hand 
*** SUMMARY ***
Total pot $0.02 | Rake $0 
Seat 1: dead men 111 folded before Flop (didn't bet)
Seat 2: LeandroAku folded before Flop (didn't bet)
Seat 3: ih8bluffs88 (button) folded before Flop (didn't bet)
Seat 4: One Eye Kat (small blind) folded before Flop
Seat 5: Old Louis (big blind) collected ($0.02)
Seat 7: Dorex2007 folded before Flop (didn't bet)



PokerStars Hand #227865012638:  Hold'em No Limit ($0.01/$0.02 USD) - 2021/06/26 11:26:33 PT [2021/06/26 14:26:33 ET]
Table 'Io III' 9-max Seat #4 is the button
Seat 1: dead men 111 ($1.54 in chips) 
Seat 2: LeandroAku ($0.76 in chips) 
Seat 3: ih8bluffs88 ($0.95 in chips) 
Seat 4: One Eye Kat ($1.12 in chips) 
Seat 5: Old Louis ($1.46 in chips) 
Seat 6: frosa9397 ($3.87 in chips) 
Seat 7: Dorex2007 ($2.98 in chips) 
Old Louis: posts small blind $0.01
ROMARIO908 joins the table at seat #8 
frosa9397: posts big blind $0.02
*** HOLE CARDS ***
Dealt to Dorex2007 [8s 7c]
Dorex2007: folds 
dead men 111 has timed out
dead men 111: folds 
LeandroAku: folds 
ih8bluffs88: folds 
One Eye Kat: folds 
Old Louis: folds 
Uncalled bet ($0.01) returned to frosa9397
frosa9397 collected $0.02 from pot
*** SUMMARY ***
Total pot $0.02 | Rake $0 
Seat 1: dead men 111 folded before Flop (didn't bet)
Seat 2: LeandroAku folded before Flop (didn't bet)
Seat 3: ih8bluffs88 folded before Flop (didn't bet)
Seat 4: One Eye Kat (button) folded before Flop (didn't bet)
Seat 5: Old Louis (small blind) folded before Flop
Seat 6: frosa9397 (big blind) collected ($0.02)
Seat 7: Dorex2007 folded before Flop (didn't bet)



PokerStars Hand #227865020923:  Hold'em No Limit ($0.01/$0.02 USD) - 2021/06/26 11:26:54 PT [2021/06/26 14:26:54 ET]
Table 'Io III' 9-max Seat #5 is the button
Seat 2: LeandroAku ($0.76 in chips) 
Seat 3: ih8bluffs88 ($0.95 in chips) 
Seat 4: One Eye Kat ($1.12 in chips) 
Seat 5: Old Louis ($1.45 in chips) 
Seat 6: frosa9397 ($3.88 in chips) 
Seat 7: Dorex2007 ($2.98 in chips) 
frosa9397: posts small blind $0.01
Dorex2007: posts big blind $0.02
ROMARIO908: sits out 
*** HOLE CARDS ***
Dealt to Dorex2007 [Jd 6s]
LeandroAku: folds 
ih8bluffs88: folds 
One Eye Kat: folds 
Old Louis: calls $0.02
frosa9397: folds 
Dorex2007: checks 
*** FLOP *** [5s Kc Ad]
Dorex2007: checks 
Old Louis: checks 
*** TURN *** [5s Kc Ad] [4d]
Dorex2007: checks 
Old Louis: bets $0.04
Dorex2007: folds 
Uncalled bet ($0.04) returned to Old Louis
Old Louis collected $0.05 from pot
Old Louis: doesn't show hand 
*** SUMMARY ***
Total pot $0.05 | Rake $0 
Board [5s Kc Ad 4d]
Seat 2: LeandroAku folded before Flop (didn't bet)
Seat 3: ih8bluffs88 folded before Flop (didn't bet)
Seat 4: One Eye Kat folded before Flop (didn't bet)
Seat 5: Old Louis (button) collected ($0.05)
Seat 6: frosa9397 (small blind) folded before Flop
Seat 7: Dorex2007 (big blind) folded on the Turn



PokerStars Hand #227865035273:  Hold'em No Limit ($0.01/$0.02 USD) - 2021/06/26 11:27:29 PT [2021/06/26 14:27:29 ET]
Table 'Io III' 9-max Seat #6 is the button
Seat 1: dead men 111 ($1.54 in chips) 
Seat 2: LeandroAku ($0.76 in chips) 
Seat 3: ih8bluffs88 ($0.95 in chips) 
Seat 4: One Eye Kat ($1.12 in chips) 
Seat 5: Old Louis ($1.48 in chips) 
Seat 6: frosa9397 ($3.87 in chips) 
Seat 7: Dorex2007 ($2.96 in chips) 
Seat 8: ROMARIO908 ($2 in chips) 
Dorex2007: posts small blind $0.01
ROMARIO908: posts big blind $0.02
*** HOLE CARDS ***
Dealt to Dorex2007 [2c 6c]
dead men 111: folds 
LeandroAku: folds 
ih8bluffs88: calls $0.02
One Eye Kat: folds 
Old Louis: calls $0.02
frosa9397: calls $0.02
Dorex2007: folds 
ROMARIO908: checks 
*** FLOP *** [9h 7d Jd]
ROMARIO908: checks 
ih8bluffs88: bets $0.04
Old Louis: calls $0.04
frosa9397: calls $0.04
ROMARIO908: raises $0.16 to $0.20
ih8bluffs88: folds 
Old Louis: calls $0.16
frosa9397: folds 
*** TURN *** [9h 7d Jd] [Ks]
ROMARIO908: checks 
Old Louis: checks 
*** RIVER *** [9h 7d Jd Ks] [6s]
ROMARIO908: checks 
Old Louis: checks 
*** SHOW DOWN ***
ROMARIO908: shows [9d 7c] (two pair, Nines and Sevens)
Old Louis: mucks hand 
ROMARIO908 collected $0.55 from pot
*** SUMMARY ***
Total pot $0.57 | Rake $0.02 
Board [9h 7d Jd Ks 6s]
Seat 1: dead men 111 folded before Flop (didn't bet)
Seat 2: LeandroAku folded before Flop (didn't bet)
Seat 3: ih8bluffs88 folded on the Flop
Seat 4: One Eye Kat folded before Flop (didn't bet)
Seat 5: Old Louis mucked [2d Kd]
Seat 6: frosa9397 (button) folded on the Flop
Seat 7: Dorex2007 (small blind) folded before Flop
Seat 8: ROMARIO908 (big blind) showed [9d 7c] and won ($0.55) with two pair, Nines and Sevens



PokerStars Hand #227865076171:  Hold'em No Limit ($0.01/$0.02 USD) - 2021/06/26 11:28:46 PT [2021/06/26 14:28:46 ET]
Table 'Io III' 9-max Seat #7 is the button
Seat 1: dead men 111 ($1.54 in chips) 
Seat 2: LeandroAku ($0.76 in chips) 
Seat 3: ih8bluffs88 ($0.89 in chips) 
Seat 4: One Eye Kat ($1.12 in chips) 
Seat 5: Old Louis ($1.26 in chips) 
Seat 6: frosa9397 ($3.81 in chips) 
Seat 7: Dorex2007 ($2.95 in chips) 
Seat 8: ROMARIO908 ($2.33 in chips) 
ROMARIO908: posts small blind $0.01
dead men 111: posts big blind $0.02
*** HOLE CARDS ***
Dealt to Dorex2007 [6d 5s]
LeandroAku: folds 
ih8bluffs88: folds 
One Eye Kat: folds 
Old Louis: folds 
frosa9397: folds 
Dorex2007: folds 
ROMARIO908: raises $0.03 to $0.05
dead men 111: calls $0.03
*** FLOP *** [3d Ks 2h]
ROMARIO908: checks 
dead men 111: bets $0.10
ROMARIO908: folds 
Uncalled bet ($0.10) returned to dead men 111
dead men 111 collected $0.10 from pot
*** SUMMARY ***
Total pot $0.10 | Rake $0 
Board [3d Ks 2h]
Seat 1: dead men 111 (big blind) collected ($0.10)
Seat 2: LeandroAku folded before Flop (didn't bet)
Seat 3: ih8bluffs88 folded before Flop (didn't bet)
Seat 4: One Eye Kat folded before Flop (didn't bet)
Seat 5: Old Louis folded before Flop (didn't bet)
Seat 6: frosa9397 folded before Flop (didn't bet)
Seat 7: Dorex2007 (button) folded before Flop (didn't bet)
Seat 8: ROMARIO908 (small blind) folded on the Flop



PokerStars Hand #227865089076:  Hold'em No Limit ($0.01/$0.02 USD) - 2021/06/26 11:29:18 PT [2021/06/26 14:29:18 ET]
Table 'Io III' 9-max Seat #8 is the button
Seat 1: dead men 111 ($1.59 in chips) 
Seat 2: LeandroAku ($0.76 in chips) 
Seat 3: ih8bluffs88 ($0.89 in chips) 
Seat 4: One Eye Kat ($1.12 in chips) 
Seat 5: Old Louis ($1.26 in chips) 
Seat 6: frosa9397 ($3.81 in chips) 
Seat 7: Dorex2007 ($2.95 in chips) 
Seat 8: ROMARIO908 ($2.28 in chips) 
dead men 111: posts small blind $0.01
LeandroAku: posts big blind $0.02
*** HOLE CARDS ***
Dealt to Dorex2007 [Ts 2h]
ih8bluffs88: folds 
One Eye Kat: folds 
Old Louis: calls $0.02
frosa9397: folds 
Dorex2007: folds 
ROMARIO908: folds 
dead men 111: raises $0.08 to $0.10
LeandroAku: folds 
Old Louis: calls $0.08
*** FLOP *** [Ah 9s 4d]
dead men 111: checks 
Old Louis: checks 
*** TURN *** [Ah 9s 4d] [6d]
dead men 111: bets $0.11
Old Louis: calls $0.11
*** RIVER *** [Ah 9s 4d 6d] [3c]
dead men 111: bets $0.21
Old Louis: calls $0.21
*** SHOW DOWN ***
dead men 111: shows [Ad Ac] (three of a kind, Aces)
Old Louis: mucks hand 
dead men 111 collected $0.83 from pot
*** SUMMARY ***
Total pot $0.86 | Rake $0.03 
Board [Ah 9s 4d 6d 3c]
Seat 1: dead men 111 (small blind) showed [Ad Ac] and won ($0.83) with three of a kind, Aces
Seat 2: LeandroAku (big blind) folded before Flop
Seat 3: ih8bluffs88 folded before Flop (didn't bet)
Seat 4: One Eye Kat folded before Flop (didn't bet)
Seat 5: Old Louis mucked [Qh As]
Seat 6: frosa9397 folded before Flop (didn't bet)
Seat 7: Dorex2007 folded before Flop (didn't bet)
Seat 8: ROMARIO908 (button) folded before Flop (didn't bet)



PokerStars Hand #227865109095:  Hold'em No Limit ($0.01/$0.02 USD) - 2021/06/26 11:30:06 PT [2021/06/26 14:30:06 ET]
Table 'Io III' 9-max Seat #1 is the button
Seat 1: dead men 111 ($2 in chips) 
Seat 2: LeandroAku ($0.74 in chips) 
Seat 3: ih8bluffs88 ($0.89 in chips) 
Seat 4: One Eye Kat ($1.12 in chips) 
Seat 5: Old Louis ($0.84 in chips) 
Seat 6: frosa9397 ($3.81 in chips) 
Seat 7: Dorex2007 ($2.95 in chips) 
Seat 8: ROMARIO908 ($2.28 in chips) 
LeandroAku: posts small blind $0.01
ih8bluffs88: posts big blind $0.02
*** HOLE CARDS ***
Dealt to Dorex2007 [5s 7s]
One Eye Kat: raises $0.04 to $0.06
Old Louis: calls $0.06
frosa9397: folds 
Dorex2007: folds 
ROMARIO908: folds 
dead men 111: folds 
LeandroAku: folds 
ih8bluffs88: folds 
*** FLOP *** [Qc 4s 5h]
One Eye Kat: bets $0.07
Old Louis: calls $0.07
*** TURN *** [Qc 4s 5h] [Td]
One Eye Kat: checks 
Old Louis: checks 
*** RIVER *** [Qc 4s 5h Td] [Jh]
One Eye Kat: bets $0.22
Old Louis: folds 
Uncalled bet ($0.22) returned to One Eye Kat
One Eye Kat collected $0.28 from pot
*** SUMMARY ***
Total pot $0.29 | Rake $0.01 
Board [Qc 4s 5h Td Jh]
Seat 1: dead men 111 (button) folded before Flop (didn't bet)
Seat 2: LeandroAku (small blind) folded before Flop
Seat 3: ih8bluffs88 (big blind) folded before Flop
Seat 4: One Eye Kat collected ($0.28)
Seat 5: Old Louis folded on the River
Seat 6: frosa9397 folded before Flop (didn't bet)
Seat 7: Dorex2007 folded before Flop (didn't bet)
Seat 8: ROMARIO908 folded before Flop (didn't bet)



PokerStars Hand #227865133431:  Hold'em No Limit ($0.01/$0.02 USD) - 2021/06/26 11:31:05 PT [2021/06/26 14:31:05 ET]
Table 'Io III' 9-max Seat #2 is the button
Seat 1: dead men 111 ($2 in chips) 
Seat 2: LeandroAku ($0.73 in chips) 
Seat 3: ih8bluffs88 ($0.87 in chips) 
Seat 4: One Eye Kat ($1.27 in chips) 
Seat 5: Old Louis ($0.71 in chips) 
Seat 6: frosa9397 ($3.81 in chips) 
Seat 7: Dorex2007 ($2.95 in chips) 
Seat 8: ROMARIO908 ($2.28 in chips) 
ih8bluffs88: posts small blind $0.01
One Eye Kat: posts big blind $0.02
*** HOLE CARDS ***
Dealt to Dorex2007 [As 7s]
Old Louis: folds 
Old Louis leaves the table
frosa9397: folds 
Dorex2007: raises $0.04 to $0.06
ROMARIO908: folds 
dead men 111: folds 
LeandroAku: folds 
ih8bluffs88: folds 
One Eye Kat: folds 
Uncalled bet ($0.04) returned to Dorex2007
Dorex2007 collected $0.05 from pot
Dorex2007: doesn't show hand 
dead men 111 leaves the table
*** SUMMARY ***
Total pot $0.05 | Rake $0 
Seat 1: dead men 111 folded before Flop (didn't bet)
Seat 2: LeandroAku (button) folded before Flop (didn't bet)
Seat 3: ih8bluffs88 (small blind) folded before Flop
Seat 4: One Eye Kat (big blind) folded before Flop
Seat 5: Old Louis folded before Flop (didn't bet)
Seat 6: frosa9397 folded before Flop (didn't bet)
Seat 7: Dorex2007 collected ($0.05)
Seat 8: ROMARIO908 folded before Flop (didn't bet)



PokerStars Hand #227865142254:  Hold'em No Limit ($0.01/$0.02 USD) - 2021/06/26 11:31:25 PT [2021/06/26 14:31:25 ET]
Table 'Io III' 9-max Seat #3 is the button
Seat 2: LeandroAku ($0.73 in chips) 
Seat 3: ih8bluffs88 ($0.86 in chips) 
Seat 4: One Eye Kat ($1.25 in chips) 
Seat 6: frosa9397 ($3.81 in chips) 
Seat 7: Dorex2007 ($2.98 in chips) 
Seat 8: ROMARIO908 ($2.28 in chips) 
One Eye Kat: posts small blind $0.01
frosa9397: posts big blind $0.02
*** HOLE CARDS ***
Dealt to Dorex2007 [2s 9h]
crazyJP joins the table at seat #5 
Dorex2007: folds 
ROMARIO908: folds 
LeandroAku: folds 
ih8bluffs88: folds 
One Eye Kat: folds 
Uncalled bet ($0.01) returned to frosa9397
frosa9397 collected $0.02 from pot
*** SUMMARY ***
Total pot $0.02 | Rake $0 
Seat 2: LeandroAku folded before Flop (didn't bet)
Seat 3: ih8bluffs88 (button) folded before Flop (didn't bet)
Seat 4: One Eye Kat (small blind) folded before Flop
Seat 6: frosa9397 (big blind) collected ($0.02)
Seat 7: Dorex2007 folded before Flop (didn't bet)
Seat 8: ROMARIO908 folded before Flop (didn't bet)



PokerStars Hand #227865146866:  Hold'em No Limit ($0.01/$0.02 USD) - 2021/06/26 11:31:36 PT [2021/06/26 14:31:36 ET]
Table 'Io III' 9-max Seat #4 is the button
Seat 2: LeandroAku ($0.73 in chips) 
Seat 3: ih8bluffs88 ($0.86 in chips) 
Seat 4: One Eye Kat ($1.24 in chips) 
Seat 6: frosa9397 ($3.82 in chips) 
Seat 7: Dorex2007 ($2.98 in chips) 
Seat 8: ROMARIO908 ($2.28 in chips) 
frosa9397: posts small blind $0.01
Dorex2007: posts big blind $0.02
*** HOLE CARDS ***
Dealt to Dorex2007 [Kc Th]
ROMARIO908: folds 
LeandroAku: folds 
ih8bluffs88: folds 
One Eye Kat: folds 
frosa9397: folds 
Uncalled bet ($0.01) returned to Dorex2007
Dorex2007 collected $0.02 from pot
Dorex2007: doesn't show hand 
*** SUMMARY ***
Total pot $0.02 | Rake $0 
Seat 2: LeandroAku folded before Flop (didn't bet)
Seat 3: ih8bluffs88 folded before Flop (didn't bet)
Seat 4: One Eye Kat (button) folded before Flop (didn't bet)
Seat 6: frosa9397 (small blind) folded before Flop
Seat 7: Dorex2007 (big blind) collected ($0.02)
Seat 8: ROMARIO908 folded before Flop (didn't bet)



PokerStars Hand #227865152976:  Hold'em No Limit ($0.01/$0.02 USD) - 2021/06/26 11:31:51 PT [2021/06/26 14:31:51 ET]
Table 'Io III' 9-max Seat #6 is the button
Seat 2: LeandroAku ($0.73 in chips) 
Seat 3: ih8bluffs88 ($0.86 in chips) 
Seat 4: One Eye Kat ($1.24 in chips) 
Seat 6: frosa9397 ($3.81 in chips) 
Seat 7: Dorex2007 ($2.99 in chips) 
Seat 8: ROMARIO908 ($2.28 in chips) 
Dorex2007: posts small blind $0.01
ROMARIO908: posts big blind $0.02
crazyJP: sits out 
*** HOLE CARDS ***
Dealt to Dorex2007 [9h 4h]
LeandroAku: folds 
ih8bluffs88: folds 
One Eye Kat: folds 
frosa9397: folds 
Katerina0700 joins the table at seat #1 
Dorex2007: raises $0.02 to $0.04
ROMARIO908: folds 
Uncalled bet ($0.02) returned to Dorex2007
Dorex2007 collected $0.04 from pot
Dorex2007: doesn't show hand 
*** SUMMARY ***
Total pot $0.04 | Rake $0 
Seat 2: LeandroAku folded before Flop (didn't bet)
Seat 3: ih8bluffs88 folded before Flop (didn't bet)
Seat 4: One Eye Kat folded before Flop (didn't bet)
Seat 6: frosa9397 (button) folded before Flop (didn't bet)
Seat 7: Dorex2007 (small blind) collected ($0.04)
Seat 8: ROMARIO908 (big blind) folded before Flop



PokerStars Hand #227865163496:  Hold'em No Limit ($0.01/$0.02 USD) - 2021/06/26 11:32:16 PT [2021/06/26 14:32:16 ET]
Table 'Io III' 9-max Seat #7 is the button
Seat 1: Katerina0700 ($1.60 in chips) 
Seat 2: LeandroAku ($0.73 in chips) 
Seat 3: ih8bluffs88 ($0.86 in chips) 
Seat 4: One Eye Kat ($1.24 in chips) 
Seat 6: frosa9397 ($3.81 in chips) 
Seat 7: Dorex2007 ($3.01 in chips) 
Seat 8: ROMARIO908 ($2.26 in chips) 
ROMARIO908: posts small blind $0.01
Katerina0700: posts big blind $0.02
crazyJP: sits out 
*** HOLE CARDS ***
Dealt to Dorex2007 [9d As]
LeandroAku: folds 
ih8bluffs88: folds 
One Eye Kat: folds 
frosa9397: folds 
Dorex2007: folds 
ROMARIO908: folds 
Uncalled bet ($0.01) returned to Katerina0700
Katerina0700 collected $0.02 from pot
Katerina0700: doesn't show hand 
*** SUMMARY ***
Total pot $0.02 | Rake $0 
Seat 1: Katerina0700 (big blind) collected ($0.02)
Seat 2: LeandroAku folded before Flop (didn't bet)
Seat 3: ih8bluffs88 folded before Flop (didn't bet)
Seat 4: One Eye Kat folded before Flop (didn't bet)
Seat 6: frosa9397 folded before Flop (didn't bet)
Seat 7: Dorex2007 (button) folded before Flop (didn't bet)
Seat 8: ROMARIO908 (small blind) folded before Flop



PokerStars Hand #227865173886:  Hold'em No Limit ($0.01/$0.02 USD) - 2021/06/26 11:32:40 PT [2021/06/26 14:32:40 ET]
Table 'Io III' 9-max Seat #8 is the button
Seat 1: Katerina0700 ($1.61 in chips) 
Seat 2: LeandroAku ($0.73 in chips) 
Seat 3: ih8bluffs88 ($0.86 in chips) 
Seat 4: One Eye Kat ($1.24 in chips) 
Seat 6: frosa9397 ($3.81 in chips) 
Seat 7: Dorex2007 ($3.01 in chips) 
Seat 8: ROMARIO908 ($2.25 in chips) 
Katerina0700: posts small blind $0.01
LeandroAku: posts big blind $0.02
crazyJP: sits out 
*** HOLE CARDS ***
Dealt to Dorex2007 [7d Jc]
ih8bluffs88: folds 
One Eye Kat: folds 
ih8bluffs88 leaves the table
frosa9397: folds 
Dorex2007: folds 
ROMARIO908: folds 
Katerina0700: calls $0.01
LeandroAku: checks 
*** FLOP *** [9c 2d Ah]
Katerina0700: checks 
LeandroAku: checks 
*** TURN *** [9c 2d Ah] [Qd]
Katerina0700: checks 
LeandroAku: checks 
*** RIVER *** [9c 2d Ah Qd] [8c]
Katerina0700: bets $0.02
LeandroAku: folds 
Uncalled bet ($0.02) returned to Katerina0700
Katerina0700 collected $0.04 from pot
Katerina0700: doesn't show hand 
*** SUMMARY ***
Total pot $0.04 | Rake $0 
Board [9c 2d Ah Qd 8c]
Seat 1: Katerina0700 (small blind) collected ($0.04)
Seat 2: LeandroAku (big blind) folded on the River
Seat 3: ih8bluffs88 folded before Flop (didn't bet)
Seat 4: One Eye Kat folded before Flop (didn't bet)
Seat 6: frosa9397 folded before Flop (didn't bet)
Seat 7: Dorex2007 folded before Flop (didn't bet)
Seat 8: ROMARIO908 (button) folded before Flop (didn't bet)



PokerStars Hand #227865187300:  Hold'em No Limit ($0.01/$0.02 USD) - 2021/06/26 11:33:12 PT [2021/06/26 14:33:12 ET]
Table 'Io III' 9-max Seat #1 is the button
Seat 1: Katerina0700 ($1.63 in chips) 
Seat 2: LeandroAku ($0.71 in chips) 
Seat 4: One Eye Kat ($1.24 in chips) 
Seat 6: frosa9397 ($3.81 in chips) 
Seat 7: Dorex2007 ($3.01 in chips) 
Seat 8: ROMARIO908 ($2.25 in chips) 
LeandroAku: posts small blind $0.01
One Eye Kat: posts big blind $0.02
crazyJP: sits out 
*** HOLE CARDS ***
Dealt to Dorex2007 [Ts 4c]
frosa9397: folds 
Dorex2007: folds 
ROMARIO908: folds 
Katerina0700: calls $0.02
LeandroAku: folds 
One Eye Kat: checks 
*** FLOP *** [6h Ad Js]
One Eye Kat: checks 
Katerina0700: checks 
*** TURN *** [6h Ad Js] [5s]
One Eye Kat: checks 
Katerina0700: checks 
*** RIVER *** [6h Ad Js 5s] [8d]
One Eye Kat: checks 
Katerina0700: bets $0.02
One Eye Kat: calls $0.02
*** SHOW DOWN ***
Katerina0700: shows [9d 7d] (a straight, Five to Nine)
One Eye Kat: mucks hand 
Katerina0700 collected $0.09 from pot
*** SUMMARY ***
Total pot $0.09 | Rake $0 
Board [6h Ad Js 5s 8d]
Seat 1: Katerina0700 (button) showed [9d 7d] and won ($0.09) with a straight, Five to Nine
Seat 2: LeandroAku (small blind) folded before Flop
Seat 4: One Eye Kat (big blind) mucked [8s 2d]
Seat 6: frosa9397 folded before Flop (didn't bet)
Seat 7: Dorex2007 folded before Flop (didn't bet)
Seat 8: ROMARIO908 folded before Flop (didn't bet)



PokerStars Hand #227865203443:  Hold'em No Limit ($0.01/$0.02 USD) - 2021/06/26 11:33:50 PT [2021/06/26 14:33:50 ET]
Table 'Io III' 9-max Seat #2 is the button
Seat 1: Katerina0700 ($1.68 in chips) 
Seat 2: LeandroAku ($0.70 in chips) 
Seat 4: One Eye Kat ($1.20 in chips) 
Seat 5: crazyJP ($0.99 in chips) 
Seat 6: frosa9397 ($3.81 in chips) 
Seat 7: Dorex2007 ($3.01 in chips) 
Seat 8: ROMARIO908 ($2.25 in chips) 
Seat 9: Xumarbaz ($1.11 in chips) 
One Eye Kat: posts small blind $0.01
crazyJP: posts big blind $0.02
Xumarbaz: posts small & big blinds $0.03
*** HOLE CARDS ***
Dealt to Dorex2007 [9h 6s]
11lucas12 joins the table at seat #3 
frosa9397: folds 
Dorex2007: folds 
ROMARIO908: raises $0.03 to $0.05
Xumarbaz: folds 
Katerina0700: folds 
LeandroAku: folds 
One Eye Kat: folds 
crazyJP: folds 
Uncalled bet ($0.03) returned to ROMARIO908
ROMARIO908 collected $0.08 from pot
ROMARIO908: doesn't show hand 
*** SUMMARY ***
Total pot $0.08 | Rake $0 
Seat 1: Katerina0700 folded before Flop (didn't bet)
Seat 2: LeandroAku (button) folded before Flop (didn't bet)
Seat 4: One Eye Kat (small blind) folded before Flop
Seat 5: crazyJP (big blind) folded before Flop
Seat 6: frosa9397 folded before Flop (didn't bet)
Seat 7: Dorex2007 folded before Flop (didn't bet)
Seat 8: ROMARIO908 collected ($0.08)
Seat 9: Xumarbaz folded before Flop (didn't bet)



PokerStars Hand #227865215315:  Hold'em No Limit ($0.01/$0.02 USD) - 2021/06/26 11:34:18 PT [2021/06/26 14:34:18 ET]
Table 'Io III' 9-max Seat #4 is the button
Seat 1: Katerina0700 ($1.68 in chips) 
Seat 2: LeandroAku ($0.70 in chips) 
Seat 4: One Eye Kat ($1.19 in chips) 
Seat 5: crazyJP ($0.97 in chips) 
Seat 6: frosa9397 ($3.81 in chips) 
Seat 7: Dorex2007 ($3.01 in chips) 
Seat 8: ROMARIO908 ($2.31 in chips) 
Seat 9: Xumarbaz ($1.08 in chips) 
crazyJP: posts small blind $0.01
frosa9397: posts big blind $0.02
11lucas12: sits out 
*** HOLE CARDS ***
Dealt to Dorex2007 [Jc Js]
Dorex2007: raises $0.10 to $0.12
ROMARIO908: folds 
Xumarbaz: folds 
Katerina0700: folds 
LeandroAku: folds 
One Eye Kat: folds 
crazyJP: folds 
frosa9397: folds 
Uncalled bet ($0.10) returned to Dorex2007
Dorex2007 collected $0.05 from pot
Dorex2007: doesn't show hand 
*** SUMMARY ***
Total pot $0.05 | Rake $0 
Seat 1: Katerina0700 folded before Flop (didn't bet)
Seat 2: LeandroAku folded before Flop (didn't bet)
Seat 4: One Eye Kat (button) folded before Flop (didn't bet)
Seat 5: crazyJP (small blind) folded before Flop
Seat 6: frosa9397 (big blind) folded before Flop
Seat 7: Dorex2007 collected ($0.05)
Seat 8: ROMARIO908 folded before Flop (didn't bet)
Seat 9: Xumarbaz folded before Flop (didn't bet)



PokerStars Hand #227865227007:  Hold'em No Limit ($0.01/$0.02 USD) - 2021/06/26 11:34:45 PT [2021/06/26 14:34:45 ET]
Table 'Io III' 9-max Seat #5 is the button
Seat 1: Katerina0700 ($1.68 in chips) 
Seat 2: LeandroAku ($0.70 in chips) 
Seat 3: 11lucas12 ($2 in chips) 
Seat 4: One Eye Kat ($1.19 in chips) 
Seat 5: crazyJP ($0.96 in chips) 
Seat 6: frosa9397 ($3.79 in chips) 
Seat 7: Dorex2007 ($3.04 in chips) 
Seat 8: ROMARIO908 ($2.31 in chips) 
Seat 9: Xumarbaz ($1.08 in chips) 
frosa9397: posts small blind $0.01
Dorex2007: posts big blind $0.02
11lucas12: posts big blind $0.02
*** HOLE CARDS ***
Dealt to Dorex2007 [3d Jh]
ROMARIO908: folds 
Xumarbaz: folds 
Katerina0700: calls $0.02
LeandroAku: folds 
11lucas12: raises $0.06 to $0.08
One Eye Kat: folds 
crazyJP: calls $0.08
frosa9397: folds 
Dorex2007: folds 
Katerina0700: calls $0.06
*** FLOP *** [7s 2d Js]
Katerina0700: checks 
11lucas12: checks 
crazyJP: checks 
*** TURN *** [7s 2d Js] [Kc]
Katerina0700: checks 
11lucas12: bets $0.08
crazyJP: calls $0.08
Katerina0700: calls $0.08
*** RIVER *** [7s 2d Js Kc] [7h]
Katerina0700: checks 
11lucas12: bets $0.32
crazyJP: folds 
Katerina0700: calls $0.32
*** SHOW DOWN ***
11lucas12: shows [Jc Jd] (a full house, Jacks full of Sevens)
Katerina0700: mucks hand 
11lucas12 collected $1.11 from pot
*** SUMMARY ***
Total pot $1.15 | Rake $0.04 
Board [7s 2d Js Kc 7h]
Seat 1: Katerina0700 mucked [3h Kh]
Seat 2: LeandroAku folded before Flop (didn't bet)
Seat 3: 11lucas12 showed [Jc Jd] and won ($1.11) with a full house, Jacks full of Sevens
Seat 4: One Eye Kat folded before Flop (didn't bet)
Seat 5: crazyJP (button) folded on the River
Seat 6: frosa9397 (small blind) folded before Flop
Seat 7: Dorex2007 (big blind) folded before Flop
Seat 8: ROMARIO908 folded before Flop (didn't bet)
Seat 9: Xumarbaz folded before Flop (didn't bet)



PokerStars Hand #227865261476:  Hold'em No Limit ($0.01/$0.02 USD) - 2021/06/26 11:36:07 PT [2021/06/26 14:36:07 ET]
Table 'Io III' 9-max Seat #6 is the button
Seat 1: Katerina0700 ($1.20 in chips) 
Seat 2: LeandroAku ($0.70 in chips) 
Seat 3: 11lucas12 ($2.63 in chips) 
Seat 4: One Eye Kat ($1.19 in chips) 
Seat 5: crazyJP ($0.80 in chips) 
Seat 6: frosa9397 ($3.78 in chips) 
Seat 7: Dorex2007 ($3.02 in chips) 
Seat 8: ROMARIO908 ($2.31 in chips) 
Seat 9: Xumarbaz ($1.08 in chips) 
Dorex2007: posts small blind $0.01
ROMARIO908: posts big blind $0.02
*** HOLE CARDS ***
Dealt to Dorex2007 [Jh 5h]
Xumarbaz: folds 
Katerina0700: folds 
LeandroAku: folds 
11lucas12: folds 
One Eye Kat: folds 
crazyJP: calls $0.02
frosa9397: folds 
Dorex2007: calls $0.01
ROMARIO908: checks 
*** FLOP *** [6h 8d Ah]
Dorex2007: checks 
ROMARIO908: checks 
crazyJP: checks 
*** TURN *** [6h 8d Ah] [Td]
Dorex2007: bets $0.04
ROMARIO908: folds 
crazyJP: folds 
Uncalled bet ($0.04) returned to Dorex2007
Dorex2007 collected $0.06 from pot
Dorex2007: doesn't show hand 
*** SUMMARY ***
Total pot $0.06 | Rake $0 
Board [6h 8d Ah Td]
Seat 1: Katerina0700 folded before Flop (didn't bet)
Seat 2: LeandroAku folded before Flop (didn't bet)
Seat 3: 11lucas12 folded before Flop (didn't bet)
Seat 4: One Eye Kat folded before Flop (didn't bet)
Seat 5: crazyJP folded on the Turn
Seat 6: frosa9397 (button) folded before Flop (didn't bet)
Seat 7: Dorex2007 (small blind) collected ($0.06)
Seat 8: ROMARIO908 (big blind) folded on the Turn
Seat 9: Xumarbaz folded before Flop (didn't bet)



PokerStars Hand #227865279969:  Hold'em No Limit ($0.01/$0.02 USD) - 2021/06/26 11:36:51 PT [2021/06/26 14:36:51 ET]
Table 'Io III' 9-max Seat #7 is the button
Seat 1: Katerina0700 ($1.20 in chips) 
Seat 2: LeandroAku ($0.70 in chips) 
Seat 3: 11lucas12 ($2.63 in chips) 
Seat 4: One Eye Kat ($1.19 in chips) 
Seat 5: crazyJP ($0.78 in chips) 
Seat 6: frosa9397 ($3.78 in chips) 
Seat 7: Dorex2007 ($3.06 in chips) 
Seat 8: ROMARIO908 ($2.29 in chips) 
Seat 9: Xumarbaz ($1.08 in chips) 
ROMARIO908: posts small blind $0.01
Xumarbaz: posts big blind $0.02
*** HOLE CARDS ***
Dealt to Dorex2007 [5h 9s]
Katerina0700: calls $0.02
LeandroAku: folds 
11lucas12: calls $0.02
One Eye Kat: folds 
crazyJP: raises $0.02 to $0.04
frosa9397: folds 
Dorex2007: folds 
ROMARIO908: folds 
Xumarbaz: calls $0.02
Katerina0700: calls $0.02
11lucas12: calls $0.02
*** FLOP *** [4d Td 4s]
Xumarbaz: checks 
Katerina0700: checks 
11lucas12: checks 
crazyJP: bets $0.08
Xumarbaz: folds 
Katerina0700: calls $0.08
11lucas12: folds 
*** TURN *** [4d Td 4s] [4c]
Katerina0700: checks 
crazyJP: bets $0.16
Katerina0700: calls $0.16
*** RIVER *** [4d Td 4s 4c] [Jc]
Katerina0700: checks 
crazyJP: checks 
*** SHOW DOWN ***
Katerina0700: shows [8h Th] (a full house, Fours full of Tens)
crazyJP: shows [Ac Tc] (a full house, Fours full of Tens)
Katerina0700 collected $0.32 from pot
crazyJP collected $0.31 from pot
*** SUMMARY ***
Total pot $0.65 | Rake $0.02 
Board [4d Td 4s 4c Jc]
Seat 1: Katerina0700 showed [8h Th] and won ($0.32) with a full house, Fours full of Tens
Seat 2: LeandroAku folded before Flop (didn't bet)
Seat 3: 11lucas12 folded on the Flop
Seat 4: One Eye Kat folded before Flop (didn't bet)
Seat 5: crazyJP showed [Ac Tc] and won ($0.31) with a full house, Fours full of Tens
Seat 6: frosa9397 folded before Flop (didn't bet)
Seat 7: Dorex2007 (button) folded before Flop (didn't bet)
Seat 8: ROMARIO908 (small blind) folded before Flop
Seat 9: Xumarbaz (big blind) folded on the Flop



PokerStars Hand #227865302242:  Hold'em No Limit ($0.01/$0.02 USD) - 2021/06/26 11:37:44 PT [2021/06/26 14:37:44 ET]
Table 'Io III' 9-max Seat #8 is the button
Seat 1: Katerina0700 ($1.24 in chips) 
Seat 2: LeandroAku ($0.70 in chips) 
Seat 3: 11lucas12 ($2.59 in chips) 
Seat 4: One Eye Kat ($1.19 in chips) 
Seat 5: crazyJP ($0.81 in chips) 
Seat 6: frosa9397 ($3.78 in chips) 
Seat 7: Dorex2007 ($3.06 in chips) 
Seat 8: ROMARIO908 ($2.28 in chips) 
Seat 9: Xumarbaz ($1.04 in chips) 
Xumarbaz: posts small blind $0.01
Katerina0700: posts big blind $0.02
*** HOLE CARDS ***
Dealt to Dorex2007 [Ad 5c]
LeandroAku: folds 
11lucas12: folds 
One Eye Kat: folds 
crazyJP: calls $0.02
frosa9397: folds 
Dorex2007: folds 
ROMARIO908: raises $0.03 to $0.05
Xumarbaz: folds 
Katerina0700: calls $0.03
crazyJP: calls $0.03
*** FLOP *** [4h 3s 7c]
Katerina0700: checks 
crazyJP: checks 
ROMARIO908: bets $0.10
Katerina0700: folds 
crazyJP: folds 
Uncalled bet ($0.10) returned to ROMARIO908
ROMARIO908 collected $0.15 from pot
Katerina0700 leaves the table
ROMARIO908: doesn't show hand 
*** SUMMARY ***
Total pot $0.16 | Rake $0.01 
Board [4h 3s 7c]
Seat 1: Katerina0700 (big blind) folded on the Flop
Seat 2: LeandroAku folded before Flop (didn't bet)
Seat 3: 11lucas12 folded before Flop (didn't bet)
Seat 4: One Eye Kat folded before Flop (didn't bet)
Seat 5: crazyJP folded on the Flop
Seat 6: frosa9397 folded before Flop (didn't bet)
Seat 7: Dorex2007 folded before Flop (didn't bet)
Seat 8: ROMARIO908 (button) collected ($0.15)
Seat 9: Xumarbaz (small blind) folded before Flop



PokerStars Hand #227865317799:  Hold'em No Limit ($0.01/$0.02 USD) - 2021/06/26 11:38:21 PT [2021/06/26 14:38:21 ET]
Table 'Io III' 9-max Seat #9 is the button
Seat 2: LeandroAku ($0.70 in chips) 
Seat 3: 11lucas12 ($2.59 in chips) 
Seat 4: One Eye Kat ($1.19 in chips) 
Seat 5: crazyJP ($0.76 in chips) 
Seat 6: frosa9397 ($3.78 in chips) 
Seat 7: Dorex2007 ($3.06 in chips) 
Seat 8: ROMARIO908 ($2.38 in chips) 
Seat 9: Xumarbaz ($1.03 in chips) 
LeandroAku: posts small blind $0.01
11lucas12: posts big blind $0.02
*** HOLE CARDS ***
Dealt to Dorex2007 [5c 3c]
One Eye Kat: folds 
MolsonCanuck joins the table at seat #1 
crazyJP: folds 
frosa9397: calls $0.02
Dorex2007: folds 
ROMARIO908: folds 
Xumarbaz: calls $0.02
LeandroAku: folds 
11lucas12: checks 
*** FLOP *** [Js 2d Ah]
11lucas12: checks 
frosa9397: checks 
Xumarbaz: checks 
*** TURN *** [Js 2d Ah] [Ad]
11lucas12: checks 
frosa9397: checks 
Xumarbaz: checks 
*** RIVER *** [Js 2d Ah Ad] [Jh]
11lucas12: checks 
frosa9397: checks 
Xumarbaz: checks 
*** SHOW DOWN ***
11lucas12: shows [Td 6h] (two pair, Aces and Jacks)
frosa9397: mucks hand 
Xumarbaz: mucks hand 
11lucas12 collected $0.07 from pot
*** SUMMARY ***
Total pot $0.07 | Rake $0 
Board [Js 2d Ah Ad Jh]
Seat 2: LeandroAku (small blind) folded before Flop
Seat 3: 11lucas12 (big blind) showed [Td 6h] and won ($0.07) with two pair, Aces and Jacks
Seat 4: One Eye Kat folded before Flop (didn't bet)
Seat 5: crazyJP folded before Flop (didn't bet)
Seat 6: frosa9397 mucked [7d 7c]
Seat 7: Dorex2007 folded before Flop (didn't bet)
Seat 8: ROMARIO908 folded before Flop (didn't bet)
Seat 9: Xumarbaz (button) mucked [8d 8h]



PokerStars Hand #227865344300:  Hold'em No Limit ($0.01/$0.02 USD) - 2021/06/26 11:39:25 PT [2021/06/26 14:39:25 ET]
Table 'Io III' 9-max Seat #2 is the button
Seat 2: LeandroAku ($0.69 in chips) 
Seat 3: 11lucas12 ($2.64 in chips) 
Seat 4: One Eye Kat ($1.19 in chips) 
Seat 5: crazyJP ($0.76 in chips) 
Seat 6: frosa9397 ($3.76 in chips) 
Seat 7: Dorex2007 ($3.06 in chips) 
Seat 8: ROMARIO908 ($2.38 in chips) 
Seat 9: Xumarbaz ($1.01 in chips) 
11lucas12: posts small blind $0.01
One Eye Kat: posts big blind $0.02
MolsonCanuck: sits out 
*** HOLE CARDS ***
Dealt to Dorex2007 [6d 3d]
crazyJP: calls $0.02
frosa9397: folds 
Dorex2007: folds 
ROMARIO908: folds 
Xumarbaz: calls $0.02
LeandroAku: folds 
11lucas12: calls $0.01
One Eye Kat: checks 
*** FLOP *** [3c 8h 3h]
11lucas12: checks 
One Eye Kat: checks 
crazyJP: checks 
Xumarbaz: checks 
*** TURN *** [3c 8h 3h] [Jc]
11lucas12: bets $0.04
One Eye Kat: folds 
crazyJP: folds 
Xumarbaz: folds 
Uncalled bet ($0.04) returned to 11lucas12
11lucas12 collected $0.08 from pot
11lucas12: doesn't show hand 
*** SUMMARY ***
Total pot $0.08 | Rake $0 
Board [3c 8h 3h Jc]
Seat 2: LeandroAku (button) folded before Flop (didn't bet)
Seat 3: 11lucas12 (small blind) collected ($0.08)
Seat 4: One Eye Kat (big blind) folded on the Turn
Seat 5: crazyJP folded on the Turn
Seat 6: frosa9397 folded before Flop (didn't bet)
Seat 7: Dorex2007 folded before Flop (didn't bet)
Seat 8: ROMARIO908 folded before Flop (didn't bet)
Seat 9: Xumarbaz folded on the Turn



PokerStars Hand #227865378753:  Hold'em No Limit ($0.01/$0.02 USD) - 2021/06/26 11:40:47 PT [2021/06/26 14:40:47 ET]
Table 'Io III' 9-max Seat #3 is the button
Seat 2: LeandroAku ($0.69 in chips) 
Seat 3: 11lucas12 ($2.70 in chips) 
Seat 4: One Eye Kat ($1.17 in chips) 
Seat 5: crazyJP ($0.74 in chips) 
Seat 6: frosa9397 ($3.76 in chips) 
Seat 7: Dorex2007 ($3.06 in chips) 
Seat 8: ROMARIO908 ($2.38 in chips) 
Seat 9: Xumarbaz ($0.99 in chips) 
One Eye Kat: posts small blind $0.01
crazyJP: posts big blind $0.02
MolsonCanuck: sits out 
*** HOLE CARDS ***
Dealt to Dorex2007 [3h Qd]
frosa9397: calls $0.02
Dorex2007: folds 
ROMARIO908: folds 
Xumarbaz: folds 
LeandroAku: folds 
11lucas12: folds 
One Eye Kat: calls $0.01
crazyJP: checks 
*** FLOP *** [8h Js Ah]
One Eye Kat: checks 
crazyJP: bets $0.02
frosa9397: folds 
One Eye Kat: calls $0.02
*** TURN *** [8h Js Ah] [3s]
One Eye Kat: checks 
crazyJP: checks 
*** RIVER *** [8h Js Ah 3s] [Ac]
One Eye Kat: bets $0.08
crazyJP: folds 
Uncalled bet ($0.08) returned to One Eye Kat
One Eye Kat collected $0.10 from pot
*** SUMMARY ***
Total pot $0.10 | Rake $0 
Board [8h Js Ah 3s Ac]
Seat 2: LeandroAku folded before Flop (didn't bet)
Seat 3: 11lucas12 (button) folded before Flop (didn't bet)
Seat 4: One Eye Kat (small blind) collected ($0.10)
Seat 5: crazyJP (big blind) folded on the River
Seat 6: frosa9397 folded on the Flop
Seat 7: Dorex2007 folded before Flop (didn't bet)
Seat 8: ROMARIO908 folded before Flop (didn't bet)
Seat 9: Xumarbaz folded before Flop (didn't bet)



PokerStars Hand #227865404221:  Hold'em No Limit ($0.01/$0.02 USD) - 2021/06/26 11:41:48 PT [2021/06/26 14:41:48 ET]
Table 'Io III' 9-max Seat #4 is the button
Seat 2: LeandroAku ($0.69 in chips) 
Seat 3: 11lucas12 ($2.70 in chips) 
Seat 4: One Eye Kat ($1.23 in chips) 
Seat 5: crazyJP ($0.70 in chips) 
Seat 6: frosa9397 ($3.74 in chips) 
Seat 7: Dorex2007 ($3.06 in chips) 
Seat 8: ROMARIO908 ($2.38 in chips) 
Seat 9: Xumarbaz ($0.99 in chips) 
crazyJP: posts small blind $0.01
frosa9397: posts big blind $0.02
MolsonCanuck: sits out 
*** HOLE CARDS ***
Dealt to Dorex2007 [Td 3d]
Dorex2007: calls $0.02
ROMARIO908: folds 
Xumarbaz: calls $0.02
LeandroAku: folds 
11lucas12: calls $0.02
One Eye Kat: folds 
crazyJP: calls $0.01
frosa9397: checks 
*** FLOP *** [8s 5d Jc]
crazyJP: checks 
frosa9397: checks 
Dorex2007: bets $0.07
Xumarbaz: folds 
11lucas12: calls $0.07
crazyJP: folds 
frosa9397: folds 
*** TURN *** [8s 5d Jc] [Qs]
Dorex2007: checks 
11lucas12: bets $0.10
Dorex2007: folds 
Uncalled bet ($0.10) returned to 11lucas12
11lucas12 collected $0.23 from pot
11lucas12: doesn't show hand 
*** SUMMARY ***
Total pot $0.24 | Rake $0.01 
Board [8s 5d Jc Qs]
Seat 2: LeandroAku folded before Flop (didn't bet)
Seat 3: 11lucas12 collected ($0.23)
Seat 4: One Eye Kat (button) folded before Flop (didn't bet)
Seat 5: crazyJP (small blind) folded on the Flop
Seat 6: frosa9397 (big blind) folded on the Flop
Seat 7: Dorex2007 folded on the Turn
Seat 8: ROMARIO908 folded before Flop (didn't bet)
Seat 9: Xumarbaz folded on the Flop



PokerStars Hand #227865441639:  Hold'em No Limit ($0.01/$0.02 USD) - 2021/06/26 11:43:18 PT [2021/06/26 14:43:18 ET]
Table 'Io III' 9-max Seat #5 is the button
Seat 2: LeandroAku ($0.69 in chips) 
Seat 3: 11lucas12 ($2.84 in chips) 
Seat 4: One Eye Kat ($1.23 in chips) 
Seat 5: crazyJP ($0.68 in chips) 
Seat 6: frosa9397 ($3.72 in chips) 
Seat 7: Dorex2007 ($2.97 in chips) 
Seat 8: ROMARIO908 ($2.38 in chips) 
Seat 9: Xumarbaz ($0.97 in chips) 
frosa9397: posts small blind $0.01
Dorex2007: posts big blind $0.02
MolsonCanuck: sits out 
*** HOLE CARDS ***
Dealt to Dorex2007 [Ac 4c]
ROMARIO908: folds 
Xumarbaz: calls $0.02
LeandroAku: folds 
11lucas12: calls $0.02
One Eye Kat: calls $0.02
crazyJP: calls $0.02
frosa9397: folds 
Dorex2007: checks 
*** FLOP *** [Kc 6c 5h]
Dorex2007: bets $0.11
Xumarbaz: calls $0.11
11lucas12: folds 
One Eye Kat: folds 
crazyJP: folds 
*** TURN *** [Kc 6c 5h] [9c]
Dorex2007: bets $0.16
Xumarbaz: calls $0.16
*** RIVER *** [Kc 6c 5h 9c] [Td]
Dorex2007: bets $2.68 and is all-in
Xumarbaz: calls $0.68 and is all-in
Uncalled bet ($2) returned to Dorex2007
*** SHOW DOWN ***
Dorex2007: shows [Ac 4c] (a flush, Ace high)
Xumarbaz: shows [Ks 6s] (two pair, Kings and Sixes)
Dorex2007 collected $1.94 from pot
*** SUMMARY ***
Total pot $2.01 | Rake $0.07 
Board [Kc 6c 5h 9c Td]
Seat 2: LeandroAku folded before Flop (didn't bet)
Seat 3: 11lucas12 folded on the Flop
Seat 4: One Eye Kat folded on the Flop
Seat 5: crazyJP (button) folded on the Flop
Seat 6: frosa9397 (small blind) folded before Flop
Seat 7: Dorex2007 (big blind) showed [Ac 4c] and won ($1.94) with a flush, Ace high
Seat 8: ROMARIO908 folded before Flop (didn't bet)
Seat 9: Xumarbaz showed [Ks 6s] and lost with two pair, Kings and Sixes



PokerStars Hand #227865476235:  Hold'em No Limit ($0.01/$0.02 USD) - 2021/06/26 11:44:37 PT [2021/06/26 14:44:37 ET]
Table 'Io III' 9-max Seat #6 is the button
Seat 2: LeandroAku ($0.69 in chips) 
Seat 3: 11lucas12 ($2.82 in chips) 
Seat 4: One Eye Kat ($1.21 in chips) 
Seat 5: crazyJP ($0.66 in chips) 
Seat 6: frosa9397 ($3.71 in chips) 
Seat 7: Dorex2007 ($3.94 in chips) 
Seat 8: ROMARIO908 ($2.38 in chips) 
Dorex2007: posts small blind $0.01
ROMARIO908: posts big blind $0.02
MolsonCanuck: sits out 
*** HOLE CARDS ***
Dealt to Dorex2007 [7s Td]
LeandroAku: folds 
11lucas12: folds 
One Eye Kat: folds 
crazyJP: folds 
Dorex2007 said, "that was an amazing call"
frosa9397 is disconnected 
frosa9397 has timed out while disconnected
frosa9397: folds 
Dorex2007: folds 
Uncalled bet ($0.01) returned to ROMARIO908
ROMARIO908 collected $0.02 from pot
ROMARIO908: doesn't show hand 
*** SUMMARY ***
Total pot $0.02 | Rake $0 
Seat 2: LeandroAku folded before Flop (didn't bet)
Seat 3: 11lucas12 folded before Flop (didn't bet)
Seat 4: One Eye Kat folded before Flop (didn't bet)
Seat 5: crazyJP folded before Flop (didn't bet)
Seat 6: frosa9397 (button) folded before Flop (didn't bet)
Seat 7: Dorex2007 (small blind) folded before Flop
Seat 8: ROMARIO908 (big blind) collected ($0.02)



PokerStars Hand #227865489992:  Hold'em No Limit ($0.01/$0.02 USD) - 2021/06/26 11:45:10 PT [2021/06/26 14:45:10 ET]
Table 'Io III' 9-max Seat #7 is the button
Seat 2: LeandroAku ($0.69 in chips) 
Seat 3: 11lucas12 ($2.82 in chips) 
Seat 4: One Eye Kat ($1.21 in chips) 
Seat 5: crazyJP ($0.66 in chips) 
Seat 7: Dorex2007 ($3.93 in chips) 
Seat 8: ROMARIO908 ($2.39 in chips) 
Seat 9: Xumarbaz ($0.80 in chips) 
ROMARIO908: posts small blind $0.01
Xumarbaz: posts big blind $0.02
MolsonCanuck: sits out 
*** HOLE CARDS ***
Dealt to Dorex2007 [8d Kd]
ROMARIO908 said, "))))"
LeandroAku: folds 
11lucas12: folds 
One Eye Kat: raises $0.04 to $0.06
crazyJP: folds 
Dorex2007: folds 
ROMARIO908: folds 
Xumarbaz: calls $0.04
*** FLOP *** [4s 4d 5c]
Xumarbaz: checks 
One Eye Kat: checks 
*** TURN *** [4s 4d 5c] [Qh]
Xumarbaz: checks 
One Eye Kat: bets $0.02
Xumarbaz: calls $0.02
*** RIVER *** [4s 4d 5c Qh] [Ad]
Xumarbaz: checks 
One Eye Kat: checks 
*** SHOW DOWN ***
Xumarbaz: shows [7c 6s] (a pair of Fours)
One Eye Kat: shows [Kh Qd] (two pair, Queens and Fours)
One Eye Kat collected $0.16 from pot
*** SUMMARY ***
Total pot $0.17 | Rake $0.01 
Board [4s 4d 5c Qh Ad]
Seat 2: LeandroAku folded before Flop (didn't bet)
Seat 3: 11lucas12 folded before Flop (didn't bet)
Seat 4: One Eye Kat showed [Kh Qd] and won ($0.16) with two pair, Queens and Fours
Seat 5: crazyJP folded before Flop (didn't bet)
Seat 7: Dorex2007 (button) folded before Flop (didn't bet)
Seat 8: ROMARIO908 (small blind) folded before Flop
Seat 9: Xumarbaz (big blind) showed [7c 6s] and lost with a pair of Fours



PokerStars Hand #227865508260:  Hold'em No Limit ($0.01/$0.02 USD) - 2021/06/26 11:45:54 PT [2021/06/26 14:45:54 ET]
Table 'Io III' 9-max Seat #8 is the button
Seat 1: MolsonCanuck ($2 in chips) 
Seat 2: LeandroAku ($0.69 in chips) 
Seat 3: 11lucas12 ($2.82 in chips) 
Seat 4: One Eye Kat ($1.29 in chips) 
Seat 5: crazyJP ($0.66 in chips) 
Seat 7: Dorex2007 ($3.93 in chips) 
Seat 8: ROMARIO908 ($2.38 in chips) 
Seat 9: Xumarbaz ($0.72 in chips) 
Xumarbaz: posts small blind $0.01
MolsonCanuck: posts big blind $0.02
*** HOLE CARDS ***
Dealt to Dorex2007 [8c 3c]
LeandroAku: folds 
11lucas12: calls $0.02
One Eye Kat: folds 
crazyJP: folds 
Dorex2007: folds 
ROMARIO908: folds 
Xumarbaz: calls $0.01
MolsonCanuck: checks 
*** FLOP *** [As 5c 7s]
Xumarbaz: checks 
MolsonCanuck: checks 
11lucas12: checks 
*** TURN *** [As 5c 7s] [9s]
Xumarbaz: checks 
MolsonCanuck: checks 
11lucas12: checks 
*** RIVER *** [As 5c 7s 9s] [Ah]
Xumarbaz: checks 
MolsonCanuck: checks 
11lucas12: checks 
*** SHOW DOWN ***
Xumarbaz: shows [Qh 4h] (a pair of Aces)
MolsonCanuck: shows [7c 6c] (two pair, Aces and Sevens)
11lucas12: mucks hand 
MolsonCanuck collected $0.06 from pot
*** SUMMARY ***
Total pot $0.06 | Rake $0 
Board [As 5c 7s 9s Ah]
Seat 1: MolsonCanuck (big blind) showed [7c 6c] and won ($0.06) with two pair, Aces and Sevens
Seat 2: LeandroAku folded before Flop (didn't bet)
Seat 3: 11lucas12 mucked [Th Qd]
Seat 4: One Eye Kat folded before Flop (didn't bet)
Seat 5: crazyJP folded before Flop (didn't bet)
Seat 7: Dorex2007 folded before Flop (didn't bet)
Seat 8: ROMARIO908 (button) folded before Flop (didn't bet)
Seat 9: Xumarbaz (small blind) showed [Qh 4h] and lost with a pair of Aces



PokerStars Hand #227865527800:  Hold'em No Limit ($0.01/$0.02 USD) - 2021/06/26 11:46:42 PT [2021/06/26 14:46:42 ET]
Table 'Io III' 9-max Seat #9 is the button
Seat 1: MolsonCanuck ($2.04 in chips) 
Seat 2: LeandroAku ($0.69 in chips) 
Seat 3: 11lucas12 ($2.80 in chips) 
Seat 4: One Eye Kat ($1.29 in chips) 
Seat 5: crazyJP ($0.66 in chips) 
Seat 7: Dorex2007 ($3.93 in chips) 
Seat 8: ROMARIO908 ($2.38 in chips) 
Seat 9: Xumarbaz ($0.70 in chips) 
MolsonCanuck: posts small blind $0.01
LeandroAku: posts big blind $0.02
*** HOLE CARDS ***
Dealt to Dorex2007 [Ah 6h]
11lucas12: folds 
One Eye Kat: folds 
crazyJP: raises $0.02 to $0.04
Dorex2007: calls $0.04
ROMARIO908: folds 
Xumarbaz: folds 
MolsonCanuck: folds 
LeandroAku: folds 
*** FLOP *** [3c 5c 7d]
crazyJP: checks 
Dorex2007: bets $0.07
crazyJP: folds 
Uncalled bet ($0.07) returned to Dorex2007
Dorex2007 collected $0.11 from pot
Dorex2007: doesn't show hand 
*** SUMMARY ***
Total pot $0.11 | Rake $0 
Board [3c 5c 7d]
Seat 1: MolsonCanuck (small blind) folded before Flop
Seat 2: LeandroAku (big blind) folded before Flop
Seat 3: 11lucas12 folded before Flop (didn't bet)
Seat 4: One Eye Kat folded before Flop (didn't bet)
Seat 5: crazyJP folded on the Flop
Seat 7: Dorex2007 collected ($0.11)
Seat 8: ROMARIO908 folded before Flop (didn't bet)
Seat 9: Xumarbaz (button) folded before Flop (didn't bet)



PokerStars Hand #227865541377:  Hold'em No Limit ($0.01/$0.02 USD) - 2021/06/26 11:47:15 PT [2021/06/26 14:47:15 ET]
Table 'Io III' 9-max Seat #1 is the button
Seat 1: MolsonCanuck ($2.03 in chips) 
Seat 2: LeandroAku ($0.67 in chips) 
Seat 3: 11lucas12 ($2.80 in chips) 
Seat 4: One Eye Kat ($1.29 in chips) 
Seat 5: crazyJP ($0.62 in chips) 
Seat 7: Dorex2007 ($4 in chips) 
Seat 8: ROMARIO908 ($2.38 in chips) 
Seat 9: Xumarbaz ($0.70 in chips) 
LeandroAku: posts small blind $0.01
11lucas12: posts big blind $0.02
*** HOLE CARDS ***
Dealt to Dorex2007 [6c Ad]
One Eye Kat: folds 
crazyJP: calls $0.02
Dorex2007: folds 
ROMARIO908: raises $0.03 to $0.05
Xumarbaz: calls $0.05
MolsonCanuck: calls $0.05
LeandroAku: folds 
11lucas12: calls $0.03
crazyJP: calls $0.03
*** FLOP *** [7c 9s Ac]
11lucas12: checks 
crazyJP: bets $0.02
ROMARIO908: folds 
Xumarbaz: calls $0.02
MolsonCanuck: calls $0.02
11lucas12: calls $0.02
*** TURN *** [7c 9s Ac] [4d]
11lucas12: checks 
crazyJP: checks 
Xumarbaz: checks 
MolsonCanuck: bets $0.08
11lucas12: folds 
crazyJP: calls $0.08
Xumarbaz: calls $0.08
*** RIVER *** [7c 9s Ac 4d] [8h]
crazyJP: checks 
Xumarbaz: checks 
MolsonCanuck: checks 
*** SHOW DOWN ***
crazyJP: shows [Td 8d] (a pair of Eights)
Xumarbaz: shows [Ts 8s] (a pair of Eights)
MolsonCanuck: shows [Jd 9d] (a pair of Nines)
MolsonCanuck collected $0.56 from pot
*** SUMMARY ***
Total pot $0.58 | Rake $0.02 
Board [7c 9s Ac 4d 8h]
Seat 1: MolsonCanuck (button) showed [Jd 9d] and won ($0.56) with a pair of Nines
Seat 2: LeandroAku (small blind) folded before Flop
Seat 3: 11lucas12 (big blind) folded on the Turn
Seat 4: One Eye Kat folded before Flop (didn't bet)
Seat 5: crazyJP showed [Td 8d] and lost with a pair of Eights
Seat 7: Dorex2007 folded before Flop (didn't bet)
Seat 8: ROMARIO908 folded on the Flop
Seat 9: Xumarbaz showed [Ts 8s] and lost with a pair of Eights



PokerStars Hand #227865580213:  Hold'em No Limit ($0.01/$0.02 USD) - 2021/06/26 11:48:35 PT [2021/06/26 14:48:35 ET]
Table 'Io III' 9-max Seat #2 is the button
Seat 1: MolsonCanuck ($2.44 in chips) 
Seat 2: LeandroAku ($0.66 in chips) 
Seat 3: 11lucas12 ($2.73 in chips) 
Seat 4: One Eye Kat ($1.29 in chips) 
Seat 5: crazyJP ($0.47 in chips) 
Seat 7: Dorex2007 ($4 in chips) 
Seat 8: ROMARIO908 ($2.33 in chips) 
Seat 9: Xumarbaz ($0.55 in chips) 
11lucas12: posts small blind $0.01
One Eye Kat: posts big blind $0.02
*** HOLE CARDS ***
Dealt to Dorex2007 [Jh 2s]
crazyJP: calls $0.02
Dorex2007: folds 
ROMARIO908: folds 
Xumarbaz: calls $0.02
MolsonCanuck: folds 
LeandroAku: folds 
11lucas12: raises $0.02 to $0.04
One Eye Kat: folds 
crazyJP: calls $0.02
Xumarbaz: calls $0.02
*** FLOP *** [5d Qd 2h]
11lucas12: checks 
crazyJP: bets $0.06
Xumarbaz: folds 
11lucas12: calls $0.06
*** TURN *** [5d Qd 2h] [6h]
11lucas12: checks 
crazyJP: checks 
*** RIVER *** [5d Qd 2h 6h] [Kd]
11lucas12: checks 
crazyJP: checks 
*** SHOW DOWN ***
11lucas12: shows [Tc Qc] (a pair of Queens)
crazyJP: mucks hand 
11lucas12 collected $0.25 from pot
*** SUMMARY ***
Total pot $0.26 | Rake $0.01 
Board [5d Qd 2h 6h Kd]
Seat 1: MolsonCanuck folded before Flop (didn't bet)
Seat 2: LeandroAku (button) folded before Flop (didn't bet)
Seat 3: 11lucas12 (small blind) showed [Tc Qc] and won ($0.25) with a pair of Queens
Seat 4: One Eye Kat (big blind) folded before Flop
Seat 5: crazyJP mucked [4s 4c]
Seat 7: Dorex2007 folded before Flop (didn't bet)
Seat 8: ROMARIO908 folded before Flop (didn't bet)
Seat 9: Xumarbaz folded on the Flop



PokerStars Hand #227865602621:  Hold'em No Limit ($0.01/$0.02 USD) - 2021/06/26 11:49:30 PT [2021/06/26 14:49:30 ET]
Table 'Io III' 9-max Seat #3 is the button
Seat 1: MolsonCanuck ($2.44 in chips) 
Seat 2: LeandroAku ($0.66 in chips) 
Seat 3: 11lucas12 ($2.88 in chips) 
Seat 4: One Eye Kat ($1.27 in chips) 
Seat 5: crazyJP ($0.88 in chips) 
Seat 7: Dorex2007 ($4 in chips) 
Seat 8: ROMARIO908 ($2.33 in chips) 
Seat 9: Xumarbaz ($0.51 in chips) 
One Eye Kat: posts small blind $0.01
crazyJP: posts big blind $0.02
*** HOLE CARDS ***
Dealt to Dorex2007 [4c 3c]
Dorex2007: folds 
ROMARIO908: folds 
Xumarbaz: calls $0.02
MolsonCanuck has timed out
MolsonCanuck: folds 
LeandroAku: folds 
11lucas12: raises $0.02 to $0.04
One Eye Kat: calls $0.03
crazyJP: calls $0.02
Xumarbaz: calls $0.02
*** FLOP *** [7c Tc 8c]
One Eye Kat: checks 
crazyJP: checks 
Xumarbaz: checks 
11lucas12: checks 
*** TURN *** [7c Tc 8c] [5c]
One Eye Kat: checks 
crazyJP: checks 
Xumarbaz: bets $0.04
11lucas12: folds 
One Eye Kat: folds 
crazyJP: calls $0.04
*** RIVER *** [7c Tc 8c 5c] [6d]
crazyJP: checks 
Xumarbaz: bets $0.06
crazyJP: folds 
Uncalled bet ($0.06) returned to Xumarbaz
Xumarbaz collected $0.23 from pot
*** SUMMARY ***
Total pot $0.24 | Rake $0.01 
Board [7c Tc 8c 5c 6d]
Seat 1: MolsonCanuck folded before Flop (didn't bet)
Seat 2: LeandroAku folded before Flop (didn't bet)
Seat 3: 11lucas12 (button) folded on the Turn
Seat 4: One Eye Kat (small blind) folded on the Turn
Seat 5: crazyJP (big blind) folded on the River
Seat 7: Dorex2007 folded before Flop (didn't bet)
Seat 8: ROMARIO908 folded before Flop (didn't bet)
Seat 9: Xumarbaz collected ($0.23)



PokerStars Hand #227865642478:  Hold'em No Limit ($0.01/$0.02 USD) - 2021/06/26 11:51:08 PT [2021/06/26 14:51:08 ET]
Table 'Io III' 9-max Seat #4 is the button
Seat 1: MolsonCanuck ($2.44 in chips) 
Seat 2: LeandroAku ($0.66 in chips) 
Seat 3: 11lucas12 ($2.84 in chips) 
Seat 4: One Eye Kat ($1.23 in chips) 
Seat 5: crazyJP ($0.80 in chips) 
Seat 7: Dorex2007 ($4 in chips) 
Seat 8: ROMARIO908 ($2.33 in chips) 
Seat 9: Xumarbaz ($0.66 in chips) 
crazyJP: posts small blind $0.01
Dorex2007: posts big blind $0.02
*** HOLE CARDS ***
Dealt to Dorex2007 [Tc 9h]
ROMARIO908: raises $0.04 to $0.06
Xumarbaz: calls $0.06
MolsonCanuck has timed out
MolsonCanuck: folds 
LeandroAku: raises $0.12 to $0.18
11lucas12: folds 
One Eye Kat: folds 
crazyJP: folds 
Dorex2007: folds 
ROMARIO908: folds 
Xumarbaz: calls $0.12
*** FLOP *** [Kd 7h Ac]
Xumarbaz: checks 
LeandroAku: bets $0.47
Xumarbaz: raises $0.01 to $0.48 and is all-in
LeandroAku: calls $0.01 and is all-in
*** TURN *** [Kd 7h Ac] [3s]
*** RIVER *** [Kd 7h Ac 3s] [2s]
*** SHOW DOWN ***
Xumarbaz: shows [Qs Ts] (high card Ace)
LeandroAku: shows [6d 6h] (a pair of Sixes)
LeandroAku cashed out the hand for $0.79 | Cash Out Fee $0.01
*** SUMMARY ***
Total pot $1.41 | Rake $0.05 
Board [Kd 7h Ac 3s 2s]
Seat 1: MolsonCanuck folded before Flop (didn't bet)
Seat 2: LeandroAku showed [6d 6h] and won ($1.36) with a pair of Sixes (pot not awarded as player cashed out)
Seat 3: 11lucas12 folded before Flop (didn't bet)
Seat 4: One Eye Kat (button) folded before Flop (didn't bet)
Seat 5: crazyJP (small blind) folded before Flop
Seat 7: Dorex2007 (big blind) folded before Flop
Seat 8: ROMARIO908 folded before Flop
Seat 9: Xumarbaz showed [Qs Ts] and lost with high card Ace



PokerStars Hand #227865676164:  Hold'em No Limit ($0.01/$0.02 USD) - 2021/06/26 11:52:30 PT [2021/06/26 14:52:30 ET]
Table 'Io III' 9-max Seat #5 is the button
Seat 2: LeandroAku ($0.79 in chips) 
Seat 3: 11lucas12 ($2.84 in chips) 
Seat 4: One Eye Kat ($1.23 in chips) 
Seat 5: crazyJP ($0.79 in chips) 
Seat 7: Dorex2007 ($3.98 in chips) 
Seat 8: ROMARIO908 ($2.27 in chips) 
Dorex2007: posts small blind $0.01
ROMARIO908: posts big blind $0.02
*** HOLE CARDS ***
Dealt to Dorex2007 [Kh 9h]
LeandroAku: folds 
11lucas12: folds 
One Eye Kat: folds 
crazyJP: calls $0.02
Dorex2007: calls $0.01
ROMARIO908: checks 
*** FLOP *** [2h 7c 4d]
Dorex2007: checks 
ROMARIO908: checks 
crazyJP: checks 
*** TURN *** [2h 7c 4d] [Js]
Dorex2007: checks 
ROMARIO908: bets $0.03
crazyJP: folds 
Dorex2007: folds 
Uncalled bet ($0.03) returned to ROMARIO908
ROMARIO908 collected $0.06 from pot
ROMARIO908: doesn't show hand 
*** SUMMARY ***
Total pot $0.06 | Rake $0 
Board [2h 7c 4d Js]
Seat 2: LeandroAku folded before Flop (didn't bet)
Seat 3: 11lucas12 folded before Flop (didn't bet)
Seat 4: One Eye Kat folded before Flop (didn't bet)
Seat 5: crazyJP (button) folded on the Turn
Seat 7: Dorex2007 (small blind) folded on the Turn
Seat 8: ROMARIO908 (big blind) collected ($0.06)



PokerStars Hand #227865694957:  Hold'em No Limit ($0.01/$0.02 USD) - 2021/06/26 11:53:17 PT [2021/06/26 14:53:17 ET]
Table 'Io III' 9-max Seat #7 is the button
Seat 2: LeandroAku ($0.79 in chips) 
Seat 3: 11lucas12 ($2.84 in chips) 
Seat 4: One Eye Kat ($1.23 in chips) 
Seat 5: crazyJP ($0.77 in chips) 
Seat 7: Dorex2007 ($3.96 in chips) 
Seat 8: ROMARIO908 ($2.31 in chips) 
Seat 9: Xumarbaz ($0.80 in chips) 
ROMARIO908: posts small blind $0.01
Xumarbaz: posts big blind $0.02
*** HOLE CARDS ***
Dealt to Dorex2007 [9c Qh]
LeandroAku: folds 
11lucas12: calls $0.02
One Eye Kat: folds 
crazyJP: folds 
Dorex2007: folds 
ROMARIO908: folds 
Xumarbaz: checks 
*** FLOP *** [5s Kh 6s]
Xumarbaz: checks 
11lucas12: bets $0.04
Xumarbaz: folds 
Uncalled bet ($0.04) returned to 11lucas12
11lucas12 collected $0.05 from pot
11lucas12: doesn't show hand 
*** SUMMARY ***
Total pot $0.05 | Rake $0 
Board [5s Kh 6s]
Seat 2: LeandroAku folded before Flop (didn't bet)
Seat 3: 11lucas12 collected ($0.05)
Seat 4: One Eye Kat folded before Flop (didn't bet)
Seat 5: crazyJP folded before Flop (didn't bet)
Seat 7: Dorex2007 (button) folded before Flop (didn't bet)
Seat 8: ROMARIO908 (small blind) folded before Flop
Seat 9: Xumarbaz (big blind) folded on the Flop



PokerStars Hand #227865707062:  Hold'em No Limit ($0.01/$0.02 USD) - 2021/06/26 11:53:47 PT [2021/06/26 14:53:47 ET]
Table 'Io III' 9-max Seat #8 is the button
Seat 2: LeandroAku ($0.79 in chips) 
Seat 3: 11lucas12 ($2.87 in chips) 
Seat 4: One Eye Kat ($1.23 in chips) 
Seat 5: crazyJP ($0.77 in chips) 
Seat 7: Dorex2007 ($3.96 in chips) 
Seat 8: ROMARIO908 ($2.30 in chips) 
Seat 9: Xumarbaz ($0.78 in chips) 
Xumarbaz: posts small blind $0.01
LeandroAku: posts big blind $0.02
*** HOLE CARDS ***
Dealt to Dorex2007 [Ts 5h]
11lucas12: raises $0.02 to $0.04
One Eye Kat: folds 
crazyJP: folds 
Dorex2007: folds 
ROMARIO908: folds 
Xumarbaz: calls $0.03
LeandroAku: raises $0.08 to $0.12
11lucas12: calls $0.08
Xumarbaz: folds 
*** FLOP *** [2s Jd 5d]
LeandroAku: bets $0.30
11lucas12: folds 
Uncalled bet ($0.30) returned to LeandroAku
LeandroAku collected $0.27 from pot
LeandroAku: doesn't show hand 
*** SUMMARY ***
Total pot $0.28 | Rake $0.01 
Board [2s Jd 5d]
Seat 2: LeandroAku (big blind) collected ($0.27)
Seat 3: 11lucas12 folded on the Flop
Seat 4: One Eye Kat folded before Flop (didn't bet)
Seat 5: crazyJP folded before Flop (didn't bet)
Seat 7: Dorex2007 folded before Flop (didn't bet)
Seat 8: ROMARIO908 (button) folded before Flop (didn't bet)
Seat 9: Xumarbaz (small blind) folded before Flop



PokerStars Hand #227865753237:  Hold'em No Limit ($0.01/$0.02 USD) - 2021/06/26 11:56:00 PT [2021/06/26 14:56:00 ET]
Table 'Io III' 9-max Seat #2 is the button
Seat 2: LeandroAku ($0.93 in chips) 
Seat 3: 11lucas12 ($3.28 in chips) 
Seat 4: One Eye Kat ($1.23 in chips) 
Seat 5: crazyJP ($0.65 in chips) 
Seat 7: Dorex2007 ($3.96 in chips) 
Seat 8: ROMARIO908 ($2.30 in chips) 
Seat 9: Xumarbaz ($0.30 in chips) 
11lucas12: posts small blind $0.01
One Eye Kat: posts big blind $0.02
MolsonCanuck: sits out 
*** HOLE CARDS ***
Dealt to Dorex2007 [9d 5d]
crazyJP: folds 
Dorex2007: folds 
ROMARIO908: folds 
Xumarbaz: folds 
LeandroAku: folds 
11lucas12: calls $0.01
One Eye Kat: checks 
*** FLOP *** [Js 9c 9s]
11lucas12: checks 
One Eye Kat: bets $0.03
11lucas12: folds 
Uncalled bet ($0.03) returned to One Eye Kat
One Eye Kat collected $0.04 from pot
*** SUMMARY ***
Total pot $0.04 | Rake $0 
Board [Js 9c 9s]
Seat 2: LeandroAku (button) folded before Flop (didn't bet)
Seat 3: 11lucas12 (small blind) folded on the Flop
Seat 4: One Eye Kat (big blind) collected ($0.04)
Seat 5: crazyJP folded before Flop (didn't bet)
Seat 7: Dorex2007 folded before Flop (didn't bet)
Seat 8: ROMARIO908 folded before Flop (didn't bet)
Seat 9: Xumarbaz folded before Flop (didn't bet)



PokerStars Hand #227865766224:  Hold'em No Limit ($0.01/$0.02 USD) - 2021/06/26 11:56:47 PT [2021/06/26 14:56:47 ET]
Table 'Io III' 9-max Seat #3 is the button
Seat 2: LeandroAku ($0.93 in chips) 
Seat 3: 11lucas12 ($3.26 in chips) 
Seat 4: One Eye Kat ($1.25 in chips) 
Seat 5: crazyJP ($0.65 in chips) 
Seat 7: Dorex2007 ($3.96 in chips) 
Seat 8: ROMARIO908 ($2.30 in chips) 
Seat 9: Xumarbaz ($0.30 in chips) 
One Eye Kat: posts small blind $0.01
kapustax joins the table at seat #6 
crazyJP: posts big blind $0.02
MolsonCanuck: sits out 
*** HOLE CARDS ***
Dealt to Dorex2007 [Ah 8d]
Dorex2007: folds 
ROMARIO908: folds 
Xumarbaz: calls $0.02
LeandroAku: folds 
11lucas12: calls $0.02
One Eye Kat: calls $0.01
crazyJP: checks 
*** FLOP *** [4d 7d 2d]
One Eye Kat: checks 
crazyJP: checks 
Xumarbaz: checks 
11lucas12: bets $0.02
One Eye Kat: folds 
crazyJP: folds 
Xumarbaz: calls $0.02
*** TURN *** [4d 7d 2d] [9s]
Xumarbaz: checks 
11lucas12: bets $0.04
Xumarbaz: calls $0.04
*** RIVER *** [4d 7d 2d 9s] [5h]
Xumarbaz: bets $0.12
11lucas12: raises $0.12 to $0.24
Xumarbaz: calls $0.10 and is all-in
Uncalled bet ($0.02) returned to 11lucas12
*** SHOW DOWN ***
11lucas12: shows [3d 5d] (a flush, Seven high)
Xumarbaz: shows [3s Ac] (a straight, Ace to Five)
11lucas12 collected $0.62 from pot
*** SUMMARY ***
Total pot $0.64 | Rake $0.02 
Board [4d 7d 2d 9s 5h]
Seat 2: LeandroAku folded before Flop (didn't bet)
Seat 3: 11lucas12 (button) showed [3d 5d] and won ($0.62) with a flush, Seven high
Seat 4: One Eye Kat (small blind) folded on the Flop
Seat 5: crazyJP (big blind) folded on the Flop
Seat 7: Dorex2007 folded before Flop (didn't bet)
Seat 8: ROMARIO908 folded before Flop (didn't bet)
Seat 9: Xumarbaz showed [3s Ac] and lost with a straight, Ace to Five



PokerStars Hand #227865787427:  Hold'em No Limit ($0.01/$0.02 USD) - 2021/06/26 11:58:03 PT [2021/06/26 14:58:03 ET]
Table 'Io III' 9-max Seat #4 is the button
Seat 2: LeandroAku ($0.93 in chips) 
Seat 3: 11lucas12 ($3.58 in chips) 
Seat 4: One Eye Kat ($1.23 in chips) 
Seat 5: crazyJP ($0.63 in chips) 
Seat 6: kapustax ($2 in chips) 
Seat 7: Dorex2007 ($3.96 in chips) 
Seat 8: ROMARIO908 ($2.30 in chips) 
crazyJP: posts small blind $0.01
kapustax: posts big blind $0.02
MolsonCanuck: sits out 
*** HOLE CARDS ***
Dealt to Dorex2007 [Td 3c]
Dorex2007: folds 
ROMARIO908: folds 
Xumarbaz leaves the table
LeandroAku: folds 
11lucas12: folds 
Nejcek89 joins the table at seat #9 
One Eye Kat: raises $0.04 to $0.06
crazyJP: folds 
kapustax: folds 
Uncalled bet ($0.04) returned to One Eye Kat
One Eye Kat collected $0.05 from pot
*** SUMMARY ***
Total pot $0.05 | Rake $0 
Seat 2: LeandroAku folded before Flop (didn't bet)
Seat 3: 11lucas12 folded before Flop (didn't bet)
Seat 4: One Eye Kat (button) collected ($0.05)
Seat 5: crazyJP (small blind) folded before Flop
Seat 6: kapustax (big blind) folded before Flop
Seat 7: Dorex2007 folded before Flop (didn't bet)
Seat 8: ROMARIO908 folded before Flop (didn't bet)



PokerStars Hand #227865793333:  Hold'em No Limit ($0.01/$0.02 USD) - 2021/06/26 11:58:25 PT [2021/06/26 14:58:25 ET]
Table 'Io III' 9-max Seat #5 is the button
Seat 2: LeandroAku ($0.93 in chips) 
Seat 3: 11lucas12 ($3.58 in chips) 
Seat 4: One Eye Kat ($1.26 in chips) 
Seat 5: crazyJP ($0.62 in chips) 
Seat 6: kapustax ($2 in chips) 
Seat 7: Dorex2007 ($3.96 in chips) 
Seat 8: ROMARIO908 ($2.30 in chips) 
Seat 9: Nejcek89 ($2 in chips) 
kapustax: posts small blind $0.01
Dorex2007: posts big blind $0.02
Nejcek89: posts big blind $0.02
MolsonCanuck: sits out 
*** HOLE CARDS ***
Dealt to Dorex2007 [6c 9h]
ROMARIO908: folds 
Nejcek89: checks 
LeandroAku: folds 
11lucas12: calls $0.02
One Eye Kat: folds 
crazyJP: calls $0.02
kapustax: calls $0.01
Dorex2007: checks 
*** FLOP *** [Ts 9c 5s]
kapustax: checks 
Dorex2007: checks 
Nejcek89: checks 
11lucas12: checks 
crazyJP: checks 
*** TURN *** [Ts 9c 5s] [7d]
kapustax: checks 
Dorex2007: bets $0.07
Nejcek89: folds 
11lucas12: folds 
crazyJP: calls $0.07
kapustax: folds 
*** RIVER *** [Ts 9c 5s 7d] [Qd]
Dorex2007: bets $0.12
crazyJP: folds 
Uncalled bet ($0.12) returned to Dorex2007
Dorex2007 collected $0.23 from pot
Dorex2007: doesn't show hand 
*** SUMMARY ***
Total pot $0.24 | Rake $0.01 
Board [Ts 9c 5s 7d Qd]
Seat 2: LeandroAku folded before Flop (didn't bet)
Seat 3: 11lucas12 folded on the Turn
Seat 4: One Eye Kat folded before Flop (didn't bet)
Seat 5: crazyJP (button) folded on the River
Seat 6: kapustax (small blind) folded on the Turn
Seat 7: Dorex2007 (big blind) collected ($0.23)
Seat 8: ROMARIO908 folded before Flop (didn't bet)
Seat 9: Nejcek89 folded on the Turn (didn't bet)



PokerStars Hand #227865817479:  Hold'em No Limit ($0.01/$0.02 USD) - 2021/06/26 11:59:52 PT [2021/06/26 14:59:52 ET]
Table 'Io III' 9-max Seat #6 is the button
Seat 2: LeandroAku ($0.93 in chips) 
Seat 3: 11lucas12 ($3.56 in chips) 
Seat 4: One Eye Kat ($1.26 in chips) 
Seat 5: crazyJP ($0.53 in chips) 
Seat 6: kapustax ($2 in chips) 
Seat 7: Dorex2007 ($4.10 in chips) 
Seat 8: ROMARIO908 ($2.30 in chips) 
Seat 9: Nejcek89 ($1.98 in chips) 
Dorex2007: posts small blind $0.01
ROMARIO908: posts big blind $0.02
MolsonCanuck: sits out 
*** HOLE CARDS ***
Dealt to Dorex2007 [Js 8c]
Nejcek89: folds 
LeandroAku: folds 
11lucas12: folds 
One Eye Kat: folds 
crazyJP: folds 
kapustax: raises $0.03 to $0.05
Dorex2007: folds 
ROMARIO908: calls $0.03
*** FLOP *** [3c Ac 7d]
ROMARIO908: checks 
kapustax: bets $0.08
ROMARIO908: folds 
Uncalled bet ($0.08) returned to kapustax
kapustax collected $0.11 from pot
kapustax: doesn't show hand 
*** SUMMARY ***
Total pot $0.11 | Rake $0 
Board [3c Ac 7d]
Seat 2: LeandroAku folded before Flop (didn't bet)
Seat 3: 11lucas12 folded before Flop (didn't bet)
Seat 4: One Eye Kat folded before Flop (didn't bet)
Seat 5: crazyJP folded before Flop (didn't bet)
Seat 6: kapustax (button) collected ($0.11)
Seat 7: Dorex2007 (small blind) folded before Flop
Seat 8: ROMARIO908 (big blind) folded on the Flop
Seat 9: Nejcek89 folded before Flop (didn't bet)



PokerStars Hand #227865826182:  Hold'em No Limit ($0.01/$0.02 USD) - 2021/06/26 12:00:22 PT [2021/06/26 15:00:22 ET]
Table 'Io III' 9-max Seat #7 is the button
Seat 2: LeandroAku ($0.93 in chips) 
Seat 3: 11lucas12 ($3.56 in chips) 
Seat 4: One Eye Kat ($1.26 in chips) 
Seat 5: crazyJP ($0.53 in chips) 
Seat 6: kapustax ($2.06 in chips) 
Seat 7: Dorex2007 ($4.09 in chips) 
Seat 8: ROMARIO908 ($2.25 in chips) 
Seat 9: Nejcek89 ($1.98 in chips) 
ROMARIO908: posts small blind $0.01
Nejcek89: posts big blind $0.02
MolsonCanuck: sits out 
*** HOLE CARDS ***
Dealt to Dorex2007 [9s 2h]
LeandroAku: folds 
11lucas12: folds 
One Eye Kat: folds 
crazyJP: folds 
kapustax: raises $0.04 to $0.06
Dorex2007: folds 
ROMARIO908: calls $0.05
Nejcek89: folds 
*** FLOP *** [7c Ks 4d]
ROMARIO908: checks 
kapustax: checks 
*** TURN *** [7c Ks 4d] [8c]
ROMARIO908: bets $0.10
kapustax: calls $0.10
*** RIVER *** [7c Ks 4d 8c] [Qs]
ROMARIO908: bets $0.22
kapustax: calls $0.22
*** SHOW DOWN ***
ROMARIO908: shows [Qc Kd] (two pair, Kings and Queens)
kapustax: mucks hand 
ROMARIO908 collected $0.75 from pot
*** SUMMARY ***
Total pot $0.78 | Rake $0.03 
Board [7c Ks 4d 8c Qs]
Seat 2: LeandroAku folded before Flop (didn't bet)
Seat 3: 11lucas12 folded before Flop (didn't bet)
Seat 4: One Eye Kat folded before Flop (didn't bet)
Seat 5: crazyJP folded before Flop (didn't bet)
Seat 6: kapustax mucked [6c 6d]
Seat 7: Dorex2007 (button) folded before Flop (didn't bet)
Seat 8: ROMARIO908 (small blind) showed [Qc Kd] and won ($0.75) with two pair, Kings and Queens
Seat 9: Nejcek89 (big blind) folded before Flop



PokerStars Hand #227865838141:  Hold'em No Limit ($0.01/$0.02 USD) - 2021/06/26 12:01:01 PT [2021/06/26 15:01:01 ET]
Table 'Io III' 9-max Seat #8 is the button
Seat 1: MolsonCanuck ($2.44 in chips) 
Seat 2: LeandroAku ($0.93 in chips) 
Seat 3: 11lucas12 ($3.56 in chips) 
Seat 4: One Eye Kat ($1.26 in chips) 
Seat 5: crazyJP ($0.53 in chips) 
Seat 6: kapustax ($2 in chips) 
Seat 7: Dorex2007 ($4.09 in chips) 
Seat 8: ROMARIO908 ($2.62 in chips) 
Seat 9: Nejcek89 ($1.96 in chips) 
Nejcek89: posts small blind $0.01
MolsonCanuck: posts big blind $0.02
*** HOLE CARDS ***
Dealt to Dorex2007 [9h Qc]
LeandroAku: raises $0.10 to $0.12
11lucas12: calls $0.12
ROMARIO908 said, "<'))><"
One Eye Kat: folds 
crazyJP: folds 
kapustax: calls $0.12
Dorex2007: folds 
ROMARIO908: folds 
Nejcek89: folds 
MolsonCanuck: folds 
*** FLOP *** [7h 9c 4s]
LeandroAku: bets $0.30
11lucas12: folds 
kapustax: raises $1.58 to $1.88 and is all-in
LeandroAku: calls $0.51 and is all-in
Uncalled bet ($1.07) returned to kapustax
*** TURN *** [7h 9c 4s] [3d]
*** RIVER *** [7h 9c 4s 3d] [6s]
*** SHOW DOWN ***
LeandroAku: shows [8c 8s] (a pair of Eights)
kapustax: shows [3h 4h] (two pair, Fours and Threes)
kapustax collected $1.94 from pot
LeandroAku cashed out the hand for $1.48 | Cash Out Fee $0.02
*** SUMMARY ***
Total pot $2.01 | Rake $0.07 
Board [7h 9c 4s 3d 6s]
Seat 1: MolsonCanuck (big blind) folded before Flop
Seat 2: LeandroAku showed [8c 8s] and lost with a pair of Eights (cashed out).
Seat 3: 11lucas12 folded on the Flop
Seat 4: One Eye Kat folded before Flop (didn't bet)
Seat 5: crazyJP folded before Flop (didn't bet)
Seat 6: kapustax showed [3h 4h] and won ($1.94) with two pair, Fours and Threes
Seat 7: Dorex2007 folded before Flop (didn't bet)
Seat 8: ROMARIO908 (button) folded before Flop (didn't bet)
Seat 9: Nejcek89 (small blind) folded before Flop



PokerStars Hand #227865863427:  Hold'em No Limit ($0.01/$0.02 USD) - 2021/06/26 12:01:58 PT [2021/06/26 15:01:58 ET]
Table 'Io III' 9-max Seat #9 is the button
Seat 1: MolsonCanuck ($2.42 in chips) 
Seat 2: LeandroAku ($1.48 in chips) 
Seat 3: 11lucas12 ($3.44 in chips) 
Seat 4: One Eye Kat ($1.26 in chips) 
Seat 5: crazyJP ($0.53 in chips) 
Seat 6: kapustax ($3.01 in chips) 
Seat 7: Dorex2007 ($4.09 in chips) 
Seat 8: ROMARIO908 ($2.62 in chips) 
Seat 9: Nejcek89 ($1.95 in chips) 
MolsonCanuck: posts small blind $0.01
LeandroAku: posts big blind $0.02
*** HOLE CARDS ***
Dealt to Dorex2007 [5c 6c]
11lucas12: calls $0.02
One Eye Kat: folds 
crazyJP: folds 
kapustax: folds 
Dorex2007: folds 
ROMARIO908: raises $0.04 to $0.06
Nejcek89: folds 
MolsonCanuck: folds 
LeandroAku: folds 
11lucas12: calls $0.04
*** FLOP *** [6h Th Qd]
11lucas12: checks 
ROMARIO908: bets $0.10
11lucas12: folds 
Uncalled bet ($0.10) returned to ROMARIO908
ROMARIO908 collected $0.14 from pot
ROMARIO908: doesn't show hand 
*** SUMMARY ***
Total pot $0.15 | Rake $0.01 
Board [6h Th Qd]
Seat 1: MolsonCanuck (small blind) folded before Flop
Seat 2: LeandroAku (big blind) folded before Flop
Seat 3: 11lucas12 folded on the Flop
Seat 4: One Eye Kat folded before Flop (didn't bet)
Seat 5: crazyJP folded before Flop (didn't bet)
Seat 6: kapustax folded before Flop (didn't bet)
Seat 7: Dorex2007 folded before Flop (didn't bet)
Seat 8: ROMARIO908 collected ($0.14)
Seat 9: Nejcek89 (button) folded before Flop (didn't bet)



PokerStars Hand #227865879630:  Hold'em No Limit ($0.01/$0.02 USD) - 2021/06/26 12:02:38 PT [2021/06/26 15:02:38 ET]
Table 'Io III' 9-max Seat #1 is the button
Seat 1: MolsonCanuck ($2.41 in chips) 
Seat 2: LeandroAku ($1.46 in chips) 
Seat 3: 11lucas12 ($3.38 in chips) 
Seat 4: One Eye Kat ($1.26 in chips) 
Seat 5: crazyJP ($0.53 in chips) 
Seat 6: kapustax ($3.01 in chips) 
Seat 7: Dorex2007 ($4.09 in chips) 
Seat 8: ROMARIO908 ($2.70 in chips) 
Seat 9: Nejcek89 ($1.95 in chips) 
LeandroAku: posts small blind $0.01
11lucas12: posts big blind $0.02
*** HOLE CARDS ***
Dealt to Dorex2007 [4c 2d]
One Eye Kat: folds 
crazyJP: folds 
kapustax: folds 
Dorex2007: folds 
ROMARIO908: raises $0.04 to $0.06
Nejcek89: folds 
MolsonCanuck: folds 
LeandroAku: folds 
11lucas12: calls $0.04
*** FLOP *** [5s Kc 8h]
11lucas12: checks 
ROMARIO908: bets $0.09
11lucas12: folds 
Uncalled bet ($0.09) returned to ROMARIO908
ROMARIO908 collected $0.13 from pot
ROMARIO908: doesn't show hand 
*** SUMMARY ***
Total pot $0.13 | Rake $0 
Board [5s Kc 8h]
Seat 1: MolsonCanuck (button) folded before Flop (didn't bet)
Seat 2: LeandroAku (small blind) folded before Flop
Seat 3: 11lucas12 (big blind) folded on the Flop
Seat 4: One Eye Kat folded before Flop (didn't bet)
Seat 5: crazyJP folded before Flop (didn't bet)
Seat 6: kapustax folded before Flop (didn't bet)
Seat 7: Dorex2007 folded before Flop (didn't bet)
Seat 8: ROMARIO908 collected ($0.13)
Seat 9: Nejcek89 folded before Flop (didn't bet)



PokerStars Hand #227865890712:  Hold'em No Limit ($0.01/$0.02 USD) - 2021/06/26 12:03:05 PT [2021/06/26 15:03:05 ET]
Table 'Io III' 9-max Seat #2 is the button
Seat 1: MolsonCanuck ($2.41 in chips) 
Seat 2: LeandroAku ($1.45 in chips) 
Seat 3: 11lucas12 ($3.32 in chips) 
Seat 4: One Eye Kat ($1.26 in chips) 
Seat 5: crazyJP ($0.53 in chips) 
Seat 6: kapustax ($3.01 in chips) 
Seat 7: Dorex2007 ($4.09 in chips) 
Seat 8: ROMARIO908 ($2.77 in chips) 
Seat 9: Nejcek89 ($1.95 in chips) 
11lucas12: posts small blind $0.01
One Eye Kat: posts big blind $0.02
*** HOLE CARDS ***
Dealt to Dorex2007 [4s 7d]
crazyJP: folds 
kapustax: folds 
Dorex2007: folds 
ROMARIO908: raises $0.04 to $0.06
Nejcek89: folds 
MolsonCanuck: folds 
LeandroAku: folds 
11lucas12: folds 
One Eye Kat: folds 
Uncalled bet ($0.04) returned to ROMARIO908
ROMARIO908 collected $0.05 from pot
ROMARIO908: doesn't show hand 
*** SUMMARY ***
Total pot $0.05 | Rake $0 
Seat 1: MolsonCanuck folded before Flop (didn't bet)
Seat 2: LeandroAku (button) folded before Flop (didn't bet)
Seat 3: 11lucas12 (small blind) folded before Flop
Seat 4: One Eye Kat (big blind) folded before Flop
Seat 5: crazyJP folded before Flop (didn't bet)
Seat 6: kapustax folded before Flop (didn't bet)
Seat 7: Dorex2007 folded before Flop (didn't bet)
Seat 8: ROMARIO908 collected ($0.05)
Seat 9: Nejcek89 folded before Flop (didn't bet)



PokerStars Hand #227865901165:  Hold'em No Limit ($0.01/$0.02 USD) - 2021/06/26 12:03:30 PT [2021/06/26 15:03:30 ET]
Table 'Io III' 9-max Seat #3 is the button
Seat 1: MolsonCanuck ($2.41 in chips) 
Seat 2: LeandroAku ($1.45 in chips) 
Seat 3: 11lucas12 ($3.31 in chips) 
Seat 4: One Eye Kat ($1.24 in chips) 
Seat 5: crazyJP ($0.53 in chips) 
Seat 6: kapustax ($3.01 in chips) 
Seat 7: Dorex2007 ($4.09 in chips) 
Seat 8: ROMARIO908 ($2.80 in chips) 
Seat 9: Nejcek89 ($1.95 in chips) 
One Eye Kat: posts small blind $0.01
crazyJP: posts big blind $0.02
*** HOLE CARDS ***
Dealt to Dorex2007 [Tc 2c]
kapustax: folds 
Dorex2007: folds 
ROMARIO908: folds 
Nejcek89: folds 
MolsonCanuck: folds 
LeandroAku: folds 
11lucas12: raises $0.04 to $0.06
One Eye Kat: folds 
crazyJP: raises $0.07 to $0.13
11lucas12: calls $0.07
*** FLOP *** [5d 3d 6d]
crazyJP: bets $0.13
11lucas12: calls $0.13
*** TURN *** [5d 3d 6d] [5h]
crazyJP: bets $0.27 and is all-in
11lucas12: folds 
Uncalled bet ($0.27) returned to crazyJP
crazyJP collected $0.51 from pot
*** SUMMARY ***
Total pot $0.53 | Rake $0.02 
Board [5d 3d 6d 5h]
Seat 1: MolsonCanuck folded before Flop (didn't bet)
Seat 2: LeandroAku folded before Flop (didn't bet)
Seat 3: 11lucas12 (button) folded on the Turn
Seat 4: One Eye Kat (small blind) folded before Flop
Seat 5: crazyJP (big blind) collected ($0.51)
Seat 6: kapustax folded before Flop (didn't bet)
Seat 7: Dorex2007 folded before Flop (didn't bet)
Seat 8: ROMARIO908 folded before Flop (didn't bet)
Seat 9: Nejcek89 folded before Flop (didn't bet)



PokerStars Hand #227865924291:  Hold'em No Limit ($0.01/$0.02 USD) - 2021/06/26 12:04:26 PT [2021/06/26 15:04:26 ET]
Table 'Io III' 9-max Seat #4 is the button
Seat 1: MolsonCanuck ($2.41 in chips) 
Seat 2: LeandroAku ($1.45 in chips) 
Seat 3: 11lucas12 ($3.05 in chips) 
Seat 4: One Eye Kat ($1.23 in chips) 
Seat 5: crazyJP ($0.78 in chips) 
Seat 6: kapustax ($3.01 in chips) 
Seat 7: Dorex2007 ($4.09 in chips) 
Seat 8: ROMARIO908 ($2.80 in chips) 
Seat 9: Nejcek89 ($1.95 in chips) 
crazyJP: posts small blind $0.01
kapustax: posts big blind $0.02
*** HOLE CARDS ***
Dealt to Dorex2007 [6c 4h]
Dorex2007: folds 
ROMARIO908: folds 
Nejcek89: folds 
MolsonCanuck: raises $0.02 to $0.04
LeandroAku: folds 
11lucas12: calls $0.04
One Eye Kat: folds 
crazyJP: calls $0.03
kapustax: folds 
*** FLOP *** [Ad 6h Ks]
crazyJP: checks 
MolsonCanuck: bets $0.08
11lucas12: calls $0.08
crazyJP: folds 
*** TURN *** [Ad 6h Ks] [9s]
MolsonCanuck: bets $0.13
11lucas12: calls $0.13
*** RIVER *** [Ad 6h Ks 9s] [Kc]
MolsonCanuck: checks 
11lucas12: checks 
*** SHOW DOWN ***
MolsonCanuck: shows [As Qc] (two pair, Aces and Kings)
11lucas12: mucks hand 
MolsonCanuck collected $0.54 from pot
*** SUMMARY ***
Total pot $0.56 | Rake $0.02 
Board [Ad 6h Ks 9s Kc]
Seat 1: MolsonCanuck showed [As Qc] and won ($0.54) with two pair, Aces and Kings
Seat 2: LeandroAku folded before Flop (didn't bet)
Seat 3: 11lucas12 mucked [Ah 5s]
Seat 4: One Eye Kat (button) folded before Flop (didn't bet)
Seat 5: crazyJP (small blind) folded on the Flop
Seat 6: kapustax (big blind) folded before Flop
Seat 7: Dorex2007 folded before Flop (didn't bet)
Seat 8: ROMARIO908 folded before Flop (didn't bet)
Seat 9: Nejcek89 folded before Flop (didn't bet)



PokerStars Hand #227865952063:  Hold'em No Limit ($0.01/$0.02 USD) - 2021/06/26 12:05:31 PT [2021/06/26 15:05:31 ET]
Table 'Io III' 9-max Seat #5 is the button
Seat 1: MolsonCanuck ($2.70 in chips) 
Seat 2: LeandroAku ($1.45 in chips) 
Seat 3: 11lucas12 ($2.80 in chips) 
Seat 4: One Eye Kat ($1.23 in chips) 
Seat 5: crazyJP ($0.74 in chips) 
Seat 6: kapustax ($2.99 in chips) 
Seat 7: Dorex2007 ($4.09 in chips) 
Seat 8: ROMARIO908 ($2.80 in chips) 
Seat 9: Nejcek89 ($1.95 in chips) 
kapustax: posts small blind $0.01
Dorex2007: posts big blind $0.02
*** HOLE CARDS ***
Dealt to Dorex2007 [As 6s]
ROMARIO908: folds 
Nejcek89: raises $0.02 to $0.04
MolsonCanuck: folds 
LeandroAku: folds 
11lucas12: folds 
One Eye Kat: folds 
crazyJP: folds 
kapustax: folds 
Dorex2007: calls $0.02
*** FLOP *** [3d Qs 3h]
Dorex2007: checks 
Nejcek89: bets $0.09
Dorex2007: folds 
Uncalled bet ($0.09) returned to Nejcek89
Nejcek89 collected $0.09 from pot
Nejcek89: doesn't show hand 
*** SUMMARY ***
Total pot $0.09 | Rake $0 
Board [3d Qs 3h]
Seat 1: MolsonCanuck folded before Flop (didn't bet)
Seat 2: LeandroAku folded before Flop (didn't bet)
Seat 3: 11lucas12 folded before Flop (didn't bet)
Seat 4: One Eye Kat folded before Flop (didn't bet)
Seat 5: crazyJP (button) folded before Flop (didn't bet)
Seat 6: kapustax (small blind) folded before Flop
Seat 7: Dorex2007 (big blind) folded on the Flop
Seat 8: ROMARIO908 folded before Flop (didn't bet)
Seat 9: Nejcek89 collected ($0.09)



PokerStars Hand #227865974683:  Hold'em No Limit ($0.01/$0.02 USD) - 2021/06/26 12:06:24 PT [2021/06/26 15:06:24 ET]
Table 'Io III' 9-max Seat #6 is the button
Seat 1: MolsonCanuck ($2.70 in chips) 
Seat 2: LeandroAku ($1.45 in chips) 
Seat 3: 11lucas12 ($2.80 in chips) 
Seat 4: One Eye Kat ($1.23 in chips) 
Seat 5: crazyJP ($0.74 in chips) 
Seat 6: kapustax ($2.98 in chips) 
Seat 7: Dorex2007 ($4.05 in chips) 
Seat 8: ROMARIO908 ($2.80 in chips) 
Seat 9: Nejcek89 ($2 in chips) 
Dorex2007: posts small blind $0.01
ROMARIO908: posts big blind $0.02
*** HOLE CARDS ***
Dealt to Dorex2007 [5d Js]
Nejcek89: folds 
MolsonCanuck: folds 
LeandroAku: folds 
11lucas12: calls $0.02
One Eye Kat: folds 
crazyJP: folds 
kapustax: folds 
Dorex2007: folds 
ROMARIO908: checks 
*** FLOP *** [8s 9d 9h]
ROMARIO908: checks 
11lucas12: checks 
*** TURN *** [8s 9d 9h] [3h]
ROMARIO908: bets $0.02
11lucas12: folds 
Uncalled bet ($0.02) returned to ROMARIO908
ROMARIO908 collected $0.05 from pot
ROMARIO908: doesn't show hand 
*** SUMMARY ***
Total pot $0.05 | Rake $0 
Board [8s 9d 9h 3h]
Seat 1: MolsonCanuck folded before Flop (didn't bet)
Seat 2: LeandroAku folded before Flop (didn't bet)
Seat 3: 11lucas12 folded on the Turn
Seat 4: One Eye Kat folded before Flop (didn't bet)
Seat 5: crazyJP folded before Flop (didn't bet)
Seat 6: kapustax (button) folded before Flop (didn't bet)
Seat 7: Dorex2007 (small blind) folded before Flop
Seat 8: ROMARIO908 (big blind) collected ($0.05)
Seat 9: Nejcek89 folded before Flop (didn't bet)



PokerStars Hand #227865990565:  Hold'em No Limit ($0.01/$0.02 USD) - 2021/06/26 12:07:03 PT [2021/06/26 15:07:03 ET]
Table 'Io III' 9-max Seat #7 is the button
Seat 1: MolsonCanuck ($2.70 in chips) 
Seat 2: LeandroAku ($1.45 in chips) 
Seat 3: 11lucas12 ($2.78 in chips) 
Seat 4: One Eye Kat ($1.23 in chips) 
Seat 5: crazyJP ($0.74 in chips) 
Seat 6: kapustax ($2.98 in chips) 
Seat 7: Dorex2007 ($4.04 in chips) 
Seat 8: ROMARIO908 ($2.83 in chips) 
Seat 9: Nejcek89 ($2 in chips) 
ROMARIO908: posts small blind $0.01
Nejcek89: posts big blind $0.02
*** HOLE CARDS ***
Dealt to Dorex2007 [7s Js]
MolsonCanuck: folds 
LeandroAku: folds 
11lucas12: folds 
One Eye Kat: folds 
crazyJP: raises $0.04 to $0.06
kapustax: folds 
Dorex2007: folds 
ROMARIO908: raises $0.04 to $0.10
Nejcek89: calls $0.08
crazyJP: calls $0.04
*** FLOP *** [6c 2c 8d]
ROMARIO908: checks 
Nejcek89: checks 
crazyJP: bets $0.14
ROMARIO908: folds 
Nejcek89: folds 
Uncalled bet ($0.14) returned to crazyJP
crazyJP collected $0.29 from pot
*** SUMMARY ***
Total pot $0.30 | Rake $0.01 
Board [6c 2c 8d]
Seat 1: MolsonCanuck folded before Flop (didn't bet)
Seat 2: LeandroAku folded before Flop (didn't bet)
Seat 3: 11lucas12 folded before Flop (didn't bet)
Seat 4: One Eye Kat folded before Flop (didn't bet)
Seat 5: crazyJP collected ($0.29)
Seat 6: kapustax folded before Flop (didn't bet)
Seat 7: Dorex2007 (button) folded before Flop (didn't bet)
Seat 8: ROMARIO908 (small blind) folded on the Flop
Seat 9: Nejcek89 (big blind) folded on the Flop



PokerStars Hand #227866007265:  Hold'em No Limit ($0.01/$0.02 USD) - 2021/06/26 12:07:43 PT [2021/06/26 15:07:43 ET]
Table 'Io III' 9-max Seat #8 is the button
Seat 1: MolsonCanuck ($2.70 in chips) 
Seat 2: LeandroAku ($1.45 in chips) 
Seat 3: 11lucas12 ($2.78 in chips) 
Seat 4: One Eye Kat ($1.23 in chips) 
Seat 5: crazyJP ($0.93 in chips) 
Seat 6: kapustax ($2.98 in chips) 
Seat 7: Dorex2007 ($4.04 in chips) 
Seat 8: ROMARIO908 ($2.73 in chips) 
Seat 9: Nejcek89 ($1.90 in chips) 
Nejcek89: posts small blind $0.01
MolsonCanuck: posts big blind $0.02
*** HOLE CARDS ***
Dealt to Dorex2007 [6h 9s]
LeandroAku: folds 
11lucas12: raises $0.02 to $0.04
One Eye Kat: folds 
crazyJP: folds 
kapustax: folds 
Dorex2007: folds 
ROMARIO908: folds 
Nejcek89: folds 
MolsonCanuck: calls $0.02
*** FLOP *** [Qs Tc 8c]
Nejcek89 leaves the table
MolsonCanuck: checks 
11lucas12: bets $0.04
MolsonCanuck: calls $0.04
*** TURN *** [Qs Tc 8c] [3c]
boryaif joins the table at seat #9 
MolsonCanuck: checks 
11lucas12: bets $0.08
MolsonCanuck: calls $0.08
*** RIVER *** [Qs Tc 8c 3c] [9d]
MolsonCanuck: checks 
11lucas12: bets $0.14
MolsonCanuck: calls $0.14
*** SHOW DOWN ***
11lucas12: shows [Jd Kc] (a straight, Nine to King)
MolsonCanuck: mucks hand 
11lucas12 collected $0.59 from pot
*** SUMMARY ***
Total pot $0.61 | Rake $0.02 
Board [Qs Tc 8c 3c 9d]
Seat 1: MolsonCanuck (big blind) mucked [Qc Kh]
Seat 2: LeandroAku folded before Flop (didn't bet)
Seat 3: 11lucas12 showed [Jd Kc] and won ($0.59) with a straight, Nine to King
Seat 4: One Eye Kat folded before Flop (didn't bet)
Seat 5: crazyJP folded before Flop (didn't bet)
Seat 6: kapustax folded before Flop (didn't bet)
Seat 7: Dorex2007 folded before Flop (didn't bet)
Seat 8: ROMARIO908 (button) folded before Flop (didn't bet)
Seat 9: Nejcek89 (small blind) folded before Flop



PokerStars Hand #227866030085:  Hold'em No Limit ($0.01/$0.02 USD) - 2021/06/26 12:08:36 PT [2021/06/26 15:08:36 ET]
Table 'Io III' 9-max Seat #1 is the button
Seat 1: MolsonCanuck ($2.40 in chips) 
Seat 2: LeandroAku ($1.45 in chips) 
Seat 3: 11lucas12 ($3.07 in chips) 
Seat 4: One Eye Kat ($1.23 in chips) 
Seat 5: crazyJP ($0.93 in chips) 
Seat 6: kapustax ($2.98 in chips) 
Seat 7: Dorex2007 ($4.04 in chips) 
Seat 8: ROMARIO908 ($2.73 in chips) 
LeandroAku: posts small blind $0.01
11lucas12: posts big blind $0.02
boryaif: sits out 
*** HOLE CARDS ***
Dealt to Dorex2007 [7c 5c]
One Eye Kat: folds 
crazyJP: raises $0.02 to $0.04
kapustax: calls $0.04
Dorex2007: folds 
ROMARIO908: folds 
MolsonCanuck: folds 
LeandroAku: folds 
MolsonCanuck said, "Nh"
11lucas12: calls $0.02
*** FLOP *** [4h 9c 4c]
11lucas12: checks 
crazyJP: bets $0.06
kapustax: folds 
11lucas12: calls $0.06
*** TURN *** [4h 9c 4c] [8h]
11lucas12: checks 
crazyJP: bets $0.12
11lucas12: raises $0.12 to $0.24
crazyJP: calls $0.12
*** RIVER *** [4h 9c 4c 8h] [9d]
11lucas12: checks 
crazyJP: bets $0.35
11lucas12: calls $0.35
*** SHOW DOWN ***
crazyJP: shows [9h Jh] (a full house, Nines full of Fours)
11lucas12: mucks hand 
crazyJP collected $1.38 from pot
*** SUMMARY ***
Total pot $1.43 | Rake $0.05 
Board [4h 9c 4c 8h 9d]
Seat 1: MolsonCanuck (button) folded before Flop (didn't bet)
Seat 2: LeandroAku (small blind) folded before Flop
Seat 3: 11lucas12 (big blind) mucked [2c 4d]
Seat 4: One Eye Kat folded before Flop (didn't bet)
Seat 5: crazyJP showed [9h Jh] and won ($1.38) with a full house, Nines full of Fours
Seat 6: kapustax folded on the Flop
Seat 7: Dorex2007 folded before Flop (didn't bet)
Seat 8: ROMARIO908 folded before Flop (didn't bet)



PokerStars Hand #227866063110:  Hold'em No Limit ($0.01/$0.02 USD) - 2021/06/26 12:09:47 PT [2021/06/26 15:09:47 ET]
Table 'Io III' 9-max Seat #2 is the button
Seat 1: MolsonCanuck ($2.40 in chips) 
Seat 2: LeandroAku ($1.44 in chips) 
Seat 3: 11lucas12 ($2.38 in chips) 
Seat 4: One Eye Kat ($1.23 in chips) 
Seat 5: crazyJP ($1.62 in chips) 
Seat 6: kapustax ($2.94 in chips) 
Seat 7: Dorex2007 ($4.04 in chips) 
Seat 8: ROMARIO908 ($2.73 in chips) 
11lucas12: posts small blind $0.01
One Eye Kat: posts big blind $0.02
boryaif: sits out 
*** HOLE CARDS ***
Dealt to Dorex2007 [2h Kd]
crazyJP: folds 
11lucas12 said, "kkkkkkk"
kapustax: folds 
Dorex2007: folds 
ROMARIO908: folds 
MolsonCanuck: raises $0.02 to $0.04
LeandroAku: folds 
11lucas12: calls $0.03
One Eye Kat: calls $0.02
*** FLOP *** [4d 8c Ks]
11lucas12: checks 
One Eye Kat: checks 
MolsonCanuck: bets $0.06
11lucas12 said, "ção"
11lucas12: folds 
One Eye Kat: folds 
Uncalled bet ($0.06) returned to MolsonCanuck
MolsonCanuck collected $0.12 from pot
MolsonCanuck: doesn't show hand 
*** SUMMARY ***
Total pot $0.12 | Rake $0 
Board [4d 8c Ks]
Seat 1: MolsonCanuck collected ($0.12)
Seat 2: LeandroAku (button) folded before Flop (didn't bet)
Seat 3: 11lucas12 (small blind) folded on the Flop
Seat 4: One Eye Kat (big blind) folded on the Flop
Seat 5: crazyJP folded before Flop (didn't bet)
Seat 6: kapustax folded before Flop (didn't bet)
Seat 7: Dorex2007 folded before Flop (didn't bet)
Seat 8: ROMARIO908 folded before Flop (didn't bet)



PokerStars Hand #227866087571:  Hold'em No Limit ($0.01/$0.02 USD) - 2021/06/26 12:10:34 PT [2021/06/26 15:10:34 ET]
Table 'Io III' 9-max Seat #3 is the button
Seat 1: MolsonCanuck ($2.48 in chips) 
Seat 2: LeandroAku ($1.44 in chips) 
Seat 3: 11lucas12 ($2.34 in chips) 
Seat 4: One Eye Kat ($1.19 in chips) 
Seat 5: crazyJP ($1.62 in chips) 
Seat 6: kapustax ($2.94 in chips) 
Seat 7: Dorex2007 ($4.04 in chips) 
Seat 8: ROMARIO908 ($2.73 in chips) 
One Eye Kat: posts small blind $0.01
crazyJP: posts big blind $0.02
boryaif: sits out 
*** HOLE CARDS ***
Dealt to Dorex2007 [6d Jd]
kapustax: folds 
Dorex2007: folds 
ROMARIO908: raises $0.04 to $0.06
MolsonCanuck: folds 
LeandroAku: folds 
11lucas12: folds 
One Eye Kat: folds 
crazyJP: folds 
Uncalled bet ($0.04) returned to ROMARIO908
ROMARIO908 collected $0.05 from pot
ROMARIO908: doesn't show hand 
*** SUMMARY ***
Total pot $0.05 | Rake $0 
Seat 1: MolsonCanuck folded before Flop (didn't bet)
Seat 2: LeandroAku folded before Flop (didn't bet)
Seat 3: 11lucas12 (button) folded before Flop (didn't bet)
Seat 4: One Eye Kat (small blind) folded before Flop
Seat 5: crazyJP (big blind) folded before Flop
Seat 6: kapustax folded before Flop (didn't bet)
Seat 7: Dorex2007 folded before Flop (didn't bet)
Seat 8: ROMARIO908 collected ($0.05)



PokerStars Hand #227866097943:  Hold'em No Limit ($0.01/$0.02 USD) - 2021/06/26 12:10:58 PT [2021/06/26 15:10:58 ET]
Table 'Io III' 9-max Seat #4 is the button
Seat 1: MolsonCanuck ($2.48 in chips) 
Seat 2: LeandroAku ($1.44 in chips) 
Seat 3: 11lucas12 ($2.34 in chips) 
Seat 4: One Eye Kat ($1.18 in chips) 
Seat 5: crazyJP ($1.60 in chips) 
Seat 6: kapustax ($2.94 in chips) 
Seat 7: Dorex2007 ($4.04 in chips) 
Seat 8: ROMARIO908 ($2.76 in chips) 
crazyJP: posts small blind $0.01
kapustax: posts big blind $0.02
boryaif: sits out 
*** HOLE CARDS ***
Dealt to Dorex2007 [Tc 8h]
Dorex2007: folds 
ROMARIO908: raises $0.04 to $0.06
MolsonCanuck: folds 
LeandroAku: folds 
11lucas12: calls $0.06
One Eye Kat: folds 
crazyJP: folds 
kapustax: folds 
*** FLOP *** [5c 5d 6h]
ROMARIO908: checks 
11lucas12: bets $0.04
ROMARIO908: calls $0.04
*** TURN *** [5c 5d 6h] [3c]
ROMARIO908: checks 
11lucas12: checks 
*** RIVER *** [5c 5d 6h 3c] [8d]
ROMARIO908: bets $0.07
11lucas12: folds 
Uncalled bet ($0.07) returned to ROMARIO908
ROMARIO908 collected $0.22 from pot
ROMARIO908: doesn't show hand 
*** SUMMARY ***
Total pot $0.23 | Rake $0.01 
Board [5c 5d 6h 3c 8d]
Seat 1: MolsonCanuck folded before Flop (didn't bet)
Seat 2: LeandroAku folded before Flop (didn't bet)
Seat 3: 11lucas12 folded on the River
Seat 4: One Eye Kat (button) folded before Flop (didn't bet)
Seat 5: crazyJP (small blind) folded before Flop
Seat 6: kapustax (big blind) folded before Flop
Seat 7: Dorex2007 folded before Flop (didn't bet)
Seat 8: ROMARIO908 collected ($0.22)



PokerStars Hand #227866114027:  Hold'em No Limit ($0.01/$0.02 USD) - 2021/06/26 12:11:37 PT [2021/06/26 15:11:37 ET]
Table 'Io III' 9-max Seat #5 is the button
Seat 1: MolsonCanuck ($2.48 in chips) 
Seat 2: LeandroAku ($1.44 in chips) 
Seat 3: 11lucas12 ($2.24 in chips) 
Seat 4: One Eye Kat ($1.18 in chips) 
Seat 5: crazyJP ($1.59 in chips) 
Seat 6: kapustax ($2.92 in chips) 
Seat 7: Dorex2007 ($4.04 in chips) 
Seat 8: ROMARIO908 ($2.88 in chips) 
kapustax: posts small blind $0.01
Dorex2007: posts big blind $0.02
boryaif: sits out 
*** HOLE CARDS ***
Dealt to Dorex2007 [3d 2d]
ROMARIO908: folds 
MolsonCanuck: raises $0.02 to $0.04
LeandroAku: folds 
11lucas12: calls $0.04
One Eye Kat: folds 
crazyJP: folds 
kapustax: folds 
Dorex2007: folds 
*** FLOP *** [Ac 8s 2s]
MolsonCanuck: bets $0.04
11lucas12: folds 
Uncalled bet ($0.04) returned to MolsonCanuck
MolsonCanuck collected $0.11 from pot
MolsonCanuck: doesn't show hand 
*** SUMMARY ***
Total pot $0.11 | Rake $0 
Board [Ac 8s 2s]
Seat 1: MolsonCanuck collected ($0.11)
Seat 2: LeandroAku folded before Flop (didn't bet)
Seat 3: 11lucas12 folded on the Flop
Seat 4: One Eye Kat folded before Flop (didn't bet)
Seat 5: crazyJP (button) folded before Flop (didn't bet)
Seat 6: kapustax (small blind) folded before Flop
Seat 7: Dorex2007 (big blind) folded before Flop
Seat 8: ROMARIO908 folded before Flop (didn't bet)



PokerStars Hand #227866126574:  Hold'em No Limit ($0.01/$0.02 USD) - 2021/06/26 12:12:07 PT [2021/06/26 15:12:07 ET]
Table 'Io III' 9-max Seat #6 is the button
Seat 1: MolsonCanuck ($2.55 in chips) 
Seat 2: LeandroAku ($1.44 in chips) 
Seat 3: 11lucas12 ($2.20 in chips) 
Seat 4: One Eye Kat ($1.18 in chips) 
Seat 5: crazyJP ($1.59 in chips) 
Seat 6: kapustax ($2.91 in chips) 
Seat 7: Dorex2007 ($4.02 in chips) 
Seat 8: ROMARIO908 ($2.88 in chips) 
Dorex2007: posts small blind $0.01
ROMARIO908: posts big blind $0.02
boryaif: sits out 
*** HOLE CARDS ***
Dealt to Dorex2007 [Jh Tc]
MolsonCanuck: folds 
LeandroAku: folds 
11lucas12: folds 
One Eye Kat: folds 
crazyJP: folds 
kapustax: folds 
Dorex2007: raises $0.04 to $0.06
ROMARIO908: folds 
Uncalled bet ($0.04) returned to Dorex2007
Dorex2007 collected $0.04 from pot
Dorex2007: doesn't show hand 
*** SUMMARY ***
Total pot $0.04 | Rake $0 
Seat 1: MolsonCanuck folded before Flop (didn't bet)
Seat 2: LeandroAku folded before Flop (didn't bet)
Seat 3: 11lucas12 folded before Flop (didn't bet)
Seat 4: One Eye Kat folded before Flop (didn't bet)
Seat 5: crazyJP folded before Flop (didn't bet)
Seat 6: kapustax (button) folded before Flop (didn't bet)
Seat 7: Dorex2007 (small blind) collected ($0.04)
Seat 8: ROMARIO908 (big blind) folded before Flop



PokerStars Hand #227866135325:  Hold'em No Limit ($0.01/$0.02 USD) - 2021/06/26 12:12:28 PT [2021/06/26 15:12:28 ET]
Table 'Io III' 9-max Seat #7 is the button
Seat 1: MolsonCanuck ($2.55 in chips) 
Seat 2: LeandroAku ($1.44 in chips) 
Seat 3: 11lucas12 ($2.20 in chips) 
Seat 4: One Eye Kat ($1.18 in chips) 
Seat 5: crazyJP ($1.59 in chips) 
Seat 6: kapustax ($2.91 in chips) 
Seat 7: Dorex2007 ($4.04 in chips) 
Seat 8: ROMARIO908 ($2.86 in chips) 
Seat 9: boryaif ($2 in chips) 
ROMARIO908: posts small blind $0.01
boryaif: posts big blind $0.02
*** HOLE CARDS ***
Dealt to Dorex2007 [8d 8h]
MolsonCanuck: folds 
LeandroAku: folds 
11lucas12: folds 
One Eye Kat: folds 
crazyJP: folds 
kapustax: folds 
Dorex2007: raises $0.04 to $0.06
ROMARIO908: folds 
boryaif: folds 
Uncalled bet ($0.04) returned to Dorex2007
Dorex2007 collected $0.05 from pot
Dorex2007: doesn't show hand 
*** SUMMARY ***
Total pot $0.05 | Rake $0 
Seat 1: MolsonCanuck folded before Flop (didn't bet)
Seat 2: LeandroAku folded before Flop (didn't bet)
Seat 3: 11lucas12 folded before Flop (didn't bet)
Seat 4: One Eye Kat folded before Flop (didn't bet)
Seat 5: crazyJP folded before Flop (didn't bet)
Seat 6: kapustax folded before Flop (didn't bet)
Seat 7: Dorex2007 (button) collected ($0.05)
Seat 8: ROMARIO908 (small blind) folded before Flop
Seat 9: boryaif (big blind) folded before Flop



PokerStars Hand #227866146800:  Hold'em No Limit ($0.01/$0.02 USD) - 2021/06/26 12:12:55 PT [2021/06/26 15:12:55 ET]
Table 'Io III' 9-max Seat #8 is the button
Seat 1: MolsonCanuck ($2.55 in chips) 
Seat 2: LeandroAku ($1.44 in chips) 
Seat 3: 11lucas12 ($2.20 in chips) 
Seat 4: One Eye Kat ($1.18 in chips) 
Seat 5: crazyJP ($1.59 in chips) 
Seat 6: kapustax ($2.91 in chips) 
Seat 7: Dorex2007 ($4.07 in chips) 
Seat 8: ROMARIO908 ($2.85 in chips) 
Seat 9: boryaif ($2 in chips) 
boryaif: posts small blind $0.01
MolsonCanuck: posts big blind $0.02
*** HOLE CARDS ***
Dealt to Dorex2007 [3h Qd]
LeandroAku: folds 
11lucas12: folds 
One Eye Kat: folds 
crazyJP: calls $0.02
kapustax: folds 
Dorex2007: folds 
ROMARIO908: folds 
boryaif: folds 
MolsonCanuck: checks 
*** FLOP *** [Qs 5h Kc]
MolsonCanuck: checks 
crazyJP: bets $0.02
MolsonCanuck: folds 
Uncalled bet ($0.02) returned to crazyJP
crazyJP collected $0.05 from pot
*** SUMMARY ***
Total pot $0.05 | Rake $0 
Board [Qs 5h Kc]
Seat 1: MolsonCanuck (big blind) folded on the Flop
Seat 2: LeandroAku folded before Flop (didn't bet)
Seat 3: 11lucas12 folded before Flop (didn't bet)
Seat 4: One Eye Kat folded before Flop (didn't bet)
Seat 5: crazyJP collected ($0.05)
Seat 6: kapustax folded before Flop (didn't bet)
Seat 7: Dorex2007 folded before Flop (didn't bet)
Seat 8: ROMARIO908 (button) folded before Flop (didn't bet)
Seat 9: boryaif (small blind) folded before Flop



PokerStars Hand #227866160508:  Hold'em No Limit ($0.01/$0.02 USD) - 2021/06/26 12:13:28 PT [2021/06/26 15:13:28 ET]
Table 'Io III' 9-max Seat #9 is the button
Seat 1: MolsonCanuck ($2.53 in chips) 
Seat 2: LeandroAku ($1.44 in chips) 
Seat 3: 11lucas12 ($2.20 in chips) 
Seat 4: One Eye Kat ($1.18 in chips) 
Seat 5: crazyJP ($1.62 in chips) 
Seat 6: kapustax ($2.91 in chips) 
Seat 7: Dorex2007 ($4.07 in chips) 
Seat 8: ROMARIO908 ($2.85 in chips) 
Seat 9: boryaif ($2 in chips) 
MolsonCanuck: posts small blind $0.01
LeandroAku: posts big blind $0.02
*** HOLE CARDS ***
Dealt to Dorex2007 [9d Qc]
11lucas12: folds 
One Eye Kat: folds 
crazyJP: raises $0.02 to $0.04
kapustax: folds 
Dorex2007: folds 
ROMARIO908: folds 
boryaif: folds 
MolsonCanuck: folds 
LeandroAku: folds 
Uncalled bet ($0.02) returned to crazyJP
crazyJP collected $0.05 from pot
*** SUMMARY ***
Total pot $0.05 | Rake $0 
Seat 1: MolsonCanuck (small blind) folded before Flop
Seat 2: LeandroAku (big blind) folded before Flop
Seat 3: 11lucas12 folded before Flop (didn't bet)
Seat 4: One Eye Kat folded before Flop (didn't bet)
Seat 5: crazyJP collected ($0.05)
Seat 6: kapustax folded before Flop (didn't bet)
Seat 7: Dorex2007 folded before Flop (didn't bet)
Seat 8: ROMARIO908 folded before Flop (didn't bet)
Seat 9: boryaif (button) folded before Flop (didn't bet)



PokerStars Hand #227866169558:  Hold'em No Limit ($0.01/$0.02 USD) - 2021/06/26 12:13:49 PT [2021/06/26 15:13:49 ET]
Table 'Io III' 9-max Seat #1 is the button
Seat 1: MolsonCanuck ($2.52 in chips) 
Seat 2: LeandroAku ($1.42 in chips) 
Seat 3: 11lucas12 ($2.20 in chips) 
Seat 4: One Eye Kat ($1.18 in chips) 
Seat 5: crazyJP ($1.65 in chips) 
Seat 6: kapustax ($2.91 in chips) 
Seat 7: Dorex2007 ($4.07 in chips) 
Seat 8: ROMARIO908 ($2.85 in chips) 
Seat 9: boryaif ($2 in chips) 
LeandroAku: posts small blind $0.01
11lucas12: posts big blind $0.02
*** HOLE CARDS ***
Dealt to Dorex2007 [Kd Ks]
One Eye Kat: calls $0.02
crazyJP: folds 
kapustax: folds 
Dorex2007: raises $0.06 to $0.08
ROMARIO908: folds 
boryaif: folds 
MolsonCanuck: folds 
LeandroAku: folds 
11lucas12: calls $0.06
One Eye Kat: folds 
*** FLOP *** [6d Kc 6s]
11lucas12: checks 
Dorex2007: bets $0.09
11lucas12: calls $0.09
*** TURN *** [6d Kc 6s] [2h]
11lucas12: checks 
Dorex2007: bets $0.18
11lucas12: folds 
Uncalled bet ($0.18) returned to Dorex2007
Dorex2007 collected $0.36 from pot
Dorex2007: doesn't show hand 
*** SUMMARY ***
Total pot $0.37 | Rake $0.01 
Board [6d Kc 6s 2h]
Seat 1: MolsonCanuck (button) folded before Flop (didn't bet)
Seat 2: LeandroAku (small blind) folded before Flop
Seat 3: 11lucas12 (big blind) folded on the Turn
Seat 4: One Eye Kat folded before Flop
Seat 5: crazyJP folded before Flop (didn't bet)
Seat 6: kapustax folded before Flop (didn't bet)
Seat 7: Dorex2007 collected ($0.36)
Seat 8: ROMARIO908 folded before Flop (didn't bet)
Seat 9: boryaif folded before Flop (didn't bet)



PokerStars Hand #227866197451:  Hold'em No Limit ($0.01/$0.02 USD) - 2021/06/26 12:14:55 PT [2021/06/26 15:14:55 ET]
Table 'Io III' 9-max Seat #2 is the button
Seat 1: MolsonCanuck ($2.52 in chips) 
Seat 2: LeandroAku ($1.41 in chips) 
Seat 3: 11lucas12 ($2.03 in chips) 
Seat 4: One Eye Kat ($1.16 in chips) 
Seat 5: crazyJP ($1.65 in chips) 
Seat 6: kapustax ($2.91 in chips) 
Seat 7: Dorex2007 ($4.26 in chips) 
Seat 8: ROMARIO908 ($2.85 in chips) 
Seat 9: boryaif ($2 in chips) 
11lucas12: posts small blind $0.01
One Eye Kat: posts big blind $0.02
*** HOLE CARDS ***
Dealt to Dorex2007 [Qc Ad]
crazyJP: calls $0.02
kapustax: folds 
Dorex2007: raises $0.02 to $0.04
ROMARIO908: raises $0.13 to $0.17
boryaif: folds 
MolsonCanuck: folds 
LeandroAku: folds 
11lucas12: folds 
One Eye Kat: folds 
crazyJP: folds 
Dorex2007: folds 
Uncalled bet ($0.13) returned to ROMARIO908
ROMARIO908 collected $0.13 from pot
ROMARIO908: doesn't show hand 
*** SUMMARY ***
Total pot $0.13 | Rake $0 
Seat 1: MolsonCanuck folded before Flop (didn't bet)
Seat 2: LeandroAku (button) folded before Flop (didn't bet)
Seat 3: 11lucas12 (small blind) folded before Flop
Seat 4: One Eye Kat (big blind) folded before Flop
Seat 5: crazyJP folded before Flop
Seat 6: kapustax folded before Flop (didn't bet)
Seat 7: Dorex2007 folded before Flop
Seat 8: ROMARIO908 collected ($0.13)
Seat 9: boryaif folded before Flop (didn't bet)



PokerStars Hand #227866215008:  Hold'em No Limit ($0.01/$0.02 USD) - 2021/06/26 12:15:36 PT [2021/06/26 15:15:36 ET]
Table 'Io III' 9-max Seat #3 is the button
Seat 1: MolsonCanuck ($2.52 in chips) 
Seat 2: LeandroAku ($1.41 in chips) 
Seat 3: 11lucas12 ($2.02 in chips) 
Seat 4: One Eye Kat ($1.14 in chips) 
Seat 6: kapustax ($2.91 in chips) 
Seat 7: Dorex2007 ($4.22 in chips) 
Seat 8: ROMARIO908 ($2.94 in chips) 
Seat 9: boryaif ($2 in chips) 
One Eye Kat: posts small blind $0.01
crazyJP: is sitting out 
kapustax: posts big blind $0.02
*** HOLE CARDS ***
Dealt to Dorex2007 [8c Kh]
Dorex2007: folds 
ROMARIO908: folds 
boryaif: folds 
crazyJP leaves the table
MolsonCanuck: raises $0.02 to $0.04
LeandroAku: raises $0.14 to $0.18
11lucas12: folds 
One Eye Kat: folds 
kapustax: folds 
MolsonCanuck: folds 
Uncalled bet ($0.14) returned to LeandroAku
Multitypes joins the table at seat #5 
LeandroAku collected $0.11 from pot
LeandroAku: doesn't show hand 
*** SUMMARY ***
Total pot $0.11 | Rake $0 
Seat 1: MolsonCanuck folded before Flop
Seat 2: LeandroAku collected ($0.11)
Seat 3: 11lucas12 (button) folded before Flop (didn't bet)
Seat 4: One Eye Kat (small blind) folded before Flop
Seat 6: kapustax (big blind) folded before Flop
Seat 7: Dorex2007 folded before Flop (didn't bet)
Seat 8: ROMARIO908 folded before Flop (didn't bet)
Seat 9: boryaif folded before Flop (didn't bet)



PokerStars Hand #227866226906:  Hold'em No Limit ($0.01/$0.02 USD) - 2021/06/26 12:16:04 PT [2021/06/26 15:16:04 ET]
Table 'Io III' 9-max Seat #4 is the button
Seat 1: MolsonCanuck ($2.48 in chips) 
Seat 2: LeandroAku ($1.48 in chips) 
Seat 3: 11lucas12 ($2.02 in chips) 
Seat 4: One Eye Kat ($1.13 in chips) 
Seat 6: kapustax ($2.89 in chips) 
Seat 7: Dorex2007 ($4.22 in chips) 
Seat 8: ROMARIO908 ($2.94 in chips) 
Seat 9: boryaif ($2 in chips) 
kapustax: posts small blind $0.01
Dorex2007: posts big blind $0.02
*** HOLE CARDS ***
Dealt to Dorex2007 [Th Kd]
ROMARIO908: folds 
boryaif: folds 
MolsonCanuck: folds 
LeandroAku: folds 
11lucas12: raises $0.02 to $0.04
One Eye Kat: calls $0.04
kapustax: folds 
Dorex2007: folds 
*** FLOP *** [Ts 5s 9h]
11lucas12: bets $0.04
One Eye Kat: calls $0.04
*** TURN *** [Ts 5s 9h] [Qh]
11lucas12: bets $0.06
One Eye Kat: calls $0.06
*** RIVER *** [Ts 5s 9h Qh] [5c]
11lucas12: bets $0.18
One Eye Kat: calls $0.18
*** SHOW DOWN ***
11lucas12: shows [Js Qd] (two pair, Queens and Fives)
One Eye Kat: shows [Qs Kc] (two pair, Queens and Fives - King kicker)
One Eye Kat collected $0.65 from pot
*** SUMMARY ***
Total pot $0.67 | Rake $0.02 
Board [Ts 5s 9h Qh 5c]
Seat 1: MolsonCanuck folded before Flop (didn't bet)
Seat 2: LeandroAku folded before Flop (didn't bet)
Seat 3: 11lucas12 showed [Js Qd] and lost with two pair, Queens and Fives
Seat 4: One Eye Kat (button) showed [Qs Kc] and won ($0.65) with two pair, Queens and Fives
Seat 6: kapustax (small blind) folded before Flop
Seat 7: Dorex2007 (big blind) folded before Flop
Seat 8: ROMARIO908 folded before Flop (didn't bet)
Seat 9: boryaif folded before Flop (didn't bet)



PokerStars Hand #227866257670:  Hold'em No Limit ($0.01/$0.02 USD) - 2021/06/26 12:17:16 PT [2021/06/26 15:17:16 ET]
Table 'Io III' 9-max Seat #6 is the button
Seat 1: MolsonCanuck ($2.48 in chips) 
Seat 2: LeandroAku ($1.48 in chips) 
Seat 3: 11lucas12 ($1.70 in chips) 
Seat 4: One Eye Kat ($1.46 in chips) 
Seat 6: kapustax ($2.88 in chips) 
Seat 7: Dorex2007 ($4.20 in chips) 
Seat 8: ROMARIO908 ($2.94 in chips) 
Seat 9: boryaif ($2 in chips) 
Dorex2007: posts small blind $0.01
ROMARIO908: posts big blind $0.02
Multitypes: sits out 
*** HOLE CARDS ***
Dealt to Dorex2007 [6c Kc]
boryaif: folds 
MolsonCanuck: folds 
LeandroAku: folds 
11lucas12: folds 
One Eye Kat: folds 
kapustax: raises $0.04 to $0.06
Dorex2007: folds 
ROMARIO908: folds 
Uncalled bet ($0.04) returned to kapustax
kapustax collected $0.05 from pot
kapustax: doesn't show hand 
*** SUMMARY ***
Total pot $0.05 | Rake $0 
Seat 1: MolsonCanuck folded before Flop (didn't bet)
Seat 2: LeandroAku folded before Flop (didn't bet)
Seat 3: 11lucas12 folded before Flop (didn't bet)
Seat 4: One Eye Kat folded before Flop (didn't bet)
Seat 6: kapustax (button) collected ($0.05)
Seat 7: Dorex2007 (small blind) folded before Flop
Seat 8: ROMARIO908 (big blind) folded before Flop
Seat 9: boryaif folded before Flop (didn't bet)



PokerStars Hand #227866272000:  Hold'em No Limit ($0.01/$0.02 USD) - 2021/06/26 12:17:49 PT [2021/06/26 15:17:49 ET]
Table 'Io III' 9-max Seat #7 is the button
Seat 1: MolsonCanuck ($2.48 in chips) 
Seat 2: LeandroAku ($1.48 in chips) 
Seat 3: 11lucas12 ($1.70 in chips) 
Seat 4: One Eye Kat ($1.46 in chips) 
Seat 6: kapustax ($2.91 in chips) 
Seat 7: Dorex2007 ($4.19 in chips) 
Seat 8: ROMARIO908 ($2.92 in chips) 
Seat 9: boryaif ($2 in chips) 
ROMARIO908: posts small blind $0.01
boryaif: posts big blind $0.02
Multitypes: sits out 
*** HOLE CARDS ***
Dealt to Dorex2007 [Tc Jd]
MolsonCanuck: folds 
LeandroAku: folds 
11lucas12: raises $0.04 to $0.06
One Eye Kat: folds 
kapustax: calls $0.06
Dorex2007: folds 
ROMARIO908: folds 
boryaif: folds 
*** FLOP *** [7s 8c Ad]
11lucas12: checks 
kapustax: checks 
*** TURN *** [7s 8c Ad] [4h]
11lucas12: bets $0.04
kapustax: calls $0.04
*** RIVER *** [7s 8c Ad 4h] [8d]
11lucas12: checks 
kapustax: bets $0.17
11lucas12: calls $0.17
*** SHOW DOWN ***
kapustax: shows [As Qd] (two pair, Aces and Eights)
11lucas12: shows [Qs Ah] (two pair, Aces and Eights)
11lucas12 collected $0.28 from pot
kapustax collected $0.27 from pot
*** SUMMARY ***
Total pot $0.57 | Rake $0.02 
Board [7s 8c Ad 4h 8d]
Seat 1: MolsonCanuck folded before Flop (didn't bet)
Seat 2: LeandroAku folded before Flop (didn't bet)
Seat 3: 11lucas12 showed [Qs Ah] and won ($0.28) with two pair, Aces and Eights
Seat 4: One Eye Kat folded before Flop (didn't bet)
Seat 6: kapustax showed [As Qd] and won ($0.27) with two pair, Aces and Eights
Seat 7: Dorex2007 (button) folded before Flop (didn't bet)
Seat 8: ROMARIO908 (small blind) folded before Flop
Seat 9: boryaif (big blind) folded before Flop



PokerStars Hand #227866305859:  Hold'em No Limit ($0.01/$0.02 USD) - 2021/06/26 12:19:09 PT [2021/06/26 15:19:09 ET]
Table 'Io III' 9-max Seat #8 is the button
Seat 1: MolsonCanuck ($2.48 in chips) 
Seat 2: LeandroAku ($1.48 in chips) 
Seat 3: 11lucas12 ($1.71 in chips) 
Seat 4: One Eye Kat ($1.46 in chips) 
Seat 6: kapustax ($2.91 in chips) 
Seat 7: Dorex2007 ($4.19 in chips) 
Seat 8: ROMARIO908 ($2.91 in chips) 
Seat 9: boryaif ($2 in chips) 
boryaif: posts small blind $0.01
MolsonCanuck: posts big blind $0.02
Multitypes: sits out 
*** HOLE CARDS ***
Dealt to Dorex2007 [4c 5h]
LeandroAku: folds 
11lucas12: folds 
One Eye Kat: folds 
kapustax: folds 
Dorex2007: folds 
ROMARIO908: raises $0.04 to $0.06
boryaif: calls $0.05
MolsonCanuck: calls $0.04
*** FLOP *** [3d Jh 4s]
boryaif: checks 
MolsonCanuck: checks 
ROMARIO908: bets $0.09
boryaif: folds 
MolsonCanuck: folds 
Uncalled bet ($0.09) returned to ROMARIO908
ROMARIO908 collected $0.17 from pot
ROMARIO908: doesn't show hand 
*** SUMMARY ***
Total pot $0.18 | Rake $0.01 
Board [3d Jh 4s]
Seat 1: MolsonCanuck (big blind) folded on the Flop
Seat 2: LeandroAku folded before Flop (didn't bet)
Seat 3: 11lucas12 folded before Flop (didn't bet)
Seat 4: One Eye Kat folded before Flop (didn't bet)
Seat 6: kapustax folded before Flop (didn't bet)
Seat 7: Dorex2007 folded before Flop (didn't bet)
Seat 8: ROMARIO908 (button) collected ($0.17)
Seat 9: boryaif (small blind) folded on the Flop



PokerStars Hand #227866333947:  Hold'em No Limit ($0.01/$0.02 USD) - 2021/06/26 12:19:53 PT [2021/06/26 15:19:53 ET]
Table 'Io III' 9-max Seat #9 is the button
Seat 1: MolsonCanuck ($2.42 in chips) 
Seat 2: LeandroAku ($1.48 in chips) 
Seat 3: 11lucas12 ($1.71 in chips) 
Seat 4: One Eye Kat ($1.46 in chips) 
Seat 6: kapustax ($2.91 in chips) 
Seat 7: Dorex2007 ($4.19 in chips) 
Seat 8: ROMARIO908 ($3.02 in chips) 
Seat 9: boryaif ($2 in chips) 
MolsonCanuck: posts small blind $0.01
LeandroAku: posts big blind $0.02
Multitypes: sits out 
*** HOLE CARDS ***
Dealt to Dorex2007 [4c Jc]
11lucas12: folds 
One Eye Kat: folds 
kapustax: folds 
Dorex2007: folds 
ROMARIO908: folds 
boryaif: folds 
MolsonCanuck: folds 
Uncalled bet ($0.01) returned to LeandroAku
LeandroAku collected $0.02 from pot
LeandroAku: doesn't show hand 
*** SUMMARY ***
Total pot $0.02 | Rake $0 
Seat 1: MolsonCanuck (small blind) folded before Flop
Seat 2: LeandroAku (big blind) collected ($0.02)
Seat 3: 11lucas12 folded before Flop (didn't bet)
Seat 4: One Eye Kat folded before Flop (didn't bet)
Seat 6: kapustax folded before Flop (didn't bet)
Seat 7: Dorex2007 folded before Flop (didn't bet)
Seat 8: ROMARIO908 folded before Flop (didn't bet)
Seat 9: boryaif (button) folded before Flop (didn't bet)



PokerStars Hand #227866339943:  Hold'em No Limit ($0.01/$0.02 USD) - 2021/06/26 12:20:07 PT [2021/06/26 15:20:07 ET]
Table 'Io III' 9-max Seat #1 is the button
Seat 1: MolsonCanuck ($2.41 in chips) 
Seat 2: LeandroAku ($1.49 in chips) 
Seat 3: 11lucas12 ($1.71 in chips) 
Seat 6: kapustax ($2.91 in chips) 
Seat 7: Dorex2007 ($4.19 in chips) 
Seat 8: ROMARIO908 ($3.02 in chips) 
Seat 9: boryaif ($2 in chips) 
LeandroAku: posts small blind $0.01
11lucas12: posts big blind $0.02
Multitypes: sits out 
*** HOLE CARDS ***
Dealt to Dorex2007 [5s 2c]
kapustax: folds 
Dorex2007: folds 
ROMARIO908: folds 
boryaif: folds 
MolsonCanuck: folds 
LeandroAku: folds 
Uncalled bet ($0.01) returned to 11lucas12
11lucas12 collected $0.02 from pot
11lucas12: doesn't show hand 
*** SUMMARY ***
Total pot $0.02 | Rake $0 
Seat 1: MolsonCanuck (button) folded before Flop (didn't bet)
Seat 2: LeandroAku (small blind) folded before Flop
Seat 3: 11lucas12 (big blind) collected ($0.02)
Seat 6: kapustax folded before Flop (didn't bet)
Seat 7: Dorex2007 folded before Flop (didn't bet)
Seat 8: ROMARIO908 folded before Flop (didn't bet)
Seat 9: boryaif folded before Flop (didn't bet)



PokerStars Hand #227866344184:  Hold'em No Limit ($0.01/$0.02 USD) - 2021/06/26 12:20:17 PT [2021/06/26 15:20:17 ET]
Table 'Io III' 9-max Seat #2 is the button
Seat 1: MolsonCanuck ($2.41 in chips) 
Seat 2: LeandroAku ($1.48 in chips) 
Seat 3: 11lucas12 ($1.72 in chips) 
Seat 5: Multitypes ($1 in chips) 
Seat 6: kapustax ($2.91 in chips) 
Seat 7: Dorex2007 ($4.19 in chips) 
Seat 8: ROMARIO908 ($3.02 in chips) 
Seat 9: boryaif ($2 in chips) 
11lucas12: posts small blind $0.01
Multitypes: posts big blind $0.02
*** HOLE CARDS ***
Dealt to Dorex2007 [Kh 4d]
kapustax: folds 
Dorex2007: folds 
ROMARIO908: folds 
boryaif: folds 
MolsonCanuck: raises $0.02 to $0.04
LeandroAku: folds 
11lucas12: raises $0.04 to $0.08
Multitypes: folds 
MolsonCanuck: calls $0.04
*** FLOP *** [Kd 8s 5s]
11lucas12: checks 
MolsonCanuck: bets $0.09
11lucas12: calls $0.09
*** TURN *** [Kd 8s 5s] [9d]
11lucas12: checks 
MolsonCanuck: bets $0.17
11lucas12: calls $0.17
*** RIVER *** [Kd 8s 5s 9d] [Ac]
11lucas12: bets $0.34
MolsonCanuck: folds 
Uncalled bet ($0.34) returned to 11lucas12
11lucas12 collected $0.68 from pot
11lucas12: doesn't show hand 
*** SUMMARY ***
Total pot $0.70 | Rake $0.02 
Board [Kd 8s 5s 9d Ac]
Seat 1: MolsonCanuck folded on the River
Seat 2: LeandroAku (button) folded before Flop (didn't bet)
Seat 3: 11lucas12 (small blind) collected ($0.68)
Seat 5: Multitypes (big blind) folded before Flop
Seat 6: kapustax folded before Flop (didn't bet)
Seat 7: Dorex2007 folded before Flop (didn't bet)
Seat 8: ROMARIO908 folded before Flop (didn't bet)
Seat 9: boryaif folded before Flop (didn't bet)



PokerStars Hand #227866383952:  Hold'em No Limit ($0.01/$0.02 USD) - 2021/06/26 12:21:49 PT [2021/06/26 15:21:49 ET]
Table 'Io III' 9-max Seat #3 is the button
Seat 1: MolsonCanuck ($2.07 in chips) 
Seat 2: LeandroAku ($1.48 in chips) 
Seat 3: 11lucas12 ($2.06 in chips) 
Seat 5: Multitypes ($0.98 in chips) 
Seat 7: Dorex2007 ($4.19 in chips) 
Seat 8: ROMARIO908 ($3.02 in chips) 
Seat 9: boryaif ($2 in chips) 
Multitypes: posts small blind $0.01
kapustax: is sitting out 
Dorex2007: posts big blind $0.02
*** HOLE CARDS ***
Dealt to Dorex2007 [Ts Ah]
ROMARIO908: folds 
boryaif: folds 
MolsonCanuck: folds 
LeandroAku: folds 
MolsonCanuck said, "River,!"
11lucas12: calls $0.02
Multitypes: calls $0.01
Dorex2007: checks 
*** FLOP *** [Ac Ad 6c]
Multitypes: checks 
Dorex2007: checks 
11lucas12 said, "10 high"
11lucas12: checks 
*** TURN *** [Ac Ad 6c] [7d]
Multitypes: checks 
Dorex2007 said, "its good :)"
kapustax leaves the table
Dorex2007: bets $0.04
11lucas12: calls $0.04
Multitypes: folds 
*** RIVER *** [Ac Ad 6c 7d] [Qc]
bearpaw47 joins the table at seat #6 
Dorex2007: checks 
11lucas12: checks 
*** SHOW DOWN ***
Dorex2007: shows [Ts Ah] (three of a kind, Aces)
11lucas12: mucks hand 
Dorex2007 collected $0.14 from pot
*** SUMMARY ***
Total pot $0.14 | Rake $0 
Board [Ac Ad 6c 7d Qc]
Seat 1: MolsonCanuck folded before Flop (didn't bet)
Seat 2: LeandroAku folded before Flop (didn't bet)
Seat 3: 11lucas12 (button) mucked [5h 4h]
Seat 5: Multitypes (small blind) folded on the Turn
Seat 7: Dorex2007 (big blind) showed [Ts Ah] and won ($0.14) with three of a kind, Aces
Seat 8: ROMARIO908 folded before Flop (didn't bet)
Seat 9: boryaif folded before Flop (didn't bet)



PokerStars Hand #227866414742:  Hold'em No Limit ($0.01/$0.02 USD) - 2021/06/26 12:23:01 PT [2021/06/26 15:23:01 ET]
Table 'Io III' 9-max Seat #5 is the button
Seat 1: MolsonCanuck ($2.07 in chips) 
Seat 2: LeandroAku ($1.48 in chips) 
Seat 3: 11lucas12 ($2 in chips) 
Seat 5: Multitypes ($0.96 in chips) 
Seat 7: Dorex2007 ($4.27 in chips) 
Seat 8: ROMARIO908 ($3.02 in chips) 
Seat 9: boryaif ($2 in chips) 
Dorex2007: posts small blind $0.01
ROMARIO908: posts big blind $0.02
*** HOLE CARDS ***
Dealt to Dorex2007 [4d 5h]
boryaif: folds 
MolsonCanuck: folds 
LeandroAku: folds 
11lucas12: folds 
Multitypes: calls $0.02
Dorex2007: folds 
ROMARIO908: checks 
*** FLOP *** [6c Ts 8d]
ROMARIO908: checks 
One Eye Kat leaves the table
Multitypes: checks 
*** TURN *** [6c Ts 8d] [Td]
ROMARIO908: bets $0.02
Multitypes: calls $0.02
*** RIVER *** [6c Ts 8d Td] [Ad]
ROMARIO908: checks 
Multitypes: checks 
*** SHOW DOWN ***
ROMARIO908: shows [7s 4h] (a pair of Tens)
Multitypes: shows [Ks Jc] (a pair of Tens - Ace+King kicker)
Multitypes collected $0.09 from pot
*** SUMMARY ***
Total pot $0.09 | Rake $0 
Board [6c Ts 8d Td Ad]
Seat 1: MolsonCanuck folded before Flop (didn't bet)
Seat 2: LeandroAku folded before Flop (didn't bet)
Seat 3: 11lucas12 folded before Flop (didn't bet)
Seat 5: Multitypes (button) showed [Ks Jc] and won ($0.09) with a pair of Tens
Seat 7: Dorex2007 (small blind) folded before Flop
Seat 8: ROMARIO908 (big blind) showed [7s 4h] and lost with a pair of Tens
Seat 9: boryaif folded before Flop (didn't bet)



PokerStars Hand #227866438525:  Hold'em No Limit ($0.01/$0.02 USD) - 2021/06/26 12:23:57 PT [2021/06/26 15:23:57 ET]
Table 'Io III' 9-max Seat #7 is the button
Seat 1: MolsonCanuck ($2.07 in chips) 
Seat 2: LeandroAku ($1.48 in chips) 
Seat 3: 11lucas12 ($2 in chips) 
Seat 5: Multitypes ($1.01 in chips) 
Seat 6: bearpaw47 ($2 in chips) 
Seat 7: Dorex2007 ($4.26 in chips) 
Seat 8: ROMARIO908 ($2.98 in chips) 
Seat 9: boryaif ($2 in chips) 
ROMARIO908: posts small blind $0.01
boryaif: posts big blind $0.02
bearpaw47: posts big blind $0.02
*** HOLE CARDS ***
Dealt to Dorex2007 [6h Kc]
alfredohd13 joins the table at seat #4 
MolsonCanuck: folds 
LeandroAku: raises $0.10 to $0.12
11lucas12: folds 
Multitypes: folds 
bearpaw47: folds 
Dorex2007: folds 
ROMARIO908: folds 
boryaif: folds 
Uncalled bet ($0.10) returned to LeandroAku
LeandroAku collected $0.07 from pot
LeandroAku: doesn't show hand 
*** SUMMARY ***
Total pot $0.07 | Rake $0 
Seat 1: MolsonCanuck folded before Flop (didn't bet)
Seat 2: LeandroAku collected ($0.07)
Seat 3: 11lucas12 folded before Flop (didn't bet)
Seat 5: Multitypes folded before Flop (didn't bet)
Seat 6: bearpaw47 folded before Flop (didn't bet)
Seat 7: Dorex2007 (button) folded before Flop (didn't bet)
Seat 8: ROMARIO908 (small blind) folded before Flop
Seat 9: boryaif (big blind) folded before Flop



PokerStars Hand #227866448751:  Hold'em No Limit ($0.01/$0.02 USD) - 2021/06/26 12:24:20 PT [2021/06/26 15:24:20 ET]
Table 'Io III' 9-max Seat #8 is the button
Seat 1: MolsonCanuck ($2.07 in chips) 
Seat 2: LeandroAku ($1.53 in chips) 
Seat 3: 11lucas12 ($2 in chips) 
Seat 4: alfredohd13 ($1 in chips) 
Seat 5: Multitypes ($1.01 in chips) 
Seat 6: bearpaw47 ($1.98 in chips) 
Seat 7: Dorex2007 ($4.26 in chips) 
Seat 8: ROMARIO908 ($2.97 in chips) 
Seat 9: boryaif ($2 in chips) 
boryaif: posts small blind $0.01
MolsonCanuck: posts big blind $0.02
alfredohd13: posts big blind $0.02
*** HOLE CARDS ***
Dealt to Dorex2007 [8c 2d]
LeandroAku: folds 
11lucas12: folds 
alfredohd13: checks 
Multitypes: calls $0.02
bearpaw47: folds 
Dorex2007: folds 
ROMARIO908: folds 
boryaif: calls $0.01
MolsonCanuck: checks 
*** FLOP *** [2h Jc 4c]
boryaif: checks 
MolsonCanuck: checks 
alfredohd13: checks 
Multitypes: bets $0.02
boryaif: calls $0.02
MolsonCanuck: folds 
alfredohd13: calls $0.02
*** TURN *** [2h Jc 4c] [6d]
boryaif: checks 
alfredohd13: checks 
Multitypes: checks 
*** RIVER *** [2h Jc 4c 6d] [9h]
boryaif: checks 
alfredohd13: checks 
Multitypes: checks 
*** SHOW DOWN ***
boryaif: shows [5d 5s] (a pair of Fives)
alfredohd13: mucks hand 
Multitypes: mucks hand 
boryaif collected $0.14 from pot
*** SUMMARY ***
Total pot $0.14 | Rake $0 
Board [2h Jc 4c 6d 9h]
Seat 1: MolsonCanuck (big blind) folded on the Flop
Seat 2: LeandroAku folded before Flop (didn't bet)
Seat 3: 11lucas12 folded before Flop (didn't bet)
Seat 4: alfredohd13 mucked [5h 2s]
Seat 5: Multitypes mucked [3c Tc]
Seat 6: bearpaw47 folded before Flop (didn't bet)
Seat 7: Dorex2007 folded before Flop (didn't bet)
Seat 8: ROMARIO908 (button) folded before Flop (didn't bet)
Seat 9: boryaif (small blind) showed [5d 5s] and won ($0.14) with a pair of Fives



PokerStars Hand #227866478403:  Hold'em No Limit ($0.01/$0.02 USD) - 2021/06/26 12:25:30 PT [2021/06/26 15:25:30 ET]
Table 'Io III' 9-max Seat #9 is the button
Seat 1: MolsonCanuck ($2.05 in chips) 
Seat 2: LeandroAku ($1.53 in chips) 
Seat 3: 11lucas12 ($2 in chips) 
Seat 4: alfredohd13 ($0.96 in chips) 
Seat 5: Multitypes ($0.97 in chips) 
Seat 6: bearpaw47 ($1.98 in chips) 
Seat 7: Dorex2007 ($4.26 in chips) 
Seat 8: ROMARIO908 ($2.97 in chips) 
Seat 9: boryaif ($2.10 in chips) 
MolsonCanuck: posts small blind $0.01
LeandroAku: posts big blind $0.02
*** HOLE CARDS ***
Dealt to Dorex2007 [8h 7d]
11lucas12: folds 
alfredohd13: calls $0.02
Multitypes: folds 
bearpaw47: folds 
Dorex2007: folds 
ROMARIO908: folds 
boryaif: folds 
MolsonCanuck: raises $0.02 to $0.04
LeandroAku: folds 
alfredohd13: calls $0.02
*** FLOP *** [Jc Qh Qd]
MolsonCanuck: bets $0.14
alfredohd13: folds 
Uncalled bet ($0.14) returned to MolsonCanuck
MolsonCanuck collected $0.10 from pot
MolsonCanuck: doesn't show hand 
*** SUMMARY ***
Total pot $0.10 | Rake $0 
Board [Jc Qh Qd]
Seat 1: MolsonCanuck (small blind) collected ($0.10)
Seat 2: LeandroAku (big blind) folded before Flop
Seat 3: 11lucas12 folded before Flop (didn't bet)
Seat 4: alfredohd13 folded on the Flop
Seat 5: Multitypes folded before Flop (didn't bet)
Seat 6: bearpaw47 folded before Flop (didn't bet)
Seat 7: Dorex2007 folded before Flop (didn't bet)
Seat 8: ROMARIO908 folded before Flop (didn't bet)
Seat 9: boryaif (button) folded before Flop (didn't bet)



PokerStars Hand #227866500743:  Hold'em No Limit ($0.01/$0.02 USD) - 2021/06/26 12:26:22 PT [2021/06/26 15:26:22 ET]
Table 'Io III' 9-max Seat #1 is the button
Seat 1: MolsonCanuck ($2.11 in chips) 
Seat 2: LeandroAku ($1.51 in chips) 
Seat 3: 11lucas12 ($2 in chips) 
Seat 4: alfredohd13 ($0.92 in chips) 
Seat 5: Multitypes ($0.97 in chips) 
Seat 6: bearpaw47 ($1.98 in chips) 
Seat 7: Dorex2007 ($4.26 in chips) 
Seat 8: ROMARIO908 ($2.97 in chips) 
Seat 9: boryaif ($2.10 in chips) 
LeandroAku: posts small blind $0.01
11lucas12: posts big blind $0.02
*** HOLE CARDS ***
Dealt to Dorex2007 [Qc 8s]
alfredohd13 has timed out
alfredohd13: folds 
Multitypes has timed out
Multitypes: folds 
bearpaw47: folds 
Dorex2007: folds 
ROMARIO908: folds 
boryaif: folds 
MolsonCanuck: folds 
LeandroAku: folds 
Uncalled bet ($0.01) returned to 11lucas12
11lucas12 collected $0.02 from pot
11lucas12: doesn't show hand 
*** SUMMARY ***
Total pot $0.02 | Rake $0 
Seat 1: MolsonCanuck (button) folded before Flop (didn't bet)
Seat 2: LeandroAku (small blind) folded before Flop
Seat 3: 11lucas12 (big blind) collected ($0.02)
Seat 4: alfredohd13 folded before Flop (didn't bet)
Seat 5: Multitypes folded before Flop (didn't bet)
Seat 6: bearpaw47 folded before Flop (didn't bet)
Seat 7: Dorex2007 folded before Flop (didn't bet)
Seat 8: ROMARIO908 folded before Flop (didn't bet)
Seat 9: boryaif folded before Flop (didn't bet)



PokerStars Hand #227866522596:  Hold'em No Limit ($0.01/$0.02 USD) - 2021/06/26 12:26:57 PT [2021/06/26 15:26:57 ET]
Table 'Io III' 9-max Seat #2 is the button
Seat 1: MolsonCanuck ($2.11 in chips) 
Seat 2: LeandroAku ($1.50 in chips) 
Seat 3: 11lucas12 ($2.01 in chips) 
Seat 4: alfredohd13 ($0.92 in chips) 
Seat 5: Multitypes ($0.97 in chips) 
Seat 6: bearpaw47 ($1.98 in chips) 
Seat 7: Dorex2007 ($4.26 in chips) 
Seat 8: ROMARIO908 ($2.97 in chips) 
Seat 9: boryaif ($2.10 in chips) 
11lucas12: posts small blind $0.01
alfredohd13: posts big blind $0.02
*** HOLE CARDS ***
Dealt to Dorex2007 [Kc 3c]
Multitypes: calls $0.02
bearpaw47: folds 
Dorex2007: folds 
ROMARIO908: folds 
boryaif: calls $0.02
MolsonCanuck: folds 
LeandroAku: folds 
11lucas12: raises $0.06 to $0.08
alfredohd13: folds 
Multitypes: calls $0.06
boryaif: calls $0.06
*** FLOP *** [Tc As 2s]
11lucas12: checks 
Multitypes: bets $0.02
boryaif: calls $0.02
11lucas12: calls $0.02
*** TURN *** [Tc As 2s] [9h]
11lucas12: checks 
Multitypes: checks 
boryaif: checks 
*** RIVER *** [Tc As 2s 9h] [5d]
11lucas12: checks 
Multitypes: bets $0.02
boryaif: folds 
11lucas12: calls $0.02
*** SHOW DOWN ***
Multitypes: shows [7c Th] (a pair of Tens)
11lucas12: shows [Jh Js] (a pair of Jacks)
11lucas12 collected $0.35 from pot
*** SUMMARY ***
Total pot $0.36 | Rake $0.01 
Board [Tc As 2s 9h 5d]
Seat 1: MolsonCanuck folded before Flop (didn't bet)
Seat 2: LeandroAku (button) folded before Flop (didn't bet)
Seat 3: 11lucas12 (small blind) showed [Jh Js] and won ($0.35) with a pair of Jacks
Seat 4: alfredohd13 (big blind) folded before Flop
Seat 5: Multitypes showed [7c Th] and lost with a pair of Tens
Seat 6: bearpaw47 folded before Flop (didn't bet)
Seat 7: Dorex2007 folded before Flop (didn't bet)
Seat 8: ROMARIO908 folded before Flop (didn't bet)
Seat 9: boryaif folded on the River



PokerStars Hand #227866557447:  Hold'em No Limit ($0.01/$0.02 USD) - 2021/06/26 12:28:13 PT [2021/06/26 15:28:13 ET]
Table 'Io III' 9-max Seat #3 is the button
Seat 1: MolsonCanuck ($2.11 in chips) 
Seat 2: LeandroAku ($1.50 in chips) 
Seat 3: 11lucas12 ($2.24 in chips) 
Seat 4: alfredohd13 ($0.90 in chips) 
Seat 5: Multitypes ($0.85 in chips) 
Seat 6: bearpaw47 ($1.98 in chips) 
Seat 7: Dorex2007 ($4.26 in chips) 
Seat 8: ROMARIO908 ($2.97 in chips) 
Seat 9: boryaif ($2 in chips) 
alfredohd13: posts small blind $0.01
Multitypes: posts big blind $0.02
*** HOLE CARDS ***
Dealt to Dorex2007 [8d 7h]
bearpaw47: folds 
Dorex2007: folds 
ROMARIO908: folds 
boryaif: folds 
MolsonCanuck: raises $0.02 to $0.04
LeandroAku: folds 
11lucas12: calls $0.04
alfredohd13: folds 
Multitypes: calls $0.02
*** FLOP *** [3s 2d 5d]
Multitypes: checks 
MolsonCanuck: bets $0.05
11lucas12: calls $0.05
Multitypes: folds 
*** TURN *** [3s 2d 5d] [Jc]
MolsonCanuck: checks 
11lucas12: checks 
*** RIVER *** [3s 2d 5d Jc] [4h]
MolsonCanuck: bets $0.21
11lucas12 said, "river?"
11lucas12 said, "hahaha"
11lucas12: folds [Jd]
Uncalled bet ($0.21) returned to MolsonCanuck
MolsonCanuck collected $0.22 from pot
MolsonCanuck: doesn't show hand 
*** SUMMARY ***
Total pot $0.23 | Rake $0.01 
Board [3s 2d 5d Jc 4h]
Seat 1: MolsonCanuck collected ($0.22)
Seat 2: LeandroAku folded before Flop (didn't bet)
Seat 3: 11lucas12 (button) folded on the River
Seat 4: alfredohd13 (small blind) folded before Flop
Seat 5: Multitypes (big blind) folded on the Flop
Seat 6: bearpaw47 folded before Flop (didn't bet)
Seat 7: Dorex2007 folded before Flop (didn't bet)
Seat 8: ROMARIO908 folded before Flop (didn't bet)
Seat 9: boryaif folded before Flop (didn't bet)



PokerStars Hand #227866590292:  Hold'em No Limit ($0.01/$0.02 USD) - 2021/06/26 12:29:29 PT [2021/06/26 15:29:29 ET]
Table 'Io III' 9-max Seat #4 is the button
Seat 1: MolsonCanuck ($2.24 in chips) 
Seat 2: LeandroAku ($1.50 in chips) 
Seat 3: 11lucas12 ($2.15 in chips) 
Seat 4: alfredohd13 ($0.89 in chips) 
Seat 5: Multitypes ($0.81 in chips) 
Seat 6: bearpaw47 ($1.98 in chips) 
Seat 7: Dorex2007 ($4.26 in chips) 
Seat 8: ROMARIO908 ($2.97 in chips) 
Seat 9: boryaif ($2 in chips) 
Multitypes: posts small blind $0.01
bearpaw47: posts big blind $0.02
*** HOLE CARDS ***
Dealt to Dorex2007 [7c 2h]
Dorex2007: folds 
ROMARIO908: folds 
boryaif: raises $0.04 to $0.06
MolsonCanuck: folds 
LeandroAku: folds 
11lucas12: folds 
MolsonCanuck said, "Lol, nope"
alfredohd13: folds 
Multitypes: calls $0.05
bearpaw47: folds 
*** FLOP *** [Th 6d 4c]
Multitypes: checks 
boryaif: bets $0.07
Multitypes: calls $0.07
*** TURN *** [Th 6d 4c] [5c]
Multitypes: checks 
boryaif: bets $0.12
Multitypes: calls $0.12
*** RIVER *** [Th 6d 4c 5c] [4d]
Multitypes: checks 
boryaif: checks 
*** SHOW DOWN ***
Multitypes: shows [Kd Td] (two pair, Tens and Fours)
boryaif: mucks hand 
Multitypes collected $0.50 from pot
*** SUMMARY ***
Total pot $0.52 | Rake $0.02 
Board [Th 6d 4c 5c 4d]
Seat 1: MolsonCanuck folded before Flop (didn't bet)
Seat 2: LeandroAku folded before Flop (didn't bet)
Seat 3: 11lucas12 folded before Flop (didn't bet)
Seat 4: alfredohd13 (button) folded before Flop (didn't bet)
Seat 5: Multitypes (small blind) showed [Kd Td] and won ($0.50) with two pair, Tens and Fours
Seat 6: bearpaw47 (big blind) folded before Flop
Seat 7: Dorex2007 folded before Flop (didn't bet)
Seat 8: ROMARIO908 folded before Flop (didn't bet)
Seat 9: boryaif mucked [Js Kc]



PokerStars Hand #227866614773:  Hold'em No Limit ($0.01/$0.02 USD) - 2021/06/26 12:30:26 PT [2021/06/26 15:30:26 ET]
Table 'Io III' 9-max Seat #5 is the button
Seat 1: MolsonCanuck ($2.24 in chips) 
Seat 2: LeandroAku ($1.50 in chips) 
Seat 3: 11lucas12 ($2.15 in chips) 
Seat 4: alfredohd13 ($0.89 in chips) 
Seat 5: Multitypes ($1.06 in chips) 
Seat 6: bearpaw47 ($1.96 in chips) 
Seat 7: Dorex2007 ($4.26 in chips) 
Seat 8: ROMARIO908 ($2.97 in chips) 
Seat 9: boryaif ($2 in chips) 
bearpaw47: posts small blind $0.01
Dorex2007: posts big blind $0.02
*** HOLE CARDS ***
Dealt to Dorex2007 [7c 9h]
ROMARIO908: folds 
boryaif: folds 
MolsonCanuck: raises $0.02 to $0.04
LeandroAku: folds 
11lucas12: folds 
alfredohd13: folds 
Multitypes: folds 
bearpaw47: folds 
Dorex2007: folds 
Uncalled bet ($0.02) returned to MolsonCanuck
MolsonCanuck collected $0.05 from pot
MolsonCanuck: doesn't show hand 
*** SUMMARY ***
Total pot $0.05 | Rake $0 
Seat 1: MolsonCanuck collected ($0.05)
Seat 2: LeandroAku folded before Flop (didn't bet)
Seat 3: 11lucas12 folded before Flop (didn't bet)
Seat 4: alfredohd13 folded before Flop (didn't bet)
Seat 5: Multitypes (button) folded before Flop (didn't bet)
Seat 6: bearpaw47 (small blind) folded before Flop
Seat 7: Dorex2007 (big blind) folded before Flop
Seat 8: ROMARIO908 folded before Flop (didn't bet)
Seat 9: boryaif folded before Flop (didn't bet)



PokerStars Hand #227866625814:  Hold'em No Limit ($0.01/$0.02 USD) - 2021/06/26 12:30:51 PT [2021/06/26 15:30:51 ET]
Table 'Io III' 9-max Seat #6 is the button
Seat 1: MolsonCanuck ($2.27 in chips) 
Seat 2: LeandroAku ($1.50 in chips) 
Seat 3: 11lucas12 ($2.15 in chips) 
Seat 4: alfredohd13 ($0.89 in chips) 
Seat 5: Multitypes ($1.06 in chips) 
Seat 6: bearpaw47 ($1.95 in chips) 
Seat 7: Dorex2007 ($4.24 in chips) 
Seat 8: ROMARIO908 ($2.97 in chips) 
Seat 9: boryaif ($2 in chips) 
Dorex2007: posts small blind $0.01
ROMARIO908: posts big blind $0.02
*** HOLE CARDS ***
Dealt to Dorex2007 [8h Ah]
boryaif: folds 
MolsonCanuck: folds 
LeandroAku: folds 
11lucas12: folds 
alfredohd13: folds 
Multitypes: calls $0.02
bearpaw47: folds 
Dorex2007: raises $0.06 to $0.08
ROMARIO908: folds 
Multitypes: folds 
Uncalled bet ($0.06) returned to Dorex2007
Dorex2007 collected $0.06 from pot
Dorex2007: doesn't show hand 
*** SUMMARY ***
Total pot $0.06 | Rake $0 
Seat 1: MolsonCanuck folded before Flop (didn't bet)
Seat 2: LeandroAku folded before Flop (didn't bet)
Seat 3: 11lucas12 folded before Flop (didn't bet)
Seat 4: alfredohd13 folded before Flop (didn't bet)
Seat 5: Multitypes folded before Flop
Seat 6: bearpaw47 (button) folded before Flop (didn't bet)
Seat 7: Dorex2007 (small blind) collected ($0.06)
Seat 8: ROMARIO908 (big blind) folded before Flop
Seat 9: boryaif folded before Flop (didn't bet)



PokerStars Hand #227866644837:  Hold'em No Limit ($0.01/$0.02 USD) - 2021/06/26 12:31:34 PT [2021/06/26 15:31:34 ET]
Table 'Io III' 9-max Seat #7 is the button
Seat 1: MolsonCanuck ($2.27 in chips) 
Seat 2: LeandroAku ($1.50 in chips) 
Seat 3: 11lucas12 ($2.15 in chips) 
Seat 4: alfredohd13 ($0.89 in chips) 
Seat 5: Multitypes ($1.04 in chips) 
Seat 6: bearpaw47 ($1.95 in chips) 
Seat 7: Dorex2007 ($4.28 in chips) 
Seat 8: ROMARIO908 ($2.95 in chips) 
Seat 9: boryaif ($2 in chips) 
ROMARIO908: posts small blind $0.01
boryaif: posts big blind $0.02
*** HOLE CARDS ***
Dealt to Dorex2007 [6d 6c]
MolsonCanuck: raises $0.02 to $0.04
LeandroAku: folds 
11lucas12: raises $0.02 to $0.06
alfredohd13: calls $0.06
Multitypes: calls $0.06
bearpaw47: folds 
Dorex2007: calls $0.06
ROMARIO908: folds 
boryaif: folds 
MolsonCanuck: calls $0.02
*** FLOP *** [Ah Ks 3d]
MolsonCanuck: checks 
11lucas12: bets $0.06
alfredohd13: folds 
Multitypes: calls $0.06
Dorex2007: folds 
MolsonCanuck: calls $0.06
*** TURN *** [Ah Ks 3d] [2d]
MolsonCanuck: checks 
11lucas12: bets $0.12
Multitypes: raises $0.12 to $0.24
MolsonCanuck: calls $0.24
11lucas12: calls $0.12
*** RIVER *** [Ah Ks 3d 2d] [Qh]
MolsonCanuck: checks 
11lucas12: checks 
Multitypes: checks 
*** SHOW DOWN ***
MolsonCanuck: shows [Ac Qc] (two pair, Aces and Queens)
11lucas12: mucks hand 
Multitypes: mucks hand 
MolsonCanuck collected $1.19 from pot
*** SUMMARY ***
Total pot $1.23 | Rake $0.04 
Board [Ah Ks 3d 2d Qh]
Seat 1: MolsonCanuck showed [Ac Qc] and won ($1.19) with two pair, Aces and Queens
Seat 2: LeandroAku folded before Flop (didn't bet)
Seat 3: 11lucas12 mucked [Js Ad]
Seat 4: alfredohd13 folded on the Flop
Seat 5: Multitypes mucked [Ts As]
Seat 6: bearpaw47 folded before Flop (didn't bet)
Seat 7: Dorex2007 (button) folded on the Flop
Seat 8: ROMARIO908 (small blind) folded before Flop
Seat 9: boryaif (big blind) folded before Flop



PokerStars Hand #227866682080:  Hold'em No Limit ($0.01/$0.02 USD) - 2021/06/26 12:33:00 PT [2021/06/26 15:33:00 ET]
Table 'Io III' 9-max Seat #8 is the button
Seat 1: MolsonCanuck ($3.10 in chips) 
Seat 2: LeandroAku ($1.50 in chips) 
Seat 3: 11lucas12 ($1.79 in chips) 
Seat 4: alfredohd13 ($0.83 in chips) 
Seat 5: Multitypes ($0.68 in chips) 
Seat 6: bearpaw47 ($1.95 in chips) 
Seat 7: Dorex2007 ($4.22 in chips) 
Seat 8: ROMARIO908 ($2.94 in chips) 
Seat 9: boryaif ($2 in chips) 
boryaif: posts small blind $0.01
MolsonCanuck: posts big blind $0.02
*** HOLE CARDS ***
Dealt to Dorex2007 [8s Jh]
LeandroAku: folds 
11lucas12: folds 
alfredohd13: folds 
Multitypes: calls $0.02
bearpaw47: folds 
Dorex2007: folds 
ROMARIO908: folds 
boryaif: folds 
MolsonCanuck: checks 
*** FLOP *** [Kh 6c 4d]
MolsonCanuck: checks 
Multitypes: checks 
*** TURN *** [Kh 6c 4d] [As]
MolsonCanuck: checks 
Multitypes: checks 
*** RIVER *** [Kh 6c 4d As] [5d]
MolsonCanuck: checks 
Multitypes: checks 
*** SHOW DOWN ***
MolsonCanuck: shows [Js 3s] (high card Ace)
Multitypes: shows [3h Qd] (high card Ace - King+Queen kicker)
Multitypes collected $0.05 from pot
*** SUMMARY ***
Total pot $0.05 | Rake $0 
Board [Kh 6c 4d As 5d]
Seat 1: MolsonCanuck (big blind) showed [Js 3s] and lost with high card Ace
Seat 2: LeandroAku folded before Flop (didn't bet)
Seat 3: 11lucas12 folded before Flop (didn't bet)
Seat 4: alfredohd13 folded before Flop (didn't bet)
Seat 5: Multitypes showed [3h Qd] and won ($0.05) with high card Ace
Seat 6: bearpaw47 folded before Flop (didn't bet)
Seat 7: Dorex2007 folded before Flop (didn't bet)
Seat 8: ROMARIO908 (button) folded before Flop (didn't bet)
Seat 9: boryaif (small blind) folded before Flop



PokerStars Hand #227866709233:  Hold'em No Limit ($0.01/$0.02 USD) - 2021/06/26 12:34:03 PT [2021/06/26 15:34:03 ET]
Table 'Io III' 9-max Seat #9 is the button
Seat 1: MolsonCanuck ($3.08 in chips) 
Seat 2: LeandroAku ($1.50 in chips) 
Seat 3: 11lucas12 ($1.79 in chips) 
Seat 4: alfredohd13 ($0.83 in chips) 
Seat 5: Multitypes ($0.71 in chips) 
Seat 6: bearpaw47 ($1.95 in chips) 
Seat 7: Dorex2007 ($4.22 in chips) 
Seat 8: ROMARIO908 ($2.94 in chips) 
Seat 9: boryaif ($2 in chips) 
MolsonCanuck: posts small blind $0.01
LeandroAku: posts big blind $0.02
*** HOLE CARDS ***
Dealt to Dorex2007 [9s Qh]
11lucas12: calls $0.02
alfredohd13: folds 
Multitypes: folds 
bearpaw47: folds 
Dorex2007: folds 
ROMARIO908: raises $0.03 to $0.05
boryaif: calls $0.05
MolsonCanuck: folds 
LeandroAku: folds 
11lucas12: calls $0.03
*** FLOP *** [Td Qs Tc]
11lucas12: checks 
ROMARIO908: bets $0.09
boryaif: folds 
11lucas12: folds 
Uncalled bet ($0.09) returned to ROMARIO908
ROMARIO908 collected $0.17 from pot
ROMARIO908: doesn't show hand 
*** SUMMARY ***
Total pot $0.18 | Rake $0.01 
Board [Td Qs Tc]
Seat 1: MolsonCanuck (small blind) folded before Flop
Seat 2: LeandroAku (big blind) folded before Flop
Seat 3: 11lucas12 folded on the Flop
Seat 4: alfredohd13 folded before Flop (didn't bet)
Seat 5: Multitypes folded before Flop (didn't bet)
Seat 6: bearpaw47 folded before Flop (didn't bet)
Seat 7: Dorex2007 folded before Flop (didn't bet)
Seat 8: ROMARIO908 collected ($0.17)
Seat 9: boryaif (button) folded on the Flop



PokerStars Hand #227866723776:  Hold'em No Limit ($0.01/$0.02 USD) - 2021/06/26 12:34:36 PT [2021/06/26 15:34:36 ET]
Table 'Io III' 9-max Seat #1 is the button
Seat 1: MolsonCanuck ($3.07 in chips) 
Seat 2: LeandroAku ($1.48 in chips) 
Seat 3: 11lucas12 ($1.74 in chips) 
Seat 4: alfredohd13 ($0.83 in chips) 
Seat 5: Multitypes ($0.71 in chips) 
Seat 6: bearpaw47 ($1.95 in chips) 
Seat 7: Dorex2007 ($4.22 in chips) 
Seat 8: ROMARIO908 ($3.06 in chips) 
Seat 9: boryaif ($2 in chips) 
LeandroAku: posts small blind $0.01
11lucas12: posts big blind $0.02
*** HOLE CARDS ***
Dealt to Dorex2007 [4d Ah]
alfredohd13: calls $0.02
Multitypes: raises $0.02 to $0.04
bearpaw47: folds 
Dorex2007: folds 
ROMARIO908: folds 
boryaif: folds 
MolsonCanuck: folds 
LeandroAku: calls $0.03
11lucas12: calls $0.02
alfredohd13: calls $0.02
*** FLOP *** [9s 2d Jh]
LeandroAku: checks 
11lucas12: checks 
alfredohd13: bets $0.79 and is all-in
Multitypes: folds 
LeandroAku: folds 
11lucas12: folds 
Uncalled bet ($0.79) returned to alfredohd13
alfredohd13 collected $0.15 from pot
alfredohd13: doesn't show hand 
*** SUMMARY ***
Total pot $0.16 | Rake $0.01 
Board [9s 2d Jh]
Seat 1: MolsonCanuck (button) folded before Flop (didn't bet)
Seat 2: LeandroAku (small blind) folded on the Flop
Seat 3: 11lucas12 (big blind) folded on the Flop
Seat 4: alfredohd13 collected ($0.15)
Seat 5: Multitypes folded on the Flop
Seat 6: bearpaw47 folded before Flop (didn't bet)
Seat 7: Dorex2007 folded before Flop (didn't bet)
Seat 8: ROMARIO908 folded before Flop (didn't bet)
Seat 9: boryaif folded before Flop (didn't bet)



PokerStars Hand #227866750634:  Hold'em No Limit ($0.01/$0.02 USD) - 2021/06/26 12:35:39 PT [2021/06/26 15:35:39 ET]
Table 'Io III' 9-max Seat #2 is the button
Seat 1: MolsonCanuck ($3.07 in chips) 
Seat 2: LeandroAku ($1.44 in chips) 
Seat 3: 11lucas12 ($1.70 in chips) 
Seat 4: alfredohd13 ($0.94 in chips) 
Seat 5: Multitypes ($0.67 in chips) 
Seat 6: bearpaw47 ($1.95 in chips) 
Seat 7: Dorex2007 ($4.22 in chips) 
Seat 8: ROMARIO908 ($3.06 in chips) 
Seat 9: boryaif ($2 in chips) 
11lucas12: posts small blind $0.01
alfredohd13: posts big blind $0.02
*** HOLE CARDS ***
Dealt to Dorex2007 [Td 2c]
Multitypes: calls $0.02
bearpaw47: folds 
Dorex2007: folds 
ROMARIO908: folds 
boryaif: folds 
MolsonCanuck: calls $0.02
LeandroAku: folds 
11lucas12: folds 
alfredohd13: checks 
*** FLOP *** [Qd Ks Jd]
alfredohd13: bets $0.07
Multitypes is disconnected 
Multitypes has timed out while being disconnected
Multitypes: folds 
MolsonCanuck: calls $0.07
*** TURN *** [Qd Ks Jd] [4c]
alfredohd13: bets $0.85 and is all-in
MolsonCanuck: calls $0.85
*** RIVER *** [Qd Ks Jd 4c] [5d]
*** SHOW DOWN ***
alfredohd13: shows [4h Kh] (two pair, Kings and Fours)
MolsonCanuck: shows [Qh Kd] (two pair, Kings and Queens)
MolsonCanuck collected $1.84 from pot
*** SUMMARY ***
Total pot $1.91 | Rake $0.07 
Board [Qd Ks Jd 4c 5d]
Seat 1: MolsonCanuck showed [Qh Kd] and won ($1.84) with two pair, Kings and Queens
Seat 2: LeandroAku (button) folded before Flop (didn't bet)
Seat 3: 11lucas12 (small blind) folded before Flop
Seat 4: alfredohd13 (big blind) showed [4h Kh] and lost with two pair, Kings and Fours
Seat 5: Multitypes folded on the Flop
Seat 6: bearpaw47 folded before Flop (didn't bet)
Seat 7: Dorex2007 folded before Flop (didn't bet)
Seat 8: ROMARIO908 folded before Flop (didn't bet)
Seat 9: boryaif folded before Flop (didn't bet)



PokerStars Hand #227866796811:  Hold'em No Limit ($0.01/$0.02 USD) - 2021/06/26 12:37:27 PT [2021/06/26 15:37:27 ET]
Table 'Io III' 9-max Seat #3 is the button
Seat 1: MolsonCanuck ($3.97 in chips) 
Seat 2: LeandroAku ($1.44 in chips) 
Seat 3: 11lucas12 ($1.69 in chips) 
Seat 6: bearpaw47 ($1.95 in chips) 
Seat 7: Dorex2007 ($4.22 in chips) 
Seat 8: ROMARIO908 ($3.06 in chips) 
Seat 9: boryaif ($2 in chips) 
bearpaw47: posts small blind $0.01
Dorex2007: posts big blind $0.02
*** HOLE CARDS ***
Dealt to Dorex2007 [2d 5h]
ROMARIO908: folds 
boryaif: folds 
MolsonCanuck: folds 
ROMARIO908 leaves the table
LeandroAku: folds 
11lucas12: folds 
bearpaw47: folds 
Uncalled bet ($0.01) returned to Dorex2007
Dorex2007 collected $0.02 from pot
Dorex2007: doesn't show hand 
*** SUMMARY ***
Total pot $0.02 | Rake $0 
Seat 1: MolsonCanuck folded before Flop (didn't bet)
Seat 2: LeandroAku folded before Flop (didn't bet)
Seat 3: 11lucas12 (button) folded before Flop (didn't bet)
Seat 6: bearpaw47 (small blind) folded before Flop
Seat 7: Dorex2007 (big blind) collected ($0.02)
Seat 8: ROMARIO908 folded before Flop (didn't bet)
Seat 9: boryaif folded before Flop (didn't bet)



PokerStars Hand #227866801587:  Hold'em No Limit ($0.01/$0.02 USD) - 2021/06/26 12:37:38 PT [2021/06/26 15:37:38 ET]
Table 'Io III' 9-max Seat #6 is the button
Seat 1: MolsonCanuck ($3.97 in chips) 
Seat 2: LeandroAku ($1.44 in chips) 
Seat 3: 11lucas12 ($1.69 in chips) 
Seat 6: bearpaw47 ($1.94 in chips) 
Seat 7: Dorex2007 ($4.23 in chips) 
Seat 9: boryaif ($2 in chips) 
Dorex2007: posts small blind $0.01
boryaif: posts big blind $0.02
Multitypes has timed out
Multitypes: is sitting out 
*** HOLE CARDS ***
Dealt to Dorex2007 [5c Ts]
MolsonCanuck: folds 
LeandroAku: folds 
11lucas12: calls $0.02
bearpaw47: folds 
Dorex2007: folds 
boryaif: checks 
*** FLOP *** [Qs 7h 2d]
MolsonCanuck leaves the table
LeandroAku leaves the table
boryaif: checks 
11lucas12: checks 
*** TURN *** [Qs 7h 2d] [Ah]
boryaif: checks 
11lucas12: checks 
*** RIVER *** [Qs 7h 2d Ah] [5h]
boryaif: bets $0.02
11lucas12: calls $0.02
*** SHOW DOWN ***
boryaif: shows [8s Qd] (a pair of Queens)
11lucas12: mucks hand 
boryaif collected $0.09 from pot
*** SUMMARY ***
Total pot $0.09 | Rake $0 
Board [Qs 7h 2d Ah 5h]
Seat 1: MolsonCanuck folded before Flop (didn't bet)
Seat 2: LeandroAku folded before Flop (didn't bet)
Seat 3: 11lucas12 mucked [9s Kh]
Seat 6: bearpaw47 (button) folded before Flop (didn't bet)
Seat 7: Dorex2007 (small blind) folded before Flop
Seat 9: boryaif (big blind) showed [8s Qd] and won ($0.09) with a pair of Queens



PokerStars Hand #227866816449:  Hold'em No Limit ($0.01/$0.02 USD) - 2021/06/26 12:38:13 PT [2021/06/26 15:38:13 ET]
Table 'Io III' 9-max Seat #7 is the button
Seat 3: 11lucas12 ($1.65 in chips) 
Seat 6: bearpaw47 ($1.94 in chips) 
Seat 7: Dorex2007 ($4.22 in chips) 
Seat 9: boryaif ($2.05 in chips) 
boryaif: posts small blind $0.01
11lucas12: posts big blind $0.02
*** HOLE CARDS ***
Dealt to Dorex2007 [Qs 8d]
bearpaw47: folds 
Dorex2007: folds 
boryaif: folds 
Uncalled bet ($0.01) returned to 11lucas12
11lucas12 collected $0.02 from pot
11lucas12: doesn't show hand 
*** SUMMARY ***
Total pot $0.02 | Rake $0 
Seat 3: 11lucas12 (big blind) collected ($0.02)
Seat 6: bearpaw47 folded before Flop (didn't bet)
Seat 7: Dorex2007 (button) folded before Flop (didn't bet)
Seat 9: boryaif (small blind) folded before Flop



PokerStars Hand #227866820883:  Hold'em No Limit ($0.01/$0.02 USD) - 2021/06/26 12:38:24 PT [2021/06/26 15:38:24 ET]
Table 'Io III' 9-max Seat #9 is the button
Seat 3: 11lucas12 ($1.66 in chips) 
Seat 6: bearpaw47 ($1.94 in chips) 
Seat 7: Dorex2007 ($4.22 in chips) 
Seat 9: boryaif ($2.04 in chips) 
11lucas12: posts small blind $0.01
bearpaw47: posts big blind $0.02
*** HOLE CARDS ***
Dealt to Dorex2007 [5h 2d]
Multitypes is disconnected 
Dorex2007: folds 
boryaif: folds 
11lucas12: raises $0.02 to $0.04
bearpaw47: folds 
Uncalled bet ($0.02) returned to 11lucas12
11lucas12 collected $0.04 from pot
11lucas12: doesn't show hand 
*** SUMMARY ***
Total pot $0.04 | Rake $0 
Seat 3: 11lucas12 (small blind) collected ($0.04)
Seat 6: bearpaw47 (big blind) folded before Flop
Seat 7: Dorex2007 folded before Flop (didn't bet)
Seat 9: boryaif (button) folded before Flop (didn't bet)



