PokerStars Hand #231246295275:  Hold'em No Limit ($0.01/$0.02 USD) - 2021/11/08 12:11:12 PT [2021/11/08 15:11:12 ET]
Table 'Indus II' 9-max Seat #3 is the button
Seat 1: k . A_063 ($2.27 in chips) 
Seat 2: Dorex2007 ($2 in chips) 
Seat 3: Popov128 ($2.11 in chips) 
Seat 4: secret1977 ($2 in chips) 
Seat 5: black.pantherx ($2.83 in chips) 
Seat 6: fhvty333432 ($0.80 in chips) 
Seat 7: PolinaKRS ($2.34 in chips) 
Seat 8: Nasson86 ($1.07 in chips) 
Seat 9: krylen4ik ($0.80 in chips) 
secret1977: posts small blind $0.01
black.pantherx: posts big blind $0.02
fhvty333432: posts big blind $0.02
Dorex2007: posts big blind $0.02
*** HOLE CARDS ***
Dealt to Dorex2007 [3s Js]
fhvty333432: checks 
PolinaKRS: folds 
Nasson86: folds 
krylen4ik: folds 
k . A_063: folds 
Dorex2007: checks 
Popov128: raises $0.06 to $0.08
secret1977: folds 
black.pantherx: folds 
fhvty333432: folds 
Dorex2007: folds 
Uncalled bet ($0.06) returned to Popov128
Popov128 collected $0.09 from pot
Popov128: doesn't show hand 
*** SUMMARY ***
Total pot $0.09 | Rake $0 
Seat 1: k . A_063 folded before Flop (didn't bet)
Seat 2: Dorex2007 folded before Flop (didn't bet)
Seat 3: Popov128 (button) collected ($0.09)
Seat 4: secret1977 (small blind) folded before Flop
Seat 5: black.pantherx (big blind) folded before Flop
Seat 6: fhvty333432 folded before Flop (didn't bet)
Seat 7: PolinaKRS folded before Flop (didn't bet)
Seat 8: Nasson86 folded before Flop (didn't bet)
Seat 9: krylen4ik folded before Flop (didn't bet)



PokerStars Hand #231246319518:  Hold'em No Limit ($0.01/$0.02 USD) - 2021/11/08 12:11:58 PT [2021/11/08 15:11:58 ET]
Table 'Indus II' 9-max Seat #4 is the button
Seat 1: k . A_063 ($2.27 in chips) 
Seat 2: Dorex2007 ($2 in chips) 
Seat 3: Popov128 ($2.18 in chips) 
Seat 4: secret1977 ($2 in chips) 
Seat 5: black.pantherx ($2.81 in chips) 
Seat 6: fhvty333432 ($0.78 in chips) 
Seat 7: PolinaKRS ($2.34 in chips) 
Seat 8: Nasson86 ($1.07 in chips) 
Seat 9: krylen4ik ($0.80 in chips) 
black.pantherx: posts small blind $0.01
fhvty333432: posts big blind $0.02
*** HOLE CARDS ***
Dealt to Dorex2007 [4s 6s]
PolinaKRS: folds 
Nasson86: folds 
krylen4ik: raises $0.04 to $0.06
k . A_063: folds 
Dorex2007 has timed out
Dorex2007: folds 
Popov128: calls $0.06
secret1977: folds 
black.pantherx: folds 
fhvty333432: calls $0.04
*** FLOP *** [2s Ac Ts]
fhvty333432: checks 
krylen4ik: bets $0.10
Popov128: folds 
fhvty333432: folds 
Uncalled bet ($0.10) returned to krylen4ik
krylen4ik collected $0.18 from pot
krylen4ik: doesn't show hand 
*** SUMMARY ***
Total pot $0.19 | Rake $0.01 
Board [2s Ac Ts]
Seat 1: k . A_063 folded before Flop (didn't bet)
Seat 2: Dorex2007 folded before Flop (didn't bet)
Seat 3: Popov128 folded on the Flop
Seat 4: secret1977 (button) folded before Flop (didn't bet)
Seat 5: black.pantherx (small blind) folded before Flop
Seat 6: fhvty333432 (big blind) folded on the Flop
Seat 7: PolinaKRS folded before Flop (didn't bet)
Seat 8: Nasson86 folded before Flop (didn't bet)
Seat 9: krylen4ik collected ($0.18)



PokerStars Hand #231246351191:  Hold'em No Limit ($0.01/$0.02 USD) - 2021/11/08 12:12:58 PT [2021/11/08 15:12:58 ET]
Table 'Indus II' 9-max Seat #5 is the button
Seat 1: k . A_063 ($2.27 in chips) 
Seat 2: Dorex2007 ($2 in chips) 
Seat 3: Popov128 ($2.12 in chips) 
Seat 4: secret1977 ($2 in chips) 
Seat 5: black.pantherx ($2.80 in chips) 
Seat 6: fhvty333432 ($0.72 in chips) 
Seat 7: PolinaKRS ($2.34 in chips) 
Seat 8: Nasson86 ($1.07 in chips) 
Seat 9: krylen4ik ($0.92 in chips) 
fhvty333432: posts small blind $0.01
PolinaKRS: posts big blind $0.02
*** HOLE CARDS ***
Dealt to Dorex2007 [6c 8h]
Nasson86: folds 
krylen4ik: folds 
k . A_063: folds 
Dorex2007: folds 
Popov128: raises $0.04 to $0.06
secret1977: raises $0.14 to $0.20
black.pantherx: folds 
fhvty333432: folds 
PolinaKRS: folds 
Popov128: calls $0.14
*** FLOP *** [8d 9c Qd]
Popov128: checks 
secret1977: bets $0.28
Popov128: calls $0.28
*** TURN *** [8d 9c Qd] [Qs]
Popov128: checks 
secret1977: bets $0.20
Popov128: calls $0.20
*** RIVER *** [8d 9c Qd Qs] [2h]
Popov128: checks 
secret1977: checks 
*** SHOW DOWN ***
Popov128: shows [Kd Jc] (a pair of Queens)
secret1977: shows [9s Js] (two pair, Queens and Nines)
secret1977 collected $1.34 from pot
*** SUMMARY ***
Total pot $1.39 | Rake $0.05 
Board [8d 9c Qd Qs 2h]
Seat 1: k . A_063 folded before Flop (didn't bet)
Seat 2: Dorex2007 folded before Flop (didn't bet)
Seat 3: Popov128 showed [Kd Jc] and lost with a pair of Queens
Seat 4: secret1977 showed [9s Js] and won ($1.34) with two pair, Queens and Nines
Seat 5: black.pantherx (button) folded before Flop (didn't bet)
Seat 6: fhvty333432 (small blind) folded before Flop
Seat 7: PolinaKRS (big blind) folded before Flop
Seat 8: Nasson86 folded before Flop (didn't bet)
Seat 9: krylen4ik folded before Flop (didn't bet)



PokerStars Hand #231246392843:  Hold'em No Limit ($0.01/$0.02 USD) - 2021/11/08 12:14:17 PT [2021/11/08 15:14:17 ET]
Table 'Indus II' 9-max Seat #6 is the button
Seat 1: k . A_063 ($2.27 in chips) 
Seat 2: Dorex2007 ($2 in chips) 
Seat 3: Popov128 ($1.44 in chips) 
Seat 4: secret1977 ($2.66 in chips) 
Seat 5: black.pantherx ($2.80 in chips) 
Seat 6: fhvty333432 ($0.71 in chips) 
Seat 7: PolinaKRS ($2.32 in chips) 
Seat 8: Nasson86 ($1.07 in chips) 
Seat 9: krylen4ik ($0.92 in chips) 
PolinaKRS: posts small blind $0.01
Nasson86: posts big blind $0.02
*** HOLE CARDS ***
Dealt to Dorex2007 [Jc Qs]
krylen4ik: raises $0.04 to $0.06
k . A_063: folds 
Dorex2007: folds 
Popov128: calls $0.06
secret1977: folds 
black.pantherx: folds 
fhvty333432: calls $0.06
PolinaKRS: folds 
Nasson86: folds 
*** FLOP *** [Qd 9s 6s]
krylen4ik: checks 
Popov128: checks 
fhvty333432: checks 
*** TURN *** [Qd 9s 6s] [Kh]
krylen4ik: checks 
Popov128: bets $0.10
fhvty333432: calls $0.10
krylen4ik: folds 
*** RIVER *** [Qd 9s 6s Kh] [9h]
Popov128: bets $1.28 and is all-in
fhvty333432: folds 
Uncalled bet ($1.28) returned to Popov128
Popov128 collected $0.40 from pot
Popov128: doesn't show hand 
*** SUMMARY ***
Total pot $0.41 | Rake $0.01 
Board [Qd 9s 6s Kh 9h]
Seat 1: k . A_063 folded before Flop (didn't bet)
Seat 2: Dorex2007 folded before Flop (didn't bet)
Seat 3: Popov128 collected ($0.40)
Seat 4: secret1977 folded before Flop (didn't bet)
Seat 5: black.pantherx folded before Flop (didn't bet)
Seat 6: fhvty333432 (button) folded on the River
Seat 7: PolinaKRS (small blind) folded before Flop
Seat 8: Nasson86 (big blind) folded before Flop
Seat 9: krylen4ik folded on the Turn



PokerStars Hand #231246430598:  Hold'em No Limit ($0.01/$0.02 USD) - 2021/11/08 12:15:28 PT [2021/11/08 15:15:28 ET]
Table 'Indus II' 9-max Seat #7 is the button
Seat 1: k . A_063 ($2.27 in chips) 
Seat 2: Dorex2007 ($2 in chips) 
Seat 3: Popov128 ($1.68 in chips) 
Seat 4: secret1977 ($2.66 in chips) 
Seat 5: black.pantherx ($2.80 in chips) 
Seat 6: fhvty333432 ($0.55 in chips) 
Seat 7: PolinaKRS ($2.31 in chips) 
Seat 8: Nasson86 ($1.05 in chips) 
Nasson86: posts small blind $0.01
krylen4ik: is sitting out 
k . A_063: posts big blind $0.02
*** HOLE CARDS ***
Dealt to Dorex2007 [Kh Ac]
Dorex2007: raises $0.04 to $0.06
Popov128: calls $0.06
secret1977: folds 
krylen4ik leaves the table
black.pantherx: folds 
fhvty333432: folds 
PolinaKRS: folds 
Nasson86: folds 
RomaHTC_AA joins the table at seat #9 
k . A_063: folds 
*** FLOP *** [3d Tc Jc]
Dorex2007: bets $0.07
Popov128: raises $0.13 to $0.20
Dorex2007: folds 
Uncalled bet ($0.13) returned to Popov128
Popov128 collected $0.28 from pot
Popov128: doesn't show hand 
*** SUMMARY ***
Total pot $0.29 | Rake $0.01 
Board [3d Tc Jc]
Seat 1: k . A_063 (big blind) folded before Flop
Seat 2: Dorex2007 folded on the Flop
Seat 3: Popov128 collected ($0.28)
Seat 4: secret1977 folded before Flop (didn't bet)
Seat 5: black.pantherx folded before Flop (didn't bet)
Seat 6: fhvty333432 folded before Flop (didn't bet)
Seat 7: PolinaKRS (button) folded before Flop (didn't bet)
Seat 8: Nasson86 (small blind) folded before Flop



PokerStars Hand #231246447571:  Hold'em No Limit ($0.01/$0.02 USD) - 2021/11/08 12:16:00 PT [2021/11/08 15:16:00 ET]
Table 'Indus II' 9-max Seat #8 is the button
Seat 1: k . A_063 ($2.25 in chips) 
Seat 2: Dorex2007 ($2 in chips) 
Seat 3: Popov128 ($1.83 in chips) 
Seat 4: secret1977 ($2.66 in chips) 
Seat 5: black.pantherx ($2.80 in chips) 
Seat 6: fhvty333432 ($0.55 in chips) 
Seat 7: PolinaKRS ($2.31 in chips) 
Seat 8: Nasson86 ($1.04 in chips) 
k . A_063: posts small blind $0.01
Dorex2007: posts big blind $0.02
*** HOLE CARDS ***
Dealt to Dorex2007 [4d 2h]
Popov128: raises $0.08 to $0.10
secret1977: folds 
black.pantherx: folds 
fhvty333432: folds 
PolinaKRS: folds 
Nasson86: folds 
k . A_063: folds 
Dorex2007: folds 
Uncalled bet ($0.08) returned to Popov128
Popov128 collected $0.05 from pot
Popov128: doesn't show hand 
*** SUMMARY ***
Total pot $0.05 | Rake $0 
Seat 1: k . A_063 (small blind) folded before Flop
Seat 2: Dorex2007 (big blind) folded before Flop
Seat 3: Popov128 collected ($0.05)
Seat 4: secret1977 folded before Flop (didn't bet)
Seat 5: black.pantherx folded before Flop (didn't bet)
Seat 6: fhvty333432 folded before Flop (didn't bet)
Seat 7: PolinaKRS folded before Flop (didn't bet)
Seat 8: Nasson86 (button) folded before Flop (didn't bet)



PokerStars Hand #231246464338:  Hold'em No Limit ($0.01/$0.02 USD) - 2021/11/08 12:16:32 PT [2021/11/08 15:16:32 ET]
Table 'Indus II' 9-max Seat #1 is the button
Seat 1: k . A_063 ($2.24 in chips) 
Seat 2: Dorex2007 ($2 in chips) 
Seat 3: Popov128 ($1.86 in chips) 
Seat 4: secret1977 ($2.66 in chips) 
Seat 5: black.pantherx ($2.80 in chips) 
Seat 6: fhvty333432 ($0.55 in chips) 
Seat 7: PolinaKRS ($2.31 in chips) 
Seat 8: Nasson86 ($1.04 in chips) 
Dorex2007: posts small blind $0.01
Popov128: posts big blind $0.02
RomaHTC_AA: sits out 
*** HOLE CARDS ***
Dealt to Dorex2007 [Jd Tc]
secret1977: folds 
black.pantherx: folds 
fhvty333432: folds 
PolinaKRS: folds 
Nasson86: folds 
k . A_063: folds 
Dorex2007: raises $0.02 to $0.04
Popov128: raises $0.06 to $0.10
Dorex2007: calls $0.06
*** FLOP *** [6h 5h Th]
Dorex2007: checks 
Popov128: bets $0.10
Dorex2007: raises $1.80 to $1.90 and is all-in
Popov128: folds 
Uncalled bet ($1.80) returned to Dorex2007
Dorex2007 collected $0.39 from pot
Dorex2007: doesn't show hand 
*** SUMMARY ***
Total pot $0.40 | Rake $0.01 
Board [6h 5h Th]
Seat 1: k . A_063 (button) folded before Flop (didn't bet)
Seat 2: Dorex2007 (small blind) collected ($0.39)
Seat 3: Popov128 (big blind) folded on the Flop
Seat 4: secret1977 folded before Flop (didn't bet)
Seat 5: black.pantherx folded before Flop (didn't bet)
Seat 6: fhvty333432 folded before Flop (didn't bet)
Seat 7: PolinaKRS folded before Flop (didn't bet)
Seat 8: Nasson86 folded before Flop (didn't bet)



PokerStars Hand #231246490024:  Hold'em No Limit ($0.01/$0.02 USD) - 2021/11/08 12:17:21 PT [2021/11/08 15:17:21 ET]
Table 'Indus II' 9-max Seat #2 is the button
Seat 1: k . A_063 ($2.24 in chips) 
Seat 2: Dorex2007 ($2.19 in chips) 
Seat 3: Popov128 ($1.66 in chips) 
Seat 4: secret1977 ($2.66 in chips) 
Seat 5: black.pantherx ($2.80 in chips) 
Seat 6: fhvty333432 ($0.55 in chips) 
Seat 7: PolinaKRS ($2.31 in chips) 
Seat 8: Nasson86 ($1.04 in chips) 
Popov128: posts small blind $0.01
secret1977: posts big blind $0.02
RomaHTC_AA: sits out 
*** HOLE CARDS ***
Dealt to Dorex2007 [As Jd]
black.pantherx: folds 
fhvty333432: folds 
PolinaKRS: folds 
Nasson86: folds 
k . A_063: folds 
Dorex2007: raises $0.02 to $0.04
Popov128: calls $0.03
secret1977: folds 
*** FLOP *** [2h 2s Js]
Popov128: bets $0.06
Dorex2007: raises $0.22 to $0.28
Popov128: raises $0.22 to $0.50
Dorex2007: calls $0.22
*** TURN *** [2h 2s Js] [2d]
Popov128: bets $1.12 and is all-in
Dorex2007: calls $1.12
*** RIVER *** [2h 2s Js 2d] [4s]
*** SHOW DOWN ***
Popov128: shows [Jh 5s] (a full house, Deuces full of Jacks)
Dorex2007: shows [As Jd] (a full house, Deuces full of Jacks)
Popov128 collected $1.59 from pot
Dorex2007 collected $1.61 from pot
*** SUMMARY ***
Total pot $3.34 | Rake $0.14 
Board [2h 2s Js 2d 4s]
Seat 1: k . A_063 folded before Flop (didn't bet)
Seat 2: Dorex2007 (button) showed [As Jd] and won ($1.61) with a full house, Deuces full of Jacks
Seat 3: Popov128 (small blind) showed [Jh 5s] and won ($1.59) with a full house, Deuces full of Jacks
Seat 4: secret1977 (big blind) folded before Flop
Seat 5: black.pantherx folded before Flop (didn't bet)
Seat 6: fhvty333432 folded before Flop (didn't bet)
Seat 7: PolinaKRS folded before Flop (didn't bet)
Seat 8: Nasson86 folded before Flop (didn't bet)



PokerStars Hand #231246543830:  Hold'em No Limit ($0.01/$0.02 USD) - 2021/11/08 12:18:45 PT [2021/11/08 15:18:45 ET]
Table 'Indus II' 9-max Seat #3 is the button
Seat 1: k . A_063 ($2.24 in chips) 
Seat 2: Dorex2007 ($2.14 in chips) 
Seat 3: Popov128 ($1.59 in chips) 
Seat 4: secret1977 ($2.64 in chips) 
Seat 5: black.pantherx ($2.80 in chips) 
Seat 6: fhvty333432 ($0.55 in chips) 
Seat 7: PolinaKRS ($2.31 in chips) 
Seat 8: Nasson86 ($1.04 in chips) 
secret1977: posts small blind $0.01
black.pantherx: posts big blind $0.02
RomaHTC_AA: sits out 
*** HOLE CARDS ***
Dealt to Dorex2007 [9s Ts]
fhvty333432: calls $0.02
PolinaKRS: folds 
Nasson86: folds 
k . A_063: folds 
Dorex2007: folds 
Popov128: raises $0.07 to $0.09
secret1977: folds 
black.pantherx: folds 
fhvty333432: calls $0.07
*** FLOP *** [9d 6d Tc]
fhvty333432: bets $0.02
Popov128: raises $0.02 to $0.04
fhvty333432: calls $0.02
*** TURN *** [9d 6d Tc] [Js]
fhvty333432: checks 
Popov128: bets $0.28
fhvty333432: folds 
Uncalled bet ($0.28) returned to Popov128
Popov128 collected $0.28 from pot
Popov128: doesn't show hand 
*** SUMMARY ***
Total pot $0.29 | Rake $0.01 
Board [9d 6d Tc Js]
Seat 1: k . A_063 folded before Flop (didn't bet)
Seat 2: Dorex2007 folded before Flop (didn't bet)
Seat 3: Popov128 (button) collected ($0.28)
Seat 4: secret1977 (small blind) folded before Flop
Seat 5: black.pantherx (big blind) folded before Flop
Seat 6: fhvty333432 folded on the Turn
Seat 7: PolinaKRS folded before Flop (didn't bet)
Seat 8: Nasson86 folded before Flop (didn't bet)



PokerStars Hand #231246580763:  Hold'em No Limit ($0.01/$0.02 USD) - 2021/11/08 12:19:54 PT [2021/11/08 15:19:54 ET]
Table 'Indus II' 9-max Seat #4 is the button
Seat 1: k . A_063 ($2.24 in chips) 
Seat 2: Dorex2007 ($2.14 in chips) 
Seat 3: Popov128 ($1.74 in chips) 
Seat 4: secret1977 ($2.63 in chips) 
Seat 5: black.pantherx ($2.78 in chips) 
Seat 6: fhvty333432 ($0.42 in chips) 
Seat 7: PolinaKRS ($2.31 in chips) 
Seat 8: Nasson86 ($1.04 in chips) 
black.pantherx: posts small blind $0.01
fhvty333432: posts big blind $0.02
RomaHTC_AA: sits out 
*** HOLE CARDS ***
Dealt to Dorex2007 [7h 6s]
PolinaKRS: folds 
Nasson86: folds 
k . A_063: folds 
Dorex2007: folds 
Popov128: raises $0.04 to $0.06
secret1977: raises $0.28 to $0.34
black.pantherx: folds 
fhvty333432: raises $0.08 to $0.42 and is all-in
Popov128: folds 
secret1977: calls $0.08
*** FLOP *** [4s Kh 2s]
*** TURN *** [4s Kh 2s] [8h]
*** RIVER *** [4s Kh 2s 8h] [Ts]
*** SHOW DOWN ***
fhvty333432: shows [Kd Ks] (three of a kind, Kings)
secret1977: shows [Ad Ac] (a pair of Aces)
fhvty333432 collected $0.88 from pot
*** SUMMARY ***
Total pot $0.91 | Rake $0.03 
Board [4s Kh 2s 8h Ts]
Seat 1: k . A_063 folded before Flop (didn't bet)
Seat 2: Dorex2007 folded before Flop (didn't bet)
Seat 3: Popov128 folded before Flop
Seat 4: secret1977 (button) showed [Ad Ac] and lost with a pair of Aces
Seat 5: black.pantherx (small blind) folded before Flop
Seat 6: fhvty333432 (big blind) showed [Kd Ks] and won ($0.88) with three of a kind, Kings
Seat 7: PolinaKRS folded before Flop (didn't bet)
Seat 8: Nasson86 folded before Flop (didn't bet)



PokerStars Hand #231246604079:  Hold'em No Limit ($0.01/$0.02 USD) - 2021/11/08 12:20:39 PT [2021/11/08 15:20:39 ET]
Table 'Indus II' 9-max Seat #5 is the button
Seat 1: k . A_063 ($2.24 in chips) 
Seat 2: Dorex2007 ($2.14 in chips) 
Seat 3: Popov128 ($1.68 in chips) 
Seat 4: secret1977 ($2.21 in chips) 
Seat 5: black.pantherx ($2.77 in chips) 
Seat 6: fhvty333432 ($0.88 in chips) 
Seat 7: PolinaKRS ($2.31 in chips) 
Seat 8: Nasson86 ($1.04 in chips) 
fhvty333432: posts small blind $0.01
PolinaKRS: posts big blind $0.02
RomaHTC_AA: sits out 
*** HOLE CARDS ***
Dealt to Dorex2007 [Js 7s]
Nasson86: folds 
k . A_063: folds 
Dorex2007: folds 
Popov128: raises $0.04 to $0.06
secret1977: calls $0.06
black.pantherx: calls $0.06
fhvty333432: calls $0.05
PolinaKRS: folds 
*** FLOP *** [2d Ah Jd]
Nasson86 leaves the table
fhvty333432: checks 
Popov128: bets $0.12
secret1977: folds 
black.pantherx: folds 
fhvty333432: folds 
Uncalled bet ($0.12) returned to Popov128
Popov128 collected $0.25 from pot
Popov128: doesn't show hand 
*** SUMMARY ***
Total pot $0.26 | Rake $0.01 
Board [2d Ah Jd]
Seat 1: k . A_063 folded before Flop (didn't bet)
Seat 2: Dorex2007 folded before Flop (didn't bet)
Seat 3: Popov128 collected ($0.25)
Seat 4: secret1977 folded on the Flop
Seat 5: black.pantherx (button) folded on the Flop
Seat 6: fhvty333432 (small blind) folded on the Flop
Seat 7: PolinaKRS (big blind) folded before Flop
Seat 8: Nasson86 folded before Flop (didn't bet)



PokerStars Hand #231246627536:  Hold'em No Limit ($0.01/$0.02 USD) - 2021/11/08 12:21:23 PT [2021/11/08 15:21:23 ET]
Table 'Indus II' 9-max Seat #6 is the button
Seat 1: k . A_063 ($2.24 in chips) 
Seat 2: Dorex2007 ($2.14 in chips) 
Seat 3: Popov128 ($1.87 in chips) 
Seat 4: secret1977 ($2.15 in chips) 
Seat 5: black.pantherx ($2.71 in chips) 
Seat 6: fhvty333432 ($0.82 in chips) 
Seat 7: PolinaKRS ($2.29 in chips) 
Seat 9: RomaHTC_AA ($2 in chips) 
PolinaKRS: posts small blind $0.01
RomaHTC_AA: posts big blind $0.02
*** HOLE CARDS ***
Dealt to Dorex2007 [2s Ks]
k . A_063: folds 
Dorex2007: folds 
Popov128: folds 
secret1977: folds 
black.pantherx: raises $0.05 to $0.07
fhvty333432: folds 
PolinaKRS: folds 
RomaHTC_AA: folds 
Uncalled bet ($0.05) returned to black.pantherx
black.pantherx collected $0.05 from pot
black.pantherx: doesn't show hand 
*** SUMMARY ***
Total pot $0.05 | Rake $0 
Seat 1: k . A_063 folded before Flop (didn't bet)
Seat 2: Dorex2007 folded before Flop (didn't bet)
Seat 3: Popov128 folded before Flop (didn't bet)
Seat 4: secret1977 folded before Flop (didn't bet)
Seat 5: black.pantherx collected ($0.05)
Seat 6: fhvty333432 (button) folded before Flop (didn't bet)
Seat 7: PolinaKRS (small blind) folded before Flop
Seat 9: RomaHTC_AA (big blind) folded before Flop



PokerStars Hand #231246639722:  Hold'em No Limit ($0.01/$0.02 USD) - 2021/11/08 12:21:47 PT [2021/11/08 15:21:47 ET]
Table 'Indus II' 9-max Seat #7 is the button
Seat 1: k . A_063 ($2.24 in chips) 
Seat 2: Dorex2007 ($2.14 in chips) 
Seat 3: Popov128 ($1.87 in chips) 
Seat 4: secret1977 ($2.15 in chips) 
Seat 5: black.pantherx ($2.74 in chips) 
Seat 6: fhvty333432 ($0.82 in chips) 
Seat 7: PolinaKRS ($2.28 in chips) 
Seat 9: RomaHTC_AA ($2 in chips) 
RomaHTC_AA: posts small blind $0.01
k . A_063: posts big blind $0.02
*** HOLE CARDS ***
Dealt to Dorex2007 [4c Ad]
Dorex2007: folds 
Popov128 has timed out
Popov128: folds 
secret1977: folds 
black.pantherx: folds 
fhvty333432: folds 
PolinaKRS: folds 
RomaHTC_AA: raises $0.06 to $0.08
k . A_063: folds 
Uncalled bet ($0.06) returned to RomaHTC_AA
RomaHTC_AA collected $0.04 from pot
*** SUMMARY ***
Total pot $0.04 | Rake $0 
Seat 1: k . A_063 (big blind) folded before Flop
Seat 2: Dorex2007 folded before Flop (didn't bet)
Seat 3: Popov128 folded before Flop (didn't bet)
Seat 4: secret1977 folded before Flop (didn't bet)
Seat 5: black.pantherx folded before Flop (didn't bet)
Seat 6: fhvty333432 folded before Flop (didn't bet)
Seat 7: PolinaKRS (button) folded before Flop (didn't bet)
Seat 9: RomaHTC_AA (small blind) collected ($0.04)



PokerStars Hand #231246654396:  Hold'em No Limit ($0.01/$0.02 USD) - 2021/11/08 12:22:15 PT [2021/11/08 15:22:15 ET]
Table 'Indus II' 9-max Seat #9 is the button
Seat 1: k . A_063 ($2.22 in chips) 
Seat 2: Dorex2007 ($2.14 in chips) 
Seat 3: Popov128 ($1.87 in chips) 
Seat 4: secret1977 ($2.15 in chips) 
Seat 5: black.pantherx ($2.74 in chips) 
Seat 6: fhvty333432 ($0.82 in chips) 
Seat 7: PolinaKRS ($2.28 in chips) 
Seat 9: RomaHTC_AA ($2.02 in chips) 
k . A_063: posts small blind $0.01
Dorex2007: posts big blind $0.02
*** HOLE CARDS ***
Dealt to Dorex2007 [5h 4c]
Popov128: raises $0.04 to $0.06
secret1977: folds 
black.pantherx: folds 
fhvty333432: folds 
PolinaKRS: folds 
RomaHTC_AA: folds 
k . A_063: folds 
Dorex2007: folds 
Uncalled bet ($0.04) returned to Popov128
Popov128 collected $0.05 from pot
Popov128: doesn't show hand 
*** SUMMARY ***
Total pot $0.05 | Rake $0 
Seat 1: k . A_063 (small blind) folded before Flop
Seat 2: Dorex2007 (big blind) folded before Flop
Seat 3: Popov128 collected ($0.05)
Seat 4: secret1977 folded before Flop (didn't bet)
Seat 5: black.pantherx folded before Flop (didn't bet)
Seat 6: fhvty333432 folded before Flop (didn't bet)
Seat 7: PolinaKRS folded before Flop (didn't bet)
Seat 9: RomaHTC_AA (button) folded before Flop (didn't bet)



PokerStars Hand #231246667075:  Hold'em No Limit ($0.01/$0.02 USD) - 2021/11/08 12:22:39 PT [2021/11/08 15:22:39 ET]
Table 'Indus II' 9-max Seat #1 is the button
Seat 1: k . A_063 ($2.21 in chips) 
Seat 2: Dorex2007 ($2.12 in chips) 
Seat 3: Popov128 ($1.90 in chips) 
Seat 4: secret1977 ($2.15 in chips) 
Seat 5: black.pantherx ($2.74 in chips) 
Seat 6: fhvty333432 ($0.82 in chips) 
Seat 7: PolinaKRS ($2.28 in chips) 
Seat 9: RomaHTC_AA ($2.02 in chips) 
Dorex2007: posts small blind $0.01
Popov128: posts big blind $0.02
*** HOLE CARDS ***
Dealt to Dorex2007 [2h Th]
secret1977: folds 
black.pantherx: folds 
fhvty333432: folds 
PolinaKRS: folds 
RomaHTC_AA: folds 
k . A_063: raises $0.04 to $0.06
Dorex2007: folds 
Popov128: calls $0.04
*** FLOP *** [5d Ac 7s]
Popov128: bets $0.08
k . A_063: raises $0.14 to $0.22
Popov128: calls $0.14
*** TURN *** [5d Ac 7s] [9d]
Popov128: checks 
k . A_063: checks 
*** RIVER *** [5d Ac 7s 9d] [9h]
Popov128: bets $0.20
k . A_063: calls $0.20
*** SHOW DOWN ***
Popov128: shows [Tc 5c] (two pair, Nines and Fives)
k . A_063: shows [Ah Td] (two pair, Aces and Nines)
k . A_063 collected $0.94 from pot
CLoneDJEDI joins the table at seat #8 
*** SUMMARY ***
Total pot $0.97 | Rake $0.03 
Board [5d Ac 7s 9d 9h]
Seat 1: k . A_063 (button) showed [Ah Td] and won ($0.94) with two pair, Aces and Nines
Seat 2: Dorex2007 (small blind) folded before Flop
Seat 3: Popov128 (big blind) showed [Tc 5c] and lost with two pair, Nines and Fives
Seat 4: secret1977 folded before Flop (didn't bet)
Seat 5: black.pantherx folded before Flop (didn't bet)
Seat 6: fhvty333432 folded before Flop (didn't bet)
Seat 7: PolinaKRS folded before Flop (didn't bet)
Seat 9: RomaHTC_AA folded before Flop (didn't bet)



PokerStars Hand #231246715220:  Hold'em No Limit ($0.01/$0.02 USD) - 2021/11/08 12:24:10 PT [2021/11/08 15:24:10 ET]
Table 'Indus II' 9-max Seat #2 is the button
Seat 1: k . A_063 ($2.67 in chips) 
Seat 2: Dorex2007 ($2.11 in chips) 
Seat 3: Popov128 ($1.42 in chips) 
Seat 4: secret1977 ($2.15 in chips) 
Seat 5: black.pantherx ($2.74 in chips) 
Seat 6: fhvty333432 ($0.82 in chips) 
Seat 7: PolinaKRS ($2.28 in chips) 
Seat 9: RomaHTC_AA ($2.02 in chips) 
Popov128: posts small blind $0.01
secret1977: posts big blind $0.02
CLoneDJEDI: sits out 
*** HOLE CARDS ***
Dealt to Dorex2007 [3c 3h]
black.pantherx: folds 
fhvty333432: folds 
PolinaKRS: folds 
RomaHTC_AA: folds 
k . A_063: folds 
Dorex2007: raises $0.04 to $0.06
Popov128: folds 
secret1977: folds 
Uncalled bet ($0.04) returned to Dorex2007
Dorex2007 collected $0.05 from pot
Dorex2007: doesn't show hand 
*** SUMMARY ***
Total pot $0.05 | Rake $0 
Seat 1: k . A_063 folded before Flop (didn't bet)
Seat 2: Dorex2007 (button) collected ($0.05)
Seat 3: Popov128 (small blind) folded before Flop
Seat 4: secret1977 (big blind) folded before Flop
Seat 5: black.pantherx folded before Flop (didn't bet)
Seat 6: fhvty333432 folded before Flop (didn't bet)
Seat 7: PolinaKRS folded before Flop (didn't bet)
Seat 9: RomaHTC_AA folded before Flop (didn't bet)



PokerStars Hand #231246725730:  Hold'em No Limit ($0.01/$0.02 USD) - 2021/11/08 12:24:29 PT [2021/11/08 15:24:29 ET]
Table 'Indus II' 9-max Seat #3 is the button
Seat 1: k . A_063 ($2.67 in chips) 
Seat 2: Dorex2007 ($2.14 in chips) 
Seat 3: Popov128 ($1.41 in chips) 
Seat 4: secret1977 ($2.13 in chips) 
Seat 5: black.pantherx ($2.74 in chips) 
Seat 6: fhvty333432 ($0.82 in chips) 
Seat 7: PolinaKRS ($2.28 in chips) 
Seat 9: RomaHTC_AA ($2.02 in chips) 
secret1977: posts small blind $0.01
black.pantherx: posts big blind $0.02
CLoneDJEDI: sits out 
*** HOLE CARDS ***
Dealt to Dorex2007 [2d 7c]
fhvty333432: calls $0.02
PolinaKRS: folds 
RomaHTC_AA: folds 
k . A_063: folds 
Dorex2007: folds 
Popov128: raises $0.07 to $0.09
secret1977: folds 
black.pantherx: folds 
fhvty333432: calls $0.07
*** FLOP *** [4h 9h Ah]
fhvty333432: checks 
Popov128: bets $0.10
fhvty333432: folds 
Uncalled bet ($0.10) returned to Popov128
Popov128 collected $0.20 from pot
Popov128: doesn't show hand 
*** SUMMARY ***
Total pot $0.21 | Rake $0.01 
Board [4h 9h Ah]
Seat 1: k . A_063 folded before Flop (didn't bet)
Seat 2: Dorex2007 folded before Flop (didn't bet)
Seat 3: Popov128 (button) collected ($0.20)
Seat 4: secret1977 (small blind) folded before Flop
Seat 5: black.pantherx (big blind) folded before Flop
Seat 6: fhvty333432 folded on the Flop
Seat 7: PolinaKRS folded before Flop (didn't bet)
Seat 9: RomaHTC_AA folded before Flop (didn't bet)



PokerStars Hand #231246744353:  Hold'em No Limit ($0.01/$0.02 USD) - 2021/11/08 12:25:05 PT [2021/11/08 15:25:05 ET]
Table 'Indus II' 9-max Seat #4 is the button
Seat 1: k . A_063 ($2.67 in chips) 
Seat 2: Dorex2007 ($2.14 in chips) 
Seat 3: Popov128 ($1.52 in chips) 
Seat 4: secret1977 ($2.12 in chips) 
Seat 5: black.pantherx ($2.72 in chips) 
Seat 6: fhvty333432 ($0.73 in chips) 
Seat 7: PolinaKRS ($2.28 in chips) 
Seat 8: CLoneDJEDI ($0.80 in chips) 
Seat 9: RomaHTC_AA ($2.02 in chips) 
black.pantherx: posts small blind $0.01
fhvty333432: posts big blind $0.02
CLoneDJEDI: posts big blind $0.02
*** HOLE CARDS ***
Dealt to Dorex2007 [Td 2d]
PolinaKRS: folds 
CLoneDJEDI: checks 
RomaHTC_AA: raises $0.06 to $0.08
k . A_063: calls $0.08
Dorex2007: folds 
Popov128: folds 
secret1977: folds 
black.pantherx: folds 
fhvty333432: folds 
CLoneDJEDI: folds 
*** FLOP *** [Kd Jc 9c]
RomaHTC_AA: bets $0.10
k . A_063: folds 
Uncalled bet ($0.10) returned to RomaHTC_AA
RomaHTC_AA collected $0.20 from pot
*** SUMMARY ***
Total pot $0.21 | Rake $0.01 
Board [Kd Jc 9c]
Seat 1: k . A_063 folded on the Flop
Seat 2: Dorex2007 folded before Flop (didn't bet)
Seat 3: Popov128 folded before Flop (didn't bet)
Seat 4: secret1977 (button) folded before Flop (didn't bet)
Seat 5: black.pantherx (small blind) folded before Flop
Seat 6: fhvty333432 (big blind) folded before Flop
Seat 7: PolinaKRS folded before Flop (didn't bet)
Seat 8: CLoneDJEDI folded before Flop (didn't bet)
Seat 9: RomaHTC_AA collected ($0.20)



PokerStars Hand #231246763641:  Hold'em No Limit ($0.01/$0.02 USD) - 2021/11/08 12:25:41 PT [2021/11/08 15:25:41 ET]
Table 'Indus II' 9-max Seat #5 is the button
Seat 1: k . A_063 ($2.59 in chips) 
Seat 2: Dorex2007 ($2.14 in chips) 
Seat 3: Popov128 ($1.52 in chips) 
Seat 4: secret1977 ($2.12 in chips) 
Seat 5: black.pantherx ($2.71 in chips) 
Seat 6: fhvty333432 ($0.71 in chips) 
Seat 7: PolinaKRS ($2.28 in chips) 
Seat 8: CLoneDJEDI ($0.78 in chips) 
Seat 9: RomaHTC_AA ($2.14 in chips) 
fhvty333432: posts small blind $0.01
PolinaKRS: posts big blind $0.02
*** HOLE CARDS ***
Dealt to Dorex2007 [2c 4h]
CLoneDJEDI: calls $0.02
RomaHTC_AA: raises $0.04 to $0.06
k . A_063: folds 
Dorex2007: folds 
Popov128: folds 
secret1977: folds 
black.pantherx: folds 
fhvty333432: calls $0.05
PolinaKRS: folds 
CLoneDJEDI: calls $0.04
*** FLOP *** [3h 5d 7s]
fhvty333432: bets $0.02
CLoneDJEDI: calls $0.02
RomaHTC_AA: calls $0.02
*** TURN *** [3h 5d 7s] [9s]
fhvty333432: bets $0.04
CLoneDJEDI: calls $0.04
RomaHTC_AA: folds 
*** RIVER *** [3h 5d 7s 9s] [9d]
fhvty333432: bets $0.18
CLoneDJEDI: calls $0.18
*** SHOW DOWN ***
fhvty333432: shows [9h Qh] (three of a kind, Nines)
CLoneDJEDI: mucks hand 
fhvty333432 collected $0.68 from pot
*** SUMMARY ***
Total pot $0.70 | Rake $0.02 
Board [3h 5d 7s 9s 9d]
Seat 1: k . A_063 folded before Flop (didn't bet)
Seat 2: Dorex2007 folded before Flop (didn't bet)
Seat 3: Popov128 folded before Flop (didn't bet)
Seat 4: secret1977 folded before Flop (didn't bet)
Seat 5: black.pantherx (button) folded before Flop (didn't bet)
Seat 6: fhvty333432 (small blind) showed [9h Qh] and won ($0.68) with three of a kind, Nines
Seat 7: PolinaKRS (big blind) folded before Flop
Seat 8: CLoneDJEDI mucked [7c Ah]
Seat 9: RomaHTC_AA folded on the Turn



PokerStars Hand #231246792764:  Hold'em No Limit ($0.01/$0.02 USD) - 2021/11/08 12:26:36 PT [2021/11/08 15:26:36 ET]
Table 'Indus II' 9-max Seat #6 is the button
Seat 1: k . A_063 ($2.59 in chips) 
Seat 2: Dorex2007 ($2.14 in chips) 
Seat 3: Popov128 ($1.52 in chips) 
Seat 4: secret1977 ($2.12 in chips) 
Seat 5: black.pantherx ($2.71 in chips) 
Seat 6: fhvty333432 ($1.09 in chips) 
Seat 7: PolinaKRS ($2.26 in chips) 
Seat 8: CLoneDJEDI ($0.48 in chips) 
Seat 9: RomaHTC_AA ($2.06 in chips) 
PolinaKRS: posts small blind $0.01
CLoneDJEDI: posts big blind $0.02
*** HOLE CARDS ***
Dealt to Dorex2007 [6s 2s]
RomaHTC_AA: raises $0.04 to $0.06
k . A_063: folds 
Dorex2007: folds 
Popov128: raises $0.06 to $0.12
secret1977: folds 
black.pantherx: folds 
fhvty333432: folds 
PolinaKRS: folds 
CLoneDJEDI: calls $0.10
RomaHTC_AA: calls $0.06
*** FLOP *** [4c 3h Ad]
CLoneDJEDI: checks 
RomaHTC_AA: checks 
Popov128: bets $0.12
CLoneDJEDI: folds 
RomaHTC_AA: folds 
Uncalled bet ($0.12) returned to Popov128
Popov128 collected $0.36 from pot
Popov128: doesn't show hand 
*** SUMMARY ***
Total pot $0.37 | Rake $0.01 
Board [4c 3h Ad]
Seat 1: k . A_063 folded before Flop (didn't bet)
Seat 2: Dorex2007 folded before Flop (didn't bet)
Seat 3: Popov128 collected ($0.36)
Seat 4: secret1977 folded before Flop (didn't bet)
Seat 5: black.pantherx folded before Flop (didn't bet)
Seat 6: fhvty333432 (button) folded before Flop (didn't bet)
Seat 7: PolinaKRS (small blind) folded before Flop
Seat 8: CLoneDJEDI (big blind) folded on the Flop
Seat 9: RomaHTC_AA folded on the Flop



PokerStars Hand #231246815011:  Hold'em No Limit ($0.01/$0.02 USD) - 2021/11/08 12:27:18 PT [2021/11/08 15:27:18 ET]
Table 'Indus II' 9-max Seat #7 is the button
Seat 1: k . A_063 ($2.59 in chips) 
Seat 2: Dorex2007 ($2.14 in chips) 
Seat 3: Popov128 ($1.76 in chips) 
Seat 4: secret1977 ($2.12 in chips) 
Seat 5: black.pantherx ($2.71 in chips) 
Seat 6: fhvty333432 ($1.09 in chips) 
Seat 7: PolinaKRS ($2.25 in chips) 
Seat 8: CLoneDJEDI ($0.36 in chips) 
Seat 9: RomaHTC_AA ($2 in chips) 
CLoneDJEDI: posts small blind $0.01
RomaHTC_AA: posts big blind $0.02
*** HOLE CARDS ***
Dealt to Dorex2007 [4c Ac]
k . A_063: folds 
Dorex2007: folds 
Popov128: folds 
secret1977: calls $0.02
black.pantherx: folds 
fhvty333432: calls $0.02
PolinaKRS: raises $0.08 to $0.10
CLoneDJEDI: folds 
RomaHTC_AA: folds 
secret1977: calls $0.08
fhvty333432: folds 
*** FLOP *** [6h 3s 3d]
secret1977: checks 
PolinaKRS: bets $0.18
secret1977: calls $0.18
*** TURN *** [6h 3s 3d] [9c]
secret1977: checks 
PolinaKRS: bets $0.42
secret1977: folds 
Uncalled bet ($0.42) returned to PolinaKRS
PolinaKRS collected $0.59 from pot
PolinaKRS: doesn't show hand 
*** SUMMARY ***
Total pot $0.61 | Rake $0.02 
Board [6h 3s 3d 9c]
Seat 1: k . A_063 folded before Flop (didn't bet)
Seat 2: Dorex2007 folded before Flop (didn't bet)
Seat 3: Popov128 folded before Flop (didn't bet)
Seat 4: secret1977 folded on the Turn
Seat 5: black.pantherx folded before Flop (didn't bet)
Seat 6: fhvty333432 folded before Flop
Seat 7: PolinaKRS (button) collected ($0.59)
Seat 8: CLoneDJEDI (small blind) folded before Flop
Seat 9: RomaHTC_AA (big blind) folded before Flop



PokerStars Hand #231246860848:  Hold'em No Limit ($0.01/$0.02 USD) - 2021/11/08 12:28:47 PT [2021/11/08 15:28:47 ET]
Table 'Indus II' 9-max Seat #8 is the button
Seat 1: k . A_063 ($2.59 in chips) 
Seat 2: Dorex2007 ($2.14 in chips) 
Seat 3: Popov128 ($1.76 in chips) 
Seat 4: secret1977 ($2 in chips) 
Seat 5: black.pantherx ($2.71 in chips) 
Seat 6: fhvty333432 ($1.07 in chips) 
Seat 7: PolinaKRS ($2.56 in chips) 
Seat 8: CLoneDJEDI ($0.35 in chips) 
Seat 9: RomaHTC_AA ($2 in chips) 
RomaHTC_AA: posts small blind $0.01
k . A_063: posts big blind $0.02
*** HOLE CARDS ***
Dealt to Dorex2007 [2h Qs]
Dorex2007: folds 
Popov128: raises $0.04 to $0.06
secret1977: folds 
black.pantherx: folds 
fhvty333432: folds 
PolinaKRS: folds 
CLoneDJEDI: folds 
RomaHTC_AA: folds 
k . A_063: folds 
Uncalled bet ($0.04) returned to Popov128
Popov128 collected $0.05 from pot
Popov128: doesn't show hand 
*** SUMMARY ***
Total pot $0.05 | Rake $0 
Seat 1: k . A_063 (big blind) folded before Flop
Seat 2: Dorex2007 folded before Flop (didn't bet)
Seat 3: Popov128 collected ($0.05)
Seat 4: secret1977 folded before Flop (didn't bet)
Seat 5: black.pantherx folded before Flop (didn't bet)
Seat 6: fhvty333432 folded before Flop (didn't bet)
Seat 7: PolinaKRS folded before Flop (didn't bet)
Seat 8: CLoneDJEDI (button) folded before Flop (didn't bet)
Seat 9: RomaHTC_AA (small blind) folded before Flop



PokerStars Hand #231246873376:  Hold'em No Limit ($0.01/$0.02 USD) - 2021/11/08 12:29:10 PT [2021/11/08 15:29:10 ET]
Table 'Indus II' 9-max Seat #9 is the button
Seat 1: k . A_063 ($2.57 in chips) 
Seat 2: Dorex2007 ($2.14 in chips) 
Seat 3: Popov128 ($1.79 in chips) 
Seat 4: secret1977 ($2 in chips) 
Seat 5: black.pantherx ($2.71 in chips) 
Seat 6: fhvty333432 ($1.07 in chips) 
Seat 7: PolinaKRS ($2.56 in chips) 
Seat 8: CLoneDJEDI ($0.35 in chips) 
Seat 9: RomaHTC_AA ($2 in chips) 
k . A_063: posts small blind $0.01
Dorex2007: posts big blind $0.02
*** HOLE CARDS ***
Dealt to Dorex2007 [6s 3s]
Popov128: folds 
secret1977: folds 
black.pantherx: folds 
fhvty333432: raises $0.02 to $0.04
PolinaKRS: raises $0.08 to $0.12
CLoneDJEDI: folds 
RomaHTC_AA: folds 
k . A_063: folds 
Dorex2007: folds 
fhvty333432: calls $0.08
*** FLOP *** [9s 9d 3h]
fhvty333432: checks 
PolinaKRS: bets $0.18
fhvty333432: folds 
Uncalled bet ($0.18) returned to PolinaKRS
PolinaKRS collected $0.26 from pot
*** SUMMARY ***
Total pot $0.27 | Rake $0.01 
Board [9s 9d 3h]
Seat 1: k . A_063 (small blind) folded before Flop
Seat 2: Dorex2007 (big blind) folded before Flop
Seat 3: Popov128 folded before Flop (didn't bet)
Seat 4: secret1977 folded before Flop (didn't bet)
Seat 5: black.pantherx folded before Flop (didn't bet)
Seat 6: fhvty333432 folded on the Flop
Seat 7: PolinaKRS collected ($0.26)
Seat 8: CLoneDJEDI folded before Flop (didn't bet)
Seat 9: RomaHTC_AA (button) folded before Flop (didn't bet)



PokerStars Hand #231246894782:  Hold'em No Limit ($0.01/$0.02 USD) - 2021/11/08 12:29:52 PT [2021/11/08 15:29:52 ET]
Table 'Indus II' 9-max Seat #1 is the button
Seat 1: k . A_063 ($2.56 in chips) 
Seat 2: Dorex2007 ($2.12 in chips) 
Seat 3: Popov128 ($1.79 in chips) 
Seat 4: secret1977 ($2 in chips) 
Seat 5: black.pantherx ($2.71 in chips) 
Seat 6: fhvty333432 ($0.95 in chips) 
Seat 7: PolinaKRS ($2.70 in chips) 
Seat 8: CLoneDJEDI ($0.35 in chips) 
Seat 9: RomaHTC_AA ($2 in chips) 
Dorex2007: posts small blind $0.01
Popov128: posts big blind $0.02
*** HOLE CARDS ***
Dealt to Dorex2007 [Js 9d]
secret1977: folds 
black.pantherx: folds 
fhvty333432: folds 
PolinaKRS: folds 
CLoneDJEDI: folds 
RomaHTC_AA: raises $0.04 to $0.06
k . A_063: folds 
Dorex2007: folds 
Popov128: raises $0.04 to $0.10
RomaHTC_AA: calls $0.04
*** FLOP *** [Ks 7s Kh]
Popov128: checks 
RomaHTC_AA: bets $0.20
Popov128: folds 
Uncalled bet ($0.20) returned to RomaHTC_AA
RomaHTC_AA collected $0.20 from pot
*** SUMMARY ***
Total pot $0.21 | Rake $0.01 
Board [Ks 7s Kh]
Seat 1: k . A_063 (button) folded before Flop (didn't bet)
Seat 2: Dorex2007 (small blind) folded before Flop
Seat 3: Popov128 (big blind) folded on the Flop
Seat 4: secret1977 folded before Flop (didn't bet)
Seat 5: black.pantherx folded before Flop (didn't bet)
Seat 6: fhvty333432 folded before Flop (didn't bet)
Seat 7: PolinaKRS folded before Flop (didn't bet)
Seat 8: CLoneDJEDI folded before Flop (didn't bet)
Seat 9: RomaHTC_AA collected ($0.20)



PokerStars Hand #231246933074:  Hold'em No Limit ($0.01/$0.02 USD) - 2021/11/08 12:31:05 PT [2021/11/08 15:31:05 ET]
Table 'Indus II' 9-max Seat #2 is the button
Seat 1: k . A_063 ($2.56 in chips) 
Seat 2: Dorex2007 ($2.11 in chips) 
Seat 3: Popov128 ($1.69 in chips) 
Seat 4: secret1977 ($2 in chips) 
Seat 5: black.pantherx ($2.71 in chips) 
Seat 6: fhvty333432 ($0.95 in chips) 
Seat 7: PolinaKRS ($2.70 in chips) 
Seat 8: CLoneDJEDI ($0.35 in chips) 
Seat 9: RomaHTC_AA ($2.10 in chips) 
Popov128: posts small blind $0.01
secret1977: posts big blind $0.02
*** HOLE CARDS ***
Dealt to Dorex2007 [Js Ts]
black.pantherx: folds 
fhvty333432: folds 
PolinaKRS: folds 
CLoneDJEDI: calls $0.02
RomaHTC_AA: raises $0.04 to $0.06
k . A_063: folds 
Dorex2007: folds 
Popov128: raises $0.06 to $0.12
secret1977: folds 
CLoneDJEDI: calls $0.10
RomaHTC_AA: calls $0.06
*** FLOP *** [4c 7d 2s]
Popov128: bets $0.20
CLoneDJEDI: folds 
RomaHTC_AA: calls $0.20
*** TURN *** [4c 7d 2s] [8c]
Popov128: bets $0.10
RomaHTC_AA: raises $0.45 to $0.55
Popov128: raises $0.82 to $1.37 and is all-in
RomaHTC_AA: calls $0.82
*** RIVER *** [4c 7d 2s 8c] [3h]
*** SHOW DOWN ***
Popov128: shows [Ah 8h] (a pair of Eights)
RomaHTC_AA: shows [4d 4s] (three of a kind, Fours)
RomaHTC_AA collected $3.40 from pot
*** SUMMARY ***
Total pot $3.52 | Rake $0.12 
Board [4c 7d 2s 8c 3h]
Seat 1: k . A_063 folded before Flop (didn't bet)
Seat 2: Dorex2007 (button) folded before Flop (didn't bet)
Seat 3: Popov128 (small blind) showed [Ah 8h] and lost with a pair of Eights
Seat 4: secret1977 (big blind) folded before Flop
Seat 5: black.pantherx folded before Flop (didn't bet)
Seat 6: fhvty333432 folded before Flop (didn't bet)
Seat 7: PolinaKRS folded before Flop (didn't bet)
Seat 8: CLoneDJEDI folded on the Flop
Seat 9: RomaHTC_AA showed [4d 4s] and won ($3.40) with three of a kind, Fours



PokerStars Hand #231246972261:  Hold'em No Limit ($0.01/$0.02 USD) - 2021/11/08 12:32:19 PT [2021/11/08 15:32:19 ET]
Table 'Indus II' 9-max Seat #4 is the button
Seat 1: k . A_063 ($2.56 in chips) 
Seat 2: Dorex2007 ($2.11 in chips) 
Seat 4: secret1977 ($2 in chips) 
Seat 5: black.pantherx ($2.71 in chips) 
Seat 6: fhvty333432 ($0.95 in chips) 
Seat 7: PolinaKRS ($2.70 in chips) 
Seat 8: CLoneDJEDI ($0.23 in chips) 
Seat 9: RomaHTC_AA ($3.81 in chips) 
black.pantherx: posts small blind $0.01
fhvty333432: posts big blind $0.02
*** HOLE CARDS ***
Dealt to Dorex2007 [4s Qc]
PolinaKRS: folds 
CLoneDJEDI: folds 
RomaHTC_AA: folds 
k . A_063: raises $0.04 to $0.06
Dorex2007: folds 
secret1977: folds 
black.pantherx: folds 
fhvty333432: calls $0.04
*** FLOP *** [Tc Js 8s]
fhvty333432: bets $0.04
k . A_063: raises $0.12 to $0.16
fhvty333432: calls $0.12
*** TURN *** [Tc Js 8s] [3d]
fhvty333432: checks 
k . A_063: bets $2.34 and is all-in
fhvty333432: folds 
Uncalled bet ($2.34) returned to k . A_063
k . A_063 collected $0.43 from pot
*** SUMMARY ***
Total pot $0.45 | Rake $0.02 
Board [Tc Js 8s 3d]
Seat 1: k . A_063 collected ($0.43)
Seat 2: Dorex2007 folded before Flop (didn't bet)
Seat 4: secret1977 (button) folded before Flop (didn't bet)
Seat 5: black.pantherx (small blind) folded before Flop
Seat 6: fhvty333432 (big blind) folded on the Turn
Seat 7: PolinaKRS folded before Flop (didn't bet)
Seat 8: CLoneDJEDI folded before Flop (didn't bet)
Seat 9: RomaHTC_AA folded before Flop (didn't bet)



PokerStars Hand #231247000612:  Hold'em No Limit ($0.01/$0.02 USD) - 2021/11/08 12:33:13 PT [2021/11/08 15:33:13 ET]
Table 'Indus II' 9-max Seat #5 is the button
Seat 1: k . A_063 ($2.77 in chips) 
Seat 2: Dorex2007 ($2.11 in chips) 
Seat 4: secret1977 ($2 in chips) 
Seat 5: black.pantherx ($2.70 in chips) 
Seat 6: fhvty333432 ($0.73 in chips) 
Seat 7: PolinaKRS ($2.70 in chips) 
Seat 8: CLoneDJEDI ($0.23 in chips) 
Seat 9: RomaHTC_AA ($3.81 in chips) 
fhvty333432: posts small blind $0.01
PolinaKRS: posts big blind $0.02
*** HOLE CARDS ***
Dealt to Dorex2007 [Ts 9c]
CLoneDJEDI: calls $0.02
RomaHTC_AA: folds 
k . A_063: folds 
Dorex2007: folds 
secret1977: folds 
black.pantherx: folds 
fhvty333432: calls $0.01
PolinaKRS: checks 
*** FLOP *** [2d Qs 2c]
fhvty333432: checks 
PolinaKRS: checks 
CLoneDJEDI: checks 
*** TURN *** [2d Qs 2c] [9h]
fhvty333432: checks 
PolinaKRS: checks 
CLoneDJEDI: checks 
*** RIVER *** [2d Qs 2c 9h] [Qh]
fhvty333432: checks 
PolinaKRS: checks 
CLoneDJEDI: checks 
*** SHOW DOWN ***
fhvty333432: shows [As 6d] (two pair, Queens and Deuces)
PolinaKRS: mucks hand 
CLoneDJEDI: mucks hand 
fhvty333432 collected $0.06 from pot
*** SUMMARY ***
Total pot $0.06 | Rake $0 
Board [2d Qs 2c 9h Qh]
Seat 1: k . A_063 folded before Flop (didn't bet)
Seat 2: Dorex2007 folded before Flop (didn't bet)
Seat 4: secret1977 folded before Flop (didn't bet)
Seat 5: black.pantherx (button) folded before Flop (didn't bet)
Seat 6: fhvty333432 (small blind) showed [As 6d] and won ($0.06) with two pair, Queens and Deuces
Seat 7: PolinaKRS (big blind) mucked [5d 3c]
Seat 8: CLoneDJEDI mucked [3h 4h]
Seat 9: RomaHTC_AA folded before Flop (didn't bet)



PokerStars Hand #231247028751:  Hold'em No Limit ($0.01/$0.02 USD) - 2021/11/08 12:34:07 PT [2021/11/08 15:34:07 ET]
Table 'Indus II' 9-max Seat #6 is the button
Seat 1: k . A_063 ($2.77 in chips) 
Seat 2: Dorex2007 ($2.11 in chips) 
Seat 3: Popov128 ($2 in chips) 
Seat 4: secret1977 ($2 in chips) 
Seat 5: black.pantherx ($2.70 in chips) 
Seat 6: fhvty333432 ($0.77 in chips) 
Seat 7: PolinaKRS ($2.68 in chips) 
Seat 8: CLoneDJEDI ($0.21 in chips) 
Seat 9: RomaHTC_AA ($3.81 in chips) 
PolinaKRS: posts small blind $0.01
CLoneDJEDI: posts big blind $0.02
*** HOLE CARDS ***
Dealt to Dorex2007 [5d Qh]
RomaHTC_AA: folds 
k . A_063: folds 
Dorex2007: folds 
Popov128: raises $0.08 to $0.10
secret1977: folds 
black.pantherx: folds 
fhvty333432: folds 
PolinaKRS: folds 
CLoneDJEDI: folds 
Uncalled bet ($0.08) returned to Popov128
Popov128 collected $0.05 from pot
Popov128: doesn't show hand 
*** SUMMARY ***
Total pot $0.05 | Rake $0 
Seat 1: k . A_063 folded before Flop (didn't bet)
Seat 2: Dorex2007 folded before Flop (didn't bet)
Seat 3: Popov128 collected ($0.05)
Seat 4: secret1977 folded before Flop (didn't bet)
Seat 5: black.pantherx folded before Flop (didn't bet)
Seat 6: fhvty333432 (button) folded before Flop (didn't bet)
Seat 7: PolinaKRS (small blind) folded before Flop
Seat 8: CLoneDJEDI (big blind) folded before Flop
Seat 9: RomaHTC_AA folded before Flop (didn't bet)



PokerStars Hand #231247035641:  Hold'em No Limit ($0.01/$0.02 USD) - 2021/11/08 12:34:21 PT [2021/11/08 15:34:21 ET]
Table 'Indus II' 9-max Seat #7 is the button
Seat 1: k . A_063 ($2.77 in chips) 
Seat 2: Dorex2007 ($2.11 in chips) 
Seat 3: Popov128 ($2.03 in chips) 
Seat 4: secret1977 ($2 in chips) 
Seat 5: black.pantherx ($2.70 in chips) 
Seat 6: fhvty333432 ($0.77 in chips) 
Seat 7: PolinaKRS ($2.67 in chips) 
Seat 8: CLoneDJEDI ($0.19 in chips) 
Seat 9: RomaHTC_AA ($3.81 in chips) 
CLoneDJEDI: posts small blind $0.01
RomaHTC_AA: posts big blind $0.02
*** HOLE CARDS ***
Dealt to Dorex2007 [Ah 4h]
k . A_063: folds 
Dorex2007: folds 
Popov128: raises $0.08 to $0.10
secret1977: folds 
black.pantherx: folds 
fhvty333432: folds 
PolinaKRS: folds 
CLoneDJEDI: calls $0.09
RomaHTC_AA: folds 
*** FLOP *** [7c 8s 5s]
CLoneDJEDI: checks 
Popov128: checks 
*** TURN *** [7c 8s 5s] [7h]
CLoneDJEDI: checks 
Popov128: bets $0.10
CLoneDJEDI: folds 
Uncalled bet ($0.10) returned to Popov128
Popov128 collected $0.21 from pot
Popov128: doesn't show hand 
*** SUMMARY ***
Total pot $0.22 | Rake $0.01 
Board [7c 8s 5s 7h]
Seat 1: k . A_063 folded before Flop (didn't bet)
Seat 2: Dorex2007 folded before Flop (didn't bet)
Seat 3: Popov128 collected ($0.21)
Seat 4: secret1977 folded before Flop (didn't bet)
Seat 5: black.pantherx folded before Flop (didn't bet)
Seat 6: fhvty333432 folded before Flop (didn't bet)
Seat 7: PolinaKRS (button) folded before Flop (didn't bet)
Seat 8: CLoneDJEDI (small blind) folded on the Turn
Seat 9: RomaHTC_AA (big blind) folded before Flop



PokerStars Hand #231247055881:  Hold'em No Limit ($0.01/$0.02 USD) - 2021/11/08 12:34:59 PT [2021/11/08 15:34:59 ET]
Table 'Indus II' 9-max Seat #8 is the button
Seat 1: k . A_063 ($2.77 in chips) 
Seat 2: Dorex2007 ($2.11 in chips) 
Seat 3: Popov128 ($2.14 in chips) 
Seat 4: secret1977 ($2 in chips) 
Seat 5: black.pantherx ($2.70 in chips) 
Seat 6: fhvty333432 ($0.77 in chips) 
Seat 7: PolinaKRS ($2.67 in chips) 
Seat 8: CLoneDJEDI ($0.09 in chips) 
Seat 9: RomaHTC_AA ($3.79 in chips) 
RomaHTC_AA: posts small blind $0.01
k . A_063: posts big blind $0.02
*** HOLE CARDS ***
Dealt to Dorex2007 [4c Js]
Dorex2007: folds 
Popov128: raises $0.08 to $0.10
secret1977: folds 
black.pantherx: folds 
fhvty333432: folds 
PolinaKRS: folds 
CLoneDJEDI: calls $0.09 and is all-in
RomaHTC_AA: folds 
k . A_063: folds 
Uncalled bet ($0.01) returned to Popov128
*** FLOP *** [9d 8c 9s]
*** TURN *** [9d 8c 9s] [7s]
*** RIVER *** [9d 8c 9s 7s] [9h]
*** SHOW DOWN ***
Popov128: shows [Kd Qd] (three of a kind, Nines)
CLoneDJEDI: shows [8d 4d] (a full house, Nines full of Eights)
CLoneDJEDI cashed out the hand for $0.06
*** SUMMARY ***
Total pot $0.21 | Rake $0.01 
Board [9d 8c 9s 7s 9h]
Seat 1: k . A_063 (big blind) folded before Flop
Seat 2: Dorex2007 folded before Flop (didn't bet)
Seat 3: Popov128 showed [Kd Qd] and lost with three of a kind, Nines
Seat 4: secret1977 folded before Flop (didn't bet)
Seat 5: black.pantherx folded before Flop (didn't bet)
Seat 6: fhvty333432 folded before Flop (didn't bet)
Seat 7: PolinaKRS folded before Flop (didn't bet)
Seat 8: CLoneDJEDI (button) showed [8d 4d] and won ($0.20) with a full house, Nines full of Eights (pot not awarded as player cashed out)
Seat 9: RomaHTC_AA (small blind) folded before Flop



PokerStars Hand #231247072730:  Hold'em No Limit ($0.01/$0.02 USD) - 2021/11/08 12:35:32 PT [2021/11/08 15:35:32 ET]
Table 'Indus II' 9-max Seat #9 is the button
Seat 1: k . A_063 ($2.75 in chips) 
Seat 2: Dorex2007 ($2.11 in chips) 
Seat 3: Popov128 ($2.05 in chips) 
Seat 4: secret1977 ($2 in chips) 
Seat 5: black.pantherx ($2.70 in chips) 
Seat 6: fhvty333432 ($0.77 in chips) 
Seat 7: PolinaKRS ($2.67 in chips) 
Seat 8: CLoneDJEDI ($0.06 in chips) 
Seat 9: RomaHTC_AA ($3.78 in chips) 
k . A_063: posts small blind $0.01
Dorex2007: posts big blind $0.02
*** HOLE CARDS ***
Dealt to Dorex2007 [8d 9s]
Popov128: raises $0.08 to $0.10
secret1977: folds 
black.pantherx: folds 
fhvty333432: calls $0.10
PolinaKRS: folds 
CLoneDJEDI: folds 
RomaHTC_AA: folds 
k . A_063: folds 
Dorex2007: folds 
*** FLOP *** [Qd 5c 9c]
Popov128: bets $0.04
fhvty333432: calls $0.04
*** TURN *** [Qd 5c 9c] [As]
Popov128: checks 
fhvty333432: bets $0.04
Popov128: calls $0.04
*** RIVER *** [Qd 5c 9c As] [6d]
Popov128: bets $0.12
fhvty333432: calls $0.12
*** SHOW DOWN ***
Popov128: shows [2h Ad] (a pair of Aces)
fhvty333432: mucks hand 
Popov128 collected $0.61 from pot
*** SUMMARY ***
Total pot $0.63 | Rake $0.02 
Board [Qd 5c 9c As 6d]
Seat 1: k . A_063 (small blind) folded before Flop
Seat 2: Dorex2007 (big blind) folded before Flop
Seat 3: Popov128 showed [2h Ad] and won ($0.61) with a pair of Aces
Seat 4: secret1977 folded before Flop (didn't bet)
Seat 5: black.pantherx folded before Flop (didn't bet)
Seat 6: fhvty333432 mucked [9h Ks]
Seat 7: PolinaKRS folded before Flop (didn't bet)
Seat 8: CLoneDJEDI folded before Flop (didn't bet)
Seat 9: RomaHTC_AA (button) folded before Flop (didn't bet)



PokerStars Hand #231247102169:  Hold'em No Limit ($0.01/$0.02 USD) - 2021/11/08 12:36:28 PT [2021/11/08 15:36:28 ET]
Table 'Indus II' 9-max Seat #1 is the button
Seat 1: k . A_063 ($2.74 in chips) 
Seat 2: Dorex2007 ($2.09 in chips) 
Seat 3: Popov128 ($2.36 in chips) 
Seat 4: secret1977 ($2 in chips) 
Seat 5: black.pantherx ($2.70 in chips) 
Seat 6: fhvty333432 ($0.47 in chips) 
Seat 7: PolinaKRS ($2.67 in chips) 
Seat 8: CLoneDJEDI ($0.06 in chips) 
Seat 9: RomaHTC_AA ($3.78 in chips) 
Dorex2007: posts small blind $0.01
Popov128: posts big blind $0.02
*** HOLE CARDS ***
Dealt to Dorex2007 [Jd 5s]
secret1977: folds 
black.pantherx: folds 
fhvty333432: folds 
PolinaKRS: folds 
CLoneDJEDI: folds 
RomaHTC_AA: folds 
k . A_063: folds 
Dorex2007: folds 
Uncalled bet ($0.01) returned to Popov128
Popov128 collected $0.02 from pot
Popov128: doesn't show hand 
*** SUMMARY ***
Total pot $0.02 | Rake $0 
Seat 1: k . A_063 (button) folded before Flop (didn't bet)
Seat 2: Dorex2007 (small blind) folded before Flop
Seat 3: Popov128 (big blind) collected ($0.02)
Seat 4: secret1977 folded before Flop (didn't bet)
Seat 5: black.pantherx folded before Flop (didn't bet)
Seat 6: fhvty333432 folded before Flop (didn't bet)
Seat 7: PolinaKRS folded before Flop (didn't bet)
Seat 8: CLoneDJEDI folded before Flop (didn't bet)
Seat 9: RomaHTC_AA folded before Flop (didn't bet)



PokerStars Hand #231247108926:  Hold'em No Limit ($0.01/$0.02 USD) - 2021/11/08 12:36:41 PT [2021/11/08 15:36:41 ET]
Table 'Indus II' 9-max Seat #2 is the button
Seat 1: k . A_063 ($2.74 in chips) 
Seat 2: Dorex2007 ($2.08 in chips) 
Seat 3: Popov128 ($2.37 in chips) 
Seat 4: secret1977 ($2 in chips) 
Seat 5: black.pantherx ($2.70 in chips) 
Seat 6: fhvty333432 ($0.47 in chips) 
Seat 7: PolinaKRS ($2.67 in chips) 
Seat 8: CLoneDJEDI ($0.06 in chips) 
Seat 9: RomaHTC_AA ($3.78 in chips) 
Popov128: posts small blind $0.01
secret1977: posts big blind $0.02
*** HOLE CARDS ***
Dealt to Dorex2007 [9d 6c]
black.pantherx: raises $0.05 to $0.07
fhvty333432: calls $0.07
PolinaKRS: folds 
CLoneDJEDI: folds 
RomaHTC_AA: folds 
k . A_063: folds 
Dorex2007: folds 
Popov128: folds 
secret1977: folds 
*** FLOP *** [5s 7d Jd]
black.pantherx: checks 
fhvty333432: checks 
*** TURN *** [5s 7d Jd] [4h]
black.pantherx: checks 
fhvty333432: checks 
*** RIVER *** [5s 7d Jd 4h] [9h]
black.pantherx: checks 
fhvty333432: checks 
*** SHOW DOWN ***
black.pantherx: shows [Ac 5c] (a pair of Fives)
fhvty333432: mucks hand 
black.pantherx collected $0.16 from pot
*** SUMMARY ***
Total pot $0.17 | Rake $0.01 
Board [5s 7d Jd 4h 9h]
Seat 1: k . A_063 folded before Flop (didn't bet)
Seat 2: Dorex2007 (button) folded before Flop (didn't bet)
Seat 3: Popov128 (small blind) folded before Flop
Seat 4: secret1977 (big blind) folded before Flop
Seat 5: black.pantherx showed [Ac 5c] and won ($0.16) with a pair of Fives
Seat 6: fhvty333432 mucked [3d 3c]
Seat 7: PolinaKRS folded before Flop (didn't bet)
Seat 8: CLoneDJEDI folded before Flop (didn't bet)
Seat 9: RomaHTC_AA folded before Flop (didn't bet)



PokerStars Hand #231247131263:  Hold'em No Limit ($0.01/$0.02 USD) - 2021/11/08 12:37:25 PT [2021/11/08 15:37:25 ET]
Table 'Indus II' 9-max Seat #3 is the button
Seat 1: k . A_063 ($2.74 in chips) 
Seat 2: Dorex2007 ($2.08 in chips) 
Seat 3: Popov128 ($2.36 in chips) 
Seat 4: secret1977 ($2 in chips) 
Seat 5: black.pantherx ($2.79 in chips) 
Seat 6: fhvty333432 ($0.40 in chips) 
Seat 7: PolinaKRS ($2.67 in chips) 
Seat 8: CLoneDJEDI ($0.06 in chips) 
Seat 9: RomaHTC_AA ($3.78 in chips) 
secret1977: posts small blind $0.01
black.pantherx: posts big blind $0.02
*** HOLE CARDS ***
Dealt to Dorex2007 [Js 8d]
fhvty333432: folds 
PolinaKRS: folds 
CLoneDJEDI: raises $0.04 to $0.06 and is all-in
RomaHTC_AA: folds 
k . A_063: folds 
Dorex2007: folds 
Popov128: calls $0.06
secret1977: folds 
black.pantherx: calls $0.04
*** FLOP *** [4h 3h 9s]
black.pantherx: checks 
Popov128: bets $0.06
black.pantherx: folds 
Uncalled bet ($0.06) returned to Popov128
*** TURN *** [4h 3h 9s] [4c]
*** RIVER *** [4h 3h 9s 4c] [2h]
*** SHOW DOWN ***
CLoneDJEDI: shows [Jh Th] (a flush, Jack high)
Popov128: shows [7c 3s] (two pair, Fours and Threes)
CLoneDJEDI collected $0.18 from pot
*** SUMMARY ***
Total pot $0.19 | Rake $0.01 
Board [4h 3h 9s 4c 2h]
Seat 1: k . A_063 folded before Flop (didn't bet)
Seat 2: Dorex2007 folded before Flop (didn't bet)
Seat 3: Popov128 (button) showed [7c 3s] and lost with two pair, Fours and Threes
Seat 4: secret1977 (small blind) folded before Flop
Seat 5: black.pantherx (big blind) folded on the Flop
Seat 6: fhvty333432 folded before Flop (didn't bet)
Seat 7: PolinaKRS folded before Flop (didn't bet)
Seat 8: CLoneDJEDI showed [Jh Th] and won ($0.18) with a flush, Jack high
Seat 9: RomaHTC_AA folded before Flop (didn't bet)



PokerStars Hand #231247150131:  Hold'em No Limit ($0.01/$0.02 USD) - 2021/11/08 12:38:01 PT [2021/11/08 15:38:01 ET]
Table 'Indus II' 9-max Seat #4 is the button
Seat 1: k . A_063 ($2.74 in chips) 
Seat 2: Dorex2007 ($2.08 in chips) 
Seat 3: Popov128 ($2.30 in chips) 
Seat 4: secret1977 ($2 in chips) 
Seat 5: black.pantherx ($2.73 in chips) 
Seat 6: fhvty333432 ($0.40 in chips) 
Seat 7: PolinaKRS ($2.67 in chips) 
Seat 8: CLoneDJEDI ($0.18 in chips) 
Seat 9: RomaHTC_AA ($3.78 in chips) 
black.pantherx: posts small blind $0.01
fhvty333432: posts big blind $0.02
*** HOLE CARDS ***
Dealt to Dorex2007 [Kc 5h]
PolinaKRS: folds 
CLoneDJEDI: calls $0.02
RomaHTC_AA: folds 
k . A_063: folds 
Dorex2007: folds 
Popov128: folds 
secret1977: calls $0.02
black.pantherx: folds 
fhvty333432: checks 
*** FLOP *** [Jd Qs 8h]
fhvty333432: checks 
CLoneDJEDI: checks 
secret1977: bets $0.10
fhvty333432: folds 
CLoneDJEDI: calls $0.10
*** TURN *** [Jd Qs 8h] [4c]
CLoneDJEDI: checks 
secret1977: bets $0.13
CLoneDJEDI: calls $0.06 and is all-in
Uncalled bet ($0.07) returned to secret1977
*** RIVER *** [Jd Qs 8h 4c] [Kh]
*** SHOW DOWN ***
CLoneDJEDI: shows [Kd Ah] (a pair of Kings)
secret1977: shows [8s 8d] (three of a kind, Eights)
secret1977 collected $0.38 from pot
*** SUMMARY ***
Total pot $0.39 | Rake $0.01 
Board [Jd Qs 8h 4c Kh]
Seat 1: k . A_063 folded before Flop (didn't bet)
Seat 2: Dorex2007 folded before Flop (didn't bet)
Seat 3: Popov128 folded before Flop (didn't bet)
Seat 4: secret1977 (button) showed [8s 8d] and won ($0.38) with three of a kind, Eights
Seat 5: black.pantherx (small blind) folded before Flop
Seat 6: fhvty333432 (big blind) folded on the Flop
Seat 7: PolinaKRS folded before Flop (didn't bet)
Seat 8: CLoneDJEDI showed [Kd Ah] and lost with a pair of Kings
Seat 9: RomaHTC_AA folded before Flop (didn't bet)



PokerStars Hand #231247177350:  Hold'em No Limit ($0.01/$0.02 USD) - 2021/11/08 12:38:54 PT [2021/11/08 15:38:54 ET]
Table 'Indus II' 9-max Seat #5 is the button
Seat 1: k . A_063 ($2.74 in chips) 
Seat 2: Dorex2007 ($2.08 in chips) 
Seat 3: Popov128 ($2.30 in chips) 
Seat 4: secret1977 ($2.20 in chips) 
Seat 5: black.pantherx ($2.72 in chips) 
Seat 6: fhvty333432 ($0.38 in chips) 
Seat 7: PolinaKRS ($2.67 in chips) 
Seat 9: RomaHTC_AA ($3.78 in chips) 
fhvty333432: posts small blind $0.01
PolinaKRS: posts big blind $0.02
*** HOLE CARDS ***
Dealt to Dorex2007 [2h Ac]
RomaHTC_AA: folds 
CLoneDJEDI leaves the table
k . A_063: folds 
Dorex2007: folds 
Popov128: raises $0.06 to $0.08
secret1977: folds 
black.pantherx: folds 
fhvty333432: folds 
PolinaKRS: folds 
Uncalled bet ($0.06) returned to Popov128
Popov128 collected $0.05 from pot
Popov128: doesn't show hand 
*** SUMMARY ***
Total pot $0.05 | Rake $0 
Seat 1: k . A_063 folded before Flop (didn't bet)
Seat 2: Dorex2007 folded before Flop (didn't bet)
Seat 3: Popov128 collected ($0.05)
Seat 4: secret1977 folded before Flop (didn't bet)
Seat 5: black.pantherx (button) folded before Flop (didn't bet)
Seat 6: fhvty333432 (small blind) folded before Flop
Seat 7: PolinaKRS (big blind) folded before Flop
Seat 9: RomaHTC_AA folded before Flop (didn't bet)



PokerStars Hand #231247186853:  Hold'em No Limit ($0.01/$0.02 USD) - 2021/11/08 12:39:12 PT [2021/11/08 15:39:12 ET]
Table 'Indus II' 9-max Seat #6 is the button
Seat 1: k . A_063 ($2.74 in chips) 
Seat 2: Dorex2007 ($2.08 in chips) 
Seat 3: Popov128 ($2.33 in chips) 
Seat 4: secret1977 ($2.20 in chips) 
Seat 5: black.pantherx ($2.72 in chips) 
Seat 6: fhvty333432 ($0.37 in chips) 
Seat 7: PolinaKRS ($2.65 in chips) 
Seat 9: RomaHTC_AA ($3.78 in chips) 
PolinaKRS: posts small blind $0.01
RomaHTC_AA: posts big blind $0.02
*** HOLE CARDS ***
Dealt to Dorex2007 [7d Qh]
k . A_063: folds 
Dorex2007: folds 
Popov128: raises $0.04 to $0.06
secret1977: calls $0.06
black.pantherx: folds 
fhvty333432: calls $0.06
PolinaKRS: folds 
RomaHTC_AA: folds 
*** FLOP *** [Qd 3c 9c]
Popov128: bets $0.10
secret1977: raises $0.20 to $0.30
fhvty333432: folds 
Popov128: calls $0.20
*** TURN *** [Qd 3c 9c] [Ah]
Popov128: checks 
secret1977: checks 
*** RIVER *** [Qd 3c 9c Ah] [6c]
Popov128: bets $0.12
secret1977: calls $0.12
*** SHOW DOWN ***
Popov128: shows [9d Kd] (a pair of Nines)
secret1977: shows [Qc Jc] (a flush, Queen high)
secret1977 collected $1.01 from pot
*** SUMMARY ***
Total pot $1.05 | Rake $0.04 
Board [Qd 3c 9c Ah 6c]
Seat 1: k . A_063 folded before Flop (didn't bet)
Seat 2: Dorex2007 folded before Flop (didn't bet)
Seat 3: Popov128 showed [9d Kd] and lost with a pair of Nines
Seat 4: secret1977 showed [Qc Jc] and won ($1.01) with a flush, Queen high
Seat 5: black.pantherx folded before Flop (didn't bet)
Seat 6: fhvty333432 (button) folded on the Flop
Seat 7: PolinaKRS (small blind) folded before Flop
Seat 9: RomaHTC_AA (big blind) folded before Flop



PokerStars Hand #231247231521:  Hold'em No Limit ($0.01/$0.02 USD) - 2021/11/08 12:40:38 PT [2021/11/08 15:40:38 ET]
Table 'Indus II' 9-max Seat #7 is the button
Seat 1: k . A_063 ($2.74 in chips) 
Seat 2: Dorex2007 ($2.08 in chips) 
Seat 3: Popov128 ($1.85 in chips) 
Seat 4: secret1977 ($2.73 in chips) 
Seat 5: black.pantherx ($2.72 in chips) 
Seat 6: fhvty333432 ($0.31 in chips) 
Seat 7: PolinaKRS ($2.64 in chips) 
Seat 9: RomaHTC_AA ($3.76 in chips) 
RomaHTC_AA: posts small blind $0.01
k . A_063: posts big blind $0.02
*** HOLE CARDS ***
Dealt to Dorex2007 [3d Td]
Dorex2007: folds 
Popov128: raises $0.08 to $0.10
secret1977: folds 
black.pantherx: folds 
fhvty333432: folds 
PolinaKRS: folds 
RomaHTC_AA: folds 
k . A_063: folds 
Uncalled bet ($0.08) returned to Popov128
Popov128 collected $0.05 from pot
Popov128: doesn't show hand 
*** SUMMARY ***
Total pot $0.05 | Rake $0 
Seat 1: k . A_063 (big blind) folded before Flop
Seat 2: Dorex2007 folded before Flop (didn't bet)
Seat 3: Popov128 collected ($0.05)
Seat 4: secret1977 folded before Flop (didn't bet)
Seat 5: black.pantherx folded before Flop (didn't bet)
Seat 6: fhvty333432 folded before Flop (didn't bet)
Seat 7: PolinaKRS (button) folded before Flop (didn't bet)
Seat 9: RomaHTC_AA (small blind) folded before Flop



PokerStars Hand #231247243123:  Hold'em No Limit ($0.01/$0.02 USD) - 2021/11/08 12:41:01 PT [2021/11/08 15:41:01 ET]
Table 'Indus II' 9-max Seat #9 is the button
Seat 1: k . A_063 ($2.72 in chips) 
Seat 2: Dorex2007 ($2.08 in chips) 
Seat 3: Popov128 ($1.88 in chips) 
Seat 4: secret1977 ($2.73 in chips) 
Seat 5: black.pantherx ($2.72 in chips) 
Seat 6: fhvty333432 ($0.31 in chips) 
Seat 7: PolinaKRS ($2.64 in chips) 
Seat 9: RomaHTC_AA ($3.75 in chips) 
k . A_063: posts small blind $0.01
Dorex2007: posts big blind $0.02
*** HOLE CARDS ***
Dealt to Dorex2007 [5h 8d]
Popov128: raises $0.07 to $0.09
secret1977: folds 
black.pantherx: calls $0.09
fhvty333432: calls $0.09
PolinaKRS: folds 
RomaHTC_AA: folds 
k . A_063: folds 
Dorex2007: folds 
*** FLOP *** [8h 5c Qs]
Popov128: bets $0.29
black.pantherx: calls $0.29
fhvty333432: folds 
*** TURN *** [8h 5c Qs] [3s]
Popov128: bets $0.30
black.pantherx: folds 
Uncalled bet ($0.30) returned to Popov128
Popov128 collected $0.84 from pot
Popov128: doesn't show hand 
*** SUMMARY ***
Total pot $0.88 | Rake $0.04 
Board [8h 5c Qs 3s]
Seat 1: k . A_063 (small blind) folded before Flop
Seat 2: Dorex2007 (big blind) folded before Flop
Seat 3: Popov128 collected ($0.84)
Seat 4: secret1977 folded before Flop (didn't bet)
Seat 5: black.pantherx folded on the Turn
Seat 6: fhvty333432 folded on the Flop
Seat 7: PolinaKRS folded before Flop (didn't bet)
Seat 9: RomaHTC_AA (button) folded before Flop (didn't bet)



PokerStars Hand #231247264121:  Hold'em No Limit ($0.01/$0.02 USD) - 2021/11/08 12:41:41 PT [2021/11/08 15:41:41 ET]
Table 'Indus II' 9-max Seat #1 is the button
Seat 1: k . A_063 ($2.71 in chips) 
Seat 2: Dorex2007 ($2.06 in chips) 
Seat 3: Popov128 ($2.34 in chips) 
Seat 4: secret1977 ($2.73 in chips) 
Seat 5: black.pantherx ($2.34 in chips) 
Seat 6: fhvty333432 ($0.22 in chips) 
Seat 7: PolinaKRS ($2.64 in chips) 
Seat 9: RomaHTC_AA ($3.75 in chips) 
Dorex2007: posts small blind $0.01
Popov128: posts big blind $0.02
*** HOLE CARDS ***
Dealt to Dorex2007 [Ts 7c]
secret1977: folds 
black.pantherx: folds 
fhvty333432: folds 
PolinaKRS has timed out
PolinaKRS: folds 
RomaHTC_AA: raises $0.04 to $0.06
k . A_063: folds 
Dorex2007: folds 
Popov128: raises $0.04 to $0.10
RomaHTC_AA: calls $0.04
*** FLOP *** [Kc As 5c]
Popov128: checks 
RomaHTC_AA: bets $0.20
Popov128: folds 
Uncalled bet ($0.20) returned to RomaHTC_AA
RomaHTC_AA collected $0.20 from pot
*** SUMMARY ***
Total pot $0.21 | Rake $0.01 
Board [Kc As 5c]
Seat 1: k . A_063 (button) folded before Flop (didn't bet)
Seat 2: Dorex2007 (small blind) folded before Flop
Seat 3: Popov128 (big blind) folded on the Flop
Seat 4: secret1977 folded before Flop (didn't bet)
Seat 5: black.pantherx folded before Flop (didn't bet)
Seat 6: fhvty333432 folded before Flop (didn't bet)
Seat 7: PolinaKRS folded before Flop (didn't bet)
Seat 9: RomaHTC_AA collected ($0.20)



PokerStars Hand #231247292313:  Hold'em No Limit ($0.01/$0.02 USD) - 2021/11/08 12:42:35 PT [2021/11/08 15:42:35 ET]
Table 'Indus II' 9-max Seat #2 is the button
Seat 1: k . A_063 ($2.71 in chips) 
Seat 2: Dorex2007 ($2.05 in chips) 
Seat 3: Popov128 ($2.24 in chips) 
Seat 4: secret1977 ($2.73 in chips) 
Seat 5: black.pantherx ($2.34 in chips) 
Seat 6: fhvty333432 ($0.22 in chips) 
Seat 9: RomaHTC_AA ($3.85 in chips) 
Popov128: posts small blind $0.01
secret1977: posts big blind $0.02
*** HOLE CARDS ***
Dealt to Dorex2007 [As 4h]
black.pantherx: folds 
fhvty333432: folds 
RomaHTC_AA: folds 
k . A_063: folds 
Dorex2007: raises $0.04 to $0.06
Popov128: folds 
secret1977: folds 
Uncalled bet ($0.04) returned to Dorex2007
Dorex2007 collected $0.05 from pot
Dorex2007: doesn't show hand 
*** SUMMARY ***
Total pot $0.05 | Rake $0 
Seat 1: k . A_063 folded before Flop (didn't bet)
Seat 2: Dorex2007 (button) collected ($0.05)
Seat 3: Popov128 (small blind) folded before Flop
Seat 4: secret1977 (big blind) folded before Flop
Seat 5: black.pantherx folded before Flop (didn't bet)
Seat 6: fhvty333432 folded before Flop (didn't bet)
Seat 9: RomaHTC_AA folded before Flop (didn't bet)



PokerStars Hand #231247302339:  Hold'em No Limit ($0.01/$0.02 USD) - 2021/11/08 12:42:54 PT [2021/11/08 15:42:54 ET]
Table 'Indus II' 9-max Seat #3 is the button
Seat 1: k . A_063 ($2.71 in chips) 
Seat 2: Dorex2007 ($2.08 in chips) 
Seat 3: Popov128 ($2.23 in chips) 
Seat 4: secret1977 ($2.71 in chips) 
Seat 5: black.pantherx ($2.34 in chips) 
Seat 6: fhvty333432 ($0.22 in chips) 
Seat 9: RomaHTC_AA ($3.85 in chips) 
secret1977: posts small blind $0.01
black.pantherx: posts big blind $0.02
*** HOLE CARDS ***
Dealt to Dorex2007 [9s 7s]
fhvty333432: folds 
RomaHTC_AA: folds 
k . A_063: folds 
Dorex2007: folds 
Popov128: raises $0.07 to $0.09
secret1977: folds 
black.pantherx: calls $0.07
*** FLOP *** [7c 7h 5c]
black.pantherx: checks 
timasch10 joins the table at seat #8 
Popov128: checks 
*** TURN *** [7c 7h 5c] [8s]
black.pantherx: checks 
Popov128: bets $0.10
black.pantherx: folds 
Uncalled bet ($0.10) returned to Popov128
Popov128 collected $0.18 from pot
Popov128: doesn't show hand 
*** SUMMARY ***
Total pot $0.19 | Rake $0.01 
Board [7c 7h 5c 8s]
Seat 1: k . A_063 folded before Flop (didn't bet)
Seat 2: Dorex2007 folded before Flop (didn't bet)
Seat 3: Popov128 (button) collected ($0.18)
Seat 4: secret1977 (small blind) folded before Flop
Seat 5: black.pantherx (big blind) folded on the Turn
Seat 6: fhvty333432 folded before Flop (didn't bet)
Seat 9: RomaHTC_AA folded before Flop (didn't bet)



PokerStars Hand #231247335219:  Hold'em No Limit ($0.01/$0.02 USD) - 2021/11/08 12:43:58 PT [2021/11/08 15:43:58 ET]
Table 'Indus II' 9-max Seat #4 is the button
Seat 1: k . A_063 ($2.71 in chips) 
Seat 2: Dorex2007 ($2.08 in chips) 
Seat 3: Popov128 ($2.32 in chips) 
Seat 4: secret1977 ($2.70 in chips) 
Seat 5: black.pantherx ($2.25 in chips) 
Seat 6: fhvty333432 ($0.22 in chips) 
Seat 7: PolinaKRS ($2.64 in chips) 
Seat 9: RomaHTC_AA ($3.85 in chips) 
black.pantherx: posts small blind $0.01
fhvty333432: posts big blind $0.02
timasch10: sits out 
*** HOLE CARDS ***
Dealt to Dorex2007 [Td Jh]
PolinaKRS: folds 
Popov128 is disconnected 
RomaHTC_AA: folds 
k . A_063: folds 
Dorex2007: folds 
Popov128: folds 
secret1977: folds 
black.pantherx: raises $0.04 to $0.06
fhvty333432: folds 
Uncalled bet ($0.04) returned to black.pantherx
black.pantherx collected $0.04 from pot
black.pantherx: doesn't show hand 
*** SUMMARY ***
Total pot $0.04 | Rake $0 
Seat 1: k . A_063 folded before Flop (didn't bet)
Seat 2: Dorex2007 folded before Flop (didn't bet)
Seat 3: Popov128 folded before Flop (didn't bet)
Seat 4: secret1977 (button) folded before Flop (didn't bet)
Seat 5: black.pantherx (small blind) collected ($0.04)
Seat 6: fhvty333432 (big blind) folded before Flop
Seat 7: PolinaKRS folded before Flop (didn't bet)
Seat 9: RomaHTC_AA folded before Flop (didn't bet)



PokerStars Hand #231247347044:  Hold'em No Limit ($0.01/$0.02 USD) - 2021/11/08 12:44:20 PT [2021/11/08 15:44:20 ET]
Table 'Indus II' 9-max Seat #5 is the button
Seat 1: k . A_063 ($2.71 in chips) 
Seat 2: Dorex2007 ($2.08 in chips) 
Seat 3: Popov128 ($2.32 in chips) 
Seat 4: secret1977 ($2.70 in chips) 
Seat 5: black.pantherx ($2.27 in chips) 
Seat 6: fhvty333432 ($0.20 in chips) 
Seat 7: PolinaKRS ($2.64 in chips) 
Seat 9: RomaHTC_AA ($3.85 in chips) 
fhvty333432: posts small blind $0.01
PolinaKRS: posts big blind $0.02
timasch10: sits out 
*** HOLE CARDS ***
Dealt to Dorex2007 [2d 7c]
RomaHTC_AA: folds 
k . A_063: folds 
Dorex2007: folds 
Popov128: folds 
secret1977: folds 
black.pantherx: raises $0.05 to $0.07
fhvty333432: calls $0.06
PolinaKRS: folds 
*** FLOP *** [3h 5s Ac]
fhvty333432: checks 
black.pantherx: checks 
*** TURN *** [3h 5s Ac] [Jh]
fhvty333432: checks 
black.pantherx: bets $0.14
fhvty333432: folds 
Uncalled bet ($0.14) returned to black.pantherx
black.pantherx collected $0.15 from pot
black.pantherx: doesn't show hand 
*** SUMMARY ***
Total pot $0.16 | Rake $0.01 
Board [3h 5s Ac Jh]
Seat 1: k . A_063 folded before Flop (didn't bet)
Seat 2: Dorex2007 folded before Flop (didn't bet)
Seat 3: Popov128 folded before Flop (didn't bet)
Seat 4: secret1977 folded before Flop (didn't bet)
Seat 5: black.pantherx (button) collected ($0.15)
Seat 6: fhvty333432 (small blind) folded on the Turn
Seat 7: PolinaKRS (big blind) folded before Flop
Seat 9: RomaHTC_AA folded before Flop (didn't bet)



PokerStars Hand #231247377796:  Hold'em No Limit ($0.01/$0.02 USD) - 2021/11/08 12:45:20 PT [2021/11/08 15:45:20 ET]
Table 'Indus II' 9-max Seat #6 is the button
Seat 1: k . A_063 ($2.71 in chips) 
Seat 2: Dorex2007 ($2.08 in chips) 
Seat 3: Popov128 ($2.32 in chips) 
Seat 4: secret1977 ($2.70 in chips) 
Seat 5: black.pantherx ($2.35 in chips) 
Seat 6: fhvty333432 ($0.13 in chips) 
Seat 7: PolinaKRS ($2.62 in chips) 
Seat 8: timasch10 ($0.80 in chips) 
Seat 9: RomaHTC_AA ($3.85 in chips) 
PolinaKRS: posts small blind $0.01
timasch10: posts big blind $0.02
*** HOLE CARDS ***
Dealt to Dorex2007 [Ah 7h]
RomaHTC_AA: folds 
k . A_063: folds 
Dorex2007: calls $0.02
Popov128: folds 
secret1977: folds 
black.pantherx: folds 
fhvty333432: raises $0.11 to $0.13 and is all-in
PolinaKRS: folds 
timasch10: folds 
Dorex2007: folds 
Uncalled bet ($0.11) returned to fhvty333432
fhvty333432 collected $0.07 from pot
fhvty333432: doesn't show hand 
*** SUMMARY ***
Total pot $0.07 | Rake $0 
Seat 1: k . A_063 folded before Flop (didn't bet)
Seat 2: Dorex2007 folded before Flop
Seat 3: Popov128 folded before Flop (didn't bet)
Seat 4: secret1977 folded before Flop (didn't bet)
Seat 5: black.pantherx folded before Flop (didn't bet)
Seat 6: fhvty333432 (button) collected ($0.07)
Seat 7: PolinaKRS (small blind) folded before Flop
Seat 8: timasch10 (big blind) folded before Flop
Seat 9: RomaHTC_AA folded before Flop (didn't bet)



PokerStars Hand #231247391668:  Hold'em No Limit ($0.01/$0.02 USD) - 2021/11/08 12:45:46 PT [2021/11/08 15:45:46 ET]
Table 'Indus II' 9-max Seat #7 is the button
Seat 1: k . A_063 ($2.71 in chips) 
Seat 2: Dorex2007 ($2.06 in chips) 
Seat 3: Popov128 ($2.32 in chips) 
Seat 4: secret1977 ($2.70 in chips) 
Seat 5: black.pantherx ($2.35 in chips) 
Seat 6: fhvty333432 ($0.18 in chips) 
Seat 7: PolinaKRS ($2.61 in chips) 
Seat 8: timasch10 ($0.78 in chips) 
Seat 9: RomaHTC_AA ($3.85 in chips) 
timasch10: posts small blind $0.01
RomaHTC_AA: posts big blind $0.02
*** HOLE CARDS ***
Dealt to Dorex2007 [5h 9s]
k . A_063: folds 
Dorex2007: folds 
Popov128: raises $0.04 to $0.06
secret1977: folds 
black.pantherx: folds 
fhvty333432: raises $0.12 to $0.18 and is all-in
PolinaKRS: folds 
timasch10: calls $0.17
RomaHTC_AA: folds 
Popov128: calls $0.12
*** FLOP *** [4d 3s 2h]
timasch10: checks 
Popov128: checks 
*** TURN *** [4d 3s 2h] [2s]
timasch10: checks 
Popov128: checks 
*** RIVER *** [4d 3s 2h 2s] [Qc]
timasch10: checks 
Popov128: bets $0.20
timasch10: folds 
Uncalled bet ($0.20) returned to Popov128
*** SHOW DOWN ***
Popov128: shows [7d Qd] (two pair, Queens and Deuces)
fhvty333432: shows [Tc Kc] (a pair of Deuces)
Popov128 collected $0.54 from pot
*** SUMMARY ***
Total pot $0.56 | Rake $0.02 
Board [4d 3s 2h 2s Qc]
Seat 1: k . A_063 folded before Flop (didn't bet)
Seat 2: Dorex2007 folded before Flop (didn't bet)
Seat 3: Popov128 showed [7d Qd] and won ($0.54) with two pair, Queens and Deuces
Seat 4: secret1977 folded before Flop (didn't bet)
Seat 5: black.pantherx folded before Flop (didn't bet)
Seat 6: fhvty333432 showed [Tc Kc] and lost with a pair of Deuces
Seat 7: PolinaKRS (button) folded before Flop (didn't bet)
Seat 8: timasch10 (small blind) folded on the River
Seat 9: RomaHTC_AA (big blind) folded before Flop



PokerStars Hand #231247432237:  Hold'em No Limit ($0.01/$0.02 USD) - 2021/11/08 12:47:04 PT [2021/11/08 15:47:04 ET]
Table 'Indus II' 9-max Seat #8 is the button
Seat 1: k . A_063 ($2.71 in chips) 
Seat 2: Dorex2007 ($2.06 in chips) 
Seat 3: Popov128 ($2.68 in chips) 
Seat 4: secret1977 ($2.70 in chips) 
Seat 5: black.pantherx ($2.35 in chips) 
Seat 7: PolinaKRS ($2.61 in chips) 
Seat 8: timasch10 ($0.60 in chips) 
Seat 9: RomaHTC_AA ($3.83 in chips) 
RomaHTC_AA: posts small blind $0.01
k . A_063: posts big blind $0.02
*** HOLE CARDS ***
Dealt to Dorex2007 [5d 2d]
Dorex2007: folds 
Popov128: raises $0.08 to $0.10
secret1977: folds 
black.pantherx: folds 
PolinaKRS: folds 
timasch10: folds 
RomaHTC_AA: folds 
k . A_063: folds 
Uncalled bet ($0.08) returned to Popov128
Popov128 collected $0.05 from pot
*** SUMMARY ***
Total pot $0.05 | Rake $0 
Seat 1: k . A_063 (big blind) folded before Flop
Seat 2: Dorex2007 folded before Flop (didn't bet)
Seat 3: Popov128 collected ($0.05)
Seat 4: secret1977 folded before Flop (didn't bet)
Seat 5: black.pantherx folded before Flop (didn't bet)
Seat 7: PolinaKRS folded before Flop (didn't bet)
Seat 8: timasch10 (button) folded before Flop (didn't bet)
Seat 9: RomaHTC_AA (small blind) folded before Flop



PokerStars Hand #231247445199:  Hold'em No Limit ($0.01/$0.02 USD) - 2021/11/08 12:47:29 PT [2021/11/08 15:47:29 ET]
Table 'Indus II' 9-max Seat #9 is the button
Seat 1: k . A_063 ($2.69 in chips) 
Seat 2: Dorex2007 ($2.06 in chips) 
Seat 3: Popov128 ($2.71 in chips) 
Seat 4: secret1977 ($2.70 in chips) 
Seat 5: black.pantherx ($2.35 in chips) 
Seat 6: fhvty333432 ($0.80 in chips) 
Seat 7: PolinaKRS ($2.61 in chips) 
Seat 8: timasch10 ($0.60 in chips) 
Seat 9: RomaHTC_AA ($3.82 in chips) 
k . A_063: posts small blind $0.01
Dorex2007: posts big blind $0.02
*** HOLE CARDS ***
Dealt to Dorex2007 [9c Kd]
Popov128: raises $0.04 to $0.06
secret1977: folds 
black.pantherx: folds 
fhvty333432: calls $0.06
PolinaKRS: folds 
timasch10: folds 
RomaHTC_AA: calls $0.06
k . A_063: folds 
Dorex2007: folds 
*** FLOP *** [Kc 9d 9s]
Popov128: checks 
fhvty333432: checks 
RomaHTC_AA: checks 
*** TURN *** [Kc 9d 9s] [Th]
Popov128: checks 
fhvty333432: checks 
RomaHTC_AA: bets $0.12
Popov128: folds 
fhvty333432: folds 
Uncalled bet ($0.12) returned to RomaHTC_AA
RomaHTC_AA collected $0.20 from pot
*** SUMMARY ***
Total pot $0.21 | Rake $0.01 
Board [Kc 9d 9s Th]
Seat 1: k . A_063 (small blind) folded before Flop
Seat 2: Dorex2007 (big blind) folded before Flop
Seat 3: Popov128 folded on the Turn
Seat 4: secret1977 folded before Flop (didn't bet)
Seat 5: black.pantherx folded before Flop (didn't bet)
Seat 6: fhvty333432 folded on the Turn
Seat 7: PolinaKRS folded before Flop (didn't bet)
Seat 8: timasch10 folded before Flop (didn't bet)
Seat 9: RomaHTC_AA (button) collected ($0.20)



PokerStars Hand #231247469452:  Hold'em No Limit ($0.01/$0.02 USD) - 2021/11/08 12:48:16 PT [2021/11/08 15:48:16 ET]
Table 'Indus II' 9-max Seat #1 is the button
Seat 1: k . A_063 ($2.68 in chips) 
Seat 2: Dorex2007 ($2.04 in chips) 
Seat 3: Popov128 ($2.65 in chips) 
Seat 4: secret1977 ($2.70 in chips) 
Seat 5: black.pantherx ($2.35 in chips) 
Seat 6: fhvty333432 ($0.74 in chips) 
Seat 7: PolinaKRS ($2.61 in chips) 
Seat 8: timasch10 ($0.60 in chips) 
Seat 9: RomaHTC_AA ($3.96 in chips) 
Dorex2007: posts small blind $0.01
Popov128: posts big blind $0.02
*** HOLE CARDS ***
Dealt to Dorex2007 [8c 2s]
secret1977: folds 
black.pantherx: folds 
fhvty333432: raises $0.04 to $0.06
PolinaKRS: folds 
timasch10: folds 
RomaHTC_AA: folds 
k . A_063: folds 
Dorex2007: folds 
Popov128: calls $0.04
*** FLOP *** [3h 8s 5s]
Popov128: bets $0.07
fhvty333432: raises $0.61 to $0.68 and is all-in
Popov128: folds [3d]
Uncalled bet ($0.61) returned to fhvty333432
fhvty333432 collected $0.26 from pot
fhvty333432: doesn't show hand 
*** SUMMARY ***
Total pot $0.27 | Rake $0.01 
Board [3h 8s 5s]
Seat 1: k . A_063 (button) folded before Flop (didn't bet)
Seat 2: Dorex2007 (small blind) folded before Flop
Seat 3: Popov128 (big blind) folded on the Flop
Seat 4: secret1977 folded before Flop (didn't bet)
Seat 5: black.pantherx folded before Flop (didn't bet)
Seat 6: fhvty333432 collected ($0.26)
Seat 7: PolinaKRS folded before Flop (didn't bet)
Seat 8: timasch10 folded before Flop (didn't bet)
Seat 9: RomaHTC_AA folded before Flop (didn't bet)



PokerStars Hand #231247486860:  Hold'em No Limit ($0.01/$0.02 USD) - 2021/11/08 12:48:50 PT [2021/11/08 15:48:50 ET]
Table 'Indus II' 9-max Seat #2 is the button
Seat 1: k . A_063 ($2.68 in chips) 
Seat 2: Dorex2007 ($2.03 in chips) 
Seat 3: Popov128 ($2.52 in chips) 
Seat 4: secret1977 ($2.70 in chips) 
Seat 5: black.pantherx ($2.35 in chips) 
Seat 6: fhvty333432 ($0.87 in chips) 
Seat 7: PolinaKRS ($2.61 in chips) 
Seat 8: timasch10 ($0.60 in chips) 
Seat 9: RomaHTC_AA ($3.96 in chips) 
Popov128: posts small blind $0.01
secret1977: posts big blind $0.02
*** HOLE CARDS ***
Dealt to Dorex2007 [Ah 3c]
black.pantherx: folds 
fhvty333432: folds 
PolinaKRS: folds 
timasch10: folds 
RomaHTC_AA: folds 
k . A_063: folds 
Dorex2007: folds 
Popov128: raises $0.06 to $0.08
secret1977: folds 
Uncalled bet ($0.06) returned to Popov128
Popov128 collected $0.04 from pot
*** SUMMARY ***
Total pot $0.04 | Rake $0 
Seat 1: k . A_063 folded before Flop (didn't bet)
Seat 2: Dorex2007 (button) folded before Flop (didn't bet)
Seat 3: Popov128 (small blind) collected ($0.04)
Seat 4: secret1977 (big blind) folded before Flop
Seat 5: black.pantherx folded before Flop (didn't bet)
Seat 6: fhvty333432 folded before Flop (didn't bet)
Seat 7: PolinaKRS folded before Flop (didn't bet)
Seat 8: timasch10 folded before Flop (didn't bet)
Seat 9: RomaHTC_AA folded before Flop (didn't bet)



PokerStars Hand #231247495995:  Hold'em No Limit ($0.01/$0.02 USD) - 2021/11/08 12:49:08 PT [2021/11/08 15:49:08 ET]
Table 'Indus II' 9-max Seat #3 is the button
Seat 1: k . A_063 ($2.68 in chips) 
Seat 2: Dorex2007 ($2.03 in chips) 
Seat 3: Popov128 ($2.54 in chips) 
Seat 4: secret1977 ($2.68 in chips) 
Seat 5: black.pantherx ($2.35 in chips) 
Seat 6: fhvty333432 ($0.87 in chips) 
Seat 7: PolinaKRS ($2.61 in chips) 
Seat 8: timasch10 ($0.60 in chips) 
Seat 9: RomaHTC_AA ($3.96 in chips) 
secret1977: posts small blind $0.01
black.pantherx: posts big blind $0.02
*** HOLE CARDS ***
Dealt to Dorex2007 [4h 2s]
fhvty333432: calls $0.02
PolinaKRS: folds 
timasch10: calls $0.02
RomaHTC_AA: folds 
k . A_063: raises $0.09 to $0.11
Dorex2007: folds 
Popov128: calls $0.11
secret1977: folds 
black.pantherx: folds 
fhvty333432: calls $0.09
timasch10: calls $0.09
*** FLOP *** [Ts Jd Ac]
fhvty333432: checks 
timasch10: checks 
k . A_063: checks 
Popov128: bets $0.10
fhvty333432: raises $0.66 to $0.76 and is all-in
timasch10: folds 
k . A_063: folds 
Popov128: folds [7s 7c]
Uncalled bet ($0.66) returned to fhvty333432
fhvty333432 collected $0.65 from pot
fhvty333432: doesn't show hand 
*** SUMMARY ***
Total pot $0.67 | Rake $0.02 
Board [Ts Jd Ac]
Seat 1: k . A_063 folded on the Flop
Seat 2: Dorex2007 folded before Flop (didn't bet)
Seat 3: Popov128 (button) folded on the Flop
Seat 4: secret1977 (small blind) folded before Flop
Seat 5: black.pantherx (big blind) folded before Flop
Seat 6: fhvty333432 collected ($0.65)
Seat 7: PolinaKRS folded before Flop (didn't bet)
Seat 8: timasch10 folded on the Flop
Seat 9: RomaHTC_AA folded before Flop (didn't bet)



PokerStars Hand #231247545589:  Hold'em No Limit ($0.01/$0.02 USD) - 2021/11/08 12:50:45 PT [2021/11/08 15:50:45 ET]
Table 'Indus II' 9-max Seat #4 is the button
Seat 1: k . A_063 ($2.57 in chips) 
Seat 2: Dorex2007 ($2.03 in chips) 
Seat 3: Popov128 ($2.33 in chips) 
Seat 4: secret1977 ($2.67 in chips) 
Seat 5: black.pantherx ($2.33 in chips) 
Seat 6: fhvty333432 ($1.31 in chips) 
Seat 7: PolinaKRS ($2.61 in chips) 
Seat 8: timasch10 ($0.49 in chips) 
Seat 9: RomaHTC_AA ($3.96 in chips) 
black.pantherx: posts small blind $0.01
fhvty333432: posts big blind $0.02
*** HOLE CARDS ***
Dealt to Dorex2007 [3d Kd]
k . A_063 said, "..."
PolinaKRS: folds 
timasch10: folds 
RomaHTC_AA: folds 
k . A_063: folds 
Dorex2007: folds 
Popov128: folds 
secret1977: raises $0.08 to $0.10
black.pantherx: folds 
fhvty333432: calls $0.08
*** FLOP *** [9s 3h 6h]
fhvty333432: checks 
secret1977: bets $0.20
fhvty333432: calls $0.20
*** TURN *** [9s 3h 6h] [6d]
fhvty333432: checks 
secret1977: bets $0.30
fhvty333432: calls $0.30
*** RIVER *** [9s 3h 6h 6d] [2d]
fhvty333432: checks 
secret1977: checks 
*** SHOW DOWN ***
fhvty333432: shows [9h 4h] (two pair, Nines and Sixes)
secret1977: shows [Ad 9d] (two pair, Nines and Sixes - Ace kicker)
secret1977 collected $1.17 from pot
*** SUMMARY ***
Total pot $1.21 | Rake $0.04 
Board [9s 3h 6h 6d 2d]
Seat 1: k . A_063 folded before Flop (didn't bet)
Seat 2: Dorex2007 folded before Flop (didn't bet)
Seat 3: Popov128 folded before Flop (didn't bet)
Seat 4: secret1977 (button) showed [Ad 9d] and won ($1.17) with two pair, Nines and Sixes
Seat 5: black.pantherx (small blind) folded before Flop
Seat 6: fhvty333432 (big blind) showed [9h 4h] and lost with two pair, Nines and Sixes
Seat 7: PolinaKRS folded before Flop (didn't bet)
Seat 8: timasch10 folded before Flop (didn't bet)
Seat 9: RomaHTC_AA folded before Flop (didn't bet)



PokerStars Hand #231247573927:  Hold'em No Limit ($0.01/$0.02 USD) - 2021/11/08 12:51:40 PT [2021/11/08 15:51:40 ET]
Table 'Indus II' 9-max Seat #5 is the button
Seat 1: k . A_063 ($2.57 in chips) 
Seat 2: Dorex2007 ($2.03 in chips) 
Seat 3: Popov128 ($2.33 in chips) 
Seat 4: secret1977 ($3.24 in chips) 
Seat 5: black.pantherx ($2.32 in chips) 
Seat 6: fhvty333432 ($0.71 in chips) 
Seat 7: PolinaKRS ($2.61 in chips) 
Seat 8: timasch10 ($0.49 in chips) 
Seat 9: RomaHTC_AA ($3.96 in chips) 
fhvty333432: posts small blind $0.01
PolinaKRS: posts big blind $0.02
*** HOLE CARDS ***
Dealt to Dorex2007 [Td 7h]
timasch10: folds 
RomaHTC_AA: raises $0.04 to $0.06
k . A_063: folds 
Dorex2007: folds 
Popov128: calls $0.06
secret1977: folds 
black.pantherx: calls $0.06
fhvty333432: calls $0.05
PolinaKRS: calls $0.04
*** FLOP *** [2h Kc Tc]
fhvty333432: checks 
PolinaKRS: bets $0.12
RomaHTC_AA: folds 
Popov128: folds 
black.pantherx: folds 
fhvty333432: folds 
Uncalled bet ($0.12) returned to PolinaKRS
PolinaKRS collected $0.29 from pot
*** SUMMARY ***
Total pot $0.30 | Rake $0.01 
Board [2h Kc Tc]
Seat 1: k . A_063 folded before Flop (didn't bet)
Seat 2: Dorex2007 folded before Flop (didn't bet)
Seat 3: Popov128 folded on the Flop
Seat 4: secret1977 folded before Flop (didn't bet)
Seat 5: black.pantherx (button) folded on the Flop
Seat 6: fhvty333432 (small blind) folded on the Flop
Seat 7: PolinaKRS (big blind) collected ($0.29)
Seat 8: timasch10 folded before Flop (didn't bet)
Seat 9: RomaHTC_AA folded on the Flop



PokerStars Hand #231247606316:  Hold'em No Limit ($0.01/$0.02 USD) - 2021/11/08 12:52:33 PT [2021/11/08 15:52:33 ET]
Table 'Indus II' 9-max Seat #6 is the button
Seat 1: k . A_063 ($2.57 in chips) 
Seat 2: Dorex2007 ($2.03 in chips) 
Seat 3: Popov128 ($2.27 in chips) 
Seat 4: secret1977 ($3.24 in chips) 
Seat 5: black.pantherx ($2.26 in chips) 
Seat 6: fhvty333432 ($0.65 in chips) 
Seat 7: PolinaKRS ($2.84 in chips) 
Seat 8: timasch10 ($0.49 in chips) 
Seat 9: RomaHTC_AA ($3.90 in chips) 
PolinaKRS: posts small blind $0.01
timasch10: posts big blind $0.02
*** HOLE CARDS ***
Dealt to Dorex2007 [7d 8c]
RomaHTC_AA: folds 
k . A_063: folds 
Dorex2007: folds 
Popov128: raises $0.08 to $0.10
secret1977: folds 
black.pantherx: raises $0.23 to $0.33
fhvty333432: folds 
PolinaKRS: folds 
timasch10: folds 
Popov128: calls $0.23
*** FLOP *** [5d 3c 9d]
Popov128: checks 
black.pantherx: bets $0.50
Popov128: folds 
Uncalled bet ($0.50) returned to black.pantherx
black.pantherx collected $0.67 from pot
black.pantherx: doesn't show hand 
*** SUMMARY ***
Total pot $0.69 | Rake $0.02 
Board [5d 3c 9d]
Seat 1: k . A_063 folded before Flop (didn't bet)
Seat 2: Dorex2007 folded before Flop (didn't bet)
Seat 3: Popov128 folded on the Flop
Seat 4: secret1977 folded before Flop (didn't bet)
Seat 5: black.pantherx collected ($0.67)
Seat 6: fhvty333432 (button) folded before Flop (didn't bet)
Seat 7: PolinaKRS (small blind) folded before Flop
Seat 8: timasch10 (big blind) folded before Flop
Seat 9: RomaHTC_AA folded before Flop (didn't bet)



PokerStars Hand #231247631519:  Hold'em No Limit ($0.01/$0.02 USD) - 2021/11/08 12:53:22 PT [2021/11/08 15:53:22 ET]
Table 'Indus II' 9-max Seat #7 is the button
Seat 1: k . A_063 ($2.57 in chips) 
Seat 2: Dorex2007 ($2.03 in chips) 
Seat 3: Popov128 ($1.94 in chips) 
Seat 4: secret1977 ($3.24 in chips) 
Seat 5: black.pantherx ($2.60 in chips) 
Seat 6: fhvty333432 ($0.65 in chips) 
Seat 7: PolinaKRS ($2.83 in chips) 
Seat 8: timasch10 ($0.47 in chips) 
Seat 9: RomaHTC_AA ($3.90 in chips) 
timasch10: posts small blind $0.01
RomaHTC_AA: posts big blind $0.02
*** HOLE CARDS ***
Dealt to Dorex2007 [4h Jc]
k . A_063: folds 
Dorex2007: folds 
Popov128: folds 
secret1977: folds 
black.pantherx: raises $0.05 to $0.07
fhvty333432: folds 
PolinaKRS: folds 
timasch10: folds 
RomaHTC_AA: folds 
Uncalled bet ($0.05) returned to black.pantherx
black.pantherx collected $0.05 from pot
black.pantherx: doesn't show hand 
*** SUMMARY ***
Total pot $0.05 | Rake $0 
Seat 1: k . A_063 folded before Flop (didn't bet)
Seat 2: Dorex2007 folded before Flop (didn't bet)
Seat 3: Popov128 folded before Flop (didn't bet)
Seat 4: secret1977 folded before Flop (didn't bet)
Seat 5: black.pantherx collected ($0.05)
Seat 6: fhvty333432 folded before Flop (didn't bet)
Seat 7: PolinaKRS (button) folded before Flop (didn't bet)
Seat 8: timasch10 (small blind) folded before Flop
Seat 9: RomaHTC_AA (big blind) folded before Flop



PokerStars Hand #231247647442:  Hold'em No Limit ($0.01/$0.02 USD) - 2021/11/08 12:53:54 PT [2021/11/08 15:53:54 ET]
Table 'Indus II' 9-max Seat #8 is the button
Seat 1: k . A_063 ($2.57 in chips) 
Seat 2: Dorex2007 ($2.03 in chips) 
Seat 3: Popov128 ($1.94 in chips) 
Seat 4: secret1977 ($3.24 in chips) 
Seat 5: black.pantherx ($2.63 in chips) 
Seat 6: fhvty333432 ($0.65 in chips) 
Seat 7: PolinaKRS ($2.83 in chips) 
Seat 8: timasch10 ($0.46 in chips) 
Seat 9: RomaHTC_AA ($3.88 in chips) 
RomaHTC_AA: posts small blind $0.01
k . A_063: posts big blind $0.02
*** HOLE CARDS ***
Dealt to Dorex2007 [4c Js]
Dorex2007: folds 
Popov128: raises $0.08 to $0.10
secret1977: folds 
black.pantherx: calls $0.10
fhvty333432: folds 
PolinaKRS: folds 
timasch10: folds 
RomaHTC_AA: raises $0.30 to $0.40
k . A_063: folds 
Popov128: calls $0.30
black.pantherx: folds 
*** FLOP *** [5h As 2s]
RomaHTC_AA: checks 
Popov128: bets $0.20
RomaHTC_AA: folds 
Uncalled bet ($0.20) returned to Popov128
Popov128 collected $0.88 from pot
*** SUMMARY ***
Total pot $0.92 | Rake $0.04 
Board [5h As 2s]
Seat 1: k . A_063 (big blind) folded before Flop
Seat 2: Dorex2007 folded before Flop (didn't bet)
Seat 3: Popov128 collected ($0.88)
Seat 4: secret1977 folded before Flop (didn't bet)
Seat 5: black.pantherx folded before Flop
Seat 6: fhvty333432 folded before Flop (didn't bet)
Seat 7: PolinaKRS folded before Flop (didn't bet)
Seat 8: timasch10 (button) folded before Flop (didn't bet)
Seat 9: RomaHTC_AA (small blind) folded on the Flop



PokerStars Hand #231247681792:  Hold'em No Limit ($0.01/$0.02 USD) - 2021/11/08 12:55:01 PT [2021/11/08 15:55:01 ET]
Table 'Indus II' 9-max Seat #9 is the button
Seat 1: k . A_063 ($2.55 in chips) 
Seat 2: Dorex2007 ($2.03 in chips) 
Seat 3: Popov128 ($2.42 in chips) 
Seat 4: secret1977 ($3.24 in chips) 
Seat 5: black.pantherx ($2.53 in chips) 
Seat 6: fhvty333432 ($0.65 in chips) 
Seat 7: PolinaKRS ($2.83 in chips) 
Seat 8: timasch10 ($0.46 in chips) 
Seat 9: RomaHTC_AA ($3.48 in chips) 
k . A_063: posts small blind $0.01
Dorex2007: posts big blind $0.02
*** HOLE CARDS ***
Dealt to Dorex2007 [3d Td]
Popov128: folds 
secret1977: folds 
black.pantherx: folds 
fhvty333432: folds 
PolinaKRS: folds 
timasch10: folds 
RomaHTC_AA: folds 
k . A_063: raises $0.04 to $0.06
Dorex2007: folds 
Uncalled bet ($0.04) returned to k . A_063
k . A_063 collected $0.04 from pot
*** SUMMARY ***
Total pot $0.04 | Rake $0 
Seat 1: k . A_063 (small blind) collected ($0.04)
Seat 2: Dorex2007 (big blind) folded before Flop
Seat 3: Popov128 folded before Flop (didn't bet)
Seat 4: secret1977 folded before Flop (didn't bet)
Seat 5: black.pantherx folded before Flop (didn't bet)
Seat 6: fhvty333432 folded before Flop (didn't bet)
Seat 7: PolinaKRS folded before Flop (didn't bet)
Seat 8: timasch10 folded before Flop (didn't bet)
Seat 9: RomaHTC_AA (button) folded before Flop (didn't bet)



PokerStars Hand #231247693256:  Hold'em No Limit ($0.01/$0.02 USD) - 2021/11/08 12:55:31 PT [2021/11/08 15:55:31 ET]
Table 'Indus II' 9-max Seat #1 is the button
Seat 1: k . A_063 ($2.57 in chips) 
Seat 2: Dorex2007 ($2.01 in chips) 
Seat 3: Popov128 ($2.42 in chips) 
Seat 4: secret1977 ($3.24 in chips) 
Seat 5: black.pantherx ($2.53 in chips) 
Seat 6: fhvty333432 ($0.65 in chips) 
Seat 7: PolinaKRS ($2.83 in chips) 
Seat 8: timasch10 ($0.46 in chips) 
Seat 9: RomaHTC_AA ($3.48 in chips) 
Dorex2007: posts small blind $0.01
Popov128: posts big blind $0.02
*** HOLE CARDS ***
Dealt to Dorex2007 [5s 2h]
secret1977: folds 
black.pantherx: folds 
fhvty333432: calls $0.02
PolinaKRS: folds 
timasch10: folds 
RomaHTC_AA: folds 
k . A_063: folds 
black.pantherx leaves the table
Dorex2007: calls $0.01
Popov128: checks 
*** FLOP *** [4c 9c 6h]
Dorex2007: checks 
Popov128: bets $0.04
fhvty333432: calls $0.04
Dorex2007: folds 
*** TURN *** [4c 9c 6h] [Qc]
Popov128 has timed out
Popov128: checks 
fhvty333432: bets $0.06
Popov128: calls $0.06
*** RIVER *** [4c 9c 6h Qc] [Jd]
Popov128: checks 
fhvty333432: checks 
*** SHOW DOWN ***
Popov128: shows [6s Td] (a pair of Sixes)
fhvty333432: shows [Qd 6d] (two pair, Queens and Sixes)
fhvty333432 collected $0.25 from pot
*** SUMMARY ***
Total pot $0.26 | Rake $0.01 
Board [4c 9c 6h Qc Jd]
Seat 1: k . A_063 (button) folded before Flop (didn't bet)
Seat 2: Dorex2007 (small blind) folded on the Flop
Seat 3: Popov128 (big blind) showed [6s Td] and lost with a pair of Sixes
Seat 4: secret1977 folded before Flop (didn't bet)
Seat 5: black.pantherx folded before Flop (didn't bet)
Seat 6: fhvty333432 showed [Qd 6d] and won ($0.25) with two pair, Queens and Sixes
Seat 7: PolinaKRS folded before Flop (didn't bet)
Seat 8: timasch10 folded before Flop (didn't bet)
Seat 9: RomaHTC_AA folded before Flop (didn't bet)



PokerStars Hand #231247725960:  Hold'em No Limit ($0.01/$0.02 USD) - 2021/11/08 12:56:58 PT [2021/11/08 15:56:58 ET]
Table 'Indus II' 9-max Seat #2 is the button
Seat 1: k . A_063 ($2.57 in chips) 
Seat 2: Dorex2007 ($2 in chips) 
Seat 3: Popov128 ($2.30 in chips) 
Seat 4: secret1977 ($3.24 in chips) 
Seat 6: fhvty333432 ($0.78 in chips) 
Seat 7: PolinaKRS ($2.83 in chips) 
Seat 8: timasch10 ($0.46 in chips) 
Seat 9: RomaHTC_AA ($3.48 in chips) 
Popov128: posts small blind $0.01
secret1977: posts big blind $0.02
*** HOLE CARDS ***
Dealt to Dorex2007 [Jd 3c]
fhvty333432: calls $0.02
PolinaKRS: folds 
timasch10: folds 
RomaHTC_AA: folds 
k . A_063: folds 
Dorex2007: folds 
Popov128: raises $0.06 to $0.08
secret1977: folds 
fhvty333432: calls $0.06
*** FLOP *** [9c 8h 4d]
Popov128: checks 
secret1977 leaves the table
Paganplayer80 joins the table at seat #5 
fhvty333432: checks 
*** TURN *** [9c 8h 4d] [8d]
Popov128: checks 
fhvty333432: checks 
*** RIVER *** [9c 8h 4d 8d] [Ks]
Popov128: checks 
fhvty333432: checks 
*** SHOW DOWN ***
Popov128: shows [Qc 9d] (two pair, Nines and Eights)
fhvty333432: mucks hand 
Popov128 collected $0.17 from pot
*** SUMMARY ***
Total pot $0.18 | Rake $0.01 
Board [9c 8h 4d 8d Ks]
Seat 1: k . A_063 folded before Flop (didn't bet)
Seat 2: Dorex2007 (button) folded before Flop (didn't bet)
Seat 3: Popov128 (small blind) showed [Qc 9d] and won ($0.17) with two pair, Nines and Eights
Seat 4: secret1977 (big blind) folded before Flop
Seat 6: fhvty333432 mucked [Ac 2c]
Seat 7: PolinaKRS folded before Flop (didn't bet)
Seat 8: timasch10 folded before Flop (didn't bet)
Seat 9: RomaHTC_AA folded before Flop (didn't bet)



PokerStars Hand #231247741562:  Hold'em No Limit ($0.01/$0.02 USD) - 2021/11/08 12:57:39 PT [2021/11/08 15:57:39 ET]
Table 'Indus II' 9-max Seat #3 is the button
Seat 1: k . A_063 ($2.57 in chips) 
Seat 2: Dorex2007 ($2 in chips) 
Seat 3: Popov128 ($2.39 in chips) 
Seat 6: fhvty333432 ($0.70 in chips) 
Seat 7: PolinaKRS ($2.83 in chips) 
Seat 8: timasch10 ($0.46 in chips) 
Seat 9: RomaHTC_AA ($3.48 in chips) 
fhvty333432: posts small blind $0.01
PolinaKRS: posts big blind $0.02
*** HOLE CARDS ***
Dealt to Dorex2007 [4c 7h]
timasch10: folds 
RomaHTC_AA: folds 
k . A_063: folds 
Dorex2007: folds 
Popov128: folds 
fhvty333432: calls $0.01
PolinaKRS: checks 
*** FLOP *** [Jh 8d 3c]
fhvty333432: bets $0.04
PolinaKRS: folds 
Uncalled bet ($0.04) returned to fhvty333432
fhvty333432 collected $0.04 from pot
fhvty333432: doesn't show hand 
*** SUMMARY ***
Total pot $0.04 | Rake $0 
Board [Jh 8d 3c]
Seat 1: k . A_063 folded before Flop (didn't bet)
Seat 2: Dorex2007 folded before Flop (didn't bet)
Seat 3: Popov128 (button) folded before Flop (didn't bet)
Seat 6: fhvty333432 (small blind) collected ($0.04)
Seat 7: PolinaKRS (big blind) folded on the Flop
Seat 8: timasch10 folded before Flop (didn't bet)
Seat 9: RomaHTC_AA folded before Flop (didn't bet)



PokerStars Hand #231247750571:  Hold'em No Limit ($0.01/$0.02 USD) - 2021/11/08 12:58:03 PT [2021/11/08 15:58:03 ET]
Table 'Indus II' 9-max Seat #6 is the button
Seat 1: k . A_063 ($2.57 in chips) 
Seat 2: Dorex2007 ($2 in chips) 
Seat 3: Popov128 ($2.39 in chips) 
Seat 6: fhvty333432 ($0.72 in chips) 
Seat 7: PolinaKRS ($2.81 in chips) 
Seat 8: timasch10 ($0.46 in chips) 
Seat 9: RomaHTC_AA ($3.48 in chips) 
PolinaKRS: posts small blind $0.01
timasch10: posts big blind $0.02
Paganplayer80: sits out 
*** HOLE CARDS ***
Dealt to Dorex2007 [3h 9s]
RomaHTC_AA: folds 
k . A_063: folds 
Dorex2007: folds 
sanuk1no joins the table at seat #4 
Popov128: raises $0.10 to $0.12
fhvty333432: folds 
PolinaKRS: folds 
timasch10: calls $0.10
*** FLOP *** [7c Ac Ah]
timasch10: bets $0.34 and is all-in
Popov128: calls $0.34
*** TURN *** [7c Ac Ah] [Js]
*** RIVER *** [7c Ac Ah Js] [9h]
*** SHOW DOWN ***
timasch10: shows [Jc Tc] (two pair, Aces and Jacks)
Popov128: shows [4s 4c] (two pair, Aces and Fours)
timasch10 collected $0.89 from pot
*** SUMMARY ***
Total pot $0.93 | Rake $0.04 
Board [7c Ac Ah Js 9h]
Seat 1: k . A_063 folded before Flop (didn't bet)
Seat 2: Dorex2007 folded before Flop (didn't bet)
Seat 3: Popov128 showed [4s 4c] and lost with two pair, Aces and Fours
Seat 6: fhvty333432 (button) folded before Flop (didn't bet)
Seat 7: PolinaKRS (small blind) folded before Flop
Seat 8: timasch10 (big blind) showed [Jc Tc] and won ($0.89) with two pair, Aces and Jacks
Seat 9: RomaHTC_AA folded before Flop (didn't bet)



PokerStars Hand #231247764718:  Hold'em No Limit ($0.01/$0.02 USD) - 2021/11/08 12:58:40 PT [2021/11/08 15:58:40 ET]
Table 'Indus II' 9-max Seat #7 is the button
Seat 1: k . A_063 ($2.57 in chips) 
Seat 2: Dorex2007 ($2 in chips) 
Seat 3: Popov128 ($1.93 in chips) 
Seat 6: fhvty333432 ($0.72 in chips) 
Seat 7: PolinaKRS ($2.80 in chips) 
Seat 8: timasch10 ($0.89 in chips) 
Seat 9: RomaHTC_AA ($3.48 in chips) 
timasch10: posts small blind $0.01
RomaHTC_AA: posts big blind $0.02
sanuk1no: sits out 
Paganplayer80: sits out 
*** HOLE CARDS ***
Dealt to Dorex2007 [5s Qc]
k . A_063: folds 
Dorex2007: folds 
Popov128: raises $0.08 to $0.10
fhvty333432: folds 
PolinaKRS: folds 
timasch10: folds 
RomaHTC_AA: folds 
Uncalled bet ($0.08) returned to Popov128
Popov128 collected $0.05 from pot
*** SUMMARY ***
Total pot $0.05 | Rake $0 
Seat 1: k . A_063 folded before Flop (didn't bet)
Seat 2: Dorex2007 folded before Flop (didn't bet)
Seat 3: Popov128 collected ($0.05)
Seat 6: fhvty333432 folded before Flop (didn't bet)
Seat 7: PolinaKRS (button) folded before Flop (didn't bet)
Seat 8: timasch10 (small blind) folded before Flop
Seat 9: RomaHTC_AA (big blind) folded before Flop



PokerStars Hand #231247772571:  Hold'em No Limit ($0.01/$0.02 USD) - 2021/11/08 12:59:01 PT [2021/11/08 15:59:01 ET]
Table 'Indus II' 9-max Seat #8 is the button
Seat 1: k . A_063 ($2.57 in chips) 
Seat 2: Dorex2007 ($2 in chips) 
Seat 3: Popov128 ($1.96 in chips) 
Seat 6: fhvty333432 ($0.72 in chips) 
Seat 7: PolinaKRS ($2.80 in chips) 
Seat 8: timasch10 ($0.88 in chips) 
Seat 9: RomaHTC_AA ($3.46 in chips) 
RomaHTC_AA: posts small blind $0.01
k . A_063: posts big blind $0.02
sanuk1no: sits out 
Paganplayer80: sits out 
*** HOLE CARDS ***
Dealt to Dorex2007 [7s 2s]
Dorex2007: folds 
Popov128: raises $0.08 to $0.10
fhvty333432: folds 
PolinaKRS: folds 
timasch10: folds 
RomaHTC_AA: calls $0.09
k . A_063: folds 
*** FLOP *** [5d 4d 8d]
RomaHTC_AA: checks 
Popov128: bets $0.10
RomaHTC_AA: calls $0.10
*** TURN *** [5d 4d 8d] [Qd]
RomaHTC_AA: checks 
Popov128: checks 
*** RIVER *** [5d 4d 8d Qd] [6h]
RomaHTC_AA: bets $1.22
Popov128: folds [Qc 8c]
Uncalled bet ($1.22) returned to RomaHTC_AA
RomaHTC_AA collected $0.41 from pot
*** SUMMARY ***
Total pot $0.42 | Rake $0.01 
Board [5d 4d 8d Qd 6h]
Seat 1: k . A_063 (big blind) folded before Flop
Seat 2: Dorex2007 folded before Flop (didn't bet)
Seat 3: Popov128 folded on the River
Seat 6: fhvty333432 folded before Flop (didn't bet)
Seat 7: PolinaKRS folded before Flop (didn't bet)
Seat 8: timasch10 (button) folded before Flop (didn't bet)
Seat 9: RomaHTC_AA (small blind) collected ($0.41)



PokerStars Hand #231247810064:  Hold'em No Limit ($0.01/$0.02 USD) - 2021/11/08 13:00:36 PT [2021/11/08 16:00:36 ET]
Table 'Indus II' 9-max Seat #9 is the button
Seat 1: k . A_063 ($2.55 in chips) 
Seat 2: Dorex2007 ($2 in chips) 
Seat 3: Popov128 ($1.76 in chips) 
Seat 6: fhvty333432 ($0.72 in chips) 
Seat 7: PolinaKRS ($2.80 in chips) 
Seat 8: timasch10 ($0.88 in chips) 
Seat 9: RomaHTC_AA ($3.67 in chips) 
k . A_063: posts small blind $0.01
Dorex2007: posts big blind $0.02
sanuk1no: sits out 
Paganplayer80: sits out 
*** HOLE CARDS ***
Dealt to Dorex2007 [8d 9h]
Popov128: folds 
fhvty333432: calls $0.02
PolinaKRS: folds 
timasch10: folds 
RomaHTC_AA: folds 
k . A_063: folds 
Dorex2007: checks 
*** FLOP *** [4d Jc Tc]
Dorex2007: checks 
fhvty333432: checks 
*** TURN *** [4d Jc Tc] [4c]
Dorex2007: bets $0.03
fhvty333432: folds 
Uncalled bet ($0.03) returned to Dorex2007
Dorex2007 collected $0.05 from pot
Dorex2007: doesn't show hand 
*** SUMMARY ***
Total pot $0.05 | Rake $0 
Board [4d Jc Tc 4c]
Seat 1: k . A_063 (small blind) folded before Flop
Seat 2: Dorex2007 (big blind) collected ($0.05)
Seat 3: Popov128 folded before Flop (didn't bet)
Seat 6: fhvty333432 folded on the Turn
Seat 7: PolinaKRS folded before Flop (didn't bet)
Seat 8: timasch10 folded before Flop (didn't bet)
Seat 9: RomaHTC_AA (button) folded before Flop (didn't bet)



PokerStars Hand #231247825194:  Hold'em No Limit ($0.01/$0.02 USD) - 2021/11/08 13:01:02 PT [2021/11/08 16:01:02 ET]
Table 'Indus II' 9-max Seat #1 is the button
Seat 1: k . A_063 ($2.54 in chips) 
Seat 2: Dorex2007 ($2.03 in chips) 
Seat 3: Popov128 ($1.76 in chips) 
Seat 6: fhvty333432 ($0.70 in chips) 
Seat 7: PolinaKRS ($2.80 in chips) 
Seat 8: timasch10 ($0.88 in chips) 
Seat 9: RomaHTC_AA ($3.67 in chips) 
Dorex2007: posts small blind $0.01
Popov128: posts big blind $0.02
sanuk1no: sits out 
Paganplayer80: sits out 
*** HOLE CARDS ***
Dealt to Dorex2007 [As Ks]
fhvty333432: raises $0.02 to $0.04
PolinaKRS: folds 
timasch10: folds 
RomaHTC_AA: folds 
k . A_063: folds 
Dorex2007: raises $0.06 to $0.10
Popov128: folds 
fhvty333432: calls $0.06
*** FLOP *** [Kh 4d Qs]
Dorex2007: checks 
fhvty333432: checks 
*** TURN *** [Kh 4d Qs] [Th]
Dorex2007: bets $1.93 and is all-in
fhvty333432: folds 
Uncalled bet ($1.93) returned to Dorex2007
Dorex2007 collected $0.21 from pot
Dorex2007: doesn't show hand 
*** SUMMARY ***
Total pot $0.22 | Rake $0.01 
Board [Kh 4d Qs Th]
Seat 1: k . A_063 (button) folded before Flop (didn't bet)
Seat 2: Dorex2007 (small blind) collected ($0.21)
Seat 3: Popov128 (big blind) folded before Flop
Seat 6: fhvty333432 folded on the Turn
Seat 7: PolinaKRS folded before Flop (didn't bet)
Seat 8: timasch10 folded before Flop (didn't bet)
Seat 9: RomaHTC_AA folded before Flop (didn't bet)



PokerStars Hand #231247855016:  Hold'em No Limit ($0.01/$0.02 USD) - 2021/11/08 13:02:04 PT [2021/11/08 16:02:04 ET]
Table 'Indus II' 9-max Seat #2 is the button
Seat 1: k . A_063 ($2.54 in chips) 
Seat 2: Dorex2007 ($2.14 in chips) 
Seat 3: Popov128 ($1.74 in chips) 
Seat 4: sanuk1no ($2 in chips) 
Seat 5: Paganplayer80 ($1.60 in chips) 
Seat 6: fhvty333432 ($0.60 in chips) 
Seat 7: PolinaKRS ($2.80 in chips) 
Seat 8: timasch10 ($0.88 in chips) 
Seat 9: RomaHTC_AA ($3.67 in chips) 
Popov128: posts small blind $0.01
sanuk1no: posts big blind $0.02
Paganplayer80: posts big blind $0.02
*** HOLE CARDS ***
Dealt to Dorex2007 [6s 6d]
Paganplayer80: checks 
fhvty333432: folds 
PolinaKRS: folds 
timasch10: folds 
RomaHTC_AA: raises $0.04 to $0.06
k . A_063: folds 
Dorex2007: folds 
Popov128: raises $0.06 to $0.12
sanuk1no: folds 
Paganplayer80: calls $0.10
RomaHTC_AA: calls $0.06
*** FLOP *** [9h 5c Ks]
Popov128: bets $0.10
Paganplayer80: folds 
RomaHTC_AA: calls $0.10
*** TURN *** [9h 5c Ks] [Kc]
Popov128: bets $0.20
RomaHTC_AA: folds 
Uncalled bet ($0.20) returned to Popov128
Popov128 collected $0.56 from pot
*** SUMMARY ***
Total pot $0.58 | Rake $0.02 
Board [9h 5c Ks Kc]
Seat 1: k . A_063 folded before Flop (didn't bet)
Seat 2: Dorex2007 (button) folded before Flop (didn't bet)
Seat 3: Popov128 (small blind) collected ($0.56)
Seat 4: sanuk1no (big blind) folded before Flop
Seat 5: Paganplayer80 folded on the Flop
Seat 6: fhvty333432 folded before Flop (didn't bet)
Seat 7: PolinaKRS folded before Flop (didn't bet)
Seat 8: timasch10 folded before Flop (didn't bet)
Seat 9: RomaHTC_AA folded on the Turn



PokerStars Hand #231247887548:  Hold'em No Limit ($0.01/$0.02 USD) - 2021/11/08 13:03:09 PT [2021/11/08 16:03:09 ET]
Table 'Indus II' 9-max Seat #3 is the button
Seat 1: k . A_063 ($2.54 in chips) 
Seat 2: Dorex2007 ($2.14 in chips) 
Seat 3: Popov128 ($2.08 in chips) 
Seat 4: sanuk1no ($1.98 in chips) 
Seat 5: Paganplayer80 ($1.48 in chips) 
Seat 6: fhvty333432 ($0.60 in chips) 
Seat 7: PolinaKRS ($2.80 in chips) 
Seat 8: timasch10 ($0.88 in chips) 
Seat 9: RomaHTC_AA ($3.45 in chips) 
sanuk1no: posts small blind $0.01
Paganplayer80: posts big blind $0.02
*** HOLE CARDS ***
Dealt to Dorex2007 [5h 4d]
fhvty333432: folds 
PolinaKRS: raises $0.02 to $0.04
timasch10: folds 
RomaHTC_AA: calls $0.04
k . A_063: calls $0.04
Dorex2007: folds 
Popov128: calls $0.04
sanuk1no: folds 
Paganplayer80: calls $0.02
*** FLOP *** [Qh 8h 3c]
Paganplayer80: checks 
PolinaKRS: bets $0.10
RomaHTC_AA: folds 
k . A_063: calls $0.10
Popov128: calls $0.10
Paganplayer80: folds 
*** TURN *** [Qh 8h 3c] [9h]
PolinaKRS: bets $0.28
k . A_063: folds 
Popov128: calls $0.28
*** RIVER *** [Qh 8h 3c 9h] [Jd]
PolinaKRS: bets $0.68
Popov128 has timed out
Popov128: folds 
Uncalled bet ($0.68) returned to PolinaKRS
PolinaKRS collected $1.03 from pot
*** SUMMARY ***
Total pot $1.07 | Rake $0.04 
Board [Qh 8h 3c 9h Jd]
Seat 1: k . A_063 folded on the Turn
Seat 2: Dorex2007 folded before Flop (didn't bet)
Seat 3: Popov128 (button) folded on the River
Seat 4: sanuk1no (small blind) folded before Flop
Seat 5: Paganplayer80 (big blind) folded on the Flop
Seat 6: fhvty333432 folded before Flop (didn't bet)
Seat 7: PolinaKRS collected ($1.03)
Seat 8: timasch10 folded before Flop (didn't bet)
Seat 9: RomaHTC_AA folded on the Flop



PokerStars Hand #231247938867:  Hold'em No Limit ($0.01/$0.02 USD) - 2021/11/08 13:04:50 PT [2021/11/08 16:04:50 ET]
Table 'Indus II' 9-max Seat #4 is the button
Seat 1: k . A_063 ($2.40 in chips) 
Seat 2: Dorex2007 ($2.14 in chips) 
Seat 3: Popov128 ($1.66 in chips) 
Seat 4: sanuk1no ($1.97 in chips) 
Seat 5: Paganplayer80 ($1.44 in chips) 
Seat 6: fhvty333432 ($0.60 in chips) 
Seat 7: PolinaKRS ($3.41 in chips) 
Seat 8: timasch10 ($0.88 in chips) 
Seat 9: RomaHTC_AA ($3.41 in chips) 
Paganplayer80: posts small blind $0.01
fhvty333432: posts big blind $0.02
*** HOLE CARDS ***
Dealt to Dorex2007 [9h 6s]
PolinaKRS: folds 
timasch10: folds 
RomaHTC_AA: raises $0.04 to $0.06
k . A_063: folds 
Dorex2007: folds 
Popov128: calls $0.06
sanuk1no: folds 
Paganplayer80: calls $0.05
fhvty333432: calls $0.04
*** FLOP *** [Ks 4s 5s]
Paganplayer80: bets $0.02
fhvty333432: folds 
RomaHTC_AA: folds 
Popov128: raises $0.08 to $0.10
Paganplayer80: calls $0.08
*** TURN *** [Ks 4s 5s] [Jd]
Paganplayer80: checks 
Popov128: checks 
*** RIVER *** [Ks 4s 5s Jd] [Ac]
Paganplayer80: bets $0.02
Popov128: raises $0.23 to $0.25
Paganplayer80: calls $0.23
*** SHOW DOWN ***
Popov128: shows [Jc Js] (three of a kind, Jacks)
Paganplayer80: mucks hand 
Popov128 collected $0.90 from pot
*** SUMMARY ***
Total pot $0.94 | Rake $0.04 
Board [Ks 4s 5s Jd Ac]
Seat 1: k . A_063 folded before Flop (didn't bet)
Seat 2: Dorex2007 folded before Flop (didn't bet)
Seat 3: Popov128 showed [Jc Js] and won ($0.90) with three of a kind, Jacks
Seat 4: sanuk1no (button) folded before Flop (didn't bet)
Seat 5: Paganplayer80 (small blind) mucked [8c Kc]
Seat 6: fhvty333432 (big blind) folded on the Flop
Seat 7: PolinaKRS folded before Flop (didn't bet)
Seat 8: timasch10 folded before Flop (didn't bet)
Seat 9: RomaHTC_AA folded on the Flop



PokerStars Hand #231247984299:  Hold'em No Limit ($0.01/$0.02 USD) - 2021/11/08 13:06:19 PT [2021/11/08 16:06:19 ET]
Table 'Indus II' 9-max Seat #5 is the button
Seat 1: k . A_063 ($2.40 in chips) 
Seat 2: Dorex2007 ($2.14 in chips) 
Seat 3: Popov128 ($2.15 in chips) 
Seat 4: sanuk1no ($1.97 in chips) 
Seat 5: Paganplayer80 ($1.03 in chips) 
Seat 6: fhvty333432 ($0.54 in chips) 
Seat 7: PolinaKRS ($3.41 in chips) 
Seat 8: timasch10 ($0.88 in chips) 
Seat 9: RomaHTC_AA ($3.35 in chips) 
fhvty333432: posts small blind $0.01
PolinaKRS: posts big blind $0.02
*** HOLE CARDS ***
Dealt to Dorex2007 [Th 5s]
timasch10: calls $0.02
RomaHTC_AA: folds 
k . A_063: folds 
Dorex2007: folds 
Popov128: raises $0.06 to $0.08
sanuk1no: folds 
Paganplayer80: calls $0.08
fhvty333432: calls $0.07
PolinaKRS: folds 
timasch10: calls $0.06
*** FLOP *** [7h 2h 4d]
fhvty333432: checks 
timasch10: checks 
Popov128: checks 
Paganplayer80: checks 
*** TURN *** [7h 2h 4d] [Jh]
fhvty333432: checks 
timasch10: checks 
Popov128: checks 
Paganplayer80: checks 
*** RIVER *** [7h 2h 4d Jh] [7s]
fhvty333432: bets $0.06
timasch10: folds 
Popov128: calls $0.06
Paganplayer80: folds 
*** SHOW DOWN ***
fhvty333432: shows [Qd 8d] (a pair of Sevens)
Popov128: shows [6s Ks] (a pair of Sevens - King kicker)
Popov128 collected $0.44 from pot
*** SUMMARY ***
Total pot $0.46 | Rake $0.02 
Board [7h 2h 4d Jh 7s]
Seat 1: k . A_063 folded before Flop (didn't bet)
Seat 2: Dorex2007 folded before Flop (didn't bet)
Seat 3: Popov128 showed [6s Ks] and won ($0.44) with a pair of Sevens
Seat 4: sanuk1no folded before Flop (didn't bet)
Seat 5: Paganplayer80 (button) folded on the River
Seat 6: fhvty333432 (small blind) showed [Qd 8d] and lost with a pair of Sevens
Seat 7: PolinaKRS (big blind) folded before Flop
Seat 8: timasch10 folded on the River
Seat 9: RomaHTC_AA folded before Flop (didn't bet)



PokerStars Hand #231248020329:  Hold'em No Limit ($0.01/$0.02 USD) - 2021/11/08 13:07:30 PT [2021/11/08 16:07:30 ET]
Table 'Indus II' 9-max Seat #6 is the button
Seat 1: k . A_063 ($2.40 in chips) 
Seat 2: Dorex2007 ($2.14 in chips) 
Seat 3: Popov128 ($2.45 in chips) 
Seat 4: sanuk1no ($1.97 in chips) 
Seat 5: Paganplayer80 ($0.95 in chips) 
Seat 6: fhvty333432 ($0.40 in chips) 
Seat 7: PolinaKRS ($3.39 in chips) 
Seat 8: timasch10 ($0.80 in chips) 
Seat 9: RomaHTC_AA ($3.35 in chips) 
PolinaKRS: posts small blind $0.01
timasch10: posts big blind $0.02
*** HOLE CARDS ***
Dealt to Dorex2007 [2c Ac]
RomaHTC_AA: raises $0.04 to $0.06
k . A_063: folds 
Dorex2007: folds 
Popov128: calls $0.06
sanuk1no: folds 
Paganplayer80: calls $0.06
fhvty333432: calls $0.06
PolinaKRS: folds 
timasch10: folds 
*** FLOP *** [9s Qc 3d]
RomaHTC_AA: bets $0.12
Popov128: folds 
Paganplayer80: folds 
fhvty333432: folds 
Uncalled bet ($0.12) returned to RomaHTC_AA
RomaHTC_AA collected $0.26 from pot
*** SUMMARY ***
Total pot $0.27 | Rake $0.01 
Board [9s Qc 3d]
Seat 1: k . A_063 folded before Flop (didn't bet)
Seat 2: Dorex2007 folded before Flop (didn't bet)
Seat 3: Popov128 folded on the Flop
Seat 4: sanuk1no folded before Flop (didn't bet)
Seat 5: Paganplayer80 folded on the Flop
Seat 6: fhvty333432 (button) folded on the Flop
Seat 7: PolinaKRS (small blind) folded before Flop
Seat 8: timasch10 (big blind) folded before Flop
Seat 9: RomaHTC_AA collected ($0.26)



PokerStars Hand #231248048913:  Hold'em No Limit ($0.01/$0.02 USD) - 2021/11/08 13:08:26 PT [2021/11/08 16:08:26 ET]
Table 'Indus II' 9-max Seat #7 is the button
Seat 1: k . A_063 ($2.40 in chips) 
Seat 2: Dorex2007 ($2.14 in chips) 
Seat 3: Popov128 ($2.39 in chips) 
Seat 4: sanuk1no ($1.97 in chips) 
Seat 5: Paganplayer80 ($0.89 in chips) 
Seat 6: fhvty333432 ($0.34 in chips) 
Seat 7: PolinaKRS ($3.38 in chips) 
Seat 8: timasch10 ($0.78 in chips) 
Seat 9: RomaHTC_AA ($3.55 in chips) 
timasch10: posts small blind $0.01
RomaHTC_AA: posts big blind $0.02
*** HOLE CARDS ***
Dealt to Dorex2007 [8d 3h]
k . A_063: folds 
Dorex2007: folds 
Popov128: folds 
sanuk1no: folds 
Paganplayer80: calls $0.02
fhvty333432: calls $0.02
PolinaKRS: folds 
timasch10: calls $0.01
RomaHTC_AA: checks 
*** FLOP *** [4h 9c 2h]
timasch10: checks 
RomaHTC_AA: checks 
Paganplayer80: checks 
fhvty333432: checks 
*** TURN *** [4h 9c 2h] [Jh]
timasch10: checks 
RomaHTC_AA: checks 
Paganplayer80: bets $0.02
fhvty333432: folds 
timasch10: folds 
RomaHTC_AA: folds 
Uncalled bet ($0.02) returned to Paganplayer80
Paganplayer80 collected $0.08 from pot
Paganplayer80: doesn't show hand 
*** SUMMARY ***
Total pot $0.08 | Rake $0 
Board [4h 9c 2h Jh]
Seat 1: k . A_063 folded before Flop (didn't bet)
Seat 2: Dorex2007 folded before Flop (didn't bet)
Seat 3: Popov128 folded before Flop (didn't bet)
Seat 4: sanuk1no folded before Flop (didn't bet)
Seat 5: Paganplayer80 collected ($0.08)
Seat 6: fhvty333432 folded on the Turn
Seat 7: PolinaKRS (button) folded before Flop (didn't bet)
Seat 8: timasch10 (small blind) folded on the Turn
Seat 9: RomaHTC_AA (big blind) folded on the Turn



PokerStars Hand #231248074628:  Hold'em No Limit ($0.01/$0.02 USD) - 2021/11/08 13:09:17 PT [2021/11/08 16:09:17 ET]
Table 'Indus II' 9-max Seat #8 is the button
Seat 1: k . A_063 ($2.40 in chips) 
Seat 2: Dorex2007 ($2.14 in chips) 
Seat 3: Popov128 ($2.39 in chips) 
Seat 4: sanuk1no ($1.97 in chips) 
Seat 5: Paganplayer80 ($0.95 in chips) 
Seat 6: fhvty333432 ($0.32 in chips) 
Seat 7: PolinaKRS ($3.38 in chips) 
Seat 8: timasch10 ($0.76 in chips) 
Seat 9: RomaHTC_AA ($3.53 in chips) 
RomaHTC_AA: posts small blind $0.01
k . A_063: posts big blind $0.02
*** HOLE CARDS ***
Dealt to Dorex2007 [Ts Th]
Dorex2007: calls $0.02
Popov128: raises $0.08 to $0.10
sanuk1no: folds 
Paganplayer80: calls $0.10
fhvty333432: calls $0.10
PolinaKRS: folds 
timasch10: folds 
RomaHTC_AA: folds 
k . A_063: folds 
Dorex2007: raises $2.04 to $2.14 and is all-in
Popov128: folds 
Paganplayer80: calls $0.85 and is all-in
fhvty333432: calls $0.22 and is all-in
Uncalled bet ($1.19) returned to Dorex2007
*** FLOP *** [5d Jd Qc]
*** TURN *** [5d Jd Qc] [Qh]
*** RIVER *** [5d Jd Qc Qh] [2s]
*** SHOW DOWN ***
Dorex2007: shows [Ts Th] (two pair, Queens and Tens)
Paganplayer80: shows [4c 8c] (a pair of Queens)
Dorex2007 collected $1.22 from side pot
fhvty333432: shows [Kd Jh] (two pair, Queens and Jacks)
fhvty333432 collected $1.05 from main pot
*** SUMMARY ***
Total pot $2.35 Main pot $1.05. Side pot $1.22. | Rake $0.08 
Board [5d Jd Qc Qh 2s]
Seat 1: k . A_063 (big blind) folded before Flop
Seat 2: Dorex2007 showed [Ts Th] and won ($1.22) with two pair, Queens and Tens
Seat 3: Popov128 folded before Flop
Seat 4: sanuk1no folded before Flop (didn't bet)
Seat 5: Paganplayer80 showed [4c 8c] and lost with a pair of Queens
Seat 6: fhvty333432 showed [Kd Jh] and won ($1.05) with two pair, Queens and Jacks
Seat 7: PolinaKRS folded before Flop (didn't bet)
Seat 8: timasch10 (button) folded before Flop (didn't bet)
Seat 9: RomaHTC_AA (small blind) folded before Flop



PokerStars Hand #231248109809:  Hold'em No Limit ($0.01/$0.02 USD) - 2021/11/08 13:10:26 PT [2021/11/08 16:10:26 ET]
Table 'Indus II' 9-max Seat #9 is the button
Seat 1: k . A_063 ($2.38 in chips) 
Seat 2: Dorex2007 ($2.41 in chips) 
Seat 3: Popov128 ($2.29 in chips) 
Seat 4: sanuk1no ($1.97 in chips) 
Seat 6: fhvty333432 ($1.05 in chips) 
Seat 7: PolinaKRS ($3.38 in chips) 
Seat 8: timasch10 ($0.76 in chips) 
Seat 9: RomaHTC_AA ($3.52 in chips) 
k . A_063: posts small blind $0.01
Dorex2007: posts big blind $0.02
*** HOLE CARDS ***
Dealt to Dorex2007 [As 3s]
Popov128: raises $0.08 to $0.10
sanuk1no: folds 
fhvty333432: calls $0.10
PolinaKRS: folds 
timasch10: folds 
RomaHTC_AA: folds 
k . A_063: folds 
Dorex2007: folds 
*** FLOP *** [4h 2s 6h]
Popov128: checks 
fhvty333432: checks 
*** TURN *** [4h 2s 6h] [Jd]
Popov128: bets $0.06
fhvty333432: folds 
Uncalled bet ($0.06) returned to Popov128
Popov128 collected $0.22 from pot
*** SUMMARY ***
Total pot $0.23 | Rake $0.01 
Board [4h 2s 6h Jd]
Seat 1: k . A_063 (small blind) folded before Flop
Seat 2: Dorex2007 (big blind) folded before Flop
Seat 3: Popov128 collected ($0.22)
Seat 4: sanuk1no folded before Flop (didn't bet)
Seat 6: fhvty333432 folded on the Turn
Seat 7: PolinaKRS folded before Flop (didn't bet)
Seat 8: timasch10 folded before Flop (didn't bet)
Seat 9: RomaHTC_AA (button) folded before Flop (didn't bet)



PokerStars Hand #231248130386:  Hold'em No Limit ($0.01/$0.02 USD) - 2021/11/08 13:11:06 PT [2021/11/08 16:11:06 ET]
Table 'Indus II' 9-max Seat #1 is the button
Seat 1: k . A_063 ($2.37 in chips) 
Seat 2: Dorex2007 ($2.39 in chips) 
Seat 3: Popov128 ($2.41 in chips) 
Seat 4: sanuk1no ($1.97 in chips) 
Seat 5: Paganplayer80 ($2 in chips) 
Seat 6: fhvty333432 ($0.95 in chips) 
Seat 7: PolinaKRS ($3.38 in chips) 
Seat 8: timasch10 ($0.76 in chips) 
Seat 9: RomaHTC_AA ($3.52 in chips) 
Dorex2007: posts small blind $0.01
Popov128: posts big blind $0.02
*** HOLE CARDS ***
Dealt to Dorex2007 [3s 7d]
sanuk1no: folds 
Paganplayer80: calls $0.02
fhvty333432: calls $0.02
PolinaKRS: folds 
timasch10: folds 
RomaHTC_AA: raises $0.06 to $0.08
timasch10 leaves the table
k . A_063: calls $0.08
Silen4ik88 joins the table at seat #8 
Dorex2007: folds 
Popov128: calls $0.06
Paganplayer80: calls $0.06
fhvty333432: folds 
*** FLOP *** [9h 2c Tc]
Popov128 has timed out
Popov128: checks 
Paganplayer80: checks 
RomaHTC_AA: bets $0.34
k . A_063: folds 
Popov128: calls $0.34
Paganplayer80: folds 
*** TURN *** [9h 2c Tc] [7s]
Popov128: checks 
RomaHTC_AA: bets $0.50
Popov128: calls $0.50
*** RIVER *** [9h 2c Tc 7s] [3h]
Popov128: bets $0.98
RomaHTC_AA: calls $0.98
*** SHOW DOWN ***
Popov128: shows [9s As] (a pair of Nines)
RomaHTC_AA: shows [Ac 9c] (a pair of Nines)
Popov128 collected $1.91 from pot
RomaHTC_AA collected $1.92 from pot
*** SUMMARY ***
Total pot $3.99 | Rake $0.16 
Board [9h 2c Tc 7s 3h]
Seat 1: k . A_063 (button) folded on the Flop
Seat 2: Dorex2007 (small blind) folded before Flop
Seat 3: Popov128 (big blind) showed [9s As] and won ($1.91) with a pair of Nines
Seat 4: sanuk1no folded before Flop (didn't bet)
Seat 5: Paganplayer80 folded on the Flop
Seat 6: fhvty333432 folded before Flop
Seat 7: PolinaKRS folded before Flop (didn't bet)
Seat 8: timasch10 folded before Flop (didn't bet)
Seat 9: RomaHTC_AA showed [Ac 9c] and won ($1.92) with a pair of Nines



PokerStars Hand #231248199661:  Hold'em No Limit ($0.01/$0.02 USD) - 2021/11/08 13:13:16 PT [2021/11/08 16:13:16 ET]
Table 'Indus II' 9-max Seat #2 is the button
Seat 1: k . A_063 ($2.29 in chips) 
Seat 2: Dorex2007 ($2.38 in chips) 
Seat 3: Popov128 ($2.42 in chips) 
Seat 4: sanuk1no ($1.97 in chips) 
Seat 5: Paganplayer80 ($1.92 in chips) 
Seat 6: fhvty333432 ($0.93 in chips) 
Seat 7: PolinaKRS ($3.38 in chips) 
Seat 9: RomaHTC_AA ($3.54 in chips) 
Popov128: posts small blind $0.01
sanuk1no: posts big blind $0.02
Silen4ik88: sits out 
*** HOLE CARDS ***
Dealt to Dorex2007 [Kc Tc]
Paganplayer80: calls $0.02
fhvty333432: calls $0.02
PolinaKRS: folds 
RomaHTC_AA: folds 
k . A_063: folds 
Dorex2007: raises $0.04 to $0.06
Popov128: calls $0.05
sanuk1no: folds 
Paganplayer80: calls $0.04
fhvty333432: calls $0.04
*** FLOP *** [2c 7c Qh]
Popov128: checks 
Paganplayer80: checks 
fhvty333432: checks 
Dorex2007: bets $0.13
Popov128 has timed out
Popov128: folds 
Paganplayer80: folds 
fhvty333432: folds 
Uncalled bet ($0.13) returned to Dorex2007
Dorex2007 collected $0.25 from pot
Dorex2007: doesn't show hand 
*** SUMMARY ***
Total pot $0.26 | Rake $0.01 
Board [2c 7c Qh]
Seat 1: k . A_063 folded before Flop (didn't bet)
Seat 2: Dorex2007 (button) collected ($0.25)
Seat 3: Popov128 (small blind) folded on the Flop
Seat 4: sanuk1no (big blind) folded before Flop
Seat 5: Paganplayer80 folded on the Flop
Seat 6: fhvty333432 folded on the Flop
Seat 7: PolinaKRS folded before Flop (didn't bet)
Seat 9: RomaHTC_AA folded before Flop (didn't bet)



PokerStars Hand #231248235032:  Hold'em No Limit ($0.01/$0.02 USD) - 2021/11/08 13:14:26 PT [2021/11/08 16:14:26 ET]
Table 'Indus II' 9-max Seat #4 is the button
Seat 1: k . A_063 ($2.29 in chips) 
Seat 2: Dorex2007 ($2.57 in chips) 
Seat 4: sanuk1no ($1.95 in chips) 
Seat 5: Paganplayer80 ($1.86 in chips) 
Seat 6: fhvty333432 ($0.87 in chips) 
Seat 7: PolinaKRS ($3.38 in chips) 
Seat 9: RomaHTC_AA ($3.54 in chips) 
Paganplayer80: posts small blind $0.01
fhvty333432: posts big blind $0.02
Silen4ik88: sits out 
*** HOLE CARDS ***
Dealt to Dorex2007 [2c 6s]
PolinaKRS: folds 
RomaHTC_AA: folds 
k . A_063: folds 
Dorex2007: folds 
sanuk1no: folds 
Paganplayer80: calls $0.01
fhvty333432: checks 
*** FLOP *** [5d 4d Kc]
Paganplayer80: checks 
fhvty333432: checks 
*** TURN *** [5d 4d Kc] [6h]
Paganplayer80: checks 
fhvty333432: bets $0.06
Paganplayer80: folds 
Uncalled bet ($0.06) returned to fhvty333432
fhvty333432 collected $0.04 from pot
fhvty333432: doesn't show hand 
*** SUMMARY ***
Total pot $0.04 | Rake $0 
Board [5d 4d Kc 6h]
Seat 1: k . A_063 folded before Flop (didn't bet)
Seat 2: Dorex2007 folded before Flop (didn't bet)
Seat 4: sanuk1no (button) folded before Flop (didn't bet)
Seat 5: Paganplayer80 (small blind) folded on the Turn
Seat 6: fhvty333432 (big blind) collected ($0.04)
Seat 7: PolinaKRS folded before Flop (didn't bet)
Seat 9: RomaHTC_AA folded before Flop (didn't bet)



PokerStars Hand #231248260260:  Hold'em No Limit ($0.01/$0.02 USD) - 2021/11/08 13:15:16 PT [2021/11/08 16:15:16 ET]
Table 'Indus II' 9-max Seat #5 is the button
Seat 1: k . A_063 ($2.29 in chips) 
Seat 2: Dorex2007 ($2.57 in chips) 
Seat 3: Popov128 ($2.36 in chips) 
Seat 4: sanuk1no ($1.95 in chips) 
Seat 5: Paganplayer80 ($1.84 in chips) 
Seat 6: fhvty333432 ($0.89 in chips) 
Seat 7: PolinaKRS ($3.38 in chips) 
Seat 9: RomaHTC_AA ($3.54 in chips) 
fhvty333432: posts small blind $0.01
PolinaKRS: posts big blind $0.02
Silen4ik88: sits out 
*** HOLE CARDS ***
Dealt to Dorex2007 [Ts Kh]
RomaHTC_AA: raises $0.04 to $0.06
k . A_063: folds 
Dorex2007: folds 
Popov128: calls $0.06
sanuk1no: folds 
Paganplayer80: calls $0.06
fhvty333432: folds 
PolinaKRS: folds 
*** FLOP *** [Td Jd 7h]
RomaHTC_AA: checks 
Popov128: checks 
Paganplayer80: checks 
*** TURN *** [Td Jd 7h] [9h]
RomaHTC_AA: checks 
Popov128: checks 
Paganplayer80: bets $0.02
RomaHTC_AA: calls $0.02
Popov128: folds 
*** RIVER *** [Td Jd 7h 9h] [Kc]
RomaHTC_AA: checks 
Paganplayer80: bets $0.02
RomaHTC_AA: calls $0.02
*** SHOW DOWN ***
Paganplayer80: shows [5d Jh] (a pair of Jacks)
RomaHTC_AA: shows [Kd Ac] (a pair of Kings)
RomaHTC_AA collected $0.28 from pot
*** SUMMARY ***
Total pot $0.29 | Rake $0.01 
Board [Td Jd 7h 9h Kc]
Seat 1: k . A_063 folded before Flop (didn't bet)
Seat 2: Dorex2007 folded before Flop (didn't bet)
Seat 3: Popov128 folded on the Turn
Seat 4: sanuk1no folded before Flop (didn't bet)
Seat 5: Paganplayer80 (button) showed [5d Jh] and lost with a pair of Jacks
Seat 6: fhvty333432 (small blind) folded before Flop
Seat 7: PolinaKRS (big blind) folded before Flop
Seat 9: RomaHTC_AA showed [Kd Ac] and won ($0.28) with a pair of Kings



PokerStars Hand #231248323066:  Hold'em No Limit ($0.01/$0.02 USD) - 2021/11/08 13:17:17 PT [2021/11/08 16:17:17 ET]
Table 'Indus II' 9-max Seat #6 is the button
Seat 1: k . A_063 ($2.29 in chips) 
Seat 2: Dorex2007 ($2.57 in chips) 
Seat 3: Popov128 ($2.30 in chips) 
Seat 4: sanuk1no ($1.95 in chips) 
Seat 5: Paganplayer80 ($1.74 in chips) 
Seat 6: fhvty333432 ($0.88 in chips) 
Seat 7: PolinaKRS ($3.36 in chips) 
Seat 8: Silen4ik88 ($2 in chips) 
Seat 9: RomaHTC_AA ($3.72 in chips) 
PolinaKRS: posts small blind $0.01
Silen4ik88: posts big blind $0.02
*** HOLE CARDS ***
Dealt to Dorex2007 [Kd 5d]
RomaHTC_AA: folds 
k . A_063: folds 
Dorex2007: folds 
Popov128: folds 
sanuk1no: folds 
Paganplayer80: calls $0.02
fhvty333432: calls $0.02
PolinaKRS: folds 
Silen4ik88: checks 
*** FLOP *** [As 2d Qh]
Silen4ik88: checks 
Paganplayer80: checks 
fhvty333432: checks 
*** TURN *** [As 2d Qh] [Qs]
Silen4ik88: checks 
Paganplayer80: checks 
fhvty333432: checks 
*** RIVER *** [As 2d Qh Qs] [6h]
Silen4ik88: bets $0.04
Paganplayer80: folds 
fhvty333432: folds 
Uncalled bet ($0.04) returned to Silen4ik88
Silen4ik88 collected $0.07 from pot
Silen4ik88: doesn't show hand 
*** SUMMARY ***
Total pot $0.07 | Rake $0 
Board [As 2d Qh Qs 6h]
Seat 1: k . A_063 folded before Flop (didn't bet)
Seat 2: Dorex2007 folded before Flop (didn't bet)
Seat 3: Popov128 folded before Flop (didn't bet)
Seat 4: sanuk1no folded before Flop (didn't bet)
Seat 5: Paganplayer80 folded on the River
Seat 6: fhvty333432 (button) folded on the River
Seat 7: PolinaKRS (small blind) folded before Flop
Seat 8: Silen4ik88 (big blind) collected ($0.07)
Seat 9: RomaHTC_AA folded before Flop (didn't bet)



PokerStars Hand #231248348265:  Hold'em No Limit ($0.01/$0.02 USD) - 2021/11/08 13:18:05 PT [2021/11/08 16:18:05 ET]
Table 'Indus II' 9-max Seat #7 is the button
Seat 1: k . A_063 ($2.29 in chips) 
Seat 2: Dorex2007 ($2.57 in chips) 
Seat 3: Popov128 ($2.30 in chips) 
Seat 4: sanuk1no ($1.95 in chips) 
Seat 5: Paganplayer80 ($1.72 in chips) 
Seat 6: fhvty333432 ($0.86 in chips) 
Seat 7: PolinaKRS ($3.35 in chips) 
Seat 8: Silen4ik88 ($2.05 in chips) 
Silen4ik88: posts small blind $0.01
RomaHTC_AA: is sitting out 
k . A_063: posts big blind $0.02
*** HOLE CARDS ***
Dealt to Dorex2007 [6c 9h]
RomaHTC_AA leaves the table
Dorex2007: folds 
Popov128: folds 
sanuk1no: raises $0.04 to $0.06
Paganplayer80: calls $0.06
fhvty333432: calls $0.06
PolinaKRS: folds 
Silen4ik88: calls $0.05
k . A_063: calls $0.04
*** FLOP *** [7s 4d 3s]
Silen4ik88: checks 
k . A_063: checks 
sanuk1no: bets $1.89 and is all-in
Paganplayer80: calls $1.66 and is all-in
fhvty333432: folds 
Silen4ik88: folds 
k . A_063: folds 
Uncalled bet ($0.23) returned to sanuk1no
*** TURN *** [7s 4d 3s] [6h]
*** RIVER *** [7s 4d 3s 6h] [9d]
*** SHOW DOWN ***
sanuk1no: shows [7d 7h] (three of a kind, Sevens)
Paganplayer80: shows [Ac 4h] (a pair of Fours)
sanuk1no cashed out the hand for $3.37 | Cash Out Fee $0.03
*** SUMMARY ***
Total pot $3.62 | Rake $0.13 
Board [7s 4d 3s 6h 9d]
Seat 1: k . A_063 (big blind) folded on the Flop
Seat 2: Dorex2007 folded before Flop (didn't bet)
Seat 3: Popov128 folded before Flop (didn't bet)
Seat 4: sanuk1no showed [7d 7h] and won ($3.49) with three of a kind, Sevens (pot not awarded as player cashed out)
Seat 5: Paganplayer80 showed [Ac 4h] and lost with a pair of Fours
Seat 6: fhvty333432 folded on the Flop
Seat 7: PolinaKRS (button) folded before Flop (didn't bet)
Seat 8: Silen4ik88 (small blind) folded on the Flop



PokerStars Hand #231248394778:  Hold'em No Limit ($0.01/$0.02 USD) - 2021/11/08 13:19:27 PT [2021/11/08 16:19:27 ET]
Table 'Indus II' 9-max Seat #8 is the button
Seat 1: k . A_063 ($2.23 in chips) 
Seat 2: Dorex2007 ($2.57 in chips) 
Seat 3: Popov128 ($2.30 in chips) 
Seat 4: sanuk1no ($3.60 in chips) 
Seat 6: fhvty333432 ($0.80 in chips) 
Seat 7: PolinaKRS ($3.35 in chips) 
Seat 8: Silen4ik88 ($2 in chips) 
k . A_063: posts small blind $0.01
Dorex2007: posts big blind $0.02
*** HOLE CARDS ***
Dealt to Dorex2007 [Qd Jc]
Popov128: raises $0.08 to $0.10
sanuk1no: folds 
fhvty333432: folds 
PolinaKRS: folds 
Silen4ik88: folds 
k . A_063: folds 
Dorex2007: folds 
Uncalled bet ($0.08) returned to Popov128
Popov128 collected $0.05 from pot
*** SUMMARY ***
Total pot $0.05 | Rake $0 
Seat 1: k . A_063 (small blind) folded before Flop
Seat 2: Dorex2007 (big blind) folded before Flop
Seat 3: Popov128 collected ($0.05)
Seat 4: sanuk1no folded before Flop (didn't bet)
Seat 6: fhvty333432 folded before Flop (didn't bet)
Seat 7: PolinaKRS folded before Flop (didn't bet)
Seat 8: Silen4ik88 (button) folded before Flop (didn't bet)



PokerStars Hand #231248400890:  Hold'em No Limit ($0.01/$0.02 USD) - 2021/11/08 13:19:39 PT [2021/11/08 16:19:39 ET]
Table 'Indus II' 9-max Seat #1 is the button
Seat 1: k . A_063 ($2.22 in chips) 
Seat 2: Dorex2007 ($2.55 in chips) 
Seat 3: Popov128 ($2.33 in chips) 
Seat 4: sanuk1no ($3.60 in chips) 
Seat 5: Paganplayer80 ($2 in chips) 
Seat 6: fhvty333432 ($0.80 in chips) 
Seat 7: PolinaKRS ($3.35 in chips) 
Seat 8: Silen4ik88 ($2 in chips) 
Dorex2007: posts small blind $0.01
Popov128: posts big blind $0.02
*** HOLE CARDS ***
Dealt to Dorex2007 [3c 4s]
sanuk1no: raises $0.04 to $0.06
Paganplayer80: calls $0.06
fhvty333432: folds 
PolinaKRS: folds 
Silen4ik88: folds 
k . A_063: folds 
Dorex2007: folds 
Popov128: raises $0.14 to $0.20
sanuk1no: folds 
Paganplayer80: calls $0.14
*** FLOP *** [8s Qs Ks]
meelo32 joins the table at seat #9 
Popov128: checks 
Paganplayer80: bets $0.02
Popov128: raises $0.08 to $0.10
Paganplayer80: calls $0.08
*** TURN *** [8s Qs Ks] [5d]
Popov128: checks 
Paganplayer80: checks 
*** RIVER *** [8s Qs Ks 5d] [2c]
Popov128: bets $0.20
Paganplayer80: calls $0.20
*** SHOW DOWN ***
Popov128: shows [Jc Jd] (a pair of Jacks)
Paganplayer80: mucks hand 
Popov128 collected $1.02 from pot
*** SUMMARY ***
Total pot $1.07 | Rake $0.05 
Board [8s Qs Ks 5d 2c]
Seat 1: k . A_063 (button) folded before Flop (didn't bet)
Seat 2: Dorex2007 (small blind) folded before Flop
Seat 3: Popov128 (big blind) showed [Jc Jd] and won ($1.02) with a pair of Jacks
Seat 4: sanuk1no folded before Flop
Seat 5: Paganplayer80 mucked [Js Ah]
Seat 6: fhvty333432 folded before Flop (didn't bet)
Seat 7: PolinaKRS folded before Flop (didn't bet)
Seat 8: Silen4ik88 folded before Flop (didn't bet)



PokerStars Hand #231248434028:  Hold'em No Limit ($0.01/$0.02 USD) - 2021/11/08 13:20:42 PT [2021/11/08 16:20:42 ET]
Table 'Indus II' 9-max Seat #2 is the button
Seat 1: k . A_063 ($2.22 in chips) 
Seat 2: Dorex2007 ($2.54 in chips) 
Seat 3: Popov128 ($2.85 in chips) 
Seat 4: sanuk1no ($3.54 in chips) 
Seat 5: Paganplayer80 ($1.50 in chips) 
Seat 6: fhvty333432 ($0.80 in chips) 
Seat 7: PolinaKRS ($3.35 in chips) 
Seat 8: Silen4ik88 ($2 in chips) 
Seat 9: meelo32 ($1.60 in chips) 
Popov128: posts small blind $0.01
sanuk1no: posts big blind $0.02
meelo32: posts big blind $0.02
*** HOLE CARDS ***
Dealt to Dorex2007 [5h As]
Paganplayer80: calls $0.02
fhvty333432: calls $0.02
PolinaKRS: folds 
Silen4ik88: calls $0.02
meelo32: checks 
k . A_063: folds 
Dorex2007: folds 
Popov128: raises $0.08 to $0.10
sanuk1no: calls $0.08
Paganplayer80: calls $0.08
fhvty333432: folds 
Silen4ik88: calls $0.08
meelo32: folds 
*** FLOP *** [2d Kc Ts]
Popov128: bets $0.10
sanuk1no: calls $0.10
Paganplayer80: calls $0.10
Silen4ik88: folds 
*** TURN *** [2d Kc Ts] [8h]
Popov128: bets $0.10
sanuk1no: calls $0.10
Paganplayer80: calls $0.10
*** RIVER *** [2d Kc Ts 8h] [2c]
Popov128: checks 
sanuk1no: checks 
Paganplayer80: bets $1
Popov128: folds 
sanuk1no: folds 
Uncalled bet ($1) returned to Paganplayer80
Paganplayer80 collected $1 from pot
Paganplayer80: doesn't show hand 
*** SUMMARY ***
Total pot $1.04 | Rake $0.04 
Board [2d Kc Ts 8h 2c]
Seat 1: k . A_063 folded before Flop (didn't bet)
Seat 2: Dorex2007 (button) folded before Flop (didn't bet)
Seat 3: Popov128 (small blind) folded on the River
Seat 4: sanuk1no (big blind) folded on the River
Seat 5: Paganplayer80 collected ($1)
Seat 6: fhvty333432 folded before Flop
Seat 7: PolinaKRS folded before Flop (didn't bet)
Seat 8: Silen4ik88 folded on the Flop
Seat 9: meelo32 folded before Flop (didn't bet)



PokerStars Hand #231248479796:  Hold'em No Limit ($0.01/$0.02 USD) - 2021/11/08 13:22:00 PT [2021/11/08 16:22:00 ET]
Table 'Indus II' 9-max Seat #3 is the button
Seat 1: k . A_063 ($2.22 in chips) 
Seat 2: Dorex2007 ($2.54 in chips) 
Seat 3: Popov128 ($2.55 in chips) 
Seat 4: sanuk1no ($3.24 in chips) 
Seat 5: Paganplayer80 ($2.20 in chips) 
Seat 6: fhvty333432 ($0.78 in chips) 
Seat 7: PolinaKRS ($3.35 in chips) 
Seat 8: Silen4ik88 ($2 in chips) 
Seat 9: meelo32 ($1.58 in chips) 
sanuk1no: posts small blind $0.01
Paganplayer80: posts big blind $0.02
*** HOLE CARDS ***
Dealt to Dorex2007 [Qd 4d]
fhvty333432: calls $0.02
PolinaKRS: folds 
Silen4ik88: folds 
meelo32: folds 
k . A_063: folds 
Dorex2007: folds 
Popov128: raises $0.08 to $0.10
sanuk1no: folds 
Paganplayer80: calls $0.08
fhvty333432: calls $0.08
*** FLOP *** [2d 9d 3c]
Paganplayer80: checks 
fhvty333432: checks 
Popov128: bets $0.10
Paganplayer80: folds 
fhvty333432: folds 
Uncalled bet ($0.10) returned to Popov128
Popov128 collected $0.30 from pot
*** SUMMARY ***
Total pot $0.31 | Rake $0.01 
Board [2d 9d 3c]
Seat 1: k . A_063 folded before Flop (didn't bet)
Seat 2: Dorex2007 folded before Flop (didn't bet)
Seat 3: Popov128 (button) collected ($0.30)
Seat 4: sanuk1no (small blind) folded before Flop
Seat 5: Paganplayer80 (big blind) folded on the Flop
Seat 6: fhvty333432 folded on the Flop
Seat 7: PolinaKRS folded before Flop (didn't bet)
Seat 8: Silen4ik88 folded before Flop (didn't bet)
Seat 9: meelo32 folded before Flop (didn't bet)



PokerStars Hand #231248505617:  Hold'em No Limit ($0.01/$0.02 USD) - 2021/11/08 13:22:49 PT [2021/11/08 16:22:49 ET]
Table 'Indus II' 9-max Seat #4 is the button
Seat 2: Dorex2007 ($2.54 in chips) 
Seat 3: Popov128 ($2.75 in chips) 
Seat 4: sanuk1no ($3.23 in chips) 
Seat 5: Paganplayer80 ($2.10 in chips) 
Seat 6: fhvty333432 ($0.68 in chips) 
Seat 7: PolinaKRS ($3.35 in chips) 
Seat 8: Silen4ik88 ($2 in chips) 
Seat 9: meelo32 ($1.58 in chips) 
Paganplayer80: posts small blind $0.01
fhvty333432: posts big blind $0.02
*** HOLE CARDS ***
Dealt to Dorex2007 [5d 4h]
PolinaKRS: folds 
Silen4ik88: folds 
meelo32: folds 
Dorex2007: folds 
Popov128: raises $0.08 to $0.10
sanuk1no: folds 
Paganplayer80: calls $0.09
fhvty333432: calls $0.08
*** FLOP *** [Kh 7h Ad]
Paganplayer80: checks 
fhvty333432: checks 
Popov128: checks 
*** TURN *** [Kh 7h Ad] [Ah]
Paganplayer80: bets $0.02
fhvty333432: folds 
Popov128: calls $0.02
*** RIVER *** [Kh 7h Ad Ah] [7c]
Paganplayer80: bets $0.16
Popov128: folds 
Uncalled bet ($0.16) returned to Paganplayer80
Paganplayer80 collected $0.33 from pot
Paganplayer80: doesn't show hand 
*** SUMMARY ***
Total pot $0.34 | Rake $0.01 
Board [Kh 7h Ad Ah 7c]
Seat 2: Dorex2007 folded before Flop (didn't bet)
Seat 3: Popov128 folded on the River
Seat 4: sanuk1no (button) folded before Flop (didn't bet)
Seat 5: Paganplayer80 (small blind) collected ($0.33)
Seat 6: fhvty333432 (big blind) folded on the Turn
Seat 7: PolinaKRS folded before Flop (didn't bet)
Seat 8: Silen4ik88 folded before Flop (didn't bet)
Seat 9: meelo32 folded before Flop (didn't bet)



PokerStars Hand #231248551135:  Hold'em No Limit ($0.01/$0.02 USD) - 2021/11/08 13:23:59 PT [2021/11/08 16:23:59 ET]
Table 'Indus II' 9-max Seat #5 is the button
Seat 2: Dorex2007 ($2.54 in chips) 
Seat 3: Popov128 ($2.63 in chips) 
Seat 4: sanuk1no ($3.23 in chips) 
Seat 5: Paganplayer80 ($2.31 in chips) 
Seat 6: fhvty333432 ($0.58 in chips) 
Seat 7: PolinaKRS ($3.35 in chips) 
Seat 8: Silen4ik88 ($2 in chips) 
Seat 9: meelo32 ($1.58 in chips) 
fhvty333432: posts small blind $0.01
PolinaKRS: posts big blind $0.02
*** HOLE CARDS ***
Dealt to Dorex2007 [6c 8c]
Silen4ik88: folds 
meelo32: folds 
Dorex2007: folds 
Popov128: raises $0.08 to $0.10
sanuk1no: folds 
Paganplayer80: calls $0.10
fhvty333432: folds 
PolinaKRS: folds 
*** FLOP *** [Ts 8d 9h]
Popov128: bets $0.12
Paganplayer80: calls $0.12
*** TURN *** [Ts 8d 9h] [9d]
Popov128: bets $0.22
Paganplayer80: folds 
Uncalled bet ($0.22) returned to Popov128
Popov128 collected $0.45 from pot
*** SUMMARY ***
Total pot $0.47 | Rake $0.02 
Board [Ts 8d 9h 9d]
Seat 2: Dorex2007 folded before Flop (didn't bet)
Seat 3: Popov128 collected ($0.45)
Seat 4: sanuk1no folded before Flop (didn't bet)
Seat 5: Paganplayer80 (button) folded on the Turn
Seat 6: fhvty333432 (small blind) folded before Flop
Seat 7: PolinaKRS (big blind) folded before Flop
Seat 8: Silen4ik88 folded before Flop (didn't bet)
Seat 9: meelo32 folded before Flop (didn't bet)



PokerStars Hand #231248577373:  Hold'em No Limit ($0.01/$0.02 USD) - 2021/11/08 13:24:50 PT [2021/11/08 16:24:50 ET]
Table 'Indus II' 9-max Seat #6 is the button
Seat 2: Dorex2007 ($2.54 in chips) 
Seat 3: Popov128 ($2.86 in chips) 
Seat 4: sanuk1no ($3.23 in chips) 
Seat 5: Paganplayer80 ($2.09 in chips) 
Seat 6: fhvty333432 ($0.57 in chips) 
Seat 7: PolinaKRS ($3.33 in chips) 
Seat 8: Silen4ik88 ($2 in chips) 
Seat 9: meelo32 ($1.58 in chips) 
PolinaKRS: posts small blind $0.01
Silen4ik88: posts big blind $0.02
*** HOLE CARDS ***
Dealt to Dorex2007 [2s Jh]
meelo32: calls $0.02
Dorex2007: folds 
Popov128: folds 
sanuk1no: folds 
Paganplayer80: calls $0.02
fhvty333432: raises $0.04 to $0.06
PolinaKRS: folds 
Silen4ik88: calls $0.04
meelo32: calls $0.04
Paganplayer80: calls $0.04
*** FLOP *** [7s 4s Ac]
Silen4ik88: checks 
meelo32: checks 
Paganplayer80: checks 
fhvty333432: checks 
*** TURN *** [7s 4s Ac] [Tc]
Silen4ik88: checks 
meelo32: checks 
Paganplayer80: checks 
fhvty333432: bets $0.51 and is all-in
Silen4ik88: folds 
meelo32: folds 
Paganplayer80: folds 
Uncalled bet ($0.51) returned to fhvty333432
fhvty333432 collected $0.24 from pot
fhvty333432: doesn't show hand 
*** SUMMARY ***
Total pot $0.25 | Rake $0.01 
Board [7s 4s Ac Tc]
Seat 2: Dorex2007 folded before Flop (didn't bet)
Seat 3: Popov128 folded before Flop (didn't bet)
Seat 4: sanuk1no folded before Flop (didn't bet)
Seat 5: Paganplayer80 folded on the Turn
Seat 6: fhvty333432 (button) collected ($0.24)
Seat 7: PolinaKRS (small blind) folded before Flop
Seat 8: Silen4ik88 (big blind) folded on the Turn
Seat 9: meelo32 folded on the Turn



PokerStars Hand #231248608228:  Hold'em No Limit ($0.01/$0.02 USD) - 2021/11/08 13:25:50 PT [2021/11/08 16:25:50 ET]
Table 'Indus II' 9-max Seat #7 is the button
Seat 1: k . A_063 ($2.22 in chips) 
Seat 2: Dorex2007 ($2.54 in chips) 
Seat 3: Popov128 ($2.86 in chips) 
Seat 4: sanuk1no ($3.23 in chips) 
Seat 5: Paganplayer80 ($2.03 in chips) 
Seat 6: fhvty333432 ($0.75 in chips) 
Seat 7: PolinaKRS ($3.32 in chips) 
Seat 8: Silen4ik88 ($2 in chips) 
Seat 9: meelo32 ($1.52 in chips) 
Silen4ik88: posts small blind $0.01
meelo32: posts big blind $0.02
*** HOLE CARDS ***
Dealt to Dorex2007 [4s 6s]
k . A_063: folds 
Dorex2007: folds 
Popov128: calls $0.02
sanuk1no: folds 
Paganplayer80: calls $0.02
fhvty333432: folds 
PolinaKRS: raises $0.08 to $0.10
Silen4ik88: folds 
meelo32: folds 
Popov128: calls $0.08
Paganplayer80: calls $0.08
*** FLOP *** [2s 7c 4d]
Popov128: bets $0.04
Paganplayer80: calls $0.04
PolinaKRS: raises $0.12 to $0.16
Popov128: folds 
Paganplayer80: calls $0.12
*** TURN *** [2s 7c 4d] [Kd]
Paganplayer80: bets $0.02
PolinaKRS: raises $0.44 to $0.46
Paganplayer80: calls $0.44
*** RIVER *** [2s 7c 4d Kd] [Jh]
Paganplayer80: bets $1.31 and is all-in
PolinaKRS: folds 
Uncalled bet ($1.31) returned to Paganplayer80
Paganplayer80 collected $1.55 from pot
Popov128 said, "SET"
Paganplayer80: doesn't show hand 
*** SUMMARY ***
Total pot $1.61 | Rake $0.06 
Board [2s 7c 4d Kd Jh]
Seat 1: k . A_063 folded before Flop (didn't bet)
Seat 2: Dorex2007 folded before Flop (didn't bet)
Seat 3: Popov128 folded on the Flop
Seat 4: sanuk1no folded before Flop (didn't bet)
Seat 5: Paganplayer80 collected ($1.55)
Seat 6: fhvty333432 folded before Flop (didn't bet)
Seat 7: PolinaKRS (button) folded on the River
Seat 8: Silen4ik88 (small blind) folded before Flop
Seat 9: meelo32 (big blind) folded before Flop



PokerStars Hand #231248664906:  Hold'em No Limit ($0.01/$0.02 USD) - 2021/11/08 13:27:42 PT [2021/11/08 16:27:42 ET]
Table 'Indus II' 9-max Seat #8 is the button
Seat 1: k . A_063 ($2.22 in chips) 
Seat 2: Dorex2007 ($2.54 in chips) 
Seat 3: Popov128 ($2.72 in chips) 
Seat 4: sanuk1no ($3.23 in chips) 
Seat 5: Paganplayer80 ($2.86 in chips) 
Seat 6: fhvty333432 ($0.75 in chips) 
Seat 7: PolinaKRS ($2.60 in chips) 
Seat 8: Silen4ik88 ($2 in chips) 
Seat 9: meelo32 ($1.50 in chips) 
meelo32: posts small blind $0.01
k . A_063: posts big blind $0.02
*** HOLE CARDS ***
Dealt to Dorex2007 [7s Qd]
Popov128 said, "?"
Dorex2007: folds 
Popov128: raises $0.08 to $0.10
sanuk1no: folds 
Paganplayer80: folds 
fhvty333432: folds 
PolinaKRS: folds 
PolinaKRS leaves the table
Silen4ik88: folds 
meelo32: folds 
k . A_063: folds 
Uncalled bet ($0.08) returned to Popov128
Popov128 collected $0.05 from pot
*** SUMMARY ***
Total pot $0.05 | Rake $0 
Seat 1: k . A_063 (big blind) folded before Flop
Seat 2: Dorex2007 folded before Flop (didn't bet)
Seat 3: Popov128 collected ($0.05)
Seat 4: sanuk1no folded before Flop (didn't bet)
Seat 5: Paganplayer80 folded before Flop (didn't bet)
Seat 6: fhvty333432 folded before Flop (didn't bet)
Seat 7: PolinaKRS folded before Flop (didn't bet)
Seat 8: Silen4ik88 (button) folded before Flop (didn't bet)
Seat 9: meelo32 (small blind) folded before Flop



PokerStars Hand #231248676035:  Hold'em No Limit ($0.01/$0.02 USD) - 2021/11/08 13:28:04 PT [2021/11/08 16:28:04 ET]
Table 'Indus II' 9-max Seat #9 is the button
Seat 1: k . A_063 ($2.20 in chips) 
Seat 2: Dorex2007 ($2.54 in chips) 
Seat 3: Popov128 ($2.75 in chips) 
Seat 4: sanuk1no ($3.23 in chips) 
Seat 5: Paganplayer80 ($2.86 in chips) 
Seat 6: fhvty333432 ($0.75 in chips) 
Seat 8: Silen4ik88 ($2 in chips) 
Seat 9: meelo32 ($1.49 in chips) 
k . A_063: posts small blind $0.01
Dorex2007: posts big blind $0.02
*** HOLE CARDS ***
Dealt to Dorex2007 [9s Qh]
jef_1313 joins the table at seat #7 
Popov128: raises $0.06 to $0.08
sanuk1no: folds 
Paganplayer80: calls $0.08
fhvty333432: calls $0.08
Silen4ik88: folds 
meelo32: folds 
k . A_063: folds 
Dorex2007: folds 
*** FLOP *** [Tc 5s 6s]
Popov128: bets $0.26
Paganplayer80: calls $0.26
fhvty333432: folds 
*** TURN *** [Tc 5s 6s] [6c]
Popov128: bets $0.80
Paganplayer80: raises $0.80 to $1.60
Popov128: calls $0.80
*** RIVER *** [Tc 5s 6s 6c] [Ac]
Popov128: bets $0.81 and is all-in
Paganplayer80: calls $0.81
*** SHOW DOWN ***
Popov128: shows [3c Ad] (two pair, Aces and Sixes)
Paganplayer80: shows [Qs 6h] (three of a kind, Sixes)
Paganplayer80 collected $5.41 from pot
*** SUMMARY ***
Total pot $5.61 | Rake $0.20 
Board [Tc 5s 6s 6c Ac]
Seat 1: k . A_063 (small blind) folded before Flop
Seat 2: Dorex2007 (big blind) folded before Flop
Seat 3: Popov128 showed [3c Ad] and lost with two pair, Aces and Sixes
Seat 4: sanuk1no folded before Flop (didn't bet)
Seat 5: Paganplayer80 showed [Qs 6h] and won ($5.41) with three of a kind, Sixes
Seat 6: fhvty333432 folded on the Flop
Seat 8: Silen4ik88 folded before Flop (didn't bet)
Seat 9: meelo32 (button) folded before Flop (didn't bet)



PokerStars Hand #231248726032:  Hold'em No Limit ($0.01/$0.02 USD) - 2021/11/08 13:29:43 PT [2021/11/08 16:29:43 ET]
Table 'Indus II' 9-max Seat #1 is the button
Seat 1: k . A_063 ($2.19 in chips) 
Seat 2: Dorex2007 ($2.52 in chips) 
Seat 4: sanuk1no ($3.23 in chips) 
Seat 5: Paganplayer80 ($5.52 in chips) 
Seat 6: fhvty333432 ($0.67 in chips) 
Seat 8: Silen4ik88 ($2 in chips) 
Seat 9: meelo32 ($1.49 in chips) 
Dorex2007: posts small blind $0.01
sanuk1no: posts big blind $0.02
jef_1313: sits out 
*** HOLE CARDS ***
Dealt to Dorex2007 [As 9s]
Paganplayer80: calls $0.02
fhvty333432: folds 
Silen4ik88: folds 
meelo32: folds 
k . A_063: folds 
Dorex2007: raises $0.06 to $0.08
sanuk1no: folds 
Paganplayer80: calls $0.06
*** FLOP *** [Kh 2d Ad]
Dorex2007: bets $0.11
Paganplayer80: calls $0.11
*** TURN *** [Kh 2d Ad] [4h]
Dorex2007: checks 
Paganplayer80: checks 
*** RIVER *** [Kh 2d Ad 4h] [Jc]
Dorex2007: checks 
Paganplayer80: checks 
*** SHOW DOWN ***
Dorex2007: shows [As 9s] (a pair of Aces)
Paganplayer80: mucks hand 
Dorex2007 collected $0.39 from pot
*** SUMMARY ***
Total pot $0.40 | Rake $0.01 
Board [Kh 2d Ad 4h Jc]
Seat 1: k . A_063 (button) folded before Flop (didn't bet)
Seat 2: Dorex2007 (small blind) showed [As 9s] and won ($0.39) with a pair of Aces
Seat 4: sanuk1no (big blind) folded before Flop
Seat 5: Paganplayer80 mucked [3s 4d]
Seat 6: fhvty333432 folded before Flop (didn't bet)
Seat 8: Silen4ik88 folded before Flop (didn't bet)
Seat 9: meelo32 folded before Flop (didn't bet)



PokerStars Hand #231248751053:  Hold'em No Limit ($0.01/$0.02 USD) - 2021/11/08 13:30:33 PT [2021/11/08 16:30:33 ET]
Table 'Indus II' 9-max Seat #2 is the button
Seat 1: k . A_063 ($2.19 in chips) 
Seat 2: Dorex2007 ($2.72 in chips) 
Seat 4: sanuk1no ($3.21 in chips) 
Seat 5: Paganplayer80 ($5.33 in chips) 
Seat 6: fhvty333432 ($0.67 in chips) 
Seat 8: Silen4ik88 ($2 in chips) 
Seat 9: meelo32 ($1.49 in chips) 
sanuk1no: posts small blind $0.01
Paganplayer80: posts big blind $0.02
jef_1313: sits out 
*** HOLE CARDS ***
Dealt to Dorex2007 [4d 6s]
fhvty333432: calls $0.02
Silen4ik88: folds 
meelo32: folds 
k . A_063: folds 
Dorex2007: folds 
sanuk1no: folds 
Paganplayer80: checks 
*** FLOP *** [5c Qs 4h]
Paganplayer80: checks 
fhvty333432: bets $0.06
Paganplayer80: folds 
Uncalled bet ($0.06) returned to fhvty333432
fhvty333432 collected $0.05 from pot
fhvty333432: doesn't show hand 
*** SUMMARY ***
Total pot $0.05 | Rake $0 
Board [5c Qs 4h]
Seat 1: k . A_063 folded before Flop (didn't bet)
Seat 2: Dorex2007 (button) folded before Flop (didn't bet)
Seat 4: sanuk1no (small blind) folded before Flop
Seat 5: Paganplayer80 (big blind) folded on the Flop
Seat 6: fhvty333432 collected ($0.05)
Seat 8: Silen4ik88 folded before Flop (didn't bet)
Seat 9: meelo32 folded before Flop (didn't bet)



PokerStars Hand #231248771712:  Hold'em No Limit ($0.01/$0.02 USD) - 2021/11/08 13:31:14 PT [2021/11/08 16:31:14 ET]
Table 'Indus II' 9-max Seat #4 is the button
Seat 1: k . A_063 ($2.19 in chips) 
Seat 2: Dorex2007 ($2.72 in chips) 
Seat 3: Popov128 ($2 in chips) 
Seat 4: sanuk1no ($3.20 in chips) 
Seat 5: Paganplayer80 ($5.31 in chips) 
Seat 6: fhvty333432 ($0.70 in chips) 
Seat 8: Silen4ik88 ($2 in chips) 
Seat 9: meelo32 ($1.49 in chips) 
Paganplayer80: posts small blind $0.01
fhvty333432: posts big blind $0.02
jef_1313: sits out 
Popov128: posts small & big blinds $0.03
*** HOLE CARDS ***
Dealt to Dorex2007 [2h Th]
Silen4ik88: folds 
meelo32: calls $0.02
k . A_063: folds 
Dorex2007: folds 
Popov128: raises $0.04 to $0.06
sanuk1no: folds 
Paganplayer80: calls $0.05
fhvty333432: calls $0.04
meelo32: calls $0.04
*** FLOP *** [Ks 3c 8h]
Paganplayer80: checks 
fhvty333432: checks 
meelo32: checks 
Popov128: bets $0.06
Paganplayer80: folds 
fhvty333432: folds 
meelo32: calls $0.06
*** TURN *** [Ks 3c 8h] [3s]
meelo32: checks 
Popov128: checks 
*** RIVER *** [Ks 3c 8h 3s] [Ac]
meelo32: bets $0.02
Popov128: raises $0.20 to $0.22
meelo32: calls $0.20
*** SHOW DOWN ***
Popov128: shows [Ad 2c] (two pair, Aces and Threes)
meelo32: mucks hand 
Popov128 collected $0.77 from pot
*** SUMMARY ***
Total pot $0.81 | Rake $0.04 
Board [Ks 3c 8h 3s Ac]
Seat 1: k . A_063 folded before Flop (didn't bet)
Seat 2: Dorex2007 folded before Flop (didn't bet)
Seat 3: Popov128 showed [Ad 2c] and won ($0.77) with two pair, Aces and Threes
Seat 4: sanuk1no (button) folded before Flop (didn't bet)
Seat 5: Paganplayer80 (small blind) folded on the Flop
Seat 6: fhvty333432 (big blind) folded on the Flop
Seat 8: Silen4ik88 folded before Flop (didn't bet)
Seat 9: meelo32 mucked [7c 7h]



PokerStars Hand #231248833588:  Hold'em No Limit ($0.01/$0.02 USD) - 2021/11/08 13:33:17 PT [2021/11/08 16:33:17 ET]
Table 'Indus II' 9-max Seat #6 is the button
Seat 1: k . A_063 ($2.19 in chips) 
Seat 2: Dorex2007 ($2.72 in chips) 
Seat 3: Popov128 ($2.22 in chips) 
Seat 4: sanuk1no ($3.20 in chips) 
Seat 5: Paganplayer80 ($5.15 in chips) 
Seat 6: fhvty333432 ($0.94 in chips) 
Seat 7: jef_1313 ($1.58 in chips) 
Seat 8: Silen4ik88 ($2 in chips) 
Seat 9: meelo32 ($1.15 in chips) 
jef_1313: posts small blind $0.01
Silen4ik88: posts big blind $0.02
*** HOLE CARDS ***
Dealt to Dorex2007 [Tc Kh]
meelo32: folds 
k . A_063: folds 
Dorex2007: folds 
Popov128: raises $0.08 to $0.10
sanuk1no: folds 
Paganplayer80: calls $0.10
fhvty333432: calls $0.10
jef_1313: raises $0.22 to $0.32
Silen4ik88: folds 
Popov128: calls $0.22
Paganplayer80: folds 
fhvty333432: folds 
*** FLOP *** [2c 5c 7d]
jef_1313: checks 
Popov128: bets $0.50
jef_1313: raises $0.76 to $1.26 and is all-in
Popov128: calls $0.76
*** TURN *** [2c 5c 7d] [Ks]
*** RIVER *** [2c 5c 7d Ks] [5d]
*** SHOW DOWN ***
jef_1313: shows [Qh Qc] (two pair, Queens and Fives)
Popov128: shows [6h 9h] (a pair of Fives)
jef_1313 collected $3.26 from pot
*** SUMMARY ***
Total pot $3.38 | Rake $0.12 
Board [2c 5c 7d Ks 5d]
Seat 1: k . A_063 folded before Flop (didn't bet)
Seat 2: Dorex2007 folded before Flop (didn't bet)
Seat 3: Popov128 showed [6h 9h] and lost with a pair of Fives
Seat 4: sanuk1no folded before Flop (didn't bet)
Seat 5: Paganplayer80 folded before Flop
Seat 6: fhvty333432 (button) folded before Flop
Seat 7: jef_1313 (small blind) showed [Qh Qc] and won ($3.26) with two pair, Queens and Fives
Seat 8: Silen4ik88 (big blind) folded before Flop
Seat 9: meelo32 folded before Flop (didn't bet)



PokerStars Hand #231248886054:  Hold'em No Limit ($0.01/$0.02 USD) - 2021/11/08 13:34:48 PT [2021/11/08 16:34:48 ET]
Table 'Indus II' 9-max Seat #7 is the button
Seat 1: k . A_063 ($2.19 in chips) 
Seat 2: Dorex2007 ($2.72 in chips) 
Seat 3: Popov128 ($0.64 in chips) 
Seat 4: sanuk1no ($3.20 in chips) 
Seat 5: Paganplayer80 ($5.05 in chips) 
Seat 6: fhvty333432 ($0.84 in chips) 
Seat 7: jef_1313 ($3.26 in chips) 
Seat 8: Silen4ik88 ($2 in chips) 
Seat 9: meelo32 ($1.15 in chips) 
Silen4ik88: posts small blind $0.01
meelo32: posts big blind $0.02
*** HOLE CARDS ***
Dealt to Dorex2007 [8s 6s]
k . A_063: folds 
Dorex2007: folds 
Popov128: folds 
Popov128 leaves the table
sanuk1no: folds 
Paganplayer80: calls $0.02
fhvty333432: calls $0.02
jef_1313: folds 
Cornel Mihai joins the table at seat #3 
Silen4ik88: folds 
meelo32: checks 
*** FLOP *** [4d Kd Td]
meelo32: checks 
Paganplayer80: checks 
fhvty333432: checks 
*** TURN *** [4d Kd Td] [Ac]
meelo32: checks 
Paganplayer80: checks 
fhvty333432: checks 
*** RIVER *** [4d Kd Td Ac] [9c]
meelo32: checks 
Paganplayer80: checks 
fhvty333432: checks 
*** SHOW DOWN ***
meelo32: shows [2s Jc] (high card Ace)
Paganplayer80: shows [3s Ts] (a pair of Tens)
fhvty333432: mucks hand 
Paganplayer80 collected $0.07 from pot
*** SUMMARY ***
Total pot $0.07 | Rake $0 
Board [4d Kd Td Ac 9c]
Seat 1: k . A_063 folded before Flop (didn't bet)
Seat 2: Dorex2007 folded before Flop (didn't bet)
Seat 3: Popov128 folded before Flop (didn't bet)
Seat 4: sanuk1no folded before Flop (didn't bet)
Seat 5: Paganplayer80 showed [3s Ts] and won ($0.07) with a pair of Tens
Seat 6: fhvty333432 mucked [5s Jh]
Seat 7: jef_1313 (button) folded before Flop (didn't bet)
Seat 8: Silen4ik88 (small blind) folded before Flop
Seat 9: meelo32 (big blind) showed [2s Jc] and lost with high card Ace



PokerStars Hand #231248922429:  Hold'em No Limit ($0.01/$0.02 USD) - 2021/11/08 13:36:00 PT [2021/11/08 16:36:00 ET]
Table 'Indus II' 9-max Seat #8 is the button
Seat 1: k . A_063 ($2.19 in chips) 
Seat 2: Dorex2007 ($2.72 in chips) 
Seat 4: sanuk1no ($3.20 in chips) 
Seat 5: Paganplayer80 ($5.10 in chips) 
Seat 6: fhvty333432 ($0.82 in chips) 
Seat 7: jef_1313 ($3.26 in chips) 
Seat 8: Silen4ik88 ($2 in chips) 
Seat 9: meelo32 ($1.13 in chips) 
meelo32: posts small blind $0.01
k . A_063: posts big blind $0.02
Cornel Mihai: sits out 
*** HOLE CARDS ***
Dealt to Dorex2007 [9s Jc]
Dorex2007: folds 
sanuk1no: folds 
Paganplayer80: calls $0.02
fhvty333432: folds 
jef_1313: folds 
Silen4ik88: folds 
meelo32: calls $0.01
k . A_063: checks 
*** FLOP *** [3d Th 2h]
meelo32: checks 
k . A_063: checks 
Paganplayer80: bets $0.02
meelo32: folds 
k . A_063: folds 
Uncalled bet ($0.02) returned to Paganplayer80
Paganplayer80 collected $0.06 from pot
Paganplayer80: doesn't show hand 
*** SUMMARY ***
Total pot $0.06 | Rake $0 
Board [3d Th 2h]
Seat 1: k . A_063 (big blind) folded on the Flop
Seat 2: Dorex2007 folded before Flop (didn't bet)
Seat 4: sanuk1no folded before Flop (didn't bet)
Seat 5: Paganplayer80 collected ($0.06)
Seat 6: fhvty333432 folded before Flop (didn't bet)
Seat 7: jef_1313 folded before Flop (didn't bet)
Seat 8: Silen4ik88 (button) folded before Flop (didn't bet)
Seat 9: meelo32 (small blind) folded on the Flop



PokerStars Hand #231248941430:  Hold'em No Limit ($0.01/$0.02 USD) - 2021/11/08 13:36:38 PT [2021/11/08 16:36:38 ET]
Table 'Indus II' 9-max Seat #9 is the button
Seat 1: k . A_063 ($2.17 in chips) 
Seat 2: Dorex2007 ($2.72 in chips) 
Seat 4: sanuk1no ($3.20 in chips) 
Seat 5: Paganplayer80 ($5.14 in chips) 
Seat 6: fhvty333432 ($0.82 in chips) 
Seat 7: jef_1313 ($3.26 in chips) 
Seat 8: Silen4ik88 ($2 in chips) 
Seat 9: meelo32 ($1.11 in chips) 
k . A_063: posts small blind $0.01
Dorex2007: posts big blind $0.02
Cornel Mihai: sits out 
*** HOLE CARDS ***
Dealt to Dorex2007 [9h 5c]
sanuk1no: folds 
Paganplayer80: calls $0.02
fhvty333432: calls $0.02
jef_1313: folds 
Silen4ik88: folds 
meelo32: calls $0.02
k . A_063: folds 
Dorex2007: checks 
*** FLOP *** [2c 6d 5s]
Dorex2007: checks 
Paganplayer80: checks 
fhvty333432: bets $0.04
meelo32: calls $0.04
Dorex2007: folds 
Paganplayer80: folds 
*** TURN *** [2c 6d 5s] [9c]
fhvty333432: bets $0.12
meelo32: calls $0.12
*** RIVER *** [2c 6d 5s 9c] [5h]
fhvty333432: bets $0.04
meelo32: calls $0.04
*** SHOW DOWN ***
fhvty333432: shows [9s 6s] (two pair, Nines and Sixes)
meelo32: mucks hand 
fhvty333432 collected $0.47 from pot
*** SUMMARY ***
Total pot $0.49 | Rake $0.02 
Board [2c 6d 5s 9c 5h]
Seat 1: k . A_063 (small blind) folded before Flop
Seat 2: Dorex2007 (big blind) folded on the Flop
Seat 4: sanuk1no folded before Flop (didn't bet)
Seat 5: Paganplayer80 folded on the Flop
Seat 6: fhvty333432 showed [9s 6s] and won ($0.47) with two pair, Nines and Sixes
Seat 7: jef_1313 folded before Flop (didn't bet)
Seat 8: Silen4ik88 folded before Flop (didn't bet)
Seat 9: meelo32 (button) mucked [7s 7h]



PokerStars Hand #231248971015:  Hold'em No Limit ($0.01/$0.02 USD) - 2021/11/08 13:37:36 PT [2021/11/08 16:37:36 ET]
Table 'Indus II' 9-max Seat #1 is the button
Seat 1: k . A_063 ($2.16 in chips) 
Seat 2: Dorex2007 ($2.70 in chips) 
Seat 3: Cornel Mihai ($0.80 in chips) 
Seat 4: sanuk1no ($3.20 in chips) 
Seat 5: Paganplayer80 ($5.12 in chips) 
Seat 6: fhvty333432 ($1.07 in chips) 
Seat 7: jef_1313 ($3.26 in chips) 
Seat 8: Silen4ik88 ($2 in chips) 
Seat 9: meelo32 ($0.89 in chips) 
Dorex2007: posts small blind $0.01
Cornel Mihai: posts big blind $0.02
*** HOLE CARDS ***
Dealt to Dorex2007 [5c Kh]
sanuk1no: folds 
Paganplayer80: calls $0.02
sanuk1no leaves the table
fhvty333432: raises $0.02 to $0.04
jef_1313: folds 
Silen4ik88: folds 
meelo32: folds 
k . A_063: folds 
Dorex2007: folds 
Cornel Mihai: folds 
f1v3h34d joins the table at seat #4 
Paganplayer80: calls $0.02
*** FLOP *** [6d 3s 7h]
Paganplayer80: checks 
fhvty333432: bets $0.02
Paganplayer80: folds 
Uncalled bet ($0.02) returned to fhvty333432
fhvty333432 collected $0.11 from pot
fhvty333432: doesn't show hand 
*** SUMMARY ***
Total pot $0.11 | Rake $0 
Board [6d 3s 7h]
Seat 1: k . A_063 (button) folded before Flop (didn't bet)
Seat 2: Dorex2007 (small blind) folded before Flop
Seat 3: Cornel Mihai (big blind) folded before Flop
Seat 4: sanuk1no folded before Flop (didn't bet)
Seat 5: Paganplayer80 folded on the Flop
Seat 6: fhvty333432 collected ($0.11)
Seat 7: jef_1313 folded before Flop (didn't bet)
Seat 8: Silen4ik88 folded before Flop (didn't bet)
Seat 9: meelo32 folded before Flop (didn't bet)



PokerStars Hand #231248998840:  Hold'em No Limit ($0.01/$0.02 USD) - 2021/11/08 13:38:32 PT [2021/11/08 16:38:32 ET]
Table 'Indus II' 9-max Seat #2 is the button
Seat 1: k . A_063 ($2.16 in chips) 
Seat 2: Dorex2007 ($2.69 in chips) 
Seat 3: Cornel Mihai ($0.78 in chips) 
Seat 4: f1v3h34d ($2 in chips) 
Seat 5: Paganplayer80 ($5.08 in chips) 
Seat 6: fhvty333432 ($1.14 in chips) 
Seat 7: jef_1313 ($3.26 in chips) 
Seat 8: Silen4ik88 ($2 in chips) 
Seat 9: meelo32 ($0.89 in chips) 
Cornel Mihai: posts small blind $0.01
f1v3h34d: posts big blind $0.02
*** HOLE CARDS ***
Dealt to Dorex2007 [5h Kc]
Paganplayer80: calls $0.02
fhvty333432: calls $0.02
jef_1313: folds 
Silen4ik88: raises $0.04 to $0.06
meelo32: calls $0.06
k . A_063: folds 
Dorex2007: folds 
Cornel Mihai: folds 
f1v3h34d: folds 
Paganplayer80: calls $0.04
fhvty333432: folds 
*** FLOP *** [3h 5c Qh]
Paganplayer80: bets $0.02
Silen4ik88: folds 
meelo32: calls $0.02
*** TURN *** [3h 5c Qh] [5s]
Paganplayer80: checks 
meelo32: checks 
*** RIVER *** [3h 5c Qh 5s] [As]
Paganplayer80: bets $0.02
meelo32: raises $0.02 to $0.04
Paganplayer80: calls $0.02
*** SHOW DOWN ***
meelo32: shows [Jh Ad] (two pair, Aces and Fives)
Paganplayer80: shows [Ah 4c] (two pair, Aces and Fives)
Paganplayer80 collected $0.17 from pot
meelo32 collected $0.17 from pot
*** SUMMARY ***
Total pot $0.35 | Rake $0.01 
Board [3h 5c Qh 5s As]
Seat 1: k . A_063 folded before Flop (didn't bet)
Seat 2: Dorex2007 (button) folded before Flop (didn't bet)
Seat 3: Cornel Mihai (small blind) folded before Flop
Seat 4: f1v3h34d (big blind) folded before Flop
Seat 5: Paganplayer80 showed [Ah 4c] and won ($0.17) with two pair, Aces and Fives
Seat 6: fhvty333432 folded before Flop
Seat 7: jef_1313 folded before Flop (didn't bet)
Seat 8: Silen4ik88 folded on the Flop
Seat 9: meelo32 showed [Jh Ad] and won ($0.17) with two pair, Aces and Fives



PokerStars Hand #231249044664:  Hold'em No Limit ($0.01/$0.02 USD) - 2021/11/08 13:40:03 PT [2021/11/08 16:40:03 ET]
Table 'Indus II' 9-max Seat #3 is the button
Seat 1: k . A_063 ($2.16 in chips) 
Seat 2: Dorex2007 ($2.69 in chips) 
Seat 3: Cornel Mihai ($0.77 in chips) 
Seat 4: f1v3h34d ($2 in chips) 
Seat 5: Paganplayer80 ($5.13 in chips) 
Seat 6: fhvty333432 ($1.12 in chips) 
Seat 7: jef_1313 ($3.26 in chips) 
Seat 8: Silen4ik88 ($2 in chips) 
Seat 9: meelo32 ($0.94 in chips) 
f1v3h34d: posts small blind $0.01
Paganplayer80: posts big blind $0.02
*** HOLE CARDS ***
Dealt to Dorex2007 [Kc Tc]
fhvty333432: calls $0.02
jef_1313: folds 
Silen4ik88: folds 
meelo32: folds 
k . A_063: folds 
Dorex2007: raises $0.04 to $0.06
Cornel Mihai: folds 
f1v3h34d: folds 
Paganplayer80: calls $0.04
fhvty333432: calls $0.04
*** FLOP *** [8d Kd 6c]
Paganplayer80: bets $0.02
fhvty333432: calls $0.02
Dorex2007: raises $0.16 to $0.18
Paganplayer80: calls $0.16
fhvty333432: folds 
*** TURN *** [8d Kd 6c] [Ad]
Paganplayer80: checks 
Dorex2007: bets $0.28
Paganplayer80: calls $0.28
*** RIVER *** [8d Kd 6c Ad] [8h]
Paganplayer80: checks 
Dorex2007: checks 
*** SHOW DOWN ***
Paganplayer80: shows [Kh Qd] (two pair, Kings and Eights)
Dorex2007: shows [Kc Tc] (two pair, Kings and Eights)
Paganplayer80 collected $0.55 from pot
Dorex2007 collected $0.54 from pot
*** SUMMARY ***
Total pot $1.13 | Rake $0.04 
Board [8d Kd 6c Ad 8h]
Seat 1: k . A_063 folded before Flop (didn't bet)
Seat 2: Dorex2007 showed [Kc Tc] and won ($0.54) with two pair, Kings and Eights
Seat 3: Cornel Mihai (button) folded before Flop (didn't bet)
Seat 4: f1v3h34d (small blind) folded before Flop
Seat 5: Paganplayer80 (big blind) showed [Kh Qd] and won ($0.55) with two pair, Kings and Eights
Seat 6: fhvty333432 folded on the Flop
Seat 7: jef_1313 folded before Flop (didn't bet)
Seat 8: Silen4ik88 folded before Flop (didn't bet)
Seat 9: meelo32 folded before Flop (didn't bet)



PokerStars Hand #231249086798:  Hold'em No Limit ($0.01/$0.02 USD) - 2021/11/08 13:41:26 PT [2021/11/08 16:41:26 ET]
Table 'Indus II' 9-max Seat #4 is the button
Seat 1: k . A_063 ($2.16 in chips) 
Seat 2: Dorex2007 ($2.71 in chips) 
Seat 3: Cornel Mihai ($0.77 in chips) 
Seat 4: f1v3h34d ($2 in chips) 
Seat 5: Paganplayer80 ($5.16 in chips) 
Seat 6: fhvty333432 ($1.04 in chips) 
Seat 7: jef_1313 ($3.26 in chips) 
Seat 8: Silen4ik88 ($2 in chips) 
Seat 9: meelo32 ($0.94 in chips) 
Paganplayer80: posts small blind $0.01
fhvty333432: posts big blind $0.02
*** HOLE CARDS ***
Dealt to Dorex2007 [Ad 2d]
jef_1313: folds 
Silen4ik88: folds 
meelo32: calls $0.02
k . A_063: folds 
Dorex2007: calls $0.02
Cornel Mihai: folds 
f1v3h34d: folds 
Paganplayer80: calls $0.01
fhvty333432: checks 
*** FLOP *** [9s 4c 9c]
Paganplayer80: checks 
fhvty333432: checks 
meelo32: checks 
Dorex2007: checks 
*** TURN *** [9s 4c 9c] [Tc]
Paganplayer80: checks 
fhvty333432: checks 
meelo32: checks 
Dorex2007: checks 
*** RIVER *** [9s 4c 9c Tc] [8d]
Paganplayer80: checks 
fhvty333432: checks 
meelo32: checks 
Dorex2007: checks 
*** SHOW DOWN ***
Paganplayer80: shows [3s 4s] (two pair, Nines and Fours)
fhvty333432: mucks hand 
meelo32: mucks hand 
Dorex2007: mucks hand 
Paganplayer80 collected $0.08 from pot
*** SUMMARY ***
Total pot $0.08 | Rake $0 
Board [9s 4c 9c Tc 8d]
Seat 1: k . A_063 folded before Flop (didn't bet)
Seat 2: Dorex2007 mucked [Ad 2d]
Seat 3: Cornel Mihai folded before Flop (didn't bet)
Seat 4: f1v3h34d (button) folded before Flop (didn't bet)
Seat 5: Paganplayer80 (small blind) showed [3s 4s] and won ($0.08) with two pair, Nines and Fours
Seat 6: fhvty333432 (big blind) mucked [Jh 3h]
Seat 7: jef_1313 folded before Flop (didn't bet)
Seat 8: Silen4ik88 folded before Flop (didn't bet)
Seat 9: meelo32 mucked [3d Qs]



PokerStars Hand #231249124453:  Hold'em No Limit ($0.01/$0.02 USD) - 2021/11/08 13:42:42 PT [2021/11/08 16:42:42 ET]
Table 'Indus II' 9-max Seat #5 is the button
Seat 1: k . A_063 ($2.16 in chips) 
Seat 2: Dorex2007 ($2.69 in chips) 
Seat 3: Cornel Mihai ($0.77 in chips) 
Seat 4: f1v3h34d ($2 in chips) 
Seat 5: Paganplayer80 ($5.22 in chips) 
Seat 6: fhvty333432 ($1.02 in chips) 
Seat 7: jef_1313 ($3.26 in chips) 
Seat 8: Silen4ik88 ($2 in chips) 
Seat 9: meelo32 ($0.92 in chips) 
fhvty333432: posts small blind $0.01
jef_1313: posts big blind $0.02
*** HOLE CARDS ***
Dealt to Dorex2007 [8s Td]
Silen4ik88: folds 
meelo32: folds 
k . A_063: folds 
Dorex2007: folds 
Cornel Mihai: folds 
f1v3h34d: raises $0.03 to $0.05
Paganplayer80: calls $0.05
fhvty333432: folds 
jef_1313: calls $0.03
*** FLOP *** [6d 5s Qh]
jef_1313: checks 
f1v3h34d: bets $0.04
Paganplayer80: folds 
jef_1313: calls $0.04
*** TURN *** [6d 5s Qh] [3h]
jef_1313: checks 
f1v3h34d: bets $0.07
jef_1313: calls $0.07
*** RIVER *** [6d 5s Qh 3h] [Jh]
jef_1313: checks 
f1v3h34d: bets $0.26
jef_1313: folds 
Uncalled bet ($0.26) returned to f1v3h34d
f1v3h34d collected $0.37 from pot
f1v3h34d: doesn't show hand 
*** SUMMARY ***
Total pot $0.38 | Rake $0.01 
Board [6d 5s Qh 3h Jh]
Seat 1: k . A_063 folded before Flop (didn't bet)
Seat 2: Dorex2007 folded before Flop (didn't bet)
Seat 3: Cornel Mihai folded before Flop (didn't bet)
Seat 4: f1v3h34d collected ($0.37)
Seat 5: Paganplayer80 (button) folded on the Flop
Seat 6: fhvty333432 (small blind) folded before Flop
Seat 7: jef_1313 (big blind) folded on the River
Seat 8: Silen4ik88 folded before Flop (didn't bet)
Seat 9: meelo32 folded before Flop (didn't bet)



PokerStars Hand #231249170634:  Hold'em No Limit ($0.01/$0.02 USD) - 2021/11/08 13:44:16 PT [2021/11/08 16:44:16 ET]
Table 'Indus II' 9-max Seat #6 is the button
Seat 1: k . A_063 ($2.16 in chips) 
Seat 2: Dorex2007 ($2.69 in chips) 
Seat 3: Cornel Mihai ($0.77 in chips) 
Seat 4: f1v3h34d ($2.21 in chips) 
Seat 5: Paganplayer80 ($5.17 in chips) 
Seat 6: fhvty333432 ($1.01 in chips) 
Seat 7: jef_1313 ($3.10 in chips) 
Seat 8: Silen4ik88 ($2 in chips) 
Seat 9: meelo32 ($0.92 in chips) 
jef_1313: posts small blind $0.01
Silen4ik88: posts big blind $0.02
*** HOLE CARDS ***
Dealt to Dorex2007 [8d Ts]
meelo32: folds 
k . A_063: folds 
Dorex2007: folds 
Cornel Mihai has timed out
Cornel Mihai: folds 
f1v3h34d: folds 
Paganplayer80: calls $0.02
fhvty333432: calls $0.02
jef_1313: folds 
Silen4ik88: checks 
*** FLOP *** [6d Kc 9d]
Silen4ik88: checks 
Paganplayer80: bets $0.02
fhvty333432: folds 
Silen4ik88: folds 
Uncalled bet ($0.02) returned to Paganplayer80
Paganplayer80 collected $0.07 from pot
Paganplayer80: doesn't show hand 
*** SUMMARY ***
Total pot $0.07 | Rake $0 
Board [6d Kc 9d]
Seat 1: k . A_063 folded before Flop (didn't bet)
Seat 2: Dorex2007 folded before Flop (didn't bet)
Seat 3: Cornel Mihai folded before Flop (didn't bet)
Seat 4: f1v3h34d folded before Flop (didn't bet)
Seat 5: Paganplayer80 collected ($0.07)
Seat 6: fhvty333432 (button) folded on the Flop
Seat 7: jef_1313 (small blind) folded before Flop
Seat 8: Silen4ik88 (big blind) folded on the Flop
Seat 9: meelo32 folded before Flop (didn't bet)



PokerStars Hand #231249198376:  Hold'em No Limit ($0.01/$0.02 USD) - 2021/11/08 13:45:13 PT [2021/11/08 16:45:13 ET]
Table 'Indus II' 9-max Seat #7 is the button
Seat 1: k . A_063 ($2.16 in chips) 
Seat 2: Dorex2007 ($2.69 in chips) 
Seat 3: Cornel Mihai ($0.77 in chips) 
Seat 4: f1v3h34d ($2.21 in chips) 
Seat 5: Paganplayer80 ($5.22 in chips) 
Seat 6: fhvty333432 ($0.99 in chips) 
Seat 7: jef_1313 ($3.09 in chips) 
Seat 8: Silen4ik88 ($2 in chips) 
Seat 9: meelo32 ($0.92 in chips) 
Silen4ik88: posts small blind $0.01
meelo32: posts big blind $0.02
*** HOLE CARDS ***
Dealt to Dorex2007 [Tc 7s]
k . A_063: folds 
Dorex2007 has timed out
Dorex2007: folds 
Cornel Mihai: folds 
f1v3h34d: folds 
Paganplayer80: calls $0.02
fhvty333432: raises $0.02 to $0.04
jef_1313: folds 
Silen4ik88: calls $0.03
meelo32: folds 
Paganplayer80: calls $0.02
*** FLOP *** [5c Kd 8c]
Silen4ik88: checks 
Paganplayer80: checks 
fhvty333432: bets $0.02
Silen4ik88: folds 
Paganplayer80: folds 
Uncalled bet ($0.02) returned to fhvty333432
fhvty333432 collected $0.14 from pot
fhvty333432: doesn't show hand 
*** SUMMARY ***
Total pot $0.14 | Rake $0 
Board [5c Kd 8c]
Seat 1: k . A_063 folded before Flop (didn't bet)
Seat 2: Dorex2007 folded before Flop (didn't bet)
Seat 3: Cornel Mihai folded before Flop (didn't bet)
Seat 4: f1v3h34d folded before Flop (didn't bet)
Seat 5: Paganplayer80 folded on the Flop
Seat 6: fhvty333432 collected ($0.14)
Seat 7: jef_1313 (button) folded before Flop (didn't bet)
Seat 8: Silen4ik88 (small blind) folded on the Flop
Seat 9: meelo32 (big blind) folded before Flop



PokerStars Hand #231249231488:  Hold'em No Limit ($0.01/$0.02 USD) - 2021/11/08 13:46:19 PT [2021/11/08 16:46:19 ET]
Table 'Indus II' 9-max Seat #8 is the button
Seat 1: k . A_063 ($2.16 in chips) 
Seat 2: Dorex2007 ($2.69 in chips) 
Seat 3: Cornel Mihai ($0.77 in chips) 
Seat 4: f1v3h34d ($2.21 in chips) 
Seat 5: Paganplayer80 ($5.18 in chips) 
Seat 6: fhvty333432 ($1.09 in chips) 
Seat 7: jef_1313 ($3.09 in chips) 
Seat 8: Silen4ik88 ($2 in chips) 
Seat 9: meelo32 ($0.90 in chips) 
meelo32: posts small blind $0.01
k . A_063: posts big blind $0.02
*** HOLE CARDS ***
Dealt to Dorex2007 [7s 2d]
Dorex2007: folds 
Cornel Mihai: folds 
f1v3h34d: folds 
Paganplayer80: calls $0.02
fhvty333432: calls $0.02
jef_1313: raises $0.04 to $0.06
Silen4ik88: folds 
meelo32: calls $0.05
k . A_063: folds 
Paganplayer80: calls $0.04
fhvty333432: calls $0.04
*** FLOP *** [As Qs 7d]
meelo32: checks 
Paganplayer80: checks 
fhvty333432: checks 
jef_1313: bets $0.14
meelo32: calls $0.14
Paganplayer80: folds 
fhvty333432: folds 
*** TURN *** [As Qs 7d] [7c]
meelo32: checks 
jef_1313: checks 
*** RIVER *** [As Qs 7d 7c] [8h]
meelo32: bets $0.02
jef_1313: calls $0.02
*** SHOW DOWN ***
meelo32: shows [Ks Qd] (two pair, Queens and Sevens)
jef_1313: shows [6c Ac] (two pair, Aces and Sevens)
jef_1313 collected $0.56 from pot
*** SUMMARY ***
Total pot $0.58 | Rake $0.02 
Board [As Qs 7d 7c 8h]
Seat 1: k . A_063 (big blind) folded before Flop
Seat 2: Dorex2007 folded before Flop (didn't bet)
Seat 3: Cornel Mihai folded before Flop (didn't bet)
Seat 4: f1v3h34d folded before Flop (didn't bet)
Seat 5: Paganplayer80 folded on the Flop
Seat 6: fhvty333432 folded on the Flop
Seat 7: jef_1313 showed [6c Ac] and won ($0.56) with two pair, Aces and Sevens
Seat 8: Silen4ik88 (button) folded before Flop (didn't bet)
Seat 9: meelo32 (small blind) showed [Ks Qd] and lost with two pair, Queens and Sevens



PokerStars Hand #231249281665:  Hold'em No Limit ($0.01/$0.02 USD) - 2021/11/08 13:48:01 PT [2021/11/08 16:48:01 ET]
Table 'Indus II' 9-max Seat #9 is the button
Seat 1: k . A_063 ($2.14 in chips) 
Seat 2: Dorex2007 ($2.69 in chips) 
Seat 3: Cornel Mihai ($0.77 in chips) 
Seat 4: f1v3h34d ($2.21 in chips) 
Seat 5: Paganplayer80 ($5.12 in chips) 
Seat 6: fhvty333432 ($1.03 in chips) 
Seat 7: jef_1313 ($3.43 in chips) 
Seat 8: Silen4ik88 ($2 in chips) 
Seat 9: meelo32 ($0.68 in chips) 
k . A_063: posts small blind $0.01
Dorex2007: posts big blind $0.02
*** HOLE CARDS ***
Dealt to Dorex2007 [2h 4c]
Cornel Mihai: calls $0.02
f1v3h34d: folds 
Paganplayer80: calls $0.02
fhvty333432: raises $0.06 to $0.08
jef_1313: folds 
Silen4ik88: folds 
meelo32: calls $0.08
k . A_063: folds 
Dorex2007: folds 
Cornel Mihai: folds 
Paganplayer80: calls $0.06
*** FLOP *** [Tc Kd Td]
Paganplayer80: checks 
fhvty333432: bets $0.04
meelo32: calls $0.04
Paganplayer80: folds 
*** TURN *** [Tc Kd Td] [Jc]
fhvty333432: bets $0.04
meelo32: calls $0.04
*** RIVER *** [Tc Kd Td Jc] [Jd]
fhvty333432: bets $0.04
meelo32: raises $0.48 to $0.52 and is all-in
fhvty333432: folds 
Uncalled bet ($0.48) returned to meelo32
meelo32 collected $0.51 from pot
meelo32: doesn't show hand 
*** SUMMARY ***
Total pot $0.53 | Rake $0.02 
Board [Tc Kd Td Jc Jd]
Seat 1: k . A_063 (small blind) folded before Flop
Seat 2: Dorex2007 (big blind) folded before Flop
Seat 3: Cornel Mihai folded before Flop
Seat 4: f1v3h34d folded before Flop (didn't bet)
Seat 5: Paganplayer80 folded on the Flop
Seat 6: fhvty333432 folded on the River
Seat 7: jef_1313 folded before Flop (didn't bet)
Seat 8: Silen4ik88 folded before Flop (didn't bet)
Seat 9: meelo32 (button) collected ($0.51)



PokerStars Hand #231249316523:  Hold'em No Limit ($0.01/$0.02 USD) - 2021/11/08 13:49:12 PT [2021/11/08 16:49:12 ET]
Table 'Indus II' 9-max Seat #1 is the button
Seat 1: k . A_063 ($2.13 in chips) 
Seat 2: Dorex2007 ($2.67 in chips) 
Seat 3: Cornel Mihai ($0.75 in chips) 
Seat 4: f1v3h34d ($2.21 in chips) 
Seat 5: Paganplayer80 ($5.04 in chips) 
Seat 6: fhvty333432 ($0.83 in chips) 
Seat 7: jef_1313 ($3.43 in chips) 
Seat 8: Silen4ik88 ($2 in chips) 
Seat 9: meelo32 ($0.99 in chips) 
Dorex2007: posts small blind $0.01
Cornel Mihai: posts big blind $0.02
*** HOLE CARDS ***
Dealt to Dorex2007 [2s Ad]
f1v3h34d: folds 
Paganplayer80: calls $0.02
fhvty333432: folds 
jef_1313: folds 
Silen4ik88: folds 
meelo32: calls $0.02
k . A_063: calls $0.02
Dorex2007: calls $0.01
Cornel Mihai: checks 
*** FLOP *** [Ts As 9d]
Dorex2007: checks 
Cornel Mihai: checks 
Paganplayer80: checks 
meelo32: checks 
k . A_063: checks 
*** TURN *** [Ts As 9d] [Qd]
Dorex2007: checks 
Cornel Mihai: checks 
Paganplayer80: bets $0.02
meelo32: calls $0.02
k . A_063: folds 
Dorex2007: calls $0.02
Cornel Mihai: folds 
*** RIVER *** [Ts As 9d Qd] [6h]
Dorex2007: checks 
Paganplayer80: checks 
meelo32: checks 
*** SHOW DOWN ***
Dorex2007: shows [2s Ad] (a pair of Aces)
Paganplayer80: mucks hand 
meelo32: shows [Ac 4s] (a pair of Aces)
Dorex2007 collected $0.08 from pot
meelo32 collected $0.07 from pot
*** SUMMARY ***
Total pot $0.16 | Rake $0.01 
Board [Ts As 9d Qd 6h]
Seat 1: k . A_063 (button) folded on the Turn
Seat 2: Dorex2007 (small blind) showed [2s Ad] and won ($0.08) with a pair of Aces
Seat 3: Cornel Mihai (big blind) folded on the Turn
Seat 4: f1v3h34d folded before Flop (didn't bet)
Seat 5: Paganplayer80 mucked [6d Kd]
Seat 6: fhvty333432 folded before Flop (didn't bet)
Seat 7: jef_1313 folded before Flop (didn't bet)
Seat 8: Silen4ik88 folded before Flop (didn't bet)
Seat 9: meelo32 showed [Ac 4s] and won ($0.07) with a pair of Aces



PokerStars Hand #231249353833:  Hold'em No Limit ($0.01/$0.02 USD) - 2021/11/08 13:50:28 PT [2021/11/08 16:50:28 ET]
Table 'Indus II' 9-max Seat #2 is the button
Seat 1: k . A_063 ($2.11 in chips) 
Seat 2: Dorex2007 ($2.71 in chips) 
Seat 3: Cornel Mihai ($0.73 in chips) 
Seat 4: f1v3h34d ($2.21 in chips) 
Seat 5: Paganplayer80 ($5 in chips) 
Seat 6: fhvty333432 ($0.83 in chips) 
Seat 7: jef_1313 ($3.43 in chips) 
Seat 8: Silen4ik88 ($2 in chips) 
Seat 9: meelo32 ($1.02 in chips) 
Cornel Mihai: posts small blind $0.01
f1v3h34d: posts big blind $0.02
*** HOLE CARDS ***
Dealt to Dorex2007 [5h 8c]
Paganplayer80: calls $0.02
fhvty333432: calls $0.02
jef_1313: folds 
Silen4ik88: folds 
meelo32: calls $0.02
k . A_063: folds 
Dorex2007: folds 
Cornel Mihai: folds 
f1v3h34d: checks 
*** FLOP *** [Jh Ts As]
f1v3h34d: checks 
Paganplayer80: checks 
fhvty333432: bets $0.04
meelo32: calls $0.04
f1v3h34d: folds 
Paganplayer80: folds 
*** TURN *** [Jh Ts As] [2d]
fhvty333432: bets $0.04
meelo32: raises $0.04 to $0.08
fhvty333432: calls $0.04
*** RIVER *** [Jh Ts As 2d] [Ah]
fhvty333432: checks 
meelo32: bets $0.08
fhvty333432: calls $0.08
*** SHOW DOWN ***
meelo32: shows [Jc Jd] (a full house, Jacks full of Aces)
fhvty333432: mucks hand 
meelo32 collected $0.47 from pot
*** SUMMARY ***
Total pot $0.49 | Rake $0.02 
Board [Jh Ts As 2d Ah]
Seat 1: k . A_063 folded before Flop (didn't bet)
Seat 2: Dorex2007 (button) folded before Flop (didn't bet)
Seat 3: Cornel Mihai (small blind) folded before Flop
Seat 4: f1v3h34d (big blind) folded on the Flop
Seat 5: Paganplayer80 folded on the Flop
Seat 6: fhvty333432 mucked [Ad 6c]
Seat 7: jef_1313 folded before Flop (didn't bet)
Seat 8: Silen4ik88 folded before Flop (didn't bet)
Seat 9: meelo32 showed [Jc Jd] and won ($0.47) with a full house, Jacks full of Aces



PokerStars Hand #231249388432:  Hold'em No Limit ($0.01/$0.02 USD) - 2021/11/08 13:51:39 PT [2021/11/08 16:51:39 ET]
Table 'Indus II' 9-max Seat #3 is the button
Seat 1: k . A_063 ($2.11 in chips) 
Seat 2: Dorex2007 ($2.71 in chips) 
Seat 3: Cornel Mihai ($0.72 in chips) 
Seat 4: f1v3h34d ($2.19 in chips) 
Seat 5: Paganplayer80 ($4.98 in chips) 
Seat 6: fhvty333432 ($0.61 in chips) 
Seat 7: jef_1313 ($3.43 in chips) 
Seat 8: Silen4ik88 ($2 in chips) 
Seat 9: meelo32 ($1.27 in chips) 
f1v3h34d: posts small blind $0.01
Paganplayer80: posts big blind $0.02
*** HOLE CARDS ***
Dealt to Dorex2007 [6c 8c]
fhvty333432: folds 
jef_1313: folds 
Silen4ik88: calls $0.02
meelo32: folds 
k . A_063: folds 
Dorex2007: folds 
Cornel Mihai: folds 
f1v3h34d: raises $0.07 to $0.09
Paganplayer80: calls $0.07
Silen4ik88: folds 
*** FLOP *** [2h 3c Th]
f1v3h34d: bets $0.13
Paganplayer80: folds 
Uncalled bet ($0.13) returned to f1v3h34d
f1v3h34d collected $0.19 from pot
f1v3h34d: doesn't show hand 
*** SUMMARY ***
Total pot $0.20 | Rake $0.01 
Board [2h 3c Th]
Seat 1: k . A_063 folded before Flop (didn't bet)
Seat 2: Dorex2007 folded before Flop (didn't bet)
Seat 3: Cornel Mihai (button) folded before Flop (didn't bet)
Seat 4: f1v3h34d (small blind) collected ($0.19)
Seat 5: Paganplayer80 (big blind) folded on the Flop
Seat 6: fhvty333432 folded before Flop (didn't bet)
Seat 7: jef_1313 folded before Flop (didn't bet)
Seat 8: Silen4ik88 folded before Flop
Seat 9: meelo32 folded before Flop (didn't bet)



PokerStars Hand #231249418722:  Hold'em No Limit ($0.01/$0.02 USD) - 2021/11/08 13:52:42 PT [2021/11/08 16:52:42 ET]
Table 'Indus II' 9-max Seat #4 is the button
Seat 1: k . A_063 ($2.11 in chips) 
Seat 2: Dorex2007 ($2.71 in chips) 
Seat 3: Cornel Mihai ($0.72 in chips) 
Seat 4: f1v3h34d ($2.29 in chips) 
Seat 5: Paganplayer80 ($4.89 in chips) 
Seat 6: fhvty333432 ($0.61 in chips) 
Seat 7: jef_1313 ($3.43 in chips) 
Seat 8: Silen4ik88 ($2 in chips) 
Seat 9: meelo32 ($1.27 in chips) 
Paganplayer80: posts small blind $0.01
fhvty333432: posts big blind $0.02
*** HOLE CARDS ***
Dealt to Dorex2007 [4c Th]
jef_1313: folds 
Silen4ik88: raises $0.02 to $0.04
meelo32: calls $0.04
k . A_063: folds 
Dorex2007: folds 
Cornel Mihai: folds 
f1v3h34d: folds 
Paganplayer80: calls $0.03
fhvty333432: calls $0.02
*** FLOP *** [2d Qs 5s]
Paganplayer80: checks 
fhvty333432: bets $0.02
Silen4ik88: calls $0.02
meelo32: calls $0.02
Paganplayer80: calls $0.02
*** TURN *** [2d Qs 5s] [4s]
Paganplayer80: checks 
fhvty333432: checks 
Silen4ik88: bets $0.12
meelo32: folds 
Paganplayer80: calls $0.12
fhvty333432: folds 
*** RIVER *** [2d Qs 5s 4s] [7c]
Paganplayer80: checks 
Silen4ik88: bets $1.82 and is all-in
Paganplayer80: folds 
Uncalled bet ($1.82) returned to Silen4ik88
Silen4ik88 collected $0.46 from pot
Silen4ik88: doesn't show hand 
*** SUMMARY ***
Total pot $0.48 | Rake $0.02 
Board [2d Qs 5s 4s 7c]
Seat 1: k . A_063 folded before Flop (didn't bet)
Seat 2: Dorex2007 folded before Flop (didn't bet)
Seat 3: Cornel Mihai folded before Flop (didn't bet)
Seat 4: f1v3h34d (button) folded before Flop (didn't bet)
Seat 5: Paganplayer80 (small blind) folded on the River
Seat 6: fhvty333432 (big blind) folded on the Turn
Seat 7: jef_1313 folded before Flop (didn't bet)
Seat 8: Silen4ik88 collected ($0.46)
Seat 9: meelo32 folded on the Turn



PokerStars Hand #231249476251:  Hold'em No Limit ($0.01/$0.02 USD) - 2021/11/08 13:54:42 PT [2021/11/08 16:54:42 ET]
Table 'Indus II' 9-max Seat #5 is the button
Seat 1: k . A_063 ($2.11 in chips) 
Seat 2: Dorex2007 ($2.71 in chips) 
Seat 3: Cornel Mihai ($0.72 in chips) 
Seat 4: f1v3h34d ($2.29 in chips) 
Seat 5: Paganplayer80 ($4.71 in chips) 
Seat 6: fhvty333432 ($0.55 in chips) 
Seat 7: jef_1313 ($3.43 in chips) 
Seat 8: Silen4ik88 ($2.28 in chips) 
Seat 9: meelo32 ($1.21 in chips) 
fhvty333432: posts small blind $0.01
jef_1313: posts big blind $0.02
*** HOLE CARDS ***
Dealt to Dorex2007 [6c 4d]
Silen4ik88: folds 
Silen4ik88 leaves the table
meelo32: calls $0.02
k . A_063: folds 
Dorex2007: folds 
Cornel Mihai: folds 
f1v3h34d: raises $0.03 to $0.05
Paganplayer80: calls $0.05
fhvty333432: calls $0.04
jef_1313: folds 
meelo32: calls $0.03
*** FLOP *** [Ah Jc 7s]
fhvty333432: checks 
meelo32: checks 
perffect16 joins the table at seat #8 
f1v3h34d: bets $0.09
Paganplayer80: folds 
fhvty333432: folds 
meelo32: calls $0.09
*** TURN *** [Ah Jc 7s] [7c]
meelo32: bets $0.04
f1v3h34d: raises $0.11 to $0.15
meelo32: calls $0.11
*** RIVER *** [Ah Jc 7s 7c] [6h]
meelo32: checks 
f1v3h34d: bets $0.23
meelo32: calls $0.23
*** SHOW DOWN ***
f1v3h34d: shows [9d Ac] (two pair, Aces and Sevens)
meelo32: shows [5s Ad] (two pair, Aces and Sevens)
meelo32 collected $0.56 from pot
f1v3h34d collected $0.56 from pot
*** SUMMARY ***
Total pot $1.16 | Rake $0.04 
Board [Ah Jc 7s 7c 6h]
Seat 1: k . A_063 folded before Flop (didn't bet)
Seat 2: Dorex2007 folded before Flop (didn't bet)
Seat 3: Cornel Mihai folded before Flop (didn't bet)
Seat 4: f1v3h34d showed [9d Ac] and won ($0.56) with two pair, Aces and Sevens
Seat 5: Paganplayer80 (button) folded on the Flop
Seat 6: fhvty333432 (small blind) folded on the Flop
Seat 7: jef_1313 (big blind) folded before Flop
Seat 8: Silen4ik88 folded before Flop (didn't bet)
Seat 9: meelo32 showed [5s Ad] and won ($0.56) with two pair, Aces and Sevens



PokerStars Hand #231249519675:  Hold'em No Limit ($0.01/$0.02 USD) - 2021/11/08 13:56:38 PT [2021/11/08 16:56:38 ET]
Table 'Indus II' 9-max Seat #6 is the button
Seat 1: k . A_063 ($2.11 in chips) 
Seat 2: Dorex2007 ($2.71 in chips) 
Seat 3: Cornel Mihai ($0.72 in chips) 
Seat 4: f1v3h34d ($2.33 in chips) 
Seat 6: fhvty333432 ($0.50 in chips) 
Seat 7: jef_1313 ($3.41 in chips) 
Seat 8: perffect16 ($2 in chips) 
Seat 9: meelo32 ($1.25 in chips) 
jef_1313: posts small blind $0.01
perffect16: posts big blind $0.02
*** HOLE CARDS ***
Dealt to Dorex2007 [Js Jc]
meelo32: folds 
k . A_063: folds 
Dorex2007: calls $0.02
Cornel Mihai: folds 
f1v3h34d: folds 
fhvty333432: calls $0.02
jef_1313: calls $0.01
perffect16: raises $0.02 to $0.04
Dorex2007: raises $0.14 to $0.18
fhvty333432: calls $0.16
f1v3h34d leaves the table
jef_1313: calls $0.16
perffect16: folds 
*** FLOP *** [9c 3s Qs]
jef_1313: checks 
Dorex2007: bets $2.53 and is all-in
fhvty333432: folds 
jef_1313: calls $2.53
*** TURN *** [9c 3s Qs] [8h]
*** RIVER *** [9c 3s Qs 8h] [Tc]
bunes001 joins the table at seat #4 
*** SHOW DOWN ***
jef_1313: shows [8s 7s] (a pair of Eights)
Dorex2007: shows [Js Jc] (a straight, Eight to Queen)
Dorex2007 cashed out the hand for $3.58 | Cash Out Fee $0.04
*** SUMMARY ***
Total pot $5.64 | Rake $0.20 
Board [9c 3s Qs 8h Tc]
Seat 1: k . A_063 folded before Flop (didn't bet)
Seat 2: Dorex2007 showed [Js Jc] and won ($5.44) with a straight, Eight to Queen (pot not awarded as player cashed out)
Seat 3: Cornel Mihai folded before Flop (didn't bet)
Seat 4: f1v3h34d folded before Flop (didn't bet)
Seat 6: fhvty333432 (button) folded on the Flop
Seat 7: jef_1313 (small blind) showed [8s 7s] and lost with a pair of Eights
Seat 8: perffect16 (big blind) folded before Flop
Seat 9: meelo32 folded before Flop (didn't bet)



PokerStars Hand #231249548548:  Hold'em No Limit ($0.01/$0.02 USD) - 2021/11/08 13:58:00 PT [2021/11/08 16:58:00 ET]
Table 'Indus II' 9-max Seat #7 is the button
Seat 1: k . A_063 ($2.11 in chips) 
Seat 2: Dorex2007 ($3.58 in chips) 
Seat 3: Cornel Mihai ($0.72 in chips) 
Seat 6: fhvty333432 ($0.32 in chips) 
Seat 7: jef_1313 ($0.70 in chips) 
Seat 8: perffect16 ($1.96 in chips) 
Seat 9: meelo32 ($1.25 in chips) 
perffect16: posts small blind $0.01
meelo32: posts big blind $0.02
bunes001: sits out 
*** HOLE CARDS ***
Dealt to Dorex2007 [9c Th]
k . A_063: folds 
Dorex2007: folds 
Cornel Mihai: folds 
fhvty333432: folds 
Paganplayer80 is disconnected 
jef_1313: folds 
perffect16: calls $0.01
meelo32: checks 
*** FLOP *** [2c 5h 9h]
perffect16: checks 
meelo32: checks 
*** TURN *** [2c 5h 9h] [Kh]
perffect16: checks 
meelo32: checks 
*** RIVER *** [2c 5h 9h Kh] [5d]
perffect16: checks 
meelo32: checks 
*** SHOW DOWN ***
perffect16: shows [6c 7h] (a pair of Fives)
meelo32: shows [Ac 7c] (a pair of Fives - Ace kicker)
meelo32 collected $0.04 from pot
*** SUMMARY ***
Total pot $0.04 | Rake $0 
Board [2c 5h 9h Kh 5d]
Seat 1: k . A_063 folded before Flop (didn't bet)
Seat 2: Dorex2007 folded before Flop (didn't bet)
Seat 3: Cornel Mihai folded before Flop (didn't bet)
Seat 6: fhvty333432 folded before Flop (didn't bet)
Seat 7: jef_1313 (button) folded before Flop (didn't bet)
Seat 8: perffect16 (small blind) showed [6c 7h] and lost with a pair of Fives
Seat 9: meelo32 (big blind) showed [Ac 7c] and won ($0.04) with a pair of Fives



PokerStars Hand #231249564758:  Hold'em No Limit ($0.01/$0.02 USD) - 2021/11/08 13:58:37 PT [2021/11/08 16:58:37 ET]
Table 'Indus II' 9-max Seat #8 is the button
Seat 1: k . A_063 ($2.11 in chips) 
Seat 2: Dorex2007 ($3.58 in chips) 
Seat 3: Cornel Mihai ($0.72 in chips) 
Seat 6: fhvty333432 ($0.32 in chips) 
Seat 7: jef_1313 ($1.58 in chips) 
Seat 8: perffect16 ($1.94 in chips) 
Seat 9: meelo32 ($1.27 in chips) 
meelo32: posts small blind $0.01
k . A_063: posts big blind $0.02
bunes001: sits out 
*** HOLE CARDS ***
Dealt to Dorex2007 [3c 4h]
Dorex2007: folds 
Cornel Mihai: folds 
fhvty333432: folds 
jef_1313: folds 
perffect16: folds 
meelo32: calls $0.01
k . A_063: checks 
*** FLOP *** [Ts 3s 8s]
meelo32: checks 
k . A_063: checks 
*** TURN *** [Ts 3s 8s] [Qs]
meelo32: checks 
k . A_063: checks 
*** RIVER *** [Ts 3s 8s Qs] [7h]
meelo32: checks 
k . A_063: checks 
*** SHOW DOWN ***
meelo32: shows [Tc Ah] (a pair of Tens)
k . A_063: shows [5h 4s] (a flush, Queen high)
k . A_063 collected $0.04 from pot
*** SUMMARY ***
Total pot $0.04 | Rake $0 
Board [Ts 3s 8s Qs 7h]
Seat 1: k . A_063 (big blind) showed [5h 4s] and won ($0.04) with a flush, Queen high
Seat 2: Dorex2007 folded before Flop (didn't bet)
Seat 3: Cornel Mihai folded before Flop (didn't bet)
Seat 6: fhvty333432 folded before Flop (didn't bet)
Seat 7: jef_1313 folded before Flop (didn't bet)
Seat 8: perffect16 (button) folded before Flop (didn't bet)
Seat 9: meelo32 (small blind) showed [Tc Ah] and lost with a pair of Tens



PokerStars Hand #231249578558:  Hold'em No Limit ($0.01/$0.02 USD) - 2021/11/08 13:59:15 PT [2021/11/08 16:59:15 ET]
Table 'Indus II' 9-max Seat #9 is the button
Seat 1: k . A_063 ($2.13 in chips) 
Seat 2: Dorex2007 ($3.58 in chips) 
Seat 3: Cornel Mihai ($0.72 in chips) 
Seat 6: fhvty333432 ($0.32 in chips) 
Seat 7: jef_1313 ($1.58 in chips) 
Seat 8: perffect16 ($1.94 in chips) 
Seat 9: meelo32 ($1.25 in chips) 
k . A_063: posts small blind $0.01
Dorex2007: posts big blind $0.02
bunes001: sits out 
*** HOLE CARDS ***
Dealt to Dorex2007 [4s 2d]
Cornel Mihai: folds 
fhvty333432: folds 
jef_1313: folds 
perffect16: folds 
meelo32: folds 
k . A_063: folds 
Uncalled bet ($0.01) returned to Dorex2007
Dorex2007 collected $0.02 from pot
Dorex2007: doesn't show hand 
*** SUMMARY ***
Total pot $0.02 | Rake $0 
Seat 1: k . A_063 (small blind) folded before Flop
Seat 2: Dorex2007 (big blind) collected ($0.02)
Seat 3: Cornel Mihai folded before Flop (didn't bet)
Seat 6: fhvty333432 folded before Flop (didn't bet)
Seat 7: jef_1313 folded before Flop (didn't bet)
Seat 8: perffect16 folded before Flop (didn't bet)
Seat 9: meelo32 (button) folded before Flop (didn't bet)



PokerStars Hand #231249586209:  Hold'em No Limit ($0.01/$0.02 USD) - 2021/11/08 13:59:37 PT [2021/11/08 16:59:37 ET]
Table 'Indus II' 9-max Seat #1 is the button
Seat 1: k . A_063 ($2.12 in chips) 
Seat 2: Dorex2007 ($3.59 in chips) 
Seat 4: bunes001 ($2 in chips) 
Seat 6: fhvty333432 ($0.32 in chips) 
Seat 7: jef_1313 ($1.58 in chips) 
Seat 8: perffect16 ($1.94 in chips) 
Seat 9: meelo32 ($1.25 in chips) 
Dorex2007: posts small blind $0.01
Cornel Mihai: is sitting out 
bunes001: posts big blind $0.02
*** HOLE CARDS ***
Dealt to Dorex2007 [9h 7d]
fhvty333432: folds 
jef_1313: folds 
perffect16: raises $0.05 to $0.07
meelo32: folds 
k . A_063: folds 
Dorex2007: folds 
bunes001: folds 
Uncalled bet ($0.05) returned to perffect16
perffect16 collected $0.05 from pot
perffect16: doesn't show hand 
*** SUMMARY ***
Total pot $0.05 | Rake $0 
Seat 1: k . A_063 (button) folded before Flop (didn't bet)
Seat 2: Dorex2007 (small blind) folded before Flop
Seat 4: bunes001 (big blind) folded before Flop
Seat 6: fhvty333432 folded before Flop (didn't bet)
Seat 7: jef_1313 folded before Flop (didn't bet)
Seat 8: perffect16 collected ($0.05)
Seat 9: meelo32 folded before Flop (didn't bet)



PokerStars Hand #231249593282:  Hold'em No Limit ($0.01/$0.02 USD) - 2021/11/08 13:59:56 PT [2021/11/08 16:59:56 ET]
Table 'Indus II' 9-max Seat #2 is the button
Seat 1: k . A_063 ($2.12 in chips) 
Seat 2: Dorex2007 ($3.58 in chips) 
Seat 4: bunes001 ($1.98 in chips) 
Seat 6: fhvty333432 ($0.32 in chips) 
Seat 7: jef_1313 ($1.58 in chips) 
Seat 8: perffect16 ($1.97 in chips) 
Seat 9: meelo32 ($1.25 in chips) 
bunes001: posts small blind $0.01
fhvty333432: posts big blind $0.02
*** HOLE CARDS ***
Dealt to Dorex2007 [Jd Kd]
jef_1313: folds 
perffect16: folds 
meelo32: folds 
k . A_063: folds 
Dorex2007: raises $0.04 to $0.06
bunes001: folds 
fhvty333432: calls $0.04
*** FLOP *** [8h 5d 3c]
fhvty333432: bets $0.26 and is all-in
Dorex2007: calls $0.26
*** TURN *** [8h 5d 3c] [Td]
*** RIVER *** [8h 5d 3c Td] [Ac]
*** SHOW DOWN ***
fhvty333432: shows [3s As] (two pair, Aces and Threes)
Dorex2007: shows [Jd Kd] (high card Ace)
fhvty333432 collected $0.63 from pot
*** SUMMARY ***
Total pot $0.65 | Rake $0.02 
Board [8h 5d 3c Td Ac]
Seat 1: k . A_063 folded before Flop (didn't bet)
Seat 2: Dorex2007 (button) showed [Jd Kd] and lost with high card Ace
Seat 4: bunes001 (small blind) folded before Flop
Seat 6: fhvty333432 (big blind) showed [3s As] and won ($0.63) with two pair, Aces and Threes
Seat 7: jef_1313 folded before Flop (didn't bet)
Seat 8: perffect16 folded before Flop (didn't bet)
Seat 9: meelo32 folded before Flop (didn't bet)



PokerStars Hand #231249612386:  Hold'em No Limit ($0.01/$0.02 USD) - 2021/11/08 14:00:47 PT [2021/11/08 17:00:47 ET]
Table 'Indus II' 9-max Seat #4 is the button
Seat 1: k . A_063 ($2.12 in chips) 
Seat 2: Dorex2007 ($3.26 in chips) 
Seat 4: bunes001 ($1.97 in chips) 
Seat 6: fhvty333432 ($0.63 in chips) 
Seat 7: jef_1313 ($1.58 in chips) 
Seat 8: perffect16 ($1.97 in chips) 
Seat 9: meelo32 ($1.25 in chips) 
fhvty333432: posts small blind $0.01
jef_1313: posts big blind $0.02
Cornel Mihai: sits out 
*** HOLE CARDS ***
Dealt to Dorex2007 [3h 4c]
perffect16: raises $0.04 to $0.06
meelo32: calls $0.06
k . A_063: folds 
Dorex2007: folds 
bunes001: folds 
fhvty333432: folds 
jef_1313: folds 
*** FLOP *** [Ks 5d 9h]
perffect16: checks 
meelo32: bets $0.02
perffect16: calls $0.02
*** TURN *** [Ks 5d 9h] [6d]
perffect16: checks 
meelo32: bets $0.06
perffect16: calls $0.06
*** RIVER *** [Ks 5d 9h 6d] [2d]
perffect16: checks 
meelo32: bets $0.06
perffect16: calls $0.06
*** SHOW DOWN ***
meelo32: shows [Kd Kc] (three of a kind, Kings)
perffect16: mucks hand 
meelo32 collected $0.41 from pot
*** SUMMARY ***
Total pot $0.43 | Rake $0.02 
Board [Ks 5d 9h 6d 2d]
Seat 1: k . A_063 folded before Flop (didn't bet)
Seat 2: Dorex2007 folded before Flop (didn't bet)
Seat 4: bunes001 (button) folded before Flop (didn't bet)
Seat 6: fhvty333432 (small blind) folded before Flop
Seat 7: jef_1313 (big blind) folded before Flop
Seat 8: perffect16 mucked [Ts Tc]
Seat 9: meelo32 showed [Kd Kc] and won ($0.41) with three of a kind, Kings



PokerStars Hand #231249647047:  Hold'em No Limit ($0.01/$0.02 USD) - 2021/11/08 14:01:49 PT [2021/11/08 17:01:49 ET]
Table 'Indus II' 9-max Seat #6 is the button
Seat 1: k . A_063 ($2.12 in chips) 
Seat 2: Dorex2007 ($3.26 in chips) 
Seat 4: bunes001 ($1.97 in chips) 
Seat 6: fhvty333432 ($0.62 in chips) 
Seat 7: jef_1313 ($1.56 in chips) 
Seat 8: perffect16 ($2 in chips) 
Seat 9: meelo32 ($1.46 in chips) 
jef_1313: posts small blind $0.01
perffect16: posts big blind $0.02
Cornel Mihai: sits out 
*** HOLE CARDS ***
Dealt to Dorex2007 [4d Jd]
meelo32: calls $0.02
k . A_063: folds 
Dorex2007: folds 
bunes001: calls $0.02
fhvty333432: folds 
jef_1313: folds 
perffect16: checks 
*** FLOP *** [As 6s 2d]
perffect16: checks 
meelo32: checks 
bunes001: bets $0.06
perffect16: folds 
meelo32: folds 
Uncalled bet ($0.06) returned to bunes001
bunes001 collected $0.07 from pot
bunes001: doesn't show hand 
*** SUMMARY ***
Total pot $0.07 | Rake $0 
Board [As 6s 2d]
Seat 1: k . A_063 folded before Flop (didn't bet)
Seat 2: Dorex2007 folded before Flop (didn't bet)
Seat 4: bunes001 collected ($0.07)
Seat 6: fhvty333432 (button) folded before Flop (didn't bet)
Seat 7: jef_1313 (small blind) folded before Flop
Seat 8: perffect16 (big blind) folded on the Flop
Seat 9: meelo32 folded on the Flop



PokerStars Hand #231249664841:  Hold'em No Limit ($0.01/$0.02 USD) - 2021/11/08 14:02:27 PT [2021/11/08 17:02:27 ET]
Table 'Indus II' 9-max Seat #7 is the button
Seat 1: k . A_063 ($2.12 in chips) 
Seat 2: Dorex2007 ($3.26 in chips) 
Seat 4: bunes001 ($2.02 in chips) 
Seat 6: fhvty333432 ($0.62 in chips) 
Seat 7: jef_1313 ($1.55 in chips) 
Seat 9: meelo32 ($1.44 in chips) 
meelo32: posts small blind $0.01
k . A_063: posts big blind $0.02
Cornel Mihai: sits out 
*** HOLE CARDS ***
Dealt to Dorex2007 [3d Ah]
Dorex2007: folds 
bunes001: folds 
fhvty333432: folds 
jef_1313: folds 
meelo32: folds 
Uncalled bet ($0.01) returned to k . A_063
k . A_063 collected $0.02 from pot
*** SUMMARY ***
Total pot $0.02 | Rake $0 
Seat 1: k . A_063 (big blind) collected ($0.02)
Seat 2: Dorex2007 folded before Flop (didn't bet)
Seat 4: bunes001 folded before Flop (didn't bet)
Seat 6: fhvty333432 folded before Flop (didn't bet)
Seat 7: jef_1313 (button) folded before Flop (didn't bet)
Seat 9: meelo32 (small blind) folded before Flop



PokerStars Hand #231249670859:  Hold'em No Limit ($0.01/$0.02 USD) - 2021/11/08 14:02:40 PT [2021/11/08 17:02:40 ET]
Table 'Indus II' 9-max Seat #9 is the button
Seat 1: k . A_063 ($2.13 in chips) 
Seat 2: Dorex2007 ($3.26 in chips) 
Seat 4: bunes001 ($2.02 in chips) 
Seat 6: fhvty333432 ($0.62 in chips) 
Seat 7: jef_1313 ($1.55 in chips) 
Seat 9: meelo32 ($1.43 in chips) 
k . A_063: posts small blind $0.01
Dorex2007: posts big blind $0.02
Cornel Mihai: sits out 
*** HOLE CARDS ***
Dealt to Dorex2007 [4s 8c]
bunes001: folds 
fhvty333432: folds 
jef_1313: folds 
meelo32: folds 
k . A_063: folds 
Uncalled bet ($0.01) returned to Dorex2007
Dorex2007 collected $0.02 from pot
Dorex2007: doesn't show hand 
*** SUMMARY ***
Total pot $0.02 | Rake $0 
Seat 1: k . A_063 (small blind) folded before Flop
Seat 2: Dorex2007 (big blind) collected ($0.02)
Seat 4: bunes001 folded before Flop (didn't bet)
Seat 6: fhvty333432 folded before Flop (didn't bet)
Seat 7: jef_1313 folded before Flop (didn't bet)
Seat 9: meelo32 (button) folded before Flop (didn't bet)



PokerStars Hand #231249676518:  Hold'em No Limit ($0.01/$0.02 USD) - 2021/11/08 14:02:52 PT [2021/11/08 17:02:52 ET]
Table 'Indus II' 9-max Seat #1 is the button
Seat 1: k . A_063 ($2.12 in chips) 
Seat 2: Dorex2007 ($3.27 in chips) 
Seat 3: Cornel Mihai ($0.72 in chips) 
Seat 4: bunes001 ($2.02 in chips) 
Seat 6: fhvty333432 ($0.62 in chips) 
Seat 7: jef_1313 ($1.55 in chips) 
Seat 9: meelo32 ($1.43 in chips) 
Dorex2007: posts small blind $0.01
Cornel Mihai: posts big blind $0.02
*** HOLE CARDS ***
Dealt to Dorex2007 [4d 9d]
bunes001: calls $0.02
fhvty333432: folds 
jef_1313: folds 
meelo32: calls $0.02
k . A_063: folds 
Dorex2007: folds 
Cornel Mihai: checks 
*** FLOP *** [Ts 5c Kd]
Cornel Mihai: checks 
bunes001: bets $0.06
meelo32: calls $0.06
Cornel Mihai: folds 
*** TURN *** [Ts 5c Kd] [5s]
bunes001: checks 
meelo32: bets $0.02
bunes001: folds 
Uncalled bet ($0.02) returned to meelo32
meelo32 collected $0.18 from pot
meelo32: doesn't show hand 
*** SUMMARY ***
Total pot $0.19 | Rake $0.01 
Board [Ts 5c Kd 5s]
Seat 1: k . A_063 (button) folded before Flop (didn't bet)
Seat 2: Dorex2007 (small blind) folded before Flop
Seat 3: Cornel Mihai (big blind) folded on the Flop
Seat 4: bunes001 folded on the Turn
Seat 6: fhvty333432 folded before Flop (didn't bet)
Seat 7: jef_1313 folded before Flop (didn't bet)
Seat 9: meelo32 collected ($0.18)



PokerStars Hand #231249710461:  Hold'em No Limit ($0.01/$0.02 USD) - 2021/11/08 14:04:03 PT [2021/11/08 17:04:03 ET]
Table 'Indus II' 9-max Seat #2 is the button
Seat 1: k . A_063 ($2.12 in chips) 
Seat 2: Dorex2007 ($3.26 in chips) 
Seat 3: Cornel Mihai ($0.70 in chips) 
Seat 4: bunes001 ($1.94 in chips) 
Seat 6: fhvty333432 ($0.62 in chips) 
Seat 7: jef_1313 ($1.55 in chips) 
Seat 9: meelo32 ($1.53 in chips) 
Cornel Mihai: posts small blind $0.01
bunes001: posts big blind $0.02
*** HOLE CARDS ***
Dealt to Dorex2007 [5c 7h]
fhvty333432: folds 
jef_1313 has timed out
jef_1313: folds 
meelo32: folds 
k . A_063: raises $0.04 to $0.06
Dorex2007: folds 
Cornel Mihai: folds 
bunes001: calls $0.04
*** FLOP *** [4d 2c Js]
bunes001: bets $0.08
k . A_063: folds 
Uncalled bet ($0.08) returned to bunes001
bunes001 collected $0.13 from pot
bunes001: doesn't show hand 
*** SUMMARY ***
Total pot $0.13 | Rake $0 
Board [4d 2c Js]
Seat 1: k . A_063 folded on the Flop
Seat 2: Dorex2007 (button) folded before Flop (didn't bet)
Seat 3: Cornel Mihai (small blind) folded before Flop
Seat 4: bunes001 (big blind) collected ($0.13)
Seat 6: fhvty333432 folded before Flop (didn't bet)
Seat 7: jef_1313 folded before Flop (didn't bet)
Seat 9: meelo32 folded before Flop (didn't bet)



PokerStars Hand #231249733724:  Hold'em No Limit ($0.01/$0.02 USD) - 2021/11/08 14:04:52 PT [2021/11/08 17:04:52 ET]
Table 'Indus II' 9-max Seat #3 is the button
Seat 1: k . A_063 ($2.06 in chips) 
Seat 2: Dorex2007 ($3.26 in chips) 
Seat 3: Cornel Mihai ($0.69 in chips) 
Seat 4: bunes001 ($2.01 in chips) 
Seat 6: fhvty333432 ($0.62 in chips) 
Seat 7: jef_1313 ($1.55 in chips) 
Seat 9: meelo32 ($1.53 in chips) 
bunes001: posts small blind $0.01
fhvty333432: posts big blind $0.02
*** HOLE CARDS ***
Dealt to Dorex2007 [3d 3s]
jef_1313: folds 
meelo32: calls $0.02
k . A_063: folds 
Dorex2007: calls $0.02
Cornel Mihai: folds 
bunes001: calls $0.01
fhvty333432: checks 
*** FLOP *** [6c 8s Ts]
bunes001: bets $0.02
fhvty333432: calls $0.02
meelo32: calls $0.02
Dorex2007: folds 
*** TURN *** [6c 8s Ts] [4s]
bunes001: bets $0.08
fhvty333432: folds 
meelo32: folds 
Uncalled bet ($0.08) returned to bunes001
bunes001 collected $0.14 from pot
bunes001: doesn't show hand 
*** SUMMARY ***
Total pot $0.14 | Rake $0 
Board [6c 8s Ts 4s]
Seat 1: k . A_063 folded before Flop (didn't bet)
Seat 2: Dorex2007 folded on the Flop
Seat 3: Cornel Mihai (button) folded before Flop (didn't bet)
Seat 4: bunes001 (small blind) collected ($0.14)
Seat 6: fhvty333432 (big blind) folded on the Turn
Seat 7: jef_1313 folded before Flop (didn't bet)
Seat 9: meelo32 folded on the Turn



PokerStars Hand #231249770368:  Hold'em No Limit ($0.01/$0.02 USD) - 2021/11/08 14:05:52 PT [2021/11/08 17:05:52 ET]
Table 'Indus II' 9-max Seat #4 is the button
Seat 1: k . A_063 ($2.06 in chips) 
Seat 2: Dorex2007 ($3.24 in chips) 
Seat 3: Cornel Mihai ($0.69 in chips) 
Seat 4: bunes001 ($2.11 in chips) 
Seat 6: fhvty333432 ($0.58 in chips) 
Seat 9: meelo32 ($1.49 in chips) 
fhvty333432: posts small blind $0.01
jef_1313: is sitting out 
meelo32: posts big blind $0.02
*** HOLE CARDS ***
Dealt to Dorex2007 [3d Js]
k . A_063: folds 
Dorex2007: folds 
Cornel Mihai: folds 
bunes001: calls $0.02
fhvty333432: calls $0.01
meelo32: checks 
*** FLOP *** [8h 5d 9d]
fhvty333432: bets $0.02
meelo32: folds 
bunes001: calls $0.02
*** TURN *** [8h 5d 9d] [Ac]
jef_1313 leaves the table
fhvty333432: bets $0.04
bunes001: calls $0.04
*** RIVER *** [8h 5d 9d Ac] [Tc]
fhvty333432: bets $0.02
bunes001: raises $0.10 to $0.12
fhvty333432: calls $0.10
*** SHOW DOWN ***
bunes001: shows [Qh Jc] (a straight, Eight to Queen)
fhvty333432: mucks hand 
bunes001 collected $0.41 from pot
*** SUMMARY ***
Total pot $0.42 | Rake $0.01 
Board [8h 5d 9d Ac Tc]
Seat 1: k . A_063 folded before Flop (didn't bet)
Seat 2: Dorex2007 folded before Flop (didn't bet)
Seat 3: Cornel Mihai folded before Flop (didn't bet)
Seat 4: bunes001 (button) showed [Qh Jc] and won ($0.41) with a straight, Eight to Queen
Seat 6: fhvty333432 (small blind) mucked [Ad 2h]
Seat 9: meelo32 (big blind) folded on the Flop



PokerStars Hand #231249794724:  Hold'em No Limit ($0.01/$0.02 USD) - 2021/11/08 14:06:43 PT [2021/11/08 17:06:43 ET]
Table 'Indus II' 9-max Seat #6 is the button
Seat 1: k . A_063 ($2.06 in chips) 
Seat 2: Dorex2007 ($3.24 in chips) 
Seat 3: Cornel Mihai ($0.69 in chips) 
Seat 4: bunes001 ($2.32 in chips) 
Seat 6: fhvty333432 ($0.38 in chips) 
Seat 9: meelo32 ($1.47 in chips) 
meelo32: posts small blind $0.01
k . A_063: posts big blind $0.02
*** HOLE CARDS ***
Dealt to Dorex2007 [Jh Qh]
Dorex2007: raises $0.04 to $0.06
Cornel Mihai: folds 
Silv3r997 joins the table at seat #7 
bunes001 has timed out
bunes001: folds 
fhvty333432: calls $0.06
meelo32: folds 
k . A_063: folds 
*** FLOP *** [Jc Ks 9c]
Dorex2007: bets $0.07
fhvty333432: calls $0.07
*** TURN *** [Jc Ks 9c] [Kc]
Dorex2007: checks 
fhvty333432: checks 
*** RIVER *** [Jc Ks 9c Kc] [Tc]
Dorex2007: checks 
fhvty333432: checks 
*** SHOW DOWN ***
Dorex2007: shows [Jh Qh] (a straight, Nine to King)
fhvty333432: mucks hand 
Dorex2007 collected $0.28 from pot
*** SUMMARY ***
Total pot $0.29 | Rake $0.01 
Board [Jc Ks 9c Kc Tc]
Seat 1: k . A_063 (big blind) folded before Flop
Seat 2: Dorex2007 showed [Jh Qh] and won ($0.28) with a straight, Nine to King
Seat 3: Cornel Mihai folded before Flop (didn't bet)
Seat 4: bunes001 folded before Flop (didn't bet)
Seat 6: fhvty333432 (button) mucked [2h 2s]
Seat 9: meelo32 (small blind) folded before Flop



PokerStars Hand #231249817369:  Hold'em No Limit ($0.01/$0.02 USD) - 2021/11/08 14:07:31 PT [2021/11/08 17:07:31 ET]
Table 'Indus II' 9-max Seat #9 is the button
Seat 1: k . A_063 ($2.04 in chips) 
Seat 2: Dorex2007 ($3.39 in chips) 
Seat 3: Cornel Mihai ($0.69 in chips) 
Seat 4: bunes001 ($2.32 in chips) 
Seat 6: fhvty333432 ($0.25 in chips) 
Seat 9: meelo32 ($1.46 in chips) 
k . A_063: posts small blind $0.01
Dorex2007: posts big blind $0.02
Silv3r997: sits out 
*** HOLE CARDS ***
Dealt to Dorex2007 [2c 6s]
Cornel Mihai: folds 
bunes001: folds 
fhvty333432: calls $0.02
meelo32: calls $0.02
k . A_063: folds 
Silv3r997 leaves the table
Dorex2007: checks 
*** FLOP *** [Qd 7c 7s]
Dorex2007: checks 
fhvty333432: checks 
meelo32: bets $0.02
Dorex2007: folds 
fhvty333432: folds 
Uncalled bet ($0.02) returned to meelo32
meelo32 collected $0.07 from pot
meelo32: doesn't show hand 
*** SUMMARY ***
Total pot $0.07 | Rake $0 
Board [Qd 7c 7s]
Seat 1: k . A_063 (small blind) folded before Flop
Seat 2: Dorex2007 (big blind) folded on the Flop
Seat 3: Cornel Mihai folded before Flop (didn't bet)
Seat 4: bunes001 folded before Flop (didn't bet)
Seat 6: fhvty333432 folded on the Flop
Seat 9: meelo32 (button) collected ($0.07)



PokerStars Hand #231249830315:  Hold'em No Limit ($0.01/$0.02 USD) - 2021/11/08 14:07:59 PT [2021/11/08 17:07:59 ET]
Table 'Indus II' 9-max Seat #1 is the button
Seat 1: k . A_063 ($2.03 in chips) 
Seat 2: Dorex2007 ($3.37 in chips) 
Seat 3: Cornel Mihai ($0.69 in chips) 
Seat 4: bunes001 ($2.32 in chips) 
Seat 6: fhvty333432 ($0.23 in chips) 
Seat 9: meelo32 ($1.51 in chips) 
Dorex2007: posts small blind $0.01
Cornel Mihai: posts big blind $0.02
*** HOLE CARDS ***
Dealt to Dorex2007 [3s 8s]
bunes001 is disconnected 
Paganplayer80 leaves the table
bunes001 has timed out while being disconnected
bunes001: folds 
fhvty333432: raises $0.06 to $0.08
meelo32: folds 
k . A_063: folds 
Dorex2007: folds 
Cornel Mihai: folds 
Uncalled bet ($0.06) returned to fhvty333432
fhvty333432 collected $0.05 from pot
fhvty333432: doesn't show hand 
*** SUMMARY ***
Total pot $0.05 | Rake $0 
Seat 1: k . A_063 (button) folded before Flop (didn't bet)
Seat 2: Dorex2007 (small blind) folded before Flop
Seat 3: Cornel Mihai (big blind) folded before Flop
Seat 4: bunes001 folded before Flop (didn't bet)
Seat 6: fhvty333432 collected ($0.05)
Seat 9: meelo32 folded before Flop (didn't bet)



PokerStars Hand #231249845603:  Hold'em No Limit ($0.01/$0.02 USD) - 2021/11/08 14:08:32 PT [2021/11/08 17:08:32 ET]
Table 'Indus II' 9-max Seat #2 is the button
Seat 1: k . A_063 ($2.03 in chips) 
Seat 2: Dorex2007 ($3.36 in chips) 
Seat 3: Cornel Mihai ($0.67 in chips) 
Seat 6: fhvty333432 ($0.26 in chips) 
Seat 9: meelo32 ($1.51 in chips) 
Cornel Mihai: posts small blind $0.01
fhvty333432: posts big blind $0.02
*** HOLE CARDS ***
Dealt to Dorex2007 [9s 7d]
meelo32 has timed out
meelo32: folds 
k . A_063: folds 
Dorex2007: folds 
Cornel Mihai: folds 
Uncalled bet ($0.01) returned to fhvty333432
fhvty333432 collected $0.02 from pot
fhvty333432: doesn't show hand 
*** SUMMARY ***
Total pot $0.02 | Rake $0 
Seat 1: k . A_063 folded before Flop (didn't bet)
Seat 2: Dorex2007 (button) folded before Flop (didn't bet)
Seat 3: Cornel Mihai (small blind) folded before Flop
Seat 6: fhvty333432 (big blind) collected ($0.02)
Seat 9: meelo32 folded before Flop (didn't bet)



