PokerStars Hand #227380035313:  Hold'em No Limit ($0.01/$0.02 USD) - 2021/06/06 12:03:14 PT [2021/06/06 15:03:14 ET]
Table 'Preziosa II' 9-max Seat #1 is the button
Seat 1: mendel777 ($1.66 in chips) 
Seat 3: Noir.Tech ($2.07 in chips) 
Seat 4: MealDeals ($2.08 in chips) 
Seat 5: ptica4164 ($3.19 in chips) 
Seat 6: Sarcaaaasm ($1.97 in chips) 
Seat 8: Dorex2007 ($2 in chips) 
Noir.Tech: posts small blind $0.01
MealDeals: posts big blind $0.02
Dorex2007: posts big blind $0.02
lotojas: sits out 
*** HOLE CARDS ***
Dealt to Dorex2007 [Ad Qs]
ptica4164: folds 
Sarcaaaasm: folds 
Dorex2007: checks 
mendel777: folds 
Noir.Tech: raises $0.06 to $0.08
MealDeals: raises $0.18 to $0.26
Dorex2007: folds 
Noir.Tech: calls $0.18
*** FLOP *** [3d 3c 9h]
Noir.Tech: checks 
MealDeals: bets $0.26
Noir.Tech: folds 
Uncalled bet ($0.26) returned to MealDeals
MealDeals collected $0.52 from pot
MealDeals: doesn't show hand 
*** SUMMARY ***
Total pot $0.54 | Rake $0.02 
Board [3d 3c 9h]
Seat 1: mendel777 (button) folded before Flop (didn't bet)
Seat 3: Noir.Tech (small blind) folded on the Flop
Seat 4: MealDeals (big blind) collected ($0.52)
Seat 5: ptica4164 folded before Flop (didn't bet)
Seat 6: Sarcaaaasm folded before Flop (didn't bet)
Seat 8: Dorex2007 folded before Flop (didn't bet)



PokerStars Hand #227380065840:  Hold'em No Limit ($0.01/$0.02 USD) - 2021/06/06 12:04:06 PT [2021/06/06 15:04:06 ET]
Table 'Preziosa II' 9-max Seat #3 is the button
Seat 1: mendel777 ($1.66 in chips) 
Seat 3: Noir.Tech ($1.81 in chips) 
Seat 4: MealDeals ($2.34 in chips) 
Seat 5: ptica4164 ($3.19 in chips) 
Seat 6: Sarcaaaasm ($1.97 in chips) 
Seat 8: Dorex2007 ($1.98 in chips) 
MealDeals: posts small blind $0.01
ptica4164: posts big blind $0.02
lotojas: sits out 
psbrets: sits out 
*** HOLE CARDS ***
Dealt to Dorex2007 [Qh 9d]
Sarcaaaasm: folds 
Dorex2007: folds 
mendel777: folds 
Noir.Tech: folds 
MealDeals: folds 
Uncalled bet ($0.01) returned to ptica4164
ptica4164 collected $0.02 from pot
ptica4164: doesn't show hand 
*** SUMMARY ***
Total pot $0.02 | Rake $0 
Seat 1: mendel777 folded before Flop (didn't bet)
Seat 3: Noir.Tech (button) folded before Flop (didn't bet)
Seat 4: MealDeals (small blind) folded before Flop
Seat 5: ptica4164 (big blind) collected ($0.02)
Seat 6: Sarcaaaasm folded before Flop (didn't bet)
Seat 8: Dorex2007 folded before Flop (didn't bet)



PokerStars Hand #227380072029:  Hold'em No Limit ($0.01/$0.02 USD) - 2021/06/06 12:04:16 PT [2021/06/06 15:04:16 ET]
Table 'Preziosa II' 9-max Seat #4 is the button
Seat 1: mendel777 ($1.66 in chips) 
Seat 3: Noir.Tech ($1.81 in chips) 
Seat 4: MealDeals ($2.33 in chips) 
Seat 5: ptica4164 ($3.20 in chips) 
Seat 6: Sarcaaaasm ($1.97 in chips) 
Seat 8: Dorex2007 ($1.98 in chips) 
ptica4164: posts small blind $0.01
Sarcaaaasm: posts big blind $0.02
lotojas: sits out 
psbrets: sits out 
*** HOLE CARDS ***
Dealt to Dorex2007 [Ks 7c]
Dorex2007: folds 
mendel777: folds 
Noir.Tech: folds 
Belchior1485 joins the table at seat #7 
MealDeals: raises $0.04 to $0.06
ptica4164: folds 
Sarcaaaasm: folds 
Uncalled bet ($0.04) returned to MealDeals
MealDeals collected $0.05 from pot
MealDeals: doesn't show hand 
*** SUMMARY ***
Total pot $0.05 | Rake $0 
Seat 1: mendel777 folded before Flop (didn't bet)
Seat 3: Noir.Tech folded before Flop (didn't bet)
Seat 4: MealDeals (button) collected ($0.05)
Seat 5: ptica4164 (small blind) folded before Flop
Seat 6: Sarcaaaasm (big blind) folded before Flop
Seat 8: Dorex2007 folded before Flop (didn't bet)



PokerStars Hand #227380082035:  Hold'em No Limit ($0.01/$0.02 USD) - 2021/06/06 12:04:33 PT [2021/06/06 15:04:33 ET]
Table 'Preziosa II' 9-max Seat #5 is the button
Seat 1: mendel777 ($1.66 in chips) 
Seat 3: Noir.Tech ($1.81 in chips) 
Seat 4: MealDeals ($2.36 in chips) 
Seat 5: ptica4164 ($3.19 in chips) 
Seat 6: Sarcaaaasm ($1.95 in chips) 
Seat 7: Belchior1485 ($1.60 in chips) 
Seat 8: Dorex2007 ($1.98 in chips) 
Sarcaaaasm: posts small blind $0.01
Belchior1485: posts big blind $0.02
lotojas: sits out 
psbrets: sits out 
*** HOLE CARDS ***
Dealt to Dorex2007 [Ks As]
Dorex2007: raises $0.04 to $0.06
mendel777: folds 
Noir.Tech: folds 
MealDeals: folds 
ptica4164: raises $0.12 to $0.18
Sarcaaaasm: folds 
Belchior1485: folds 
Dorex2007: calls $0.12
*** FLOP *** [6h 8d 6c]
Dorex2007: checks 
ptica4164: bets $0.20
Dorex2007: calls $0.20
*** TURN *** [6h 8d 6c] [3d]
Dorex2007: checks 
ptica4164: checks 
*** RIVER *** [6h 8d 6c 3d] [9d]
Dorex2007: bets $0.76
ptica4164: calls $0.76
*** SHOW DOWN ***
Dorex2007: shows [Ks As] (a pair of Sixes)
ptica4164: shows [Ad Ah] (two pair, Aces and Sixes)
ptica4164 collected $2.23 from pot
*** SUMMARY ***
Total pot $2.31 | Rake $0.08 
Board [6h 8d 6c 3d 9d]
Seat 1: mendel777 folded before Flop (didn't bet)
Seat 3: Noir.Tech folded before Flop (didn't bet)
Seat 4: MealDeals folded before Flop (didn't bet)
Seat 5: ptica4164 (button) showed [Ad Ah] and won ($2.23) with two pair, Aces and Sixes
Seat 6: Sarcaaaasm (small blind) folded before Flop
Seat 7: Belchior1485 (big blind) folded before Flop
Seat 8: Dorex2007 showed [Ks As] and lost with a pair of Sixes



PokerStars Hand #227380123664:  Hold'em No Limit ($0.01/$0.02 USD) - 2021/06/06 12:05:40 PT [2021/06/06 15:05:40 ET]
Table 'Preziosa II' 9-max Seat #6 is the button
Seat 1: mendel777 ($1.66 in chips) 
Seat 3: Noir.Tech ($1.81 in chips) 
Seat 4: MealDeals ($2.36 in chips) 
Seat 5: ptica4164 ($4.28 in chips) 
Seat 6: Sarcaaaasm ($1.94 in chips) 
Seat 7: Belchior1485 ($1.58 in chips) 
Seat 8: Dorex2007 ($0.84 in chips) 
Belchior1485: posts small blind $0.01
Dorex2007: posts big blind $0.02
lotojas: sits out 
psbrets: sits out 
*** HOLE CARDS ***
Dealt to Dorex2007 [9d Qh]
mendel777: folds 
Noir.Tech: folds 
MealDeals: folds 
ptica4164: folds 
Sarcaaaasm: folds 
Belchior1485: calls $0.01
Dorex2007: checks 
*** FLOP *** [Qs 5c 2h]
Belchior1485: checks 
Dorex2007: checks 
*** TURN *** [Qs 5c 2h] [Kd]
Belchior1485: checks 
Dorex2007: checks 
*** RIVER *** [Qs 5c 2h Kd] [Kh]
Belchior1485: checks 
Dorex2007: checks 
*** SHOW DOWN ***
Belchior1485: shows [6s 5d] (two pair, Kings and Fives)
Dorex2007: shows [9d Qh] (two pair, Kings and Queens)
Dorex2007 collected $0.04 from pot
*** SUMMARY ***
Total pot $0.04 | Rake $0 
Board [Qs 5c 2h Kd Kh]
Seat 1: mendel777 folded before Flop (didn't bet)
Seat 3: Noir.Tech folded before Flop (didn't bet)
Seat 4: MealDeals folded before Flop (didn't bet)
Seat 5: ptica4164 folded before Flop (didn't bet)
Seat 6: Sarcaaaasm (button) folded before Flop (didn't bet)
Seat 7: Belchior1485 (small blind) showed [6s 5d] and lost with two pair, Kings and Fives
Seat 8: Dorex2007 (big blind) showed [9d Qh] and won ($0.04) with two pair, Kings and Queens



PokerStars Hand #227380141086:  Hold'em No Limit ($0.01/$0.02 USD) - 2021/06/06 12:06:07 PT [2021/06/06 15:06:07 ET]
Table 'Preziosa II' 9-max Seat #7 is the button
Seat 1: mendel777 ($1.66 in chips) 
Seat 3: Noir.Tech ($1.81 in chips) 
Seat 4: MealDeals ($2.36 in chips) 
Seat 5: ptica4164 ($4.28 in chips) 
Seat 6: Sarcaaaasm ($1.94 in chips) 
Seat 7: Belchior1485 ($1.56 in chips) 
Seat 8: Dorex2007 ($1.66 in chips) 
Seat 9: lotojas ($2 in chips) 
Dorex2007: posts small blind $0.01
lotojas: posts big blind $0.02
psbrets: sits out 
*** HOLE CARDS ***
Dealt to Dorex2007 [As Jh]
mendel777: folds 
Noir.Tech: folds 
MealDeals: folds 
ptica4164: folds 
Sarcaaaasm: folds 
Belchior1485: folds 
Dorex2007: raises $0.04 to $0.06
lotojas: folds 
Uncalled bet ($0.04) returned to Dorex2007
Dorex2007 collected $0.04 from pot
Dorex2007: doesn't show hand 
*** SUMMARY ***
Total pot $0.04 | Rake $0 
Seat 1: mendel777 folded before Flop (didn't bet)
Seat 3: Noir.Tech folded before Flop (didn't bet)
Seat 4: MealDeals folded before Flop (didn't bet)
Seat 5: ptica4164 folded before Flop (didn't bet)
Seat 6: Sarcaaaasm folded before Flop (didn't bet)
Seat 7: Belchior1485 (button) folded before Flop (didn't bet)
Seat 8: Dorex2007 (small blind) collected ($0.04)
Seat 9: lotojas (big blind) folded before Flop



PokerStars Hand #227380152317:  Hold'em No Limit ($0.01/$0.02 USD) - 2021/06/06 12:06:25 PT [2021/06/06 15:06:25 ET]
Table 'Preziosa II' 9-max Seat #8 is the button
Seat 1: mendel777 ($1.66 in chips) 
Seat 3: Noir.Tech ($1.81 in chips) 
Seat 4: MealDeals ($2.36 in chips) 
Seat 5: ptica4164 ($4.28 in chips) 
Seat 6: Sarcaaaasm ($1.94 in chips) 
Seat 7: Belchior1485 ($1.56 in chips) 
Seat 8: Dorex2007 ($1.68 in chips) 
Seat 9: lotojas ($2 in chips) 
lotojas: posts small blind $0.01
mendel777: posts big blind $0.02
psbrets: sits out 
*** HOLE CARDS ***
Dealt to Dorex2007 [7h Ks]
Noir.Tech: folds 
MealDeals: folds 
ptica4164: folds 
Sarcaaaasm: folds 
Belchior1485: raises $0.04 to $0.06
Dorex2007: folds 
lotojas: folds 
mendel777: folds 
Uncalled bet ($0.04) returned to Belchior1485
Belchior1485 collected $0.05 from pot
Belchior1485: doesn't show hand 
*** SUMMARY ***
Total pot $0.05 | Rake $0 
Seat 1: mendel777 (big blind) folded before Flop
Seat 3: Noir.Tech folded before Flop (didn't bet)
Seat 4: MealDeals folded before Flop (didn't bet)
Seat 5: ptica4164 folded before Flop (didn't bet)
Seat 6: Sarcaaaasm folded before Flop (didn't bet)
Seat 7: Belchior1485 collected ($0.05)
Seat 8: Dorex2007 (button) folded before Flop (didn't bet)
Seat 9: lotojas (small blind) folded before Flop



PokerStars Hand #227380167963:  Hold'em No Limit ($0.01/$0.02 USD) - 2021/06/06 12:06:49 PT [2021/06/06 15:06:49 ET]
Table 'Preziosa II' 9-max Seat #9 is the button
Seat 1: mendel777 ($1.64 in chips) 
Seat 2: psbrets ($2 in chips) 
Seat 3: Noir.Tech ($1.81 in chips) 
Seat 4: MealDeals ($2.36 in chips) 
Seat 5: ptica4164 ($4.28 in chips) 
Seat 6: Sarcaaaasm ($1.94 in chips) 
Seat 7: Belchior1485 ($1.59 in chips) 
Seat 8: Dorex2007 ($1.68 in chips) 
Seat 9: lotojas ($2 in chips) 
mendel777: posts small blind $0.01
psbrets: posts big blind $0.02
*** HOLE CARDS ***
Dealt to Dorex2007 [Ad 3d]
Noir.Tech: folds 
MealDeals: folds 
ptica4164: calls $0.02
Sarcaaaasm: folds 
Belchior1485: folds 
Dorex2007: raises $0.02 to $0.04
lotojas: folds 
mendel777: folds 
psbrets: calls $0.02
ptica4164: calls $0.02
*** FLOP *** [Ks 9h 3s]
psbrets: checks 
ptica4164: checks 
Dorex2007: checks 
*** TURN *** [Ks 9h 3s] [6d]
psbrets: checks 
ptica4164: checks 
Dorex2007: checks 
*** RIVER *** [Ks 9h 3s 6d] [7s]
psbrets: checks 
ptica4164: checks 
Dorex2007: checks 
*** SHOW DOWN ***
psbrets: shows [2h Ah] (high card Ace)
ptica4164: mucks hand 
Dorex2007: shows [Ad 3d] (a pair of Threes)
Dorex2007 collected $0.13 from pot
*** SUMMARY ***
Total pot $0.13 | Rake $0 
Board [Ks 9h 3s 6d 7s]
Seat 1: mendel777 (small blind) folded before Flop
Seat 2: psbrets (big blind) showed [2h Ah] and lost with high card Ace
Seat 3: Noir.Tech folded before Flop (didn't bet)
Seat 4: MealDeals folded before Flop (didn't bet)
Seat 5: ptica4164 mucked [Td Jd]
Seat 6: Sarcaaaasm folded before Flop (didn't bet)
Seat 7: Belchior1485 folded before Flop (didn't bet)
Seat 8: Dorex2007 showed [Ad 3d] and won ($0.13) with a pair of Threes
Seat 9: lotojas (button) folded before Flop (didn't bet)



PokerStars Hand #227380191596:  Hold'em No Limit ($0.01/$0.02 USD) - 2021/06/06 12:07:27 PT [2021/06/06 15:07:27 ET]
Table 'Preziosa II' 9-max Seat #1 is the button
Seat 1: mendel777 ($1.63 in chips) 
Seat 2: psbrets ($2 in chips) 
Seat 3: Noir.Tech ($1.81 in chips) 
Seat 4: MealDeals ($2.36 in chips) 
Seat 5: ptica4164 ($4.24 in chips) 
Seat 6: Sarcaaaasm ($1.94 in chips) 
Seat 7: Belchior1485 ($1.59 in chips) 
Seat 8: Dorex2007 ($1.77 in chips) 
Seat 9: lotojas ($2 in chips) 
psbrets: posts small blind $0.01
Noir.Tech: posts big blind $0.02
*** HOLE CARDS ***
Dealt to Dorex2007 [Jc 4d]
MealDeals: folds 
ptica4164: folds 
Sarcaaaasm: folds 
Belchior1485: folds 
Dorex2007: folds 
lotojas: folds 
mendel777: folds 
psbrets: folds 
Uncalled bet ($0.01) returned to Noir.Tech
Noir.Tech collected $0.02 from pot
Noir.Tech: doesn't show hand 
*** SUMMARY ***
Total pot $0.02 | Rake $0 
Seat 1: mendel777 (button) folded before Flop (didn't bet)
Seat 2: psbrets (small blind) folded before Flop
Seat 3: Noir.Tech (big blind) collected ($0.02)
Seat 4: MealDeals folded before Flop (didn't bet)
Seat 5: ptica4164 folded before Flop (didn't bet)
Seat 6: Sarcaaaasm folded before Flop (didn't bet)
Seat 7: Belchior1485 folded before Flop (didn't bet)
Seat 8: Dorex2007 folded before Flop (didn't bet)
Seat 9: lotojas folded before Flop (didn't bet)



PokerStars Hand #227380202807:  Hold'em No Limit ($0.01/$0.02 USD) - 2021/06/06 12:07:45 PT [2021/06/06 15:07:45 ET]
Table 'Preziosa II' 9-max Seat #2 is the button
Seat 1: mendel777 ($1.63 in chips) 
Seat 2: psbrets ($2 in chips) 
Seat 3: Noir.Tech ($1.82 in chips) 
Seat 4: MealDeals ($2.36 in chips) 
Seat 5: ptica4164 ($4.24 in chips) 
Seat 6: Sarcaaaasm ($1.94 in chips) 
Seat 7: Belchior1485 ($1.59 in chips) 
Seat 8: Dorex2007 ($1.77 in chips) 
Seat 9: lotojas ($2 in chips) 
Noir.Tech: posts small blind $0.01
MealDeals: posts big blind $0.02
*** HOLE CARDS ***
Dealt to Dorex2007 [Qh Jd]
ptica4164: folds 
Sarcaaaasm: folds 
Belchior1485: folds 
Dorex2007: folds 
lotojas: folds 
mendel777: folds 
psbrets: folds 
Noir.Tech: folds 
Uncalled bet ($0.01) returned to MealDeals
MealDeals collected $0.02 from pot
MealDeals: doesn't show hand 
*** SUMMARY ***
Total pot $0.02 | Rake $0 
Seat 1: mendel777 folded before Flop (didn't bet)
Seat 2: psbrets (button) folded before Flop (didn't bet)
Seat 3: Noir.Tech (small blind) folded before Flop
Seat 4: MealDeals (big blind) collected ($0.02)
Seat 5: ptica4164 folded before Flop (didn't bet)
Seat 6: Sarcaaaasm folded before Flop (didn't bet)
Seat 7: Belchior1485 folded before Flop (didn't bet)
Seat 8: Dorex2007 folded before Flop (didn't bet)
Seat 9: lotojas folded before Flop (didn't bet)



PokerStars Hand #227380211922:  Hold'em No Limit ($0.01/$0.02 USD) - 2021/06/06 12:07:59 PT [2021/06/06 15:07:59 ET]
Table 'Preziosa II' 9-max Seat #3 is the button
Seat 1: mendel777 ($1.63 in chips) 
Seat 2: psbrets ($2 in chips) 
Seat 3: Noir.Tech ($1.81 in chips) 
Seat 4: MealDeals ($2.37 in chips) 
Seat 5: ptica4164 ($4.24 in chips) 
Seat 6: Sarcaaaasm ($1.94 in chips) 
Seat 7: Belchior1485 ($1.59 in chips) 
Seat 8: Dorex2007 ($1.77 in chips) 
Seat 9: lotojas ($2 in chips) 
MealDeals: posts small blind $0.01
ptica4164: posts big blind $0.02
*** HOLE CARDS ***
Dealt to Dorex2007 [5c 3h]
Sarcaaaasm: folds 
Belchior1485: folds 
Dorex2007: folds 
lotojas: folds 
mendel777: raises $0.04 to $0.06
psbrets: folds 
Noir.Tech: folds 
MealDeals: folds 
ptica4164: folds 
Uncalled bet ($0.04) returned to mendel777
mendel777 collected $0.05 from pot
mendel777: doesn't show hand 
*** SUMMARY ***
Total pot $0.05 | Rake $0 
Seat 1: mendel777 collected ($0.05)
Seat 2: psbrets folded before Flop (didn't bet)
Seat 3: Noir.Tech (button) folded before Flop (didn't bet)
Seat 4: MealDeals (small blind) folded before Flop
Seat 5: ptica4164 (big blind) folded before Flop
Seat 6: Sarcaaaasm folded before Flop (didn't bet)
Seat 7: Belchior1485 folded before Flop (didn't bet)
Seat 8: Dorex2007 folded before Flop (didn't bet)
Seat 9: lotojas folded before Flop (didn't bet)



PokerStars Hand #227380222872:  Hold'em No Limit ($0.01/$0.02 USD) - 2021/06/06 12:08:16 PT [2021/06/06 15:08:16 ET]
Table 'Preziosa II' 9-max Seat #4 is the button
Seat 1: mendel777 ($1.66 in chips) 
Seat 2: psbrets ($2 in chips) 
Seat 3: Noir.Tech ($1.81 in chips) 
Seat 4: MealDeals ($2.36 in chips) 
Seat 5: ptica4164 ($4.22 in chips) 
Seat 6: Sarcaaaasm ($1.94 in chips) 
Seat 7: Belchior1485 ($1.59 in chips) 
Seat 8: Dorex2007 ($1.77 in chips) 
Seat 9: lotojas ($2 in chips) 
ptica4164: posts small blind $0.01
Sarcaaaasm: posts big blind $0.02
*** HOLE CARDS ***
Dealt to Dorex2007 [Kh 9c]
Belchior1485: folds 
Dorex2007: folds 
lotojas: folds 
mendel777: folds 
psbrets: folds 
Noir.Tech: folds 
MealDeals: folds 
ptica4164: calls $0.01
Sarcaaaasm: checks 
*** FLOP *** [6h 5c 3h]
ptica4164: checks 
Sarcaaaasm: checks 
*** TURN *** [6h 5c 3h] [Js]
ptica4164: checks 
Sarcaaaasm: checks 
*** RIVER *** [6h 5c 3h Js] [Jc]
ptica4164: checks 
Sarcaaaasm: checks 
*** SHOW DOWN ***
ptica4164: shows [Qh 8h] (a pair of Jacks)
Sarcaaaasm: shows [3c Kd] (two pair, Jacks and Threes)
Sarcaaaasm collected $0.04 from pot
*** SUMMARY ***
Total pot $0.04 | Rake $0 
Board [6h 5c 3h Js Jc]
Seat 1: mendel777 folded before Flop (didn't bet)
Seat 2: psbrets folded before Flop (didn't bet)
Seat 3: Noir.Tech folded before Flop (didn't bet)
Seat 4: MealDeals (button) folded before Flop (didn't bet)
Seat 5: ptica4164 (small blind) showed [Qh 8h] and lost with a pair of Jacks
Seat 6: Sarcaaaasm (big blind) showed [3c Kd] and won ($0.04) with two pair, Jacks and Threes
Seat 7: Belchior1485 folded before Flop (didn't bet)
Seat 8: Dorex2007 folded before Flop (didn't bet)
Seat 9: lotojas folded before Flop (didn't bet)



PokerStars Hand #227380267431:  Hold'em No Limit ($0.01/$0.02 USD) - 2021/06/06 12:09:15 PT [2021/06/06 15:09:15 ET]
Table 'Preziosa II' 9-max Seat #5 is the button
Seat 1: mendel777 ($1.66 in chips) 
Seat 2: psbrets ($2 in chips) 
Seat 3: Noir.Tech ($1.81 in chips) 
Seat 4: MealDeals ($2.36 in chips) 
Seat 5: ptica4164 ($4.20 in chips) 
Seat 6: Sarcaaaasm ($1.96 in chips) 
Seat 7: Belchior1485 ($1.59 in chips) 
Seat 8: Dorex2007 ($1.77 in chips) 
Seat 9: lotojas ($2 in chips) 
Sarcaaaasm: posts small blind $0.01
Belchior1485: posts big blind $0.02
*** HOLE CARDS ***
Dealt to Dorex2007 [8h Jc]
Dorex2007: folds 
lotojas: folds 
mendel777: folds 
psbrets: raises $0.04 to $0.06
Noir.Tech: folds 
MealDeals: folds 
ptica4164: folds 
Sarcaaaasm: folds 
Belchior1485: folds 
Uncalled bet ($0.04) returned to psbrets
psbrets collected $0.05 from pot
psbrets: doesn't show hand 
*** SUMMARY ***
Total pot $0.05 | Rake $0 
Seat 1: mendel777 folded before Flop (didn't bet)
Seat 2: psbrets collected ($0.05)
Seat 3: Noir.Tech folded before Flop (didn't bet)
Seat 4: MealDeals folded before Flop (didn't bet)
Seat 5: ptica4164 (button) folded before Flop (didn't bet)
Seat 6: Sarcaaaasm (small blind) folded before Flop
Seat 7: Belchior1485 (big blind) folded before Flop
Seat 8: Dorex2007 folded before Flop (didn't bet)
Seat 9: lotojas folded before Flop (didn't bet)



PokerStars Hand #227380298684:  Hold'em No Limit ($0.01/$0.02 USD) - 2021/06/06 12:10:05 PT [2021/06/06 15:10:05 ET]
Table 'Preziosa II' 9-max Seat #6 is the button
Seat 1: mendel777 ($1.66 in chips) 
Seat 2: psbrets ($2.03 in chips) 
Seat 3: Noir.Tech ($1.81 in chips) 
Seat 4: MealDeals ($2.36 in chips) 
Seat 5: ptica4164 ($4.20 in chips) 
Seat 6: Sarcaaaasm ($1.95 in chips) 
Seat 7: Belchior1485 ($1.57 in chips) 
Seat 8: Dorex2007 ($1.77 in chips) 
Seat 9: lotojas ($2 in chips) 
Belchior1485: posts small blind $0.01
Dorex2007: posts big blind $0.02
*** HOLE CARDS ***
Dealt to Dorex2007 [6c Kd]
lotojas: folds 
mendel777: folds 
psbrets: folds 
Noir.Tech: folds 
MealDeals: folds 
ptica4164: calls $0.02
Sarcaaaasm: folds 
Belchior1485: calls $0.01
Dorex2007: checks 
*** FLOP *** [Qs 3d 8d]
Belchior1485: checks 
Dorex2007: checks 
ptica4164: checks 
*** TURN *** [Qs 3d 8d] [9d]
Belchior1485: checks 
Dorex2007: checks 
ptica4164: bets $0.04
Belchior1485: folds 
Dorex2007: calls $0.04
*** RIVER *** [Qs 3d 8d 9d] [5h]
Dorex2007: checks 
ptica4164: checks 
*** SHOW DOWN ***
Dorex2007: shows [6c Kd] (high card King)
ptica4164: shows [Jc 9c] (a pair of Nines)
ptica4164 collected $0.14 from pot
*** SUMMARY ***
Total pot $0.14 | Rake $0 
Board [Qs 3d 8d 9d 5h]
Seat 1: mendel777 folded before Flop (didn't bet)
Seat 2: psbrets folded before Flop (didn't bet)
Seat 3: Noir.Tech folded before Flop (didn't bet)
Seat 4: MealDeals folded before Flop (didn't bet)
Seat 5: ptica4164 showed [Jc 9c] and won ($0.14) with a pair of Nines
Seat 6: Sarcaaaasm (button) folded before Flop (didn't bet)
Seat 7: Belchior1485 (small blind) folded on the Turn
Seat 8: Dorex2007 (big blind) showed [6c Kd] and lost with high card King
Seat 9: lotojas folded before Flop (didn't bet)



PokerStars Hand #227380355168:  Hold'em No Limit ($0.01/$0.02 USD) - 2021/06/06 12:11:26 PT [2021/06/06 15:11:26 ET]
Table 'Preziosa II' 9-max Seat #7 is the button
Seat 1: mendel777 ($1.66 in chips) 
Seat 2: psbrets ($2.03 in chips) 
Seat 3: Noir.Tech ($1.81 in chips) 
Seat 4: MealDeals ($2.36 in chips) 
Seat 5: ptica4164 ($4.28 in chips) 
Seat 6: Sarcaaaasm ($1.95 in chips) 
Seat 7: Belchior1485 ($1.55 in chips) 
Seat 8: Dorex2007 ($1.71 in chips) 
Seat 9: lotojas ($2 in chips) 
Dorex2007: posts small blind $0.01
lotojas: posts big blind $0.02
*** HOLE CARDS ***
Dealt to Dorex2007 [Kh Jh]
mendel777: folds 
psbrets: folds 
Noir.Tech: raises $0.02 to $0.04
MealDeals: folds 
ptica4164: calls $0.04
Sarcaaaasm: folds 
Belchior1485: calls $0.04
Dorex2007: calls $0.03
lotojas: folds 
*** FLOP *** [4d Th 8d]
Dorex2007: checks 
Noir.Tech: bets $0.09
ptica4164: folds 
Belchior1485: folds 
Dorex2007: folds 
Uncalled bet ($0.09) returned to Noir.Tech
Noir.Tech collected $0.17 from pot
Noir.Tech: doesn't show hand 
*** SUMMARY ***
Total pot $0.18 | Rake $0.01 
Board [4d Th 8d]
Seat 1: mendel777 folded before Flop (didn't bet)
Seat 2: psbrets folded before Flop (didn't bet)
Seat 3: Noir.Tech collected ($0.17)
Seat 4: MealDeals folded before Flop (didn't bet)
Seat 5: ptica4164 folded on the Flop
Seat 6: Sarcaaaasm folded before Flop (didn't bet)
Seat 7: Belchior1485 (button) folded on the Flop
Seat 8: Dorex2007 (small blind) folded on the Flop
Seat 9: lotojas (big blind) folded before Flop



PokerStars Hand #227380380790:  Hold'em No Limit ($0.01/$0.02 USD) - 2021/06/06 12:12:06 PT [2021/06/06 15:12:06 ET]
Table 'Preziosa II' 9-max Seat #8 is the button
Seat 1: mendel777 ($1.66 in chips) 
Seat 2: psbrets ($2.03 in chips) 
Seat 3: Noir.Tech ($1.94 in chips) 
Seat 4: MealDeals ($2.36 in chips) 
Seat 5: ptica4164 ($4.24 in chips) 
Seat 6: Sarcaaaasm ($1.95 in chips) 
Seat 7: Belchior1485 ($1.51 in chips) 
Seat 8: Dorex2007 ($1.67 in chips) 
Seat 9: lotojas ($2 in chips) 
lotojas: posts small blind $0.01
mendel777: posts big blind $0.02
*** HOLE CARDS ***
Dealt to Dorex2007 [6s Kd]
psbrets: folds 
Noir.Tech: folds 
MealDeals: folds 
ptica4164: folds 
Sarcaaaasm: folds 
Belchior1485: folds 
Dorex2007: folds 
lotojas: folds 
Uncalled bet ($0.01) returned to mendel777
mendel777 collected $0.02 from pot
mendel777: doesn't show hand 
*** SUMMARY ***
Total pot $0.02 | Rake $0 
Seat 1: mendel777 (big blind) collected ($0.02)
Seat 2: psbrets folded before Flop (didn't bet)
Seat 3: Noir.Tech folded before Flop (didn't bet)
Seat 4: MealDeals folded before Flop (didn't bet)
Seat 5: ptica4164 folded before Flop (didn't bet)
Seat 6: Sarcaaaasm folded before Flop (didn't bet)
Seat 7: Belchior1485 folded before Flop (didn't bet)
Seat 8: Dorex2007 (button) folded before Flop (didn't bet)
Seat 9: lotojas (small blind) folded before Flop



PokerStars Hand #227380396269:  Hold'em No Limit ($0.01/$0.02 USD) - 2021/06/06 12:12:31 PT [2021/06/06 15:12:31 ET]
Table 'Preziosa II' 9-max Seat #9 is the button
Seat 1: mendel777 ($1.67 in chips) 
Seat 2: psbrets ($2.03 in chips) 
Seat 3: Noir.Tech ($1.94 in chips) 
Seat 4: MealDeals ($2.36 in chips) 
Seat 5: ptica4164 ($4.24 in chips) 
Seat 6: Sarcaaaasm ($1.95 in chips) 
Seat 7: Belchior1485 ($1.51 in chips) 
Seat 8: Dorex2007 ($1.67 in chips) 
Seat 9: lotojas ($2 in chips) 
mendel777: posts small blind $0.01
psbrets: posts big blind $0.02
*** HOLE CARDS ***
Dealt to Dorex2007 [7d 2c]
Noir.Tech: folds 
MealDeals has timed out
MealDeals: folds 
ptica4164: calls $0.02
Sarcaaaasm: folds 
Belchior1485: folds 
Dorex2007: folds 
lotojas: folds 
mendel777: folds 
psbrets: checks 
*** FLOP *** [3s 3h Kd]
psbrets: checks 
ptica4164: checks 
*** TURN *** [3s 3h Kd] [As]
psbrets: checks 
ptica4164: checks 
*** RIVER *** [3s 3h Kd As] [9h]
psbrets: checks 
ptica4164: checks 
*** SHOW DOWN ***
psbrets: shows [9c Ts] (two pair, Nines and Threes)
ptica4164: mucks hand 
psbrets collected $0.05 from pot
*** SUMMARY ***
Total pot $0.05 | Rake $0 
Board [3s 3h Kd As 9h]
Seat 1: mendel777 (small blind) folded before Flop
Seat 2: psbrets (big blind) showed [9c Ts] and won ($0.05) with two pair, Nines and Threes
Seat 3: Noir.Tech folded before Flop (didn't bet)
Seat 4: MealDeals folded before Flop (didn't bet)
Seat 5: ptica4164 mucked [Td Jc]
Seat 6: Sarcaaaasm folded before Flop (didn't bet)
Seat 7: Belchior1485 folded before Flop (didn't bet)
Seat 8: Dorex2007 folded before Flop (didn't bet)
Seat 9: lotojas (button) folded before Flop (didn't bet)



PokerStars Hand #227380428304:  Hold'em No Limit ($0.01/$0.02 USD) - 2021/06/06 12:13:22 PT [2021/06/06 15:13:22 ET]
Table 'Preziosa II' 9-max Seat #1 is the button
Seat 1: mendel777 ($1.66 in chips) 
Seat 2: psbrets ($2.06 in chips) 
Seat 3: Noir.Tech ($1.94 in chips) 
Seat 4: MealDeals ($2.36 in chips) 
Seat 5: ptica4164 ($4.22 in chips) 
Seat 6: Sarcaaaasm ($1.95 in chips) 
Seat 7: Belchior1485 ($1.51 in chips) 
Seat 8: Dorex2007 ($1.67 in chips) 
Seat 9: lotojas ($2 in chips) 
psbrets: posts small blind $0.01
Noir.Tech: posts big blind $0.02
*** HOLE CARDS ***
Dealt to Dorex2007 [9c 3c]
MealDeals: folds 
ptica4164: folds 
Sarcaaaasm: raises $0.02 to $0.04
Belchior1485: calls $0.04
Dorex2007: folds 
lotojas: folds 
mendel777: raises $0.15 to $0.19
psbrets: folds 
Noir.Tech: folds 
Sarcaaaasm: folds 
Belchior1485: calls $0.15
*** FLOP *** [9d Ts 7d]
Belchior1485: checks 
mendel777: bets $0.28
Belchior1485: calls $0.28
*** TURN *** [9d Ts 7d] [4d]
Belchior1485: checks 
mendel777: checks 
*** RIVER *** [9d Ts 7d 4d] [6h]
Belchior1485: bets $0.97
mendel777: calls $0.97
*** SHOW DOWN ***
Belchior1485: shows [8h Qh] (a straight, Six to Ten)
mendel777: mucks hand 
Belchior1485 collected $2.85 from pot
*** SUMMARY ***
Total pot $2.95 | Rake $0.10 
Board [9d Ts 7d 4d 6h]
Seat 1: mendel777 (button) mucked [Jd Jc]
Seat 2: psbrets (small blind) folded before Flop
Seat 3: Noir.Tech (big blind) folded before Flop
Seat 4: MealDeals folded before Flop (didn't bet)
Seat 5: ptica4164 folded before Flop (didn't bet)
Seat 6: Sarcaaaasm folded before Flop
Seat 7: Belchior1485 showed [8h Qh] and won ($2.85) with a straight, Six to Ten
Seat 8: Dorex2007 folded before Flop (didn't bet)
Seat 9: lotojas folded before Flop (didn't bet)



PokerStars Hand #227380466828:  Hold'em No Limit ($0.01/$0.02 USD) - 2021/06/06 12:14:23 PT [2021/06/06 15:14:23 ET]
Table 'Preziosa II' 9-max Seat #2 is the button
Seat 1: mendel777 ($1.60 in chips) 
Seat 2: psbrets ($2.05 in chips) 
Seat 3: Noir.Tech ($1.92 in chips) 
Seat 4: MealDeals ($2.36 in chips) 
Seat 5: ptica4164 ($4.22 in chips) 
Seat 6: Sarcaaaasm ($1.91 in chips) 
Seat 7: Belchior1485 ($2.92 in chips) 
Seat 8: Dorex2007 ($1.67 in chips) 
Seat 9: lotojas ($2 in chips) 
Noir.Tech: posts small blind $0.01
MealDeals: posts big blind $0.02
*** HOLE CARDS ***
Dealt to Dorex2007 [7s 4c]
ptica4164: folds 
Sarcaaaasm: folds 
Belchior1485: folds 
Dorex2007: folds 
Belchior1485 leaves the table
lotojas: folds 
letsg0fishin joins the table at seat #7 
mendel777: raises $0.04 to $0.06
psbrets: folds 
Noir.Tech: folds 
MealDeals: raises $0.12 to $0.18
mendel777: calls $0.12
*** FLOP *** [2d Ts Jc]
ptica4164 leaves the table
MealDeals: bets $0.18
letsg0fishin leaves the table
mendel777: calls $0.18
*** TURN *** [2d Ts Jc] [9d]
MealDeals: bets $0.35
Mr. Bummbum joins the table at seat #5 
mendel777: raises $0.35 to $0.70
lomini joins the table at seat #7 
MealDeals: calls $0.35
*** RIVER *** [2d Ts Jc 9d] [6h]
MealDeals: checks 
mendel777: bets $0.54 and is all-in
MealDeals: calls $0.54
*** SHOW DOWN ***
mendel777: shows [Kc Qd] (a straight, Nine to King)
MealDeals: shows [Kd Ks] (a pair of Kings)
mendel777 collected $3.10 from pot
*** SUMMARY ***
Total pot $3.21 | Rake $0.11 
Board [2d Ts Jc 9d 6h]
Seat 1: mendel777 showed [Kc Qd] and won ($3.10) with a straight, Nine to King
Seat 2: psbrets (button) folded before Flop (didn't bet)
Seat 3: Noir.Tech (small blind) folded before Flop
Seat 4: MealDeals (big blind) showed [Kd Ks] and lost with a pair of Kings
Seat 5: ptica4164 folded before Flop (didn't bet)
Seat 6: Sarcaaaasm folded before Flop (didn't bet)
Seat 7: Belchior1485 folded before Flop (didn't bet)
Seat 8: Dorex2007 folded before Flop (didn't bet)
Seat 9: lotojas folded before Flop (didn't bet)



PokerStars Hand #227380515492:  Hold'em No Limit ($0.01/$0.02 USD) - 2021/06/06 12:15:39 PT [2021/06/06 15:15:39 ET]
Table 'Preziosa II' 9-max Seat #3 is the button
Seat 1: mendel777 ($3.10 in chips) 
Seat 2: psbrets ($2.05 in chips) 
Seat 3: Noir.Tech ($1.91 in chips) 
Seat 4: MealDeals ($2 in chips) 
Seat 5: Mr. Bummbum ($0.80 in chips) 
Seat 6: Sarcaaaasm ($1.91 in chips) 
Seat 8: Dorex2007 ($1.67 in chips) 
Seat 9: lotojas ($2 in chips) 
MealDeals: posts small blind $0.01
Mr. Bummbum: posts big blind $0.02
lomini: sits out 
*** HOLE CARDS ***
Dealt to Dorex2007 [7h Th]
Sarcaaaasm: folds 
Dorex2007: folds 
lotojas: raises $0.02 to $0.04
mendel777: folds 
psbrets: folds 
Noir.Tech: calls $0.04
MealDeals: folds 
Mr. Bummbum: calls $0.02
*** FLOP *** [5d 4d 6c]
Mr. Bummbum: checks 
lotojas: bets $0.06
Noir.Tech: raises $0.25 to $0.31
Mr. Bummbum: calls $0.31
lotojas: calls $0.25
*** TURN *** [5d 4d 6c] [9c]
Mr. Bummbum: checks 
lotojas: checks 
Noir.Tech: bets $1.56 and is all-in
Mr. Bummbum: calls $0.45 and is all-in
lotojas: folds 
Uncalled bet ($1.11) returned to Noir.Tech
*** RIVER *** [5d 4d 6c 9c] [3h]
*** SHOW DOWN ***
Mr. Bummbum: shows [3s As] (a pair of Threes)
Noir.Tech: shows [4s 4h] (three of a kind, Fours)
Noir.Tech collected $1.89 from pot
*** SUMMARY ***
Total pot $1.96 | Rake $0.07 
Board [5d 4d 6c 9c 3h]
Seat 1: mendel777 folded before Flop (didn't bet)
Seat 2: psbrets folded before Flop (didn't bet)
Seat 3: Noir.Tech (button) showed [4s 4h] and won ($1.89) with three of a kind, Fours
Seat 4: MealDeals (small blind) folded before Flop
Seat 5: Mr. Bummbum (big blind) showed [3s As] and lost with a pair of Threes
Seat 6: Sarcaaaasm folded before Flop (didn't bet)
Seat 8: Dorex2007 folded before Flop (didn't bet)
Seat 9: lotojas folded on the Turn



PokerStars Hand #227380575281:  Hold'em No Limit ($0.01/$0.02 USD) - 2021/06/06 12:17:14 PT [2021/06/06 15:17:14 ET]
Table 'Preziosa II' 9-max Seat #4 is the button
Seat 1: mendel777 ($3.10 in chips) 
Seat 2: psbrets ($2.05 in chips) 
Seat 3: Noir.Tech ($3 in chips) 
Seat 4: MealDeals ($2 in chips) 
Seat 6: Sarcaaaasm ($1.91 in chips) 
Seat 7: lomini ($1.82 in chips) 
Seat 8: Dorex2007 ($1.67 in chips) 
Seat 9: lotojas ($2 in chips) 
Sarcaaaasm: posts small blind $0.01
lomini: posts big blind $0.02
*** HOLE CARDS ***
Dealt to Dorex2007 [Qh 6h]
Mr. Bummbum leaves the table
Dorex2007: folds 
lotojas: folds 
mendel777: raises $0.04 to $0.06
psbrets: folds 
Noir.Tech: folds 
MealDeals: raises $0.18 to $0.24
Sarcaaaasm: folds 
lomini: folds 
mendel777: calls $0.18
*** FLOP *** [6d 4h Qs]
mendel777: checks 
MealDeals: bets $0.25
mendel777: calls $0.25
*** TURN *** [6d 4h Qs] [Kc]
mendel777: checks 
MealDeals: checks 
*** RIVER *** [6d 4h Qs Kc] [9s]
mendel777: bets $0.49
MealDeals: folds 
Uncalled bet ($0.49) returned to mendel777
mendel777 collected $0.97 from pot
mendel777: doesn't show hand 
*** SUMMARY ***
Total pot $1.01 | Rake $0.04 
Board [6d 4h Qs Kc 9s]
Seat 1: mendel777 collected ($0.97)
Seat 2: psbrets folded before Flop (didn't bet)
Seat 3: Noir.Tech folded before Flop (didn't bet)
Seat 4: MealDeals (button) folded on the River
Seat 6: Sarcaaaasm (small blind) folded before Flop
Seat 7: lomini (big blind) folded before Flop
Seat 8: Dorex2007 folded before Flop (didn't bet)
Seat 9: lotojas folded before Flop (didn't bet)



PokerStars Hand #227380611068:  Hold'em No Limit ($0.01/$0.02 USD) - 2021/06/06 12:18:03 PT [2021/06/06 15:18:03 ET]
Table 'Preziosa II' 9-max Seat #6 is the button
Seat 1: mendel777 ($3.58 in chips) 
Seat 2: psbrets ($2.05 in chips) 
Seat 3: Noir.Tech ($3 in chips) 
Seat 4: MealDeals ($2 in chips) 
Seat 6: Sarcaaaasm ($1.90 in chips) 
Seat 8: Dorex2007 ($1.67 in chips) 
Seat 9: lotojas ($2 in chips) 
Dorex2007: posts small blind $0.01
lotojas: posts big blind $0.02
*** HOLE CARDS ***
Dealt to Dorex2007 [As Qs]
mendel777: raises $0.04 to $0.06
psbrets: calls $0.06
Noir.Tech: folds 
MealDeals: folds 
Sarcaaaasm: folds 
Dorex2007: calls $0.05
lotojas: folds 
*** FLOP *** [9d 2s 7h]
Dorex2007: checks 
mendel777: bets $0.10
psbrets: calls $0.10
Dorex2007: calls $0.10
*** TURN *** [9d 2s 7h] [Th]
Dorex2007: checks 
mendel777: checks 
Smile Smart joins the table at seat #5 
psbrets: bets $0.36
Dorex2007: folds 
mendel777: folds 
Uncalled bet ($0.36) returned to psbrets
psbrets collected $0.48 from pot
psbrets: doesn't show hand 
*** SUMMARY ***
Total pot $0.50 | Rake $0.02 
Board [9d 2s 7h Th]
Seat 1: mendel777 folded on the Turn
Seat 2: psbrets collected ($0.48)
Seat 3: Noir.Tech folded before Flop (didn't bet)
Seat 4: MealDeals folded before Flop (didn't bet)
Seat 6: Sarcaaaasm (button) folded before Flop (didn't bet)
Seat 8: Dorex2007 (small blind) folded on the Turn
Seat 9: lotojas (big blind) folded before Flop



PokerStars Hand #227380642668:  Hold'em No Limit ($0.01/$0.02 USD) - 2021/06/06 12:18:53 PT [2021/06/06 15:18:53 ET]
Table 'Preziosa II' 9-max Seat #8 is the button
Seat 1: mendel777 ($3.42 in chips) 
Seat 2: psbrets ($2.37 in chips) 
Seat 3: Noir.Tech ($3 in chips) 
Seat 4: MealDeals ($2 in chips) 
Seat 6: Sarcaaaasm ($1.90 in chips) 
Seat 8: Dorex2007 ($1.51 in chips) 
Seat 9: lotojas ($2 in chips) 
lotojas: posts small blind $0.01
mendel777: posts big blind $0.02
Smile Smart: sits out 
*** HOLE CARDS ***
Dealt to Dorex2007 [Jc Qd]
psbrets: folds 
Noir.Tech: folds 
MealDeals: folds 
Sarcaaaasm: folds 
Dorex2007: raises $0.04 to $0.06
lotojas: folds 
mendel777: folds 
Uncalled bet ($0.04) returned to Dorex2007
Dorex2007 collected $0.05 from pot
Dorex2007: doesn't show hand 
*** SUMMARY ***
Total pot $0.05 | Rake $0 
Seat 1: mendel777 (big blind) folded before Flop
Seat 2: psbrets folded before Flop (didn't bet)
Seat 3: Noir.Tech folded before Flop (didn't bet)
Seat 4: MealDeals folded before Flop (didn't bet)
Seat 6: Sarcaaaasm folded before Flop (didn't bet)
Seat 8: Dorex2007 (button) collected ($0.05)
Seat 9: lotojas (small blind) folded before Flop



PokerStars Hand #227380651714:  Hold'em No Limit ($0.01/$0.02 USD) - 2021/06/06 12:19:07 PT [2021/06/06 15:19:07 ET]
Table 'Preziosa II' 9-max Seat #9 is the button
Seat 1: mendel777 ($3.40 in chips) 
Seat 2: psbrets ($2.37 in chips) 
Seat 3: Noir.Tech ($3 in chips) 
Seat 4: MealDeals ($2 in chips) 
Seat 6: Sarcaaaasm ($1.90 in chips) 
Seat 8: Dorex2007 ($1.54 in chips) 
Seat 9: lotojas ($2 in chips) 
mendel777: posts small blind $0.01
psbrets: posts big blind $0.02
Smile Smart: sits out 
*** HOLE CARDS ***
Dealt to Dorex2007 [5c Kd]
Noir.Tech: folds 
MealDeals: folds 
Sarcaaaasm: folds 
Dorex2007: folds 
lotojas: folds 
mendel777: raises $0.04 to $0.06
psbrets: calls $0.04
*** FLOP *** [8h Qh 5d]
mendel777: checks 
psbrets: checks 
*** TURN *** [8h Qh 5d] [Jd]
mendel777: checks 
psbrets: checks 
*** RIVER *** [8h Qh 5d Jd] [Qs]
mendel777: checks 
psbrets: checks 
*** SHOW DOWN ***
mendel777: shows [6d 6s] (two pair, Queens and Sixes)
psbrets: mucks hand 
mendel777 collected $0.12 from pot
*** SUMMARY ***
Total pot $0.12 | Rake $0 
Board [8h Qh 5d Jd Qs]
Seat 1: mendel777 (small blind) showed [6d 6s] and won ($0.12) with two pair, Queens and Sixes
Seat 2: psbrets (big blind) mucked [2c Ac]
Seat 3: Noir.Tech folded before Flop (didn't bet)
Seat 4: MealDeals folded before Flop (didn't bet)
Seat 6: Sarcaaaasm folded before Flop (didn't bet)
Seat 8: Dorex2007 folded before Flop (didn't bet)
Seat 9: lotojas (button) folded before Flop (didn't bet)



PokerStars Hand #227380676704:  Hold'em No Limit ($0.01/$0.02 USD) - 2021/06/06 12:19:46 PT [2021/06/06 15:19:46 ET]
Table 'Preziosa II' 9-max Seat #1 is the button
Seat 1: mendel777 ($3.46 in chips) 
Seat 2: psbrets ($2.31 in chips) 
Seat 3: Noir.Tech ($3 in chips) 
Seat 4: MealDeals ($2 in chips) 
Seat 6: Sarcaaaasm ($1.90 in chips) 
Seat 8: Dorex2007 ($1.54 in chips) 
Seat 9: lotojas ($2 in chips) 
psbrets: posts small blind $0.01
Noir.Tech: posts big blind $0.02
Smile Smart: sits out 
*** HOLE CARDS ***
Dealt to Dorex2007 [Kh 5s]
MealDeals: folds 
Sarcaaaasm: folds 
Dorex2007: folds 
lotojas: folds 
mendel777: folds 
psbrets: raises $0.04 to $0.06
Noir.Tech: folds 
Uncalled bet ($0.04) returned to psbrets
psbrets collected $0.04 from pot
psbrets: doesn't show hand 
*** SUMMARY ***
Total pot $0.04 | Rake $0 
Seat 1: mendel777 (button) folded before Flop (didn't bet)
Seat 2: psbrets (small blind) collected ($0.04)
Seat 3: Noir.Tech (big blind) folded before Flop
Seat 4: MealDeals folded before Flop (didn't bet)
Seat 6: Sarcaaaasm folded before Flop (didn't bet)
Seat 8: Dorex2007 folded before Flop (didn't bet)
Seat 9: lotojas folded before Flop (didn't bet)



PokerStars Hand #227380685200:  Hold'em No Limit ($0.01/$0.02 USD) - 2021/06/06 12:20:00 PT [2021/06/06 15:20:00 ET]
Table 'Preziosa II' 9-max Seat #2 is the button
Seat 1: mendel777 ($3.46 in chips) 
Seat 2: psbrets ($2.33 in chips) 
Seat 3: Noir.Tech ($2.98 in chips) 
Seat 4: MealDeals ($2 in chips) 
Seat 6: Sarcaaaasm ($1.90 in chips) 
Seat 8: Dorex2007 ($1.54 in chips) 
Seat 9: lotojas ($2 in chips) 
Noir.Tech: posts small blind $0.01
MealDeals: posts big blind $0.02
Smile Smart: sits out 
*** HOLE CARDS ***
Dealt to Dorex2007 [8d 3s]
Sarcaaaasm: folds 
Dorex2007: folds 
lotojas: folds 
mendel777: folds 
psbrets: folds 
Noir.Tech: folds 
Uncalled bet ($0.01) returned to MealDeals
MealDeals collected $0.02 from pot
MealDeals: doesn't show hand 
*** SUMMARY ***
Total pot $0.02 | Rake $0 
Seat 1: mendel777 folded before Flop (didn't bet)
Seat 2: psbrets (button) folded before Flop (didn't bet)
Seat 3: Noir.Tech (small blind) folded before Flop
Seat 4: MealDeals (big blind) collected ($0.02)
Seat 6: Sarcaaaasm folded before Flop (didn't bet)
Seat 8: Dorex2007 folded before Flop (didn't bet)
Seat 9: lotojas folded before Flop (didn't bet)



PokerStars Hand #227380691277:  Hold'em No Limit ($0.01/$0.02 USD) - 2021/06/06 12:20:10 PT [2021/06/06 15:20:10 ET]
Table 'Preziosa II' 9-max Seat #3 is the button
Seat 1: mendel777 ($3.46 in chips) 
Seat 2: psbrets ($2.33 in chips) 
Seat 3: Noir.Tech ($2.97 in chips) 
Seat 4: MealDeals ($2.01 in chips) 
Seat 5: Smile Smart ($2 in chips) 
Seat 6: Sarcaaaasm ($1.90 in chips) 
Seat 8: Dorex2007 ($1.54 in chips) 
Seat 9: lotojas ($2 in chips) 
MealDeals: posts small blind $0.01
Smile Smart: posts big blind $0.02
*** HOLE CARDS ***
Dealt to Dorex2007 [5h 7h]
Sarcaaaasm: raises $0.02 to $0.04
Dorex2007: folds 
lotojas: folds 
mendel777: folds 
psbrets: folds 
Noir.Tech: calls $0.04
MealDeals: raises $0.16 to $0.20
Smile Smart: folds 
Sarcaaaasm: folds 
Noir.Tech: calls $0.16
*** FLOP *** [3c Ks Ad]
MealDeals: bets $0.18
Noir.Tech: folds 
Uncalled bet ($0.18) returned to MealDeals
MealDeals collected $0.44 from pot
MealDeals: doesn't show hand 
*** SUMMARY ***
Total pot $0.46 | Rake $0.02 
Board [3c Ks Ad]
Seat 1: mendel777 folded before Flop (didn't bet)
Seat 2: psbrets folded before Flop (didn't bet)
Seat 3: Noir.Tech (button) folded on the Flop
Seat 4: MealDeals (small blind) collected ($0.44)
Seat 5: Smile Smart (big blind) folded before Flop
Seat 6: Sarcaaaasm folded before Flop
Seat 8: Dorex2007 folded before Flop (didn't bet)
Seat 9: lotojas folded before Flop (didn't bet)



PokerStars Hand #227380711603:  Hold'em No Limit ($0.01/$0.02 USD) - 2021/06/06 12:20:42 PT [2021/06/06 15:20:42 ET]
Table 'Preziosa II' 9-max Seat #4 is the button
Seat 1: mendel777 ($3.46 in chips) 
Seat 2: psbrets ($2.33 in chips) 
Seat 3: Noir.Tech ($2.77 in chips) 
Seat 4: MealDeals ($2.25 in chips) 
Seat 5: Smile Smart ($2 in chips) 
Seat 6: Sarcaaaasm ($1.86 in chips) 
Seat 7: lomini ($1.80 in chips) 
Seat 8: Dorex2007 ($1.54 in chips) 
Seat 9: lotojas ($2 in chips) 
Smile Smart: posts small blind $0.01
Sarcaaaasm: posts big blind $0.02
lomini: posts small blind $0.01
*** HOLE CARDS ***
Dealt to Dorex2007 [6s Th]
lomini: calls $0.02
Dorex2007: folds 
lotojas: folds 
mendel777: folds 
psbrets: folds 
Noir.Tech: folds 
MealDeals: raises $0.08 to $0.10
Smile Smart: folds 
Sarcaaaasm: folds 
lomini: calls $0.08
*** FLOP *** [Qc 3h Qh]
lomini: bets $0.02
MealDeals: raises $0.08 to $0.10
lomini: calls $0.08
*** TURN *** [Qc 3h Qh] [2d]
lomini: bets $0.02
MealDeals: raises $0.23 to $0.25
lomini: calls $0.23
*** RIVER *** [Qc 3h Qh 2d] [8c]
lomini: bets $0.12
MealDeals: folds 
Uncalled bet ($0.12) returned to lomini
lomini collected $0.91 from pot
lomini: doesn't show hand 
*** SUMMARY ***
Total pot $0.94 | Rake $0.03 
Board [Qc 3h Qh 2d 8c]
Seat 1: mendel777 folded before Flop (didn't bet)
Seat 2: psbrets folded before Flop (didn't bet)
Seat 3: Noir.Tech folded before Flop (didn't bet)
Seat 4: MealDeals (button) folded on the River
Seat 5: Smile Smart (small blind) folded before Flop
Seat 6: Sarcaaaasm (big blind) folded before Flop
Seat 7: lomini collected ($0.91)
Seat 8: Dorex2007 folded before Flop (didn't bet)
Seat 9: lotojas folded before Flop (didn't bet)



PokerStars Hand #227380758914:  Hold'em No Limit ($0.01/$0.02 USD) - 2021/06/06 12:21:57 PT [2021/06/06 15:21:57 ET]
Table 'Preziosa II' 9-max Seat #5 is the button
Seat 1: mendel777 ($3.46 in chips) 
Seat 2: psbrets ($2.33 in chips) 
Seat 3: Noir.Tech ($2.77 in chips) 
Seat 4: MealDeals ($2 in chips) 
Seat 5: Smile Smart ($2 in chips) 
Seat 6: Sarcaaaasm ($1.84 in chips) 
Seat 7: lomini ($2.25 in chips) 
Seat 8: Dorex2007 ($1.54 in chips) 
Seat 9: lotojas ($2 in chips) 
Sarcaaaasm: posts small blind $0.01
lomini: posts big blind $0.02
*** HOLE CARDS ***
Dealt to Dorex2007 [Qh Tc]
Dorex2007: folds 
lotojas: folds 
mendel777: folds 
psbrets: folds 
Noir.Tech: folds 
MealDeals: folds 
Smile Smart: folds 
Sarcaaaasm: raises $0.04 to $0.06
lomini: calls $0.04
*** FLOP *** [4h Qc Kd]
Sarcaaaasm: checks 
lomini: bets $0.08
Sarcaaaasm: folds 
Uncalled bet ($0.08) returned to lomini
lomini collected $0.12 from pot
lomini: doesn't show hand 
*** SUMMARY ***
Total pot $0.12 | Rake $0 
Board [4h Qc Kd]
Seat 1: mendel777 folded before Flop (didn't bet)
Seat 2: psbrets folded before Flop (didn't bet)
Seat 3: Noir.Tech folded before Flop (didn't bet)
Seat 4: MealDeals folded before Flop (didn't bet)
Seat 5: Smile Smart (button) folded before Flop (didn't bet)
Seat 6: Sarcaaaasm (small blind) folded on the Flop
Seat 7: lomini (big blind) collected ($0.12)
Seat 8: Dorex2007 folded before Flop (didn't bet)
Seat 9: lotojas folded before Flop (didn't bet)



PokerStars Hand #227380791245:  Hold'em No Limit ($0.01/$0.02 USD) - 2021/06/06 12:22:41 PT [2021/06/06 15:22:41 ET]
Table 'Preziosa II' 9-max Seat #6 is the button
Seat 1: mendel777 ($3.46 in chips) 
Seat 2: psbrets ($2.33 in chips) 
Seat 3: Noir.Tech ($2.77 in chips) 
Seat 4: MealDeals ($2 in chips) 
Seat 5: Smile Smart ($2 in chips) 
Seat 6: Sarcaaaasm ($1.78 in chips) 
Seat 7: lomini ($2.31 in chips) 
Seat 8: Dorex2007 ($1.54 in chips) 
Seat 9: lotojas ($2 in chips) 
lomini: posts small blind $0.01
Dorex2007: posts big blind $0.02
*** HOLE CARDS ***
Dealt to Dorex2007 [Qh 2s]
lotojas: folds 
mendel777: folds 
psbrets: raises $0.03 to $0.05
Noir.Tech: folds 
MealDeals: folds 
Smile Smart: folds 
Sarcaaaasm: folds 
lomini: folds 
Dorex2007: folds 
Uncalled bet ($0.03) returned to psbrets
psbrets collected $0.05 from pot
psbrets: doesn't show hand 
*** SUMMARY ***
Total pot $0.05 | Rake $0 
Seat 1: mendel777 folded before Flop (didn't bet)
Seat 2: psbrets collected ($0.05)
Seat 3: Noir.Tech folded before Flop (didn't bet)
Seat 4: MealDeals folded before Flop (didn't bet)
Seat 5: Smile Smart folded before Flop (didn't bet)
Seat 6: Sarcaaaasm (button) folded before Flop (didn't bet)
Seat 7: lomini (small blind) folded before Flop
Seat 8: Dorex2007 (big blind) folded before Flop
Seat 9: lotojas folded before Flop (didn't bet)



PokerStars Hand #227380805088:  Hold'em No Limit ($0.01/$0.02 USD) - 2021/06/06 12:23:03 PT [2021/06/06 15:23:03 ET]
Table 'Preziosa II' 9-max Seat #7 is the button
Seat 1: mendel777 ($3.46 in chips) 
Seat 2: psbrets ($2.36 in chips) 
Seat 3: Noir.Tech ($2.77 in chips) 
Seat 4: MealDeals ($2 in chips) 
Seat 5: Smile Smart ($2 in chips) 
Seat 6: Sarcaaaasm ($1.78 in chips) 
Seat 7: lomini ($2.30 in chips) 
Seat 8: Dorex2007 ($1.52 in chips) 
Seat 9: lotojas ($2 in chips) 
Dorex2007: posts small blind $0.01
lotojas: posts big blind $0.02
*** HOLE CARDS ***
Dealt to Dorex2007 [4s Kc]
mendel777 has timed out
mendel777: folds 
psbrets: folds 
Noir.Tech: folds 
MealDeals: folds 
Smile Smart: folds 
Sarcaaaasm: folds 
lomini: folds 
Dorex2007: calls $0.01
lotojas: checks 
*** FLOP *** [Ts 6s Th]
Dorex2007: checks 
lotojas: checks 
*** TURN *** [Ts 6s Th] [4c]
Dorex2007: bets $0.04
lotojas: folds 
Uncalled bet ($0.04) returned to Dorex2007
Dorex2007 collected $0.04 from pot
Dorex2007: doesn't show hand 
*** SUMMARY ***
Total pot $0.04 | Rake $0 
Board [Ts 6s Th 4c]
Seat 1: mendel777 folded before Flop (didn't bet)
Seat 2: psbrets folded before Flop (didn't bet)
Seat 3: Noir.Tech folded before Flop (didn't bet)
Seat 4: MealDeals folded before Flop (didn't bet)
Seat 5: Smile Smart folded before Flop (didn't bet)
Seat 6: Sarcaaaasm folded before Flop (didn't bet)
Seat 7: lomini (button) folded before Flop (didn't bet)
Seat 8: Dorex2007 (small blind) collected ($0.04)
Seat 9: lotojas (big blind) folded on the Turn



PokerStars Hand #227380827845:  Hold'em No Limit ($0.01/$0.02 USD) - 2021/06/06 12:23:40 PT [2021/06/06 15:23:40 ET]
Table 'Preziosa II' 9-max Seat #8 is the button
Seat 1: mendel777 ($3.46 in chips) 
Seat 2: psbrets ($2.36 in chips) 
Seat 3: Noir.Tech ($2.77 in chips) 
Seat 4: MealDeals ($2 in chips) 
Seat 5: Smile Smart ($2 in chips) 
Seat 6: Sarcaaaasm ($1.78 in chips) 
Seat 7: lomini ($2.30 in chips) 
Seat 8: Dorex2007 ($1.54 in chips) 
Seat 9: lotojas ($2 in chips) 
lotojas: posts small blind $0.01
mendel777: posts big blind $0.02
*** HOLE CARDS ***
Dealt to Dorex2007 [3s As]
psbrets: folds 
Noir.Tech: folds 
MealDeals: raises $0.04 to $0.06
Smile Smart: folds 
Sarcaaaasm: folds 
lomini: folds 
Dorex2007: folds 
lotojas: folds 
mendel777: folds 
Uncalled bet ($0.04) returned to MealDeals
MealDeals collected $0.05 from pot
MealDeals: doesn't show hand 
*** SUMMARY ***
Total pot $0.05 | Rake $0 
Seat 1: mendel777 (big blind) folded before Flop
Seat 2: psbrets folded before Flop (didn't bet)
Seat 3: Noir.Tech folded before Flop (didn't bet)
Seat 4: MealDeals collected ($0.05)
Seat 5: Smile Smart folded before Flop (didn't bet)
Seat 6: Sarcaaaasm folded before Flop (didn't bet)
Seat 7: lomini folded before Flop (didn't bet)
Seat 8: Dorex2007 (button) folded before Flop (didn't bet)
Seat 9: lotojas (small blind) folded before Flop



PokerStars Hand #227380842889:  Hold'em No Limit ($0.01/$0.02 USD) - 2021/06/06 12:24:04 PT [2021/06/06 15:24:04 ET]
Table 'Preziosa II' 9-max Seat #9 is the button
Seat 1: mendel777 ($3.44 in chips) 
Seat 2: psbrets ($2.36 in chips) 
Seat 3: Noir.Tech ($2.77 in chips) 
Seat 4: MealDeals ($2.03 in chips) 
Seat 5: Smile Smart ($2 in chips) 
Seat 6: Sarcaaaasm ($1.78 in chips) 
Seat 7: lomini ($2.30 in chips) 
Seat 8: Dorex2007 ($1.54 in chips) 
Seat 9: lotojas ($2 in chips) 
mendel777: posts small blind $0.01
psbrets: posts big blind $0.02
*** HOLE CARDS ***
Dealt to Dorex2007 [2d 5h]
Noir.Tech: folds 
MealDeals: folds 
Smile Smart: folds 
Sarcaaaasm: folds 
lomini: calls $0.02
Dorex2007: folds 
lotojas: folds 
mendel777: calls $0.01
psbrets: checks 
*** FLOP *** [8s 9s 6d]
mendel777: checks 
psbrets: bets $0.03
lomini: raises $0.03 to $0.06
mendel777: calls $0.06
psbrets: calls $0.03
*** TURN *** [8s 9s 6d] [Ac]
mendel777: checks 
psbrets: checks 
lomini: bets $0.10
mendel777: raises $0.10 to $0.20
psbrets: folds 
lomini: calls $0.10
*** RIVER *** [8s 9s 6d Ac] [Qd]
mendel777: checks 
lomini: bets $0.24
mendel777: calls $0.24
*** SHOW DOWN ***
lomini: shows [Qs 9h] (two pair, Queens and Nines)
mendel777: mucks hand 
lomini collected $1.08 from pot
*** SUMMARY ***
Total pot $1.12 | Rake $0.04 
Board [8s 9s 6d Ac Qd]
Seat 1: mendel777 (small blind) mucked [5s As]
Seat 2: psbrets (big blind) folded on the Turn
Seat 3: Noir.Tech folded before Flop (didn't bet)
Seat 4: MealDeals folded before Flop (didn't bet)
Seat 5: Smile Smart folded before Flop (didn't bet)
Seat 6: Sarcaaaasm folded before Flop (didn't bet)
Seat 7: lomini showed [Qs 9h] and won ($1.08) with two pair, Queens and Nines
Seat 8: Dorex2007 folded before Flop (didn't bet)
Seat 9: lotojas (button) folded before Flop (didn't bet)



PokerStars Hand #227380890260:  Hold'em No Limit ($0.01/$0.02 USD) - 2021/06/06 12:25:20 PT [2021/06/06 15:25:20 ET]
Table 'Preziosa II' 9-max Seat #1 is the button
Seat 1: mendel777 ($2.92 in chips) 
Seat 2: psbrets ($2.28 in chips) 
Seat 3: Noir.Tech ($2.77 in chips) 
Seat 4: MealDeals ($2.03 in chips) 
Seat 5: Smile Smart ($2 in chips) 
Seat 6: Sarcaaaasm ($1.78 in chips) 
Seat 7: lomini ($2.86 in chips) 
Seat 8: Dorex2007 ($1.54 in chips) 
Seat 9: lotojas ($2 in chips) 
psbrets: posts small blind $0.01
Noir.Tech: posts big blind $0.02
*** HOLE CARDS ***
Dealt to Dorex2007 [Qh Js]
MealDeals: folds 
Smile Smart has timed out
Smile Smart: folds 
Sarcaaaasm: folds 
lomini: folds 
Dorex2007: raises $0.04 to $0.06
lotojas: folds 
mendel777: folds 
psbrets: folds 
Noir.Tech: calls $0.04
*** FLOP *** [2d As 4c]
Noir.Tech: bets $0.07
Dorex2007: folds 
Uncalled bet ($0.07) returned to Noir.Tech
Noir.Tech collected $0.13 from pot
Noir.Tech: doesn't show hand 
*** SUMMARY ***
Total pot $0.13 | Rake $0 
Board [2d As 4c]
Seat 1: mendel777 (button) folded before Flop (didn't bet)
Seat 2: psbrets (small blind) folded before Flop
Seat 3: Noir.Tech (big blind) collected ($0.13)
Seat 4: MealDeals folded before Flop (didn't bet)
Seat 5: Smile Smart folded before Flop (didn't bet)
Seat 6: Sarcaaaasm folded before Flop (didn't bet)
Seat 7: lomini folded before Flop (didn't bet)
Seat 8: Dorex2007 folded on the Flop
Seat 9: lotojas folded before Flop (didn't bet)



PokerStars Hand #227380911716:  Hold'em No Limit ($0.01/$0.02 USD) - 2021/06/06 12:25:54 PT [2021/06/06 15:25:54 ET]
Table 'Preziosa II' 9-max Seat #2 is the button
Seat 1: mendel777 ($2.92 in chips) 
Seat 2: psbrets ($2.27 in chips) 
Seat 3: Noir.Tech ($2.84 in chips) 
Seat 4: MealDeals ($2.03 in chips) 
Seat 5: Smile Smart ($2 in chips) 
Seat 6: Sarcaaaasm ($1.78 in chips) 
Seat 7: lomini ($2.86 in chips) 
Seat 8: Dorex2007 ($1.48 in chips) 
Seat 9: lotojas ($2 in chips) 
Noir.Tech: posts small blind $0.01
MealDeals: posts big blind $0.02
*** HOLE CARDS ***
Dealt to Dorex2007 [7d 8s]
Smile Smart has timed out
Smile Smart: folds 
Sarcaaaasm: raises $0.02 to $0.04
lomini: calls $0.04
Dorex2007: folds 
lotojas: folds 
mendel777: folds 
psbrets: folds 
Noir.Tech: folds 
MealDeals: folds 
*** FLOP *** [Ac 9d 2c]
Sarcaaaasm: checks 
lomini: bets $0.14
Sarcaaaasm: folds 
Uncalled bet ($0.14) returned to lomini
lomini collected $0.11 from pot
lomini: doesn't show hand 
*** SUMMARY ***
Total pot $0.11 | Rake $0 
Board [Ac 9d 2c]
Seat 1: mendel777 folded before Flop (didn't bet)
Seat 2: psbrets (button) folded before Flop (didn't bet)
Seat 3: Noir.Tech (small blind) folded before Flop
Seat 4: MealDeals (big blind) folded before Flop
Seat 5: Smile Smart folded before Flop (didn't bet)
Seat 6: Sarcaaaasm folded on the Flop
Seat 7: lomini collected ($0.11)
Seat 8: Dorex2007 folded before Flop (didn't bet)
Seat 9: lotojas folded before Flop (didn't bet)



PokerStars Hand #227380940945:  Hold'em No Limit ($0.01/$0.02 USD) - 2021/06/06 12:26:42 PT [2021/06/06 15:26:42 ET]
Table 'Preziosa II' 9-max Seat #3 is the button
Seat 1: mendel777 ($2.92 in chips) 
Seat 2: psbrets ($2.27 in chips) 
Seat 3: Noir.Tech ($2.83 in chips) 
Seat 4: MealDeals ($2.01 in chips) 
Seat 5: Smile Smart ($2 in chips) 
Seat 6: Sarcaaaasm ($1.74 in chips) 
Seat 7: lomini ($2.93 in chips) 
Seat 8: Dorex2007 ($1.48 in chips) 
Seat 9: lotojas ($2 in chips) 
MealDeals: posts small blind $0.01
Smile Smart: posts big blind $0.02
*** HOLE CARDS ***
Dealt to Dorex2007 [9c 4h]
Sarcaaaasm: folds 
lomini: raises $0.12 to $0.14
Dorex2007: folds 
lotojas: folds 
mendel777: folds 
psbrets: folds 
Noir.Tech: folds 
MealDeals: calls $0.13
Smile Smart: folds 
*** FLOP *** [Td Jc 9d]
MealDeals: bets $0.15
lomini: calls $0.15
*** TURN *** [Td Jc 9d] [9h]
MealDeals: bets $0.29
lomini: calls $0.29
*** RIVER *** [Td Jc 9d 9h] [Ah]
MealDeals is disconnected 
MealDeals has timed out while disconnected
MealDeals: checks 
lomini: bets $0.40
Noir.Tech leaves the table
Smile Smart leaves the table
ElegaTh joins the table at seat #3 
lotojas leaves the table
Sarcaaaasm leaves the table
MealDeals has timed out while disconnected
MealDeals: folds 
Uncalled bet ($0.40) returned to lomini
lomini collected $1.14 from pot
lomini: doesn't show hand 
*** SUMMARY ***
Total pot $1.18 | Rake $0.04 
Board [Td Jc 9d 9h Ah]
Seat 1: mendel777 folded before Flop (didn't bet)
Seat 2: psbrets folded before Flop (didn't bet)
Seat 3: Noir.Tech (button) folded before Flop (didn't bet)
Seat 4: MealDeals (small blind) folded on the River
Seat 5: Smile Smart (big blind) folded before Flop
Seat 6: Sarcaaaasm folded before Flop (didn't bet)
Seat 7: lomini collected ($1.14)
Seat 8: Dorex2007 folded before Flop (didn't bet)
Seat 9: lotojas folded before Flop (didn't bet)



PokerStars Hand #227381181927:  Hold'em No Limit ($0.01/$0.02 USD) - 2021/06/06 12:32:57 PT [2021/06/06 15:32:57 ET]
Table 'Preziosa II' 9-max Seat #7 is the button
Seat 1: mendel777 ($2.92 in chips) 
Seat 2: psbrets ($2.27 in chips) 
Seat 7: lomini ($3.49 in chips) 
Seat 8: Dorex2007 ($2 in chips) 
Dorex2007: posts small blind $0.01
mendel777: posts big blind $0.02
ElegaTh: sits out 
*** HOLE CARDS ***
Dealt to Dorex2007 [Ts Jh]
ElegaTh leaves the table
psbrets: folds 
lomini: folds 
Dorex2007: calls $0.01
mendel777: checks 
*** FLOP *** [Ac Td 3c]
Dorex2007: checks 
mendel777: checks 
*** TURN *** [Ac Td 3c] [Kh]
Dorex2007: checks 
mendel777: checks 
*** RIVER *** [Ac Td 3c Kh] [7c]
Dorex2007: checks 
mendel777: checks 
*** SHOW DOWN ***
Dorex2007: shows [Ts Jh] (a pair of Tens)
mendel777: mucks hand 
Dorex2007 collected $0.04 from pot
*** SUMMARY ***
Total pot $0.04 | Rake $0 
Board [Ac Td 3c Kh 7c]
Seat 1: mendel777 (big blind) mucked [3h 9h]
Seat 2: psbrets folded before Flop (didn't bet)
Seat 7: lomini (button) folded before Flop (didn't bet)
Seat 8: Dorex2007 (small blind) showed [Ts Jh] and won ($0.04) with a pair of Tens



PokerStars Hand #227381199306:  Hold'em No Limit ($0.01/$0.02 USD) - 2021/06/06 12:33:25 PT [2021/06/06 15:33:25 ET]
Table 'Preziosa II' 9-max Seat #8 is the button
Seat 1: mendel777 ($2.90 in chips) 
Seat 2: psbrets ($2.27 in chips) 
Seat 7: lomini ($3.49 in chips) 
Seat 8: Dorex2007 ($2.02 in chips) 
mendel777: posts small blind $0.01
psbrets: posts big blind $0.02
*** HOLE CARDS ***
Dealt to Dorex2007 [Qc Js]
lomini: folds 
Dorex2007: raises $0.02 to $0.04
mendel777: folds 
psbrets: folds 
Uncalled bet ($0.02) returned to Dorex2007
Dorex2007 collected $0.05 from pot
Dorex2007: doesn't show hand 
*** SUMMARY ***
Total pot $0.05 | Rake $0 
Seat 1: mendel777 (small blind) folded before Flop
Seat 2: psbrets (big blind) folded before Flop
Seat 7: lomini folded before Flop (didn't bet)
Seat 8: Dorex2007 (button) collected ($0.05)



