PokerStars Hand #227663071905:  Hold'em No Limit ($0.01/$0.02 USD) - 2021/06/17 23:10:09 PT [2021/06/18 2:10:09 ET]
Table 'Humason II' 9-max Seat #1 is the button
Seat 1: DaiSakana ($2.40 in chips) 
Seat 2: aaaarrrggh16 ($1.02 in chips) 
Seat 3: ImEngineer ($1.85 in chips) 
Seat 5: BAHbKA003 ($4.64 in chips) 
Seat 6: 0œntroª¶ ($0.70 in chips) 
Seat 7: WeXx33 ($4.17 in chips) 
Seat 8: acad2011 ($1.76 in chips) 
Seat 9: Dorex2007 ($2 in chips) 
aaaarrrggh16: posts small blind $0.01
ImEngineer: posts big blind $0.02
vazelin789: sits out 
Dorex2007: posts big blind $0.02
*** HOLE CARDS ***
Dealt to Dorex2007 [Th 9s]
BAHbKA003: folds 
0œntroª¶: folds 
WeXx33: folds 
acad2011: calls $0.02
Dorex2007: checks 
DaiSakana: folds 
aaaarrrggh16: calls $0.01
ImEngineer: checks 
*** FLOP *** [Qc Kd 6h]
aaaarrrggh16: bets $0.04
ImEngineer: folds 
acad2011: folds 
Dorex2007: calls $0.04
*** TURN *** [Qc Kd 6h] [Ad]
aaaarrrggh16: checks 
Dorex2007: bets $0.15
aaaarrrggh16: folds 
Uncalled bet ($0.15) returned to Dorex2007
Dorex2007 collected $0.15 from pot
Dorex2007: doesn't show hand 
*** SUMMARY ***
Total pot $0.16 | Rake $0.01 
Board [Qc Kd 6h Ad]
Seat 1: DaiSakana (button) folded before Flop (didn't bet)
Seat 2: aaaarrrggh16 (small blind) folded on the Turn
Seat 3: ImEngineer (big blind) folded on the Flop
Seat 5: BAHbKA003 folded before Flop (didn't bet)
Seat 6: 0œntroª¶ folded before Flop (didn't bet)
Seat 7: WeXx33 folded before Flop (didn't bet)
Seat 8: acad2011 folded on the Flop
Seat 9: Dorex2007 collected ($0.15)



PokerStars Hand #227663077616:  Hold'em No Limit ($0.01/$0.02 USD) - 2021/06/17 23:10:51 PT [2021/06/18 2:10:51 ET]
Table 'Humason II' 9-max Seat #2 is the button
Seat 1: DaiSakana ($2.40 in chips) 
Seat 2: aaaarrrggh16 ($0.96 in chips) 
Seat 3: ImEngineer ($1.83 in chips) 
Seat 4: vazelin789 ($1.60 in chips) 
Seat 5: BAHbKA003 ($4.64 in chips) 
Seat 6: 0œntroª¶ ($0.70 in chips) 
Seat 7: WeXx33 ($4.17 in chips) 
Seat 8: acad2011 ($1.74 in chips) 
Seat 9: Dorex2007 ($2.09 in chips) 
ImEngineer: posts small blind $0.01
vazelin789: posts big blind $0.02
*** HOLE CARDS ***
Dealt to Dorex2007 [4d Ac]
BAHbKA003: folds 
0œntroª¶: folds 
WeXx33: folds 
acad2011: calls $0.02
Dorex2007: folds 
DaiSakana: raises $0.06 to $0.08
aaaarrrggh16: folds 
ImEngineer: calls $0.07
vazelin789: folds 
acad2011: folds 
*** FLOP *** [Jc 4c Ks]
ImEngineer: checks 
DaiSakana: checks 
*** TURN *** [Jc 4c Ks] [As]
ImEngineer: checks 
DaiSakana: checks 
*** RIVER *** [Jc 4c Ks As] [Jh]
ImEngineer: checks 
DaiSakana: checks 
*** SHOW DOWN ***
ImEngineer: shows [6s 6h] (two pair, Jacks and Sixes)
DaiSakana: mucks hand 
ImEngineer collected $0.19 from pot
*** SUMMARY ***
Total pot $0.20 | Rake $0.01 
Board [Jc 4c Ks As Jh]
Seat 1: DaiSakana mucked [9c 8c]
Seat 2: aaaarrrggh16 (button) folded before Flop (didn't bet)
Seat 3: ImEngineer (small blind) showed [6s 6h] and won ($0.19) with two pair, Jacks and Sixes
Seat 4: vazelin789 (big blind) folded before Flop
Seat 5: BAHbKA003 folded before Flop (didn't bet)
Seat 6: 0œntroª¶ folded before Flop (didn't bet)
Seat 7: WeXx33 folded before Flop (didn't bet)
Seat 8: acad2011 folded before Flop
Seat 9: Dorex2007 folded before Flop (didn't bet)



PokerStars Hand #227663087746:  Hold'em No Limit ($0.01/$0.02 USD) - 2021/06/17 23:12:05 PT [2021/06/18 2:12:05 ET]
Table 'Humason II' 9-max Seat #3 is the button
Seat 1: DaiSakana ($2.32 in chips) 
Seat 2: aaaarrrggh16 ($0.96 in chips) 
Seat 3: ImEngineer ($1.94 in chips) 
Seat 4: vazelin789 ($1.58 in chips) 
Seat 5: BAHbKA003 ($4.64 in chips) 
Seat 6: 0œntroª¶ ($0.70 in chips) 
Seat 7: WeXx33 ($4.17 in chips) 
Seat 8: acad2011 ($1.72 in chips) 
Seat 9: Dorex2007 ($2.09 in chips) 
vazelin789: posts small blind $0.01
BAHbKA003: posts big blind $0.02
*** HOLE CARDS ***
Dealt to Dorex2007 [Kc 7d]
0œntroª¶: folds 
WeXx33: folds 
acad2011: folds 
Dorex2007: folds 
DaiSakana: folds 
aaaarrrggh16: raises $0.04 to $0.06
ImEngineer: folds 
vazelin789: folds 
BAHbKA003: calls $0.04
*** FLOP *** [6s 8c Kd]
BAHbKA003: checks 
aaaarrrggh16: bets $0.07
BAHbKA003: raises $0.18 to $0.25
aaaarrrggh16: raises $0.32 to $0.57
BAHbKA003: folds 
Uncalled bet ($0.32) returned to aaaarrrggh16
aaaarrrggh16 collected $0.61 from pot
aaaarrrggh16: doesn't show hand 
*** SUMMARY ***
Total pot $0.63 | Rake $0.02 
Board [6s 8c Kd]
Seat 1: DaiSakana folded before Flop (didn't bet)
Seat 2: aaaarrrggh16 collected ($0.61)
Seat 3: ImEngineer (button) folded before Flop (didn't bet)
Seat 4: vazelin789 (small blind) folded before Flop
Seat 5: BAHbKA003 (big blind) folded on the Flop
Seat 6: 0œntroª¶ folded before Flop (didn't bet)
Seat 7: WeXx33 folded before Flop (didn't bet)
Seat 8: acad2011 folded before Flop (didn't bet)
Seat 9: Dorex2007 folded before Flop (didn't bet)



PokerStars Hand #227663097582:  Hold'em No Limit ($0.01/$0.02 USD) - 2021/06/17 23:13:18 PT [2021/06/18 2:13:18 ET]
Table 'Humason II' 9-max Seat #4 is the button
Seat 1: DaiSakana ($2.32 in chips) 
Seat 2: aaaarrrggh16 ($1.26 in chips) 
Seat 3: ImEngineer ($1.94 in chips) 
Seat 4: vazelin789 ($1.57 in chips) 
Seat 5: BAHbKA003 ($4.33 in chips) 
Seat 6: 0œntroª¶ ($0.70 in chips) 
Seat 7: WeXx33 ($4.17 in chips) 
Seat 8: acad2011 ($1.72 in chips) 
Seat 9: Dorex2007 ($2.09 in chips) 
BAHbKA003: posts small blind $0.01
0œntroª¶: posts big blind $0.02
*** HOLE CARDS ***
Dealt to Dorex2007 [8h Ac]
WeXx33: raises $0.04 to $0.06
acad2011 has timed out
acad2011: folds 
Dorex2007: folds 
DaiSakana: folds 
aaaarrrggh16: folds 
ImEngineer: calls $0.06
vazelin789: folds 
BAHbKA003: folds 
0œntroª¶: folds 
*** FLOP *** [Tc 5h 7s]
WeXx33: bets $0.07
ImEngineer: calls $0.07
*** TURN *** [Tc 5h 7s] [Ad]
WeXx33: bets $0.14
ImEngineer: folds 
Uncalled bet ($0.14) returned to WeXx33
WeXx33 collected $0.28 from pot
WeXx33: doesn't show hand 
*** SUMMARY ***
Total pot $0.29 | Rake $0.01 
Board [Tc 5h 7s Ad]
Seat 1: DaiSakana folded before Flop (didn't bet)
Seat 2: aaaarrrggh16 folded before Flop (didn't bet)
Seat 3: ImEngineer folded on the Turn
Seat 4: vazelin789 (button) folded before Flop (didn't bet)
Seat 5: BAHbKA003 (small blind) folded before Flop
Seat 6: 0œntroª¶ (big blind) folded before Flop
Seat 7: WeXx33 collected ($0.28)
Seat 8: acad2011 folded before Flop (didn't bet)
Seat 9: Dorex2007 folded before Flop (didn't bet)



PokerStars Hand #227663103895:  Hold'em No Limit ($0.01/$0.02 USD) - 2021/06/17 23:14:04 PT [2021/06/18 2:14:04 ET]
Table 'Humason II' 9-max Seat #5 is the button
Seat 1: DaiSakana ($2.32 in chips) 
Seat 2: aaaarrrggh16 ($1.26 in chips) 
Seat 3: ImEngineer ($1.81 in chips) 
Seat 4: vazelin789 ($1.57 in chips) 
Seat 5: BAHbKA003 ($4.32 in chips) 
Seat 6: 0œntroª¶ ($0.80 in chips) 
Seat 7: WeXx33 ($4.32 in chips) 
Seat 8: acad2011 ($1.72 in chips) 
Seat 9: Dorex2007 ($2.09 in chips) 
0œntroª¶: posts small blind $0.01
WeXx33: posts big blind $0.02
*** HOLE CARDS ***
Dealt to Dorex2007 [4c Ac]
acad2011: folds 
Dorex2007: folds 
DaiSakana: folds 
aaaarrrggh16: calls $0.02
ImEngineer: folds 
vazelin789: folds 
BAHbKA003: calls $0.02
0œntroª¶: folds 
WeXx33: checks 
*** FLOP *** [8d 8c Qs]
WeXx33: checks 
aaaarrrggh16: checks 
BAHbKA003: bets $0.05
WeXx33: folds 
aaaarrrggh16: calls $0.05
*** TURN *** [8d 8c Qs] [Qh]
aaaarrrggh16: checks 
BAHbKA003: checks 
*** RIVER *** [8d 8c Qs Qh] [8h]
aaaarrrggh16: checks 
BAHbKA003: checks 
*** SHOW DOWN ***
aaaarrrggh16: shows [2h 2c] (a full house, Eights full of Queens)
BAHbKA003: shows [3c 2d] (a full house, Eights full of Queens)
aaaarrrggh16 collected $0.08 from pot
BAHbKA003 collected $0.08 from pot
*** SUMMARY ***
Total pot $0.17 | Rake $0.01 
Board [8d 8c Qs Qh 8h]
Seat 1: DaiSakana folded before Flop (didn't bet)
Seat 2: aaaarrrggh16 showed [2h 2c] and won ($0.08) with a full house, Eights full of Queens
Seat 3: ImEngineer folded before Flop (didn't bet)
Seat 4: vazelin789 folded before Flop (didn't bet)
Seat 5: BAHbKA003 (button) showed [3c 2d] and won ($0.08) with a full house, Eights full of Queens
Seat 6: 0œntroª¶ (small blind) folded before Flop
Seat 7: WeXx33 (big blind) folded on the Flop
Seat 8: acad2011 folded before Flop (didn't bet)
Seat 9: Dorex2007 folded before Flop (didn't bet)



PokerStars Hand #227663112765:  Hold'em No Limit ($0.01/$0.02 USD) - 2021/06/17 23:15:10 PT [2021/06/18 2:15:10 ET]
Table 'Humason II' 9-max Seat #6 is the button
Seat 1: DaiSakana ($2.32 in chips) 
Seat 2: aaaarrrggh16 ($1.27 in chips) 
Seat 3: ImEngineer ($1.81 in chips) 
Seat 4: vazelin789 ($1.57 in chips) 
Seat 5: BAHbKA003 ($4.33 in chips) 
Seat 6: 0œntroª¶ ($0.79 in chips) 
Seat 7: WeXx33 ($4.30 in chips) 
Seat 8: acad2011 ($1.72 in chips) 
Seat 9: Dorex2007 ($2.09 in chips) 
WeXx33: posts small blind $0.01
acad2011: posts big blind $0.02
*** HOLE CARDS ***
Dealt to Dorex2007 [2c 9h]
Dorex2007: folds 
DaiSakana: folds 
aaaarrrggh16: folds 
ImEngineer: folds 
vazelin789: calls $0.02
BAHbKA003: folds 
0œntroª¶: calls $0.02
WeXx33: folds 
acad2011: checks 
*** FLOP *** [Qd 4s As]
acad2011: checks 
vazelin789: checks 
0œntroª¶: checks 
*** TURN *** [Qd 4s As] [8s]
acad2011: checks 
vazelin789: bets $0.04
0œntroª¶: calls $0.04
acad2011: calls $0.04
*** RIVER *** [Qd 4s As 8s] [2d]
acad2011: checks 
vazelin789: bets $0.06
0œntroª¶: calls $0.06
acad2011: calls $0.06
*** SHOW DOWN ***
vazelin789: shows [Qc Jc] (a pair of Queens)
0œntroª¶: mucks hand 
acad2011: shows [6s Ah] (a pair of Aces)
acad2011 collected $0.36 from pot
*** SUMMARY ***
Total pot $0.37 | Rake $0.01 
Board [Qd 4s As 8s 2d]
Seat 1: DaiSakana folded before Flop (didn't bet)
Seat 2: aaaarrrggh16 folded before Flop (didn't bet)
Seat 3: ImEngineer folded before Flop (didn't bet)
Seat 4: vazelin789 showed [Qc Jc] and lost with a pair of Queens
Seat 5: BAHbKA003 folded before Flop (didn't bet)
Seat 6: 0œntroª¶ (button) mucked [Js 8c]
Seat 7: WeXx33 (small blind) folded before Flop
Seat 8: acad2011 (big blind) showed [6s Ah] and won ($0.36) with a pair of Aces
Seat 9: Dorex2007 folded before Flop (didn't bet)



PokerStars Hand #227663147891:  Hold'em No Limit ($0.01/$0.02 USD) - 2021/06/17 23:19:30 PT [2021/06/18 2:19:30 ET]
Table 'Humason II' 9-max Seat #1 is the button
Seat 1: DaiSakana ($2.24 in chips) 
Seat 2: aaaarrrggh16 ($1.73 in chips) 
Seat 3: ImEngineer ($1.81 in chips) 
Seat 4: vazelin789 ($1.36 in chips) 
Seat 5: BAHbKA003 ($4.04 in chips) 
Seat 6: 0œntroª¶ ($0.80 in chips) 
Seat 7: WeXx33 ($4.29 in chips) 
Seat 8: acad2011 ($1.94 in chips) 
Seat 9: Dorex2007 ($2.09 in chips) 
aaaarrrggh16: posts small blind $0.01
ImEngineer: posts big blind $0.02
Dorex2007: posts small & big blinds $0.03
*** HOLE CARDS ***
Dealt to Dorex2007 [4h 5s]
vazelin789: calls $0.02
BAHbKA003: folds 
0œntroª¶: folds 
WeXx33: folds 
acad2011: calls $0.02
Dorex2007: checks 
DaiSakana: folds 
aaaarrrggh16: calls $0.01
ImEngineer: checks 
*** FLOP *** [2d Qs 6c]
aaaarrrggh16: bets $0.02
ImEngineer: folds 
vazelin789: calls $0.02
acad2011: calls $0.02
Dorex2007: folds 
*** TURN *** [2d Qs 6c] [5d]
aaaarrrggh16: bets $0.04
vazelin789: folds 
acad2011: folds 
Uncalled bet ($0.04) returned to aaaarrrggh16
aaaarrrggh16 collected $0.16 from pot
aaaarrrggh16: doesn't show hand 
*** SUMMARY ***
Total pot $0.17 | Rake $0.01 
Board [2d Qs 6c 5d]
Seat 1: DaiSakana (button) folded before Flop (didn't bet)
Seat 2: aaaarrrggh16 (small blind) collected ($0.16)
Seat 3: ImEngineer (big blind) folded on the Flop
Seat 4: vazelin789 folded on the Turn
Seat 5: BAHbKA003 folded before Flop (didn't bet)
Seat 6: 0œntroª¶ folded before Flop (didn't bet)
Seat 7: WeXx33 folded before Flop (didn't bet)
Seat 8: acad2011 folded on the Turn
Seat 9: Dorex2007 folded on the Flop (didn't bet)



PokerStars Hand #227663156467:  Hold'em No Limit ($0.01/$0.02 USD) - 2021/06/17 23:20:33 PT [2021/06/18 2:20:33 ET]
Table 'Humason II' 9-max Seat #2 is the button
Seat 1: DaiSakana ($2.24 in chips) 
Seat 2: aaaarrrggh16 ($1.85 in chips) 
Seat 3: ImEngineer ($1.79 in chips) 
Seat 4: vazelin789 ($1.32 in chips) 
Seat 5: BAHbKA003 ($4.04 in chips) 
Seat 6: 0œntroª¶ ($0.80 in chips) 
Seat 7: WeXx33 ($4.29 in chips) 
Seat 8: acad2011 ($1.90 in chips) 
Seat 9: Dorex2007 ($2.06 in chips) 
ImEngineer: posts small blind $0.01
vazelin789: posts big blind $0.02
*** HOLE CARDS ***
Dealt to Dorex2007 [2d Qc]
BAHbKA003: folds 
0œntroª¶: folds 
WeXx33: raises $0.04 to $0.06
acad2011: folds 
Dorex2007: folds 
DaiSakana: folds 
aaaarrrggh16: folds 
ImEngineer: folds 
vazelin789: folds 
Uncalled bet ($0.04) returned to WeXx33
WeXx33 collected $0.05 from pot
WeXx33: doesn't show hand 
*** SUMMARY ***
Total pot $0.05 | Rake $0 
Seat 1: DaiSakana folded before Flop (didn't bet)
Seat 2: aaaarrrggh16 (button) folded before Flop (didn't bet)
Seat 3: ImEngineer (small blind) folded before Flop
Seat 4: vazelin789 (big blind) folded before Flop
Seat 5: BAHbKA003 folded before Flop (didn't bet)
Seat 6: 0œntroª¶ folded before Flop (didn't bet)
Seat 7: WeXx33 collected ($0.05)
Seat 8: acad2011 folded before Flop (didn't bet)
Seat 9: Dorex2007 folded before Flop (didn't bet)



PokerStars Hand #227663158912:  Hold'em No Limit ($0.01/$0.02 USD) - 2021/06/17 23:20:51 PT [2021/06/18 2:20:51 ET]
Table 'Humason II' 9-max Seat #3 is the button
Seat 1: DaiSakana ($2.24 in chips) 
Seat 2: aaaarrrggh16 ($1.85 in chips) 
Seat 3: ImEngineer ($1.78 in chips) 
Seat 4: vazelin789 ($1.30 in chips) 
Seat 5: BAHbKA003 ($4.04 in chips) 
Seat 6: 0œntroª¶ ($0.80 in chips) 
Seat 7: WeXx33 ($4.32 in chips) 
Seat 8: acad2011 ($1.90 in chips) 
Seat 9: Dorex2007 ($2.06 in chips) 
vazelin789: posts small blind $0.01
BAHbKA003: posts big blind $0.02
*** HOLE CARDS ***
Dealt to Dorex2007 [Ah Ad]
0œntroª¶: raises $0.03 to $0.05
WeXx33: folds 
acad2011: folds 
Dorex2007: raises $0.11 to $0.16
DaiSakana: folds 
aaaarrrggh16: folds 
ImEngineer: folds 
vazelin789: folds 
BAHbKA003: folds 
0œntroª¶: folds 
Uncalled bet ($0.11) returned to Dorex2007
Dorex2007 collected $0.13 from pot
Dorex2007: doesn't show hand 
*** SUMMARY ***
Total pot $0.13 | Rake $0 
Seat 1: DaiSakana folded before Flop (didn't bet)
Seat 2: aaaarrrggh16 folded before Flop (didn't bet)
Seat 3: ImEngineer (button) folded before Flop (didn't bet)
Seat 4: vazelin789 (small blind) folded before Flop
Seat 5: BAHbKA003 (big blind) folded before Flop
Seat 6: 0œntroª¶ folded before Flop
Seat 7: WeXx33 folded before Flop (didn't bet)
Seat 8: acad2011 folded before Flop (didn't bet)
Seat 9: Dorex2007 collected ($0.13)



PokerStars Hand #227663164474:  Hold'em No Limit ($0.01/$0.02 USD) - 2021/06/17 23:21:33 PT [2021/06/18 2:21:33 ET]
Table 'Humason II' 9-max Seat #4 is the button
Seat 1: DaiSakana ($2.24 in chips) 
Seat 2: aaaarrrggh16 ($1.85 in chips) 
Seat 3: ImEngineer ($1.78 in chips) 
Seat 4: vazelin789 ($1.29 in chips) 
Seat 5: BAHbKA003 ($4.02 in chips) 
Seat 7: WeXx33 ($4.32 in chips) 
Seat 8: acad2011 ($1.90 in chips) 
Seat 9: Dorex2007 ($2.14 in chips) 
BAHbKA003: posts small blind $0.01
0œntroª¶: is sitting out 
WeXx33: posts big blind $0.02
*** HOLE CARDS ***
Dealt to Dorex2007 [Kh 4c]
0œntroª¶ leaves the table
acad2011: folds 
Dorex2007: folds 
DaiSakana: folds 
PollaxTroy joins the table at seat #6 
aaaarrrggh16: folds 
ImEngineer: folds 
vazelin789: calls $0.02
BAHbKA003: folds 
WeXx33: checks 
*** FLOP *** [6s Js 3h]
PollaxTroy leaves the table
WeXx33: checks 
vazelin789: checks 
*** TURN *** [6s Js 3h] [5s]
WeXx33: bets $0.05
vazelin789: calls $0.05
*** RIVER *** [6s Js 3h 5s] [7c]
WeXx33: bets $0.14
vazelin789: calls $0.14
*** SHOW DOWN ***
WeXx33: shows [7d 6d] (two pair, Sevens and Sixes)
vazelin789: mucks hand 
WeXx33 collected $0.41 from pot
*** SUMMARY ***
Total pot $0.43 | Rake $0.02 
Board [6s Js 3h 5s 7c]
Seat 1: DaiSakana folded before Flop (didn't bet)
Seat 2: aaaarrrggh16 folded before Flop (didn't bet)
Seat 3: ImEngineer folded before Flop (didn't bet)
Seat 4: vazelin789 (button) mucked [2s 2d]
Seat 5: BAHbKA003 (small blind) folded before Flop
Seat 7: WeXx33 (big blind) showed [7d 6d] and won ($0.41) with two pair, Sevens and Sixes
Seat 8: acad2011 folded before Flop (didn't bet)
Seat 9: Dorex2007 folded before Flop (didn't bet)



PokerStars Hand #227663175203:  Hold'em No Limit ($0.01/$0.02 USD) - 2021/06/17 23:22:52 PT [2021/06/18 2:22:52 ET]
Table 'Humason II' 9-max Seat #5 is the button
Seat 1: DaiSakana ($2.24 in chips) 
Seat 2: aaaarrrggh16 ($1.85 in chips) 
Seat 3: ImEngineer ($1.78 in chips) 
Seat 4: vazelin789 ($1.08 in chips) 
Seat 5: BAHbKA003 ($4.01 in chips) 
Seat 7: WeXx33 ($4.52 in chips) 
Seat 8: acad2011 ($1.90 in chips) 
Seat 9: Dorex2007 ($2.14 in chips) 
WeXx33: posts small blind $0.01
acad2011: posts big blind $0.02
*** HOLE CARDS ***
Dealt to Dorex2007 [5d 9d]
Dorex2007: folds 
DaiSakana: folds 
aaaarrrggh16: folds 
ImEngineer: folds 
vazelin789: calls $0.02
BAHbKA003: calls $0.02
WeXx33: folds 
KingGaming1 joins the table at seat #6 
acad2011: checks 
*** FLOP *** [Kc Kh Js]
acad2011: checks 
vazelin789: checks 
BAHbKA003: checks 
*** TURN *** [Kc Kh Js] [3d]
acad2011: checks 
vazelin789: checks 
BAHbKA003: checks 
*** RIVER *** [Kc Kh Js 3d] [Th]
acad2011: checks 
vazelin789: checks 
BAHbKA003: bets $0.05
acad2011: calls $0.05
vazelin789: folds 
*** SHOW DOWN ***
BAHbKA003: shows [Qc 8s] (a pair of Kings)
acad2011: shows [Qd Td] (two pair, Kings and Tens)
acad2011 collected $0.16 from pot
*** SUMMARY ***
Total pot $0.17 | Rake $0.01 
Board [Kc Kh Js 3d Th]
Seat 1: DaiSakana folded before Flop (didn't bet)
Seat 2: aaaarrrggh16 folded before Flop (didn't bet)
Seat 3: ImEngineer folded before Flop (didn't bet)
Seat 4: vazelin789 folded on the River
Seat 5: BAHbKA003 (button) showed [Qc 8s] and lost with a pair of Kings
Seat 7: WeXx33 (small blind) folded before Flop
Seat 8: acad2011 (big blind) showed [Qd Td] and won ($0.16) with two pair, Kings and Tens
Seat 9: Dorex2007 folded before Flop (didn't bet)



PokerStars Hand #227663185600:  Hold'em No Limit ($0.01/$0.02 USD) - 2021/06/17 23:24:08 PT [2021/06/18 2:24:08 ET]
Table 'Humason II' 9-max Seat #7 is the button
Seat 1: DaiSakana ($2.24 in chips) 
Seat 2: aaaarrrggh16 ($1.85 in chips) 
Seat 3: ImEngineer ($1.78 in chips) 
Seat 4: vazelin789 ($1.06 in chips) 
Seat 5: BAHbKA003 ($3.94 in chips) 
Seat 6: KingGaming1 ($1.60 in chips) 
Seat 7: WeXx33 ($4.51 in chips) 
Seat 8: acad2011 ($1.99 in chips) 
Seat 9: Dorex2007 ($2.14 in chips) 
acad2011: posts small blind $0.01
Dorex2007: posts big blind $0.02
KingGaming1: posts big blind $0.02
*** HOLE CARDS ***
Dealt to Dorex2007 [7h Ts]
DaiSakana: folds 
aaaarrrggh16: folds 
ImEngineer: folds 
vazelin789: folds 
BAHbKA003: raises $0.04 to $0.06
KingGaming1: folds 
WeXx33: folds 
acad2011: folds 
Dorex2007: folds 
Uncalled bet ($0.04) returned to BAHbKA003
BAHbKA003 collected $0.07 from pot
BAHbKA003: doesn't show hand 
*** SUMMARY ***
Total pot $0.07 | Rake $0 
Seat 1: DaiSakana folded before Flop (didn't bet)
Seat 2: aaaarrrggh16 folded before Flop (didn't bet)
Seat 3: ImEngineer folded before Flop (didn't bet)
Seat 4: vazelin789 folded before Flop (didn't bet)
Seat 5: BAHbKA003 collected ($0.07)
Seat 6: KingGaming1 folded before Flop (didn't bet)
Seat 7: WeXx33 (button) folded before Flop (didn't bet)
Seat 8: acad2011 (small blind) folded before Flop
Seat 9: Dorex2007 (big blind) folded before Flop



PokerStars Hand #227663189053:  Hold'em No Limit ($0.01/$0.02 USD) - 2021/06/17 23:24:33 PT [2021/06/18 2:24:33 ET]
Table 'Humason II' 9-max Seat #8 is the button
Seat 1: DaiSakana ($2.24 in chips) 
Seat 2: aaaarrrggh16 ($1.85 in chips) 
Seat 3: ImEngineer ($1.78 in chips) 
Seat 4: vazelin789 ($1.06 in chips) 
Seat 5: BAHbKA003 ($3.99 in chips) 
Seat 6: KingGaming1 ($1.58 in chips) 
Seat 7: WeXx33 ($4.51 in chips) 
Seat 8: acad2011 ($1.98 in chips) 
Seat 9: Dorex2007 ($2.12 in chips) 
Dorex2007: posts small blind $0.01
DaiSakana: posts big blind $0.02
*** HOLE CARDS ***
Dealt to Dorex2007 [9d 3d]
aaaarrrggh16: calls $0.02
ImEngineer: folds 
vazelin789: folds 
BAHbKA003: raises $0.06 to $0.08
KingGaming1: folds 
WeXx33: folds 
acad2011: folds 
Dorex2007: folds 
DaiSakana: folds 
aaaarrrggh16: folds 
Uncalled bet ($0.06) returned to BAHbKA003
BAHbKA003 collected $0.07 from pot
BAHbKA003: doesn't show hand 
*** SUMMARY ***
Total pot $0.07 | Rake $0 
Seat 1: DaiSakana (big blind) folded before Flop
Seat 2: aaaarrrggh16 folded before Flop
Seat 3: ImEngineer folded before Flop (didn't bet)
Seat 4: vazelin789 folded before Flop (didn't bet)
Seat 5: BAHbKA003 collected ($0.07)
Seat 6: KingGaming1 folded before Flop (didn't bet)
Seat 7: WeXx33 folded before Flop (didn't bet)
Seat 8: acad2011 (button) folded before Flop (didn't bet)
Seat 9: Dorex2007 (small blind) folded before Flop



PokerStars Hand #227663200361:  Hold'em No Limit ($0.01/$0.02 USD) - 2021/06/17 23:24:54 PT [2021/06/18 2:24:54 ET]
Table 'Humason II' 9-max Seat #9 is the button
Seat 1: DaiSakana ($2.22 in chips) 
Seat 2: aaaarrrggh16 ($1.83 in chips) 
Seat 3: ImEngineer ($1.78 in chips) 
Seat 4: vazelin789 ($1.06 in chips) 
Seat 5: BAHbKA003 ($4.04 in chips) 
Seat 6: KingGaming1 ($1.58 in chips) 
Seat 7: WeXx33 ($4.51 in chips) 
Seat 8: acad2011 ($1.98 in chips) 
Seat 9: Dorex2007 ($2.11 in chips) 
DaiSakana: posts small blind $0.01
aaaarrrggh16: posts big blind $0.02
*** HOLE CARDS ***
Dealt to Dorex2007 [8d 9d]
ImEngineer: folds 
vazelin789: folds 
BAHbKA003: raises $0.04 to $0.06
KingGaming1: folds 
WeXx33: folds 
acad2011: folds 
Dorex2007: folds 
DaiSakana: folds 
aaaarrrggh16: raises $0.15 to $0.21
BAHbKA003: calls $0.15
*** FLOP *** [2c 8c 2d]
aaaarrrggh16: bets $1.62 and is all-in
BAHbKA003: folds 
Uncalled bet ($1.62) returned to aaaarrrggh16
aaaarrrggh16 collected $0.41 from pot
aaaarrrggh16: doesn't show hand 
*** SUMMARY ***
Total pot $0.43 | Rake $0.02 
Board [2c 8c 2d]
Seat 1: DaiSakana (small blind) folded before Flop
Seat 2: aaaarrrggh16 (big blind) collected ($0.41)
Seat 3: ImEngineer folded before Flop (didn't bet)
Seat 4: vazelin789 folded before Flop (didn't bet)
Seat 5: BAHbKA003 folded on the Flop
Seat 6: KingGaming1 folded before Flop (didn't bet)
Seat 7: WeXx33 folded before Flop (didn't bet)
Seat 8: acad2011 folded before Flop (didn't bet)
Seat 9: Dorex2007 (button) folded before Flop (didn't bet)



PokerStars Hand #227663206649:  Hold'em No Limit ($0.01/$0.02 USD) - 2021/06/17 23:25:40 PT [2021/06/18 2:25:40 ET]
Table 'Humason II' 9-max Seat #1 is the button
Seat 1: DaiSakana ($2.21 in chips) 
Seat 2: aaaarrrggh16 ($2.03 in chips) 
Seat 3: ImEngineer ($1.78 in chips) 
Seat 4: vazelin789 ($1.06 in chips) 
Seat 5: BAHbKA003 ($3.83 in chips) 
Seat 6: KingGaming1 ($1.58 in chips) 
Seat 7: WeXx33 ($4.51 in chips) 
Seat 8: acad2011 ($1.98 in chips) 
Seat 9: Dorex2007 ($2.11 in chips) 
aaaarrrggh16: posts small blind $0.01
ImEngineer: posts big blind $0.02
*** HOLE CARDS ***
Dealt to Dorex2007 [8d Tc]
vazelin789: calls $0.02
BAHbKA003: folds 
KingGaming1: folds 
WeXx33: folds 
acad2011: calls $0.02
Dorex2007: folds 
DaiSakana: folds 
aaaarrrggh16: calls $0.01
ImEngineer: checks 
*** FLOP *** [Kd 6c Ks]
aaaarrrggh16: checks 
ImEngineer: checks 
vazelin789: checks 
acad2011: checks 
*** TURN *** [Kd 6c Ks] [5d]
aaaarrrggh16: checks 
ImEngineer: checks 
vazelin789: checks 
acad2011: bets $0.02
aaaarrrggh16: folds 
ImEngineer: folds 
vazelin789: calls $0.02
*** RIVER *** [Kd 6c Ks 5d] [Ad]
vazelin789: checks 
acad2011: checks 
*** SHOW DOWN ***
vazelin789: shows [Ac 3h] (two pair, Aces and Kings)
acad2011: mucks hand 
vazelin789 collected $0.12 from pot
*** SUMMARY ***
Total pot $0.12 | Rake $0 
Board [Kd 6c Ks 5d Ad]
Seat 1: DaiSakana (button) folded before Flop (didn't bet)
Seat 2: aaaarrrggh16 (small blind) folded on the Turn
Seat 3: ImEngineer (big blind) folded on the Turn
Seat 4: vazelin789 showed [Ac 3h] and won ($0.12) with two pair, Aces and Kings
Seat 5: BAHbKA003 folded before Flop (didn't bet)
Seat 6: KingGaming1 folded before Flop (didn't bet)
Seat 7: WeXx33 folded before Flop (didn't bet)
Seat 8: acad2011 mucked [7c 7d]
Seat 9: Dorex2007 folded before Flop (didn't bet)



PokerStars Hand #227663212917:  Hold'em No Limit ($0.01/$0.02 USD) - 2021/06/17 23:26:25 PT [2021/06/18 2:26:25 ET]
Table 'Humason II' 9-max Seat #2 is the button
Seat 1: DaiSakana ($2.21 in chips) 
Seat 2: aaaarrrggh16 ($2.01 in chips) 
Seat 3: ImEngineer ($1.76 in chips) 
Seat 5: BAHbKA003 ($3.83 in chips) 
Seat 6: KingGaming1 ($1.58 in chips) 
Seat 7: WeXx33 ($4.51 in chips) 
Seat 8: acad2011 ($1.94 in chips) 
Seat 9: Dorex2007 ($2.11 in chips) 
ImEngineer: posts small blind $0.01
BAHbKA003: posts big blind $0.02
*** HOLE CARDS ***
Dealt to Dorex2007 [6d 3d]
KingGaming1: folds 
WeXx33: folds 
acad2011: folds 
Dorex2007: folds 
DaiSakana: raises $0.03 to $0.05
aaaarrrggh16: calls $0.05
ImEngineer: calls $0.04
BAHbKA003: calls $0.03
*** FLOP *** [2s 7s 6c]
ImEngineer: checks 
BAHbKA003: bets $0.13
DaiSakana: folds 
aaaarrrggh16: calls $0.13
ImEngineer: folds 
*** TURN *** [2s 7s 6c] [9s]
BAHbKA003: checks 
aaaarrrggh16: checks 
*** RIVER *** [2s 7s 6c 9s] [Ac]
BAHbKA003: bets $0.22
aaaarrrggh16: calls $0.22
*** SHOW DOWN ***
BAHbKA003: shows [Jh Ks] (high card Ace)
aaaarrrggh16: shows [4h 7h] (a pair of Sevens)
aaaarrrggh16 collected $0.87 from pot
*** SUMMARY ***
Total pot $0.90 | Rake $0.03 
Board [2s 7s 6c 9s Ac]
Seat 1: DaiSakana folded on the Flop
Seat 2: aaaarrrggh16 (button) showed [4h 7h] and won ($0.87) with a pair of Sevens
Seat 3: ImEngineer (small blind) folded on the Flop
Seat 5: BAHbKA003 (big blind) showed [Jh Ks] and lost with high card Ace
Seat 6: KingGaming1 folded before Flop (didn't bet)
Seat 7: WeXx33 folded before Flop (didn't bet)
Seat 8: acad2011 folded before Flop (didn't bet)
Seat 9: Dorex2007 folded before Flop (didn't bet)



PokerStars Hand #227663220512:  Hold'em No Limit ($0.01/$0.02 USD) - 2021/06/17 23:27:21 PT [2021/06/18 2:27:21 ET]
Table 'Humason II' 9-max Seat #3 is the button
Seat 1: DaiSakana ($2.16 in chips) 
Seat 2: aaaarrrggh16 ($2.48 in chips) 
Seat 3: ImEngineer ($1.71 in chips) 
Seat 5: BAHbKA003 ($3.43 in chips) 
Seat 6: KingGaming1 ($1.58 in chips) 
Seat 7: WeXx33 ($4.51 in chips) 
Seat 8: acad2011 ($1.94 in chips) 
Seat 9: Dorex2007 ($2.11 in chips) 
BAHbKA003: posts small blind $0.01
KingGaming1: posts big blind $0.02
*** HOLE CARDS ***
Dealt to Dorex2007 [9h Jd]
WeXx33: calls $0.02
acad2011: calls $0.02
Dorex2007: folds 
DaiSakana: folds 
aaaarrrggh16: raises $0.04 to $0.06
ImEngineer: folds 
BAHbKA003: folds 
KingGaming1: folds 
WeXx33: calls $0.04
acad2011: calls $0.04
*** FLOP *** [9c Ah 7h]
WeXx33: checks 
acad2011: checks 
aaaarrrggh16: bets $0.10
WeXx33: folds 
acad2011: folds 
Uncalled bet ($0.10) returned to aaaarrrggh16
aaaarrrggh16 collected $0.20 from pot
aaaarrrggh16: doesn't show hand 
*** SUMMARY ***
Total pot $0.21 | Rake $0.01 
Board [9c Ah 7h]
Seat 1: DaiSakana folded before Flop (didn't bet)
Seat 2: aaaarrrggh16 collected ($0.20)
Seat 3: ImEngineer (button) folded before Flop (didn't bet)
Seat 5: BAHbKA003 (small blind) folded before Flop
Seat 6: KingGaming1 (big blind) folded before Flop
Seat 7: WeXx33 folded on the Flop
Seat 8: acad2011 folded on the Flop
Seat 9: Dorex2007 folded before Flop (didn't bet)



PokerStars Hand #227663226164:  Hold'em No Limit ($0.01/$0.02 USD) - 2021/06/17 23:28:03 PT [2021/06/18 2:28:03 ET]
Table 'Humason II' 9-max Seat #5 is the button
Seat 1: DaiSakana ($2.16 in chips) 
Seat 2: aaaarrrggh16 ($2.62 in chips) 
Seat 3: ImEngineer ($1.71 in chips) 
Seat 5: BAHbKA003 ($3.42 in chips) 
Seat 6: KingGaming1 ($1.56 in chips) 
Seat 7: WeXx33 ($4.45 in chips) 
Seat 8: acad2011 ($1.88 in chips) 
Seat 9: Dorex2007 ($2.11 in chips) 
KingGaming1: posts small blind $0.01
WeXx33: posts big blind $0.02
*** HOLE CARDS ***
Dealt to Dorex2007 [Ks Kh]
acad2011: folds 
Dorex2007: raises $0.04 to $0.06
DaiSakana: folds 
aaaarrrggh16: folds 
ImEngineer: folds 
BAHbKA003: calls $0.06
KingGaming1: calls $0.05
WeXx33: raises $4.39 to $4.45 and is all-in
Dorex2007: calls $2.05 and is all-in
BAHbKA003: folds 
KingGaming1: calls $1.50 and is all-in
Uncalled bet ($2.34) returned to WeXx33
*** FLOP *** [3h 9h Td]
*** TURN *** [3h 9h Td] [9c]
*** RIVER *** [3h 9h Td 9c] [4d]
*** SHOW DOWN ***
WeXx33: shows [Qs Qc] (two pair, Queens and Nines)
Dorex2007: shows [Ks Kh] (two pair, Kings and Nines)
Dorex2007 collected $1.07 from side pot
KingGaming1: shows [As Ac] (two pair, Aces and Nines)
KingGaming1 collected $4.57 from main pot
*** SUMMARY ***
Total pot $5.84 Main pot $4.57. Side pot $1.07. | Rake $0.20 
Board [3h 9h Td 9c 4d]
Seat 1: DaiSakana folded before Flop (didn't bet)
Seat 2: aaaarrrggh16 folded before Flop (didn't bet)
Seat 3: ImEngineer folded before Flop (didn't bet)
Seat 5: BAHbKA003 (button) folded before Flop
Seat 6: KingGaming1 (small blind) showed [As Ac] and won ($4.57) with two pair, Aces and Nines
Seat 7: WeXx33 (big blind) showed [Qs Qc] and lost with two pair, Queens and Nines
Seat 8: acad2011 folded before Flop (didn't bet)
Seat 9: Dorex2007 showed [Ks Kh] and won ($1.07) with two pair, Kings and Nines



PokerStars Hand #227663235108:  Hold'em No Limit ($0.01/$0.02 USD) - 2021/06/17 23:29:08 PT [2021/06/18 2:29:08 ET]
Table 'Humason II' 9-max Seat #6 is the button
Seat 1: DaiSakana ($2.16 in chips) 
Seat 2: aaaarrrggh16 ($2.62 in chips) 
Seat 3: ImEngineer ($1.71 in chips) 
Seat 5: BAHbKA003 ($3.36 in chips) 
Seat 6: KingGaming1 ($4.57 in chips) 
Seat 7: WeXx33 ($2.34 in chips) 
Seat 8: acad2011 ($1.88 in chips) 
Seat 9: Dorex2007 ($1.07 in chips) 
WeXx33: posts small blind $0.01
acad2011: posts big blind $0.02
*** HOLE CARDS ***
Dealt to Dorex2007 [Js 4c]
Dorex2007: folds 
DaiSakana: folds 
aaaarrrggh16: folds 
ImEngineer: folds 
BAHbKA003: raises $0.04 to $0.06
KingGaming1: folds 
WeXx33: folds 
acad2011: folds 
Uncalled bet ($0.04) returned to BAHbKA003
BAHbKA003 collected $0.05 from pot
BAHbKA003: doesn't show hand 
*** SUMMARY ***
Total pot $0.05 | Rake $0 
Seat 1: DaiSakana folded before Flop (didn't bet)
Seat 2: aaaarrrggh16 folded before Flop (didn't bet)
Seat 3: ImEngineer folded before Flop (didn't bet)
Seat 5: BAHbKA003 collected ($0.05)
Seat 6: KingGaming1 (button) folded before Flop (didn't bet)
Seat 7: WeXx33 (small blind) folded before Flop
Seat 8: acad2011 (big blind) folded before Flop
Seat 9: Dorex2007 folded before Flop (didn't bet)



PokerStars Hand #227663237789:  Hold'em No Limit ($0.01/$0.02 USD) - 2021/06/17 23:29:28 PT [2021/06/18 2:29:28 ET]
Table 'Humason II' 9-max Seat #7 is the button
Seat 1: DaiSakana ($2.16 in chips) 
Seat 2: aaaarrrggh16 ($2.62 in chips) 
Seat 3: ImEngineer ($1.71 in chips) 
Seat 5: BAHbKA003 ($3.39 in chips) 
Seat 6: KingGaming1 ($4.57 in chips) 
Seat 7: WeXx33 ($2.33 in chips) 
Seat 8: acad2011 ($1.86 in chips) 
Seat 9: Dorex2007 ($1.87 in chips) 
acad2011: posts small blind $0.01
Dorex2007: posts big blind $0.02
*** HOLE CARDS ***
Dealt to Dorex2007 [9d 9s]
DaiSakana: folds 
aaaarrrggh16: folds 
ImEngineer: folds 
BAHbKA003: raises $0.04 to $0.06
KingGaming1: folds 
WeXx33: folds 
acad2011: folds 
Dorex2007: calls $0.04
*** FLOP *** [7c 7h 3d]
Dorex2007: checks 
BAHbKA003: bets $0.09
Dorex2007: raises $0.11 to $0.20
BAHbKA003: folds 
Uncalled bet ($0.11) returned to Dorex2007
Dorex2007 collected $0.30 from pot
Dorex2007: doesn't show hand 
*** SUMMARY ***
Total pot $0.31 | Rake $0.01 
Board [7c 7h 3d]
Seat 1: DaiSakana folded before Flop (didn't bet)
Seat 2: aaaarrrggh16 folded before Flop (didn't bet)
Seat 3: ImEngineer folded before Flop (didn't bet)
Seat 5: BAHbKA003 folded on the Flop
Seat 6: KingGaming1 folded before Flop (didn't bet)
Seat 7: WeXx33 (button) folded before Flop (didn't bet)
Seat 8: acad2011 (small blind) folded before Flop
Seat 9: Dorex2007 (big blind) collected ($0.30)



PokerStars Hand #227663244155:  Hold'em No Limit ($0.01/$0.02 USD) - 2021/06/17 23:30:15 PT [2021/06/18 2:30:15 ET]
Table 'Humason II' 9-max Seat #8 is the button
Seat 1: DaiSakana ($2.16 in chips) 
Seat 2: aaaarrrggh16 ($2.62 in chips) 
Seat 3: ImEngineer ($1.71 in chips) 
Seat 5: BAHbKA003 ($3.24 in chips) 
Seat 6: KingGaming1 ($4.57 in chips) 
Seat 7: WeXx33 ($2.33 in chips) 
Seat 8: acad2011 ($1.85 in chips) 
Seat 9: Dorex2007 ($2.02 in chips) 
Dorex2007: posts small blind $0.01
DaiSakana: posts big blind $0.02
*** HOLE CARDS ***
Dealt to Dorex2007 [Tc Ac]
aaaarrrggh16: folds 
ImEngineer: folds 
BAHbKA003: folds 
KingGaming1: folds 
WeXx33: folds 
acad2011: calls $0.02
Dorex2007: calls $0.01
aaaarrrggh16 leaves the table
DaiSakana: checks 
*** FLOP *** [7d 2d Qd]
Dorex2007: checks 
DaiSakana: checks 
acad2011: checks 
*** TURN *** [7d 2d Qd] [8h]
6azx9 joins the table at seat #2 
Dorex2007: checks 
DaiSakana: checks 
acad2011: checks 
*** RIVER *** [7d 2d Qd 8h] [5s]
Dorex2007: checks 
DaiSakana: checks 
acad2011: checks 
*** SHOW DOWN ***
Dorex2007: shows [Tc Ac] (high card Ace)
DaiSakana: shows [5c 2s] (two pair, Fives and Deuces)
acad2011: mucks hand 
DaiSakana collected $0.06 from pot
*** SUMMARY ***
Total pot $0.06 | Rake $0 
Board [7d 2d Qd 8h 5s]
Seat 1: DaiSakana (big blind) showed [5c 2s] and won ($0.06) with two pair, Fives and Deuces
Seat 2: aaaarrrggh16 folded before Flop (didn't bet)
Seat 3: ImEngineer folded before Flop (didn't bet)
Seat 5: BAHbKA003 folded before Flop (didn't bet)
Seat 6: KingGaming1 folded before Flop (didn't bet)
Seat 7: WeXx33 folded before Flop (didn't bet)
Seat 8: acad2011 (button) mucked [7s Ah]
Seat 9: Dorex2007 (small blind) showed [Tc Ac] and lost with high card Ace



PokerStars Hand #227663249829:  Hold'em No Limit ($0.01/$0.02 USD) - 2021/06/17 23:30:56 PT [2021/06/18 2:30:56 ET]
Table 'Humason II' 9-max Seat #9 is the button
Seat 1: DaiSakana ($2.20 in chips) 
Seat 2: 6azx9 ($0.80 in chips) 
Seat 3: ImEngineer ($1.71 in chips) 
Seat 5: BAHbKA003 ($3.24 in chips) 
Seat 6: KingGaming1 ($4.57 in chips) 
Seat 7: WeXx33 ($2.33 in chips) 
Seat 8: acad2011 ($1.83 in chips) 
Seat 9: Dorex2007 ($2 in chips) 
DaiSakana: posts small blind $0.01
6azx9: posts big blind $0.02
*** HOLE CARDS ***
Dealt to Dorex2007 [7s 6h]
ImEngineer: folds 
BAHbKA003: raises $0.04 to $0.06
KingGaming1: folds 
WeXx33: folds 
acad2011: calls $0.06
Dorex2007: folds 
DaiSakana: folds 
6azx9: calls $0.04
*** FLOP *** [2h 7c 8d]
6azx9: checks 
BAHbKA003: checks 
acad2011: checks 
*** TURN *** [2h 7c 8d] [5c]
6azx9: bets $0.04
BAHbKA003: raises $0.13 to $0.17
acad2011: folds 
6azx9: calls $0.13
*** RIVER *** [2h 7c 8d 5c] [Td]
6azx9: bets $0.12
BAHbKA003: folds 
Uncalled bet ($0.12) returned to 6azx9
6azx9 collected $0.51 from pot
6azx9: doesn't show hand 
*** SUMMARY ***
Total pot $0.53 | Rake $0.02 
Board [2h 7c 8d 5c Td]
Seat 1: DaiSakana (small blind) folded before Flop
Seat 2: 6azx9 (big blind) collected ($0.51)
Seat 3: ImEngineer folded before Flop (didn't bet)
Seat 5: BAHbKA003 folded on the River
Seat 6: KingGaming1 folded before Flop (didn't bet)
Seat 7: WeXx33 folded before Flop (didn't bet)
Seat 8: acad2011 folded on the Turn
Seat 9: Dorex2007 (button) folded before Flop (didn't bet)



PokerStars Hand #227663262023:  Hold'em No Limit ($0.01/$0.02 USD) - 2021/06/17 23:32:25 PT [2021/06/18 2:32:25 ET]
Table 'Humason II' 9-max Seat #1 is the button
Seat 1: DaiSakana ($2.19 in chips) 
Seat 2: 6azx9 ($1.08 in chips) 
Seat 3: ImEngineer ($1.71 in chips) 
Seat 5: BAHbKA003 ($3.01 in chips) 
Seat 6: KingGaming1 ($4.57 in chips) 
Seat 7: WeXx33 ($2.33 in chips) 
Seat 8: acad2011 ($1.77 in chips) 
Seat 9: Dorex2007 ($2 in chips) 
6azx9: posts small blind $0.01
ImEngineer: posts big blind $0.02
*** HOLE CARDS ***
Dealt to Dorex2007 [5d Ac]
BAHbKA003: folds 
KingGaming1: folds 
WeXx33: folds 
acad2011: calls $0.02
Dorex2007: folds 
DaiSakana: raises $0.06 to $0.08
6azx9: folds 
ImEngineer: calls $0.06
acad2011: folds 
*** FLOP *** [9s Jh 4d]
ImEngineer: checks 
DaiSakana: checks 
*** TURN *** [9s Jh 4d] [Qc]
ImEngineer: checks 
DaiSakana: checks 
*** RIVER *** [9s Jh 4d Qc] [7d]
ImEngineer: checks 
DaiSakana: checks 
*** SHOW DOWN ***
ImEngineer: shows [8h 9d] (a pair of Nines)
DaiSakana: mucks hand 
ImEngineer collected $0.18 from pot
*** SUMMARY ***
Total pot $0.19 | Rake $0.01 
Board [9s Jh 4d Qc 7d]
Seat 1: DaiSakana (button) mucked [Ad 6s]
Seat 2: 6azx9 (small blind) folded before Flop
Seat 3: ImEngineer (big blind) showed [8h 9d] and won ($0.18) with a pair of Nines
Seat 5: BAHbKA003 folded before Flop (didn't bet)
Seat 6: KingGaming1 folded before Flop (didn't bet)
Seat 7: WeXx33 folded before Flop (didn't bet)
Seat 8: acad2011 folded before Flop
Seat 9: Dorex2007 folded before Flop (didn't bet)



PokerStars Hand #227663268400:  Hold'em No Limit ($0.01/$0.02 USD) - 2021/06/17 23:33:11 PT [2021/06/18 2:33:11 ET]
Table 'Humason II' 9-max Seat #2 is the button
Seat 1: DaiSakana ($2.11 in chips) 
Seat 2: 6azx9 ($1.07 in chips) 
Seat 3: ImEngineer ($1.81 in chips) 
Seat 5: BAHbKA003 ($3.01 in chips) 
Seat 6: KingGaming1 ($4.57 in chips) 
Seat 7: WeXx33 ($2.33 in chips) 
Seat 8: acad2011 ($1.75 in chips) 
Seat 9: Dorex2007 ($2 in chips) 
ImEngineer: posts small blind $0.01
BAHbKA003: posts big blind $0.02
*** HOLE CARDS ***
Dealt to Dorex2007 [7d Jh]
KingGaming1: folds 
WeXx33: folds 
acad2011: calls $0.02
Dorex2007: folds 
DaiSakana: folds 
6azx9: calls $0.02
ImEngineer: folds 
BAHbKA003: checks 
*** FLOP *** [9c 5h 2s]
BAHbKA003: bets $0.05
acad2011: calls $0.05
6azx9: calls $0.05
*** TURN *** [9c 5h 2s] [8d]
BAHbKA003: checks 
acad2011: bets $0.08
6azx9: folds 
vazelin789 leaves the table
BAHbKA003: raises $0.18 to $0.26
acad2011: calls $0.18
*** RIVER *** [9c 5h 2s 8d] [Jc]
Dimarik8686 joins the table at seat #4 
BAHbKA003: checks 
acad2011: checks 
*** SHOW DOWN ***
BAHbKA003: shows [9s Tc] (a pair of Nines)
acad2011: shows [9d Td] (a pair of Nines)
BAHbKA003 collected $0.36 from pot
acad2011 collected $0.35 from pot
*** SUMMARY ***
Total pot $0.74 | Rake $0.03 
Board [9c 5h 2s 8d Jc]
Seat 1: DaiSakana folded before Flop (didn't bet)
Seat 2: 6azx9 (button) folded on the Turn
Seat 3: ImEngineer (small blind) folded before Flop
Seat 5: BAHbKA003 (big blind) showed [9s Tc] and won ($0.36) with a pair of Nines
Seat 6: KingGaming1 folded before Flop (didn't bet)
Seat 7: WeXx33 folded before Flop (didn't bet)
Seat 8: acad2011 showed [9d Td] and won ($0.35) with a pair of Nines
Seat 9: Dorex2007 folded before Flop (didn't bet)



PokerStars Hand #227663279435:  Hold'em No Limit ($0.01/$0.02 USD) - 2021/06/17 23:34:30 PT [2021/06/18 2:34:30 ET]
Table 'Humason II' 9-max Seat #3 is the button
Seat 1: DaiSakana ($2.11 in chips) 
Seat 2: 6azx9 ($1 in chips) 
Seat 3: ImEngineer ($1.80 in chips) 
Seat 5: BAHbKA003 ($3.04 in chips) 
Seat 6: KingGaming1 ($4.57 in chips) 
Seat 7: WeXx33 ($2.33 in chips) 
Seat 8: acad2011 ($1.77 in chips) 
Seat 9: Dorex2007 ($2 in chips) 
BAHbKA003: posts small blind $0.01
KingGaming1: posts big blind $0.02
*** HOLE CARDS ***
Dealt to Dorex2007 [9c 3c]
WeXx33: folds 
acad2011: folds 
Dorex2007: folds 
DaiSakana: folds 
6azx9: folds 
ImEngineer: calls $0.02
BAHbKA003: folds 
KingGaming1: checks 
*** FLOP *** [4s 5h 3d]
KingGaming1: bets $0.03
ImEngineer: folds 
Uncalled bet ($0.03) returned to KingGaming1
KingGaming1 collected $0.05 from pot
KingGaming1: doesn't show hand 
*** SUMMARY ***
Total pot $0.05 | Rake $0 
Board [4s 5h 3d]
Seat 1: DaiSakana folded before Flop (didn't bet)
Seat 2: 6azx9 folded before Flop (didn't bet)
Seat 3: ImEngineer (button) folded on the Flop
Seat 5: BAHbKA003 (small blind) folded before Flop
Seat 6: KingGaming1 (big blind) collected ($0.05)
Seat 7: WeXx33 folded before Flop (didn't bet)
Seat 8: acad2011 folded before Flop (didn't bet)
Seat 9: Dorex2007 folded before Flop (didn't bet)



PokerStars Hand #227663283324:  Hold'em No Limit ($0.01/$0.02 USD) - 2021/06/17 23:34:58 PT [2021/06/18 2:34:58 ET]
Table 'Humason II' 9-max Seat #5 is the button
Seat 1: DaiSakana ($2.11 in chips) 
Seat 2: 6azx9 ($1 in chips) 
Seat 3: ImEngineer ($1.78 in chips) 
Seat 5: BAHbKA003 ($3.03 in chips) 
Seat 6: KingGaming1 ($4.60 in chips) 
Seat 7: WeXx33 ($2.33 in chips) 
Seat 8: acad2011 ($1.77 in chips) 
Seat 9: Dorex2007 ($2 in chips) 
KingGaming1: posts small blind $0.01
WeXx33: posts big blind $0.02
Dimarik8686: sits out 
*** HOLE CARDS ***
Dealt to Dorex2007 [4d 7c]
acad2011: folds 
Dorex2007: folds 
DaiSakana: raises $0.03 to $0.05
6azx9: folds 
ImEngineer: folds 
BAHbKA003: calls $0.05
KingGaming1: calls $0.04
WeXx33: folds 
*** FLOP *** [As Ad Qh]
KingGaming1: checks 
DaiSakana: bets $0.05
BAHbKA003: folds 
KingGaming1: calls $0.05
*** TURN *** [As Ad Qh] [8c]
KingGaming1: bets $0.13
DaiSakana: calls $0.13
*** RIVER *** [As Ad Qh 8c] [Kh]
KingGaming1: bets $0.27
DaiSakana: calls $0.27
*** SHOW DOWN ***
KingGaming1: shows [Ah Ts] (three of a kind, Aces)
DaiSakana: shows [Jc Ac] (three of a kind, Aces)
KingGaming1 collected $0.52 from pot
DaiSakana collected $0.51 from pot
*** SUMMARY ***
Total pot $1.07 | Rake $0.04 
Board [As Ad Qh 8c Kh]
Seat 1: DaiSakana showed [Jc Ac] and won ($0.51) with three of a kind, Aces
Seat 2: 6azx9 folded before Flop (didn't bet)
Seat 3: ImEngineer folded before Flop (didn't bet)
Seat 5: BAHbKA003 (button) folded on the Flop
Seat 6: KingGaming1 (small blind) showed [Ah Ts] and won ($0.52) with three of a kind, Aces
Seat 7: WeXx33 (big blind) folded before Flop
Seat 8: acad2011 folded before Flop (didn't bet)
Seat 9: Dorex2007 folded before Flop (didn't bet)



PokerStars Hand #227663294841:  Hold'em No Limit ($0.01/$0.02 USD) - 2021/06/17 23:36:21 PT [2021/06/18 2:36:21 ET]
Table 'Humason II' 9-max Seat #6 is the button
Seat 1: DaiSakana ($2.12 in chips) 
Seat 2: 6azx9 ($1 in chips) 
Seat 3: ImEngineer ($1.78 in chips) 
Seat 5: BAHbKA003 ($2.98 in chips) 
Seat 6: KingGaming1 ($4.62 in chips) 
Seat 7: WeXx33 ($2.31 in chips) 
Seat 8: acad2011 ($1.77 in chips) 
Seat 9: Dorex2007 ($2 in chips) 
WeXx33: posts small blind $0.01
acad2011: posts big blind $0.02
Dimarik8686: sits out 
*** HOLE CARDS ***
Dealt to Dorex2007 [7d 3c]
Dorex2007: folds 
DaiSakana: folds 
6azx9: folds 
ImEngineer: folds 
BAHbKA003: raises $0.04 to $0.06
KingGaming1: folds 
WeXx33: folds 
acad2011: calls $0.04
*** FLOP *** [Ac Th Ts]
acad2011: checks 
BAHbKA003: bets $0.09
acad2011: folds 
Uncalled bet ($0.09) returned to BAHbKA003
BAHbKA003 collected $0.13 from pot
BAHbKA003: doesn't show hand 
*** SUMMARY ***
Total pot $0.13 | Rake $0 
Board [Ac Th Ts]
Seat 1: DaiSakana folded before Flop (didn't bet)
Seat 2: 6azx9 folded before Flop (didn't bet)
Seat 3: ImEngineer folded before Flop (didn't bet)
Seat 5: BAHbKA003 collected ($0.13)
Seat 6: KingGaming1 (button) folded before Flop (didn't bet)
Seat 7: WeXx33 (small blind) folded before Flop
Seat 8: acad2011 (big blind) folded on the Flop
Seat 9: Dorex2007 folded before Flop (didn't bet)



PokerStars Hand #227663299238:  Hold'em No Limit ($0.01/$0.02 USD) - 2021/06/17 23:36:53 PT [2021/06/18 2:36:53 ET]
Table 'Humason II' 9-max Seat #7 is the button
Seat 1: DaiSakana ($2.12 in chips) 
Seat 2: 6azx9 ($1 in chips) 
Seat 3: ImEngineer ($1.78 in chips) 
Seat 5: BAHbKA003 ($3.05 in chips) 
Seat 6: KingGaming1 ($4.62 in chips) 
Seat 7: WeXx33 ($2.30 in chips) 
Seat 8: acad2011 ($1.71 in chips) 
Seat 9: Dorex2007 ($2 in chips) 
acad2011: posts small blind $0.01
Dorex2007: posts big blind $0.02
Dimarik8686: sits out 
*** HOLE CARDS ***
Dealt to Dorex2007 [5h 2c]
DaiSakana: folds 
6azx9: folds 
ImEngineer: folds 
BAHbKA003: folds 
KingGaming1: folds 
WeXx33: folds 
acad2011: calls $0.01
Dorex2007: checks 
*** FLOP *** [Ks 3h 3s]
acad2011: checks 
Dorex2007: checks 
*** TURN *** [Ks 3h 3s] [7d]
acad2011: checks 
Dorex2007: checks 
*** RIVER *** [Ks 3h 3s 7d] [4s]
acad2011: checks 
Dorex2007: bets $0.04
acad2011: folds 
Uncalled bet ($0.04) returned to Dorex2007
Dorex2007 collected $0.04 from pot
Dorex2007: doesn't show hand 
*** SUMMARY ***
Total pot $0.04 | Rake $0 
Board [Ks 3h 3s 7d 4s]
Seat 1: DaiSakana folded before Flop (didn't bet)
Seat 2: 6azx9 folded before Flop (didn't bet)
Seat 3: ImEngineer folded before Flop (didn't bet)
Seat 5: BAHbKA003 folded before Flop (didn't bet)
Seat 6: KingGaming1 folded before Flop (didn't bet)
Seat 7: WeXx33 (button) folded before Flop (didn't bet)
Seat 8: acad2011 (small blind) folded on the River
Seat 9: Dorex2007 (big blind) collected ($0.04)



PokerStars Hand #227663303427:  Hold'em No Limit ($0.01/$0.02 USD) - 2021/06/17 23:37:23 PT [2021/06/18 2:37:23 ET]
Table 'Humason II' 9-max Seat #8 is the button
Seat 1: DaiSakana ($2.12 in chips) 
Seat 2: 6azx9 ($1 in chips) 
Seat 3: ImEngineer ($1.78 in chips) 
Seat 5: BAHbKA003 ($3.05 in chips) 
Seat 6: KingGaming1 ($4.62 in chips) 
Seat 7: WeXx33 ($2.30 in chips) 
Seat 8: acad2011 ($1.69 in chips) 
Seat 9: Dorex2007 ($2.02 in chips) 
Dorex2007: posts small blind $0.01
DaiSakana: posts big blind $0.02
Dimarik8686: sits out 
*** HOLE CARDS ***
Dealt to Dorex2007 [Ks Td]
6azx9: raises $0.02 to $0.04
ImEngineer: folds 
BAHbKA003: folds 
KingGaming1: folds 
WeXx33: folds 
acad2011: calls $0.04
Dorex2007: folds 
DaiSakana: folds 
*** FLOP *** [8c Kd 9h]
6azx9: bets $0.06
acad2011: calls $0.06
*** TURN *** [8c Kd 9h] [5h]
6azx9: bets $0.04
acad2011: calls $0.04
*** RIVER *** [8c Kd 9h 5h] [6h]
6azx9: bets $0.10
acad2011: calls $0.10
*** SHOW DOWN ***
6azx9: shows [9c Jc] (a pair of Nines)
acad2011: shows [Qs Kc] (a pair of Kings)
acad2011 collected $0.49 from pot
*** SUMMARY ***
Total pot $0.51 | Rake $0.02 
Board [8c Kd 9h 5h 6h]
Seat 1: DaiSakana (big blind) folded before Flop
Seat 2: 6azx9 showed [9c Jc] and lost with a pair of Nines
Seat 3: ImEngineer folded before Flop (didn't bet)
Seat 5: BAHbKA003 folded before Flop (didn't bet)
Seat 6: KingGaming1 folded before Flop (didn't bet)
Seat 7: WeXx33 folded before Flop (didn't bet)
Seat 8: acad2011 (button) showed [Qs Kc] and won ($0.49) with a pair of Kings
Seat 9: Dorex2007 (small blind) folded before Flop



PokerStars Hand #227663309683:  Hold'em No Limit ($0.01/$0.02 USD) - 2021/06/17 23:38:08 PT [2021/06/18 2:38:08 ET]
Table 'Humason II' 9-max Seat #9 is the button
Seat 1: DaiSakana ($2.10 in chips) 
Seat 2: 6azx9 ($0.76 in chips) 
Seat 3: ImEngineer ($1.78 in chips) 
Seat 5: BAHbKA003 ($3.05 in chips) 
Seat 6: KingGaming1 ($4.62 in chips) 
Seat 7: WeXx33 ($2.30 in chips) 
Seat 8: acad2011 ($1.94 in chips) 
Seat 9: Dorex2007 ($2.01 in chips) 
DaiSakana: posts small blind $0.01
6azx9: posts big blind $0.02
Dimarik8686: sits out 
*** HOLE CARDS ***
Dealt to Dorex2007 [7h 3h]
ImEngineer has timed out
ImEngineer: folds 
BAHbKA003: folds 
KingGaming1: folds 
WeXx33: raises $0.04 to $0.06
acad2011: folds 
Dorex2007: folds 
DaiSakana: folds 
6azx9: folds 
Uncalled bet ($0.04) returned to WeXx33
WeXx33 collected $0.05 from pot
WeXx33: doesn't show hand 
*** SUMMARY ***
Total pot $0.05 | Rake $0 
Seat 1: DaiSakana (small blind) folded before Flop
Seat 2: 6azx9 (big blind) folded before Flop
Seat 3: ImEngineer folded before Flop (didn't bet)
Seat 5: BAHbKA003 folded before Flop (didn't bet)
Seat 6: KingGaming1 folded before Flop (didn't bet)
Seat 7: WeXx33 collected ($0.05)
Seat 8: acad2011 folded before Flop (didn't bet)
Seat 9: Dorex2007 (button) folded before Flop (didn't bet)



PokerStars Hand #227663313253:  Hold'em No Limit ($0.01/$0.02 USD) - 2021/06/17 23:38:33 PT [2021/06/18 2:38:33 ET]
Table 'Humason II' 9-max Seat #1 is the button
Seat 1: DaiSakana ($2.09 in chips) 
Seat 2: 6azx9 ($0.74 in chips) 
Seat 4: Dimarik8686 ($2 in chips) 
Seat 5: BAHbKA003 ($3.05 in chips) 
Seat 6: KingGaming1 ($4.62 in chips) 
Seat 7: WeXx33 ($2.33 in chips) 
Seat 8: acad2011 ($1.94 in chips) 
Seat 9: Dorex2007 ($2.01 in chips) 
6azx9: posts small blind $0.01
Dimarik8686: posts big blind $0.02
*** HOLE CARDS ***
Dealt to Dorex2007 [7d Ah]
BAHbKA003: folds 
KingGaming1: folds 
WeXx33: folds 
acad2011: calls $0.02
Dorex2007: folds 
DaiSakana: folds 
6azx9: calls $0.01
Dimarik8686: checks 
*** FLOP *** [Qh 5h 5s]
6azx9: checks 
Dimarik8686: checks 
acad2011: checks 
*** TURN *** [Qh 5h 5s] [8d]
6azx9: checks 
Dimarik8686: checks 
acad2011: checks 
*** RIVER *** [Qh 5h 5s 8d] [4c]
6azx9: bets $0.02
ImEngineer leaves the table
Dimarik8686: folds 
acad2011: folds 
Uncalled bet ($0.02) returned to 6azx9
6azx9 collected $0.06 from pot
6azx9: doesn't show hand 
*** SUMMARY ***
Total pot $0.06 | Rake $0 
Board [Qh 5h 5s 8d 4c]
Seat 1: DaiSakana (button) folded before Flop (didn't bet)
Seat 2: 6azx9 (small blind) collected ($0.06)
Seat 4: Dimarik8686 (big blind) folded on the River
Seat 5: BAHbKA003 folded before Flop (didn't bet)
Seat 6: KingGaming1 folded before Flop (didn't bet)
Seat 7: WeXx33 folded before Flop (didn't bet)
Seat 8: acad2011 folded on the River
Seat 9: Dorex2007 folded before Flop (didn't bet)



PokerStars Hand #227663320626:  Hold'em No Limit ($0.01/$0.02 USD) - 2021/06/17 23:39:26 PT [2021/06/18 2:39:26 ET]
Table 'Humason II' 9-max Seat #2 is the button
Seat 1: DaiSakana ($2.09 in chips) 
Seat 2: 6azx9 ($0.78 in chips) 
Seat 4: Dimarik8686 ($2 in chips) 
Seat 5: BAHbKA003 ($3.05 in chips) 
Seat 6: KingGaming1 ($4.62 in chips) 
Seat 7: WeXx33 ($2.33 in chips) 
Seat 8: acad2011 ($1.92 in chips) 
Seat 9: Dorex2007 ($2.01 in chips) 
Dimarik8686: posts small blind $0.01
BAHbKA003: posts big blind $0.02
*** HOLE CARDS ***
Dealt to Dorex2007 [4h 7d]
KingGaming1: folds 
WeXx33: folds 
acad2011: folds 
Dorex2007: folds 
DaiSakana: folds 
6azx9: calls $0.02
Dimarik8686: folds 
Noob85110 joins the table at seat #3 
BAHbKA003: checks 
*** FLOP *** [8c 9c 8d]
BAHbKA003: checks 
6azx9: bets $0.02
BAHbKA003: calls $0.02
*** TURN *** [8c 9c 8d] [5d]
BAHbKA003: checks 
6azx9: bets $0.06
BAHbKA003: raises $0.20 to $0.26
6azx9: folds 
Uncalled bet ($0.20) returned to BAHbKA003
BAHbKA003 collected $0.20 from pot
BAHbKA003: doesn't show hand 
*** SUMMARY ***
Total pot $0.21 | Rake $0.01 
Board [8c 9c 8d 5d]
Seat 1: DaiSakana folded before Flop (didn't bet)
Seat 2: 6azx9 (button) folded on the Turn
Seat 4: Dimarik8686 (small blind) folded before Flop
Seat 5: BAHbKA003 (big blind) collected ($0.20)
Seat 6: KingGaming1 folded before Flop (didn't bet)
Seat 7: WeXx33 folded before Flop (didn't bet)
Seat 8: acad2011 folded before Flop (didn't bet)
Seat 9: Dorex2007 folded before Flop (didn't bet)



PokerStars Hand #227663327169:  Hold'em No Limit ($0.01/$0.02 USD) - 2021/06/17 23:40:14 PT [2021/06/18 2:40:14 ET]
Table 'Humason II' 9-max Seat #4 is the button
Seat 1: DaiSakana ($2.09 in chips) 
Seat 2: 6azx9 ($0.68 in chips) 
Seat 3: Noob85110 ($2 in chips) 
Seat 4: Dimarik8686 ($2 in chips) 
Seat 5: BAHbKA003 ($3.15 in chips) 
Seat 6: KingGaming1 ($4.62 in chips) 
Seat 7: WeXx33 ($2.33 in chips) 
Seat 8: acad2011 ($1.92 in chips) 
Seat 9: Dorex2007 ($2.01 in chips) 
BAHbKA003: posts small blind $0.01
KingGaming1: posts big blind $0.02
Noob85110: posts big blind $0.02
*** HOLE CARDS ***
Dealt to Dorex2007 [Kh 6c]
WeXx33: folds 
acad2011: calls $0.02
Dorex2007: folds 
DaiSakana: folds 
6azx9: calls $0.02
Noob85110: checks 
Dimarik8686: folds 
BAHbKA003: folds 
KingGaming1: checks 
*** FLOP *** [Ks 6d Th]
KingGaming1: checks 
acad2011: checks 
6azx9: checks 
Noob85110: checks 
*** TURN *** [Ks 6d Th] [2d]
KingGaming1: checks 
acad2011: checks 
6azx9: bets $0.02
Noob85110: calls $0.02
KingGaming1: folds 
acad2011: calls $0.02
*** RIVER *** [Ks 6d Th 2d] [8d]
acad2011: checks 
6azx9: bets $0.06
Noob85110: folds 
acad2011: folds 
Uncalled bet ($0.06) returned to 6azx9
6azx9 collected $0.14 from pot
6azx9: doesn't show hand 
*** SUMMARY ***
Total pot $0.15 | Rake $0.01 
Board [Ks 6d Th 2d 8d]
Seat 1: DaiSakana folded before Flop (didn't bet)
Seat 2: 6azx9 collected ($0.14)
Seat 3: Noob85110 folded on the River
Seat 4: Dimarik8686 (button) folded before Flop (didn't bet)
Seat 5: BAHbKA003 (small blind) folded before Flop
Seat 6: KingGaming1 (big blind) folded on the Turn
Seat 7: WeXx33 folded before Flop (didn't bet)
Seat 8: acad2011 folded on the River
Seat 9: Dorex2007 folded before Flop (didn't bet)



PokerStars Hand #227663340207:  Hold'em No Limit ($0.01/$0.02 USD) - 2021/06/17 23:41:47 PT [2021/06/18 2:41:47 ET]
Table 'Humason II' 9-max Seat #5 is the button
Seat 1: DaiSakana ($2.09 in chips) 
Seat 2: 6azx9 ($0.78 in chips) 
Seat 3: Noob85110 ($1.96 in chips) 
Seat 4: Dimarik8686 ($2 in chips) 
Seat 5: BAHbKA003 ($3.14 in chips) 
Seat 6: KingGaming1 ($4.60 in chips) 
Seat 7: WeXx33 ($2.33 in chips) 
Seat 8: acad2011 ($1.88 in chips) 
Seat 9: Dorex2007 ($2.01 in chips) 
KingGaming1: posts small blind $0.01
WeXx33: posts big blind $0.02
*** HOLE CARDS ***
Dealt to Dorex2007 [Ac 8c]
acad2011: calls $0.02
Dorex2007: folds 
DaiSakana: folds 
6azx9: calls $0.02
Noob85110: folds 
Dimarik8686: folds 
BAHbKA003: raises $0.10 to $0.12
KingGaming1: folds 
WeXx33: calls $0.10
acad2011: folds 
6azx9: folds 
*** FLOP *** [Ts Kd 6c]
WeXx33: checks 
BAHbKA003: bets $0.19
WeXx33: folds 
Uncalled bet ($0.19) returned to BAHbKA003
BAHbKA003 collected $0.28 from pot
BAHbKA003: doesn't show hand 
*** SUMMARY ***
Total pot $0.29 | Rake $0.01 
Board [Ts Kd 6c]
Seat 1: DaiSakana folded before Flop (didn't bet)
Seat 2: 6azx9 folded before Flop
Seat 3: Noob85110 folded before Flop (didn't bet)
Seat 4: Dimarik8686 folded before Flop (didn't bet)
Seat 5: BAHbKA003 (button) collected ($0.28)
Seat 6: KingGaming1 (small blind) folded before Flop
Seat 7: WeXx33 (big blind) folded on the Flop
Seat 8: acad2011 folded before Flop
Seat 9: Dorex2007 folded before Flop (didn't bet)



PokerStars Hand #227663347834:  Hold'em No Limit ($0.01/$0.02 USD) - 2021/06/17 23:42:42 PT [2021/06/18 2:42:42 ET]
Table 'Humason II' 9-max Seat #6 is the button
Seat 1: DaiSakana ($2.09 in chips) 
Seat 2: 6azx9 ($0.76 in chips) 
Seat 3: Noob85110 ($1.96 in chips) 
Seat 4: Dimarik8686 ($2 in chips) 
Seat 5: BAHbKA003 ($3.30 in chips) 
Seat 6: KingGaming1 ($4.59 in chips) 
Seat 7: WeXx33 ($2.21 in chips) 
Seat 8: acad2011 ($1.86 in chips) 
Seat 9: Dorex2007 ($2.01 in chips) 
WeXx33: posts small blind $0.01
acad2011: posts big blind $0.02
*** HOLE CARDS ***
Dealt to Dorex2007 [5c 7h]
Dorex2007: folds 
DaiSakana: folds 
6azx9: raises $0.02 to $0.04
Noob85110: calls $0.04
Dimarik8686: folds 
BAHbKA003: calls $0.04
KingGaming1: raises $0.20 to $0.24
WeXx33: folds 
acad2011: folds 
6azx9: folds 
Noob85110: folds 
BAHbKA003: calls $0.20
*** FLOP *** [4s Jh 6h]
BAHbKA003: checks 
KingGaming1: bets $0.20
BAHbKA003: folds 
Uncalled bet ($0.20) returned to KingGaming1
KingGaming1 collected $0.57 from pot
KingGaming1: doesn't show hand 
*** SUMMARY ***
Total pot $0.59 | Rake $0.02 
Board [4s Jh 6h]
Seat 1: DaiSakana folded before Flop (didn't bet)
Seat 2: 6azx9 folded before Flop
Seat 3: Noob85110 folded before Flop
Seat 4: Dimarik8686 folded before Flop (didn't bet)
Seat 5: BAHbKA003 folded on the Flop
Seat 6: KingGaming1 (button) collected ($0.57)
Seat 7: WeXx33 (small blind) folded before Flop
Seat 8: acad2011 (big blind) folded before Flop
Seat 9: Dorex2007 folded before Flop (didn't bet)



PokerStars Hand #227663359117:  Hold'em No Limit ($0.01/$0.02 USD) - 2021/06/17 23:44:02 PT [2021/06/18 2:44:02 ET]
Table 'Humason II' 9-max Seat #7 is the button
Seat 1: DaiSakana ($2.09 in chips) 
Seat 2: 6azx9 ($0.72 in chips) 
Seat 3: Noob85110 ($1.92 in chips) 
Seat 4: Dimarik8686 ($2 in chips) 
Seat 5: BAHbKA003 ($3.06 in chips) 
Seat 6: KingGaming1 ($4.92 in chips) 
Seat 7: WeXx33 ($2.20 in chips) 
Seat 8: acad2011 ($1.84 in chips) 
Seat 9: Dorex2007 ($2.01 in chips) 
acad2011: posts small blind $0.01
Dorex2007: posts big blind $0.02
*** HOLE CARDS ***
Dealt to Dorex2007 [4s 9c]
DaiSakana: folds 
6azx9: folds 
Noob85110: folds 
Dimarik8686: folds 
BAHbKA003: folds 
KingGaming1: raises $0.05 to $0.07
WeXx33: folds 
acad2011: calls $0.06
Dorex2007: folds 
*** FLOP *** [3d Ad Qc]
acad2011: checks 
KingGaming1: checks 
*** TURN *** [3d Ad Qc] [2h]
acad2011: checks 
KingGaming1: bets $0.05
acad2011: folds 
Uncalled bet ($0.05) returned to KingGaming1
KingGaming1 collected $0.15 from pot
KingGaming1: doesn't show hand 
*** SUMMARY ***
Total pot $0.16 | Rake $0.01 
Board [3d Ad Qc 2h]
Seat 1: DaiSakana folded before Flop (didn't bet)
Seat 2: 6azx9 folded before Flop (didn't bet)
Seat 3: Noob85110 folded before Flop (didn't bet)
Seat 4: Dimarik8686 folded before Flop (didn't bet)
Seat 5: BAHbKA003 folded before Flop (didn't bet)
Seat 6: KingGaming1 collected ($0.15)
Seat 7: WeXx33 (button) folded before Flop (didn't bet)
Seat 8: acad2011 (small blind) folded on the Turn
Seat 9: Dorex2007 (big blind) folded before Flop



PokerStars Hand #227663366398:  Hold'em No Limit ($0.01/$0.02 USD) - 2021/06/17 23:44:54 PT [2021/06/18 2:44:54 ET]
Table 'Humason II' 9-max Seat #8 is the button
Seat 1: DaiSakana ($2.09 in chips) 
Seat 2: 6azx9 ($0.72 in chips) 
Seat 3: Noob85110 ($1.92 in chips) 
Seat 4: Dimarik8686 ($2 in chips) 
Seat 5: BAHbKA003 ($3.06 in chips) 
Seat 6: KingGaming1 ($5 in chips) 
Seat 7: WeXx33 ($2.20 in chips) 
Seat 8: acad2011 ($1.77 in chips) 
Seat 9: Dorex2007 ($1.99 in chips) 
Dorex2007: posts small blind $0.01
DaiSakana: posts big blind $0.02
*** HOLE CARDS ***
Dealt to Dorex2007 [4s As]
6azx9: folds 
Noob85110 has timed out
Noob85110: folds 
Dimarik8686: folds 
BAHbKA003: folds 
KingGaming1: raises $0.04 to $0.06
WeXx33: folds 
acad2011: folds 
Dorex2007: folds 
DaiSakana: folds 
Uncalled bet ($0.04) returned to KingGaming1
KingGaming1 collected $0.05 from pot
KingGaming1: doesn't show hand 
*** SUMMARY ***
Total pot $0.05 | Rake $0 
Seat 1: DaiSakana (big blind) folded before Flop
Seat 2: 6azx9 folded before Flop (didn't bet)
Seat 3: Noob85110 folded before Flop (didn't bet)
Seat 4: Dimarik8686 folded before Flop (didn't bet)
Seat 5: BAHbKA003 folded before Flop (didn't bet)
Seat 6: KingGaming1 collected ($0.05)
Seat 7: WeXx33 folded before Flop (didn't bet)
Seat 8: acad2011 (button) folded before Flop (didn't bet)
Seat 9: Dorex2007 (small blind) folded before Flop



PokerStars Hand #227663371605:  Hold'em No Limit ($0.01/$0.02 USD) - 2021/06/17 23:45:31 PT [2021/06/18 2:45:31 ET]
Table 'Humason II' 9-max Seat #9 is the button
Seat 1: DaiSakana ($2.07 in chips) 
Seat 2: 6azx9 ($0.72 in chips) 
Seat 3: Noob85110 ($1.92 in chips) 
Seat 4: Dimarik8686 ($2 in chips) 
Seat 5: BAHbKA003 ($3.06 in chips) 
Seat 6: KingGaming1 ($5.03 in chips) 
Seat 7: WeXx33 ($2.20 in chips) 
Seat 8: acad2011 ($1.77 in chips) 
Seat 9: Dorex2007 ($1.98 in chips) 
DaiSakana: posts small blind $0.01
6azx9: posts big blind $0.02
*** HOLE CARDS ***
Dealt to Dorex2007 [4s Kc]
Noob85110: raises $0.04 to $0.06
Dimarik8686: folds 
BAHbKA003: folds 
KingGaming1: folds 
WeXx33: folds 
acad2011: calls $0.06
Dorex2007: folds 
DaiSakana: folds 
6azx9: folds 
*** FLOP *** [7c Ac 7d]
Noob85110: checks 
acad2011: checks 
*** TURN *** [7c Ac 7d] [9c]
Noob85110: bets $0.02
acad2011: folds 
Uncalled bet ($0.02) returned to Noob85110
Noob85110 collected $0.14 from pot
Noob85110: doesn't show hand 
*** SUMMARY ***
Total pot $0.15 | Rake $0.01 
Board [7c Ac 7d 9c]
Seat 1: DaiSakana (small blind) folded before Flop
Seat 2: 6azx9 (big blind) folded before Flop
Seat 3: Noob85110 collected ($0.14)
Seat 4: Dimarik8686 folded before Flop (didn't bet)
Seat 5: BAHbKA003 folded before Flop (didn't bet)
Seat 6: KingGaming1 folded before Flop (didn't bet)
Seat 7: WeXx33 folded before Flop (didn't bet)
Seat 8: acad2011 folded on the Turn
Seat 9: Dorex2007 (button) folded before Flop (didn't bet)



PokerStars Hand #227663379317:  Hold'em No Limit ($0.01/$0.02 USD) - 2021/06/17 23:46:26 PT [2021/06/18 2:46:26 ET]
Table 'Humason II' 9-max Seat #1 is the button
Seat 1: DaiSakana ($2.06 in chips) 
Seat 2: 6azx9 ($0.70 in chips) 
Seat 3: Noob85110 ($2 in chips) 
Seat 4: Dimarik8686 ($2 in chips) 
Seat 5: BAHbKA003 ($3.06 in chips) 
Seat 6: KingGaming1 ($5.03 in chips) 
Seat 7: WeXx33 ($2.20 in chips) 
Seat 8: acad2011 ($1.71 in chips) 
Seat 9: Dorex2007 ($1.98 in chips) 
6azx9: posts small blind $0.01
Noob85110: posts big blind $0.02
*** HOLE CARDS ***
Dealt to Dorex2007 [9h Th]
Dimarik8686: folds 
BAHbKA003: raises $0.04 to $0.06
KingGaming1: folds 
WeXx33: folds 
acad2011: calls $0.06
Dorex2007: folds 
DaiSakana: folds 
6azx9: calls $0.05
Noob85110: folds 
*** FLOP *** [2h 8c Js]
6azx9: checks 
BAHbKA003: checks 
acad2011: bets $0.06
6azx9: calls $0.06
BAHbKA003: folds 
*** TURN *** [2h 8c Js] [3d]
6azx9: checks 
acad2011: bets $0.06
6azx9: calls $0.06
*** RIVER *** [2h 8c Js 3d] [9c]
6azx9: checks 
acad2011: checks 
*** SHOW DOWN ***
6azx9: shows [5s 5h] (a pair of Fives)
acad2011: shows [8d Qc] (a pair of Eights)
acad2011 collected $0.42 from pot
*** SUMMARY ***
Total pot $0.44 | Rake $0.02 
Board [2h 8c Js 3d 9c]
Seat 1: DaiSakana (button) folded before Flop (didn't bet)
Seat 2: 6azx9 (small blind) showed [5s 5h] and lost with a pair of Fives
Seat 3: Noob85110 (big blind) folded before Flop
Seat 4: Dimarik8686 folded before Flop (didn't bet)
Seat 5: BAHbKA003 folded on the Flop
Seat 6: KingGaming1 folded before Flop (didn't bet)
Seat 7: WeXx33 folded before Flop (didn't bet)
Seat 8: acad2011 showed [8d Qc] and won ($0.42) with a pair of Eights
Seat 9: Dorex2007 folded before Flop (didn't bet)



PokerStars Hand #227663402506:  Hold'em No Limit ($0.01/$0.02 USD) - 2021/06/17 23:48:02 PT [2021/06/18 2:48:02 ET]
Table 'Humason II' 9-max Seat #2 is the button
Seat 1: DaiSakana ($2.06 in chips) 
Seat 2: 6azx9 ($0.52 in chips) 
Seat 3: Noob85110 ($1.98 in chips) 
Seat 4: Dimarik8686 ($2 in chips) 
Seat 5: BAHbKA003 ($3 in chips) 
Seat 6: KingGaming1 ($5.03 in chips) 
Seat 7: WeXx33 ($2.20 in chips) 
Seat 8: acad2011 ($1.95 in chips) 
Seat 9: Dorex2007 ($1.98 in chips) 
Noob85110: posts small blind $0.01
Dimarik8686: posts big blind $0.02
*** HOLE CARDS ***
Dealt to Dorex2007 [Qs 7s]
BAHbKA003: raises $0.04 to $0.06
KingGaming1: folds 
WeXx33: folds 
acad2011: folds 
Dorex2007: folds 
DaiSakana: folds 
6azx9: folds 
Noob85110: folds 
Dimarik8686: folds 
Uncalled bet ($0.04) returned to BAHbKA003
BAHbKA003 collected $0.05 from pot
BAHbKA003: doesn't show hand 
*** SUMMARY ***
Total pot $0.05 | Rake $0 
Seat 1: DaiSakana folded before Flop (didn't bet)
Seat 2: 6azx9 (button) folded before Flop (didn't bet)
Seat 3: Noob85110 (small blind) folded before Flop
Seat 4: Dimarik8686 (big blind) folded before Flop
Seat 5: BAHbKA003 collected ($0.05)
Seat 6: KingGaming1 folded before Flop (didn't bet)
Seat 7: WeXx33 folded before Flop (didn't bet)
Seat 8: acad2011 folded before Flop (didn't bet)
Seat 9: Dorex2007 folded before Flop (didn't bet)



PokerStars Hand #227663407905:  Hold'em No Limit ($0.01/$0.02 USD) - 2021/06/17 23:48:40 PT [2021/06/18 2:48:40 ET]
Table 'Humason II' 9-max Seat #3 is the button
Seat 1: DaiSakana ($2.06 in chips) 
Seat 2: 6azx9 ($0.52 in chips) 
Seat 3: Noob85110 ($1.97 in chips) 
Seat 4: Dimarik8686 ($2 in chips) 
Seat 5: BAHbKA003 ($3.03 in chips) 
Seat 6: KingGaming1 ($5.03 in chips) 
Seat 7: WeXx33 ($2.20 in chips) 
Seat 8: acad2011 ($1.95 in chips) 
Seat 9: Dorex2007 ($1.98 in chips) 
Dimarik8686: posts small blind $0.01
BAHbKA003: posts big blind $0.02
*** HOLE CARDS ***
Dealt to Dorex2007 [8d Js]
KingGaming1: folds 
WeXx33: folds 
acad2011: folds 
KingGaming1 leaves the table
Dorex2007: folds 
DaiSakana: folds 
6azx9: raises $0.02 to $0.04
Noob85110: folds 
Dimarik8686: folds 
BAHbKA003: calls $0.02
*** FLOP *** [Qc Kd Tc]
BAHbKA003: bets $0.06
mk83fon joins the table at seat #6 
6azx9: folds 
Uncalled bet ($0.06) returned to BAHbKA003
BAHbKA003 collected $0.09 from pot
BAHbKA003: doesn't show hand 
*** SUMMARY ***
Total pot $0.09 | Rake $0 
Board [Qc Kd Tc]
Seat 1: DaiSakana folded before Flop (didn't bet)
Seat 2: 6azx9 folded on the Flop
Seat 3: Noob85110 (button) folded before Flop (didn't bet)
Seat 4: Dimarik8686 (small blind) folded before Flop
Seat 5: BAHbKA003 (big blind) collected ($0.09)
Seat 6: KingGaming1 folded before Flop (didn't bet)
Seat 7: WeXx33 folded before Flop (didn't bet)
Seat 8: acad2011 folded before Flop (didn't bet)
Seat 9: Dorex2007 folded before Flop (didn't bet)



PokerStars Hand #227663413599:  Hold'em No Limit ($0.01/$0.02 USD) - 2021/06/17 23:49:20 PT [2021/06/18 2:49:20 ET]
Table 'Humason II' 9-max Seat #4 is the button
Seat 1: DaiSakana ($2.06 in chips) 
Seat 2: 6azx9 ($0.48 in chips) 
Seat 3: Noob85110 ($1.97 in chips) 
Seat 4: Dimarik8686 ($2 in chips) 
Seat 5: BAHbKA003 ($3.08 in chips) 
Seat 6: mk83fon ($0.99 in chips) 
Seat 7: WeXx33 ($2.20 in chips) 
Seat 8: acad2011 ($1.95 in chips) 
Seat 9: Dorex2007 ($1.98 in chips) 
BAHbKA003: posts small blind $0.01
mk83fon: posts big blind $0.02
*** HOLE CARDS ***
Dealt to Dorex2007 [3d 6d]
WeXx33: folds 
acad2011: folds 
Dorex2007: folds 
DaiSakana: folds 
6azx9: folds 
Noob85110: calls $0.02
Dimarik8686: raises $0.08 to $0.10
BAHbKA003: folds 
mk83fon: calls $0.08
Noob85110: calls $0.08
*** FLOP *** [Ac Ad 3c]
mk83fon: checks 
Noob85110: checks 
Dimarik8686: bets $0.23
mk83fon: folds 
Noob85110: folds 
Uncalled bet ($0.23) returned to Dimarik8686
Dimarik8686 collected $0.30 from pot
Dimarik8686: doesn't show hand 
*** SUMMARY ***
Total pot $0.31 | Rake $0.01 
Board [Ac Ad 3c]
Seat 1: DaiSakana folded before Flop (didn't bet)
Seat 2: 6azx9 folded before Flop (didn't bet)
Seat 3: Noob85110 folded on the Flop
Seat 4: Dimarik8686 (button) collected ($0.30)
Seat 5: BAHbKA003 (small blind) folded before Flop
Seat 6: mk83fon (big blind) folded on the Flop
Seat 7: WeXx33 folded before Flop (didn't bet)
Seat 8: acad2011 folded before Flop (didn't bet)
Seat 9: Dorex2007 folded before Flop (didn't bet)



PokerStars Hand #227663420397:  Hold'em No Limit ($0.01/$0.02 USD) - 2021/06/17 23:50:08 PT [2021/06/18 2:50:08 ET]
Table 'Humason II' 9-max Seat #5 is the button
Seat 1: DaiSakana ($2.06 in chips) 
Seat 2: 6azx9 ($0.48 in chips) 
Seat 3: Noob85110 ($1.87 in chips) 
Seat 4: Dimarik8686 ($2.20 in chips) 
Seat 5: BAHbKA003 ($3.07 in chips) 
Seat 6: mk83fon ($0.89 in chips) 
Seat 7: WeXx33 ($2.20 in chips) 
Seat 8: acad2011 ($1.95 in chips) 
Seat 9: Dorex2007 ($1.98 in chips) 
mk83fon: posts small blind $0.01
WeXx33: posts big blind $0.02
*** HOLE CARDS ***
Dealt to Dorex2007 [Ah Jc]
acad2011: folds 
Dorex2007: raises $0.04 to $0.06
DaiSakana: folds 
6azx9: calls $0.06
Noob85110: raises $0.21 to $0.27
Dimarik8686: folds 
BAHbKA003: folds 
mk83fon: folds 
WeXx33: folds 
Dorex2007: folds 
6azx9: raises $0.21 to $0.48 and is all-in
Noob85110: calls $0.21
*** FLOP *** [7s Ac 2h]
*** TURN *** [7s Ac 2h] [4d]
*** RIVER *** [7s Ac 2h 4d] [Tc]
*** SHOW DOWN ***
6azx9: shows [Qs Jd] (high card Ace)
Noob85110: shows [Kh Ad] (a pair of Aces)
Noob85110 collected $1.01 from pot
*** SUMMARY ***
Total pot $1.05 | Rake $0.04 
Board [7s Ac 2h 4d Tc]
Seat 1: DaiSakana folded before Flop (didn't bet)
Seat 2: 6azx9 showed [Qs Jd] and lost with high card Ace
Seat 3: Noob85110 showed [Kh Ad] and won ($1.01) with a pair of Aces
Seat 4: Dimarik8686 folded before Flop (didn't bet)
Seat 5: BAHbKA003 (button) folded before Flop (didn't bet)
Seat 6: mk83fon (small blind) folded before Flop
Seat 7: WeXx33 (big blind) folded before Flop
Seat 8: acad2011 folded before Flop (didn't bet)
Seat 9: Dorex2007 folded before Flop



PokerStars Hand #227663430247:  Hold'em No Limit ($0.01/$0.02 USD) - 2021/06/17 23:51:17 PT [2021/06/18 2:51:17 ET]
Table 'Humason II' 9-max Seat #6 is the button
Seat 1: DaiSakana ($2.06 in chips) 
Seat 3: Noob85110 ($2.40 in chips) 
Seat 4: Dimarik8686 ($2.20 in chips) 
Seat 5: BAHbKA003 ($3.07 in chips) 
Seat 6: mk83fon ($0.88 in chips) 
Seat 7: WeXx33 ($2.18 in chips) 
Seat 8: acad2011 ($1.95 in chips) 
Seat 9: Dorex2007 ($1.92 in chips) 
WeXx33: posts small blind $0.01
acad2011: posts big blind $0.02
*** HOLE CARDS ***
Dealt to Dorex2007 [9s 5h]
Dorex2007: folds 
DaiSakana: folds 
Noob85110: raises $0.04 to $0.06
Dimarik8686: folds 
BAHbKA003: calls $0.06
mk83fon: calls $0.06
WeXx33: folds 
acad2011: folds 
*** FLOP *** [Kc 8d 2d]
Noob85110: bets $0.10
BAHbKA003: folds 
mk83fon: folds 
Uncalled bet ($0.10) returned to Noob85110
Noob85110 collected $0.20 from pot
Noob85110: doesn't show hand 
Ferdl111 joins the table at seat #2 
*** SUMMARY ***
Total pot $0.21 | Rake $0.01 
Board [Kc 8d 2d]
Seat 1: DaiSakana folded before Flop (didn't bet)
Seat 3: Noob85110 collected ($0.20)
Seat 4: Dimarik8686 folded before Flop (didn't bet)
Seat 5: BAHbKA003 folded on the Flop
Seat 6: mk83fon (button) folded on the Flop
Seat 7: WeXx33 (small blind) folded before Flop
Seat 8: acad2011 (big blind) folded before Flop
Seat 9: Dorex2007 folded before Flop (didn't bet)



PokerStars Hand #227663435796:  Hold'em No Limit ($0.01/$0.02 USD) - 2021/06/17 23:51:57 PT [2021/06/18 2:51:57 ET]
Table 'Humason II' 9-max Seat #7 is the button
Seat 1: DaiSakana ($2.06 in chips) 
Seat 3: Noob85110 ($2.54 in chips) 
Seat 4: Dimarik8686 ($2.20 in chips) 
Seat 5: BAHbKA003 ($3.01 in chips) 
Seat 6: mk83fon ($0.82 in chips) 
Seat 7: WeXx33 ($2.17 in chips) 
Seat 8: acad2011 ($1.93 in chips) 
Seat 9: Dorex2007 ($1.92 in chips) 
acad2011: posts small blind $0.01
Dorex2007: posts big blind $0.02
Ferdl111: sits out 
*** HOLE CARDS ***
Dealt to Dorex2007 [6c Th]
DaiSakana: folds 
Noob85110: folds 
Dimarik8686: folds 
BAHbKA003: folds 
mk83fon: calls $0.02
WeXx33: folds 
acad2011: folds 
Dorex2007: checks 
*** FLOP *** [Ah Ac Jc]
Dorex2007: checks 
mk83fon: bets $0.04
Dorex2007: folds 
Uncalled bet ($0.04) returned to mk83fon
mk83fon collected $0.05 from pot
mk83fon: doesn't show hand 
*** SUMMARY ***
Total pot $0.05 | Rake $0 
Board [Ah Ac Jc]
Seat 1: DaiSakana folded before Flop (didn't bet)
Seat 3: Noob85110 folded before Flop (didn't bet)
Seat 4: Dimarik8686 folded before Flop (didn't bet)
Seat 5: BAHbKA003 folded before Flop (didn't bet)
Seat 6: mk83fon collected ($0.05)
Seat 7: WeXx33 (button) folded before Flop (didn't bet)
Seat 8: acad2011 (small blind) folded before Flop
Seat 9: Dorex2007 (big blind) folded on the Flop



PokerStars Hand #227663440520:  Hold'em No Limit ($0.01/$0.02 USD) - 2021/06/17 23:52:30 PT [2021/06/18 2:52:30 ET]
Table 'Humason II' 9-max Seat #8 is the button
Seat 1: DaiSakana ($2.06 in chips) 
Seat 3: Noob85110 ($2.54 in chips) 
Seat 4: Dimarik8686 ($2.20 in chips) 
Seat 5: BAHbKA003 ($3.01 in chips) 
Seat 6: mk83fon ($0.85 in chips) 
Seat 7: WeXx33 ($2.17 in chips) 
Seat 8: acad2011 ($1.92 in chips) 
Seat 9: Dorex2007 ($1.90 in chips) 
Dorex2007: posts small blind $0.01
DaiSakana: posts big blind $0.02
Ferdl111: sits out 
*** HOLE CARDS ***
Dealt to Dorex2007 [3d 9s]
Noob85110 has timed out
Noob85110: folds 
Dimarik8686: folds 
BAHbKA003: raises $0.04 to $0.06
mk83fon: folds 
WeXx33: calls $0.06
acad2011 has timed out
acad2011: folds 
Dorex2007: folds 
DaiSakana: folds 
*** FLOP *** [Ad Ah 6h]
BAHbKA003: checks 
WeXx33: checks 
*** TURN *** [Ad Ah 6h] [8h]
BAHbKA003: bets $0.09
WeXx33: folds 
Uncalled bet ($0.09) returned to BAHbKA003
BAHbKA003 collected $0.14 from pot
BAHbKA003: doesn't show hand 
*** SUMMARY ***
Total pot $0.15 | Rake $0.01 
Board [Ad Ah 6h 8h]
Seat 1: DaiSakana (big blind) folded before Flop
Seat 3: Noob85110 folded before Flop (didn't bet)
Seat 4: Dimarik8686 folded before Flop (didn't bet)
Seat 5: BAHbKA003 collected ($0.14)
Seat 6: mk83fon folded before Flop (didn't bet)
Seat 7: WeXx33 folded on the Turn
Seat 8: acad2011 (button) folded before Flop (didn't bet)
Seat 9: Dorex2007 (small blind) folded before Flop



PokerStars Hand #227663452677:  Hold'em No Limit ($0.01/$0.02 USD) - 2021/06/17 23:53:55 PT [2021/06/18 2:53:55 ET]
Table 'Humason II' 9-max Seat #9 is the button
Seat 1: DaiSakana ($2.04 in chips) 
Seat 2: Ferdl111 ($0.80 in chips) 
Seat 3: Noob85110 ($2.54 in chips) 
Seat 4: Dimarik8686 ($2.20 in chips) 
Seat 5: BAHbKA003 ($3.09 in chips) 
Seat 6: mk83fon ($0.85 in chips) 
Seat 7: WeXx33 ($2.11 in chips) 
Seat 8: acad2011 ($1.92 in chips) 
Seat 9: Dorex2007 ($1.89 in chips) 
DaiSakana: posts small blind $0.01
Ferdl111: posts big blind $0.02
*** HOLE CARDS ***
Dealt to Dorex2007 [Td 9s]
Noob85110 has timed out
Noob85110: folds 
Dimarik8686: calls $0.02
BAHbKA003: calls $0.02
mk83fon: calls $0.02
WeXx33: folds 
acad2011: calls $0.02
Dorex2007: folds 
DaiSakana: folds 
Ferdl111: checks 
*** FLOP *** [Kd 6d 3h]
Ferdl111: checks 
Dimarik8686: checks 
BAHbKA003: checks 
mk83fon: checks 
acad2011: checks 
*** TURN *** [Kd 6d 3h] [3s]
Ferdl111: checks 
Dimarik8686: checks 
BAHbKA003: bets $0.07
mk83fon: folds 
WeXx33 leaves the table
acad2011: folds 
Ferdl111: folds 
Dimarik8686: folds 
Uncalled bet ($0.07) returned to BAHbKA003
BAHbKA003 collected $0.11 from pot
BAHbKA003: doesn't show hand 
*** SUMMARY ***
Total pot $0.11 | Rake $0 
Board [Kd 6d 3h 3s]
Seat 1: DaiSakana (small blind) folded before Flop
Seat 2: Ferdl111 (big blind) folded on the Turn
Seat 3: Noob85110 folded before Flop (didn't bet)
Seat 4: Dimarik8686 folded on the Turn
Seat 5: BAHbKA003 collected ($0.11)
Seat 6: mk83fon folded on the Turn
Seat 7: WeXx33 folded before Flop (didn't bet)
Seat 8: acad2011 folded on the Turn
Seat 9: Dorex2007 (button) folded before Flop (didn't bet)



PokerStars Hand #227663460758:  Hold'em No Limit ($0.01/$0.02 USD) - 2021/06/17 23:54:53 PT [2021/06/18 2:54:53 ET]
Table 'Humason II' 9-max Seat #1 is the button
Seat 1: DaiSakana ($2.03 in chips) 
Seat 2: Ferdl111 ($0.78 in chips) 
Seat 4: Dimarik8686 ($2.18 in chips) 
Seat 5: BAHbKA003 ($3.18 in chips) 
Seat 6: mk83fon ($0.83 in chips) 
Seat 8: acad2011 ($1.90 in chips) 
Seat 9: Dorex2007 ($1.89 in chips) 
Ferdl111: posts small blind $0.01
Dimarik8686: posts big blind $0.02
*** HOLE CARDS ***
Dealt to Dorex2007 [Qd Ah]
BAHbKA003: raises $0.04 to $0.06
mk83fon: folds 
acad2011: folds 
Dorex2007: raises $0.10 to $0.16
DaiSakana: folds 
Ferdl111: folds 
Dimarik8686: folds 
BAHbKA003: calls $0.10
*** FLOP *** [9d 2h Qh]
BAHbKA003: checks 
Dorex2007: bets $0.34
BAHbKA003: calls $0.34
*** TURN *** [9d 2h Qh] [Ac]
BAHbKA003: bets $0.66
infiniti888 joins the table at seat #7 
Dorex2007: raises $0.73 to $1.39 and is all-in
BAHbKA003: calls $0.73
*** RIVER *** [9d 2h Qh Ac] [8c]
*** SHOW DOWN ***
BAHbKA003: shows [4h 5h] (high card Ace)
Dorex2007: shows [Qd Ah] (two pair, Aces and Queens)
Dorex2007 collected $3.68 from pot
*** SUMMARY ***
Total pot $3.81 | Rake $0.13 
Board [9d 2h Qh Ac 8c]
Seat 1: DaiSakana (button) folded before Flop (didn't bet)
Seat 2: Ferdl111 (small blind) folded before Flop
Seat 4: Dimarik8686 (big blind) folded before Flop
Seat 5: BAHbKA003 showed [4h 5h] and lost with high card Ace
Seat 6: mk83fon folded before Flop (didn't bet)
Seat 8: acad2011 folded before Flop (didn't bet)
Seat 9: Dorex2007 showed [Qd Ah] and won ($3.68) with two pair, Aces and Queens



PokerStars Hand #227663470231:  Hold'em No Limit ($0.01/$0.02 USD) - 2021/06/17 23:56:07 PT [2021/06/18 2:56:07 ET]
Table 'Humason II' 9-max Seat #2 is the button
Seat 1: DaiSakana ($2.03 in chips) 
Seat 2: Ferdl111 ($0.77 in chips) 
Seat 4: Dimarik8686 ($2.16 in chips) 
Seat 5: BAHbKA003 ($1.29 in chips) 
Seat 6: mk83fon ($0.83 in chips) 
Seat 8: acad2011 ($1.90 in chips) 
Seat 9: Dorex2007 ($3.68 in chips) 
Dimarik8686: posts small blind $0.01
BAHbKA003: posts big blind $0.02
infiniti888: sits out 
*** HOLE CARDS ***
Dealt to Dorex2007 [8c 9c]
mk83fon: calls $0.02
acad2011: folds 
Dorex2007: calls $0.02
DaiSakana: folds 
Ferdl111: folds 
Dimarik8686: folds 
BAHbKA003: checks 
*** FLOP *** [6c Jh Qs]
BAHbKA003: checks 
mk83fon: bets $0.07
Dorex2007: folds 
BAHbKA003: folds 
Uncalled bet ($0.07) returned to mk83fon
mk83fon collected $0.07 from pot
mk83fon: doesn't show hand 
*** SUMMARY ***
Total pot $0.07 | Rake $0 
Board [6c Jh Qs]
Seat 1: DaiSakana folded before Flop (didn't bet)
Seat 2: Ferdl111 (button) folded before Flop (didn't bet)
Seat 4: Dimarik8686 (small blind) folded before Flop
Seat 5: BAHbKA003 (big blind) folded on the Flop
Seat 6: mk83fon collected ($0.07)
Seat 8: acad2011 folded before Flop (didn't bet)
Seat 9: Dorex2007 folded on the Flop



PokerStars Hand #227663475031:  Hold'em No Limit ($0.01/$0.02 USD) - 2021/06/17 23:56:46 PT [2021/06/18 2:56:46 ET]
Table 'Humason II' 9-max Seat #4 is the button
Seat 1: DaiSakana ($2.03 in chips) 
Seat 2: Ferdl111 ($0.77 in chips) 
Seat 3: Noob85110 ($2.54 in chips) 
Seat 4: Dimarik8686 ($2.15 in chips) 
Seat 5: BAHbKA003 ($1.98 in chips) 
Seat 6: mk83fon ($0.88 in chips) 
Seat 8: acad2011 ($1.90 in chips) 
Seat 9: Dorex2007 ($3.66 in chips) 
BAHbKA003: posts small blind $0.01
mk83fon: posts big blind $0.02
infiniti888: sits out 
Noob85110: posts small & big blinds $0.03
*** HOLE CARDS ***
Dealt to Dorex2007 [7d 8s]
acad2011: folds 
Dorex2007: folds 
DaiSakana: folds 
Ferdl111: folds 
Noob85110: checks 
Dimarik8686: folds 
BAHbKA003: folds 
mk83fon: checks 
*** FLOP *** [2c 3c 2s]
mk83fon: checks 
Noob85110: checks 
*** TURN *** [2c 3c 2s] [5h]
mk83fon: bets $0.02
Noob85110: calls $0.02
*** RIVER *** [2c 3c 2s 5h] [4c]
mk83fon: checks 
Noob85110: bets $0.05
mk83fon: folds 
Uncalled bet ($0.05) returned to Noob85110
Noob85110 collected $0.10 from pot
Noob85110: doesn't show hand 
*** SUMMARY ***
Total pot $0.10 | Rake $0 
Board [2c 3c 2s 5h 4c]
Seat 1: DaiSakana folded before Flop (didn't bet)
Seat 2: Ferdl111 folded before Flop (didn't bet)
Seat 3: Noob85110 collected ($0.10)
Seat 4: Dimarik8686 (button) folded before Flop (didn't bet)
Seat 5: BAHbKA003 (small blind) folded before Flop
Seat 6: mk83fon (big blind) folded on the River
Seat 8: acad2011 folded before Flop (didn't bet)
Seat 9: Dorex2007 folded before Flop (didn't bet)



PokerStars Hand #227663479931:  Hold'em No Limit ($0.01/$0.02 USD) - 2021/06/17 23:57:26 PT [2021/06/18 2:57:26 ET]
Table 'Humason II' 9-max Seat #5 is the button
Seat 1: DaiSakana ($2.03 in chips) 
Seat 2: Ferdl111 ($0.77 in chips) 
Seat 3: Noob85110 ($2.59 in chips) 
Seat 4: Dimarik8686 ($2.15 in chips) 
Seat 5: BAHbKA003 ($1.97 in chips) 
Seat 6: mk83fon ($0.84 in chips) 
Seat 7: infiniti888 ($0.80 in chips) 
Seat 8: acad2011 ($1.90 in chips) 
Seat 9: Dorex2007 ($3.66 in chips) 
mk83fon: posts small blind $0.01
infiniti888: posts big blind $0.02
*** HOLE CARDS ***
Dealt to Dorex2007 [6d 3s]
acad2011: folds 
Dorex2007: folds 
DaiSakana: folds 
Ferdl111: folds 
Noob85110: folds 
Dimarik8686: raises $0.06 to $0.08
BAHbKA003: calls $0.08
mk83fon: calls $0.07
infiniti888: folds 
*** FLOP *** [5h 8s 2s]
mk83fon: checks 
Dimarik8686: checks 
BAHbKA003: bets $0.17
mk83fon: raises $0.59 to $0.76 and is all-in
Dimarik8686: folds 
BAHbKA003: calls $0.59
*** TURN *** [5h 8s 2s] [4h]
*** RIVER *** [5h 8s 2s 4h] [4s]
*** SHOW DOWN ***
mk83fon: shows [Ks 8c] (two pair, Eights and Fours)
BAHbKA003: shows [8h 4d] (a full house, Fours full of Eights)
BAHbKA003 collected $1.72 from pot
*** SUMMARY ***
Total pot $1.78 | Rake $0.06 
Board [5h 8s 2s 4h 4s]
Seat 1: DaiSakana folded before Flop (didn't bet)
Seat 2: Ferdl111 folded before Flop (didn't bet)
Seat 3: Noob85110 folded before Flop (didn't bet)
Seat 4: Dimarik8686 folded on the Flop
Seat 5: BAHbKA003 (button) showed [8h 4d] and won ($1.72) with a full house, Fours full of Eights
Seat 6: mk83fon (small blind) showed [Ks 8c] and lost with two pair, Eights and Fours
Seat 7: infiniti888 (big blind) folded before Flop
Seat 8: acad2011 folded before Flop (didn't bet)
Seat 9: Dorex2007 folded before Flop (didn't bet)



PokerStars Hand #227663487047:  Hold'em No Limit ($0.01/$0.02 USD) - 2021/06/17 23:58:22 PT [2021/06/18 2:58:22 ET]
Table 'Humason II' 9-max Seat #7 is the button
Seat 1: DaiSakana ($2.03 in chips) 
Seat 2: Ferdl111 ($0.77 in chips) 
Seat 3: Noob85110 ($2.59 in chips) 
Seat 4: Dimarik8686 ($2.07 in chips) 
Seat 5: BAHbKA003 ($2.85 in chips) 
Seat 7: infiniti888 ($0.78 in chips) 
Seat 8: acad2011 ($1.90 in chips) 
Seat 9: Dorex2007 ($3.66 in chips) 
acad2011: posts small blind $0.01
Dorex2007: posts big blind $0.02
*** HOLE CARDS ***
Dealt to Dorex2007 [5h 7s]
mk83fon leaves the table
DaiSakana: folds 
Ferdl111: folds 
Noob85110: folds 
Dimarik8686: folds 
BAHbKA003: folds 
infiniti888: raises $0.06 to $0.08
acad2011: calls $0.07
Dorex2007: folds 
*** FLOP *** [3d 4c 6s]
acad2011: checks 
infiniti888: bets $0.09
acad2011: folds 
Uncalled bet ($0.09) returned to infiniti888
infiniti888 collected $0.17 from pot
infiniti888: doesn't show hand 
*** SUMMARY ***
Total pot $0.18 | Rake $0.01 
Board [3d 4c 6s]
Seat 1: DaiSakana folded before Flop (didn't bet)
Seat 2: Ferdl111 folded before Flop (didn't bet)
Seat 3: Noob85110 folded before Flop (didn't bet)
Seat 4: Dimarik8686 folded before Flop (didn't bet)
Seat 5: BAHbKA003 folded before Flop (didn't bet)
Seat 7: infiniti888 (button) collected ($0.17)
Seat 8: acad2011 (small blind) folded on the Flop
Seat 9: Dorex2007 (big blind) folded before Flop



PokerStars Hand #227663490770:  Hold'em No Limit ($0.01/$0.02 USD) - 2021/06/17 23:58:52 PT [2021/06/18 2:58:52 ET]
Table 'Humason II' 9-max Seat #8 is the button
Seat 1: DaiSakana ($2.03 in chips) 
Seat 2: Ferdl111 ($0.77 in chips) 
Seat 3: Noob85110 ($2.59 in chips) 
Seat 4: Dimarik8686 ($2.07 in chips) 
Seat 5: BAHbKA003 ($2.85 in chips) 
Seat 7: infiniti888 ($0.87 in chips) 
Seat 8: acad2011 ($1.82 in chips) 
Seat 9: Dorex2007 ($3.64 in chips) 
Dorex2007: posts small blind $0.01
DaiSakana: posts big blind $0.02
*** HOLE CARDS ***
Dealt to Dorex2007 [5h 2s]
Ferdl111: folds 
Noob85110: raises $0.02 to $0.04
Dimarik8686: folds 
BAHbKA003: folds 
SashkoU joins the table at seat #6 
infiniti888: folds 
acad2011: calls $0.04
Dorex2007: folds 
DaiSakana: folds 
*** FLOP *** [9d Js 3s]
Noob85110: checks 
acad2011: checks 
*** TURN *** [9d Js 3s] [Qs]
Noob85110: bets $0.05
acad2011: folds 
Uncalled bet ($0.05) returned to Noob85110
Noob85110 collected $0.11 from pot
Noob85110: doesn't show hand 
*** SUMMARY ***
Total pot $0.11 | Rake $0 
Board [9d Js 3s Qs]
Seat 1: DaiSakana (big blind) folded before Flop
Seat 2: Ferdl111 folded before Flop (didn't bet)
Seat 3: Noob85110 collected ($0.11)
Seat 4: Dimarik8686 folded before Flop (didn't bet)
Seat 5: BAHbKA003 folded before Flop (didn't bet)
Seat 7: infiniti888 folded before Flop (didn't bet)
Seat 8: acad2011 (button) folded on the Turn
Seat 9: Dorex2007 (small blind) folded before Flop



PokerStars Hand #227663494938:  Hold'em No Limit ($0.01/$0.02 USD) - 2021/06/17 23:59:25 PT [2021/06/18 2:59:25 ET]
Table 'Humason II' 9-max Seat #9 is the button
Seat 1: DaiSakana ($2.01 in chips) 
Seat 2: Ferdl111 ($0.77 in chips) 
Seat 3: Noob85110 ($2.66 in chips) 
Seat 4: Dimarik8686 ($2.07 in chips) 
Seat 5: BAHbKA003 ($2.85 in chips) 
Seat 7: infiniti888 ($0.87 in chips) 
Seat 8: acad2011 ($1.78 in chips) 
Seat 9: Dorex2007 ($3.63 in chips) 
DaiSakana: posts small blind $0.01
Ferdl111: posts big blind $0.02
SashkoU: sits out 
*** HOLE CARDS ***
Dealt to Dorex2007 [4h Ks]
Noob85110: folds 
Dimarik8686: folds 
BAHbKA003: raises $0.04 to $0.06
infiniti888: folds 
acad2011: folds 
Dorex2007: folds 
DaiSakana: folds 
Ferdl111: folds 
Uncalled bet ($0.04) returned to BAHbKA003
BAHbKA003 collected $0.05 from pot
BAHbKA003: doesn't show hand 
*** SUMMARY ***
Total pot $0.05 | Rake $0 
Seat 1: DaiSakana (small blind) folded before Flop
Seat 2: Ferdl111 (big blind) folded before Flop
Seat 3: Noob85110 folded before Flop (didn't bet)
Seat 4: Dimarik8686 folded before Flop (didn't bet)
Seat 5: BAHbKA003 collected ($0.05)
Seat 7: infiniti888 folded before Flop (didn't bet)
Seat 8: acad2011 folded before Flop (didn't bet)
Seat 9: Dorex2007 (button) folded before Flop (didn't bet)



PokerStars Hand #227663497623:  Hold'em No Limit ($0.01/$0.02 USD) - 2021/06/17 23:59:46 PT [2021/06/18 2:59:46 ET]
Table 'Humason II' 9-max Seat #1 is the button
Seat 1: DaiSakana ($2 in chips) 
Seat 2: Ferdl111 ($0.75 in chips) 
Seat 3: Noob85110 ($2.66 in chips) 
Seat 4: Dimarik8686 ($2.07 in chips) 
Seat 5: BAHbKA003 ($2.88 in chips) 
Seat 7: infiniti888 ($0.87 in chips) 
Seat 8: acad2011 ($1.78 in chips) 
Seat 9: Dorex2007 ($3.63 in chips) 
Ferdl111: posts small blind $0.01
Noob85110: posts big blind $0.02
SashkoU: sits out 
*** HOLE CARDS ***
Dealt to Dorex2007 [3s 8h]
Dimarik8686: calls $0.02
BAHbKA003: calls $0.02
infiniti888: calls $0.02
acad2011: folds 
Dorex2007: folds 
DaiSakana: folds 
Ferdl111: calls $0.01
Noob85110: checks 
*** FLOP *** [8c Kh 8d]
Ferdl111: checks 
Noob85110: bets $0.05
Dimarik8686: folds 
BAHbKA003: folds 
infiniti888: folds 
Ferdl111: folds 
Uncalled bet ($0.05) returned to Noob85110
Noob85110 collected $0.10 from pot
Noob85110: doesn't show hand 
*** SUMMARY ***
Total pot $0.10 | Rake $0 
Board [8c Kh 8d]
Seat 1: DaiSakana (button) folded before Flop (didn't bet)
Seat 2: Ferdl111 (small blind) folded on the Flop
Seat 3: Noob85110 (big blind) collected ($0.10)
Seat 4: Dimarik8686 folded on the Flop
Seat 5: BAHbKA003 folded on the Flop
Seat 7: infiniti888 folded on the Flop
Seat 8: acad2011 folded before Flop (didn't bet)
Seat 9: Dorex2007 folded before Flop (didn't bet)



PokerStars Hand #227663502523:  Hold'em No Limit ($0.01/$0.02 USD) - 2021/06/18 0:00:24 PT [2021/06/18 3:00:24 ET]
Table 'Humason II' 9-max Seat #2 is the button
Seat 1: DaiSakana ($2 in chips) 
Seat 2: Ferdl111 ($0.73 in chips) 
Seat 3: Noob85110 ($2.74 in chips) 
Seat 4: Dimarik8686 ($2.05 in chips) 
Seat 5: BAHbKA003 ($2.86 in chips) 
Seat 7: infiniti888 ($0.85 in chips) 
Seat 8: acad2011 ($1.78 in chips) 
Seat 9: Dorex2007 ($3.63 in chips) 
Noob85110: posts small blind $0.01
Dimarik8686: posts big blind $0.02
SashkoU: sits out 
*** HOLE CARDS ***
Dealt to Dorex2007 [4c Tc]
BAHbKA003: folds 
infiniti888: calls $0.02
acad2011: calls $0.02
Dorex2007: folds 
DaiSakana: folds 
Ferdl111: folds 
Noob85110: calls $0.01
Dimarik8686: checks 
*** FLOP *** [8c Ks Td]
Noob85110: checks 
Dimarik8686: checks 
infiniti888: bets $0.08
acad2011: folds 
Noob85110: calls $0.08
Dimarik8686: folds 
*** TURN *** [8c Ks Td] [Ah]
Noob85110: checks 
infiniti888: checks 
*** RIVER *** [8c Ks Td Ah] [6d]
Noob85110: checks 
infiniti888: bets $0.23
Noob85110: folds 
Uncalled bet ($0.23) returned to infiniti888
infiniti888 collected $0.23 from pot
infiniti888: doesn't show hand 
*** SUMMARY ***
Total pot $0.24 | Rake $0.01 
Board [8c Ks Td Ah 6d]
Seat 1: DaiSakana folded before Flop (didn't bet)
Seat 2: Ferdl111 (button) folded before Flop (didn't bet)
Seat 3: Noob85110 (small blind) folded on the River
Seat 4: Dimarik8686 (big blind) folded on the Flop
Seat 5: BAHbKA003 folded before Flop (didn't bet)
Seat 7: infiniti888 collected ($0.23)
Seat 8: acad2011 folded on the Flop
Seat 9: Dorex2007 folded before Flop (didn't bet)



PokerStars Hand #227663507884:  Hold'em No Limit ($0.01/$0.02 USD) - 2021/06/18 0:01:02 PT [2021/06/18 3:01:02 ET]
Table 'Humason II' 9-max Seat #3 is the button
Seat 1: DaiSakana ($2 in chips) 
Seat 2: Ferdl111 ($0.73 in chips) 
Seat 3: Noob85110 ($2.64 in chips) 
Seat 4: Dimarik8686 ($2.03 in chips) 
Seat 5: BAHbKA003 ($2.86 in chips) 
Seat 7: infiniti888 ($0.98 in chips) 
Seat 8: acad2011 ($1.76 in chips) 
Seat 9: Dorex2007 ($3.63 in chips) 
Dimarik8686: posts small blind $0.01
BAHbKA003: posts big blind $0.02
SashkoU: sits out 
*** HOLE CARDS ***
Dealt to Dorex2007 [Kc 7s]
infiniti888: folds 
acad2011: calls $0.02
Dorex2007: folds 
DaiSakana: folds 
Ferdl111: folds 
Noob85110: folds 
Dimarik8686: raises $0.04 to $0.06
BAHbKA003: calls $0.04
acad2011: calls $0.04
*** FLOP *** [Th Js Qs]
Dimarik8686: checks 
BAHbKA003: checks 
acad2011: bets $0.06
Dimarik8686: folds 
BAHbKA003: calls $0.06
*** TURN *** [Th Js Qs] [5d]
BAHbKA003: checks 
acad2011: bets $0.06
BAHbKA003: calls $0.06
*** RIVER *** [Th Js Qs 5d] [Qd]
BAHbKA003: checks 
acad2011: checks 
*** SHOW DOWN ***
BAHbKA003: shows [Ah 4h] (a pair of Queens)
acad2011: shows [Ts 3s] (two pair, Queens and Tens)
acad2011 collected $0.41 from pot
*** SUMMARY ***
Total pot $0.42 | Rake $0.01 
Board [Th Js Qs 5d Qd]
Seat 1: DaiSakana folded before Flop (didn't bet)
Seat 2: Ferdl111 folded before Flop (didn't bet)
Seat 3: Noob85110 (button) folded before Flop (didn't bet)
Seat 4: Dimarik8686 (small blind) folded on the Flop
Seat 5: BAHbKA003 (big blind) showed [Ah 4h] and lost with a pair of Queens
Seat 7: infiniti888 folded before Flop (didn't bet)
Seat 8: acad2011 showed [Ts 3s] and won ($0.41) with two pair, Queens and Tens
Seat 9: Dorex2007 folded before Flop (didn't bet)



PokerStars Hand #227663516176:  Hold'em No Limit ($0.01/$0.02 USD) - 2021/06/18 0:02:02 PT [2021/06/18 3:02:02 ET]
Table 'Humason II' 9-max Seat #4 is the button
Seat 1: DaiSakana ($2 in chips) 
Seat 2: Ferdl111 ($0.73 in chips) 
Seat 3: Noob85110 ($2.64 in chips) 
Seat 4: Dimarik8686 ($2 in chips) 
Seat 5: BAHbKA003 ($2.68 in chips) 
Seat 6: SashkoU ($2 in chips) 
Seat 7: infiniti888 ($0.98 in chips) 
Seat 8: acad2011 ($1.99 in chips) 
Seat 9: Dorex2007 ($3.63 in chips) 
BAHbKA003: posts small blind $0.01
SashkoU: posts big blind $0.02
*** HOLE CARDS ***
Dealt to Dorex2007 [6s Jh]
infiniti888: folds 
acad2011: calls $0.02
Dorex2007: folds 
DaiSakana: folds 
Ferdl111: calls $0.02
Noob85110: calls $0.02
Dimarik8686: folds 
BAHbKA003: folds 
SashkoU: checks 
*** FLOP *** [Ac Qs 7s]
SashkoU: checks 
acad2011: checks 
Ferdl111: checks 
Noob85110: checks 
*** TURN *** [Ac Qs 7s] [5s]
SashkoU: checks 
acad2011: checks 
Ferdl111: bets $0.05
Noob85110: calls $0.05
SashkoU: folds 
acad2011: folds 
*** RIVER *** [Ac Qs 7s 5s] [6c]
Ferdl111: bets $0.09
Noob85110: calls $0.09
*** SHOW DOWN ***
Ferdl111: shows [5h 5d] (three of a kind, Fives)
Noob85110: mucks hand 
Ferdl111 collected $0.36 from pot
*** SUMMARY ***
Total pot $0.37 | Rake $0.01 
Board [Ac Qs 7s 5s 6c]
Seat 1: DaiSakana folded before Flop (didn't bet)
Seat 2: Ferdl111 showed [5h 5d] and won ($0.36) with three of a kind, Fives
Seat 3: Noob85110 mucked [2c Ah]
Seat 4: Dimarik8686 (button) folded before Flop (didn't bet)
Seat 5: BAHbKA003 (small blind) folded before Flop
Seat 6: SashkoU (big blind) folded on the Turn
Seat 7: infiniti888 folded before Flop (didn't bet)
Seat 8: acad2011 folded on the Turn
Seat 9: Dorex2007 folded before Flop (didn't bet)



PokerStars Hand #227663525152:  Hold'em No Limit ($0.01/$0.02 USD) - 2021/06/18 0:03:06 PT [2021/06/18 3:03:06 ET]
Table 'Humason II' 9-max Seat #5 is the button
Seat 1: DaiSakana ($2 in chips) 
Seat 2: Ferdl111 ($0.93 in chips) 
Seat 3: Noob85110 ($2.48 in chips) 
Seat 4: Dimarik8686 ($2 in chips) 
Seat 5: BAHbKA003 ($2.67 in chips) 
Seat 6: SashkoU ($2 in chips) 
Seat 7: infiniti888 ($0.98 in chips) 
Seat 8: acad2011 ($1.97 in chips) 
Seat 9: Dorex2007 ($3.63 in chips) 
SashkoU: posts small blind $0.01
infiniti888: posts big blind $0.02
*** HOLE CARDS ***
Dealt to Dorex2007 [6h Ac]
acad2011: calls $0.02
Dorex2007: folds 
DaiSakana: folds 
Ferdl111: folds 
Noob85110 has timed out
Noob85110: folds 
Dimarik8686: raises $0.06 to $0.08
BAHbKA003: folds 
SashkoU: folds 
infiniti888: folds 
acad2011: calls $0.06
*** FLOP *** [4s 2d 7h]
acad2011: checks 
Dimarik8686: bets $0.14
acad2011: folds 
Uncalled bet ($0.14) returned to Dimarik8686
Dimarik8686 collected $0.18 from pot
Dimarik8686: doesn't show hand 
*** SUMMARY ***
Total pot $0.19 | Rake $0.01 
Board [4s 2d 7h]
Seat 1: DaiSakana folded before Flop (didn't bet)
Seat 2: Ferdl111 folded before Flop (didn't bet)
Seat 3: Noob85110 folded before Flop (didn't bet)
Seat 4: Dimarik8686 collected ($0.18)
Seat 5: BAHbKA003 (button) folded before Flop (didn't bet)
Seat 6: SashkoU (small blind) folded before Flop
Seat 7: infiniti888 (big blind) folded before Flop
Seat 8: acad2011 folded on the Flop
Seat 9: Dorex2007 folded before Flop (didn't bet)



PokerStars Hand #227663532653:  Hold'em No Limit ($0.01/$0.02 USD) - 2021/06/18 0:03:58 PT [2021/06/18 3:03:58 ET]
Table 'Humason II' 9-max Seat #6 is the button
Seat 1: DaiSakana ($2 in chips) 
Seat 2: Ferdl111 ($0.93 in chips) 
Seat 3: Noob85110 ($2.48 in chips) 
Seat 4: Dimarik8686 ($2.10 in chips) 
Seat 5: BAHbKA003 ($2.67 in chips) 
Seat 6: SashkoU ($2 in chips) 
Seat 7: infiniti888 ($0.96 in chips) 
Seat 8: acad2011 ($1.89 in chips) 
Seat 9: Dorex2007 ($3.63 in chips) 
infiniti888: posts small blind $0.01
acad2011: posts big blind $0.02
*** HOLE CARDS ***
Dealt to Dorex2007 [Kd 3d]
Dorex2007: folds 
DaiSakana: folds 
Ferdl111: calls $0.02
Noob85110: folds 
Dimarik8686: raises $0.08 to $0.10
BAHbKA003: folds 
SashkoU: folds 
infiniti888: folds 
acad2011: calls $0.08
Ferdl111: calls $0.08
*** FLOP *** [7c Jh 6s]
acad2011: checks 
Ferdl111: bets $0.20
Dimarik8686: calls $0.20
acad2011: folds 
*** TURN *** [7c Jh 6s] [5d]
Ferdl111: bets $0.63 and is all-in
Dimarik8686: calls $0.63
*** RIVER *** [7c Jh 6s 5d] [6d]
*** SHOW DOWN ***
Ferdl111: shows [7h 7d] (a full house, Sevens full of Sixes)
Dimarik8686: shows [Js Jc] (a full house, Jacks full of Sixes)
Dimarik8686 collected $1.90 from pot
*** SUMMARY ***
Total pot $1.97 | Rake $0.07 
Board [7c Jh 6s 5d 6d]
Seat 1: DaiSakana folded before Flop (didn't bet)
Seat 2: Ferdl111 showed [7h 7d] and lost with a full house, Sevens full of Sixes
Seat 3: Noob85110 folded before Flop (didn't bet)
Seat 4: Dimarik8686 showed [Js Jc] and won ($1.90) with a full house, Jacks full of Sixes
Seat 5: BAHbKA003 folded before Flop (didn't bet)
Seat 6: SashkoU (button) folded before Flop (didn't bet)
Seat 7: infiniti888 (small blind) folded before Flop
Seat 8: acad2011 (big blind) folded on the Flop
Seat 9: Dorex2007 folded before Flop (didn't bet)



PokerStars Hand #227663540542:  Hold'em No Limit ($0.01/$0.02 USD) - 2021/06/18 0:04:53 PT [2021/06/18 3:04:53 ET]
Table 'Humason II' 9-max Seat #7 is the button
Seat 1: DaiSakana ($2 in chips) 
Seat 3: Noob85110 ($2.48 in chips) 
Seat 4: Dimarik8686 ($3.07 in chips) 
Seat 5: BAHbKA003 ($2.67 in chips) 
Seat 6: SashkoU ($2 in chips) 
Seat 7: infiniti888 ($0.95 in chips) 
Seat 8: acad2011 ($1.79 in chips) 
Seat 9: Dorex2007 ($3.63 in chips) 
acad2011: posts small blind $0.01
Dorex2007: posts big blind $0.02
*** HOLE CARDS ***
Dealt to Dorex2007 [5s 9d]
DaiSakana: folds 
Noob85110: folds 
Dimarik8686: folds 
BAHbKA003: raises $0.04 to $0.06
SashkoU: folds 
infiniti888: raises $0.10 to $0.16
acad2011: folds 
Dorex2007: folds 
BAHbKA003: calls $0.10
*** FLOP *** [8d 4s Qd]
BAHbKA003: checks 
infiniti888: bets $0.17
BAHbKA003: raises $0.32 to $0.49
infiniti888: raises $0.30 to $0.79 and is all-in
BAHbKA003: folds 
Uncalled bet ($0.30) returned to infiniti888
infiniti888 collected $1.28 from pot
infiniti888: doesn't show hand 
*** SUMMARY ***
Total pot $1.33 | Rake $0.05 
Board [8d 4s Qd]
Seat 1: DaiSakana folded before Flop (didn't bet)
Seat 3: Noob85110 folded before Flop (didn't bet)
Seat 4: Dimarik8686 folded before Flop (didn't bet)
Seat 5: BAHbKA003 folded on the Flop
Seat 6: SashkoU folded before Flop (didn't bet)
Seat 7: infiniti888 (button) collected ($1.28)
Seat 8: acad2011 (small blind) folded before Flop
Seat 9: Dorex2007 (big blind) folded before Flop



PokerStars Hand #227663548272:  Hold'em No Limit ($0.01/$0.02 USD) - 2021/06/18 0:05:47 PT [2021/06/18 3:05:47 ET]
Table 'Humason II' 9-max Seat #8 is the button
Seat 1: DaiSakana ($2 in chips) 
Seat 2: Ferdl111 ($0.80 in chips) 
Seat 3: Noob85110 ($2.48 in chips) 
Seat 4: Dimarik8686 ($3.07 in chips) 
Seat 5: BAHbKA003 ($2.02 in chips) 
Seat 6: SashkoU ($2 in chips) 
Seat 7: infiniti888 ($1.58 in chips) 
Seat 8: acad2011 ($1.78 in chips) 
Seat 9: Dorex2007 ($3.61 in chips) 
Dorex2007: posts small blind $0.01
DaiSakana: posts big blind $0.02
*** HOLE CARDS ***
Dealt to Dorex2007 [6h 8c]
Ferdl111: calls $0.02
Noob85110: raises $0.02 to $0.04
Dimarik8686: folds 
BAHbKA003: folds 
SashkoU: folds 
infiniti888: folds 
acad2011: calls $0.04
Dorex2007: folds 
DaiSakana: folds 
Ferdl111: calls $0.02
*** FLOP *** [2s 5s 7h]
Ferdl111: checks 
Noob85110: checks 
acad2011: checks 
*** TURN *** [2s 5s 7h] [2d]
Ferdl111: checks 
Noob85110: bets $0.02
acad2011: calls $0.02
Ferdl111: calls $0.02
*** RIVER *** [2s 5s 7h 2d] [2h]
Ferdl111: checks 
Noob85110: bets $0.02
acad2011: calls $0.02
Ferdl111: folds 
*** SHOW DOWN ***
Noob85110: shows [5d Ac] (a full house, Deuces full of Fives)
acad2011: mucks hand 
Noob85110 collected $0.24 from pot
*** SUMMARY ***
Total pot $0.25 | Rake $0.01 
Board [2s 5s 7h 2d 2h]
Seat 1: DaiSakana (big blind) folded before Flop
Seat 2: Ferdl111 folded on the River
Seat 3: Noob85110 showed [5d Ac] and won ($0.24) with a full house, Deuces full of Fives
Seat 4: Dimarik8686 folded before Flop (didn't bet)
Seat 5: BAHbKA003 folded before Flop (didn't bet)
Seat 6: SashkoU folded before Flop (didn't bet)
Seat 7: infiniti888 folded before Flop (didn't bet)
Seat 8: acad2011 (button) mucked [Tc As]
Seat 9: Dorex2007 (small blind) folded before Flop



PokerStars Hand #227663556343:  Hold'em No Limit ($0.01/$0.02 USD) - 2021/06/18 0:06:43 PT [2021/06/18 3:06:43 ET]
Table 'Humason II' 9-max Seat #9 is the button
Seat 1: DaiSakana ($2 in chips) 
Seat 2: Ferdl111 ($0.74 in chips) 
Seat 3: Noob85110 ($2.64 in chips) 
Seat 4: Dimarik8686 ($3.07 in chips) 
Seat 5: BAHbKA003 ($2.02 in chips) 
Seat 6: SashkoU ($2 in chips) 
Seat 7: infiniti888 ($1.58 in chips) 
Seat 8: acad2011 ($1.70 in chips) 
Seat 9: Dorex2007 ($3.60 in chips) 
DaiSakana: posts small blind $0.01
Ferdl111: posts big blind $0.02
*** HOLE CARDS ***
Dealt to Dorex2007 [4d Qs]
Noob85110: calls $0.02
Dimarik8686: folds 
BAHbKA003: raises $0.04 to $0.06
SashkoU: folds 
infiniti888: folds 
acad2011: calls $0.06
Dorex2007: folds 
DaiSakana: folds 
Ferdl111: folds 
Noob85110: calls $0.04
*** FLOP *** [Ks Js 8s]
Noob85110: checks 
BAHbKA003: bets $0.13
acad2011: folds 
Noob85110: calls $0.13
*** TURN *** [Ks Js 8s] [5s]
Noob85110: checks 
BAHbKA003: checks 
*** RIVER *** [Ks Js 8s 5s] [7s]
Noob85110: bets $2.45 and is all-in
BAHbKA003: folds 
Uncalled bet ($2.45) returned to Noob85110
Noob85110 collected $0.45 from pot
Noob85110: doesn't show hand 
*** SUMMARY ***
Total pot $0.47 | Rake $0.02 
Board [Ks Js 8s 5s 7s]
Seat 1: DaiSakana (small blind) folded before Flop
Seat 2: Ferdl111 (big blind) folded before Flop
Seat 3: Noob85110 collected ($0.45)
Seat 4: Dimarik8686 folded before Flop (didn't bet)
Seat 5: BAHbKA003 folded on the River
Seat 6: SashkoU folded before Flop (didn't bet)
Seat 7: infiniti888 folded before Flop (didn't bet)
Seat 8: acad2011 folded on the Flop
Seat 9: Dorex2007 (button) folded before Flop (didn't bet)



PokerStars Hand #227663565968:  Hold'em No Limit ($0.01/$0.02 USD) - 2021/06/18 0:07:52 PT [2021/06/18 3:07:52 ET]
Table 'Humason II' 9-max Seat #1 is the button
Seat 1: DaiSakana ($2 in chips) 
Seat 3: Noob85110 ($2.90 in chips) 
Seat 4: Dimarik8686 ($3.07 in chips) 
Seat 5: BAHbKA003 ($1.83 in chips) 
Seat 6: SashkoU ($2 in chips) 
Seat 7: infiniti888 ($1.58 in chips) 
Seat 8: acad2011 ($1.64 in chips) 
Seat 9: Dorex2007 ($3.60 in chips) 
Noob85110: posts small blind $0.01
Dimarik8686: posts big blind $0.02
*** HOLE CARDS ***
Dealt to Dorex2007 [3s 8h]
BAHbKA003: calls $0.02
SashkoU: raises $0.09 to $0.11
infiniti888: folds 
acad2011: folds 
Dorex2007: folds 
DaiSakana: folds 
Noob85110: folds 
Dimarik8686: folds 
BAHbKA003: calls $0.09
*** FLOP *** [4s Ts 6h]
BAHbKA003: checks 
DaiSakana leaves the table
SashkoU has timed out
SashkoU: checks 
*** TURN *** [4s Ts 6h] [Ac]
BAHbKA003: checks 
Noob85110 is disconnected 
SashkoU: bets $0.16
BAHbKA003: folds 
Uncalled bet ($0.16) returned to SashkoU
SashkoU collected $0.24 from pot
SashkoU: doesn't show hand 
*** SUMMARY ***
Total pot $0.25 | Rake $0.01 
Board [4s Ts 6h Ac]
Seat 1: DaiSakana (button) folded before Flop (didn't bet)
Seat 3: Noob85110 (small blind) folded before Flop
Seat 4: Dimarik8686 (big blind) folded before Flop
Seat 5: BAHbKA003 folded on the Turn
Seat 6: SashkoU collected ($0.24)
Seat 7: infiniti888 folded before Flop (didn't bet)
Seat 8: acad2011 folded before Flop (didn't bet)
Seat 9: Dorex2007 folded before Flop (didn't bet)



PokerStars Hand #227663577264:  Hold'em No Limit ($0.01/$0.02 USD) - 2021/06/18 0:09:12 PT [2021/06/18 3:09:12 ET]
Table 'Humason II' 9-max Seat #3 is the button
Seat 3: Noob85110 ($2.89 in chips) 
Seat 4: Dimarik8686 ($3.05 in chips) 
Seat 5: BAHbKA003 ($1.89 in chips) 
Seat 6: SashkoU ($2.13 in chips) 
Seat 7: infiniti888 ($1.58 in chips) 
Seat 8: acad2011 ($1.64 in chips) 
Seat 9: Dorex2007 ($3.60 in chips) 
Dimarik8686: posts small blind $0.01
BAHbKA003: posts big blind $0.02
Ferdl111: sits out 
*** HOLE CARDS ***
Dealt to Dorex2007 [Qd Td]
SashkoU: folds 
infiniti888: calls $0.02
acad2011: folds 
Dorex2007: raises $0.02 to $0.04
Noob85110 has timed out while disconnected
Noob85110: folds 
Dimarik8686: folds 
BAHbKA003: folds 
tak1401 joins the table at seat #1 
infiniti888: raises $0.20 to $0.24
Dorex2007: folds 
Uncalled bet ($0.20) returned to infiniti888
Dimarik8686 leaves the table
infiniti888 collected $0.11 from pot
infiniti888: doesn't show hand 
*** SUMMARY ***
Total pot $0.11 | Rake $0 
Seat 3: Noob85110 (button) folded before Flop (didn't bet)
Seat 4: Dimarik8686 (small blind) folded before Flop
Seat 5: BAHbKA003 (big blind) folded before Flop
Seat 6: SashkoU folded before Flop (didn't bet)
Seat 7: infiniti888 collected ($0.11)
Seat 8: acad2011 folded before Flop (didn't bet)
Seat 9: Dorex2007 folded before Flop



PokerStars Hand #227663583552:  Hold'em No Limit ($0.01/$0.02 USD) - 2021/06/18 0:09:56 PT [2021/06/18 3:09:56 ET]
Table 'Humason II' 9-max Seat #5 is the button
Seat 5: BAHbKA003 ($1.98 in chips) 
Seat 6: SashkoU ($2.13 in chips) 
Seat 7: infiniti888 ($1.65 in chips) 
Seat 8: acad2011 ($1.64 in chips) 
Seat 9: Dorex2007 ($3.56 in chips) 
SashkoU: posts small blind $0.01
infiniti888: posts big blind $0.02
tak1401: sits out 
Ferdl111: sits out 
*** HOLE CARDS ***
Dealt to Dorex2007 [2s Ah]
acad2011: calls $0.02
Dorex2007: folds 
BAHbKA003: raises $0.04 to $0.06
SashkoU: folds 
infiniti888: folds 
Suited Pair XX joins the table at seat #4 
acad2011: calls $0.04
*** FLOP *** [4d 5d 7s]
acad2011: checks 
BAHbKA003: bets $0.09
acad2011: calls $0.09
*** TURN *** [4d 5d 7s] [3c]
acad2011: checks 
BAHbKA003: checks 
*** RIVER *** [4d 5d 7s 3c] [Js]
acad2011: bets $0.08
BAHbKA003: calls $0.08
*** SHOW DOWN ***
acad2011: shows [Jd 7d] (two pair, Jacks and Sevens)
BAHbKA003: mucks hand 
acad2011 collected $0.47 from pot
*** SUMMARY ***
Total pot $0.49 | Rake $0.02 
Board [4d 5d 7s 3c Js]
Seat 5: BAHbKA003 (button) mucked [5h As]
Seat 6: SashkoU (small blind) folded before Flop
Seat 7: infiniti888 (big blind) folded before Flop
Seat 8: acad2011 showed [Jd 7d] and won ($0.47) with two pair, Jacks and Sevens
Seat 9: Dorex2007 folded before Flop (didn't bet)



PokerStars Hand #227663591417:  Hold'em No Limit ($0.01/$0.02 USD) - 2021/06/18 0:10:50 PT [2021/06/18 3:10:50 ET]
Table 'Humason II' 9-max Seat #6 is the button
Seat 5: BAHbKA003 ($1.75 in chips) 
Seat 6: SashkoU ($2.12 in chips) 
Seat 7: infiniti888 ($1.63 in chips) 
Seat 8: acad2011 ($1.88 in chips) 
Seat 9: Dorex2007 ($3.56 in chips) 
infiniti888: posts small blind $0.01
acad2011: posts big blind $0.02
tak1401: sits out 
Ferdl111: sits out 
Suited Pair XX: sits out 
*** HOLE CARDS ***
Dealt to Dorex2007 [Ts As]
Dorex2007: raises $0.02 to $0.04
BAHbKA003: calls $0.04
SashkoU: folds 
infiniti888: folds 
acad2011: calls $0.02
*** FLOP *** [Ac Jd 5h]
acad2011: checks 
Dorex2007: checks 
BAHbKA003: checks 
*** TURN *** [Ac Jd 5h] [7s]
acad2011: checks 
Dorex2007: bets $0.09
BAHbKA003: folds 
acad2011: folds 
Uncalled bet ($0.09) returned to Dorex2007
Dorex2007 collected $0.13 from pot
Dorex2007: doesn't show hand 
*** SUMMARY ***
Total pot $0.13 | Rake $0 
Board [Ac Jd 5h 7s]
Seat 5: BAHbKA003 folded on the Turn
Seat 6: SashkoU (button) folded before Flop (didn't bet)
Seat 7: infiniti888 (small blind) folded before Flop
Seat 8: acad2011 (big blind) folded on the Turn
Seat 9: Dorex2007 collected ($0.13)



PokerStars Hand #227663599181:  Hold'em No Limit ($0.01/$0.02 USD) - 2021/06/18 0:11:43 PT [2021/06/18 3:11:43 ET]
Table 'Humason II' 9-max Seat #7 is the button
Seat 3: Noob85110 ($2.89 in chips) 
Seat 5: BAHbKA003 ($1.96 in chips) 
Seat 6: SashkoU ($2.12 in chips) 
Seat 7: infiniti888 ($1.62 in chips) 
Seat 8: acad2011 ($1.84 in chips) 
Seat 9: Dorex2007 ($3.65 in chips) 
acad2011: posts small blind $0.01
Dorex2007: posts big blind $0.02
tak1401: sits out 
Ferdl111: sits out 
Suited Pair XX: sits out 
*** HOLE CARDS ***
Dealt to Dorex2007 [8d 5h]
Noob85110 is disconnected 
Noob85110 has timed out while disconnected
Noob85110: folds 
BAHbKA003: raises $0.04 to $0.06
SashkoU: folds 
infiniti888: folds 
acad2011: calls $0.05
Dorex2007: folds 
*** FLOP *** [Kc 7h 6c]
Ferdl111 leaves the table
acad2011: checks 
BAHbKA003: bets $0.09
acad2011: folds 
Uncalled bet ($0.09) returned to BAHbKA003
6azx9 joins the table at seat #2 
BAHbKA003 collected $0.14 from pot
BAHbKA003: doesn't show hand 
*** SUMMARY ***
Total pot $0.14 | Rake $0 
Board [Kc 7h 6c]
Seat 3: Noob85110 folded before Flop (didn't bet)
Seat 5: BAHbKA003 collected ($0.14)
Seat 6: SashkoU folded before Flop (didn't bet)
Seat 7: infiniti888 (button) folded before Flop (didn't bet)
Seat 8: acad2011 (small blind) folded on the Flop
Seat 9: Dorex2007 (big blind) folded before Flop



PokerStars Hand #227663604722:  Hold'em No Limit ($0.01/$0.02 USD) - 2021/06/18 0:12:21 PT [2021/06/18 3:12:21 ET]
Table 'Humason II' 9-max Seat #8 is the button
Seat 1: tak1401 ($0.80 in chips) 
Seat 5: BAHbKA003 ($2.04 in chips) 
Seat 6: SashkoU ($2.12 in chips) 
Seat 7: infiniti888 ($1.62 in chips) 
Seat 8: acad2011 ($1.78 in chips) 
Seat 9: Dorex2007 ($3.63 in chips) 
Dorex2007: posts small blind $0.01
tak1401: posts big blind $0.02
6azx9: sits out 
Suited Pair XX: sits out 
*** HOLE CARDS ***
Dealt to Dorex2007 [5d 9h]
BAHbKA003: raises $0.04 to $0.06
SashkoU: folds 
infiniti888: folds 
acad2011: calls $0.06
Dorex2007: folds 
tak1401: folds 
*** FLOP *** [4h 6c 2h]
BAHbKA003: bets $0.09
acad2011: calls $0.09
*** TURN *** [4h 6c 2h] [6h]
BAHbKA003: checks 
acad2011: bets $0.02
BAHbKA003: raises $0.18 to $0.20
acad2011: raises $0.18 to $0.38
BAHbKA003: folds 
Uncalled bet ($0.18) returned to acad2011
acad2011 collected $0.70 from pot
acad2011: doesn't show hand 
*** SUMMARY ***
Total pot $0.73 | Rake $0.03 
Board [4h 6c 2h 6h]
Seat 1: tak1401 (big blind) folded before Flop
Seat 5: BAHbKA003 folded on the Turn
Seat 6: SashkoU folded before Flop (didn't bet)
Seat 7: infiniti888 folded before Flop (didn't bet)
Seat 8: acad2011 (button) collected ($0.70)
Seat 9: Dorex2007 (small blind) folded before Flop



PokerStars Hand #227663612240:  Hold'em No Limit ($0.01/$0.02 USD) - 2021/06/18 0:13:14 PT [2021/06/18 3:13:14 ET]
Table 'Humason II' 9-max Seat #9 is the button
Seat 1: tak1401 ($0.78 in chips) 
Seat 2: 6azx9 ($1.60 in chips) 
Seat 5: BAHbKA003 ($1.69 in chips) 
Seat 6: SashkoU ($2.12 in chips) 
Seat 7: infiniti888 ($1.62 in chips) 
Seat 8: acad2011 ($2.13 in chips) 
Seat 9: Dorex2007 ($3.62 in chips) 
tak1401: posts small blind $0.01
6azx9: posts big blind $0.02
Suited Pair XX: sits out 
*** HOLE CARDS ***
Dealt to Dorex2007 [7h Kc]
BAHbKA003: folds 
SashkoU: raises $0.04 to $0.06
infiniti888: folds 
acad2011: folds 
Dorex2007: folds 
tak1401: folds 
6azx9: folds 
Uncalled bet ($0.04) returned to SashkoU
SashkoU collected $0.05 from pot
SashkoU: doesn't show hand 
*** SUMMARY ***
Total pot $0.05 | Rake $0 
Seat 1: tak1401 (small blind) folded before Flop
Seat 2: 6azx9 (big blind) folded before Flop
Seat 5: BAHbKA003 folded before Flop (didn't bet)
Seat 6: SashkoU collected ($0.05)
Seat 7: infiniti888 folded before Flop (didn't bet)
Seat 8: acad2011 folded before Flop (didn't bet)
Seat 9: Dorex2007 (button) folded before Flop (didn't bet)



PokerStars Hand #227663615314:  Hold'em No Limit ($0.01/$0.02 USD) - 2021/06/18 0:13:37 PT [2021/06/18 3:13:37 ET]
Table 'Humason II' 9-max Seat #1 is the button
Seat 1: tak1401 ($0.77 in chips) 
Seat 2: 6azx9 ($1.58 in chips) 
Seat 3: Noob85110 ($2.89 in chips) 
Seat 5: BAHbKA003 ($2 in chips) 
Seat 6: SashkoU ($2.15 in chips) 
Seat 7: infiniti888 ($1.62 in chips) 
Seat 8: acad2011 ($2.13 in chips) 
Seat 9: Dorex2007 ($3.62 in chips) 
6azx9: posts small blind $0.01
Noob85110: posts big blind $0.02
Suited Pair XX: sits out 
*** HOLE CARDS ***
Dealt to Dorex2007 [Qs Tc]
BAHbKA003: folds 
SashkoU: folds 
infiniti888: folds 
acad2011: folds 
Dorex2007: folds 
tak1401: raises $0.02 to $0.04
6azx9: calls $0.03
Noob85110: calls $0.02
*** FLOP *** [Kh Qd 4c]
6azx9: bets $0.02
Noob85110: calls $0.02
tak1401: folds 
*** TURN *** [Kh Qd 4c] [4d]
6azx9: bets $0.08
Noob85110: calls $0.08
*** RIVER *** [Kh Qd 4c 4d] [7h]
6azx9: bets $0.38
Noob85110: folds 
Uncalled bet ($0.38) returned to 6azx9
6azx9 collected $0.31 from pot
6azx9: doesn't show hand 
*** SUMMARY ***
Total pot $0.32 | Rake $0.01 
Board [Kh Qd 4c 4d 7h]
Seat 1: tak1401 (button) folded on the Flop
Seat 2: 6azx9 (small blind) collected ($0.31)
Seat 3: Noob85110 (big blind) folded on the River
Seat 5: BAHbKA003 folded before Flop (didn't bet)
Seat 6: SashkoU folded before Flop (didn't bet)
Seat 7: infiniti888 folded before Flop (didn't bet)
Seat 8: acad2011 folded before Flop (didn't bet)
Seat 9: Dorex2007 folded before Flop (didn't bet)



PokerStars Hand #227663623087:  Hold'em No Limit ($0.01/$0.02 USD) - 2021/06/18 0:14:31 PT [2021/06/18 3:14:31 ET]
Table 'Humason II' 9-max Seat #2 is the button
Seat 1: tak1401 ($0.73 in chips) 
Seat 2: 6azx9 ($1.75 in chips) 
Seat 3: Noob85110 ($2.75 in chips) 
Seat 4: Suited Pair XX ($0.80 in chips) 
Seat 5: BAHbKA003 ($2 in chips) 
Seat 6: SashkoU ($2.15 in chips) 
Seat 7: infiniti888 ($1.62 in chips) 
Seat 8: acad2011 ($2.13 in chips) 
Seat 9: Dorex2007 ($3.62 in chips) 
Noob85110: posts small blind $0.01
Suited Pair XX: posts big blind $0.02
*** HOLE CARDS ***
Dealt to Dorex2007 [5h Th]
BAHbKA003: folds 
SashkoU: folds 
infiniti888: folds 
acad2011: folds 
Dorex2007: folds 
tak1401: folds 
6azx9: calls $0.02
Noob85110: calls $0.01
Suited Pair XX: checks 
*** FLOP *** [5d Kh Qh]
Noob85110: checks 
Suited Pair XX: checks 
6azx9: bets $0.02
Noob85110: calls $0.02
Suited Pair XX: folds 
*** TURN *** [5d Kh Qh] [Qs]
Noob85110: checks 
6azx9: bets $0.04
Noob85110: calls $0.04
*** RIVER *** [5d Kh Qh Qs] [Ac]
Noob85110: bets $0.17
6azx9: folds 
Uncalled bet ($0.17) returned to Noob85110
Noob85110 collected $0.17 from pot
Noob85110: doesn't show hand 
*** SUMMARY ***
Total pot $0.18 | Rake $0.01 
Board [5d Kh Qh Qs Ac]
Seat 1: tak1401 folded before Flop (didn't bet)
Seat 2: 6azx9 (button) folded on the River
Seat 3: Noob85110 (small blind) collected ($0.17)
Seat 4: Suited Pair XX (big blind) folded on the Flop
Seat 5: BAHbKA003 folded before Flop (didn't bet)
Seat 6: SashkoU folded before Flop (didn't bet)
Seat 7: infiniti888 folded before Flop (didn't bet)
Seat 8: acad2011 folded before Flop (didn't bet)
Seat 9: Dorex2007 folded before Flop (didn't bet)



PokerStars Hand #227663632120:  Hold'em No Limit ($0.01/$0.02 USD) - 2021/06/18 0:15:37 PT [2021/06/18 3:15:37 ET]
Table 'Humason II' 9-max Seat #3 is the button
Seat 1: tak1401 ($0.73 in chips) 
Seat 2: 6azx9 ($1.67 in chips) 
Seat 3: Noob85110 ($2.84 in chips) 
Seat 4: Suited Pair XX ($0.78 in chips) 
Seat 5: BAHbKA003 ($2 in chips) 
Seat 6: SashkoU ($2.15 in chips) 
Seat 7: infiniti888 ($1.62 in chips) 
Seat 8: acad2011 ($2.13 in chips) 
Seat 9: Dorex2007 ($3.62 in chips) 
Suited Pair XX: posts small blind $0.01
BAHbKA003: posts big blind $0.02
*** HOLE CARDS ***
Dealt to Dorex2007 [7d 8s]
SashkoU: folds 
infiniti888: folds 
acad2011: calls $0.02
Dorex2007: folds 
tak1401: folds 
6azx9: raises $0.02 to $0.04
Noob85110: calls $0.04
Suited Pair XX: folds 
BAHbKA003: calls $0.02
acad2011: calls $0.02
*** FLOP *** [Js 3s 6c]
BAHbKA003: checks 
acad2011: checks 
6azx9: bets $0.02
Noob85110: calls $0.02
BAHbKA003: raises $0.10 to $0.12
acad2011: folds 
6azx9: folds 
Noob85110: folds 
Uncalled bet ($0.10) returned to BAHbKA003
BAHbKA003 collected $0.22 from pot
BAHbKA003: doesn't show hand 
*** SUMMARY ***
Total pot $0.23 | Rake $0.01 
Board [Js 3s 6c]
Seat 1: tak1401 folded before Flop (didn't bet)
Seat 2: 6azx9 folded on the Flop
Seat 3: Noob85110 (button) folded on the Flop
Seat 4: Suited Pair XX (small blind) folded before Flop
Seat 5: BAHbKA003 (big blind) collected ($0.22)
Seat 6: SashkoU folded before Flop (didn't bet)
Seat 7: infiniti888 folded before Flop (didn't bet)
Seat 8: acad2011 folded on the Flop
Seat 9: Dorex2007 folded before Flop (didn't bet)



PokerStars Hand #227663638728:  Hold'em No Limit ($0.01/$0.02 USD) - 2021/06/18 0:16:24 PT [2021/06/18 3:16:24 ET]
Table 'Humason II' 9-max Seat #4 is the button
Seat 1: tak1401 ($0.73 in chips) 
Seat 2: 6azx9 ($1.61 in chips) 
Seat 3: Noob85110 ($2.78 in chips) 
Seat 4: Suited Pair XX ($0.77 in chips) 
Seat 5: BAHbKA003 ($2.16 in chips) 
Seat 6: SashkoU ($2.15 in chips) 
Seat 7: infiniti888 ($1.62 in chips) 
Seat 8: acad2011 ($2.09 in chips) 
Seat 9: Dorex2007 ($3.62 in chips) 
BAHbKA003: posts small blind $0.01
SashkoU: posts big blind $0.02
*** HOLE CARDS ***
Dealt to Dorex2007 [Th 6h]
infiniti888: calls $0.02
acad2011: calls $0.02
Dorex2007: folds 
tak1401: folds 
6azx9: raises $0.02 to $0.04
Noob85110: folds 
Suited Pair XX: folds 
BAHbKA003: folds 
SashkoU: folds 
infiniti888: calls $0.02
acad2011: calls $0.02
*** FLOP *** [As 6c Ah]
infiniti888: checks 
acad2011: checks 
6azx9: bets $0.08
infiniti888: calls $0.08
acad2011: calls $0.08
*** TURN *** [As 6c Ah] [Jc]
infiniti888: checks 
acad2011: checks 
6azx9: checks 
*** RIVER *** [As 6c Ah Jc] [8d]
infiniti888: bets $0.19
acad2011: calls $0.19
6azx9: folds 
*** SHOW DOWN ***
infiniti888: shows [Ac Qh] (three of a kind, Aces)
acad2011: shows [Jd Jh] (a full house, Jacks full of Aces)
acad2011 collected $0.74 from pot
*** SUMMARY ***
Total pot $0.77 | Rake $0.03 
Board [As 6c Ah Jc 8d]
Seat 1: tak1401 folded before Flop (didn't bet)
Seat 2: 6azx9 folded on the River
Seat 3: Noob85110 folded before Flop (didn't bet)
Seat 4: Suited Pair XX (button) folded before Flop (didn't bet)
Seat 5: BAHbKA003 (small blind) folded before Flop
Seat 6: SashkoU (big blind) folded before Flop
Seat 7: infiniti888 showed [Ac Qh] and lost with three of a kind, Aces
Seat 8: acad2011 showed [Jd Jh] and won ($0.74) with a full house, Jacks full of Aces
Seat 9: Dorex2007 folded before Flop (didn't bet)



PokerStars Hand #227663649533:  Hold'em No Limit ($0.01/$0.02 USD) - 2021/06/18 0:17:42 PT [2021/06/18 3:17:42 ET]
Table 'Humason II' 9-max Seat #5 is the button
Seat 1: tak1401 ($0.73 in chips) 
Seat 2: 6azx9 ($1.49 in chips) 
Seat 3: Noob85110 ($2.78 in chips) 
Seat 4: Suited Pair XX ($0.77 in chips) 
Seat 5: BAHbKA003 ($2.15 in chips) 
Seat 6: SashkoU ($2.13 in chips) 
Seat 7: infiniti888 ($1.31 in chips) 
Seat 8: acad2011 ($2.52 in chips) 
Seat 9: Dorex2007 ($3.62 in chips) 
SashkoU: posts small blind $0.01
infiniti888: posts big blind $0.02
*** HOLE CARDS ***
Dealt to Dorex2007 [6s 3s]
acad2011: calls $0.02
Dorex2007: folds 
tak1401: folds 
6azx9: folds 
Noob85110: calls $0.02
Suited Pair XX: folds 
BAHbKA003: raises $0.06 to $0.08
SashkoU: folds 
infiniti888: folds 
acad2011: folds 
Noob85110: calls $0.06
*** FLOP *** [4h 5h 3d]
Noob85110: checks 
BAHbKA003: checks 
*** TURN *** [4h 5h 3d] [4d]
Noob85110: checks 
BAHbKA003: bets $0.13
Noob85110: calls $0.13
*** RIVER *** [4h 5h 3d 4d] [2h]
Noob85110: checks 
BAHbKA003: bets $0.30
Noob85110: calls $0.30
*** SHOW DOWN ***
BAHbKA003: shows [5s 6c] (a straight, Deuce to Six)
Noob85110: mucks hand 
BAHbKA003 collected $1.03 from pot
*** SUMMARY ***
Total pot $1.07 | Rake $0.04 
Board [4h 5h 3d 4d 2h]
Seat 1: tak1401 folded before Flop (didn't bet)
Seat 2: 6azx9 folded before Flop (didn't bet)
Seat 3: Noob85110 mucked [2c 3c]
Seat 4: Suited Pair XX folded before Flop (didn't bet)
Seat 5: BAHbKA003 (button) showed [5s 6c] and won ($1.03) with a straight, Deuce to Six
Seat 6: SashkoU (small blind) folded before Flop
Seat 7: infiniti888 (big blind) folded before Flop
Seat 8: acad2011 folded before Flop
Seat 9: Dorex2007 folded before Flop (didn't bet)



PokerStars Hand #227663661046:  Hold'em No Limit ($0.01/$0.02 USD) - 2021/06/18 0:19:04 PT [2021/06/18 3:19:04 ET]
Table 'Humason II' 9-max Seat #6 is the button
Seat 1: tak1401 ($0.73 in chips) 
Seat 2: 6azx9 ($1.49 in chips) 
Seat 3: Noob85110 ($2.27 in chips) 
Seat 4: Suited Pair XX ($0.77 in chips) 
Seat 5: BAHbKA003 ($2.67 in chips) 
Seat 6: SashkoU ($2.12 in chips) 
Seat 7: infiniti888 ($1.29 in chips) 
Seat 8: acad2011 ($2.50 in chips) 
Seat 9: Dorex2007 ($3.62 in chips) 
infiniti888: posts small blind $0.01
acad2011: posts big blind $0.02
*** HOLE CARDS ***
Dealt to Dorex2007 [Js Ts]
Dorex2007: folds 
tak1401: folds 
6azx9: raises $0.02 to $0.04
Noob85110: folds 
Suited Pair XX: calls $0.04
BAHbKA003: calls $0.04
SashkoU: folds 
infiniti888: folds 
acad2011: calls $0.02
*** FLOP *** [2d Qd Ac]
acad2011: checks 
6azx9: checks 
Suited Pair XX: bets $0.11
BAHbKA003: folds 
acad2011: folds 
6azx9: calls $0.11
*** TURN *** [2d Qd Ac] [5c]
6azx9: checks 
Suited Pair XX: checks 
*** RIVER *** [2d Qd Ac 5c] [3c]
6azx9: bets $0.12
Suited Pair XX: calls $0.12
*** SHOW DOWN ***
6azx9: shows [6d 4d] (a straight, Deuce to Six)
Suited Pair XX: mucks hand 
6azx9 collected $0.61 from pot
*** SUMMARY ***
Total pot $0.63 | Rake $0.02 
Board [2d Qd Ac 5c 3c]
Seat 1: tak1401 folded before Flop (didn't bet)
Seat 2: 6azx9 showed [6d 4d] and won ($0.61) with a straight, Deuce to Six
Seat 3: Noob85110 folded before Flop (didn't bet)
Seat 4: Suited Pair XX mucked [Ad 8s]
Seat 5: BAHbKA003 folded on the Flop
Seat 6: SashkoU (button) folded before Flop (didn't bet)
Seat 7: infiniti888 (small blind) folded before Flop
Seat 8: acad2011 (big blind) folded on the Flop
Seat 9: Dorex2007 folded before Flop (didn't bet)



PokerStars Hand #227663671298:  Hold'em No Limit ($0.01/$0.02 USD) - 2021/06/18 0:20:16 PT [2021/06/18 3:20:16 ET]
Table 'Humason II' 9-max Seat #7 is the button
Seat 1: tak1401 ($0.73 in chips) 
Seat 2: 6azx9 ($1.83 in chips) 
Seat 3: Noob85110 ($2.27 in chips) 
Seat 4: Suited Pair XX ($0.50 in chips) 
Seat 5: BAHbKA003 ($2.63 in chips) 
Seat 6: SashkoU ($2.12 in chips) 
Seat 7: infiniti888 ($1.28 in chips) 
Seat 8: acad2011 ($2.46 in chips) 
Seat 9: Dorex2007 ($3.62 in chips) 
acad2011: posts small blind $0.01
Dorex2007: posts big blind $0.02
*** HOLE CARDS ***
Dealt to Dorex2007 [Qc 4c]
tak1401: folds 
6azx9: folds 
Noob85110: raises $0.02 to $0.04
Suited Pair XX: folds 
BAHbKA003: folds 
SashkoU: raises $0.14 to $0.18
infiniti888: folds 
acad2011: folds 
Dorex2007: folds 
Noob85110: folds 
Uncalled bet ($0.14) returned to SashkoU
SashkoU collected $0.11 from pot
SashkoU: doesn't show hand 
*** SUMMARY ***
Total pot $0.11 | Rake $0 
Seat 1: tak1401 folded before Flop (didn't bet)
Seat 2: 6azx9 folded before Flop (didn't bet)
Seat 3: Noob85110 folded before Flop
Seat 4: Suited Pair XX folded before Flop (didn't bet)
Seat 5: BAHbKA003 folded before Flop (didn't bet)
Seat 6: SashkoU collected ($0.11)
Seat 7: infiniti888 (button) folded before Flop (didn't bet)
Seat 8: acad2011 (small blind) folded before Flop
Seat 9: Dorex2007 (big blind) folded before Flop



PokerStars Hand #227663674502:  Hold'em No Limit ($0.01/$0.02 USD) - 2021/06/18 0:20:39 PT [2021/06/18 3:20:39 ET]
Table 'Humason II' 9-max Seat #8 is the button
Seat 1: tak1401 ($0.73 in chips) 
Seat 2: 6azx9 ($1.83 in chips) 
Seat 3: Noob85110 ($2.23 in chips) 
Seat 4: Suited Pair XX ($0.50 in chips) 
Seat 5: BAHbKA003 ($2.63 in chips) 
Seat 6: SashkoU ($2.19 in chips) 
Seat 7: infiniti888 ($1.28 in chips) 
Seat 8: acad2011 ($2.45 in chips) 
Seat 9: Dorex2007 ($3.60 in chips) 
Dorex2007: posts small blind $0.01
tak1401: posts big blind $0.02
*** HOLE CARDS ***
Dealt to Dorex2007 [5d 7d]
6azx9: raises $0.02 to $0.04
Noob85110: folds 
Suited Pair XX: calls $0.04
BAHbKA003: folds 
SashkoU: folds 
infiniti888: folds 
acad2011: folds 
Dorex2007: calls $0.03
tak1401: folds 
*** FLOP *** [Td 7s 8h]
Dorex2007: checks 
6azx9: bets $0.04
Suited Pair XX: calls $0.04
Dorex2007: calls $0.04
*** TURN *** [Td 7s 8h] [Ac]
Dorex2007: checks 
6azx9: bets $0.06
Suited Pair XX: calls $0.06
Dorex2007: folds 
*** RIVER *** [Td 7s 8h Ac] [8s]
6azx9: bets $0.10
Suited Pair XX: calls $0.10
*** SHOW DOWN ***
6azx9: shows [7h 9h] (two pair, Eights and Sevens)
Suited Pair XX: mucks hand 
6azx9 collected $0.56 from pot
*** SUMMARY ***
Total pot $0.58 | Rake $0.02 
Board [Td 7s 8h Ac 8s]
Seat 1: tak1401 (big blind) folded before Flop
Seat 2: 6azx9 showed [7h 9h] and won ($0.56) with two pair, Eights and Sevens
Seat 3: Noob85110 folded before Flop (didn't bet)
Seat 4: Suited Pair XX mucked [Kh Jd]
Seat 5: BAHbKA003 folded before Flop (didn't bet)
Seat 6: SashkoU folded before Flop (didn't bet)
Seat 7: infiniti888 folded before Flop (didn't bet)
Seat 8: acad2011 (button) folded before Flop (didn't bet)
Seat 9: Dorex2007 (small blind) folded on the Turn



PokerStars Hand #227663683760:  Hold'em No Limit ($0.01/$0.02 USD) - 2021/06/18 0:21:44 PT [2021/06/18 3:21:44 ET]
Table 'Humason II' 9-max Seat #9 is the button
Seat 1: tak1401 ($0.71 in chips) 
Seat 2: 6azx9 ($2.15 in chips) 
Seat 3: Noob85110 ($2.23 in chips) 
Seat 4: Suited Pair XX ($0.26 in chips) 
Seat 5: BAHbKA003 ($2.63 in chips) 
Seat 6: SashkoU ($2.19 in chips) 
Seat 7: infiniti888 ($1.28 in chips) 
Seat 8: acad2011 ($2.45 in chips) 
Seat 9: Dorex2007 ($3.52 in chips) 
tak1401: posts small blind $0.01
6azx9: posts big blind $0.02
*** HOLE CARDS ***
Dealt to Dorex2007 [Ah Kc]
Noob85110: raises $0.02 to $0.04
Suited Pair XX: folds 
BAHbKA003: calls $0.04
SashkoU: folds 
infiniti888: folds 
acad2011: calls $0.04
Dorex2007: raises $0.16 to $0.20
tak1401: folds 
6azx9: folds 
Noob85110: calls $0.16
BAHbKA003: calls $0.16
acad2011: folds 
*** FLOP *** [9c Kh 9h]
Noob85110: checks 
BAHbKA003: checks 
Dorex2007: bets $0.43
Noob85110: raises $1.60 to $2.03 and is all-in
BAHbKA003: folds 
Dorex2007: calls $1.60
*** TURN *** [9c Kh 9h] [6c]
*** RIVER *** [9c Kh 9h 6c] [4c]
*** SHOW DOWN ***
Noob85110: shows [Th 7h] (a pair of Nines)
Dorex2007: shows [Ah Kc] (two pair, Kings and Nines)
Dorex2007 cashed out the hand for $3.14 | Cash Out Fee $0.03
*** SUMMARY ***
Total pot $4.73 | Rake $0.17 
Board [9c Kh 9h 6c 4c]
Seat 1: tak1401 (small blind) folded before Flop
Seat 2: 6azx9 (big blind) folded before Flop
Seat 3: Noob85110 showed [Th 7h] and lost with a pair of Nines
Seat 4: Suited Pair XX folded before Flop (didn't bet)
Seat 5: BAHbKA003 folded on the Flop
Seat 6: SashkoU folded before Flop (didn't bet)
Seat 7: infiniti888 folded before Flop (didn't bet)
Seat 8: acad2011 folded before Flop
Seat 9: Dorex2007 (button) showed [Ah Kc] and won ($4.56) with two pair, Kings and Nines (pot not awarded as player cashed out)



PokerStars Hand #227663697137:  Hold'em No Limit ($0.01/$0.02 USD) - 2021/06/18 0:23:17 PT [2021/06/18 3:23:17 ET]
Table 'Humason II' 9-max Seat #1 is the button
Seat 1: tak1401 ($0.70 in chips) 
Seat 2: 6azx9 ($2.13 in chips) 
Seat 4: Suited Pair XX ($0.26 in chips) 
Seat 5: BAHbKA003 ($2.43 in chips) 
Seat 6: SashkoU ($2.19 in chips) 
Seat 7: infiniti888 ($1.28 in chips) 
Seat 8: acad2011 ($2.41 in chips) 
Seat 9: Dorex2007 ($4.43 in chips) 
6azx9: posts small blind $0.01
Suited Pair XX: posts big blind $0.02
*** HOLE CARDS ***
Dealt to Dorex2007 [Kc 7h]
BAHbKA003: folds 
SashkoU: folds 
infiniti888: calls $0.02
acad2011: calls $0.02
Dorex2007: folds 
tak1401: folds 
6azx9: raises $0.02 to $0.04
Suited Pair XX: calls $0.02
infiniti888: calls $0.02
acad2011: calls $0.02
*** FLOP *** [Kh Qc 5s]
6azx9: checks 
Suited Pair XX: bets $0.10
infiniti888: calls $0.10
acad2011: calls $0.10
6azx9: folds 
*** TURN *** [Kh Qc 5s] [Ks]
Suited Pair XX: bets $0.12 and is all-in
infiniti888: calls $0.12
acad2011: calls $0.12
*** RIVER *** [Kh Qc 5s Ks] [3s]
infiniti888: bets $0.40
acad2011: folds 
Uncalled bet ($0.40) returned to infiniti888
*** SHOW DOWN ***
infiniti888: shows [Js Kd] (three of a kind, Kings)
Suited Pair XX: shows [Qd Ad] (two pair, Kings and Queens)
infiniti888 collected $0.79 from pot
*** SUMMARY ***
Total pot $0.82 | Rake $0.03 
Board [Kh Qc 5s Ks 3s]
Seat 1: tak1401 (button) folded before Flop (didn't bet)
Seat 2: 6azx9 (small blind) folded on the Flop
Seat 4: Suited Pair XX (big blind) showed [Qd Ad] and lost with two pair, Kings and Queens
Seat 5: BAHbKA003 folded before Flop (didn't bet)
Seat 6: SashkoU folded before Flop (didn't bet)
Seat 7: infiniti888 showed [Js Kd] and won ($0.79) with three of a kind, Kings
Seat 8: acad2011 folded on the River
Seat 9: Dorex2007 folded before Flop (didn't bet)



PokerStars Hand #227663705347:  Hold'em No Limit ($0.01/$0.02 USD) - 2021/06/18 0:24:14 PT [2021/06/18 3:24:14 ET]
Table 'Humason II' 9-max Seat #2 is the button
Seat 1: tak1401 ($0.70 in chips) 
Seat 2: 6azx9 ($2.09 in chips) 
Seat 5: BAHbKA003 ($2.43 in chips) 
Seat 6: SashkoU ($2.19 in chips) 
Seat 7: infiniti888 ($1.81 in chips) 
Seat 8: acad2011 ($2.15 in chips) 
Seat 9: Dorex2007 ($4.43 in chips) 
BAHbKA003: posts small blind $0.01
SashkoU: posts big blind $0.02
*** HOLE CARDS ***
Dealt to Dorex2007 [6d 2h]
infiniti888: folds 
acad2011: calls $0.02
Suited Pair XX leaves the table
Dorex2007: folds 
tak1401: raises $0.04 to $0.06
6azx9: calls $0.06
BAHbKA003: folds 
SashkoU: folds 
acad2011: calls $0.04
*** FLOP *** [4d 5s 4h]
acad2011: checks 
tak1401: bets $0.10
6azx9: calls $0.10
acad2011: folds 
*** TURN *** [4d 5s 4h] [Js]
tak1401: checks 
6azx9: checks 
*** RIVER *** [4d 5s 4h Js] [Qh]
tak1401: bets $0.14
6azx9: folds 
Uncalled bet ($0.14) returned to tak1401
tak1401 collected $0.40 from pot
tak1401: doesn't show hand 
*** SUMMARY ***
Total pot $0.41 | Rake $0.01 
Board [4d 5s 4h Js Qh]
Seat 1: tak1401 collected ($0.40)
Seat 2: 6azx9 (button) folded on the River
Seat 5: BAHbKA003 (small blind) folded before Flop
Seat 6: SashkoU (big blind) folded before Flop
Seat 7: infiniti888 folded before Flop (didn't bet)
Seat 8: acad2011 folded on the Flop
Seat 9: Dorex2007 folded before Flop (didn't bet)



PokerStars Hand #227663715476:  Hold'em No Limit ($0.01/$0.02 USD) - 2021/06/18 0:25:24 PT [2021/06/18 3:25:24 ET]
Table 'Humason II' 9-max Seat #5 is the button
Seat 1: tak1401 ($0.94 in chips) 
Seat 2: 6azx9 ($1.93 in chips) 
Seat 3: Noob85110 ($2 in chips) 
Seat 5: BAHbKA003 ($2.42 in chips) 
Seat 6: SashkoU ($2.17 in chips) 
Seat 7: infiniti888 ($1.81 in chips) 
Seat 8: acad2011 ($2.09 in chips) 
Seat 9: Dorex2007 ($4.43 in chips) 
SashkoU: posts small blind $0.01
infiniti888: posts big blind $0.02
Noob85110: posts small & big blinds $0.03
*** HOLE CARDS ***
Dealt to Dorex2007 [Jh Th]
acad2011: calls $0.02
Dorex2007: calls $0.02
tak1401: folds 
6azx9: folds 
Noob85110: checks 
BAHbKA003: calls $0.02
SashkoU: folds 
infiniti888: checks 
*** FLOP *** [7s 3s 3h]
infiniti888: checks 
acad2011: checks 
Val1945 joins the table at seat #4 
Dorex2007: checks 
Noob85110: checks 
BAHbKA003: bets $0.08
infiniti888: folds 
acad2011: folds 
Dorex2007: folds 
Noob85110 has timed out
Noob85110: folds 
Uncalled bet ($0.08) returned to BAHbKA003
BAHbKA003 collected $0.12 from pot
BAHbKA003: doesn't show hand 
*** SUMMARY ***
Total pot $0.12 | Rake $0 
Board [7s 3s 3h]
Seat 1: tak1401 folded before Flop (didn't bet)
Seat 2: 6azx9 folded before Flop (didn't bet)
Seat 3: Noob85110 folded on the Flop (didn't bet)
Seat 5: BAHbKA003 (button) collected ($0.12)
Seat 6: SashkoU (small blind) folded before Flop
Seat 7: infiniti888 (big blind) folded on the Flop
Seat 8: acad2011 folded on the Flop
Seat 9: Dorex2007 folded on the Flop



PokerStars Hand #227663728465:  Hold'em No Limit ($0.01/$0.02 USD) - 2021/06/18 0:26:53 PT [2021/06/18 3:26:53 ET]
Table 'Humason II' 9-max Seat #6 is the button
Seat 1: tak1401 ($0.94 in chips) 
Seat 2: 6azx9 ($1.93 in chips) 
Seat 5: BAHbKA003 ($2.52 in chips) 
Seat 6: SashkoU ($2.16 in chips) 
Seat 7: infiniti888 ($1.79 in chips) 
Seat 8: acad2011 ($2.07 in chips) 
Seat 9: Dorex2007 ($4.41 in chips) 
infiniti888: posts small blind $0.01
acad2011: posts big blind $0.02
Val1945: sits out 
*** HOLE CARDS ***
Dealt to Dorex2007 [Qh 9c]
Dorex2007: folds 
tak1401: raises $0.04 to $0.06
6azx9: folds 
BAHbKA003: calls $0.06
SashkoU: folds 
infiniti888: folds 
acad2011: calls $0.04
*** FLOP *** [Th 2h 9h]
acad2011: checks 
tak1401: bets $0.12
BAHbKA003: calls $0.12
acad2011: folds 
*** TURN *** [Th 2h 9h] [Jd]
tak1401: bets $0.76 and is all-in
BAHbKA003: folds 
Uncalled bet ($0.76) returned to tak1401
tak1401 collected $0.41 from pot
tak1401: doesn't show hand 
*** SUMMARY ***
Total pot $0.43 | Rake $0.02 
Board [Th 2h 9h Jd]
Seat 1: tak1401 collected ($0.41)
Seat 2: 6azx9 folded before Flop (didn't bet)
Seat 5: BAHbKA003 folded on the Turn
Seat 6: SashkoU (button) folded before Flop (didn't bet)
Seat 7: infiniti888 (small blind) folded before Flop
Seat 8: acad2011 (big blind) folded on the Flop
Seat 9: Dorex2007 folded before Flop (didn't bet)



PokerStars Hand #227663735950:  Hold'em No Limit ($0.01/$0.02 USD) - 2021/06/18 0:27:44 PT [2021/06/18 3:27:44 ET]
Table 'Humason II' 9-max Seat #7 is the button
Seat 1: tak1401 ($1.17 in chips) 
Seat 2: 6azx9 ($1.93 in chips) 
Seat 5: BAHbKA003 ($2.34 in chips) 
Seat 6: SashkoU ($2.16 in chips) 
Seat 7: infiniti888 ($1.78 in chips) 
Seat 8: acad2011 ($2.01 in chips) 
Seat 9: Dorex2007 ($4.41 in chips) 
acad2011: posts small blind $0.01
Dorex2007: posts big blind $0.02
Val1945: sits out 
*** HOLE CARDS ***
Dealt to Dorex2007 [Kd Td]
tak1401: folds 
tak1401 leaves the table
6azx9: folds 
BAHbKA003: raises $0.04 to $0.06
SashkoU: folds 
infiniti888: folds 
acad2011: folds 
Dorex2007: calls $0.04
*** FLOP *** [9s 7h 4c]
Sebban73 joins the table at seat #1 
Dorex2007: checks 
BAHbKA003: bets $0.09
Dorex2007: calls $0.09
*** TURN *** [9s 7h 4c] [3s]
Dorex2007: checks 
BAHbKA003: checks 
*** RIVER *** [9s 7h 4c 3s] [5s]
Dorex2007: bets $0.15
BAHbKA003: folds 
Uncalled bet ($0.15) returned to Dorex2007
Dorex2007 collected $0.30 from pot
Dorex2007: doesn't show hand 
*** SUMMARY ***
Total pot $0.31 | Rake $0.01 
Board [9s 7h 4c 3s 5s]
Seat 1: tak1401 folded before Flop (didn't bet)
Seat 2: 6azx9 folded before Flop (didn't bet)
Seat 5: BAHbKA003 folded on the River
Seat 6: SashkoU folded before Flop (didn't bet)
Seat 7: infiniti888 (button) folded before Flop (didn't bet)
Seat 8: acad2011 (small blind) folded before Flop
Seat 9: Dorex2007 (big blind) collected ($0.30)



PokerStars Hand #227663743034:  Hold'em No Limit ($0.01/$0.02 USD) - 2021/06/18 0:28:32 PT [2021/06/18 3:28:32 ET]
Table 'Humason II' 9-max Seat #8 is the button
Seat 1: Sebban73 ($2 in chips) 
Seat 2: 6azx9 ($1.93 in chips) 
Seat 5: BAHbKA003 ($2.19 in chips) 
Seat 6: SashkoU ($2.16 in chips) 
Seat 7: infiniti888 ($1.78 in chips) 
Seat 8: acad2011 ($2 in chips) 
Seat 9: Dorex2007 ($4.56 in chips) 
Dorex2007: posts small blind $0.01
Sebban73: posts big blind $0.02
Val1945: sits out 
*** HOLE CARDS ***
Dealt to Dorex2007 [8d Js]
6azx9: folds 
BAHbKA003: folds 
SashkoU: folds 
infiniti888: folds 
acad2011: calls $0.02
Dorex2007: folds 
Sebban73: raises $0.06 to $0.08
acad2011: calls $0.06
*** FLOP *** [Th As 3s]
Sebban73: bets $0.04
acad2011: calls $0.04
*** TURN *** [Th As 3s] [7h]
Sebban73: bets $0.12
acad2011: folds 
Uncalled bet ($0.12) returned to Sebban73
Sebban73 collected $0.24 from pot
Sebban73: doesn't show hand 
*** SUMMARY ***
Total pot $0.25 | Rake $0.01 
Board [Th As 3s 7h]
Seat 1: Sebban73 (big blind) collected ($0.24)
Seat 2: 6azx9 folded before Flop (didn't bet)
Seat 5: BAHbKA003 folded before Flop (didn't bet)
Seat 6: SashkoU folded before Flop (didn't bet)
Seat 7: infiniti888 folded before Flop (didn't bet)
Seat 8: acad2011 (button) folded on the Turn
Seat 9: Dorex2007 (small blind) folded before Flop



PokerStars Hand #227663748751:  Hold'em No Limit ($0.01/$0.02 USD) - 2021/06/18 0:29:12 PT [2021/06/18 3:29:12 ET]
Table 'Humason II' 9-max Seat #9 is the button
Seat 1: Sebban73 ($2.12 in chips) 
Seat 2: 6azx9 ($1.93 in chips) 
Seat 5: BAHbKA003 ($2.19 in chips) 
Seat 6: SashkoU ($2.16 in chips) 
Seat 7: infiniti888 ($1.78 in chips) 
Seat 8: acad2011 ($1.88 in chips) 
Seat 9: Dorex2007 ($4.55 in chips) 
Sebban73: posts small blind $0.01
6azx9: posts big blind $0.02
Val1945: sits out 
*** HOLE CARDS ***
Dealt to Dorex2007 [8s Jd]
BAHbKA003: raises $0.04 to $0.06
SashkoU: folds 
infiniti888: folds 
acad2011: calls $0.06
Dorex2007: folds 
Sebban73: folds 
6azx9: calls $0.04
*** FLOP *** [Ks Qh 6s]
6azx9: checks 
BAHbKA003: bets $0.12
acad2011: folds 
6azx9: calls $0.12
*** TURN *** [Ks Qh 6s] [2d]
6azx9: checks 
BAHbKA003: checks 
*** RIVER *** [Ks Qh 6s 2d] [7c]
6azx9: bets $0.10
BAHbKA003: folds 
Uncalled bet ($0.10) returned to 6azx9
6azx9 collected $0.41 from pot
6azx9: doesn't show hand 
*** SUMMARY ***
Total pot $0.43 | Rake $0.02 
Board [Ks Qh 6s 2d 7c]
Seat 1: Sebban73 (small blind) folded before Flop
Seat 2: 6azx9 (big blind) collected ($0.41)
Seat 5: BAHbKA003 folded on the River
Seat 6: SashkoU folded before Flop (didn't bet)
Seat 7: infiniti888 folded before Flop (didn't bet)
Seat 8: acad2011 folded on the Flop
Seat 9: Dorex2007 (button) folded before Flop (didn't bet)



PokerStars Hand #227663759415:  Hold'em No Limit ($0.01/$0.02 USD) - 2021/06/18 0:30:24 PT [2021/06/18 3:30:24 ET]
Table 'Humason II' 9-max Seat #1 is the button
Seat 1: Sebban73 ($2.11 in chips) 
Seat 2: 6azx9 ($2.16 in chips) 
Seat 4: Val1945 ($1.15 in chips) 
Seat 5: BAHbKA003 ($2.01 in chips) 
Seat 6: SashkoU ($2.16 in chips) 
Seat 7: infiniti888 ($1.78 in chips) 
Seat 8: acad2011 ($1.82 in chips) 
Seat 9: Dorex2007 ($4.55 in chips) 
6azx9: posts small blind $0.01
Val1945: posts big blind $0.02
*** HOLE CARDS ***
Dealt to Dorex2007 [Tc 9c]
BAHbKA003: folds 
SashkoU: folds 
infiniti888: raises $0.04 to $0.06
acad2011: calls $0.06
Dorex2007: folds 
Sebban73: folds 
6azx9: calls $0.05
Val1945: folds 
*** FLOP *** [8d Td 4s]
6azx9: bets $0.04
infiniti888: folds 
acad2011: calls $0.04
*** TURN *** [8d Td 4s] [3c]
6azx9: bets $0.06
acad2011: calls $0.06
*** RIVER *** [8d Td 4s 3c] [Ks]
6azx9: bets $0.10
acad2011: calls $0.10
*** SHOW DOWN ***
6azx9: shows [8h Ac] (a pair of Eights)
acad2011: shows [Ad Kd] (a pair of Kings)
acad2011 collected $0.58 from pot
*** SUMMARY ***
Total pot $0.60 | Rake $0.02 
Board [8d Td 4s 3c Ks]
Seat 1: Sebban73 (button) folded before Flop (didn't bet)
Seat 2: 6azx9 (small blind) showed [8h Ac] and lost with a pair of Eights
Seat 4: Val1945 (big blind) folded before Flop
Seat 5: BAHbKA003 folded before Flop (didn't bet)
Seat 6: SashkoU folded before Flop (didn't bet)
Seat 7: infiniti888 folded on the Flop
Seat 8: acad2011 showed [Ad Kd] and won ($0.58) with a pair of Kings
Seat 9: Dorex2007 folded before Flop (didn't bet)



PokerStars Hand #227663767143:  Hold'em No Limit ($0.01/$0.02 USD) - 2021/06/18 0:31:15 PT [2021/06/18 3:31:15 ET]
Table 'Humason II' 9-max Seat #2 is the button
Seat 1: Sebban73 ($2.11 in chips) 
Seat 2: 6azx9 ($1.90 in chips) 
Seat 4: Val1945 ($1.13 in chips) 
Seat 5: BAHbKA003 ($2.01 in chips) 
Seat 6: SashkoU ($2.16 in chips) 
Seat 7: infiniti888 ($1.72 in chips) 
Seat 8: acad2011 ($2.14 in chips) 
Seat 9: Dorex2007 ($4.55 in chips) 
Val1945: posts small blind $0.01
BAHbKA003: posts big blind $0.02
*** HOLE CARDS ***
Dealt to Dorex2007 [8d 6c]
SashkoU: folds 
infiniti888: folds 
acad2011: calls $0.02
Dorex2007: folds 
Sebban73: folds 
6azx9: calls $0.02
Val1945: calls $0.01
BAHbKA003: checks 
*** FLOP *** [5s 8c 7h]
Val1945: checks 
BAHbKA003: checks 
acad2011: checks 
6azx9: checks 
*** TURN *** [5s 8c 7h] [2h]
Val1945: checks 
BAHbKA003: checks 
acad2011: bets $0.02
6azx9: folds 
Val1945: folds 
BAHbKA003: raises $0.06 to $0.08
acad2011: raises $0.06 to $0.14
BAHbKA003: calls $0.06
*** RIVER *** [5s 8c 7h 2h] [8s]
BAHbKA003: checks 
acad2011: bets $0.06
BAHbKA003: folds 
Uncalled bet ($0.06) returned to acad2011
acad2011 collected $0.35 from pot
acad2011: doesn't show hand 
*** SUMMARY ***
Total pot $0.36 | Rake $0.01 
Board [5s 8c 7h 2h 8s]
Seat 1: Sebban73 folded before Flop (didn't bet)
Seat 2: 6azx9 (button) folded on the Turn
Seat 4: Val1945 (small blind) folded on the Turn
Seat 5: BAHbKA003 (big blind) folded on the River
Seat 6: SashkoU folded before Flop (didn't bet)
Seat 7: infiniti888 folded before Flop (didn't bet)
Seat 8: acad2011 collected ($0.35)
Seat 9: Dorex2007 folded before Flop (didn't bet)



PokerStars Hand #227663778353:  Hold'em No Limit ($0.01/$0.02 USD) - 2021/06/18 0:32:32 PT [2021/06/18 3:32:32 ET]
Table 'Humason II' 9-max Seat #4 is the button
Seat 1: Sebban73 ($2.11 in chips) 
Seat 2: 6azx9 ($1.88 in chips) 
Seat 4: Val1945 ($1.11 in chips) 
Seat 5: BAHbKA003 ($1.85 in chips) 
Seat 6: SashkoU ($2.16 in chips) 
Seat 7: infiniti888 ($1.72 in chips) 
Seat 8: acad2011 ($2.33 in chips) 
Seat 9: Dorex2007 ($4.55 in chips) 
BAHbKA003: posts small blind $0.01
SashkoU: posts big blind $0.02
*** HOLE CARDS ***
Dealt to Dorex2007 [Qc Tc]
infiniti888: folds 
acad2011: calls $0.02
Dorex2007: calls $0.02
Sebban73: calls $0.02
6azx9 has timed out
6azx9: folds 
Val1945: folds 
BAHbKA003: folds 
SashkoU: checks 
*** FLOP *** [7h Qh 8s]
SashkoU: checks 
acad2011: checks 
Dorex2007: bets $0.09
Sebban73: calls $0.09
SashkoU: folds 
acad2011: folds 
*** TURN *** [7h Qh 8s] [Js]
Dorex2007: checks 
Sebban73: bets $0.08
Dorex2007: raises $0.12 to $0.20
6azx9 leaves the table
Donenko345 joins the table at seat #2 
Sebban73: raises $0.20 to $0.40
Dorex2007: calls $0.20
*** RIVER *** [7h Qh 8s Js] [7c]
Dorex2007: bets $1.03
Sebban73: calls $1.03
*** SHOW DOWN ***
Dorex2007: shows [Qc Tc] (two pair, Queens and Sevens)
Sebban73: shows [Td 9d] (a straight, Eight to Queen)
Sebban73 collected $3.02 from pot
*** SUMMARY ***
Total pot $3.13 | Rake $0.11 
Board [7h Qh 8s Js 7c]
Seat 1: Sebban73 showed [Td 9d] and won ($3.02) with a straight, Eight to Queen
Seat 2: 6azx9 folded before Flop (didn't bet)
Seat 4: Val1945 (button) folded before Flop (didn't bet)
Seat 5: BAHbKA003 (small blind) folded before Flop
Seat 6: SashkoU (big blind) folded on the Flop
Seat 7: infiniti888 folded before Flop (didn't bet)
Seat 8: acad2011 folded on the Flop
Seat 9: Dorex2007 showed [Qc Tc] and lost with two pair, Queens and Sevens



PokerStars Hand #227663791362:  Hold'em No Limit ($0.01/$0.02 USD) - 2021/06/18 0:34:02 PT [2021/06/18 3:34:02 ET]
Table 'Humason II' 9-max Seat #5 is the button
Seat 1: Sebban73 ($3.59 in chips) 
Seat 4: Val1945 ($1.11 in chips) 
Seat 5: BAHbKA003 ($1.99 in chips) 
Seat 6: SashkoU ($2.14 in chips) 
Seat 7: infiniti888 ($1.72 in chips) 
Seat 8: acad2011 ($2.31 in chips) 
Seat 9: Dorex2007 ($3.01 in chips) 
SashkoU: posts small blind $0.01
infiniti888: posts big blind $0.02
Donenko345: sits out 
*** HOLE CARDS ***
Dealt to Dorex2007 [Qd Jd]
acad2011: calls $0.02
Dorex2007: calls $0.02
Sebban73: folds 
Val1945: calls $0.02
BAHbKA003: calls $0.02
SashkoU: folds 
infiniti888: checks 
*** FLOP *** [6h 4s 8h]
infiniti888: checks 
acad2011: checks 
Dorex2007: checks 
Val1945: checks 
BAHbKA003: checks 
*** TURN *** [6h 4s 8h] [5c]
infiniti888: checks 
acad2011: bets $0.02
Dorex2007: folds 
Val1945: folds 
BAHbKA003: calls $0.02
infiniti888: folds 
*** RIVER *** [6h 4s 8h 5c] [Ks]
acad2011: checks 
BAHbKA003: checks 
*** SHOW DOWN ***
acad2011: shows [5s As] (a pair of Fives)
BAHbKA003: mucks hand 
acad2011 collected $0.14 from pot
*** SUMMARY ***
Total pot $0.15 | Rake $0.01 
Board [6h 4s 8h 5c Ks]
Seat 1: Sebban73 folded before Flop (didn't bet)
Seat 4: Val1945 folded on the Turn
Seat 5: BAHbKA003 (button) mucked [Tc 9c]
Seat 6: SashkoU (small blind) folded before Flop
Seat 7: infiniti888 (big blind) folded on the Turn
Seat 8: acad2011 showed [5s As] and won ($0.14) with a pair of Fives
Seat 9: Dorex2007 folded on the Turn



PokerStars Hand #227663801832:  Hold'em No Limit ($0.01/$0.02 USD) - 2021/06/18 0:35:13 PT [2021/06/18 3:35:13 ET]
Table 'Humason II' 9-max Seat #6 is the button
Seat 1: Sebban73 ($3.59 in chips) 
Seat 4: Val1945 ($1.09 in chips) 
Seat 5: BAHbKA003 ($1.95 in chips) 
Seat 6: SashkoU ($2.13 in chips) 
Seat 7: infiniti888 ($1.70 in chips) 
Seat 8: acad2011 ($2.41 in chips) 
Seat 9: Dorex2007 ($2.99 in chips) 
infiniti888: posts small blind $0.01
acad2011: posts big blind $0.02
Donenko345: sits out 
*** HOLE CARDS ***
Dealt to Dorex2007 [2h 3h]
Dorex2007: folds 
Sebban73: folds 
Val1945: folds 
BAHbKA003: raises $0.04 to $0.06
SashkoU: folds 
infiniti888: folds 
acad2011: folds 
Uncalled bet ($0.04) returned to BAHbKA003
BAHbKA003 collected $0.05 from pot
BAHbKA003: doesn't show hand 
*** SUMMARY ***
Total pot $0.05 | Rake $0 
Seat 1: Sebban73 folded before Flop (didn't bet)
Seat 4: Val1945 folded before Flop (didn't bet)
Seat 5: BAHbKA003 collected ($0.05)
Seat 6: SashkoU (button) folded before Flop (didn't bet)
Seat 7: infiniti888 (small blind) folded before Flop
Seat 8: acad2011 (big blind) folded before Flop
Seat 9: Dorex2007 folded before Flop (didn't bet)



PokerStars Hand #227663806003:  Hold'em No Limit ($0.01/$0.02 USD) - 2021/06/18 0:35:41 PT [2021/06/18 3:35:41 ET]
Table 'Humason II' 9-max Seat #7 is the button
Seat 1: Sebban73 ($3.59 in chips) 
Seat 4: Val1945 ($1.09 in chips) 
Seat 5: BAHbKA003 ($1.98 in chips) 
Seat 6: SashkoU ($2.13 in chips) 
Seat 7: infiniti888 ($1.69 in chips) 
Seat 8: acad2011 ($2.39 in chips) 
Seat 9: Dorex2007 ($2.99 in chips) 
acad2011: posts small blind $0.01
Dorex2007: posts big blind $0.02
Donenko345: sits out 
*** HOLE CARDS ***
Dealt to Dorex2007 [7h 7s]
Sebban73: folds 
Val1945: calls $0.02
BAHbKA003: calls $0.02
SashkoU: folds 
infiniti888: calls $0.02
acad2011: calls $0.01
Dorex2007: checks 
*** FLOP *** [3c 2s 9h]
acad2011: checks 
Dorex2007: checks 
Val1945: bets $0.04
BAHbKA003: calls $0.04
infiniti888: calls $0.04
acad2011: folds 
Dorex2007: calls $0.04
*** TURN *** [3c 2s 9h] [9s]
Dorex2007: checks 
Val1945: checks 
BAHbKA003: checks 
infiniti888: bets $0.13
Dorex2007: folds 
Val1945: raises $0.13 to $0.26
BAHbKA003: folds 
infiniti888: folds 
Uncalled bet ($0.13) returned to Val1945
Val1945 collected $0.50 from pot
Val1945: doesn't show hand 
*** SUMMARY ***
Total pot $0.52 | Rake $0.02 
Board [3c 2s 9h 9s]
Seat 1: Sebban73 folded before Flop (didn't bet)
Seat 4: Val1945 collected ($0.50)
Seat 5: BAHbKA003 folded on the Turn
Seat 6: SashkoU folded before Flop (didn't bet)
Seat 7: infiniti888 (button) folded on the Turn
Seat 8: acad2011 (small blind) folded on the Flop
Seat 9: Dorex2007 (big blind) folded on the Turn



PokerStars Hand #227663816467:  Hold'em No Limit ($0.01/$0.02 USD) - 2021/06/18 0:36:51 PT [2021/06/18 3:36:51 ET]
Table 'Humason II' 9-max Seat #8 is the button
Seat 1: Sebban73 ($3.59 in chips) 
Seat 4: Val1945 ($1.40 in chips) 
Seat 5: BAHbKA003 ($2 in chips) 
Seat 6: SashkoU ($2.13 in chips) 
Seat 7: infiniti888 ($1.50 in chips) 
Seat 8: acad2011 ($2.37 in chips) 
Seat 9: Dorex2007 ($2.93 in chips) 
Dorex2007: posts small blind $0.01
Sebban73: posts big blind $0.02
Donenko345: sits out 
*** HOLE CARDS ***
Dealt to Dorex2007 [5d Qh]
Val1945: folds 
BAHbKA003: folds 
SashkoU: folds 
infiniti888: folds 
acad2011: folds 
Dorex2007: calls $0.01
Sebban73: checks 
*** FLOP *** [8h Kh 7h]
Dorex2007: checks 
Sebban73: checks 
*** TURN *** [8h Kh 7h] [6s]
Dorex2007: bets $0.04
Sebban73: calls $0.04
*** RIVER *** [8h Kh 7h 6s] [Kc]
Dorex2007: checks 
Sebban73: bets $0.06
Dorex2007: folds 
Uncalled bet ($0.06) returned to Sebban73
Sebban73 collected $0.12 from pot
*** SUMMARY ***
Total pot $0.12 | Rake $0 
Board [8h Kh 7h 6s Kc]
Seat 1: Sebban73 (big blind) collected ($0.12)
Seat 4: Val1945 folded before Flop (didn't bet)
Seat 5: BAHbKA003 folded before Flop (didn't bet)
Seat 6: SashkoU folded before Flop (didn't bet)
Seat 7: infiniti888 folded before Flop (didn't bet)
Seat 8: acad2011 (button) folded before Flop (didn't bet)
Seat 9: Dorex2007 (small blind) folded on the River



PokerStars Hand #227663822869:  Hold'em No Limit ($0.01/$0.02 USD) - 2021/06/18 0:37:34 PT [2021/06/18 3:37:34 ET]
Table 'Humason II' 9-max Seat #9 is the button
Seat 1: Sebban73 ($3.65 in chips) 
Seat 2: Donenko345 ($1 in chips) 
Seat 4: Val1945 ($1.40 in chips) 
Seat 5: BAHbKA003 ($2 in chips) 
Seat 6: SashkoU ($2.13 in chips) 
Seat 7: infiniti888 ($1.50 in chips) 
Seat 8: acad2011 ($2.37 in chips) 
Seat 9: Dorex2007 ($2.87 in chips) 
Sebban73: posts small blind $0.01
Donenko345: posts big blind $0.02
*** HOLE CARDS ***
Dealt to Dorex2007 [9c 2h]
Val1945: folds 
BAHbKA003: folds 
SashkoU: folds 
infiniti888: folds 
acad2011: calls $0.02
Dorex2007: folds 
Sebban73: calls $0.01
Donenko345: checks 
*** FLOP *** [4d Jc Th]
Sebban73: checks 
Donenko345: checks 
acad2011: checks 
*** TURN *** [4d Jc Th] [8c]
Sebban73: bets $0.04
Donenko345: folds 
acad2011: folds 
Uncalled bet ($0.04) returned to Sebban73
Sebban73 collected $0.06 from pot
*** SUMMARY ***
Total pot $0.06 | Rake $0 
Board [4d Jc Th 8c]
Seat 1: Sebban73 (small blind) collected ($0.06)
Seat 2: Donenko345 (big blind) folded on the Turn
Seat 4: Val1945 folded before Flop (didn't bet)
Seat 5: BAHbKA003 folded before Flop (didn't bet)
Seat 6: SashkoU folded before Flop (didn't bet)
Seat 7: infiniti888 folded before Flop (didn't bet)
Seat 8: acad2011 folded on the Turn
Seat 9: Dorex2007 (button) folded before Flop (didn't bet)



PokerStars Hand #227663829817:  Hold'em No Limit ($0.01/$0.02 USD) - 2021/06/18 0:38:20 PT [2021/06/18 3:38:20 ET]
Table 'Humason II' 9-max Seat #1 is the button
Seat 1: Sebban73 ($3.69 in chips) 
Seat 2: Donenko345 ($1 in chips) 
Seat 5: BAHbKA003 ($2 in chips) 
Seat 6: SashkoU ($2.13 in chips) 
Seat 7: infiniti888 ($1.50 in chips) 
Seat 8: acad2011 ($2.35 in chips) 
Seat 9: Dorex2007 ($2.87 in chips) 
Val1945 leaves the table
Donenko345: posts small blind $0.01
BAHbKA003: posts big blind $0.02
*** HOLE CARDS ***
Dealt to Dorex2007 [2d 7s]
SashkoU: folds 
infiniti888: calls $0.02
acad2011: calls $0.02
Dorex2007: folds 
Sebban73: folds 
Donenko345: folds 
cfif 1957 joins the table at seat #4 
BAHbKA003: raises $0.08 to $0.10
infiniti888: folds 
acad2011: folds 
Uncalled bet ($0.08) returned to BAHbKA003
BAHbKA003 collected $0.07 from pot
BAHbKA003: doesn't show hand 
*** SUMMARY ***
Total pot $0.07 | Rake $0 
Seat 1: Sebban73 (button) folded before Flop (didn't bet)
Seat 2: Donenko345 (small blind) folded before Flop
Seat 5: BAHbKA003 (big blind) collected ($0.07)
Seat 6: SashkoU folded before Flop (didn't bet)
Seat 7: infiniti888 folded before Flop
Seat 8: acad2011 folded before Flop
Seat 9: Dorex2007 folded before Flop (didn't bet)



PokerStars Hand #227663833237:  Hold'em No Limit ($0.01/$0.02 USD) - 2021/06/18 0:38:43 PT [2021/06/18 3:38:43 ET]
Table 'Humason II' 9-max Seat #2 is the button
Seat 1: Sebban73 ($3.69 in chips) 
Seat 2: Donenko345 ($1 in chips) 
Seat 5: BAHbKA003 ($2.05 in chips) 
Seat 6: SashkoU ($2.13 in chips) 
Seat 7: infiniti888 ($1.48 in chips) 
Seat 8: acad2011 ($2.33 in chips) 
Seat 9: Dorex2007 ($2.87 in chips) 
BAHbKA003: posts small blind $0.01
SashkoU: posts big blind $0.02
*** HOLE CARDS ***
Dealt to Dorex2007 [7s Th]
infiniti888: folds 
acad2011: calls $0.02
Dorex2007: folds 
Sebban73: folds 
Donenko345: folds 
BAHbKA003: folds 
SashkoU: checks 
*** FLOP *** [Ts 6c 2s]
SashkoU: bets $0.04
acad2011: folds 
Uncalled bet ($0.04) returned to SashkoU
SashkoU collected $0.05 from pot
SashkoU: doesn't show hand 
*** SUMMARY ***
Total pot $0.05 | Rake $0 
Board [Ts 6c 2s]
Seat 1: Sebban73 folded before Flop (didn't bet)
Seat 2: Donenko345 (button) folded before Flop (didn't bet)
Seat 5: BAHbKA003 (small blind) folded before Flop
Seat 6: SashkoU (big blind) collected ($0.05)
Seat 7: infiniti888 folded before Flop (didn't bet)
Seat 8: acad2011 folded on the Flop
Seat 9: Dorex2007 folded before Flop (didn't bet)



PokerStars Hand #227663836640:  Hold'em No Limit ($0.01/$0.02 USD) - 2021/06/18 0:39:05 PT [2021/06/18 3:39:05 ET]
Table 'Humason II' 9-max Seat #5 is the button
Seat 1: Sebban73 ($3.69 in chips) 
Seat 2: Donenko345 ($1 in chips) 
Seat 4: cfif 1957 ($0.80 in chips) 
Seat 5: BAHbKA003 ($2.04 in chips) 
Seat 6: SashkoU ($2.16 in chips) 
Seat 7: infiniti888 ($1.48 in chips) 
Seat 8: acad2011 ($2.31 in chips) 
Seat 9: Dorex2007 ($2.87 in chips) 
SashkoU: posts small blind $0.01
infiniti888: posts big blind $0.02
cfif 1957: posts big blind $0.02
*** HOLE CARDS ***
Dealt to Dorex2007 [4h 2h]
acad2011: folds 
Dorex2007: folds 
Sebban73: folds 
Donenko345: folds 
cfif 1957: checks 
BAHbKA003: calls $0.02
SashkoU: folds 
infiniti888: checks 
*** FLOP *** [4c Tc 8d]
infiniti888: checks 
cfif 1957: checks 
BAHbKA003: bets $0.05
infiniti888: folds 
cfif 1957: folds 
Uncalled bet ($0.05) returned to BAHbKA003
BAHbKA003 collected $0.07 from pot
BAHbKA003: doesn't show hand 
*** SUMMARY ***
Total pot $0.07 | Rake $0 
Board [4c Tc 8d]
Seat 1: Sebban73 folded before Flop (didn't bet)
Seat 2: Donenko345 folded before Flop (didn't bet)
Seat 4: cfif 1957 folded on the Flop (didn't bet)
Seat 5: BAHbKA003 (button) collected ($0.07)
Seat 6: SashkoU (small blind) folded before Flop
Seat 7: infiniti888 (big blind) folded on the Flop
Seat 8: acad2011 folded before Flop (didn't bet)
Seat 9: Dorex2007 folded before Flop (didn't bet)



PokerStars Hand #227663850100:  Hold'em No Limit ($0.01/$0.02 USD) - 2021/06/18 0:39:41 PT [2021/06/18 3:39:41 ET]
Table 'Humason II' 9-max Seat #6 is the button
Seat 1: Sebban73 ($3.69 in chips) 
Seat 2: Donenko345 ($1 in chips) 
Seat 4: cfif 1957 ($0.78 in chips) 
Seat 5: BAHbKA003 ($2.09 in chips) 
Seat 6: SashkoU ($2.15 in chips) 
Seat 7: infiniti888 ($1.46 in chips) 
Seat 8: acad2011 ($2.31 in chips) 
Seat 9: Dorex2007 ($2.87 in chips) 
infiniti888: posts small blind $0.01
acad2011: posts big blind $0.02
*** HOLE CARDS ***
Dealt to Dorex2007 [Jd 9d]
Dorex2007: folds 
Sebban73: folds 
Donenko345: folds 
cfif 1957: calls $0.02
BAHbKA003: raises $0.06 to $0.08
SashkoU: folds 
infiniti888: calls $0.07
acad2011: folds 
cfif 1957: calls $0.06
*** FLOP *** [7d 4s 7h]
infiniti888: checks 
cfif 1957: checks 
BAHbKA003: bets $0.17
infiniti888: folds 
cfif 1957: calls $0.17
*** TURN *** [7d 4s 7h] [9c]
cfif 1957: checks 
BAHbKA003: bets $0.40
cfif 1957: raises $0.13 to $0.53 and is all-in
BAHbKA003: calls $0.13
*** RIVER *** [7d 4s 7h 9c] [8s]
*** SHOW DOWN ***
cfif 1957: shows [Ac 7s] (three of a kind, Sevens)
BAHbKA003: shows [4c 2c] (two pair, Sevens and Fours)
cfif 1957 collected $1.60 from pot
*** SUMMARY ***
Total pot $1.66 | Rake $0.06 
Board [7d 4s 7h 9c 8s]
Seat 1: Sebban73 folded before Flop (didn't bet)
Seat 2: Donenko345 folded before Flop (didn't bet)
Seat 4: cfif 1957 showed [Ac 7s] and won ($1.60) with three of a kind, Sevens
Seat 5: BAHbKA003 showed [4c 2c] and lost with two pair, Sevens and Fours
Seat 6: SashkoU (button) folded before Flop (didn't bet)
Seat 7: infiniti888 (small blind) folded on the Flop
Seat 8: acad2011 (big blind) folded before Flop
Seat 9: Dorex2007 folded before Flop (didn't bet)



PokerStars Hand #227663862762:  Hold'em No Limit ($0.01/$0.02 USD) - 2021/06/18 0:41:03 PT [2021/06/18 3:41:03 ET]
Table 'Humason II' 9-max Seat #7 is the button
Seat 1: Sebban73 ($3.69 in chips) 
Seat 2: Donenko345 ($1 in chips) 
Seat 4: cfif 1957 ($1.60 in chips) 
Seat 5: BAHbKA003 ($1.31 in chips) 
Seat 6: SashkoU ($2.15 in chips) 
Seat 7: infiniti888 ($1.38 in chips) 
Seat 8: acad2011 ($2.29 in chips) 
Seat 9: Dorex2007 ($2.87 in chips) 
acad2011: posts small blind $0.01
Dorex2007: posts big blind $0.02
*** HOLE CARDS ***
Dealt to Dorex2007 [9d 5s]
Sebban73: raises $0.04 to $0.06
Donenko345: folds 
cfif 1957: folds 
cfif 1957 leaves the table
FriendOfSamT joins the table at seat #4 
BAHbKA003: calls $0.06
SashkoU: folds 
infiniti888: folds 
acad2011: folds 
Dorex2007: folds 
*** FLOP *** [7s 9c Kc]
Sebban73: checks 
BAHbKA003: checks 
*** TURN *** [7s 9c Kc] [2c]
Sebban73: bets $0.07
BAHbKA003: calls $0.07
*** RIVER *** [7s 9c Kc 2c] [Ks]
Sebban73: bets $0.14
BAHbKA003: folds 
Uncalled bet ($0.14) returned to Sebban73
Sebban73 collected $0.28 from pot
Sebban73: doesn't show hand 
*** SUMMARY ***
Total pot $0.29 | Rake $0.01 
Board [7s 9c Kc 2c Ks]
Seat 1: Sebban73 collected ($0.28)
Seat 2: Donenko345 folded before Flop (didn't bet)
Seat 4: cfif 1957 folded before Flop (didn't bet)
Seat 5: BAHbKA003 folded on the River
Seat 6: SashkoU folded before Flop (didn't bet)
Seat 7: infiniti888 (button) folded before Flop (didn't bet)
Seat 8: acad2011 (small blind) folded before Flop
Seat 9: Dorex2007 (big blind) folded before Flop



PokerStars Hand #227663870206:  Hold'em No Limit ($0.01/$0.02 USD) - 2021/06/18 0:41:52 PT [2021/06/18 3:41:52 ET]
Table 'Humason II' 9-max Seat #8 is the button
Seat 1: Sebban73 ($3.84 in chips) 
Seat 2: Donenko345 ($1 in chips) 
Seat 4: FriendOfSamT ($2 in chips) 
Seat 5: BAHbKA003 ($1.18 in chips) 
Seat 6: SashkoU ($2.15 in chips) 
Seat 7: infiniti888 ($1.38 in chips) 
Seat 8: acad2011 ($2.28 in chips) 
Seat 9: Dorex2007 ($2.85 in chips) 
Dorex2007: posts small blind $0.01
Sebban73: posts big blind $0.02
FriendOfSamT: posts big blind $0.02
*** HOLE CARDS ***
Dealt to Dorex2007 [7s Ad]
Donenko345: folds 
FriendOfSamT: checks 
BAHbKA003: folds 
BAHbKA003 leaves the table
SashkoU: folds 
infiniti888: folds 
acad2011: folds 
Dorex2007: calls $0.01
Sebban73: checks 
*** FLOP *** [5c 4s 6h]
Dorex2007: checks 
Sebban73: checks 
FriendOfSamT: checks 
*** TURN *** [5c 4s 6h] [Qc]
esch777 joins the table at seat #5 
Dorex2007: checks 
Sebban73: bets $0.04
FriendOfSamT: raises $0.08 to $0.12
Dorex2007: folds 
Sebban73: folds 
Uncalled bet ($0.08) returned to FriendOfSamT
FriendOfSamT collected $0.14 from pot
FriendOfSamT: doesn't show hand 
*** SUMMARY ***
Total pot $0.14 | Rake $0 
Board [5c 4s 6h Qc]
Seat 1: Sebban73 (big blind) folded on the Turn
Seat 2: Donenko345 folded before Flop (didn't bet)
Seat 4: FriendOfSamT collected ($0.14)
Seat 5: BAHbKA003 folded before Flop (didn't bet)
Seat 6: SashkoU folded before Flop (didn't bet)
Seat 7: infiniti888 folded before Flop (didn't bet)
Seat 8: acad2011 (button) folded before Flop (didn't bet)
Seat 9: Dorex2007 (small blind) folded on the Turn



PokerStars Hand #227663877346:  Hold'em No Limit ($0.01/$0.02 USD) - 2021/06/18 0:42:39 PT [2021/06/18 3:42:39 ET]
Table 'Humason II' 9-max Seat #9 is the button
Seat 1: Sebban73 ($3.78 in chips) 
Seat 2: Donenko345 ($1 in chips) 
Seat 4: FriendOfSamT ($2.08 in chips) 
Seat 6: SashkoU ($2.15 in chips) 
Seat 7: infiniti888 ($1.38 in chips) 
Seat 8: acad2011 ($2.28 in chips) 
Seat 9: Dorex2007 ($2.83 in chips) 
Sebban73: posts small blind $0.01
Donenko345: posts big blind $0.02
esch777: sits out 
*** HOLE CARDS ***
Dealt to Dorex2007 [3c 7h]
FriendOfSamT: folds 
SashkoU: raises $0.04 to $0.06
infiniti888: folds 
acad2011: folds 
Dorex2007: folds 
Sebban73: folds 
Donenko345: folds 
Uncalled bet ($0.04) returned to SashkoU
SashkoU collected $0.05 from pot
SashkoU: doesn't show hand 
*** SUMMARY ***
Total pot $0.05 | Rake $0 
Seat 1: Sebban73 (small blind) folded before Flop
Seat 2: Donenko345 (big blind) folded before Flop
Seat 4: FriendOfSamT folded before Flop (didn't bet)
Seat 6: SashkoU collected ($0.05)
Seat 7: infiniti888 folded before Flop (didn't bet)
Seat 8: acad2011 folded before Flop (didn't bet)
Seat 9: Dorex2007 (button) folded before Flop (didn't bet)



PokerStars Hand #227663882089:  Hold'em No Limit ($0.01/$0.02 USD) - 2021/06/18 0:43:10 PT [2021/06/18 3:43:10 ET]
Table 'Humason II' 9-max Seat #1 is the button
Seat 1: Sebban73 ($3.77 in chips) 
Seat 2: Donenko345 ($1 in chips) 
Seat 4: FriendOfSamT ($2.08 in chips) 
Seat 6: SashkoU ($2.18 in chips) 
Seat 7: infiniti888 ($1.38 in chips) 
Seat 8: acad2011 ($2.28 in chips) 
Seat 9: Dorex2007 ($2.83 in chips) 
Donenko345: posts small blind $0.01
FriendOfSamT: posts big blind $0.02
esch777: sits out 
*** HOLE CARDS ***
Dealt to Dorex2007 [4h 6d]
SashkoU: folds 
infiniti888: calls $0.02
acad2011: calls $0.02
Dorex2007: folds 
Sebban73: raises $0.10 to $0.12
Donenko345: folds 
FriendOfSamT: folds 
infiniti888: folds 
acad2011: folds 
Uncalled bet ($0.10) returned to Sebban73
Sebban73 collected $0.09 from pot
Sebban73: doesn't show hand 
*** SUMMARY ***
Total pot $0.09 | Rake $0 
Seat 1: Sebban73 (button) collected ($0.09)
Seat 2: Donenko345 (small blind) folded before Flop
Seat 4: FriendOfSamT (big blind) folded before Flop
Seat 6: SashkoU folded before Flop (didn't bet)
Seat 7: infiniti888 folded before Flop
Seat 8: acad2011 folded before Flop
Seat 9: Dorex2007 folded before Flop (didn't bet)



PokerStars Hand #227663888007:  Hold'em No Limit ($0.01/$0.02 USD) - 2021/06/18 0:43:49 PT [2021/06/18 3:43:49 ET]
Table 'Humason II' 9-max Seat #2 is the button
Seat 1: Sebban73 ($3.84 in chips) 
Seat 2: Donenko345 ($1 in chips) 
Seat 4: FriendOfSamT ($2.06 in chips) 
Seat 5: esch777 ($0.81 in chips) 
Seat 6: SashkoU ($2.18 in chips) 
Seat 7: infiniti888 ($1.36 in chips) 
Seat 8: acad2011 ($2.26 in chips) 
Seat 9: Dorex2007 ($2.83 in chips) 
FriendOfSamT: posts small blind $0.01
esch777: posts big blind $0.02
*** HOLE CARDS ***
Dealt to Dorex2007 [9c 5c]
SashkoU: folds 
infiniti888: folds 
acad2011: calls $0.02
Dorex2007: calls $0.02
Sebban73: folds 
Donenko345: folds 
FriendOfSamT: calls $0.01
esch777: checks 
*** FLOP *** [Tc 9d 8d]
FriendOfSamT: bets $0.05
esch777: calls $0.05
acad2011: calls $0.05
Dorex2007: calls $0.05
*** TURN *** [Tc 9d 8d] [Td]
FriendOfSamT: checks 
esch777: checks 
acad2011: checks 
Dorex2007: checks 
*** RIVER *** [Tc 9d 8d Td] [Ac]
FriendOfSamT: bets $0.23
esch777: folds 
acad2011: folds 
Dorex2007: folds 
Uncalled bet ($0.23) returned to FriendOfSamT
FriendOfSamT collected $0.27 from pot
FriendOfSamT: doesn't show hand 
*** SUMMARY ***
Total pot $0.28 | Rake $0.01 
Board [Tc 9d 8d Td Ac]
Seat 1: Sebban73 folded before Flop (didn't bet)
Seat 2: Donenko345 (button) folded before Flop (didn't bet)
Seat 4: FriendOfSamT (small blind) collected ($0.27)
Seat 5: esch777 (big blind) folded on the River
Seat 6: SashkoU folded before Flop (didn't bet)
Seat 7: infiniti888 folded before Flop (didn't bet)
Seat 8: acad2011 folded on the River
Seat 9: Dorex2007 folded on the River



PokerStars Hand #227663897024:  Hold'em No Limit ($0.01/$0.02 USD) - 2021/06/18 0:44:50 PT [2021/06/18 3:44:50 ET]
Table 'Humason II' 9-max Seat #4 is the button
Seat 1: Sebban73 ($3.84 in chips) 
Seat 2: Donenko345 ($1 in chips) 
Seat 4: FriendOfSamT ($2.26 in chips) 
Seat 5: esch777 ($0.74 in chips) 
Seat 6: SashkoU ($2.18 in chips) 
Seat 7: infiniti888 ($1.36 in chips) 
Seat 8: acad2011 ($2.19 in chips) 
Seat 9: Dorex2007 ($2.76 in chips) 
esch777: posts small blind $0.01
SashkoU: posts big blind $0.02
*** HOLE CARDS ***
Dealt to Dorex2007 [Ac Kd]
infiniti888: folds 
acad2011: calls $0.02
Dorex2007: raises $0.04 to $0.06
Sebban73: folds 
Donenko345: folds 
FriendOfSamT: calls $0.06
esch777: folds 
SashkoU: folds 
acad2011: calls $0.04
*** FLOP *** [Ad Qd 7s]
acad2011: checks 
Dorex2007: checks 
FriendOfSamT: checks 
*** TURN *** [Ad Qd 7s] [6h]
acad2011: bets $0.06
Dorex2007: raises $0.06 to $0.12
FriendOfSamT: folds 
acad2011: calls $0.06
*** RIVER *** [Ad Qd 7s 6h] [2c]
acad2011: checks 
Dorex2007: checks 
*** SHOW DOWN ***
acad2011: shows [As Td] (a pair of Aces)
Dorex2007: shows [Ac Kd] (a pair of Aces - King kicker)
Dorex2007 collected $0.43 from pot
*** SUMMARY ***
Total pot $0.45 | Rake $0.02 
Board [Ad Qd 7s 6h 2c]
Seat 1: Sebban73 folded before Flop (didn't bet)
Seat 2: Donenko345 folded before Flop (didn't bet)
Seat 4: FriendOfSamT (button) folded on the Turn
Seat 5: esch777 (small blind) folded before Flop
Seat 6: SashkoU (big blind) folded before Flop
Seat 7: infiniti888 folded before Flop (didn't bet)
Seat 8: acad2011 showed [As Td] and lost with a pair of Aces
Seat 9: Dorex2007 showed [Ac Kd] and won ($0.43) with a pair of Aces



PokerStars Hand #227663905537:  Hold'em No Limit ($0.01/$0.02 USD) - 2021/06/18 0:45:47 PT [2021/06/18 3:45:47 ET]
Table 'Humason II' 9-max Seat #5 is the button
Seat 1: Sebban73 ($3.84 in chips) 
Seat 2: Donenko345 ($1 in chips) 
Seat 4: FriendOfSamT ($2.20 in chips) 
Seat 5: esch777 ($0.73 in chips) 
Seat 6: SashkoU ($2.16 in chips) 
Seat 7: infiniti888 ($1.36 in chips) 
Seat 8: acad2011 ($2.01 in chips) 
Seat 9: Dorex2007 ($3.01 in chips) 
SashkoU: posts small blind $0.01
infiniti888: posts big blind $0.02
*** HOLE CARDS ***
Dealt to Dorex2007 [2c 7h]
acad2011: calls $0.02
Dorex2007: folds 
Sebban73: folds 
Donenko345: raises $0.03 to $0.05
FriendOfSamT: folds 
esch777: folds 
SashkoU: folds 
infiniti888: folds 
acad2011: calls $0.03
*** FLOP *** [Ks 2d 3d]
acad2011: checks 
Donenko345: bets $0.05
acad2011: calls $0.05
*** TURN *** [Ks 2d 3d] [4h]
acad2011: checks 
Donenko345: bets $0.05
acad2011: calls $0.05
*** RIVER *** [Ks 2d 3d 4h] [Jd]
acad2011: checks 
Donenko345: checks 
*** SHOW DOWN ***
acad2011: shows [Ad 8h] (high card Ace)
Donenko345: shows [Qh Qd] (a pair of Queens)
Donenko345 collected $0.32 from pot
*** SUMMARY ***
Total pot $0.33 | Rake $0.01 
Board [Ks 2d 3d 4h Jd]
Seat 1: Sebban73 folded before Flop (didn't bet)
Seat 2: Donenko345 showed [Qh Qd] and won ($0.32) with a pair of Queens
Seat 4: FriendOfSamT folded before Flop (didn't bet)
Seat 5: esch777 (button) folded before Flop (didn't bet)
Seat 6: SashkoU (small blind) folded before Flop
Seat 7: infiniti888 (big blind) folded before Flop
Seat 8: acad2011 showed [Ad 8h] and lost with high card Ace
Seat 9: Dorex2007 folded before Flop (didn't bet)



PokerStars Hand #227663912824:  Hold'em No Limit ($0.01/$0.02 USD) - 2021/06/18 0:46:35 PT [2021/06/18 3:46:35 ET]
Table 'Humason II' 9-max Seat #6 is the button
Seat 1: Sebban73 ($3.84 in chips) 
Seat 2: Donenko345 ($1.17 in chips) 
Seat 4: FriendOfSamT ($2.20 in chips) 
Seat 5: esch777 ($0.73 in chips) 
Seat 6: SashkoU ($2.15 in chips) 
Seat 7: infiniti888 ($1.34 in chips) 
Seat 8: acad2011 ($1.86 in chips) 
Seat 9: Dorex2007 ($3.01 in chips) 
infiniti888: posts small blind $0.01
acad2011: posts big blind $0.02
*** HOLE CARDS ***
Dealt to Dorex2007 [Jd Qs]
Dorex2007: folds 
Sebban73: raises $0.04 to $0.06
Donenko345: folds 
FriendOfSamT: folds 
esch777: folds 
SashkoU: folds 
infiniti888: folds 
acad2011: calls $0.04
*** FLOP *** [Kc 3h 4c]
acad2011: checks 
Sebban73: checks 
*** TURN *** [Kc 3h 4c] [Kd]
acad2011: checks 
Sebban73: bets $0.08
acad2011: calls $0.08
*** RIVER *** [Kc 3h 4c Kd] [Ac]
acad2011: checks 
Sebban73: bets $0.14
acad2011: folds 
Uncalled bet ($0.14) returned to Sebban73
Sebban73 collected $0.28 from pot
Sebban73: doesn't show hand 
*** SUMMARY ***
Total pot $0.29 | Rake $0.01 
Board [Kc 3h 4c Kd Ac]
Seat 1: Sebban73 collected ($0.28)
Seat 2: Donenko345 folded before Flop (didn't bet)
Seat 4: FriendOfSamT folded before Flop (didn't bet)
Seat 5: esch777 folded before Flop (didn't bet)
Seat 6: SashkoU (button) folded before Flop (didn't bet)
Seat 7: infiniti888 (small blind) folded before Flop
Seat 8: acad2011 (big blind) folded on the River
Seat 9: Dorex2007 folded before Flop (didn't bet)



PokerStars Hand #227663920136:  Hold'em No Limit ($0.01/$0.02 USD) - 2021/06/18 0:47:24 PT [2021/06/18 3:47:24 ET]
Table 'Humason II' 9-max Seat #7 is the button
Seat 1: Sebban73 ($3.98 in chips) 
Seat 2: Donenko345 ($1.17 in chips) 
Seat 4: FriendOfSamT ($2.20 in chips) 
Seat 5: esch777 ($0.73 in chips) 
Seat 6: SashkoU ($2.15 in chips) 
Seat 7: infiniti888 ($1.33 in chips) 
Seat 8: acad2011 ($1.72 in chips) 
Seat 9: Dorex2007 ($3.01 in chips) 
acad2011: posts small blind $0.01
Dorex2007: posts big blind $0.02
*** HOLE CARDS ***
Dealt to Dorex2007 [6s 5d]
Sebban73: folds 
Donenko345: folds 
FriendOfSamT: folds 
esch777: folds 
SashkoU: folds 
infiniti888: folds 
acad2011: calls $0.01
Dorex2007: checks 
*** FLOP *** [9d Kc As]
acad2011: checks 
Dorex2007: bets $0.04
acad2011: folds 
Uncalled bet ($0.04) returned to Dorex2007
Dorex2007 collected $0.04 from pot
Dorex2007: doesn't show hand 
*** SUMMARY ***
Total pot $0.04 | Rake $0 
Board [9d Kc As]
Seat 1: Sebban73 folded before Flop (didn't bet)
Seat 2: Donenko345 folded before Flop (didn't bet)
Seat 4: FriendOfSamT folded before Flop (didn't bet)
Seat 5: esch777 folded before Flop (didn't bet)
Seat 6: SashkoU folded before Flop (didn't bet)
Seat 7: infiniti888 (button) folded before Flop (didn't bet)
Seat 8: acad2011 (small blind) folded on the Flop
Seat 9: Dorex2007 (big blind) collected ($0.04)



PokerStars Hand #227663923398:  Hold'em No Limit ($0.01/$0.02 USD) - 2021/06/18 0:47:45 PT [2021/06/18 3:47:45 ET]
Table 'Humason II' 9-max Seat #8 is the button
Seat 1: Sebban73 ($3.98 in chips) 
Seat 2: Donenko345 ($1.17 in chips) 
Seat 4: FriendOfSamT ($2.20 in chips) 
Seat 5: esch777 ($0.73 in chips) 
Seat 6: SashkoU ($2.15 in chips) 
Seat 7: infiniti888 ($1.33 in chips) 
Seat 8: acad2011 ($1.70 in chips) 
Seat 9: Dorex2007 ($3.03 in chips) 
Dorex2007: posts small blind $0.01
Sebban73: posts big blind $0.02
*** HOLE CARDS ***
Dealt to Dorex2007 [Js 6s]
Donenko345: folds 
FriendOfSamT: folds 
esch777: folds 
SashkoU: folds 
infiniti888: folds 
acad2011: calls $0.02
Dorex2007: calls $0.01
Sebban73: checks 
*** FLOP *** [7d Jc 8s]
Dorex2007: bets $0.06
Sebban73: folds 
acad2011: calls $0.06
*** TURN *** [7d Jc 8s] [4s]
Dorex2007: bets $0.09
acad2011: calls $0.09
*** RIVER *** [7d Jc 8s 4s] [Ks]
Dorex2007: checks 
acad2011: checks 
*** SHOW DOWN ***
Dorex2007: shows [Js 6s] (a flush, King high)
acad2011: mucks hand 
Dorex2007 collected $0.35 from pot
*** SUMMARY ***
Total pot $0.36 | Rake $0.01 
Board [7d Jc 8s 4s Ks]
Seat 1: Sebban73 (big blind) folded on the Flop
Seat 2: Donenko345 folded before Flop (didn't bet)
Seat 4: FriendOfSamT folded before Flop (didn't bet)
Seat 5: esch777 folded before Flop (didn't bet)
Seat 6: SashkoU folded before Flop (didn't bet)
Seat 7: infiniti888 folded before Flop (didn't bet)
Seat 8: acad2011 (button) mucked [Jd 3s]
Seat 9: Dorex2007 (small blind) showed [Js 6s] and won ($0.35) with a flush, King high



PokerStars Hand #227663933888:  Hold'em No Limit ($0.01/$0.02 USD) - 2021/06/18 0:48:53 PT [2021/06/18 3:48:53 ET]
Table 'Humason II' 9-max Seat #9 is the button
Seat 1: Sebban73 ($3.96 in chips) 
Seat 2: Donenko345 ($1.17 in chips) 
Seat 4: FriendOfSamT ($2.20 in chips) 
Seat 5: esch777 ($0.73 in chips) 
Seat 6: SashkoU ($2.15 in chips) 
Seat 7: infiniti888 ($1.33 in chips) 
Seat 9: Dorex2007 ($3.21 in chips) 
Sebban73: posts small blind $0.01
Donenko345: posts big blind $0.02
*** HOLE CARDS ***
Dealt to Dorex2007 [3c 7c]
FriendOfSamT: folds 
acad2011 leaves the table
esch777: folds 
SashkoU: folds 
infiniti888: folds 
Dorex2007: folds 
Sebban73: folds 
Uncalled bet ($0.01) returned to Donenko345
Donenko345 collected $0.02 from pot
Donenko345: doesn't show hand 
*** SUMMARY ***
Total pot $0.02 | Rake $0 
Seat 1: Sebban73 (small blind) folded before Flop
Seat 2: Donenko345 (big blind) collected ($0.02)
Seat 4: FriendOfSamT folded before Flop (didn't bet)
Seat 5: esch777 folded before Flop (didn't bet)
Seat 6: SashkoU folded before Flop (didn't bet)
Seat 7: infiniti888 folded before Flop (didn't bet)
Seat 9: Dorex2007 (button) folded before Flop (didn't bet)



PokerStars Hand #227663937112:  Hold'em No Limit ($0.01/$0.02 USD) - 2021/06/18 0:49:14 PT [2021/06/18 3:49:14 ET]
Table 'Humason II' 9-max Seat #1 is the button
Seat 1: Sebban73 ($3.95 in chips) 
Seat 2: Donenko345 ($1.18 in chips) 
Seat 5: esch777 ($0.73 in chips) 
Seat 6: SashkoU ($2.15 in chips) 
Seat 7: infiniti888 ($1.33 in chips) 
Seat 9: Dorex2007 ($3.21 in chips) 
Donenko345: posts small blind $0.01
FriendOfSamT: is sitting out 
esch777: posts big blind $0.02
*** HOLE CARDS ***
Dealt to Dorex2007 [3d 7s]
FriendOfSamT leaves the table
SashkoU: folds 
infiniti888: folds 
Dorex2007: folds 
Sebban73: folds 
Donenko345: folds 
Uncalled bet ($0.01) returned to esch777
esch777 collected $0.02 from pot
Noob85110 leaves the table
esch777: doesn't show hand 
*** SUMMARY ***
Total pot $0.02 | Rake $0 
Seat 1: Sebban73 (button) folded before Flop (didn't bet)
Seat 2: Donenko345 (small blind) folded before Flop
Seat 5: esch777 (big blind) collected ($0.02)
Seat 6: SashkoU folded before Flop (didn't bet)
Seat 7: infiniti888 folded before Flop (didn't bet)
Seat 9: Dorex2007 folded before Flop (didn't bet)



PokerStars Hand #227663939193:  Hold'em No Limit ($0.01/$0.02 USD) - 2021/06/18 0:49:27 PT [2021/06/18 3:49:27 ET]
Table 'Humason II' 9-max Seat #2 is the button
Seat 1: Sebban73 ($3.95 in chips) 
Seat 2: Donenko345 ($1.17 in chips) 
Seat 5: esch777 ($0.74 in chips) 
Seat 6: SashkoU ($2.15 in chips) 
Seat 7: infiniti888 ($1.33 in chips) 
Seat 9: Dorex2007 ($3.21 in chips) 
esch777: posts small blind $0.01
SashkoU: posts big blind $0.02
*** HOLE CARDS ***
Dealt to Dorex2007 [7d Th]
infiniti888: folds 
Dorex2007: folds 
Sebban73: folds 
Donenko345: folds 
esch777: folds 
Uncalled bet ($0.01) returned to SashkoU
SashkoU collected $0.02 from pot
SashkoU: doesn't show hand 
*** SUMMARY ***
Total pot $0.02 | Rake $0 
Seat 1: Sebban73 folded before Flop (didn't bet)
Seat 2: Donenko345 (button) folded before Flop (didn't bet)
Seat 5: esch777 (small blind) folded before Flop
Seat 6: SashkoU (big blind) collected ($0.02)
Seat 7: infiniti888 folded before Flop (didn't bet)
Seat 9: Dorex2007 folded before Flop (didn't bet)



PokerStars Hand #227663942095:  Hold'em No Limit ($0.01/$0.02 USD) - 2021/06/18 0:49:46 PT [2021/06/18 3:49:46 ET]
Table 'Humason II' 9-max Seat #5 is the button
Seat 1: Sebban73 ($3.95 in chips) 
Seat 2: Donenko345 ($1.17 in chips) 
Seat 5: esch777 ($0.73 in chips) 
Seat 6: SashkoU ($2.16 in chips) 
Seat 7: infiniti888 ($1.33 in chips) 
Seat 9: Dorex2007 ($3.21 in chips) 
SashkoU: posts small blind $0.01
infiniti888: posts big blind $0.02
*** HOLE CARDS ***
Dealt to Dorex2007 [3h 4c]
Dorex2007: folds 
Sebban73: folds 
Donenko345: raises $0.03 to $0.05
esch777: folds 
SashkoU: folds 
infiniti888: folds 
Uncalled bet ($0.03) returned to Donenko345
Donenko345 collected $0.05 from pot
Donenko345: doesn't show hand 
*** SUMMARY ***
Total pot $0.05 | Rake $0 
Seat 1: Sebban73 folded before Flop (didn't bet)
Seat 2: Donenko345 collected ($0.05)
Seat 5: esch777 (button) folded before Flop (didn't bet)
Seat 6: SashkoU (small blind) folded before Flop
Seat 7: infiniti888 (big blind) folded before Flop
Seat 9: Dorex2007 folded before Flop (didn't bet)



PokerStars Hand #227663944687:  Hold'em No Limit ($0.01/$0.02 USD) - 2021/06/18 0:50:03 PT [2021/06/18 3:50:03 ET]
Table 'Humason II' 9-max Seat #6 is the button
Seat 1: Sebban73 ($3.95 in chips) 
Seat 2: Donenko345 ($1.20 in chips) 
Seat 5: esch777 ($0.73 in chips) 
Seat 6: SashkoU ($2.15 in chips) 
Seat 7: infiniti888 ($1.31 in chips) 
Seat 9: Dorex2007 ($3.21 in chips) 
infiniti888: posts small blind $0.01
Dorex2007: posts big blind $0.02
*** HOLE CARDS ***
Dealt to Dorex2007 [8h 2h]
Sebban73: folds 
Donenko345: folds 
esch777: folds 
SashkoU: folds 
infiniti888: folds 
Uncalled bet ($0.01) returned to Dorex2007
Dorex2007 collected $0.02 from pot
Dorex2007: doesn't show hand 
*** SUMMARY ***
Total pot $0.02 | Rake $0 
Seat 1: Sebban73 folded before Flop (didn't bet)
Seat 2: Donenko345 folded before Flop (didn't bet)
Seat 5: esch777 folded before Flop (didn't bet)
Seat 6: SashkoU (button) folded before Flop (didn't bet)
Seat 7: infiniti888 (small blind) folded before Flop
Seat 9: Dorex2007 (big blind) collected ($0.02)



