PokerStars Hand #224501980093:  Hold'em No Limit ($0.01/$0.02 USD) - 2021/03/05 17:37:16 PT [2021/03/05 20:37:16 ET]
Table 'Quintilla' 9-max Seat #4 is the button
Seat 1: SSLgchannel ($3.91 in chips) 
Seat 4: Bell1964 ($3.02 in chips) 
Seat 5: Kidmono ($1.06 in chips) 
Seat 6: GarryKas ($1.10 in chips) 
Seat 7: Dorex2007 ($1.50 in chips) 
Seat 8: gersomen2791 ($2.22 in chips) 
Seat 9: Alexisxavier13 ($1.04 in chips) 
Kidmono: posts small blind $0.01
GarryKas: posts big blind $0.02
Dorex2007: posts big blind $0.02
flacoboris: sits out 
*** HOLE CARDS ***
Dealt to Dorex2007 [7h Qh]
Dorex2007: checks 
gersomen2791: folds 
Alexisxavier13: folds 
Alexisxavier13 leaves the table
SSLgchannel: raises $0.04 to $0.06
Bell1964: folds 
Kidmono: folds 
GarryKas: folds 
Dorex2007: folds 
Uncalled bet ($0.04) returned to SSLgchannel
SSLgchannel collected $0.07 from pot
SSLgchannel: doesn't show hand 
*** SUMMARY ***
Total pot $0.07 | Rake $0 
Seat 1: SSLgchannel collected ($0.07)
Seat 4: Bell1964 (button) folded before Flop (didn't bet)
Seat 5: Kidmono (small blind) folded before Flop
Seat 6: GarryKas (big blind) folded before Flop
Seat 7: Dorex2007 folded before Flop (didn't bet)
Seat 8: gersomen2791 folded before Flop (didn't bet)
Seat 9: Alexisxavier13 folded before Flop (didn't bet)



PokerStars Hand #224501999415:  Hold'em No Limit ($0.01/$0.02 USD) - 2021/03/05 17:37:43 PT [2021/03/05 20:37:43 ET]
Table 'Quintilla' 9-max Seat #5 is the button
Seat 1: SSLgchannel ($3.96 in chips) 
Seat 4: Bell1964 ($3.02 in chips) 
Seat 5: Kidmono ($1.05 in chips) 
Seat 6: GarryKas ($1.08 in chips) 
Seat 7: Dorex2007 ($1.48 in chips) 
Seat 8: gersomen2791 ($2.22 in chips) 
GarryKas: posts small blind $0.01
Dorex2007: posts big blind $0.02
flacoboris: sits out 
*** HOLE CARDS ***
Dealt to Dorex2007 [7h As]
gersomen2791: folds 
SSLgchannel: raises $0.04 to $0.06
Bell1964: calls $0.06
Kidmono: calls $0.06
GarryKas: calls $0.05
ksbtab joins the table at seat #9 
Dorex2007: folds 
*** FLOP *** [9s 4d Jd]
GarryKas: checks 
SSLgchannel: checks 
Bell1964: checks 
Kidmono: bets $0.13
GarryKas: folds 
SSLgchannel: calls $0.13
Bell1964: folds 
*** TURN *** [9s 4d Jd] [Ts]
SSLgchannel: bets $0.38
Kidmono: calls $0.38
*** RIVER *** [9s 4d Jd Ts] [Kc]
SSLgchannel: bets $0.96
Kidmono: folds 
Uncalled bet ($0.96) returned to SSLgchannel
SSLgchannel collected $1.24 from pot
SSLgchannel: doesn't show hand 
*** SUMMARY ***
Total pot $1.28 | Rake $0.04 
Board [9s 4d Jd Ts Kc]
Seat 1: SSLgchannel collected ($1.24)
Seat 4: Bell1964 folded on the Flop
Seat 5: Kidmono (button) folded on the River
Seat 6: GarryKas (small blind) folded on the Flop
Seat 7: Dorex2007 (big blind) folded before Flop
Seat 8: gersomen2791 folded before Flop (didn't bet)



PokerStars Hand #224502025491:  Hold'em No Limit ($0.01/$0.02 USD) - 2021/03/05 17:38:49 PT [2021/03/05 20:38:49 ET]
Table 'Quintilla' 9-max Seat #6 is the button
Seat 1: SSLgchannel ($4.63 in chips) 
Seat 4: Bell1964 ($2.96 in chips) 
Seat 5: Kidmono ($0.48 in chips) 
Seat 6: GarryKas ($1.02 in chips) 
Seat 7: Dorex2007 ($1.46 in chips) 
Seat 8: gersomen2791 ($2.22 in chips) 
Seat 9: ksbtab ($1.60 in chips) 
Dorex2007: posts small blind $0.01
gersomen2791: posts big blind $0.02
ksbtab: posts big blind $0.02
flacoboris: sits out 
*** HOLE CARDS ***
Dealt to Dorex2007 [9s Qh]
ksbtab: checks 
SSLgchannel: folds 
Bell1964: folds 
Kidmono: folds 
GarryKas: calls $0.02
Dorex2007: calls $0.01
gersomen2791: checks 
*** FLOP *** [9h 8d Jh]
Dorex2007: checks 
gersomen2791: checks 
ksbtab: bets $0.04
GarryKas: folds 
Dorex2007: calls $0.04
gersomen2791: calls $0.04
*** TURN *** [9h 8d Jh] [7c]
Dorex2007: checks 
gersomen2791: checks 
ksbtab: bets $0.10
Dorex2007: folds 
gersomen2791: folds 
Uncalled bet ($0.10) returned to ksbtab
ksbtab collected $0.19 from pot
*** SUMMARY ***
Total pot $0.20 | Rake $0.01 
Board [9h 8d Jh 7c]
Seat 1: SSLgchannel folded before Flop (didn't bet)
Seat 4: Bell1964 folded before Flop (didn't bet)
Seat 5: Kidmono folded before Flop (didn't bet)
Seat 6: GarryKas (button) folded on the Flop
Seat 7: Dorex2007 (small blind) folded on the Turn
Seat 8: gersomen2791 (big blind) folded on the Turn
Seat 9: ksbtab collected ($0.19)



PokerStars Hand #224502048184:  Hold'em No Limit ($0.01/$0.02 USD) - 2021/03/05 17:39:47 PT [2021/03/05 20:39:47 ET]
Table 'Quintilla' 9-max Seat #7 is the button
Seat 1: SSLgchannel ($4.63 in chips) 
Seat 4: Bell1964 ($2.96 in chips) 
Seat 5: Kidmono ($0.48 in chips) 
Seat 6: GarryKas ($1 in chips) 
Seat 7: Dorex2007 ($1.40 in chips) 
Seat 8: gersomen2791 ($2.16 in chips) 
Seat 9: ksbtab ($1.73 in chips) 
gersomen2791: posts small blind $0.01
ksbtab: posts big blind $0.02
flacoboris: sits out 
*** HOLE CARDS ***
Dealt to Dorex2007 [9s 9c]
SSLgchannel: folds 
Bell1964: folds 
Kidmono: folds 
GarryKas: raises $0.04 to $0.06
Dorex2007: calls $0.06
gersomen2791: folds 
gersomen2791 is disconnected 
ksbtab: folds 
*** FLOP *** [5s Ts 6d]
gersomen2791 leaves the table
GarryKas: bets $0.07
Dorex2007: raises $0.21 to $0.28
GarryKas: calls $0.21
*** TURN *** [5s Ts 6d] [7c]
SSL400 joins the table at seat #8 
GarryKas: checks 
Dorex2007: bets $0.69
GarryKas: folds 
Uncalled bet ($0.69) returned to Dorex2007
Dorex2007 collected $0.69 from pot
Dorex2007: doesn't show hand 
*** SUMMARY ***
Total pot $0.71 | Rake $0.02 
Board [5s Ts 6d 7c]
Seat 1: SSLgchannel folded before Flop (didn't bet)
Seat 4: Bell1964 folded before Flop (didn't bet)
Seat 5: Kidmono folded before Flop (didn't bet)
Seat 6: GarryKas folded on the Turn
Seat 7: Dorex2007 (button) collected ($0.69)
Seat 8: gersomen2791 (small blind) folded before Flop
Seat 9: ksbtab (big blind) folded before Flop



PokerStars Hand #224502067465:  Hold'em No Limit ($0.01/$0.02 USD) - 2021/03/05 17:40:36 PT [2021/03/05 20:40:36 ET]
Table 'Quintilla' 9-max Seat #9 is the button
Seat 1: SSLgchannel ($4.63 in chips) 
Seat 3: flacoboris ($2.30 in chips) 
Seat 4: Bell1964 ($2.96 in chips) 
Seat 5: Kidmono ($0.48 in chips) 
Seat 6: GarryKas ($0.66 in chips) 
Seat 7: Dorex2007 ($1.75 in chips) 
Seat 9: ksbtab ($1.71 in chips) 
SSLgchannel: posts small blind $0.01
flacoboris: posts big blind $0.02
SSL400: sits out 
*** HOLE CARDS ***
Dealt to Dorex2007 [4s As]
Bell1964: raises $0.04 to $0.06
Kidmono: folds 
GarryKas: folds 
Dorex2007: folds 
ksbtab: calls $0.06
SSLgchannel: folds 
flacoboris: calls $0.04
*** FLOP *** [Ac Kh 3c]
flacoboris: checks 
Bell1964: checks 
ksbtab: checks 
*** TURN *** [Ac Kh 3c] [2s]
flacoboris: checks 
Bell1964: bets $0.09
ksbtab: calls $0.09
flacoboris: folds 
*** RIVER *** [Ac Kh 3c 2s] [Jc]
Bell1964: checks 
ksbtab: bets $0.18
Bell1964: calls $0.18
*** SHOW DOWN ***
ksbtab: shows [3h Ah] (two pair, Aces and Threes)
Bell1964: mucks hand 
ksbtab collected $0.70 from pot
*** SUMMARY ***
Total pot $0.73 | Rake $0.03 
Board [Ac Kh 3c 2s Jc]
Seat 1: SSLgchannel (small blind) folded before Flop
Seat 3: flacoboris (big blind) folded on the Turn
Seat 4: Bell1964 mucked [Kc Qh]
Seat 5: Kidmono folded before Flop (didn't bet)
Seat 6: GarryKas folded before Flop (didn't bet)
Seat 7: Dorex2007 folded before Flop (didn't bet)
Seat 9: ksbtab (button) showed [3h Ah] and won ($0.70) with two pair, Aces and Threes



PokerStars Hand #224502086038:  Hold'em No Limit ($0.01/$0.02 USD) - 2021/03/05 17:41:24 PT [2021/03/05 20:41:24 ET]
Table 'Quintilla' 9-max Seat #1 is the button
Seat 1: SSLgchannel ($4.62 in chips) 
Seat 3: flacoboris ($2.24 in chips) 
Seat 4: Bell1964 ($2.63 in chips) 
Seat 5: Kidmono ($0.48 in chips) 
Seat 6: GarryKas ($0.66 in chips) 
Seat 7: Dorex2007 ($1.75 in chips) 
Seat 9: ksbtab ($2.08 in chips) 
flacoboris: posts small blind $0.01
Bell1964: posts big blind $0.02
SSL400: sits out 
*** HOLE CARDS ***
Dealt to Dorex2007 [5d 7c]
Kidmono: folds 
GarryKas: folds 
Dorex2007: folds 
ksbtab: raises $0.03 to $0.05
SSLgchannel: folds 
flacoboris: folds 
Bell1964: calls $0.03
*** FLOP *** [Js Kd Jh]
Bell1964: checks 
ksbtab: checks 
*** TURN *** [Js Kd Jh] [3h]
Bell1964: checks 
ksbtab: bets $0.06
Bell1964: calls $0.06
*** RIVER *** [Js Kd Jh 3h] [8s]
Bell1964: checks 
ksbtab: checks 
*** SHOW DOWN ***
Bell1964: shows [Ks 5c] (two pair, Kings and Jacks)
ksbtab: mucks hand 
Bell1964 collected $0.22 from pot
*** SUMMARY ***
Total pot $0.23 | Rake $0.01 
Board [Js Kd Jh 3h 8s]
Seat 1: SSLgchannel (button) folded before Flop (didn't bet)
Seat 3: flacoboris (small blind) folded before Flop
Seat 4: Bell1964 (big blind) showed [Ks 5c] and won ($0.22) with two pair, Kings and Jacks
Seat 5: Kidmono folded before Flop (didn't bet)
Seat 6: GarryKas folded before Flop (didn't bet)
Seat 7: Dorex2007 folded before Flop (didn't bet)
Seat 9: ksbtab mucked [8d Ac]



PokerStars Hand #224502098473:  Hold'em No Limit ($0.01/$0.02 USD) - 2021/03/05 17:41:56 PT [2021/03/05 20:41:56 ET]
Table 'Quintilla' 9-max Seat #3 is the button
Seat 1: SSLgchannel ($4.62 in chips) 
Seat 3: flacoboris ($2.23 in chips) 
Seat 4: Bell1964 ($2.74 in chips) 
Seat 5: Kidmono ($0.48 in chips) 
Seat 6: GarryKas ($0.66 in chips) 
Seat 7: Dorex2007 ($1.75 in chips) 
Seat 9: ksbtab ($1.97 in chips) 
Bell1964: posts small blind $0.01
Kidmono: posts big blind $0.02
SSL400: sits out 
*** HOLE CARDS ***
Dealt to Dorex2007 [3h 7s]
GarryKas: folds 
Dorex2007: folds 
ksbtab: folds 
SSLgchannel: folds 
flacoboris: folds 
Bell1964: calls $0.01
Kidmono: checks 
*** FLOP *** [9d 2s 2c]
Bell1964: bets $0.02
Kidmono: folds 
Uncalled bet ($0.02) returned to Bell1964
Bell1964 collected $0.04 from pot
Bell1964: doesn't show hand 
*** SUMMARY ***
Total pot $0.04 | Rake $0 
Board [9d 2s 2c]
Seat 1: SSLgchannel folded before Flop (didn't bet)
Seat 3: flacoboris (button) folded before Flop (didn't bet)
Seat 4: Bell1964 (small blind) collected ($0.04)
Seat 5: Kidmono (big blind) folded on the Flop
Seat 6: GarryKas folded before Flop (didn't bet)
Seat 7: Dorex2007 folded before Flop (didn't bet)
Seat 9: ksbtab folded before Flop (didn't bet)



PokerStars Hand #224502113413:  Hold'em No Limit ($0.01/$0.02 USD) - 2021/03/05 17:42:20 PT [2021/03/05 20:42:20 ET]
Table 'Quintilla' 9-max Seat #4 is the button
Seat 1: SSLgchannel ($4.62 in chips) 
Seat 3: flacoboris ($2.23 in chips) 
Seat 4: Bell1964 ($2.76 in chips) 
Seat 5: Kidmono ($0.46 in chips) 
Seat 7: Dorex2007 ($1.75 in chips) 
Seat 9: ksbtab ($1.97 in chips) 
Kidmono: posts small blind $0.01
GarryKas: is sitting out 
Dorex2007: posts big blind $0.02
SSL400: sits out 
*** HOLE CARDS ***
Dealt to Dorex2007 [Td 4c]
ksbtab: folds 
SSLgchannel: folds 
flacoboris: folds 
Bell1964: calls $0.02
Kidmono: calls $0.01
Dorex2007: checks 
*** FLOP *** [4d 8h 5c]
Kidmono: checks 
Dorex2007: checks 
Bell1964: checks 
*** TURN *** [4d 8h 5c] [2h]
Kidmono: checks 
Dorex2007: checks 
Bell1964: checks 
*** RIVER *** [4d 8h 5c 2h] [Qd]
Kidmono: checks 
Dorex2007: checks 
Bell1964: checks 
*** SHOW DOWN ***
Kidmono: shows [7s Jc] (high card Queen)
Dorex2007: shows [Td 4c] (a pair of Fours)
Bell1964: mucks hand 
Dorex2007 collected $0.06 from pot
*** SUMMARY ***
Total pot $0.06 | Rake $0 
Board [4d 8h 5c 2h Qd]
Seat 1: SSLgchannel folded before Flop (didn't bet)
Seat 3: flacoboris folded before Flop (didn't bet)
Seat 4: Bell1964 (button) mucked [9d Jh]
Seat 5: Kidmono (small blind) showed [7s Jc] and lost with high card Queen
Seat 7: Dorex2007 (big blind) showed [Td 4c] and won ($0.06) with a pair of Fours
Seat 9: ksbtab folded before Flop (didn't bet)



PokerStars Hand #224502143388:  Hold'em No Limit ($0.01/$0.02 USD) - 2021/03/05 17:43:37 PT [2021/03/05 20:43:37 ET]
Table 'Quintilla' 9-max Seat #5 is the button
Seat 1: SSLgchannel ($4.62 in chips) 
Seat 3: flacoboris ($2.23 in chips) 
Seat 4: Bell1964 ($2.74 in chips) 
Seat 5: Kidmono ($0.44 in chips) 
Seat 7: Dorex2007 ($1.79 in chips) 
Seat 8: SSL400 ($2 in chips) 
Seat 9: ksbtab ($1.97 in chips) 
Dorex2007: posts small blind $0.01
SSL400: posts big blind $0.02
*** HOLE CARDS ***
Dealt to Dorex2007 [6d 8d]
ksbtab: folds 
SSLgchannel: folds 
flacoboris: folds 
Bell1964: folds 
Kidmono: folds 
Dorex2007: folds 
Uncalled bet ($0.01) returned to SSL400
SSL400 collected $0.02 from pot
SSL400: doesn't show hand 
*** SUMMARY ***
Total pot $0.02 | Rake $0 
Seat 1: SSLgchannel folded before Flop (didn't bet)
Seat 3: flacoboris folded before Flop (didn't bet)
Seat 4: Bell1964 folded before Flop (didn't bet)
Seat 5: Kidmono (button) folded before Flop (didn't bet)
Seat 7: Dorex2007 (small blind) folded before Flop
Seat 8: SSL400 (big blind) collected ($0.02)
Seat 9: ksbtab folded before Flop (didn't bet)



PokerStars Hand #224502147843:  Hold'em No Limit ($0.01/$0.02 USD) - 2021/03/05 17:43:49 PT [2021/03/05 20:43:49 ET]
Table 'Quintilla' 9-max Seat #7 is the button
Seat 1: SSLgchannel ($4.62 in chips) 
Seat 3: flacoboris ($2.23 in chips) 
Seat 4: Bell1964 ($2.74 in chips) 
Seat 5: Kidmono ($0.44 in chips) 
Seat 7: Dorex2007 ($1.78 in chips) 
Seat 8: SSL400 ($2.01 in chips) 
Seat 9: ksbtab ($1.97 in chips) 
SSL400: posts small blind $0.01
ksbtab: posts big blind $0.02
*** HOLE CARDS ***
Dealt to Dorex2007 [Td Ad]
SSLgchannel: folds 
flacoboris: raises $0.03 to $0.05
Bell1964: folds 
Kidmono: calls $0.05
Dorex2007: raises $0.19 to $0.24
SSL400: folds 
ksbtab: folds 
flacoboris: folds 
Kidmono: raises $0.20 to $0.44 and is all-in
Dorex2007: calls $0.20
*** FLOP *** [8d 7c 5h]
*** TURN *** [8d 7c 5h] [5d]
*** RIVER *** [8d 7c 5h 5d] [Th]
*** SHOW DOWN ***
Kidmono: shows [4c 4d] (two pair, Fives and Fours)
Dorex2007: shows [Td Ad] (two pair, Tens and Fives)
Dorex2007 collected $0.93 from pot
*** SUMMARY ***
Total pot $0.96 | Rake $0.03 
Board [8d 7c 5h 5d Th]
Seat 1: SSLgchannel folded before Flop (didn't bet)
Seat 3: flacoboris folded before Flop
Seat 4: Bell1964 folded before Flop (didn't bet)
Seat 5: Kidmono showed [4c 4d] and lost with two pair, Fives and Fours
Seat 7: Dorex2007 (button) showed [Td Ad] and won ($0.93) with two pair, Tens and Fives
Seat 8: SSL400 (small blind) folded before Flop
Seat 9: ksbtab (big blind) folded before Flop



PokerStars Hand #224502165075:  Hold'em No Limit ($0.01/$0.02 USD) - 2021/03/05 17:44:33 PT [2021/03/05 20:44:33 ET]
Table 'Quintilla' 9-max Seat #8 is the button
Seat 1: SSLgchannel ($4.62 in chips) 
Seat 3: flacoboris ($2.18 in chips) 
Seat 4: Bell1964 ($2.74 in chips) 
Seat 7: Dorex2007 ($2.27 in chips) 
Seat 8: SSL400 ($2 in chips) 
Seat 9: ksbtab ($1.95 in chips) 
ksbtab: posts small blind $0.01
SSLgchannel: posts big blind $0.02
GarryKas: sits out 
*** HOLE CARDS ***
Dealt to Dorex2007 [8h Th]
flacoboris: folds 
Bell1964: folds 
Dorex2007: folds 
SSL400: folds 
ksbtab: raises $0.03 to $0.05
SSLgchannel: calls $0.03
*** FLOP *** [2h Tc 6c]
ksbtab: checks 
SSLgchannel: bets $0.08
ksbtab: calls $0.08
*** TURN *** [2h Tc 6c] [5c]
ksbtab: checks 
SSLgchannel: checks 
*** RIVER *** [2h Tc 6c 5c] [Ac]
ksbtab: bets $0.17
SSLgchannel: calls $0.17
*** SHOW DOWN ***
ksbtab: shows [7c Qc] (a flush, Ace high)
SSLgchannel: mucks hand 
ksbtab collected $0.58 from pot
*** SUMMARY ***
Total pot $0.60 | Rake $0.02 
Board [2h Tc 6c 5c Ac]
Seat 1: SSLgchannel (big blind) mucked [3c 3d]
Seat 3: flacoboris folded before Flop (didn't bet)
Seat 4: Bell1964 folded before Flop (didn't bet)
Seat 7: Dorex2007 folded before Flop (didn't bet)
Seat 8: SSL400 (button) folded before Flop (didn't bet)
Seat 9: ksbtab (small blind) showed [7c Qc] and won ($0.58) with a flush, Ace high



PokerStars Hand #224502176823:  Hold'em No Limit ($0.01/$0.02 USD) - 2021/03/05 17:45:04 PT [2021/03/05 20:45:04 ET]
Table 'Quintilla' 9-max Seat #9 is the button
Seat 1: SSLgchannel ($4.32 in chips) 
Seat 3: flacoboris ($2.18 in chips) 
Seat 4: Bell1964 ($2.74 in chips) 
Seat 7: Dorex2007 ($2.27 in chips) 
Seat 8: SSL400 ($2 in chips) 
Seat 9: ksbtab ($2.23 in chips) 
SSLgchannel: posts small blind $0.01
flacoboris: posts big blind $0.02
GarryKas: sits out 
*** HOLE CARDS ***
Dealt to Dorex2007 [6s 6h]
Bell1964: raises $0.02 to $0.04
Dorex2007: calls $0.04
SSL400: calls $0.04
ksbtab: folds 
SSLgchannel: folds 
flacoboris: folds 
*** FLOP *** [4h Ts 8s]
SSLgchannel leaves the table
sjogga63 joins the table at seat #1 
Bell1964: checks 
Dorex2007: checks 
SSL400: checks 
*** TURN *** [4h Ts 8s] [5h]
Bell1964: checks 
Dorex2007: bets $0.11
SSL400: folds 
Bell1964: folds 
Uncalled bet ($0.11) returned to Dorex2007
Dorex2007 collected $0.14 from pot
Dorex2007: doesn't show hand 
*** SUMMARY ***
Total pot $0.15 | Rake $0.01 
Board [4h Ts 8s 5h]
Seat 1: SSLgchannel (small blind) folded before Flop
Seat 3: flacoboris (big blind) folded before Flop
Seat 4: Bell1964 folded on the Turn
Seat 7: Dorex2007 collected ($0.14)
Seat 8: SSL400 folded on the Turn
Seat 9: ksbtab (button) folded before Flop (didn't bet)



PokerStars Hand #224502199217:  Hold'em No Limit ($0.01/$0.02 USD) - 2021/03/05 17:46:02 PT [2021/03/05 20:46:02 ET]
Table 'Quintilla' 9-max Seat #3 is the button
Seat 3: flacoboris ($2.16 in chips) 
Seat 4: Bell1964 ($2.70 in chips) 
Seat 6: GarryKas ($0.66 in chips) 
Seat 7: Dorex2007 ($2.37 in chips) 
Seat 8: SSL400 ($2 in chips) 
Seat 9: ksbtab ($2.23 in chips) 
Bell1964: posts small blind $0.01
GarryKas: posts big blind $0.02
sjogga63: sits out 
*** HOLE CARDS ***
Dealt to Dorex2007 [Qs 7d]
Dorex2007: folds 
SSL400: raises $0.04 to $0.06
ksbtab: folds 
flacoboris: raises $0.15 to $0.21
Bell1964: folds 
GarryKas: folds 
SSL400: folds 
Uncalled bet ($0.15) returned to flacoboris
flacoboris collected $0.15 from pot
flacoboris: doesn't show hand 
*** SUMMARY ***
Total pot $0.15 | Rake $0 
Seat 3: flacoboris (button) collected ($0.15)
Seat 4: Bell1964 (small blind) folded before Flop
Seat 6: GarryKas (big blind) folded before Flop
Seat 7: Dorex2007 folded before Flop (didn't bet)
Seat 8: SSL400 folded before Flop
Seat 9: ksbtab folded before Flop (didn't bet)



PokerStars Hand #224502213413:  Hold'em No Limit ($0.01/$0.02 USD) - 2021/03/05 17:46:39 PT [2021/03/05 20:46:39 ET]
Table 'Quintilla' 9-max Seat #4 is the button
Seat 3: flacoboris ($2.25 in chips) 
Seat 4: Bell1964 ($2.69 in chips) 
Seat 6: GarryKas ($0.64 in chips) 
Seat 7: Dorex2007 ($2.37 in chips) 
Seat 8: SSL400 ($2 in chips) 
Seat 9: ksbtab ($2.23 in chips) 
GarryKas: posts small blind $0.01
Dorex2007: posts big blind $0.02
sjogga63: sits out 
*** HOLE CARDS ***
Dealt to Dorex2007 [4s 2h]
SSL400: folds 
ksbtab: raises $0.03 to $0.05
flacoboris: folds 
Bell1964: folds 
GarryKas: folds 
Dorex2007: folds 
Uncalled bet ($0.03) returned to ksbtab
ksbtab collected $0.05 from pot
*** SUMMARY ***
Total pot $0.05 | Rake $0 
Seat 3: flacoboris folded before Flop (didn't bet)
Seat 4: Bell1964 (button) folded before Flop (didn't bet)
Seat 6: GarryKas (small blind) folded before Flop
Seat 7: Dorex2007 (big blind) folded before Flop
Seat 8: SSL400 folded before Flop (didn't bet)
Seat 9: ksbtab collected ($0.05)



