PokerStars Hand #227912104172:  Hold'em No Limit ($0.01/$0.02 USD) - 2021/06/28 10:49:12 PT [2021/06/28 13:49:12 ET]
Table 'Cimmeria III' 9-max Seat #3 is the button
Seat 1: Dorex2007 ($2 in chips) 
Seat 3: kiling1 ($1.06 in chips) 
Seat 4: chacalay1 ($1.74 in chips) 
Seat 5: tutanpoker ($2.34 in chips) 
Seat 6: Nokrum ($3.05 in chips) 
Seat 7: Dr_Poliakov ($2.05 in chips) 
Seat 8: gizmondouk ($2 in chips) 
Seat 9: ser447787 ($2 in chips) 
chacalay1: posts small blind $0.01
tutanpoker: posts big blind $0.02
Dorex2007: posts big blind $0.02
ChiguireJr: sits out 
*** HOLE CARDS ***
Dealt to Dorex2007 [5s 8c]
Nokrum: folds 
Dr_Poliakov: folds 
gizmondouk: folds 
ser447787: calls $0.02
Dorex2007: checks 
kiling1: calls $0.02
chacalay1: calls $0.01
tutanpoker: checks 
*** FLOP *** [Tc 8s Ah]
chacalay1: bets $0.10
tutanpoker: folds 
ser447787: folds 
Dorex2007: folds 
kiling1: calls $0.10
*** TURN *** [Tc 8s Ah] [Kd]
chacalay1: checks 
kiling1: checks 
*** RIVER *** [Tc 8s Ah Kd] [2h]
chacalay1: checks 
kiling1: checks 
*** SHOW DOWN ***
chacalay1: shows [8h As] (two pair, Aces and Eights)
kiling1: mucks hand 
chacalay1 collected $0.29 from pot
*** SUMMARY ***
Total pot $0.30 | Rake $0.01 
Board [Tc 8s Ah Kd 2h]
Seat 1: Dorex2007 folded on the Flop (didn't bet)
Seat 3: kiling1 (button) mucked [5h Ac]
Seat 4: chacalay1 (small blind) showed [8h As] and won ($0.29) with two pair, Aces and Eights
Seat 5: tutanpoker (big blind) folded on the Flop
Seat 6: Nokrum folded before Flop (didn't bet)
Seat 7: Dr_Poliakov folded before Flop (didn't bet)
Seat 8: gizmondouk folded before Flop (didn't bet)
Seat 9: ser447787 folded on the Flop



PokerStars Hand #227912134034:  Hold'em No Limit ($0.01/$0.02 USD) - 2021/06/28 10:50:38 PT [2021/06/28 13:50:38 ET]
Table 'Cimmeria III' 9-max Seat #4 is the button
Seat 1: Dorex2007 ($1.98 in chips) 
Seat 3: kiling1 ($0.94 in chips) 
Seat 4: chacalay1 ($1.91 in chips) 
Seat 5: tutanpoker ($2.32 in chips) 
Seat 6: Nokrum ($3.05 in chips) 
Seat 7: Dr_Poliakov ($2.05 in chips) 
Seat 8: gizmondouk ($2 in chips) 
Seat 9: ser447787 ($2 in chips) 
tutanpoker: posts small blind $0.01
Nokrum: posts big blind $0.02
ChiguireJr: sits out 
*** HOLE CARDS ***
Dealt to Dorex2007 [3s 8h]
Dr_Poliakov: folds 
gizmondouk: folds 
ser447787: folds 
Dorex2007: folds 
kiling1: folds 
chacalay1: raises $0.04 to $0.06
tutanpoker: folds 
Nokrum: folds 
Uncalled bet ($0.04) returned to chacalay1
chacalay1 collected $0.05 from pot
chacalay1: doesn't show hand 
*** SUMMARY ***
Total pot $0.05 | Rake $0 
Seat 1: Dorex2007 folded before Flop (didn't bet)
Seat 3: kiling1 folded before Flop (didn't bet)
Seat 4: chacalay1 (button) collected ($0.05)
Seat 5: tutanpoker (small blind) folded before Flop
Seat 6: Nokrum (big blind) folded before Flop
Seat 7: Dr_Poliakov folded before Flop (didn't bet)
Seat 8: gizmondouk folded before Flop (didn't bet)
Seat 9: ser447787 folded before Flop (didn't bet)



PokerStars Hand #227912145609:  Hold'em No Limit ($0.01/$0.02 USD) - 2021/06/28 10:51:11 PT [2021/06/28 13:51:11 ET]
Table 'Cimmeria III' 9-max Seat #5 is the button
Seat 1: Dorex2007 ($1.98 in chips) 
Seat 3: kiling1 ($0.94 in chips) 
Seat 4: chacalay1 ($1.94 in chips) 
Seat 5: tutanpoker ($2.31 in chips) 
Seat 6: Nokrum ($3.03 in chips) 
Seat 7: Dr_Poliakov ($2.05 in chips) 
Seat 8: gizmondouk ($2 in chips) 
Seat 9: ser447787 ($2 in chips) 
Nokrum: posts small blind $0.01
Dr_Poliakov: posts big blind $0.02
ChiguireJr: sits out 
*** HOLE CARDS ***
Dealt to Dorex2007 [4c 2d]
gizmondouk: raises $0.04 to $0.06
ser447787: folds 
Dorex2007: folds 
kiling1: calls $0.06
chacalay1: folds 
tutanpoker: raises $0.13 to $0.19
Nokrum: folds 
Dr_Poliakov: folds 
gizmondouk: calls $0.13
kiling1: calls $0.13
*** FLOP *** [Jh 3s 9h]
gizmondouk: checks 
kiling1: checks 
tutanpoker: bets $0.44
gizmondouk: folds 
kiling1: raises $0.31 to $0.75 and is all-in
tutanpoker: calls $0.31
*** TURN *** [Jh 3s 9h] [5h]
*** RIVER *** [Jh 3s 9h 5h] [Ah]
*** SHOW DOWN ***
kiling1: shows [9d 9s] (three of a kind, Nines)
tutanpoker: shows [As Ac] (three of a kind, Aces)
tutanpoker collected $2.03 from pot
kiling1 cashed out the hand for $1.83 | Cash Out Fee $0.02
*** SUMMARY ***
Total pot $2.10 | Rake $0.07 
Board [Jh 3s 9h 5h Ah]
Seat 1: Dorex2007 folded before Flop (didn't bet)
Seat 3: kiling1 showed [9d 9s] and lost with three of a kind, Nines (cashed out).
Seat 4: chacalay1 folded before Flop (didn't bet)
Seat 5: tutanpoker (button) showed [As Ac] and won ($2.03) with three of a kind, Aces
Seat 6: Nokrum (small blind) folded before Flop
Seat 7: Dr_Poliakov (big blind) folded before Flop
Seat 8: gizmondouk folded on the Flop
Seat 9: ser447787 folded before Flop (didn't bet)



PokerStars Hand #227912175230:  Hold'em No Limit ($0.01/$0.02 USD) - 2021/06/28 10:52:35 PT [2021/06/28 13:52:35 ET]
Table 'Cimmeria III' 9-max Seat #6 is the button
Seat 1: Dorex2007 ($1.98 in chips) 
Seat 3: kiling1 ($1.83 in chips) 
Seat 4: chacalay1 ($1.94 in chips) 
Seat 5: tutanpoker ($3.40 in chips) 
Seat 6: Nokrum ($3.02 in chips) 
Seat 7: Dr_Poliakov ($2.03 in chips) 
Seat 9: ser447787 ($2 in chips) 
Dr_Poliakov: posts small blind $0.01
gizmondouk: is sitting out 
ser447787: posts big blind $0.02
ChiguireJr: sits out 
*** HOLE CARDS ***
Dealt to Dorex2007 [Qs 4d]
Dorex2007: folds 
gizmondouk leaves the table
kiling1: folds 
chacalay1: folds 
tutanpoker: folds 
BirviZ joins the table at seat #8 
Nokrum: folds 
Dr_Poliakov: raises $0.04 to $0.06
ser447787: calls $0.04
*** FLOP *** [Qh Kd Ad]
Dr_Poliakov: bets $0.04
ser447787: calls $0.04
*** TURN *** [Qh Kd Ad] [4h]
Dr_Poliakov: bets $0.14
ser447787: calls $0.14
*** RIVER *** [Qh Kd Ad 4h] [Jh]
Dr_Poliakov: bets $0.35
ser447787: raises $0.35 to $0.70
Dr_Poliakov: folds 
Uncalled bet ($0.35) returned to ser447787
ser447787 collected $1.14 from pot
*** SUMMARY ***
Total pot $1.18 | Rake $0.04 
Board [Qh Kd Ad 4h Jh]
Seat 1: Dorex2007 folded before Flop (didn't bet)
Seat 3: kiling1 folded before Flop (didn't bet)
Seat 4: chacalay1 folded before Flop (didn't bet)
Seat 5: tutanpoker folded before Flop (didn't bet)
Seat 6: Nokrum (button) folded before Flop (didn't bet)
Seat 7: Dr_Poliakov (small blind) folded on the River
Seat 9: ser447787 (big blind) collected ($1.14)



PokerStars Hand #227912190044:  Hold'em No Limit ($0.01/$0.02 USD) - 2021/06/28 10:53:18 PT [2021/06/28 13:53:18 ET]
Table 'Cimmeria III' 9-max Seat #7 is the button
Seat 1: Dorex2007 ($1.98 in chips) 
Seat 3: kiling1 ($1.83 in chips) 
Seat 4: chacalay1 ($1.94 in chips) 
Seat 5: tutanpoker ($3.40 in chips) 
Seat 6: Nokrum ($3.02 in chips) 
Seat 7: Dr_Poliakov ($2 in chips) 
Seat 9: ser447787 ($2.55 in chips) 
ser447787: posts small blind $0.01
Dorex2007: posts big blind $0.02
ChiguireJr has timed out
ChiguireJr: is sitting out 
*** HOLE CARDS ***
Dealt to Dorex2007 [Td Ac]
kiling1: folds 
chacalay1: folds 
ChiguireJr is disconnected 
tutanpoker has timed out
tutanpoker: folds 
Nokrum: folds 
Dr_Poliakov: folds 
ser447787: folds 
Uncalled bet ($0.01) returned to Dorex2007
Dorex2007 collected $0.02 from pot
Dorex2007: doesn't show hand 
*** SUMMARY ***
Total pot $0.02 | Rake $0 
Seat 1: Dorex2007 (big blind) collected ($0.02)
Seat 3: kiling1 folded before Flop (didn't bet)
Seat 4: chacalay1 folded before Flop (didn't bet)
Seat 5: tutanpoker folded before Flop (didn't bet)
Seat 6: Nokrum folded before Flop (didn't bet)
Seat 7: Dr_Poliakov (button) folded before Flop (didn't bet)
Seat 9: ser447787 (small blind) folded before Flop



PokerStars Hand #227912203761:  Hold'em No Limit ($0.01/$0.02 USD) - 2021/06/28 10:53:57 PT [2021/06/28 13:53:57 ET]
Table 'Cimmeria III' 9-max Seat #9 is the button
Seat 1: Dorex2007 ($1.99 in chips) 
Seat 3: kiling1 ($1.83 in chips) 
Seat 4: chacalay1 ($1.94 in chips) 
Seat 6: Nokrum ($3.02 in chips) 
Seat 7: Dr_Poliakov ($2 in chips) 
Seat 9: ser447787 ($2.54 in chips) 
Dorex2007: posts small blind $0.01
kiling1: posts big blind $0.02
BirviZ: sits out 
*** HOLE CARDS ***
Dealt to Dorex2007 [Th 3d]
chacalay1 has timed out
chacalay1: folds 
Nokrum: folds 
Dr_Poliakov: raises $0.05 to $0.07
ser447787: folds 
Dorex2007: folds 
kiling1: calls $0.05
*** FLOP *** [4d 5d Kd]
kiling1: checks 
Dr_Poliakov: checks 
*** TURN *** [4d 5d Kd] [3c]
kiling1: checks 
Dr_Poliakov: checks 
*** RIVER *** [4d 5d Kd 3c] [7d]
kiling1: checks 
Dr_Poliakov: checks 
*** SHOW DOWN ***
kiling1: shows [Qs Td] (a flush, King high)
Dr_Poliakov: mucks hand 
kiling1 collected $0.14 from pot
*** SUMMARY ***
Total pot $0.15 | Rake $0.01 
Board [4d 5d Kd 3c 7d]
Seat 1: Dorex2007 (small blind) folded before Flop
Seat 3: kiling1 (big blind) showed [Qs Td] and won ($0.14) with a flush, King high
Seat 4: chacalay1 folded before Flop (didn't bet)
Seat 6: Nokrum folded before Flop (didn't bet)
Seat 7: Dr_Poliakov mucked [Ac 4c]
Seat 9: ser447787 (button) folded before Flop (didn't bet)



PokerStars Hand #227912222009:  Hold'em No Limit ($0.01/$0.02 USD) - 2021/06/28 10:54:49 PT [2021/06/28 13:54:49 ET]
Table 'Cimmeria III' 9-max Seat #1 is the button
Seat 1: Dorex2007 ($1.98 in chips) 
Seat 3: kiling1 ($1.90 in chips) 
Seat 4: chacalay1 ($1.94 in chips) 
Seat 5: tutanpoker ($3.40 in chips) 
Seat 6: Nokrum ($3.02 in chips) 
Seat 7: Dr_Poliakov ($2 in chips) 
Seat 9: ser447787 ($2.54 in chips) 
kiling1: posts small blind $0.01
chacalay1: posts big blind $0.02
BirviZ: sits out 
*** HOLE CARDS ***
Dealt to Dorex2007 [9d Tc]
tutanpoker: folds 
Nokrum: folds 
Dr_Poliakov: raises $0.04 to $0.06
ser447787: folds 
Dorex2007: folds 
kiling1: folds 
chacalay1: folds 
Uncalled bet ($0.04) returned to Dr_Poliakov
kiling1 leaves the table
Dr_Poliakov collected $0.05 from pot
Dr_Poliakov: doesn't show hand 
*** SUMMARY ***
Total pot $0.05 | Rake $0 
Seat 1: Dorex2007 (button) folded before Flop (didn't bet)
Seat 3: kiling1 (small blind) folded before Flop
Seat 4: chacalay1 (big blind) folded before Flop
Seat 5: tutanpoker folded before Flop (didn't bet)
Seat 6: Nokrum folded before Flop (didn't bet)
Seat 7: Dr_Poliakov collected ($0.05)
Seat 9: ser447787 folded before Flop (didn't bet)



PokerStars Hand #227912230300:  Hold'em No Limit ($0.01/$0.02 USD) - 2021/06/28 10:55:14 PT [2021/06/28 13:55:14 ET]
Table 'Cimmeria III' 9-max Seat #4 is the button
Seat 1: Dorex2007 ($1.98 in chips) 
Seat 2: ChiguireJr ($2.87 in chips) 
Seat 4: chacalay1 ($1.92 in chips) 
Seat 5: tutanpoker ($3.40 in chips) 
Seat 6: Nokrum ($3.02 in chips) 
Seat 7: Dr_Poliakov ($2.03 in chips) 
Seat 9: ser447787 ($2.54 in chips) 
tutanpoker: posts small blind $0.01
Nokrum: posts big blind $0.02
BirviZ: sits out 
ChiguireJr: posts small & big blinds $0.03
*** HOLE CARDS ***
Dealt to Dorex2007 [4h 9d]
Dr_Poliakov: folds 
ser447787: folds 
Dorex2007: folds 
ChiguireJr: checks 
chacalay1: folds 
tutanpoker: calls $0.01
D()berm@n joins the table at seat #3 
Nokrum: checks 
*** FLOP *** [Kh 5h Kd]
tutanpoker: checks 
Nokrum: checks 
ChiguireJr: checks 
*** TURN *** [Kh 5h Kd] [7h]
tutanpoker: checks 
Nokrum: checks 
ChiguireJr: checks 
*** RIVER *** [Kh 5h Kd 7h] [Ac]
tutanpoker: checks 
Nokrum: checks 
ChiguireJr: checks 
*** SHOW DOWN ***
tutanpoker: shows [4c 8s] (a pair of Kings)
Nokrum: shows [2d Td] (a pair of Kings - Ace+Ten kicker)
ChiguireJr: shows [7d As] (two pair, Aces and Kings)
ChiguireJr collected $0.07 from pot
*** SUMMARY ***
Total pot $0.07 | Rake $0 
Board [Kh 5h Kd 7h Ac]
Seat 1: Dorex2007 folded before Flop (didn't bet)
Seat 2: ChiguireJr showed [7d As] and won ($0.07) with two pair, Aces and Kings
Seat 4: chacalay1 (button) folded before Flop (didn't bet)
Seat 5: tutanpoker (small blind) showed [4c 8s] and lost with a pair of Kings
Seat 6: Nokrum (big blind) showed [2d Td] and lost with a pair of Kings
Seat 7: Dr_Poliakov folded before Flop (didn't bet)
Seat 9: ser447787 folded before Flop (didn't bet)



PokerStars Hand #227912242498:  Hold'em No Limit ($0.01/$0.02 USD) - 2021/06/28 10:55:51 PT [2021/06/28 13:55:51 ET]
Table 'Cimmeria III' 9-max Seat #5 is the button
Seat 1: Dorex2007 ($1.98 in chips) 
Seat 2: ChiguireJr ($2.91 in chips) 
Seat 4: chacalay1 ($1.92 in chips) 
Seat 5: tutanpoker ($3.38 in chips) 
Seat 6: Nokrum ($3 in chips) 
Seat 7: Dr_Poliakov ($2.03 in chips) 
Seat 9: ser447787 ($2.54 in chips) 
Nokrum: posts small blind $0.01
Dr_Poliakov: posts big blind $0.02
BirviZ: sits out 
D()berm@n: sits out 
*** HOLE CARDS ***
Dealt to Dorex2007 [6d 6s]
ser447787: folds 
Dorex2007: raises $0.02 to $0.04
ChiguireJr: folds 
chacalay1: folds 
tutanpoker: folds 
Nokrum: folds 
Dr_Poliakov: calls $0.02
*** FLOP *** [Ah 3s Td]
Dr_Poliakov: checks 
Dorex2007: checks 
*** TURN *** [Ah 3s Td] [Qs]
Dr_Poliakov: bets $0.07
Dorex2007: folds 
Uncalled bet ($0.07) returned to Dr_Poliakov
Dr_Poliakov collected $0.09 from pot
Dr_Poliakov: doesn't show hand 
*** SUMMARY ***
Total pot $0.09 | Rake $0 
Board [Ah 3s Td Qs]
Seat 1: Dorex2007 folded on the Turn
Seat 2: ChiguireJr folded before Flop (didn't bet)
Seat 4: chacalay1 folded before Flop (didn't bet)
Seat 5: tutanpoker (button) folded before Flop (didn't bet)
Seat 6: Nokrum (small blind) folded before Flop
Seat 7: Dr_Poliakov (big blind) collected ($0.09)
Seat 9: ser447787 folded before Flop (didn't bet)



PokerStars Hand #227912251359:  Hold'em No Limit ($0.01/$0.02 USD) - 2021/06/28 10:56:25 PT [2021/06/28 13:56:25 ET]
Table 'Cimmeria III' 9-max Seat #6 is the button
Seat 1: Dorex2007 ($1.94 in chips) 
Seat 2: ChiguireJr ($2.91 in chips) 
Seat 4: chacalay1 ($1.92 in chips) 
Seat 5: tutanpoker ($3.38 in chips) 
Seat 6: Nokrum ($2.99 in chips) 
Seat 7: Dr_Poliakov ($2.08 in chips) 
Seat 8: BirviZ ($2 in chips) 
Seat 9: ser447787 ($2.54 in chips) 
Dr_Poliakov: posts small blind $0.01
BirviZ: posts big blind $0.02
D()berm@n: sits out 
*** HOLE CARDS ***
Dealt to Dorex2007 [5s Tc]
ser447787: folds 
Dorex2007: folds 
ChiguireJr: folds 
chacalay1: folds 
tutanpoker: folds 
Nokrum: folds 
Dr_Poliakov: raises $0.04 to $0.06
BirviZ: folds 
Uncalled bet ($0.04) returned to Dr_Poliakov
Dr_Poliakov collected $0.04 from pot
Dr_Poliakov: doesn't show hand 
*** SUMMARY ***
Total pot $0.04 | Rake $0 
Seat 1: Dorex2007 folded before Flop (didn't bet)
Seat 2: ChiguireJr folded before Flop (didn't bet)
Seat 4: chacalay1 folded before Flop (didn't bet)
Seat 5: tutanpoker folded before Flop (didn't bet)
Seat 6: Nokrum (button) folded before Flop (didn't bet)
Seat 7: Dr_Poliakov (small blind) collected ($0.04)
Seat 8: BirviZ (big blind) folded before Flop
Seat 9: ser447787 folded before Flop (didn't bet)



PokerStars Hand #227912258359:  Hold'em No Limit ($0.01/$0.02 USD) - 2021/06/28 10:56:52 PT [2021/06/28 13:56:52 ET]
Table 'Cimmeria III' 9-max Seat #7 is the button
Seat 1: Dorex2007 ($1.94 in chips) 
Seat 2: ChiguireJr ($2.91 in chips) 
Seat 4: chacalay1 ($1.92 in chips) 
Seat 5: tutanpoker ($3.38 in chips) 
Seat 6: Nokrum ($2.99 in chips) 
Seat 7: Dr_Poliakov ($2.10 in chips) 
Seat 8: BirviZ ($1.98 in chips) 
Seat 9: ser447787 ($2.54 in chips) 
BirviZ: posts small blind $0.01
ser447787: posts big blind $0.02
D()berm@n: sits out 
*** HOLE CARDS ***
Dealt to Dorex2007 [Qd 9s]
Dorex2007: folds 
ChiguireJr: folds 
chacalay1: folds 
tutanpoker: folds 
Nokrum: raises $0.04 to $0.06
Dr_Poliakov: folds 
BirviZ: raises $0.12 to $0.18
ser447787: folds 
Nokrum: folds 
Uncalled bet ($0.12) returned to BirviZ
BirviZ collected $0.14 from pot
BirviZ: doesn't show hand 
*** SUMMARY ***
Total pot $0.14 | Rake $0 
Seat 1: Dorex2007 folded before Flop (didn't bet)
Seat 2: ChiguireJr folded before Flop (didn't bet)
Seat 4: chacalay1 folded before Flop (didn't bet)
Seat 5: tutanpoker folded before Flop (didn't bet)
Seat 6: Nokrum folded before Flop
Seat 7: Dr_Poliakov (button) folded before Flop (didn't bet)
Seat 8: BirviZ (small blind) collected ($0.14)
Seat 9: ser447787 (big blind) folded before Flop



PokerStars Hand #227912269790:  Hold'em No Limit ($0.01/$0.02 USD) - 2021/06/28 10:57:37 PT [2021/06/28 13:57:37 ET]
Table 'Cimmeria III' 9-max Seat #8 is the button
Seat 1: Dorex2007 ($1.94 in chips) 
Seat 2: ChiguireJr ($2.91 in chips) 
Seat 4: chacalay1 ($1.92 in chips) 
Seat 5: tutanpoker ($3.38 in chips) 
Seat 6: Nokrum ($2.93 in chips) 
Seat 7: Dr_Poliakov ($2.10 in chips) 
Seat 8: BirviZ ($2.06 in chips) 
Seat 9: ser447787 ($2.52 in chips) 
ser447787: posts small blind $0.01
Dorex2007: posts big blind $0.02
D()berm@n: sits out 
*** HOLE CARDS ***
Dealt to Dorex2007 [5c Qh]
ChiguireJr has timed out
ChiguireJr: folds 
chacalay1: folds 
tutanpoker: folds 
Nokrum: calls $0.02
Dr_Poliakov: folds 
Dr_Poliakov leaves the table
BirviZ has timed out
BirviZ: folds 
BigD1407 joins the table at seat #7 
ser447787: folds 
Dorex2007: checks 
*** FLOP *** [7d 6c 8s]
ChiguireJr is disconnected 
Dorex2007: checks 
Nokrum: bets $0.05
Dorex2007: calls $0.05
*** TURN *** [7d 6c 8s] [As]
Dorex2007: checks 
Nokrum: bets $0.14
Dorex2007: folds 
Uncalled bet ($0.14) returned to Nokrum
Nokrum collected $0.14 from pot
Nokrum: doesn't show hand 
*** SUMMARY ***
Total pot $0.15 | Rake $0.01 
Board [7d 6c 8s As]
Seat 1: Dorex2007 (big blind) folded on the Turn
Seat 2: ChiguireJr folded before Flop (didn't bet)
Seat 4: chacalay1 folded before Flop (didn't bet)
Seat 5: tutanpoker folded before Flop (didn't bet)
Seat 6: Nokrum collected ($0.14)
Seat 7: Dr_Poliakov folded before Flop (didn't bet)
Seat 8: BirviZ (button) folded before Flop (didn't bet)
Seat 9: ser447787 (small blind) folded before Flop



PokerStars Hand #227912288442:  Hold'em No Limit ($0.01/$0.02 USD) - 2021/06/28 10:58:48 PT [2021/06/28 13:58:48 ET]
Table 'Cimmeria III' 9-max Seat #9 is the button
Seat 1: Dorex2007 ($1.87 in chips) 
Seat 3: D()berm@n ($1.60 in chips) 
Seat 4: chacalay1 ($1.92 in chips) 
Seat 5: tutanpoker ($3.38 in chips) 
Seat 6: Nokrum ($3 in chips) 
Seat 8: BirviZ ($2.06 in chips) 
Seat 9: ser447787 ($2.51 in chips) 
Dorex2007: posts small blind $0.01
D()berm@n: posts big blind $0.02
BigD1407: sits out 
*** HOLE CARDS ***
Dealt to Dorex2007 [9d Jc]
chacalay1: calls $0.02
tutanpoker: folds 
Nokrum: folds 
BirviZ: folds 
ser447787: folds 
Dorex2007: folds 
D()berm@n: checks 
*** FLOP *** [4s Ad Tc]
ChiguireJr is disconnected 
D()berm@n: checks 
chacalay1: bets $0.05
D()berm@n: folds 
Uncalled bet ($0.05) returned to chacalay1
chacalay1 collected $0.05 from pot
chacalay1: doesn't show hand 
*** SUMMARY ***
Total pot $0.05 | Rake $0 
Board [4s Ad Tc]
Seat 1: Dorex2007 (small blind) folded before Flop
Seat 3: D()berm@n (big blind) folded on the Flop
Seat 4: chacalay1 collected ($0.05)
Seat 5: tutanpoker folded before Flop (didn't bet)
Seat 6: Nokrum folded before Flop (didn't bet)
Seat 8: BirviZ folded before Flop (didn't bet)
Seat 9: ser447787 (button) folded before Flop (didn't bet)



PokerStars Hand #227912297116:  Hold'em No Limit ($0.01/$0.02 USD) - 2021/06/28 10:59:21 PT [2021/06/28 13:59:21 ET]
Table 'Cimmeria III' 9-max Seat #1 is the button
Seat 1: Dorex2007 ($1.86 in chips) 
Seat 3: D()berm@n ($1.58 in chips) 
Seat 4: chacalay1 ($1.95 in chips) 
Seat 5: tutanpoker ($3.38 in chips) 
Seat 6: Nokrum ($3 in chips) 
Seat 8: BirviZ ($2.06 in chips) 
Seat 9: ser447787 ($2.51 in chips) 
D()berm@n: posts small blind $0.01
chacalay1: posts big blind $0.02
BigD1407: sits out 
*** HOLE CARDS ***
Dealt to Dorex2007 [Jh 2d]
tutanpoker: folds 
Nokrum: folds 
BirviZ: folds 
ser447787: folds 
Dorex2007: folds 
D()berm@n: folds 
Uncalled bet ($0.01) returned to chacalay1
chacalay1 collected $0.02 from pot
chacalay1: doesn't show hand 
*** SUMMARY ***
Total pot $0.02 | Rake $0 
Seat 1: Dorex2007 (button) folded before Flop (didn't bet)
Seat 3: D()berm@n (small blind) folded before Flop
Seat 4: chacalay1 (big blind) collected ($0.02)
Seat 5: tutanpoker folded before Flop (didn't bet)
Seat 6: Nokrum folded before Flop (didn't bet)
Seat 8: BirviZ folded before Flop (didn't bet)
Seat 9: ser447787 folded before Flop (didn't bet)



PokerStars Hand #227912301248:  Hold'em No Limit ($0.01/$0.02 USD) - 2021/06/28 10:59:36 PT [2021/06/28 13:59:36 ET]
Table 'Cimmeria III' 9-max Seat #3 is the button
Seat 1: Dorex2007 ($1.86 in chips) 
Seat 3: D()berm@n ($1.57 in chips) 
Seat 4: chacalay1 ($1.96 in chips) 
Seat 5: tutanpoker ($3.38 in chips) 
Seat 6: Nokrum ($3 in chips) 
Seat 8: BirviZ ($2.06 in chips) 
Seat 9: ser447787 ($2.51 in chips) 
chacalay1: posts small blind $0.01
tutanpoker: posts big blind $0.02
BigD1407: sits out 
*** HOLE CARDS ***
Dealt to Dorex2007 [3h Ah]
Nokrum: calls $0.02
BirviZ: folds 
ser447787: folds 
Dorex2007: folds 
D()berm@n: folds 
chacalay1: calls $0.01
tutanpoker: raises $0.05 to $0.07
Nokrum: calls $0.05
chacalay1: calls $0.05
*** FLOP *** [Qc 6h Ts]
chacalay1: checks 
tutanpoker: bets $0.13
Nokrum: calls $0.13
chacalay1: raises $1.76 to $1.89 and is all-in
tutanpoker: folds 
Nokrum: folds 
Uncalled bet ($1.76) returned to chacalay1
chacalay1 collected $0.58 from pot
chacalay1: doesn't show hand 
*** SUMMARY ***
Total pot $0.60 | Rake $0.02 
Board [Qc 6h Ts]
Seat 1: Dorex2007 folded before Flop (didn't bet)
Seat 3: D()berm@n (button) folded before Flop (didn't bet)
Seat 4: chacalay1 (small blind) collected ($0.58)
Seat 5: tutanpoker (big blind) folded on the Flop
Seat 6: Nokrum folded on the Flop
Seat 8: BirviZ folded before Flop (didn't bet)
Seat 9: ser447787 folded before Flop (didn't bet)



PokerStars Hand #227912315700:  Hold'em No Limit ($0.01/$0.02 USD) - 2021/06/28 11:00:29 PT [2021/06/28 14:00:29 ET]
Table 'Cimmeria III' 9-max Seat #4 is the button
Seat 1: Dorex2007 ($1.86 in chips) 
Seat 3: D()berm@n ($1.57 in chips) 
Seat 4: chacalay1 ($2.34 in chips) 
Seat 5: tutanpoker ($3.18 in chips) 
Seat 6: Nokrum ($2.80 in chips) 
Seat 8: BirviZ ($2.06 in chips) 
Seat 9: ser447787 ($2.51 in chips) 
tutanpoker: posts small blind $0.01
Nokrum: posts big blind $0.02
BigD1407: sits out 
*** HOLE CARDS ***
Dealt to Dorex2007 [Kc Jc]
BirviZ: folds 
ser447787: folds 
Dorex2007: raises $0.04 to $0.06
D()berm@n: folds 
chacalay1: raises $0.08 to $0.14
tutanpoker: calls $0.13
Nokrum: folds 
Dorex2007: folds 
*** FLOP *** [Js 4c 5s]
Nokrum leaves the table
tutanpoker: checks 
chacalay1: bets $0.18
Volans247 joins the table at seat #6 
tutanpoker: calls $0.18
*** TURN *** [Js 4c 5s] [8c]
tutanpoker: checks 
chacalay1: checks 
*** RIVER *** [Js 4c 5s 8c] [6d]
tutanpoker: bets $0.43
chacalay1: folds 
Uncalled bet ($0.43) returned to tutanpoker
tutanpoker collected $0.69 from pot
tutanpoker: doesn't show hand 
*** SUMMARY ***
Total pot $0.72 | Rake $0.03 
Board [Js 4c 5s 8c 6d]
Seat 1: Dorex2007 folded before Flop
Seat 3: D()berm@n folded before Flop (didn't bet)
Seat 4: chacalay1 (button) folded on the River
Seat 5: tutanpoker (small blind) collected ($0.69)
Seat 6: Nokrum (big blind) folded before Flop
Seat 8: BirviZ folded before Flop (didn't bet)
Seat 9: ser447787 folded before Flop (didn't bet)



PokerStars Hand #227912340436:  Hold'em No Limit ($0.01/$0.02 USD) - 2021/06/28 11:01:46 PT [2021/06/28 14:01:46 ET]
Table 'Cimmeria III' 9-max Seat #5 is the button
Seat 1: Dorex2007 ($1.80 in chips) 
Seat 3: D()berm@n ($1.57 in chips) 
Seat 4: chacalay1 ($2.02 in chips) 
Seat 5: tutanpoker ($3.55 in chips) 
Seat 8: BirviZ ($2.06 in chips) 
Seat 9: ser447787 ($2.51 in chips) 
BirviZ: posts small blind $0.01
ser447787: posts big blind $0.02
*** HOLE CARDS ***
Dealt to Dorex2007 [Kh 5d]
Dorex2007: folds 
D()berm@n: raises $0.04 to $0.06
chacalay1: folds 
tutanpoker: folds 
BirviZ: folds 
ser447787: folds 
Uncalled bet ($0.04) returned to D()berm@n
D()berm@n collected $0.05 from pot
D()berm@n: doesn't show hand 
*** SUMMARY ***
Total pot $0.05 | Rake $0 
Seat 1: Dorex2007 folded before Flop (didn't bet)
Seat 3: D()berm@n collected ($0.05)
Seat 4: chacalay1 folded before Flop (didn't bet)
Seat 5: tutanpoker (button) folded before Flop (didn't bet)
Seat 8: BirviZ (small blind) folded before Flop
Seat 9: ser447787 (big blind) folded before Flop



PokerStars Hand #227912349771:  Hold'em No Limit ($0.01/$0.02 USD) - 2021/06/28 11:02:12 PT [2021/06/28 14:02:12 ET]
Table 'Cimmeria III' 9-max Seat #8 is the button
Seat 1: Dorex2007 ($1.80 in chips) 
Seat 3: D()berm@n ($1.60 in chips) 
Seat 4: chacalay1 ($2.02 in chips) 
Seat 5: tutanpoker ($3.55 in chips) 
Seat 8: BirviZ ($2.05 in chips) 
Seat 9: ser447787 ($2.49 in chips) 
ser447787: posts small blind $0.01
Dorex2007: posts big blind $0.02
Volans247: sits out 
BigD1407: sits out 
*** HOLE CARDS ***
Dealt to Dorex2007 [Jc 3s]
D()berm@n: calls $0.02
chacalay1: folds 
tutanpoker: raises $0.04 to $0.06
BirviZ: folds 
ser447787: folds 
Dorex2007: folds 
D()berm@n: calls $0.04
*** FLOP *** [9c 4d Kd]
D()berm@n: checks 
tutanpoker: checks 
*** TURN *** [9c 4d Kd] [6c]
D()berm@n: bets $0.06
tutanpoker: calls $0.06
*** RIVER *** [9c 4d Kd 6c] [Qh]
D()berm@n: bets $0.08
tutanpoker: folds 
Uncalled bet ($0.08) returned to D()berm@n
D()berm@n collected $0.26 from pot
D()berm@n: doesn't show hand 
*** SUMMARY ***
Total pot $0.27 | Rake $0.01 
Board [9c 4d Kd 6c Qh]
Seat 1: Dorex2007 (big blind) folded before Flop
Seat 3: D()berm@n collected ($0.26)
Seat 4: chacalay1 folded before Flop (didn't bet)
Seat 5: tutanpoker folded on the River
Seat 8: BirviZ (button) folded before Flop (didn't bet)
Seat 9: ser447787 (small blind) folded before Flop



PokerStars Hand #227912364465:  Hold'em No Limit ($0.01/$0.02 USD) - 2021/06/28 11:02:53 PT [2021/06/28 14:02:53 ET]
Table 'Cimmeria III' 9-max Seat #9 is the button
Seat 1: Dorex2007 ($1.78 in chips) 
Seat 3: D()berm@n ($1.74 in chips) 
Seat 4: chacalay1 ($2.02 in chips) 
Seat 5: tutanpoker ($3.43 in chips) 
Seat 6: Volans247 ($1.60 in chips) 
Seat 8: BirviZ ($2.05 in chips) 
Seat 9: ser447787 ($2.48 in chips) 
Dorex2007: posts small blind $0.01
D()berm@n: posts big blind $0.02
Volans247: posts big blind $0.02
BigD1407: sits out 
*** HOLE CARDS ***
Dealt to Dorex2007 [Qh Jc]
chacalay1: raises $0.04 to $0.06
tutanpoker: calls $0.06
Volans247: calls $0.04
BirviZ: folds 
ser447787: folds 
Dorex2007: folds 
D()berm@n: folds 
*** FLOP *** [4s 7c Js]
chacalay1: bets $0.12
tutanpoker: folds 
Volans247: calls $0.12
*** TURN *** [4s 7c Js] [Ts]
chacalay1: bets $0.14
Volans247: calls $0.14
*** RIVER *** [4s 7c Js Ts] [8h]
chacalay1: bets $0.14
Volans247: calls $0.14
*** SHOW DOWN ***
chacalay1: shows [9s Qs] (a flush, Queen high)
Volans247: mucks hand 
chacalay1 collected $0.97 from pot
*** SUMMARY ***
Total pot $1.01 | Rake $0.04 
Board [4s 7c Js Ts 8h]
Seat 1: Dorex2007 (small blind) folded before Flop
Seat 3: D()berm@n (big blind) folded before Flop
Seat 4: chacalay1 showed [9s Qs] and won ($0.97) with a flush, Queen high
Seat 5: tutanpoker folded on the Flop
Seat 6: Volans247 mucked [Th Jd]
Seat 8: BirviZ folded before Flop (didn't bet)
Seat 9: ser447787 (button) folded before Flop (didn't bet)



PokerStars Hand #227912386729:  Hold'em No Limit ($0.01/$0.02 USD) - 2021/06/28 11:03:54 PT [2021/06/28 14:03:54 ET]
Table 'Cimmeria III' 9-max Seat #1 is the button
Seat 1: Dorex2007 ($1.77 in chips) 
Seat 3: D()berm@n ($1.72 in chips) 
Seat 4: chacalay1 ($2.53 in chips) 
Seat 5: tutanpoker ($3.37 in chips) 
Seat 6: Volans247 ($1.14 in chips) 
Seat 8: BirviZ ($2.05 in chips) 
Seat 9: ser447787 ($2.48 in chips) 
D()berm@n: posts small blind $0.01
chacalay1: posts big blind $0.02
BigD1407: sits out 
*** HOLE CARDS ***
Dealt to Dorex2007 [6d 8h]
tutanpoker has timed out
tutanpoker: folds 
Volans247: folds 
BirviZ: folds 
chacalay1 said, "i made u a discount"
ser447787: raises $0.04 to $0.06
Dorex2007: folds 
D()berm@n: folds 
chacalay1: folds 
Uncalled bet ($0.04) returned to ser447787
ser447787 collected $0.05 from pot
*** SUMMARY ***
Total pot $0.05 | Rake $0 
Seat 1: Dorex2007 (button) folded before Flop (didn't bet)
Seat 3: D()berm@n (small blind) folded before Flop
Seat 4: chacalay1 (big blind) folded before Flop
Seat 5: tutanpoker folded before Flop (didn't bet)
Seat 6: Volans247 folded before Flop (didn't bet)
Seat 8: BirviZ folded before Flop (didn't bet)
Seat 9: ser447787 collected ($0.05)



PokerStars Hand #227912399444:  Hold'em No Limit ($0.01/$0.02 USD) - 2021/06/28 11:04:30 PT [2021/06/28 14:04:30 ET]
Table 'Cimmeria III' 9-max Seat #3 is the button
Seat 1: Dorex2007 ($1.77 in chips) 
Seat 3: D()berm@n ($1.71 in chips) 
Seat 4: chacalay1 ($2.51 in chips) 
Seat 6: Volans247 ($1.14 in chips) 
Seat 8: BirviZ ($2.05 in chips) 
Seat 9: ser447787 ($2.51 in chips) 
chacalay1: posts small blind $0.01
Volans247: posts big blind $0.02
BigD1407: sits out 
*** HOLE CARDS ***
Dealt to Dorex2007 [Qd 7h]
BirviZ: folds 
ser447787: folds 
Dorex2007: folds 
D()berm@n: raises $0.02 to $0.04
chacalay1: folds 
Volans247: calls $0.02
*** FLOP *** [6s 4s 5s]
Volans247: checks 
D()berm@n: checks 
*** TURN *** [6s 4s 5s] [8c]
Volans247: bets $0.02
D()berm@n: folds 
Uncalled bet ($0.02) returned to Volans247
Volans247 collected $0.09 from pot
Volans247: doesn't show hand 
*** SUMMARY ***
Total pot $0.09 | Rake $0 
Board [6s 4s 5s 8c]
Seat 1: Dorex2007 folded before Flop (didn't bet)
Seat 3: D()berm@n (button) folded on the Turn
Seat 4: chacalay1 (small blind) folded before Flop
Seat 6: Volans247 (big blind) collected ($0.09)
Seat 8: BirviZ folded before Flop (didn't bet)
Seat 9: ser447787 folded before Flop (didn't bet)



PokerStars Hand #227912412930:  Hold'em No Limit ($0.01/$0.02 USD) - 2021/06/28 11:05:07 PT [2021/06/28 14:05:07 ET]
Table 'Cimmeria III' 9-max Seat #4 is the button
Seat 1: Dorex2007 ($1.77 in chips) 
Seat 3: D()berm@n ($1.67 in chips) 
Seat 4: chacalay1 ($2.50 in chips) 
Seat 6: Volans247 ($1.19 in chips) 
Seat 7: BigD1407 ($0.99 in chips) 
Seat 8: BirviZ ($2.05 in chips) 
Seat 9: ser447787 ($2.51 in chips) 
Volans247: posts small blind $0.01
BigD1407: posts big blind $0.02
*** HOLE CARDS ***
Dealt to Dorex2007 [Td 9d]
BirviZ: folds 
ser447787: folds 
Dorex2007: raises $0.04 to $0.06
D()berm@n: folds 
chacalay1: calls $0.06
Volans247: folds 
BigD1407: folds 
*** FLOP *** [2h 6d Jd]
Dorex2007: bets $0.14
chacalay1: folds 
Uncalled bet ($0.14) returned to Dorex2007
Dorex2007 collected $0.14 from pot
Dorex2007: doesn't show hand 
*** SUMMARY ***
Total pot $0.15 | Rake $0.01 
Board [2h 6d Jd]
Seat 1: Dorex2007 collected ($0.14)
Seat 3: D()berm@n folded before Flop (didn't bet)
Seat 4: chacalay1 (button) folded on the Flop
Seat 6: Volans247 (small blind) folded before Flop
Seat 7: BigD1407 (big blind) folded before Flop
Seat 8: BirviZ folded before Flop (didn't bet)
Seat 9: ser447787 folded before Flop (didn't bet)



PokerStars Hand #227912434367:  Hold'em No Limit ($0.01/$0.02 USD) - 2021/06/28 11:05:41 PT [2021/06/28 14:05:41 ET]
Table 'Cimmeria III' 9-max Seat #6 is the button
Seat 1: Dorex2007 ($1.85 in chips) 
Seat 3: D()berm@n ($1.67 in chips) 
Seat 4: chacalay1 ($2.44 in chips) 
Seat 5: tutanpoker ($3.37 in chips) 
Seat 6: Volans247 ($1.18 in chips) 
Seat 7: BigD1407 ($0.97 in chips) 
Seat 8: BirviZ ($2.05 in chips) 
Seat 9: ser447787 ($2.51 in chips) 
BigD1407: posts small blind $0.01
BirviZ: posts big blind $0.02
tutanpoker: posts small & big blinds $0.03
*** HOLE CARDS ***
Dealt to Dorex2007 [8s 4c]
ser447787: raises $0.08 to $0.10
Dorex2007: folds 
D()berm@n: folds 
chacalay1: folds 
tutanpoker: calls $0.08
Volans247: folds 
BigD1407: calls $0.09
BirviZ: folds 
*** FLOP *** [5h 3c Js]
BigD1407: bets $0.11
ser447787: calls $0.11
tutanpoker: calls $0.11
*** TURN *** [5h 3c Js] [5d]
BigD1407: bets $0.32
ser447787: folds 
tutanpoker: calls $0.32
*** RIVER *** [5h 3c Js 5d] [7h]
BigD1407: bets $0.44 and is all-in
tutanpoker: calls $0.44
*** SHOW DOWN ***
BigD1407: shows [Td Jd] (two pair, Jacks and Fives)
tutanpoker: shows [5c 5s] (four of a kind, Fives)
tutanpoker collected $2.10 from pot
*** SUMMARY ***
Total pot $2.18 | Rake $0.08 
Board [5h 3c Js 5d 7h]
Seat 1: Dorex2007 folded before Flop (didn't bet)
Seat 3: D()berm@n folded before Flop (didn't bet)
Seat 4: chacalay1 folded before Flop (didn't bet)
Seat 5: tutanpoker showed [5c 5s] and won ($2.10) with four of a kind, Fives
Seat 6: Volans247 (button) folded before Flop (didn't bet)
Seat 7: BigD1407 (small blind) showed [Td Jd] and lost with two pair, Jacks and Fives
Seat 8: BirviZ (big blind) folded before Flop
Seat 9: ser447787 folded on the Turn



PokerStars Hand #227912468801:  Hold'em No Limit ($0.01/$0.02 USD) - 2021/06/28 11:07:15 PT [2021/06/28 14:07:15 ET]
Table 'Cimmeria III' 9-max Seat #8 is the button
Seat 1: Dorex2007 ($1.85 in chips) 
Seat 3: D()berm@n ($1.67 in chips) 
Seat 4: chacalay1 ($2.44 in chips) 
Seat 5: tutanpoker ($4.49 in chips) 
Seat 6: Volans247 ($1.18 in chips) 
Seat 8: BirviZ ($2.03 in chips) 
Seat 9: ser447787 ($2.30 in chips) 
ser447787: posts small blind $0.01
Dorex2007: posts big blind $0.02
*** HOLE CARDS ***
Dealt to Dorex2007 [4s Js]
D()berm@n: calls $0.02
chacalay1: calls $0.02
tutanpoker: folds 
Volans247: folds 
BirviZ: folds 
ser447787: folds 
Dorex2007: checks 
*** FLOP *** [6c Td 2d]
Dorex2007: checks 
D()berm@n: checks 
chacalay1: checks 
*** TURN *** [6c Td 2d] [7h]
Dorex2007: checks 
D()berm@n: bets $0.06
chacalay1: folds 
Dorex2007: folds 
Uncalled bet ($0.06) returned to D()berm@n
D()berm@n collected $0.07 from pot
D()berm@n: doesn't show hand 
*** SUMMARY ***
Total pot $0.07 | Rake $0 
Board [6c Td 2d 7h]
Seat 1: Dorex2007 (big blind) folded on the Turn
Seat 3: D()berm@n collected ($0.07)
Seat 4: chacalay1 folded on the Turn
Seat 5: tutanpoker folded before Flop (didn't bet)
Seat 6: Volans247 folded before Flop (didn't bet)
Seat 8: BirviZ (button) folded before Flop (didn't bet)
Seat 9: ser447787 (small blind) folded before Flop



PokerStars Hand #227912490921:  Hold'em No Limit ($0.01/$0.02 USD) - 2021/06/28 11:08:16 PT [2021/06/28 14:08:16 ET]
Table 'Cimmeria III' 9-max Seat #9 is the button
Seat 1: Dorex2007 ($1.83 in chips) 
Seat 3: D()berm@n ($1.72 in chips) 
Seat 4: chacalay1 ($2.42 in chips) 
Seat 5: tutanpoker ($4.49 in chips) 
Seat 6: Volans247 ($1.18 in chips) 
Seat 7: BigD1407 ($1.02 in chips) 
Seat 8: BirviZ ($2.03 in chips) 
Seat 9: ser447787 ($2.29 in chips) 
Dorex2007: posts small blind $0.01
D()berm@n: posts big blind $0.02
*** HOLE CARDS ***
Dealt to Dorex2007 [Ks 2h]
chacalay1: raises $0.05 to $0.07
tutanpoker: calls $0.07
Volans247: folds 
BigD1407: calls $0.07
BirviZ: folds 
ser447787: folds 
Dorex2007: folds 
D()berm@n: calls $0.05
*** FLOP *** [7h Jc 9d]
D()berm@n: checks 
chacalay1: bets $0.48
ChiguireJr leaves the table
tutanpoker: folds 
BigD1407: raises $0.47 to $0.95 and is all-in
D()berm@n: folds 
igor6316 joins the table at seat #2 
chacalay1: calls $0.47
*** TURN *** [7h Jc 9d] [8c]
*** RIVER *** [7h Jc 9d 8c] [4h]
*** SHOW DOWN ***
chacalay1: shows [Ac Ah] (a pair of Aces)
BigD1407: shows [Qc Jh] (a pair of Jacks)
chacalay1 cashed out the hand for $1.64 | Cash Out Fee $0.02
BigD1407 cashed out the hand for $0.45
*** SUMMARY ***
Total pot $2.19 | Rake $0.08 
Board [7h Jc 9d 8c 4h]
Seat 1: Dorex2007 (small blind) folded before Flop
Seat 3: D()berm@n (big blind) folded on the Flop
Seat 4: chacalay1 showed [Ac Ah] and won ($2.11) with a pair of Aces (pot not awarded as player cashed out)
Seat 5: tutanpoker folded on the Flop
Seat 6: Volans247 folded before Flop (didn't bet)
Seat 7: BigD1407 showed [Qc Jh] and lost with a pair of Jacks (cashed out).
Seat 8: BirviZ folded before Flop (didn't bet)
Seat 9: ser447787 (button) folded before Flop (didn't bet)



PokerStars Hand #227912519536:  Hold'em No Limit ($0.01/$0.02 USD) - 2021/06/28 11:09:36 PT [2021/06/28 14:09:36 ET]
Table 'Cimmeria III' 9-max Seat #1 is the button
Seat 1: Dorex2007 ($2 in chips) 
Seat 3: D()berm@n ($1.65 in chips) 
Seat 4: chacalay1 ($3.04 in chips) 
Seat 5: tutanpoker ($4.42 in chips) 
Seat 6: Volans247 ($1.18 in chips) 
Seat 7: BigD1407 ($0.45 in chips) 
Seat 8: BirviZ ($2.03 in chips) 
Seat 9: ser447787 ($2.29 in chips) 
D()berm@n: posts small blind $0.01
chacalay1: posts big blind $0.02
*** HOLE CARDS ***
Dealt to Dorex2007 [4h 8d]
tutanpoker: folds 
Volans247: folds 
BigD1407: calls $0.02
BirviZ: folds 
ser447787: raises $0.07 to $0.09
Dorex2007: folds 
D()berm@n: folds 
chacalay1: folds 
BigD1407: calls $0.07
*** FLOP *** [8s Kh 3d]
BigD1407: checks 
ser447787: bets $0.12
BigD1407: calls $0.12
*** TURN *** [8s Kh 3d] [6h]
BigD1407: checks 
ser447787: bets $0.24
BigD1407: folds 
Uncalled bet ($0.24) returned to ser447787
ser447787 collected $0.43 from pot
*** SUMMARY ***
Total pot $0.45 | Rake $0.02 
Board [8s Kh 3d 6h]
Seat 1: Dorex2007 (button) folded before Flop (didn't bet)
Seat 3: D()berm@n (small blind) folded before Flop
Seat 4: chacalay1 (big blind) folded before Flop
Seat 5: tutanpoker folded before Flop (didn't bet)
Seat 6: Volans247 folded before Flop (didn't bet)
Seat 7: BigD1407 folded on the Turn
Seat 8: BirviZ folded before Flop (didn't bet)
Seat 9: ser447787 collected ($0.43)



PokerStars Hand #227912536267:  Hold'em No Limit ($0.01/$0.02 USD) - 2021/06/28 11:10:22 PT [2021/06/28 14:10:22 ET]
Table 'Cimmeria III' 9-max Seat #3 is the button
Seat 1: Dorex2007 ($2 in chips) 
Seat 3: D()berm@n ($1.64 in chips) 
Seat 4: chacalay1 ($3.02 in chips) 
Seat 5: tutanpoker ($4.42 in chips) 
Seat 6: Volans247 ($1.18 in chips) 
Seat 7: BigD1407 ($0.24 in chips) 
Seat 8: BirviZ ($2.03 in chips) 
Seat 9: ser447787 ($2.51 in chips) 
chacalay1: posts small blind $0.01
tutanpoker: posts big blind $0.02
igor6316: sits out 
*** HOLE CARDS ***
Dealt to Dorex2007 [8h 2s]
Volans247: folds 
BigD1407: folds 
BirviZ: folds 
ser447787: raises $0.04 to $0.06
Dorex2007: folds 
D()berm@n: calls $0.06
chacalay1: folds 
tutanpoker: folds 
*** FLOP *** [6c 7s 5s]
ser447787: bets $0.08
D()berm@n: folds 
Uncalled bet ($0.08) returned to ser447787
ser447787 collected $0.14 from pot
*** SUMMARY ***
Total pot $0.15 | Rake $0.01 
Board [6c 7s 5s]
Seat 1: Dorex2007 folded before Flop (didn't bet)
Seat 3: D()berm@n (button) folded on the Flop
Seat 4: chacalay1 (small blind) folded before Flop
Seat 5: tutanpoker (big blind) folded before Flop
Seat 6: Volans247 folded before Flop (didn't bet)
Seat 7: BigD1407 folded before Flop (didn't bet)
Seat 8: BirviZ folded before Flop (didn't bet)
Seat 9: ser447787 collected ($0.14)



PokerStars Hand #227912551848:  Hold'em No Limit ($0.01/$0.02 USD) - 2021/06/28 11:11:05 PT [2021/06/28 14:11:05 ET]
Table 'Cimmeria III' 9-max Seat #4 is the button
Seat 1: Dorex2007 ($2 in chips) 
Seat 3: D()berm@n ($1.58 in chips) 
Seat 4: chacalay1 ($3.01 in chips) 
Seat 5: tutanpoker ($4.40 in chips) 
Seat 6: Volans247 ($1.18 in chips) 
Seat 7: BigD1407 ($0.24 in chips) 
Seat 8: BirviZ ($2.03 in chips) 
Seat 9: ser447787 ($2.59 in chips) 
tutanpoker: posts small blind $0.01
Volans247: posts big blind $0.02
igor6316: sits out 
*** HOLE CARDS ***
Dealt to Dorex2007 [4c 2d]
BigD1407: folds 
BirviZ: folds 
ser447787: folds 
Dorex2007: folds 
D()berm@n: raises $0.02 to $0.04
chacalay1: folds 
tutanpoker: folds 
Volans247: calls $0.02
*** FLOP *** [6d Th 8s]
Volans247: checks 
D()berm@n: checks 
*** TURN *** [6d Th 8s] [9d]
Volans247: bets $0.02
D()berm@n: calls $0.02
*** RIVER *** [6d Th 8s 9d] [7d]
Volans247: bets $0.04
D()berm@n: calls $0.04
*** SHOW DOWN ***
Volans247: shows [6c 9s] (a straight, Six to Ten)
D()berm@n: shows [3d 3h] (a straight, Six to Ten)
Volans247 collected $0.10 from pot
D()berm@n collected $0.10 from pot
*** SUMMARY ***
Total pot $0.21 | Rake $0.01 
Board [6d Th 8s 9d 7d]
Seat 1: Dorex2007 folded before Flop (didn't bet)
Seat 3: D()berm@n showed [3d 3h] and won ($0.10) with a straight, Six to Ten
Seat 4: chacalay1 (button) folded before Flop (didn't bet)
Seat 5: tutanpoker (small blind) folded before Flop
Seat 6: Volans247 (big blind) showed [6c 9s] and won ($0.10) with a straight, Six to Ten
Seat 7: BigD1407 folded before Flop (didn't bet)
Seat 8: BirviZ folded before Flop (didn't bet)
Seat 9: ser447787 folded before Flop (didn't bet)



PokerStars Hand #227912568745:  Hold'em No Limit ($0.01/$0.02 USD) - 2021/06/28 11:11:52 PT [2021/06/28 14:11:52 ET]
Table 'Cimmeria III' 9-max Seat #5 is the button
Seat 1: Dorex2007 ($2 in chips) 
Seat 3: D()berm@n ($1.58 in chips) 
Seat 4: chacalay1 ($3.01 in chips) 
Seat 5: tutanpoker ($4.39 in chips) 
Seat 6: Volans247 ($1.18 in chips) 
Seat 7: BigD1407 ($0.24 in chips) 
Seat 8: BirviZ ($2.03 in chips) 
Seat 9: ser447787 ($2.59 in chips) 
Volans247: posts small blind $0.01
BigD1407: posts big blind $0.02
igor6316: sits out 
*** HOLE CARDS ***
Dealt to Dorex2007 [2s Ts]
BirviZ: folds 
ser447787: folds 
Dorex2007: folds 
D()berm@n: raises $0.02 to $0.04
chacalay1: folds 
tutanpoker: folds 
Volans247: folds 
BigD1407: folds 
Uncalled bet ($0.02) returned to D()berm@n
D()berm@n collected $0.05 from pot
D()berm@n: doesn't show hand 
*** SUMMARY ***
Total pot $0.05 | Rake $0 
Seat 1: Dorex2007 folded before Flop (didn't bet)
Seat 3: D()berm@n collected ($0.05)
Seat 4: chacalay1 folded before Flop (didn't bet)
Seat 5: tutanpoker (button) folded before Flop (didn't bet)
Seat 6: Volans247 (small blind) folded before Flop
Seat 7: BigD1407 (big blind) folded before Flop
Seat 8: BirviZ folded before Flop (didn't bet)
Seat 9: ser447787 folded before Flop (didn't bet)



PokerStars Hand #227912580427:  Hold'em No Limit ($0.01/$0.02 USD) - 2021/06/28 11:12:25 PT [2021/06/28 14:12:25 ET]
Table 'Cimmeria III' 9-max Seat #6 is the button
Seat 1: Dorex2007 ($2 in chips) 
Seat 3: D()berm@n ($1.61 in chips) 
Seat 4: chacalay1 ($3.01 in chips) 
Seat 5: tutanpoker ($4.39 in chips) 
Seat 6: Volans247 ($1.17 in chips) 
Seat 7: BigD1407 ($0.22 in chips) 
Seat 8: BirviZ ($2.03 in chips) 
Seat 9: ser447787 ($2.59 in chips) 
BigD1407: posts small blind $0.01
BirviZ: posts big blind $0.02
igor6316: sits out 
*** HOLE CARDS ***
Dealt to Dorex2007 [Ks Kd]
ser447787: folds 
Dorex2007: raises $0.04 to $0.06
D()berm@n: folds 
chacalay1: raises $0.36 to $0.42
tutanpoker: folds 
Volans247: folds 
BigD1407: calls $0.21 and is all-in
BirviZ: folds 
Dorex2007: raises $1.58 to $2 and is all-in
chacalay1: calls $1.58
*** FLOP *** [Qc 9s Jc]
*** TURN *** [Qc 9s Jc] [3s]
*** RIVER *** [Qc 9s Jc 3s] [7d]
*** SHOW DOWN ***
Dorex2007: shows [Ks Kd] (a pair of Kings)
chacalay1: shows [Ah Ac] (a pair of Aces)
BigD1407: shows [As 7h] (a pair of Sevens)
chacalay1 cashed out the hand for $3.16 | Cash Out Fee $0.03
*** SUMMARY ***
Total pot $4.24 Main pot $0.66. Side pot $3.43. | Rake $0.15 
Board [Qc 9s Jc 3s 7d]
Seat 1: Dorex2007 showed [Ks Kd] and lost with a pair of Kings
Seat 3: D()berm@n folded before Flop (didn't bet)
Seat 4: chacalay1 showed [Ah Ac] and won ($4.09) with a pair of Aces (pot not awarded as player cashed out)
Seat 5: tutanpoker folded before Flop (didn't bet)
Seat 6: Volans247 (button) folded before Flop (didn't bet)
Seat 7: BigD1407 (small blind) showed [As 7h] and lost with a pair of Sevens
Seat 8: BirviZ (big blind) folded before Flop
Seat 9: ser447787 folded before Flop (didn't bet)



PokerStars Hand #227912600533:  Hold'em No Limit ($0.01/$0.02 USD) - 2021/06/28 11:13:20 PT [2021/06/28 14:13:20 ET]
Table 'Cimmeria III' 9-max Seat #8 is the button
Seat 1: Dorex2007 ($2 in chips) 
Seat 3: D()berm@n ($1.61 in chips) 
Seat 4: chacalay1 ($4.17 in chips) 
Seat 5: tutanpoker ($4.39 in chips) 
Seat 6: Volans247 ($1.17 in chips) 
Seat 8: BirviZ ($2.01 in chips) 
Seat 9: ser447787 ($2.59 in chips) 
ser447787: posts small blind $0.01
Dorex2007: posts big blind $0.02
igor6316: sits out 
*** HOLE CARDS ***
Dealt to Dorex2007 [9c Kh]
D()berm@n: raises $0.02 to $0.04
chacalay1: calls $0.04
tutanpoker: calls $0.04
Volans247: folds 
BirviZ: folds 
ser447787: folds 
Dorex2007: folds 
*** FLOP *** [Ts 3c 2h]
D()berm@n: bets $0.06
chacalay1: folds 
tutanpoker: calls $0.06
*** TURN *** [Ts 3c 2h] [Kc]
chacalay1 leaves the table
D()berm@n: bets $0.10
tutanpoker: calls $0.10
*** RIVER *** [Ts 3c 2h Kc] [2c]
D()berm@n: bets $0.20
tutanpoker: folds 
Uncalled bet ($0.20) returned to D()berm@n
D()berm@n collected $0.45 from pot
D()berm@n: doesn't show hand 
Cyygg joins the table at seat #4 
*** SUMMARY ***
Total pot $0.47 | Rake $0.02 
Board [Ts 3c 2h Kc 2c]
Seat 1: Dorex2007 (big blind) folded before Flop
Seat 3: D()berm@n collected ($0.45)
Seat 4: chacalay1 folded on the Flop
Seat 5: tutanpoker folded on the River
Seat 6: Volans247 folded before Flop (didn't bet)
Seat 8: BirviZ (button) folded before Flop (didn't bet)
Seat 9: ser447787 (small blind) folded before Flop



PokerStars Hand #227912623024:  Hold'em No Limit ($0.01/$0.02 USD) - 2021/06/28 11:14:23 PT [2021/06/28 14:14:23 ET]
Table 'Cimmeria III' 9-max Seat #9 is the button
Seat 1: Dorex2007 ($1.98 in chips) 
Seat 2: igor6316 ($0.80 in chips) 
Seat 3: D()berm@n ($1.86 in chips) 
Seat 5: tutanpoker ($4.19 in chips) 
Seat 6: Volans247 ($1.17 in chips) 
Seat 7: BigD1407 ($0.99 in chips) 
Seat 8: BirviZ ($2.01 in chips) 
Seat 9: ser447787 ($2.58 in chips) 
Dorex2007: posts small blind $0.01
igor6316: posts big blind $0.02
Cyygg is connected 
Cyygg: sits out 
*** HOLE CARDS ***
Dealt to Dorex2007 [7c 3s]
D()berm@n: folds 
tutanpoker: folds 
Volans247: folds 
BigD1407: raises $0.02 to $0.04
BirviZ: folds 
ser447787: folds 
Dorex2007: folds 
igor6316: folds 
Uncalled bet ($0.02) returned to BigD1407
BigD1407 collected $0.05 from pot
BigD1407: doesn't show hand 
*** SUMMARY ***
Total pot $0.05 | Rake $0 
Seat 1: Dorex2007 (small blind) folded before Flop
Seat 2: igor6316 (big blind) folded before Flop
Seat 3: D()berm@n folded before Flop (didn't bet)
Seat 5: tutanpoker folded before Flop (didn't bet)
Seat 6: Volans247 folded before Flop (didn't bet)
Seat 7: BigD1407 collected ($0.05)
Seat 8: BirviZ folded before Flop (didn't bet)
Seat 9: ser447787 (button) folded before Flop (didn't bet)



PokerStars Hand #227912630091:  Hold'em No Limit ($0.01/$0.02 USD) - 2021/06/28 11:14:42 PT [2021/06/28 14:14:42 ET]
Table 'Cimmeria III' 9-max Seat #1 is the button
Seat 1: Dorex2007 ($1.97 in chips) 
Seat 2: igor6316 ($0.78 in chips) 
Seat 3: D()berm@n ($1.86 in chips) 
Seat 5: tutanpoker ($4.19 in chips) 
Seat 6: Volans247 ($1.17 in chips) 
Seat 7: BigD1407 ($1.02 in chips) 
Seat 8: BirviZ ($2.01 in chips) 
Seat 9: ser447787 ($2.58 in chips) 
igor6316: posts small blind $0.01
D()berm@n: posts big blind $0.02
Cyygg: sits out 
*** HOLE CARDS ***
Dealt to Dorex2007 [Jc 4s]
tutanpoker: folds 
Volans247: calls $0.02
BigD1407 is disconnected 
BigD1407 has timed out while being disconnected
BigD1407: folds 
BirviZ: folds 
ser447787: folds 
Dorex2007: folds 
igor6316: calls $0.01
D()berm@n: checks 
*** FLOP *** [5s 5h Qd]
igor6316: checks 
D()berm@n: checks 
Volans247: checks 
*** TURN *** [5s 5h Qd] [9c]
igor6316: bets $0.02
D()berm@n: folds 
Volans247: calls $0.02
*** RIVER *** [5s 5h Qd 9c] [Td]
D()berm@n leaves the table
igor6316: bets $0.06
Volans247: folds 
Uncalled bet ($0.06) returned to igor6316
igor6316 collected $0.10 from pot
*** SUMMARY ***
Total pot $0.10 | Rake $0 
Board [5s 5h Qd 9c Td]
Seat 1: Dorex2007 (button) folded before Flop (didn't bet)
Seat 2: igor6316 (small blind) collected ($0.10)
Seat 3: D()berm@n (big blind) folded on the Turn
Seat 5: tutanpoker folded before Flop (didn't bet)
Seat 6: Volans247 folded on the River
Seat 7: BigD1407 folded before Flop (didn't bet)
Seat 8: BirviZ folded before Flop (didn't bet)
Seat 9: ser447787 folded before Flop (didn't bet)



PokerStars Hand #227912654817:  Hold'em No Limit ($0.01/$0.02 USD) - 2021/06/28 11:15:48 PT [2021/06/28 14:15:48 ET]
Table 'Cimmeria III' 9-max Seat #2 is the button
Seat 1: Dorex2007 ($1.97 in chips) 
Seat 2: igor6316 ($0.84 in chips) 
Seat 5: tutanpoker ($4.19 in chips) 
Seat 6: Volans247 ($1.13 in chips) 
Seat 8: BirviZ ($2.01 in chips) 
Seat 9: ser447787 ($2.58 in chips) 
tutanpoker: posts small blind $0.01
Volans247: posts big blind $0.02
*** HOLE CARDS ***
Dealt to Dorex2007 [Kd Ah]
BirviZ: folds 
ser447787: folds 
bob4tier joins the table at seat #3 
Dorex2007: raises $0.04 to $0.06
igor6316: folds 
tutanpoker: folds 
Volans247: folds 
Uncalled bet ($0.04) returned to Dorex2007
Dorex2007 collected $0.05 from pot
Dorex2007: doesn't show hand 
*** SUMMARY ***
Total pot $0.05 | Rake $0 
Seat 1: Dorex2007 collected ($0.05)
Seat 2: igor6316 (button) folded before Flop (didn't bet)
Seat 5: tutanpoker (small blind) folded before Flop
Seat 6: Volans247 (big blind) folded before Flop
Seat 8: BirviZ folded before Flop (didn't bet)
Seat 9: ser447787 folded before Flop (didn't bet)



PokerStars Hand #227912662572:  Hold'em No Limit ($0.01/$0.02 USD) - 2021/06/28 11:16:09 PT [2021/06/28 14:16:09 ET]
Table 'Cimmeria III' 9-max Seat #5 is the button
Seat 1: Dorex2007 ($2 in chips) 
Seat 2: igor6316 ($0.84 in chips) 
Seat 3: bob4tier ($1.60 in chips) 
Seat 4: Cyygg ($1 in chips) 
Seat 5: tutanpoker ($4.18 in chips) 
Seat 6: Volans247 ($1.11 in chips) 
Seat 8: BirviZ ($2.01 in chips) 
Seat 9: ser447787 ($2.58 in chips) 
Volans247: posts small blind $0.01
BirviZ: posts big blind $0.02
bob4tier: posts big blind $0.02
Cyygg: posts big blind $0.02
*** HOLE CARDS ***
Dealt to Dorex2007 [7d Qd]
ser447787: folds 
Dorex2007: folds 
igor6316: folds 
bob4tier: checks 
Cyygg: raises $0.06 to $0.08
tutanpoker: raises $0.18 to $0.26
Volans247: calls $0.25
BirviZ: folds 
bob4tier: folds 
Cyygg: folds 
*** FLOP *** [6d Th Qh]
Volans247: bets $0.12
tutanpoker: calls $0.12
*** TURN *** [6d Th Qh] [7h]
Volans247: checks 
tutanpoker: checks 
*** RIVER *** [6d Th Qh 7h] [9c]
Volans247: checks 
tutanpoker: checks 
*** SHOW DOWN ***
Volans247: shows [4s 4c] (a pair of Fours)
tutanpoker: shows [As Ac] (a pair of Aces)
tutanpoker collected $0.85 from pot
*** SUMMARY ***
Total pot $0.88 | Rake $0.03 
Board [6d Th Qh 7h 9c]
Seat 1: Dorex2007 folded before Flop (didn't bet)
Seat 2: igor6316 folded before Flop (didn't bet)
Seat 3: bob4tier folded before Flop (didn't bet)
Seat 4: Cyygg folded before Flop
Seat 5: tutanpoker (button) showed [As Ac] and won ($0.85) with a pair of Aces
Seat 6: Volans247 (small blind) showed [4s 4c] and lost with a pair of Fours
Seat 8: BirviZ (big blind) folded before Flop
Seat 9: ser447787 folded before Flop (didn't bet)



PokerStars Hand #227912687714:  Hold'em No Limit ($0.01/$0.02 USD) - 2021/06/28 11:17:16 PT [2021/06/28 14:17:16 ET]
Table 'Cimmeria III' 9-max Seat #6 is the button
Seat 1: Dorex2007 ($2 in chips) 
Seat 2: igor6316 ($0.84 in chips) 
Seat 3: bob4tier ($1.58 in chips) 
Seat 4: Cyygg ($0.92 in chips) 
Seat 5: tutanpoker ($4.65 in chips) 
Seat 6: Volans247 ($0.73 in chips) 
Seat 8: BirviZ ($1.99 in chips) 
Seat 9: ser447787 ($2.58 in chips) 
BirviZ: posts small blind $0.01
ser447787: posts big blind $0.02
*** HOLE CARDS ***
Dealt to Dorex2007 [4c 7c]
Dorex2007: folds 
igor6316: folds 
bob4tier: folds 
Cyygg: folds 
tutanpoker: raises $0.05 to $0.07
Volans247: folds 
BirviZ: raises $0.13 to $0.20
ser447787: folds 
tutanpoker: calls $0.13
*** FLOP *** [3c Ks 9c]
BirviZ: bets $0.22
tutanpoker: folds 
Uncalled bet ($0.22) returned to BirviZ
BirviZ collected $0.41 from pot
BirviZ: doesn't show hand 
*** SUMMARY ***
Total pot $0.42 | Rake $0.01 
Board [3c Ks 9c]
Seat 1: Dorex2007 folded before Flop (didn't bet)
Seat 2: igor6316 folded before Flop (didn't bet)
Seat 3: bob4tier folded before Flop (didn't bet)
Seat 4: Cyygg folded before Flop (didn't bet)
Seat 5: tutanpoker folded on the Flop
Seat 6: Volans247 (button) folded before Flop (didn't bet)
Seat 8: BirviZ (small blind) collected ($0.41)
Seat 9: ser447787 (big blind) folded before Flop



PokerStars Hand #227912702340:  Hold'em No Limit ($0.01/$0.02 USD) - 2021/06/28 11:17:55 PT [2021/06/28 14:17:55 ET]
Table 'Cimmeria III' 9-max Seat #8 is the button
Seat 1: Dorex2007 ($2 in chips) 
Seat 2: igor6316 ($0.84 in chips) 
Seat 3: bob4tier ($1.58 in chips) 
Seat 4: Cyygg ($0.92 in chips) 
Seat 5: tutanpoker ($4.45 in chips) 
Seat 6: Volans247 ($0.73 in chips) 
Seat 8: BirviZ ($2.20 in chips) 
Seat 9: ser447787 ($2.56 in chips) 
ser447787: posts small blind $0.01
Dorex2007: posts big blind $0.02
*** HOLE CARDS ***
Dealt to Dorex2007 [5d 8h]
igor6316: folds 
bob4tier: folds 
Cyygg: folds 
tutanpoker: folds 
Volans247: calls $0.02
BirviZ: folds 
ser447787: folds 
Dorex2007: checks 
*** FLOP *** [3s 5c 4c]
Dorex2007: checks 
Volans247: bets $0.02
Dorex2007: calls $0.02
*** TURN *** [3s 5c 4c] [Qd]
Dorex2007: checks 
Volans247: bets $0.06
Dorex2007: calls $0.06
*** RIVER *** [3s 5c 4c Qd] [Js]
Dorex2007: checks 
Volans247: checks 
*** SHOW DOWN ***
Dorex2007: shows [5d 8h] (a pair of Fives)
Volans247: mucks hand 
Dorex2007 collected $0.20 from pot
*** SUMMARY ***
Total pot $0.21 | Rake $0.01 
Board [3s 5c 4c Qd Js]
Seat 1: Dorex2007 (big blind) showed [5d 8h] and won ($0.20) with a pair of Fives
Seat 2: igor6316 folded before Flop (didn't bet)
Seat 3: bob4tier folded before Flop (didn't bet)
Seat 4: Cyygg folded before Flop (didn't bet)
Seat 5: tutanpoker folded before Flop (didn't bet)
Seat 6: Volans247 mucked [Kd 3h]
Seat 8: BirviZ (button) folded before Flop (didn't bet)
Seat 9: ser447787 (small blind) folded before Flop



PokerStars Hand #227912716595:  Hold'em No Limit ($0.01/$0.02 USD) - 2021/06/28 11:18:35 PT [2021/06/28 14:18:35 ET]
Table 'Cimmeria III' 9-max Seat #9 is the button
Seat 1: Dorex2007 ($2.10 in chips) 
Seat 3: bob4tier ($1.58 in chips) 
Seat 4: Cyygg ($0.92 in chips) 
Seat 5: tutanpoker ($4.45 in chips) 
Seat 6: Volans247 ($0.63 in chips) 
Seat 8: BirviZ ($2.20 in chips) 
Seat 9: ser447787 ($2.55 in chips) 
Dorex2007: posts small blind $0.01
igor6316: is sitting out 
bob4tier: posts big blind $0.02
*** HOLE CARDS ***
Dealt to Dorex2007 [Qs Tc]
igor6316 leaves the table
Cyygg: calls $0.02
tutanpoker has timed out
tutanpoker: folds 
Volans247: folds 
BirviZ: folds 
ser447787: folds 
Dorex2007: calls $0.01
bob4tier: checks 
*** FLOP *** [Ah Kd 5d]
Dr_Poliakov joins the table at seat #2 
Dorex2007: checks 
bob4tier: checks 
Cyygg: checks 
*** TURN *** [Ah Kd 5d] [6h]
Dorex2007: bets $0.06
bob4tier: folds 
Cyygg: folds 
Uncalled bet ($0.06) returned to Dorex2007
Dorex2007 collected $0.06 from pot
Dorex2007: doesn't show hand 
*** SUMMARY ***
Total pot $0.06 | Rake $0 
Board [Ah Kd 5d 6h]
Seat 1: Dorex2007 (small blind) collected ($0.06)
Seat 3: bob4tier (big blind) folded on the Turn
Seat 4: Cyygg folded on the Turn
Seat 5: tutanpoker folded before Flop (didn't bet)
Seat 6: Volans247 folded before Flop (didn't bet)
Seat 8: BirviZ folded before Flop (didn't bet)
Seat 9: ser447787 (button) folded before Flop (didn't bet)



PokerStars Hand #227912734492:  Hold'em No Limit ($0.01/$0.02 USD) - 2021/06/28 11:19:23 PT [2021/06/28 14:19:23 ET]
Table 'Cimmeria III' 9-max Seat #1 is the button
Seat 1: Dorex2007 ($2.14 in chips) 
Seat 3: bob4tier ($1.56 in chips) 
Seat 4: Cyygg ($0.90 in chips) 
Seat 6: Volans247 ($0.63 in chips) 
Seat 8: BirviZ ($2.20 in chips) 
Seat 9: ser447787 ($2.55 in chips) 
bob4tier: posts small blind $0.01
Cyygg: posts big blind $0.02
*** HOLE CARDS ***
Dealt to Dorex2007 [4h 4s]
Volans247: calls $0.02
BirviZ: folds 
ser447787: folds 
Dorex2007: calls $0.02
bob4tier: calls $0.01
Cyygg: checks 
*** FLOP *** [As Ac 8s]
bob4tier: checks 
Cyygg: bets $0.04
Volans247: calls $0.04
Dorex2007: folds 
bob4tier: folds 
*** TURN *** [As Ac 8s] [Js]
Cyygg: checks 
Volans247: bets $0.04
Cyygg: calls $0.04
*** RIVER *** [As Ac 8s Js] [9h]
Cyygg: bets $0.11
Volans247: folds 
Uncalled bet ($0.11) returned to Cyygg
Cyygg collected $0.23 from pot
Cyygg: doesn't show hand 
*** SUMMARY ***
Total pot $0.24 | Rake $0.01 
Board [As Ac 8s Js 9h]
Seat 1: Dorex2007 (button) folded on the Flop
Seat 3: bob4tier (small blind) folded on the Flop
Seat 4: Cyygg (big blind) collected ($0.23)
Seat 6: Volans247 folded on the River
Seat 8: BirviZ folded before Flop (didn't bet)
Seat 9: ser447787 folded before Flop (didn't bet)



PokerStars Hand #227912753197:  Hold'em No Limit ($0.01/$0.02 USD) - 2021/06/28 11:20:14 PT [2021/06/28 14:20:14 ET]
Table 'Cimmeria III' 9-max Seat #3 is the button
Seat 1: Dorex2007 ($2.12 in chips) 
Seat 3: bob4tier ($1.54 in chips) 
Seat 4: Cyygg ($1.03 in chips) 
Seat 6: Volans247 ($0.53 in chips) 
Seat 8: BirviZ ($2.20 in chips) 
Seat 9: ser447787 ($2.55 in chips) 
Cyygg: posts small blind $0.01
Volans247: posts big blind $0.02
Dr_Poliakov: sits out 
*** HOLE CARDS ***
Dealt to Dorex2007 [Ts Qh]
BirviZ: folds 
ser447787: folds 
Dorex2007: raises $0.04 to $0.06
bob4tier: folds 
Cyygg: calls $0.05
Volans247: calls $0.04
*** FLOP *** [7h 7c 9s]
Cyygg: checks 
Volans247: bets $0.17
Dorex2007: folds 
Cyygg: folds 
Uncalled bet ($0.17) returned to Volans247
Volans247 collected $0.17 from pot
Volans247: doesn't show hand 
*** SUMMARY ***
Total pot $0.18 | Rake $0.01 
Board [7h 7c 9s]
Seat 1: Dorex2007 folded on the Flop
Seat 3: bob4tier (button) folded before Flop (didn't bet)
Seat 4: Cyygg (small blind) folded on the Flop
Seat 6: Volans247 (big blind) collected ($0.17)
Seat 8: BirviZ folded before Flop (didn't bet)
Seat 9: ser447787 folded before Flop (didn't bet)



PokerStars Hand #227912762295:  Hold'em No Limit ($0.01/$0.02 USD) - 2021/06/28 11:20:38 PT [2021/06/28 14:20:38 ET]
Table 'Cimmeria III' 9-max Seat #4 is the button
Seat 1: Dorex2007 ($2.06 in chips) 
Seat 3: bob4tier ($1.54 in chips) 
Seat 4: Cyygg ($0.97 in chips) 
Seat 6: Volans247 ($0.64 in chips) 
Seat 8: BirviZ ($2.20 in chips) 
Seat 9: ser447787 ($2.55 in chips) 
Volans247: posts small blind $0.01
BirviZ: posts big blind $0.02
Dr_Poliakov: sits out 
*** HOLE CARDS ***
Dealt to Dorex2007 [8d 3d]
ser447787: folds 
Dorex2007: folds 
bob4tier: calls $0.02
Cyygg: raises $0.06 to $0.08
Volans247: folds 
BirviZ: folds 
bob4tier: calls $0.06
*** FLOP *** [2h 2s Jc]
bob4tier: checks 
Cyygg: checks 
*** TURN *** [2h 2s Jc] [Ks]
bob4tier: checks 
Cyygg: bets $0.09
bob4tier: folds 
Uncalled bet ($0.09) returned to Cyygg
Cyygg collected $0.18 from pot
Cyygg: doesn't show hand 
*** SUMMARY ***
Total pot $0.19 | Rake $0.01 
Board [2h 2s Jc Ks]
Seat 1: Dorex2007 folded before Flop (didn't bet)
Seat 3: bob4tier folded on the Turn
Seat 4: Cyygg (button) collected ($0.18)
Seat 6: Volans247 (small blind) folded before Flop
Seat 8: BirviZ (big blind) folded before Flop
Seat 9: ser447787 folded before Flop (didn't bet)



PokerStars Hand #227912774205:  Hold'em No Limit ($0.01/$0.02 USD) - 2021/06/28 11:21:11 PT [2021/06/28 14:21:11 ET]
Table 'Cimmeria III' 9-max Seat #6 is the button
Seat 1: Dorex2007 ($2.06 in chips) 
Seat 3: bob4tier ($1.46 in chips) 
Seat 4: Cyygg ($1.07 in chips) 
Seat 5: tutanpoker ($4.45 in chips) 
Seat 6: Volans247 ($0.63 in chips) 
Seat 8: BirviZ ($2.18 in chips) 
Seat 9: ser447787 ($2.55 in chips) 
BirviZ: posts small blind $0.01
ser447787: posts big blind $0.02
Dr_Poliakov: sits out 
tutanpoker: posts small & big blinds $0.03
*** HOLE CARDS ***
Dealt to Dorex2007 [Jd 9d]
Dorex2007: folds 
bob4tier: calls $0.02
Cyygg: raises $0.06 to $0.08
tutanpoker: folds 
Volans247: raises $0.55 to $0.63 and is all-in
BirviZ: folds 
ser447787: folds 
bob4tier: folds 
Cyygg: folds 
Uncalled bet ($0.55) returned to Volans247
Volans247 collected $0.24 from pot
Volans247: doesn't show hand 
*** SUMMARY ***
Total pot $0.24 | Rake $0 
Seat 1: Dorex2007 folded before Flop (didn't bet)
Seat 3: bob4tier folded before Flop
Seat 4: Cyygg folded before Flop
Seat 5: tutanpoker folded before Flop (didn't bet)
Seat 6: Volans247 (button) collected ($0.24)
Seat 8: BirviZ (small blind) folded before Flop
Seat 9: ser447787 (big blind) folded before Flop



PokerStars Hand #227912785264:  Hold'em No Limit ($0.01/$0.02 USD) - 2021/06/28 11:21:40 PT [2021/06/28 14:21:40 ET]
Table 'Cimmeria III' 9-max Seat #8 is the button
Seat 1: Dorex2007 ($2.06 in chips) 
Seat 3: bob4tier ($1.44 in chips) 
Seat 4: Cyygg ($0.99 in chips) 
Seat 5: tutanpoker ($4.42 in chips) 
Seat 6: Volans247 ($0.79 in chips) 
Seat 8: BirviZ ($2.17 in chips) 
Seat 9: ser447787 ($2.53 in chips) 
ser447787: posts small blind $0.01
Dorex2007: posts big blind $0.02
Dr_Poliakov: sits out 
*** HOLE CARDS ***
Dealt to Dorex2007 [Ts 3d]
bob4tier: folds 
Cyygg: folds 
tutanpoker: folds 
Volans247: calls $0.02
BirviZ: raises $0.08 to $0.10
ser447787: folds 
Dorex2007: folds 
Volans247: calls $0.08
*** FLOP *** [Ah Qc 7d]
Volans247: checks 
BirviZ: bets $0.11
Volans247: folds 
Uncalled bet ($0.11) returned to BirviZ
BirviZ collected $0.22 from pot
BirviZ: doesn't show hand 
*** SUMMARY ***
Total pot $0.23 | Rake $0.01 
Board [Ah Qc 7d]
Seat 1: Dorex2007 (big blind) folded before Flop
Seat 3: bob4tier folded before Flop (didn't bet)
Seat 4: Cyygg folded before Flop (didn't bet)
Seat 5: tutanpoker folded before Flop (didn't bet)
Seat 6: Volans247 folded on the Flop
Seat 8: BirviZ (button) collected ($0.22)
Seat 9: ser447787 (small blind) folded before Flop



PokerStars Hand #227912797412:  Hold'em No Limit ($0.01/$0.02 USD) - 2021/06/28 11:22:13 PT [2021/06/28 14:22:13 ET]
Table 'Cimmeria III' 9-max Seat #9 is the button
Seat 1: Dorex2007 ($2.04 in chips) 
Seat 2: Dr_Poliakov ($2.10 in chips) 
Seat 3: bob4tier ($1.44 in chips) 
Seat 4: Cyygg ($0.99 in chips) 
Seat 5: tutanpoker ($4.42 in chips) 
Seat 6: Volans247 ($0.69 in chips) 
Seat 8: BirviZ ($2.29 in chips) 
Seat 9: ser447787 ($2.52 in chips) 
Dorex2007: posts small blind $0.01
Dr_Poliakov: posts big blind $0.02
*** HOLE CARDS ***
Dealt to Dorex2007 [2h 6h]
bob4tier: calls $0.02
Cyygg: folds 
tutanpoker: folds 
Volans247: folds 
BirviZ: folds 
ser447787: raises $0.04 to $0.06
Dorex2007: folds 
Dr_Poliakov: raises $0.15 to $0.21
bob4tier: folds 
ser447787: calls $0.15
*** FLOP *** [8s 6d 4c]
Dr_Poliakov: bets $0.14
ser447787: calls $0.14
*** TURN *** [8s 6d 4c] [Ah]
Dr_Poliakov: checks 
ser447787: checks 
*** RIVER *** [8s 6d 4c Ah] [8d]
Dr_Poliakov: bets $0.53
ser447787: folds 
Uncalled bet ($0.53) returned to Dr_Poliakov
Dr_Poliakov collected $0.70 from pot
Dr_Poliakov: doesn't show hand 
*** SUMMARY ***
Total pot $0.73 | Rake $0.03 
Board [8s 6d 4c Ah 8d]
Seat 1: Dorex2007 (small blind) folded before Flop
Seat 2: Dr_Poliakov (big blind) collected ($0.70)
Seat 3: bob4tier folded before Flop
Seat 4: Cyygg folded before Flop (didn't bet)
Seat 5: tutanpoker folded before Flop (didn't bet)
Seat 6: Volans247 folded before Flop (didn't bet)
Seat 8: BirviZ folded before Flop (didn't bet)
Seat 9: ser447787 (button) folded on the River



PokerStars Hand #227912814609:  Hold'em No Limit ($0.01/$0.02 USD) - 2021/06/28 11:22:59 PT [2021/06/28 14:22:59 ET]
Table 'Cimmeria III' 9-max Seat #1 is the button
Seat 1: Dorex2007 ($2.03 in chips) 
Seat 2: Dr_Poliakov ($2.45 in chips) 
Seat 3: bob4tier ($1.42 in chips) 
Seat 4: Cyygg ($0.99 in chips) 
Seat 5: tutanpoker ($4.42 in chips) 
Seat 6: Volans247 ($0.69 in chips) 
Seat 8: BirviZ ($2.29 in chips) 
Seat 9: ser447787 ($2.17 in chips) 
Dr_Poliakov: posts small blind $0.01
bob4tier: posts big blind $0.02
*** HOLE CARDS ***
Dealt to Dorex2007 [5s 3c]
Cyygg: raises $0.04 to $0.06
tutanpoker: folds 
Volans247: folds 
BirviZ: folds 
ser447787: folds 
Dorex2007: folds 
Dr_Poliakov: calls $0.05
bob4tier: calls $0.04
*** FLOP *** [7d 7c 5d]
Dr_Poliakov: bets $0.06
bob4tier: folds 
Cyygg: folds 
Uncalled bet ($0.06) returned to Dr_Poliakov
Dr_Poliakov collected $0.17 from pot
Dr_Poliakov: doesn't show hand 
*** SUMMARY ***
Total pot $0.18 | Rake $0.01 
Board [7d 7c 5d]
Seat 1: Dorex2007 (button) folded before Flop (didn't bet)
Seat 2: Dr_Poliakov (small blind) collected ($0.17)
Seat 3: bob4tier (big blind) folded on the Flop
Seat 4: Cyygg folded on the Flop
Seat 5: tutanpoker folded before Flop (didn't bet)
Seat 6: Volans247 folded before Flop (didn't bet)
Seat 8: BirviZ folded before Flop (didn't bet)
Seat 9: ser447787 folded before Flop (didn't bet)



PokerStars Hand #227912823471:  Hold'em No Limit ($0.01/$0.02 USD) - 2021/06/28 11:23:22 PT [2021/06/28 14:23:22 ET]
Table 'Cimmeria III' 9-max Seat #2 is the button
Seat 1: Dorex2007 ($2.03 in chips) 
Seat 2: Dr_Poliakov ($2.56 in chips) 
Seat 3: bob4tier ($1.36 in chips) 
Seat 4: Cyygg ($0.93 in chips) 
Seat 5: tutanpoker ($4.42 in chips) 
Seat 6: Volans247 ($0.69 in chips) 
Seat 8: BirviZ ($2.29 in chips) 
Seat 9: ser447787 ($2.17 in chips) 
bob4tier: posts small blind $0.01
Cyygg: posts big blind $0.02
*** HOLE CARDS ***
Dealt to Dorex2007 [7s Js]
tutanpoker: folds 
Volans247: folds 
BirviZ: folds 
ser447787: folds 
Dorex2007: folds 
Dr_Poliakov: folds 
Dr_Poliakov leaves the table
bob4tier: folds 
Uncalled bet ($0.01) returned to Cyygg
Cyygg collected $0.02 from pot
Cyygg: doesn't show hand 
*** SUMMARY ***
Total pot $0.02 | Rake $0 
Seat 1: Dorex2007 folded before Flop (didn't bet)
Seat 2: Dr_Poliakov (button) folded before Flop (didn't bet)
Seat 3: bob4tier (small blind) folded before Flop
Seat 4: Cyygg (big blind) collected ($0.02)
Seat 5: tutanpoker folded before Flop (didn't bet)
Seat 6: Volans247 folded before Flop (didn't bet)
Seat 8: BirviZ folded before Flop (didn't bet)
Seat 9: ser447787 folded before Flop (didn't bet)



PokerStars Hand #227912828215:  Hold'em No Limit ($0.01/$0.02 USD) - 2021/06/28 11:23:35 PT [2021/06/28 14:23:35 ET]
Table 'Cimmeria III' 9-max Seat #3 is the button
Seat 1: Dorex2007 ($2.03 in chips) 
Seat 3: bob4tier ($1.35 in chips) 
Seat 4: Cyygg ($0.94 in chips) 
Seat 5: tutanpoker ($4.42 in chips) 
Seat 6: Volans247 ($0.69 in chips) 
Seat 8: BirviZ ($2.29 in chips) 
Seat 9: ser447787 ($2.17 in chips) 
Cyygg: posts small blind $0.01
tutanpoker: posts big blind $0.02
*** HOLE CARDS ***
Dealt to Dorex2007 [5d Jc]
Volans247: calls $0.02
BirviZ: folds 
ser447787: folds 
igor6316 joins the table at seat #2 
Dorex2007: folds 
bob4tier: folds 
Cyygg: calls $0.01
tutanpoker: checks 
*** FLOP *** [6h Th 3d]
Cyygg: bets $0.03
tutanpoker: folds 
Volans247: folds 
Uncalled bet ($0.03) returned to Cyygg
Cyygg collected $0.06 from pot
Cyygg: doesn't show hand 
*** SUMMARY ***
Total pot $0.06 | Rake $0 
Board [6h Th 3d]
Seat 1: Dorex2007 folded before Flop (didn't bet)
Seat 3: bob4tier (button) folded before Flop (didn't bet)
Seat 4: Cyygg (small blind) collected ($0.06)
Seat 5: tutanpoker (big blind) folded on the Flop
Seat 6: Volans247 folded on the Flop
Seat 8: BirviZ folded before Flop (didn't bet)
Seat 9: ser447787 folded before Flop (didn't bet)



PokerStars Hand #227912839368:  Hold'em No Limit ($0.01/$0.02 USD) - 2021/06/28 11:24:05 PT [2021/06/28 14:24:05 ET]
Table 'Cimmeria III' 9-max Seat #4 is the button
Seat 1: Dorex2007 ($2.03 in chips) 
Seat 3: bob4tier ($1.35 in chips) 
Seat 4: Cyygg ($0.98 in chips) 
Seat 5: tutanpoker ($4.40 in chips) 
Seat 6: Volans247 ($0.67 in chips) 
Seat 8: BirviZ ($2.29 in chips) 
Seat 9: ser447787 ($2.17 in chips) 
tutanpoker: posts small blind $0.01
Volans247: posts big blind $0.02
igor6316: sits out 
*** HOLE CARDS ***
Dealt to Dorex2007 [Js Ah]
BirviZ: raises $0.06 to $0.08
ser447787: folds 
Dorex2007: folds 
bob4tier: calls $0.08
Cyygg: folds 
tutanpoker: folds 
Volans247: calls $0.06
*** FLOP *** [Kh 3d Jd]
Volans247: checks 
BirviZ: bets $0.16
bob4tier: raises $0.56 to $0.72
Volans247: folds 
BirviZ: folds 
Uncalled bet ($0.56) returned to bob4tier
bob4tier collected $0.55 from pot
bob4tier: doesn't show hand 
*** SUMMARY ***
Total pot $0.57 | Rake $0.02 
Board [Kh 3d Jd]
Seat 1: Dorex2007 folded before Flop (didn't bet)
Seat 3: bob4tier collected ($0.55)
Seat 4: Cyygg (button) folded before Flop (didn't bet)
Seat 5: tutanpoker (small blind) folded before Flop
Seat 6: Volans247 (big blind) folded on the Flop
Seat 8: BirviZ folded on the Flop
Seat 9: ser447787 folded before Flop (didn't bet)



PokerStars Hand #227912861061:  Hold'em No Limit ($0.01/$0.02 USD) - 2021/06/28 11:25:03 PT [2021/06/28 14:25:03 ET]
Table 'Cimmeria III' 9-max Seat #5 is the button
Seat 1: Dorex2007 ($2.03 in chips) 
Seat 3: bob4tier ($1.66 in chips) 
Seat 4: Cyygg ($0.98 in chips) 
Seat 5: tutanpoker ($4.39 in chips) 
Seat 6: Volans247 ($0.59 in chips) 
Seat 8: BirviZ ($2.05 in chips) 
Seat 9: ser447787 ($2.17 in chips) 
Volans247: posts small blind $0.01
BirviZ: posts big blind $0.02
igor6316: sits out 
*** HOLE CARDS ***
Dealt to Dorex2007 [Kh Qs]
ser447787: folds 
BigD1407 leaves the table
Dorex2007 has timed out
Dorex2007: folds 
bob4tier: calls $0.02
Cyygg: raises $0.06 to $0.08
tutanpoker: calls $0.08
Volans247: calls $0.07
BirviZ: folds 
bob4tier: calls $0.06
*** FLOP *** [7c 3c 8d]
Volans247: bets $0.17
bob4tier: folds 
Cyygg: raises $0.17 to $0.34
tutanpoker: folds 
Volans247: calls $0.17
*** TURN *** [7c 3c 8d] [Qd]
Volans247: checks 
Cyygg: bets $0.49
Volans247: calls $0.17 and is all-in
Uncalled bet ($0.32) returned to Cyygg
*** RIVER *** [7c 3c 8d Qd] [8c]
*** SHOW DOWN ***
Volans247: shows [Ac 2c] (a flush, Ace high)
Cyygg: shows [8s Ts] (three of a kind, Eights)
Volans247 collected $1.31 from pot
*** SUMMARY ***
Total pot $1.36 | Rake $0.05 
Board [7c 3c 8d Qd 8c]
Seat 1: Dorex2007 folded before Flop (didn't bet)
Seat 3: bob4tier folded on the Flop
Seat 4: Cyygg showed [8s Ts] and lost with three of a kind, Eights
Seat 5: tutanpoker (button) folded on the Flop
Seat 6: Volans247 (small blind) showed [Ac 2c] and won ($1.31) with a flush, Ace high
Seat 8: BirviZ (big blind) folded before Flop
Seat 9: ser447787 folded before Flop (didn't bet)



PokerStars Hand #227912885776:  Hold'em No Limit ($0.01/$0.02 USD) - 2021/06/28 11:26:10 PT [2021/06/28 14:26:10 ET]
Table 'Cimmeria III' 9-max Seat #6 is the button
Seat 1: Dorex2007 ($2.03 in chips) 
Seat 3: bob4tier ($1.58 in chips) 
Seat 4: Cyygg ($0.39 in chips) 
Seat 5: tutanpoker ($4.31 in chips) 
Seat 6: Volans247 ($1.31 in chips) 
Seat 8: BirviZ ($2.03 in chips) 
Seat 9: ser447787 ($2.17 in chips) 
BirviZ: posts small blind $0.01
ser447787: posts big blind $0.02
igor6316: sits out 
*** HOLE CARDS ***
Dealt to Dorex2007 [9c 2d]
Dorex2007: folds 
bob4tier: folds 
Cyygg: raises $0.04 to $0.06
tutanpoker: folds 
Volans247: calls $0.06
BirviZ: folds 
ser447787: calls $0.04
*** FLOP *** [Ad 6h 7c]
ser447787: checks 
Cyygg: bets $0.09
krielo joins the table at seat #7 
Volans247: folds 
ser447787: folds 
Uncalled bet ($0.09) returned to Cyygg
Cyygg collected $0.18 from pot
Cyygg: doesn't show hand 
*** SUMMARY ***
Total pot $0.19 | Rake $0.01 
Board [Ad 6h 7c]
Seat 1: Dorex2007 folded before Flop (didn't bet)
Seat 3: bob4tier folded before Flop (didn't bet)
Seat 4: Cyygg collected ($0.18)
Seat 5: tutanpoker folded before Flop (didn't bet)
Seat 6: Volans247 (button) folded on the Flop
Seat 8: BirviZ (small blind) folded before Flop
Seat 9: ser447787 (big blind) folded on the Flop



PokerStars Hand #227912906951:  Hold'em No Limit ($0.01/$0.02 USD) - 2021/06/28 11:26:47 PT [2021/06/28 14:26:47 ET]
Table 'Cimmeria III' 9-max Seat #8 is the button
Seat 1: Dorex2007 ($2.03 in chips) 
Seat 3: bob4tier ($1.58 in chips) 
Seat 4: Cyygg ($0.51 in chips) 
Seat 5: tutanpoker ($4.31 in chips) 
Seat 6: Volans247 ($1.25 in chips) 
Seat 8: BirviZ ($2.02 in chips) 
Seat 9: ser447787 ($2.11 in chips) 
ser447787: posts small blind $0.01
Dorex2007: posts big blind $0.02
igor6316: sits out 
krielo: sits out 
*** HOLE CARDS ***
Dealt to Dorex2007 [5s Th]
bob4tier: folds 
Cyygg: folds 
tutanpoker: folds 
Volans247: calls $0.02
BirviZ: folds 
ser447787: folds 
Dorex2007: checks 
*** FLOP *** [9h 8c Tc]
Dorex2007: bets $0.05
Volans247: calls $0.05
*** TURN *** [9h 8c Tc] [Ts]
Dorex2007: checks 
Volans247: bets $0.12
Dorex2007: calls $0.12
*** RIVER *** [9h 8c Tc Ts] [9c]
Dorex2007: bets $0.25
Volans247: folds 
Uncalled bet ($0.25) returned to Dorex2007
Dorex2007 collected $0.38 from pot
Dorex2007: doesn't show hand 
*** SUMMARY ***
Total pot $0.39 | Rake $0.01 
Board [9h 8c Tc Ts 9c]
Seat 1: Dorex2007 (big blind) collected ($0.38)
Seat 3: bob4tier folded before Flop (didn't bet)
Seat 4: Cyygg folded before Flop (didn't bet)
Seat 5: tutanpoker folded before Flop (didn't bet)
Seat 6: Volans247 folded on the River
Seat 8: BirviZ (button) folded before Flop (didn't bet)
Seat 9: ser447787 (small blind) folded before Flop



PokerStars Hand #227912926884:  Hold'em No Limit ($0.01/$0.02 USD) - 2021/06/28 11:27:41 PT [2021/06/28 14:27:41 ET]
Table 'Cimmeria III' 9-max Seat #9 is the button
Seat 1: Dorex2007 ($2.22 in chips) 
Seat 2: igor6316 ($0.84 in chips) 
Seat 3: bob4tier ($1.58 in chips) 
Seat 4: Cyygg ($0.51 in chips) 
Seat 5: tutanpoker ($4.31 in chips) 
Seat 6: Volans247 ($1.06 in chips) 
Seat 8: BirviZ ($2.02 in chips) 
Seat 9: ser447787 ($2.10 in chips) 
Dorex2007: posts small blind $0.01
igor6316: posts big blind $0.02
krielo: sits out 
*** HOLE CARDS ***
Dealt to Dorex2007 [8s Th]
bob4tier: folds 
Cyygg: folds 
tutanpoker: raises $0.04 to $0.06
Volans247: folds 
BirviZ: folds 
ser447787: folds 
Dorex2007: folds 
igor6316: folds 
Uncalled bet ($0.04) returned to tutanpoker
tutanpoker collected $0.05 from pot
tutanpoker: doesn't show hand 
*** SUMMARY ***
Total pot $0.05 | Rake $0 
Seat 1: Dorex2007 (small blind) folded before Flop
Seat 2: igor6316 (big blind) folded before Flop
Seat 3: bob4tier folded before Flop (didn't bet)
Seat 4: Cyygg folded before Flop (didn't bet)
Seat 5: tutanpoker collected ($0.05)
Seat 6: Volans247 folded before Flop (didn't bet)
Seat 8: BirviZ folded before Flop (didn't bet)
Seat 9: ser447787 (button) folded before Flop (didn't bet)



PokerStars Hand #227912935158:  Hold'em No Limit ($0.01/$0.02 USD) - 2021/06/28 11:28:04 PT [2021/06/28 14:28:04 ET]
Table 'Cimmeria III' 9-max Seat #1 is the button
Seat 1: Dorex2007 ($2.21 in chips) 
Seat 2: igor6316 ($0.82 in chips) 
Seat 3: bob4tier ($1.58 in chips) 
Seat 4: Cyygg ($0.51 in chips) 
Seat 5: tutanpoker ($4.34 in chips) 
Seat 6: Volans247 ($1.06 in chips) 
Seat 8: BirviZ ($2.02 in chips) 
Seat 9: ser447787 ($2.10 in chips) 
igor6316: posts small blind $0.01
bob4tier: posts big blind $0.02
krielo: sits out 
*** HOLE CARDS ***
Dealt to Dorex2007 [2s Jh]
Cyygg: raises $0.03 to $0.05
tutanpoker: folds 
Volans247: folds 
BirviZ: folds 
ser447787: folds 
Dorex2007: folds 
igor6316: folds 
bob4tier: folds 
Uncalled bet ($0.03) returned to Cyygg
Cyygg collected $0.05 from pot
Cyygg: doesn't show hand 
*** SUMMARY ***
Total pot $0.05 | Rake $0 
Seat 1: Dorex2007 (button) folded before Flop (didn't bet)
Seat 2: igor6316 (small blind) folded before Flop
Seat 3: bob4tier (big blind) folded before Flop
Seat 4: Cyygg collected ($0.05)
Seat 5: tutanpoker folded before Flop (didn't bet)
Seat 6: Volans247 folded before Flop (didn't bet)
Seat 8: BirviZ folded before Flop (didn't bet)
Seat 9: ser447787 folded before Flop (didn't bet)



PokerStars Hand #227912943353:  Hold'em No Limit ($0.01/$0.02 USD) - 2021/06/28 11:28:27 PT [2021/06/28 14:28:27 ET]
Table 'Cimmeria III' 9-max Seat #2 is the button
Seat 1: Dorex2007 ($2.21 in chips) 
Seat 2: igor6316 ($0.81 in chips) 
Seat 3: bob4tier ($1.56 in chips) 
Seat 4: Cyygg ($0.54 in chips) 
Seat 5: tutanpoker ($4.34 in chips) 
Seat 6: Volans247 ($1.06 in chips) 
Seat 8: BirviZ ($2.02 in chips) 
Seat 9: ser447787 ($2.10 in chips) 
bob4tier: posts small blind $0.01
Cyygg: posts big blind $0.02
krielo: sits out 
*** HOLE CARDS ***
Dealt to Dorex2007 [2h 4d]
tutanpoker: folds 
Volans247: calls $0.02
BirviZ: folds 
ser447787: folds 
Dorex2007: folds 
igor6316: folds 
bob4tier: calls $0.01
Cyygg: checks 
*** FLOP *** [Qh Qs 5h]
bob4tier: checks 
Cyygg: checks 
Volans247: bets $0.06
bob4tier: calls $0.06
Cyygg: folds 
*** TURN *** [Qh Qs 5h] [Ts]
bob4tier: checks 
Volans247: checks 
*** RIVER *** [Qh Qs 5h Ts] [4c]
bob4tier: bets $0.06
Volans247: calls $0.06
*** SHOW DOWN ***
bob4tier: shows [Ac 5s] (two pair, Queens and Fives)
Volans247: mucks hand 
bob4tier collected $0.29 from pot
*** SUMMARY ***
Total pot $0.30 | Rake $0.01 
Board [Qh Qs 5h Ts 4c]
Seat 1: Dorex2007 folded before Flop (didn't bet)
Seat 2: igor6316 (button) folded before Flop (didn't bet)
Seat 3: bob4tier (small blind) showed [Ac 5s] and won ($0.29) with two pair, Queens and Fives
Seat 4: Cyygg (big blind) folded on the Flop
Seat 5: tutanpoker folded before Flop (didn't bet)
Seat 6: Volans247 mucked [Kd 9c]
Seat 8: BirviZ folded before Flop (didn't bet)
Seat 9: ser447787 folded before Flop (didn't bet)



PokerStars Hand #227912959917:  Hold'em No Limit ($0.01/$0.02 USD) - 2021/06/28 11:29:11 PT [2021/06/28 14:29:11 ET]
Table 'Cimmeria III' 9-max Seat #3 is the button
Seat 1: Dorex2007 ($2.21 in chips) 
Seat 2: igor6316 ($0.81 in chips) 
Seat 3: bob4tier ($1.71 in chips) 
Seat 4: Cyygg ($0.52 in chips) 
Seat 5: tutanpoker ($4.34 in chips) 
Seat 6: Volans247 ($0.92 in chips) 
Seat 8: BirviZ ($2.02 in chips) 
Seat 9: ser447787 ($2.10 in chips) 
Cyygg: posts small blind $0.01
tutanpoker: posts big blind $0.02
krielo: sits out 
*** HOLE CARDS ***
Dealt to Dorex2007 [Tc Qd]
Volans247: folds 
BirviZ: folds 
ser447787: folds 
Dorex2007: folds 
igor6316: folds 
bob4tier: folds 
Cyygg: raises $0.04 to $0.06
tutanpoker: calls $0.04
*** FLOP *** [8c 9s 5h]
Cyygg: bets $0.06
tutanpoker: folds 
Uncalled bet ($0.06) returned to Cyygg
Cyygg collected $0.12 from pot
Cyygg: doesn't show hand 
*** SUMMARY ***
Total pot $0.12 | Rake $0 
Board [8c 9s 5h]
Seat 1: Dorex2007 folded before Flop (didn't bet)
Seat 2: igor6316 folded before Flop (didn't bet)
Seat 3: bob4tier (button) folded before Flop (didn't bet)
Seat 4: Cyygg (small blind) collected ($0.12)
Seat 5: tutanpoker (big blind) folded on the Flop
Seat 6: Volans247 folded before Flop (didn't bet)
Seat 8: BirviZ folded before Flop (didn't bet)
Seat 9: ser447787 folded before Flop (didn't bet)



PokerStars Hand #227912969115:  Hold'em No Limit ($0.01/$0.02 USD) - 2021/06/28 11:29:36 PT [2021/06/28 14:29:36 ET]
Table 'Cimmeria III' 9-max Seat #4 is the button
Seat 1: Dorex2007 ($2.21 in chips) 
Seat 2: igor6316 ($0.81 in chips) 
Seat 3: bob4tier ($1.71 in chips) 
Seat 4: Cyygg ($0.58 in chips) 
Seat 5: tutanpoker ($4.28 in chips) 
Seat 6: Volans247 ($0.92 in chips) 
Seat 8: BirviZ ($2.02 in chips) 
Seat 9: ser447787 ($2.10 in chips) 
tutanpoker: posts small blind $0.01
Volans247: posts big blind $0.02
krielo: sits out 
*** HOLE CARDS ***
Dealt to Dorex2007 [Qd 8c]
BirviZ: folds 
ser447787: raises $0.04 to $0.06
Dorex2007: folds 
igor6316: folds 
bob4tier: folds 
Cyygg: folds 
tutanpoker: folds 
Volans247: calls $0.04
*** FLOP *** [7d 4s Qc]
Volans247: checks 
ser447787: bets $0.07
Volans247: folds 
Uncalled bet ($0.07) returned to ser447787
ser447787 collected $0.13 from pot
*** SUMMARY ***
Total pot $0.13 | Rake $0 
Board [7d 4s Qc]
Seat 1: Dorex2007 folded before Flop (didn't bet)
Seat 2: igor6316 folded before Flop (didn't bet)
Seat 3: bob4tier folded before Flop (didn't bet)
Seat 4: Cyygg (button) folded before Flop (didn't bet)
Seat 5: tutanpoker (small blind) folded before Flop
Seat 6: Volans247 (big blind) folded on the Flop
Seat 8: BirviZ folded before Flop (didn't bet)
Seat 9: ser447787 collected ($0.13)



PokerStars Hand #227912977735:  Hold'em No Limit ($0.01/$0.02 USD) - 2021/06/28 11:29:59 PT [2021/06/28 14:29:59 ET]
Table 'Cimmeria III' 9-max Seat #5 is the button
Seat 1: Dorex2007 ($2.21 in chips) 
Seat 2: igor6316 ($0.81 in chips) 
Seat 3: bob4tier ($1.71 in chips) 
Seat 4: Cyygg ($0.58 in chips) 
Seat 5: tutanpoker ($4.27 in chips) 
Seat 6: Volans247 ($0.86 in chips) 
Seat 7: krielo ($2 in chips) 
Seat 8: BirviZ ($2.02 in chips) 
Seat 9: ser447787 ($2.17 in chips) 
Volans247: posts small blind $0.01
krielo: posts big blind $0.02
*** HOLE CARDS ***
Dealt to Dorex2007 [As 3h]
BirviZ: folds 
ser447787: folds 
Dorex2007: folds 
igor6316: folds 
bob4tier: folds 
Cyygg: folds 
tutanpoker has timed out
tutanpoker: folds 
Volans247: calls $0.01
krielo: checks 
*** FLOP *** [5c Kc 9h]
Volans247: bets $0.02
krielo: calls $0.02
*** TURN *** [5c Kc 9h] [Ac]
Volans247: bets $0.06
krielo: calls $0.06
*** RIVER *** [5c Kc 9h Ac] [9c]
Volans247: bets $0.02
krielo: calls $0.02
*** SHOW DOWN ***
Volans247: shows [8c Th] (a flush, Ace high)
krielo: shows [Qd Tc] (a flush, Ace high - Ten higher)
krielo collected $0.23 from pot
*** SUMMARY ***
Total pot $0.24 | Rake $0.01 
Board [5c Kc 9h Ac 9c]
Seat 1: Dorex2007 folded before Flop (didn't bet)
Seat 2: igor6316 folded before Flop (didn't bet)
Seat 3: bob4tier folded before Flop (didn't bet)
Seat 4: Cyygg folded before Flop (didn't bet)
Seat 5: tutanpoker (button) folded before Flop (didn't bet)
Seat 6: Volans247 (small blind) showed [8c Th] and lost with a flush, Ace high
Seat 7: krielo (big blind) showed [Qd Tc] and won ($0.23) with a flush, Ace high
Seat 8: BirviZ folded before Flop (didn't bet)
Seat 9: ser447787 folded before Flop (didn't bet)



PokerStars Hand #227913001099:  Hold'em No Limit ($0.01/$0.02 USD) - 2021/06/28 11:31:01 PT [2021/06/28 14:31:01 ET]
Table 'Cimmeria III' 9-max Seat #6 is the button
Seat 1: Dorex2007 ($2.21 in chips) 
Seat 2: igor6316 ($0.81 in chips) 
Seat 3: bob4tier ($1.71 in chips) 
Seat 4: Cyygg ($0.58 in chips) 
Seat 6: Volans247 ($0.74 in chips) 
Seat 7: krielo ($2.11 in chips) 
Seat 8: BirviZ ($2.02 in chips) 
Seat 9: ser447787 ($2.17 in chips) 
krielo: posts small blind $0.01
BirviZ: posts big blind $0.02
*** HOLE CARDS ***
Dealt to Dorex2007 [6d Jh]
ser447787: folds 
Dorex2007: folds 
igor6316: folds 
bob4tier: calls $0.02
ser447787 leaves the table
Cyygg: folds 
Volans247: calls $0.02
krielo: calls $0.01
BirviZ: checks 
*** FLOP *** [Td Tc 3d]
krielo: checks 
petro11ich joins the table at seat #9 
BirviZ: checks 
bob4tier: checks 
Volans247: checks 
*** TURN *** [Td Tc 3d] [9d]
krielo: checks 
BirviZ: bets $0.05
bob4tier: folds 
Volans247: folds 
krielo: folds 
Uncalled bet ($0.05) returned to BirviZ
BirviZ collected $0.08 from pot
BirviZ: doesn't show hand 
*** SUMMARY ***
Total pot $0.08 | Rake $0 
Board [Td Tc 3d 9d]
Seat 1: Dorex2007 folded before Flop (didn't bet)
Seat 2: igor6316 folded before Flop (didn't bet)
Seat 3: bob4tier folded on the Turn
Seat 4: Cyygg folded before Flop (didn't bet)
Seat 6: Volans247 (button) folded on the Turn
Seat 7: krielo (small blind) folded on the Turn
Seat 8: BirviZ (big blind) collected ($0.08)
Seat 9: ser447787 folded before Flop (didn't bet)



PokerStars Hand #227913023083:  Hold'em No Limit ($0.01/$0.02 USD) - 2021/06/28 11:32:00 PT [2021/06/28 14:32:00 ET]
Table 'Cimmeria III' 9-max Seat #7 is the button
Seat 1: Dorex2007 ($2.21 in chips) 
Seat 2: igor6316 ($0.81 in chips) 
Seat 3: bob4tier ($1.69 in chips) 
Seat 4: Cyygg ($0.58 in chips) 
Seat 6: Volans247 ($0.72 in chips) 
Seat 7: krielo ($2.09 in chips) 
Seat 8: BirviZ ($2.08 in chips) 
Seat 9: petro11ich ($0.80 in chips) 
BirviZ: posts small blind $0.01
petro11ich: posts big blind $0.02
*** HOLE CARDS ***
Dealt to Dorex2007 [3h 3c]
Dorex2007: raises $0.02 to $0.04
igor6316: folds 
bob4tier: folds 
Cyygg: folds 
Volans247: folds 
krielo: calls $0.04
BirviZ: folds 
petro11ich: folds 
*** FLOP *** [Ah Qs Qh]
Dorex2007: bets $0.07
krielo: calls $0.07
*** TURN *** [Ah Qs Qh] [Ac]
Dorex2007: checks 
krielo: bets $0.13
Dorex2007: folds 
Uncalled bet ($0.13) returned to krielo
krielo collected $0.24 from pot
krielo: doesn't show hand 
*** SUMMARY ***
Total pot $0.25 | Rake $0.01 
Board [Ah Qs Qh Ac]
Seat 1: Dorex2007 folded on the Turn
Seat 2: igor6316 folded before Flop (didn't bet)
Seat 3: bob4tier folded before Flop (didn't bet)
Seat 4: Cyygg folded before Flop (didn't bet)
Seat 6: Volans247 folded before Flop (didn't bet)
Seat 7: krielo (button) collected ($0.24)
Seat 8: BirviZ (small blind) folded before Flop
Seat 9: petro11ich (big blind) folded before Flop



PokerStars Hand #227913041572:  Hold'em No Limit ($0.01/$0.02 USD) - 2021/06/28 11:32:50 PT [2021/06/28 14:32:50 ET]
Table 'Cimmeria III' 9-max Seat #8 is the button
Seat 1: Dorex2007 ($2.10 in chips) 
Seat 2: igor6316 ($0.81 in chips) 
Seat 3: bob4tier ($1.69 in chips) 
Seat 4: Cyygg ($0.58 in chips) 
Seat 6: Volans247 ($0.72 in chips) 
Seat 7: krielo ($2.22 in chips) 
Seat 8: BirviZ ($2.07 in chips) 
Seat 9: petro11ich ($0.78 in chips) 
petro11ich: posts small blind $0.01
Dorex2007: posts big blind $0.02
*** HOLE CARDS ***
Dealt to Dorex2007 [2c Qc]
igor6316: folds 
bob4tier: folds 
Cyygg: raises $0.04 to $0.06
Volans247: folds 
krielo: folds 
BirviZ: folds 
petro11ich: folds 
Dorex2007: folds 
Uncalled bet ($0.04) returned to Cyygg
Cyygg collected $0.05 from pot
Cyygg: doesn't show hand 
bob4tier leaves the table
*** SUMMARY ***
Total pot $0.05 | Rake $0 
Seat 1: Dorex2007 (big blind) folded before Flop
Seat 2: igor6316 folded before Flop (didn't bet)
Seat 3: bob4tier folded before Flop (didn't bet)
Seat 4: Cyygg collected ($0.05)
Seat 6: Volans247 folded before Flop (didn't bet)
Seat 7: krielo folded before Flop (didn't bet)
Seat 8: BirviZ (button) folded before Flop (didn't bet)
Seat 9: petro11ich (small blind) folded before Flop



PokerStars Hand #227913048897:  Hold'em No Limit ($0.01/$0.02 USD) - 2021/06/28 11:33:10 PT [2021/06/28 14:33:10 ET]
Table 'Cimmeria III' 9-max Seat #9 is the button
Seat 1: Dorex2007 ($2.08 in chips) 
Seat 2: igor6316 ($0.81 in chips) 
Seat 4: Cyygg ($0.61 in chips) 
Seat 5: tutanpoker ($4.27 in chips) 
Seat 6: Volans247 ($0.72 in chips) 
Seat 7: krielo ($2.22 in chips) 
Seat 8: BirviZ ($2.07 in chips) 
Seat 9: petro11ich ($0.77 in chips) 
Dorex2007: posts small blind $0.01
igor6316: posts big blind $0.02
*** HOLE CARDS ***
Dealt to Dorex2007 [Td 2d]
Cyygg: folds 
tutanpoker: raises $0.05 to $0.07
Volans247: folds 
mahspace joins the table at seat #3 
krielo: folds 
BirviZ: folds 
petro11ich: folds 
Dorex2007: folds 
igor6316: folds 
Uncalled bet ($0.05) returned to tutanpoker
tutanpoker collected $0.05 from pot
tutanpoker: doesn't show hand 
*** SUMMARY ***
Total pot $0.05 | Rake $0 
Seat 1: Dorex2007 (small blind) folded before Flop
Seat 2: igor6316 (big blind) folded before Flop
Seat 4: Cyygg folded before Flop (didn't bet)
Seat 5: tutanpoker collected ($0.05)
Seat 6: Volans247 folded before Flop (didn't bet)
Seat 7: krielo folded before Flop (didn't bet)
Seat 8: BirviZ folded before Flop (didn't bet)
Seat 9: petro11ich (button) folded before Flop (didn't bet)



PokerStars Hand #227913057632:  Hold'em No Limit ($0.01/$0.02 USD) - 2021/06/28 11:33:34 PT [2021/06/28 14:33:34 ET]
Table 'Cimmeria III' 9-max Seat #1 is the button
Seat 1: Dorex2007 ($2.07 in chips) 
Seat 2: igor6316 ($0.79 in chips) 
Seat 3: mahspace ($2 in chips) 
Seat 4: Cyygg ($0.61 in chips) 
Seat 5: tutanpoker ($4.30 in chips) 
Seat 6: Volans247 ($0.72 in chips) 
Seat 7: krielo ($2.22 in chips) 
Seat 8: BirviZ ($2.07 in chips) 
Seat 9: petro11ich ($0.77 in chips) 
igor6316: posts small blind $0.01
mahspace: posts big blind $0.02
*** HOLE CARDS ***
Dealt to Dorex2007 [5d 8s]
Cyygg: raises $0.04 to $0.06
tutanpoker: folds 
Volans247: calls $0.06
krielo: folds 
BirviZ: folds 
petro11ich: calls $0.06
Dorex2007: folds 
igor6316: folds 
mahspace: folds 
*** FLOP *** [3s 5c 9h]
Cyygg: bets $0.20
Volans247: calls $0.20
petro11ich: calls $0.20
*** TURN *** [3s 5c 9h] [3c]
Cyygg: bets $0.35 and is all-in
Volans247: folds 
petro11ich: calls $0.35
*** RIVER *** [3s 5c 9h 3c] [2s]
*** SHOW DOWN ***
Cyygg: shows [9d Td] (two pair, Nines and Threes)
petro11ich: shows [4d 4s] (two pair, Fours and Threes)
Cyygg collected $1.46 from pot
petro11ich cashed out the hand for $0.06
*** SUMMARY ***
Total pot $1.51 | Rake $0.05 
Board [3s 5c 9h 3c 2s]
Seat 1: Dorex2007 (button) folded before Flop (didn't bet)
Seat 2: igor6316 (small blind) folded before Flop
Seat 3: mahspace (big blind) folded before Flop
Seat 4: Cyygg showed [9d Td] and won ($1.46) with two pair, Nines and Threes
Seat 5: tutanpoker folded before Flop (didn't bet)
Seat 6: Volans247 folded on the Turn
Seat 7: krielo folded before Flop (didn't bet)
Seat 8: BirviZ folded before Flop (didn't bet)
Seat 9: petro11ich showed [4d 4s] and lost with two pair, Fours and Threes (cashed out).



PokerStars Hand #227913076864:  Hold'em No Limit ($0.01/$0.02 USD) - 2021/06/28 11:34:26 PT [2021/06/28 14:34:26 ET]
Table 'Cimmeria III' 9-max Seat #2 is the button
Seat 1: Dorex2007 ($2.07 in chips) 
Seat 2: igor6316 ($0.78 in chips) 
Seat 3: mahspace ($1.98 in chips) 
Seat 4: Cyygg ($1.46 in chips) 
Seat 5: tutanpoker ($4.30 in chips) 
Seat 6: Volans247 ($0.46 in chips) 
Seat 7: krielo ($2.22 in chips) 
Seat 8: BirviZ ($2.07 in chips) 
Seat 9: petro11ich ($0.22 in chips) 
mahspace: posts small blind $0.01
Cyygg: posts big blind $0.02
*** HOLE CARDS ***
Dealt to Dorex2007 [Qd Jd]
tutanpoker: raises $0.04 to $0.06
Volans247: calls $0.06
krielo: folds 
BirviZ: folds 
petro11ich: folds 
Dorex2007: folds 
igor6316: folds 
mahspace: folds 
Cyygg: calls $0.04
*** FLOP *** [4d Qc Jc]
Cyygg: checks 
tutanpoker: checks 
Volans247: checks 
*** TURN *** [4d Qc Jc] [5c]
Cyygg: checks 
tutanpoker: checks 
Volans247: checks 
*** RIVER *** [4d Qc Jc 5c] [Ks]
Cyygg: bets $0.09
tutanpoker: folds 
Volans247: raises $0.09 to $0.18
Cyygg: calls $0.09
*** SHOW DOWN ***
Volans247: shows [5d Kd] (two pair, Kings and Fives)
Cyygg: shows [Ad Td] (a straight, Ten to Ace)
Cyygg collected $0.53 from pot
*** SUMMARY ***
Total pot $0.55 | Rake $0.02 
Board [4d Qc Jc 5c Ks]
Seat 1: Dorex2007 folded before Flop (didn't bet)
Seat 2: igor6316 (button) folded before Flop (didn't bet)
Seat 3: mahspace (small blind) folded before Flop
Seat 4: Cyygg (big blind) showed [Ad Td] and won ($0.53) with a straight, Ten to Ace
Seat 5: tutanpoker folded on the River
Seat 6: Volans247 showed [5d Kd] and lost with two pair, Kings and Fives
Seat 7: krielo folded before Flop (didn't bet)
Seat 8: BirviZ folded before Flop (didn't bet)
Seat 9: petro11ich folded before Flop (didn't bet)



PokerStars Hand #227913111059:  Hold'em No Limit ($0.01/$0.02 USD) - 2021/06/28 11:35:58 PT [2021/06/28 14:35:58 ET]
Table 'Cimmeria III' 9-max Seat #3 is the button
Seat 1: Dorex2007 ($2.07 in chips) 
Seat 2: igor6316 ($0.78 in chips) 
Seat 3: mahspace ($1.97 in chips) 
Seat 4: Cyygg ($1.75 in chips) 
Seat 5: tutanpoker ($4.24 in chips) 
Seat 6: Volans247 ($0.22 in chips) 
Seat 7: krielo ($2.22 in chips) 
Seat 8: BirviZ ($2.07 in chips) 
Seat 9: petro11ich ($0.22 in chips) 
Cyygg: posts small blind $0.01
tutanpoker: posts big blind $0.02
*** HOLE CARDS ***
Dealt to Dorex2007 [Ks Th]
Volans247: calls $0.02
krielo: raises $0.06 to $0.08
BirviZ: folds 
petro11ich: calls $0.08
Dorex2007: folds 
igor6316: folds 
mahspace: folds 
Cyygg: folds 
tutanpoker: folds 
Volans247: raises $0.14 to $0.22 and is all-in
krielo: calls $0.14
petro11ich: calls $0.14 and is all-in
*** FLOP *** [6h 7c 3s]
*** TURN *** [6h 7c 3s] [Jh]
*** RIVER *** [6h 7c 3s Jh] [Qd]
*** SHOW DOWN ***
Volans247: shows [2c 2h] (a pair of Deuces)
krielo: shows [Ah Ad] (a pair of Aces)
petro11ich: shows [Jd Jc] (three of a kind, Jacks)
petro11ich collected $0.67 from pot
*** SUMMARY ***
Total pot $0.69 | Rake $0.02 
Board [6h 7c 3s Jh Qd]
Seat 1: Dorex2007 folded before Flop (didn't bet)
Seat 2: igor6316 folded before Flop (didn't bet)
Seat 3: mahspace (button) folded before Flop (didn't bet)
Seat 4: Cyygg (small blind) folded before Flop
Seat 5: tutanpoker (big blind) folded before Flop
Seat 6: Volans247 showed [2c 2h] and lost with a pair of Deuces
Seat 7: krielo showed [Ah Ad] and lost with a pair of Aces
Seat 8: BirviZ folded before Flop (didn't bet)
Seat 9: petro11ich showed [Jd Jc] and won ($0.67) with three of a kind, Jacks



PokerStars Hand #227913132461:  Hold'em No Limit ($0.01/$0.02 USD) - 2021/06/28 11:36:47 PT [2021/06/28 14:36:47 ET]
Table 'Cimmeria III' 9-max Seat #4 is the button
Seat 1: Dorex2007 ($2.07 in chips) 
Seat 2: igor6316 ($0.78 in chips) 
Seat 3: mahspace ($1.97 in chips) 
Seat 4: Cyygg ($1.74 in chips) 
Seat 5: tutanpoker ($4.22 in chips) 
Seat 8: BirviZ ($2.07 in chips) 
Seat 9: petro11ich ($0.67 in chips) 
tutanpoker: posts small blind $0.01
krielo: is sitting out 
BirviZ: posts big blind $0.02
*** HOLE CARDS ***
Dealt to Dorex2007 [Jc Qd]
krielo leaves the table
petro11ich: calls $0.02
Dorex2007: folds 
igor6316: folds 
mahspace: folds 
Cyygg: folds 
Volans247 leaves the table
tutanpoker: calls $0.01
BirviZ: raises $0.10 to $0.12
petro11ich: calls $0.10
tutanpoker: folds 
*** FLOP *** [7d 6h Jd]
BirviZ: bets $0.17
petro11ich: folds 
Uncalled bet ($0.17) returned to BirviZ
BirviZ collected $0.25 from pot
BirviZ: doesn't show hand 
*** SUMMARY ***
Total pot $0.26 | Rake $0.01 
Board [7d 6h Jd]
Seat 1: Dorex2007 folded before Flop (didn't bet)
Seat 2: igor6316 folded before Flop (didn't bet)
Seat 3: mahspace folded before Flop (didn't bet)
Seat 4: Cyygg (button) folded before Flop (didn't bet)
Seat 5: tutanpoker (small blind) folded before Flop
Seat 8: BirviZ (big blind) collected ($0.25)
Seat 9: petro11ich folded on the Flop



PokerStars Hand #227913142923:  Hold'em No Limit ($0.01/$0.02 USD) - 2021/06/28 11:37:15 PT [2021/06/28 14:37:15 ET]
Table 'Cimmeria III' 9-max Seat #5 is the button
Seat 1: Dorex2007 ($2.07 in chips) 
Seat 2: igor6316 ($0.78 in chips) 
Seat 3: mahspace ($1.97 in chips) 
Seat 4: Cyygg ($1.74 in chips) 
Seat 5: tutanpoker ($4.20 in chips) 
Seat 8: BirviZ ($2.20 in chips) 
Seat 9: petro11ich ($0.55 in chips) 
BirviZ: posts small blind $0.01
petro11ich: posts big blind $0.02
*** HOLE CARDS ***
Dealt to Dorex2007 [2s 4c]
Dorex2007: folds 
igor6316: folds 
mahspace: folds 
Cyygg: raises $0.04 to $0.06
tutanpoker: folds 
BirviZ: folds 
petro11ich: raises $0.04 to $0.10
Cyygg: calls $0.04
*** FLOP *** [Tc 6s 3h]
petro11ich: bets $0.02
Cyygg: calls $0.02
*** TURN *** [Tc 6s 3h] [7d]
petro11ich: checks 
Cyygg: bets $0.12
petro11ich: calls $0.12
*** RIVER *** [Tc 6s 3h 7d] [As]
petro11ich: bets $0.31 and is all-in
Cyygg: calls $0.31
*** SHOW DOWN ***
petro11ich: shows [Qd Ac] (a pair of Aces)
Cyygg: shows [9h 8h] (a straight, Six to Ten)
Cyygg collected $1.07 from pot
*** SUMMARY ***
Total pot $1.11 | Rake $0.04 
Board [Tc 6s 3h 7d As]
Seat 1: Dorex2007 folded before Flop (didn't bet)
Seat 2: igor6316 folded before Flop (didn't bet)
Seat 3: mahspace folded before Flop (didn't bet)
Seat 4: Cyygg showed [9h 8h] and won ($1.07) with a straight, Six to Ten
Seat 5: tutanpoker (button) folded before Flop (didn't bet)
Seat 8: BirviZ (small blind) folded before Flop
Seat 9: petro11ich (big blind) showed [Qd Ac] and lost with a pair of Aces



PokerStars Hand #227913159365:  Hold'em No Limit ($0.01/$0.02 USD) - 2021/06/28 11:37:58 PT [2021/06/28 14:37:58 ET]
Table 'Cimmeria III' 9-max Seat #8 is the button
Seat 1: Dorex2007 ($2.07 in chips) 
Seat 3: mahspace ($1.97 in chips) 
Seat 4: Cyygg ($2.26 in chips) 
Seat 5: tutanpoker ($4.20 in chips) 
Seat 8: BirviZ ($2.19 in chips) 
Dorex2007: posts small blind $0.01
igor6316: is sitting out 
igor6316 leaves the table
mahspace: posts big blind $0.02
*** HOLE CARDS ***
Dealt to Dorex2007 [As 7d]
Cyygg: raises $0.04 to $0.06
tutanpoker: folds 
BirviZ: folds 
Dorex2007: folds 
mahspace: folds 
Uncalled bet ($0.04) returned to Cyygg
Cyygg collected $0.05 from pot
Cyygg: doesn't show hand 
*** SUMMARY ***
Total pot $0.05 | Rake $0 
Seat 1: Dorex2007 (small blind) folded before Flop
Seat 3: mahspace (big blind) folded before Flop
Seat 4: Cyygg collected ($0.05)
Seat 5: tutanpoker folded before Flop (didn't bet)
Seat 8: BirviZ (button) folded before Flop (didn't bet)



PokerStars Hand #227913164273:  Hold'em No Limit ($0.01/$0.02 USD) - 2021/06/28 11:38:11 PT [2021/06/28 14:38:11 ET]
Table 'Cimmeria III' 9-max Seat #1 is the button
Seat 1: Dorex2007 ($2.06 in chips) 
Seat 3: mahspace ($1.95 in chips) 
Seat 5: tutanpoker ($4.20 in chips) 
Seat 8: BirviZ ($2.19 in chips) 
Seat 9: petro11ich ($2 in chips) 
mahspace: posts small blind $0.01
Cyygg: is sitting out 
tutanpoker: posts big blind $0.02
petro11ich: posts small blind $0.01
*** HOLE CARDS ***
Dealt to Dorex2007 [4d Kd]
BirviZ: folds 
petro11ich: folds 
Dorex2007: folds 
Cyygg leaves the table
mahspace: folds 
Uncalled bet ($0.01) returned to tutanpoker
tutanpoker collected $0.03 from pot
tutanpoker: doesn't show hand 
*** SUMMARY ***
Total pot $0.03 | Rake $0 
Seat 1: Dorex2007 (button) folded before Flop (didn't bet)
Seat 3: mahspace (small blind) folded before Flop
Seat 5: tutanpoker (big blind) collected ($0.03)
Seat 8: BirviZ folded before Flop (didn't bet)
Seat 9: petro11ich folded before Flop (didn't bet)



