PokerStars Hand #224435955914:  Hold'em No Limit ($0.01/$0.02 USD) - 2021/03/03 19:54:22 PT [2021/03/03 22:54:22 ET]
Table 'Venus II' 9-max Seat #9 is the button
Seat 1: paul853 ($1.46 in chips) 
Seat 3: Dorex2007 ($1.50 in chips) 
Seat 4: Luigiams ($3.25 in chips) 
Seat 5: Rohitooo ($1.28 in chips) 
Seat 6: KaraFara ($2 in chips) 
Seat 7: BluckD ($2 in chips) 
Seat 8: FJL1966 ($2.76 in chips) 
Seat 9: KomradDorean ($3.13 in chips) 
paul853: posts small blind $0.01
Dorex2007: posts big blind $0.02
*** HOLE CARDS ***
Dealt to Dorex2007 [9d 5c]
Luigiams: folds 
Rohitooo: calls $0.02
KaraFara: raises $0.02 to $0.04
Rohitooo said, "Thanks"
BluckD: raises $0.10 to $0.14
FJL1966: folds 
KomradDorean: folds 
paul853: folds 
Dorex2007: folds 
Rohitooo: folds 
KaraFara: calls $0.10
*** FLOP *** [Jh 7h 8h]
Rohitooo said, "Tilt bluff"
KaraFara: checks 
BluckD: bets $0.18
KaraFara: folds 
Uncalled bet ($0.18) returned to BluckD
BluckD collected $0.32 from pot
BluckD: doesn't show hand 
*** SUMMARY ***
Total pot $0.33 | Rake $0.01 
Board [Jh 7h 8h]
Seat 1: paul853 (small blind) folded before Flop
Seat 3: Dorex2007 (big blind) folded before Flop
Seat 4: Luigiams folded before Flop (didn't bet)
Seat 5: Rohitooo folded before Flop
Seat 6: KaraFara folded on the Flop
Seat 7: BluckD collected ($0.32)
Seat 8: FJL1966 folded before Flop (didn't bet)
Seat 9: KomradDorean (button) folded before Flop (didn't bet)



PokerStars Hand #224435965496:  Hold'em No Limit ($0.01/$0.02 USD) - 2021/03/03 19:55:03 PT [2021/03/03 22:55:03 ET]
Table 'Venus II' 9-max Seat #1 is the button
Seat 1: paul853 ($1.45 in chips) 
Seat 3: Dorex2007 ($1.48 in chips) 
Seat 4: Luigiams ($3.25 in chips) 
Seat 5: Rohitooo ($1.26 in chips) 
Seat 6: KaraFara ($2 in chips) 
Seat 7: BluckD ($2.18 in chips) 
Seat 8: FJL1966 ($2.76 in chips) 
Seat 9: KomradDorean ($3.13 in chips) 
Dorex2007: posts small blind $0.01
Luigiams: posts big blind $0.02
*** HOLE CARDS ***
Dealt to Dorex2007 [4d 6c]
Rohitooo: raises $0.02 to $0.04
KaraFara: folds 
BluckD: raises $0.10 to $0.14
FJL1966: folds 
KomradDorean: folds 
paul853: folds 
Dorex2007: folds 
Luigiams: folds 
Rohitooo: folds 
Uncalled bet ($0.10) returned to BluckD
BluckD collected $0.11 from pot
BluckD: doesn't show hand 
*** SUMMARY ***
Total pot $0.11 | Rake $0 
Seat 1: paul853 (button) folded before Flop (didn't bet)
Seat 3: Dorex2007 (small blind) folded before Flop
Seat 4: Luigiams (big blind) folded before Flop
Seat 5: Rohitooo folded before Flop
Seat 6: KaraFara folded before Flop (didn't bet)
Seat 7: BluckD collected ($0.11)
Seat 8: FJL1966 folded before Flop (didn't bet)
Seat 9: KomradDorean folded before Flop (didn't bet)



PokerStars Hand #224435970340:  Hold'em No Limit ($0.01/$0.02 USD) - 2021/03/03 19:55:23 PT [2021/03/03 22:55:23 ET]
Table 'Venus II' 9-max Seat #3 is the button
Seat 1: paul853 ($1.45 in chips) 
Seat 3: Dorex2007 ($1.47 in chips) 
Seat 4: Luigiams ($3.23 in chips) 
Seat 5: Rohitooo ($1.22 in chips) 
Seat 6: KaraFara ($2 in chips) 
Seat 7: BluckD ($2.25 in chips) 
Seat 8: FJL1966 ($2.76 in chips) 
Seat 9: KomradDorean ($3.13 in chips) 
Luigiams: posts small blind $0.01
Rohitooo: posts big blind $0.02
*** HOLE CARDS ***
Dealt to Dorex2007 [Qs 3d]
KaraFara: raises $0.04 to $0.06
BluckD: folds 
FJL1966: folds 
KomradDorean: folds 
paul853: folds 
Dorex2007: folds 
Luigiams: folds 
Rohitooo: folds 
Uncalled bet ($0.04) returned to KaraFara
KaraFara collected $0.05 from pot
KaraFara: doesn't show hand 
*** SUMMARY ***
Total pot $0.05 | Rake $0 
Seat 1: paul853 folded before Flop (didn't bet)
Seat 3: Dorex2007 (button) folded before Flop (didn't bet)
Seat 4: Luigiams (small blind) folded before Flop
Seat 5: Rohitooo (big blind) folded before Flop
Seat 6: KaraFara collected ($0.05)
Seat 7: BluckD folded before Flop (didn't bet)
Seat 8: FJL1966 folded before Flop (didn't bet)
Seat 9: KomradDorean folded before Flop (didn't bet)



PokerStars Hand #224435977217:  Hold'em No Limit ($0.01/$0.02 USD) - 2021/03/03 19:55:59 PT [2021/03/03 22:55:59 ET]
Table 'Venus II' 9-max Seat #4 is the button
Seat 1: paul853 ($1.45 in chips) 
Seat 3: Dorex2007 ($1.47 in chips) 
Seat 4: Luigiams ($3.22 in chips) 
Seat 5: Rohitooo ($1.20 in chips) 
Seat 6: KaraFara ($2.03 in chips) 
Seat 7: BluckD ($2.25 in chips) 
Seat 8: FJL1966 ($2.76 in chips) 
Seat 9: KomradDorean ($3.13 in chips) 
Rohitooo: posts small blind $0.01
KaraFara: posts big blind $0.02
*** HOLE CARDS ***
Dealt to Dorex2007 [Qs 7c]
BluckD: folds 
FJL1966: calls $0.02
KomradDorean: folds 
paul853: folds 
Dorex2007: folds 
Luigiams: raises $0.02 to $0.04
Rohitooo: calls $0.03
KaraFara: calls $0.02
FJL1966: raises $2.72 to $2.76 and is all-in
Luigiams: folds 
Rohitooo: folds 
KaraFara: folds 
Uncalled bet ($2.72) returned to FJL1966
FJL1966 collected $0.16 from pot
FJL1966: doesn't show hand 
*** SUMMARY ***
Total pot $0.16 | Rake $0 
Seat 1: paul853 folded before Flop (didn't bet)
Seat 3: Dorex2007 folded before Flop (didn't bet)
Seat 4: Luigiams (button) folded before Flop
Seat 5: Rohitooo (small blind) folded before Flop
Seat 6: KaraFara (big blind) folded before Flop
Seat 7: BluckD folded before Flop (didn't bet)
Seat 8: FJL1966 collected ($0.16)
Seat 9: KomradDorean folded before Flop (didn't bet)



PokerStars Hand #224435983389:  Hold'em No Limit ($0.01/$0.02 USD) - 2021/03/03 19:56:32 PT [2021/03/03 22:56:32 ET]
Table 'Venus II' 9-max Seat #5 is the button
Seat 1: paul853 ($1.45 in chips) 
Seat 3: Dorex2007 ($1.47 in chips) 
Seat 4: Luigiams ($3.18 in chips) 
Seat 5: Rohitooo ($1.16 in chips) 
Seat 6: KaraFara ($2 in chips) 
Seat 7: BluckD ($2.25 in chips) 
Seat 8: FJL1966 ($2.88 in chips) 
Seat 9: KomradDorean ($3.13 in chips) 
KaraFara: posts small blind $0.01
BluckD: posts big blind $0.02
*** HOLE CARDS ***
Dealt to Dorex2007 [5h Ks]
FJL1966: folds 
KomradDorean: folds 
paul853: calls $0.02
Dorex2007: folds 
Luigiams: folds 
Rohitooo: raises $0.04 to $0.06
KaraFara: folds 
BluckD: folds 
paul853: calls $0.04
*** FLOP *** [4s 9c Kd]
paul853: checks 
Rohitooo: bets $0.07
paul853: calls $0.07
*** TURN *** [4s 9c Kd] [6s]
paul853: checks 
Rohitooo: bets $0.14
paul853: raises $0.14 to $0.28
Rohitooo: calls $0.14
*** RIVER *** [4s 9c Kd 6s] [Jc]
paul853: checks 
Rohitooo: checks 
*** SHOW DOWN ***
paul853: shows [6h 9h] (two pair, Nines and Sixes)
Rohitooo: mucks hand 
paul853 collected $0.82 from pot
*** SUMMARY ***
Total pot $0.85 | Rake $0.03 
Board [4s 9c Kd 6s Jc]
Seat 1: paul853 showed [6h 9h] and won ($0.82) with two pair, Nines and Sixes
Seat 3: Dorex2007 folded before Flop (didn't bet)
Seat 4: Luigiams folded before Flop (didn't bet)
Seat 5: Rohitooo (button) mucked [9d Qc]
Seat 6: KaraFara (small blind) folded before Flop
Seat 7: BluckD (big blind) folded before Flop
Seat 8: FJL1966 folded before Flop (didn't bet)
Seat 9: KomradDorean folded before Flop (didn't bet)



PokerStars Hand #224436001765:  Hold'em No Limit ($0.01/$0.02 USD) - 2021/03/03 19:57:27 PT [2021/03/03 22:57:27 ET]
Table 'Venus II' 9-max Seat #6 is the button
Seat 1: paul853 ($1.86 in chips) 
Seat 3: Dorex2007 ($1.47 in chips) 
Seat 4: Luigiams ($3.18 in chips) 
Seat 5: Rohitooo ($0.75 in chips) 
Seat 6: KaraFara ($2 in chips) 
Seat 7: BluckD ($2.23 in chips) 
Seat 8: FJL1966 ($2.88 in chips) 
Seat 9: KomradDorean ($3.13 in chips) 
BluckD: posts small blind $0.01
FJL1966: posts big blind $0.02
*** HOLE CARDS ***
Dealt to Dorex2007 [Td 2s]
KomradDorean: raises $0.04 to $0.06
paul853: folds 
Dorex2007: folds 
Luigiams: calls $0.06
Rohitooo: folds 
KaraFara: folds 
BluckD: folds 
FJL1966: folds 
*** FLOP *** [4c 7c Jh]
KomradDorean: bets $0.09
Luigiams: calls $0.09
*** TURN *** [4c 7c Jh] [4d]
KomradDorean: checks 
Luigiams: bets $0.10
KomradDorean: folds 
Uncalled bet ($0.10) returned to Luigiams
Luigiams collected $0.32 from pot
Luigiams: doesn't show hand 
*** SUMMARY ***
Total pot $0.33 | Rake $0.01 
Board [4c 7c Jh 4d]
Seat 1: paul853 folded before Flop (didn't bet)
Seat 3: Dorex2007 folded before Flop (didn't bet)
Seat 4: Luigiams collected ($0.32)
Seat 5: Rohitooo folded before Flop (didn't bet)
Seat 6: KaraFara (button) folded before Flop (didn't bet)
Seat 7: BluckD (small blind) folded before Flop
Seat 8: FJL1966 (big blind) folded before Flop
Seat 9: KomradDorean folded on the Turn



PokerStars Hand #224436013425:  Hold'em No Limit ($0.01/$0.02 USD) - 2021/03/03 19:57:59 PT [2021/03/03 22:57:59 ET]
Table 'Venus II' 9-max Seat #7 is the button
Seat 1: paul853 ($1.86 in chips) 
Seat 3: Dorex2007 ($1.47 in chips) 
Seat 4: Luigiams ($3.35 in chips) 
Seat 5: Rohitooo ($0.75 in chips) 
Seat 6: KaraFara ($2 in chips) 
Seat 7: BluckD ($2.22 in chips) 
Seat 8: FJL1966 ($2.86 in chips) 
Seat 9: KomradDorean ($2.98 in chips) 
FJL1966: posts small blind $0.01
KomradDorean: posts big blind $0.02
*** HOLE CARDS ***
Dealt to Dorex2007 [8h Kh]
paul853: folds 
Dorex2007: calls $0.02
Luigiams: folds 
Rohitooo: folds 
KaraFara: folds 
BluckD: folds 
FJL1966: calls $0.01
KomradDorean: checks 
*** FLOP *** [5s Tc Qs]
FJL1966: checks 
KomradDorean: checks 
Dorex2007: checks 
*** TURN *** [5s Tc Qs] [Ts]
FJL1966: checks 
KomradDorean: checks 
Dorex2007: bets $0.05
FJL1966: folds 
KomradDorean: folds 
Uncalled bet ($0.05) returned to Dorex2007
Dorex2007 collected $0.06 from pot
Dorex2007: doesn't show hand 
*** SUMMARY ***
Total pot $0.06 | Rake $0 
Board [5s Tc Qs Ts]
Seat 1: paul853 folded before Flop (didn't bet)
Seat 3: Dorex2007 collected ($0.06)
Seat 4: Luigiams folded before Flop (didn't bet)
Seat 5: Rohitooo folded before Flop (didn't bet)
Seat 6: KaraFara folded before Flop (didn't bet)
Seat 7: BluckD (button) folded before Flop (didn't bet)
Seat 8: FJL1966 (small blind) folded on the Turn
Seat 9: KomradDorean (big blind) folded on the Turn



PokerStars Hand #224436024370:  Hold'em No Limit ($0.01/$0.02 USD) - 2021/03/03 19:58:56 PT [2021/03/03 22:58:56 ET]
Table 'Venus II' 9-max Seat #8 is the button
Seat 1: paul853 ($1.86 in chips) 
Seat 3: Dorex2007 ($1.51 in chips) 
Seat 4: Luigiams ($3.35 in chips) 
Seat 5: Rohitooo ($0.75 in chips) 
Seat 6: KaraFara ($2 in chips) 
Seat 7: BluckD ($2.22 in chips) 
Seat 8: FJL1966 ($2.84 in chips) 
Seat 9: KomradDorean ($2.96 in chips) 
KomradDorean: posts small blind $0.01
paul853: posts big blind $0.02
*** HOLE CARDS ***
Dealt to Dorex2007 [2h Kd]
Dorex2007: folds 
Luigiams: folds 
Rohitooo: calls $0.02
KaraFara: raises $0.02 to $0.04
BluckD: calls $0.04
FJL1966: folds 
KomradDorean: folds 
paul853: folds 
Rohitooo: calls $0.02
*** FLOP *** [7s 6h 4h]
Rohitooo: bets $0.02
KaraFara: raises $0.05 to $0.07
BluckD: folds 
Rohitooo: folds 
Uncalled bet ($0.05) returned to KaraFara
KaraFara collected $0.18 from pot
KaraFara: doesn't show hand 
*** SUMMARY ***
Total pot $0.19 | Rake $0.01 
Board [7s 6h 4h]
Seat 1: paul853 (big blind) folded before Flop
Seat 3: Dorex2007 folded before Flop (didn't bet)
Seat 4: Luigiams folded before Flop (didn't bet)
Seat 5: Rohitooo folded on the Flop
Seat 6: KaraFara collected ($0.18)
Seat 7: BluckD folded on the Flop
Seat 8: FJL1966 (button) folded before Flop (didn't bet)
Seat 9: KomradDorean (small blind) folded before Flop



PokerStars Hand #224436030930:  Hold'em No Limit ($0.01/$0.02 USD) - 2021/03/03 19:59:31 PT [2021/03/03 22:59:31 ET]
Table 'Venus II' 9-max Seat #9 is the button
Seat 1: paul853 ($1.84 in chips) 
Seat 3: Dorex2007 ($1.51 in chips) 
Seat 4: Luigiams ($3.35 in chips) 
Seat 5: Rohitooo ($0.69 in chips) 
Seat 6: KaraFara ($2.12 in chips) 
Seat 7: BluckD ($2.18 in chips) 
Seat 8: FJL1966 ($2.84 in chips) 
Seat 9: KomradDorean ($2.95 in chips) 
paul853: posts small blind $0.01
Dorex2007: posts big blind $0.02
*** HOLE CARDS ***
Dealt to Dorex2007 [Kd 7c]
Luigiams: raises $0.02 to $0.04
Rohitooo: calls $0.04
KaraFara: folds 
BluckD: folds 
FJL1966: folds 
KomradDorean: folds 
paul853: calls $0.03
Dorex2007: folds 
*** FLOP *** [4s 7d Qd]
paul853: bets $0.14
Luigiams: calls $0.14
Rohitooo: folds 
*** TURN *** [4s 7d Qd] [8h]
paul853: bets $0.41
Luigiams: folds 
Uncalled bet ($0.41) returned to paul853
paul853 collected $0.41 from pot
paul853: doesn't show hand 
*** SUMMARY ***
Total pot $0.42 | Rake $0.01 
Board [4s 7d Qd 8h]
Seat 1: paul853 (small blind) collected ($0.41)
Seat 3: Dorex2007 (big blind) folded before Flop
Seat 4: Luigiams folded on the Turn
Seat 5: Rohitooo folded on the Flop
Seat 6: KaraFara folded before Flop (didn't bet)
Seat 7: BluckD folded before Flop (didn't bet)
Seat 8: FJL1966 folded before Flop (didn't bet)
Seat 9: KomradDorean (button) folded before Flop (didn't bet)



PokerStars Hand #224436036667:  Hold'em No Limit ($0.01/$0.02 USD) - 2021/03/03 20:00:02 PT [2021/03/03 23:00:02 ET]
Table 'Venus II' 9-max Seat #1 is the button
Seat 1: paul853 ($2.07 in chips) 
Seat 3: Dorex2007 ($1.49 in chips) 
Seat 4: Luigiams ($3.17 in chips) 
Seat 5: Rohitooo ($0.65 in chips) 
Seat 6: KaraFara ($2.12 in chips) 
Seat 7: BluckD ($2.18 in chips) 
Seat 8: FJL1966 ($2.84 in chips) 
Seat 9: KomradDorean ($2.95 in chips) 
Dorex2007: posts small blind $0.01
Luigiams: posts big blind $0.02
*** HOLE CARDS ***
Dealt to Dorex2007 [2s 2c]
Rohitooo: calls $0.02
KaraFara: folds 
okotokian1 joins the table at seat #2 
BluckD: folds 
FJL1966: folds 
KomradDorean: raises $0.06 to $0.08
paul853: calls $0.08
Dorex2007: folds 
Luigiams: folds 
Rohitooo: folds 
*** FLOP *** [As 8s 7s]
KomradDorean: bets $0.13
paul853: folds 
Uncalled bet ($0.13) returned to KomradDorean
KomradDorean collected $0.20 from pot
KomradDorean: doesn't show hand 
*** SUMMARY ***
Total pot $0.21 | Rake $0.01 
Board [As 8s 7s]
Seat 1: paul853 (button) folded on the Flop
Seat 3: Dorex2007 (small blind) folded before Flop
Seat 4: Luigiams (big blind) folded before Flop
Seat 5: Rohitooo folded before Flop
Seat 6: KaraFara folded before Flop (didn't bet)
Seat 7: BluckD folded before Flop (didn't bet)
Seat 8: FJL1966 folded before Flop (didn't bet)
Seat 9: KomradDorean collected ($0.20)



PokerStars Hand #224436043396:  Hold'em No Limit ($0.01/$0.02 USD) - 2021/03/03 20:00:34 PT [2021/03/03 23:00:34 ET]
Table 'Venus II' 9-max Seat #3 is the button
Seat 1: paul853 ($1.99 in chips) 
Seat 2: okotokian1 ($2 in chips) 
Seat 3: Dorex2007 ($1.48 in chips) 
Seat 4: Luigiams ($3.15 in chips) 
Seat 5: Rohitooo ($0.63 in chips) 
Seat 6: KaraFara ($2.12 in chips) 
Seat 7: BluckD ($2.18 in chips) 
Seat 8: FJL1966 ($2.84 in chips) 
Seat 9: KomradDorean ($3.07 in chips) 
Luigiams: posts small blind $0.01
Rohitooo: posts big blind $0.02
okotokian1: posts big blind $0.02
*** HOLE CARDS ***
Dealt to Dorex2007 [2h 5c]
KaraFara: raises $0.02 to $0.04
BluckD: calls $0.04
FJL1966: folds 
KomradDorean: folds 
paul853: calls $0.04
okotokian1: folds 
Dorex2007: folds 
Luigiams: calls $0.03
Rohitooo: calls $0.02
*** FLOP *** [2c Ts 9h]
Luigiams: checks 
Rohitooo: bets $0.21
KaraFara: folds 
BluckD: folds 
paul853: calls $0.21
Luigiams: folds 
*** TURN *** [2c Ts 9h] [Qc]
Rohitooo: checks 
paul853: checks 
*** RIVER *** [2c Ts 9h Qc] [Js]
Rohitooo: bets $0.38 and is all-in
paul853: calls $0.38
*** SHOW DOWN ***
Rohitooo: shows [Td Ks] (a straight, Nine to King)
paul853: shows [9c Jh] (two pair, Jacks and Nines)
Rohitooo collected $1.35 from pot
*** SUMMARY ***
Total pot $1.40 | Rake $0.05 
Board [2c Ts 9h Qc Js]
Seat 1: paul853 showed [9c Jh] and lost with two pair, Jacks and Nines
Seat 2: okotokian1 folded before Flop (didn't bet)
Seat 3: Dorex2007 (button) folded before Flop (didn't bet)
Seat 4: Luigiams (small blind) folded on the Flop
Seat 5: Rohitooo (big blind) showed [Td Ks] and won ($1.35) with a straight, Nine to King
Seat 6: KaraFara folded on the Flop
Seat 7: BluckD folded on the Flop
Seat 8: FJL1966 folded before Flop (didn't bet)
Seat 9: KomradDorean folded before Flop (didn't bet)



PokerStars Hand #224436061719:  Hold'em No Limit ($0.01/$0.02 USD) - 2021/03/03 20:01:55 PT [2021/03/03 23:01:55 ET]
Table 'Venus II' 9-max Seat #4 is the button
Seat 1: paul853 ($1.36 in chips) 
Seat 2: okotokian1 ($2 in chips) 
Seat 3: Dorex2007 ($1.48 in chips) 
Seat 4: Luigiams ($3.11 in chips) 
Seat 5: Rohitooo ($1.35 in chips) 
Seat 6: KaraFara ($2.08 in chips) 
Seat 7: BluckD ($2.14 in chips) 
Seat 8: FJL1966 ($2.84 in chips) 
Seat 9: KomradDorean ($3.07 in chips) 
Rohitooo: posts small blind $0.01
KaraFara: posts big blind $0.02
*** HOLE CARDS ***
Dealt to Dorex2007 [7s Tc]
BluckD: folds 
FJL1966: folds 
KomradDorean has timed out
KomradDorean: folds 
paul853: folds 
okotokian1: folds 
Dorex2007: folds 
Luigiams: raises $0.02 to $0.04
Rohitooo: calls $0.03
KaraFara: folds 
*** FLOP *** [Ac 5h 3s]
Rohitooo: bets $0.02
Luigiams: raises $0.06 to $0.08
Rohitooo: calls $0.06
*** TURN *** [Ac 5h 3s] [Jc]
Rohitooo: bets $0.02
Luigiams: raises $0.14 to $0.16
Rohitooo: folds 
Uncalled bet ($0.14) returned to Luigiams
Luigiams collected $0.29 from pot
Luigiams: doesn't show hand 
*** SUMMARY ***
Total pot $0.30 | Rake $0.01 
Board [Ac 5h 3s Jc]
Seat 1: paul853 folded before Flop (didn't bet)
Seat 2: okotokian1 folded before Flop (didn't bet)
Seat 3: Dorex2007 folded before Flop (didn't bet)
Seat 4: Luigiams (button) collected ($0.29)
Seat 5: Rohitooo (small blind) folded on the Turn
Seat 6: KaraFara (big blind) folded before Flop
Seat 7: BluckD folded before Flop (didn't bet)
Seat 8: FJL1966 folded before Flop (didn't bet)
Seat 9: KomradDorean folded before Flop (didn't bet)



PokerStars Hand #224436074895:  Hold'em No Limit ($0.01/$0.02 USD) - 2021/03/03 20:02:51 PT [2021/03/03 23:02:51 ET]
Table 'Venus II' 9-max Seat #5 is the button
Seat 1: paul853 ($1.36 in chips) 
Seat 2: okotokian1 ($2 in chips) 
Seat 3: Dorex2007 ($1.48 in chips) 
Seat 4: Luigiams ($3.26 in chips) 
Seat 5: Rohitooo ($1.21 in chips) 
Seat 6: KaraFara ($2.06 in chips) 
Seat 7: BluckD ($2.14 in chips) 
Seat 8: FJL1966 ($2.84 in chips) 
KaraFara: posts small blind $0.01
BluckD: posts big blind $0.02
*** HOLE CARDS ***
Dealt to Dorex2007 [8h 8s]
FJL1966: calls $0.02
paul853: calls $0.02
okotokian1: folds 
Dorex2007: calls $0.02
Luigiams: calls $0.02
Rohitooo: calls $0.02
KaraFara: calls $0.01
BluckD: checks 
*** FLOP *** [6c Th 6d]
KaraFara: checks 
BluckD: checks 
FJL1966: checks 
paul853: bets $0.07
Dorex2007: folds 
Luigiams: calls $0.07
Rohitooo: folds 
KaraFara: calls $0.07
BluckD: folds 
FJL1966: folds 
*** TURN *** [6c Th 6d] [9s]
KaraFara: checks 
paul853: checks 
Luigiams: bets $0.12
KaraFara: folds 
paul853: calls $0.12
*** RIVER *** [6c Th 6d 9s] [6h]
paul853: bets $0.57
Luigiams: calls $0.57
*** SHOW DOWN ***
paul853: shows [Ac Ts] (a full house, Sixes full of Tens)
Luigiams: shows [Td Qc] (a full house, Sixes full of Tens)
paul853 collected $0.84 from pot
Luigiams collected $0.83 from pot
*** SUMMARY ***
Total pot $1.73 | Rake $0.06 
Board [6c Th 6d 9s 6h]
Seat 1: paul853 showed [Ac Ts] and won ($0.84) with a full house, Sixes full of Tens
Seat 2: okotokian1 folded before Flop (didn't bet)
Seat 3: Dorex2007 folded on the Flop
Seat 4: Luigiams showed [Td Qc] and won ($0.83) with a full house, Sixes full of Tens
Seat 5: Rohitooo (button) folded on the Flop
Seat 6: KaraFara (small blind) folded on the Turn
Seat 7: BluckD (big blind) folded on the Flop
Seat 8: FJL1966 folded on the Flop



PokerStars Hand #224436095794:  Hold'em No Limit ($0.01/$0.02 USD) - 2021/03/03 20:04:21 PT [2021/03/03 23:04:21 ET]
Table 'Venus II' 9-max Seat #6 is the button
Seat 1: paul853 ($1.42 in chips) 
Seat 2: okotokian1 ($2 in chips) 
Seat 3: Dorex2007 ($1.46 in chips) 
Seat 4: Luigiams ($3.31 in chips) 
Seat 5: Rohitooo ($1.19 in chips) 
Seat 6: KaraFara ($2 in chips) 
Seat 7: BluckD ($2.12 in chips) 
Seat 8: FJL1966 ($2.82 in chips) 
BluckD: posts small blind $0.01
FJL1966: posts big blind $0.02
*** HOLE CARDS ***
Dealt to Dorex2007 [3c 7h]
paul853: calls $0.02
okotokian1: folds 
Dorex2007: folds 
Luigiams: calls $0.02
Rohitooo: calls $0.02
KaraFara: folds 
BluckD: folds 
FJL1966: checks 
*** FLOP *** [2h 4d Th]
FJL1966: checks 
paul853: checks 
Luigiams: checks 
Rohitooo: checks 
*** TURN *** [2h 4d Th] [Tc]
FJL1966: checks 
paul853: bets $0.09
Luigiams: folds 
Rohitooo: folds 
FJL1966: folds 
Uncalled bet ($0.09) returned to paul853
paul853 collected $0.09 from pot
paul853: doesn't show hand 
*** SUMMARY ***
Total pot $0.09 | Rake $0 
Board [2h 4d Th Tc]
Seat 1: paul853 collected ($0.09)
Seat 2: okotokian1 folded before Flop (didn't bet)
Seat 3: Dorex2007 folded before Flop (didn't bet)
Seat 4: Luigiams folded on the Turn
Seat 5: Rohitooo folded on the Turn
Seat 6: KaraFara (button) folded before Flop (didn't bet)
Seat 7: BluckD (small blind) folded before Flop
Seat 8: FJL1966 (big blind) folded on the Turn



PokerStars Hand #224436104527:  Hold'em No Limit ($0.01/$0.02 USD) - 2021/03/03 20:04:59 PT [2021/03/03 23:04:59 ET]
Table 'Venus II' 9-max Seat #7 is the button
Seat 1: paul853 ($1.49 in chips) 
Seat 2: okotokian1 ($2 in chips) 
Seat 3: Dorex2007 ($1.46 in chips) 
Seat 4: Luigiams ($3.29 in chips) 
Seat 5: Rohitooo ($1.17 in chips) 
Seat 6: KaraFara ($2 in chips) 
Seat 7: BluckD ($2.11 in chips) 
Seat 8: FJL1966 ($2.80 in chips) 
FJL1966: posts small blind $0.01
paul853: posts big blind $0.02
*** HOLE CARDS ***
Dealt to Dorex2007 [3h 7d]
okotokian1: folds 
Dorex2007: folds 
Luigiams: folds 
Rohitooo: calls $0.02
KaraFara: folds 
BluckD: folds 
FJL1966: calls $0.01
paul853: raises $0.06 to $0.08
Rohitooo: folds 
FJL1966: folds 
Uncalled bet ($0.06) returned to paul853
paul853 collected $0.06 from pot
paul853: doesn't show hand 
*** SUMMARY ***
Total pot $0.06 | Rake $0 
Seat 1: paul853 (big blind) collected ($0.06)
Seat 2: okotokian1 folded before Flop (didn't bet)
Seat 3: Dorex2007 folded before Flop (didn't bet)
Seat 4: Luigiams folded before Flop (didn't bet)
Seat 5: Rohitooo folded before Flop
Seat 6: KaraFara folded before Flop (didn't bet)
Seat 7: BluckD (button) folded before Flop (didn't bet)
Seat 8: FJL1966 (small blind) folded before Flop



PokerStars Hand #224436113548:  Hold'em No Limit ($0.01/$0.02 USD) - 2021/03/03 20:05:38 PT [2021/03/03 23:05:38 ET]
Table 'Venus II' 9-max Seat #8 is the button
Seat 1: paul853 ($1.53 in chips) 
Seat 2: okotokian1 ($2 in chips) 
Seat 3: Dorex2007 ($1.46 in chips) 
Seat 4: Luigiams ($3.29 in chips) 
Seat 5: Rohitooo ($1.15 in chips) 
Seat 6: KaraFara ($2 in chips) 
Seat 7: BluckD ($2.11 in chips) 
Seat 8: FJL1966 ($2.78 in chips) 
paul853: posts small blind $0.01
okotokian1: posts big blind $0.02
*** HOLE CARDS ***
Dealt to Dorex2007 [8h Qc]
Dorex2007: folds 
Luigiams: folds 
Rohitooo: calls $0.02
KaraFara: raises $0.02 to $0.04
BluckD: folds 
FJL1966: calls $0.04
paul853: folds 
okotokian1: calls $0.02
Rohitooo: calls $0.02
*** FLOP *** [9h 7h 8d]
okotokian1: checks 
Rohitooo: checks 
KaraFara: checks 
FJL1966: checks 
*** TURN *** [9h 7h 8d] [2h]
okotokian1: bets $0.08
Rohitooo: folds 
KaraFara: folds 
FJL1966: folds 
Uncalled bet ($0.08) returned to okotokian1
okotokian1 collected $0.16 from pot
*** SUMMARY ***
Total pot $0.17 | Rake $0.01 
Board [9h 7h 8d 2h]
Seat 1: paul853 (small blind) folded before Flop
Seat 2: okotokian1 (big blind) collected ($0.16)
Seat 3: Dorex2007 folded before Flop (didn't bet)
Seat 4: Luigiams folded before Flop (didn't bet)
Seat 5: Rohitooo folded on the Turn
Seat 6: KaraFara folded on the Turn
Seat 7: BluckD folded before Flop (didn't bet)
Seat 8: FJL1966 (button) folded on the Turn



PokerStars Hand #224436125276:  Hold'em No Limit ($0.01/$0.02 USD) - 2021/03/03 20:06:29 PT [2021/03/03 23:06:29 ET]
Table 'Venus II' 9-max Seat #1 is the button
Seat 1: paul853 ($1.52 in chips) 
Seat 2: okotokian1 ($2.12 in chips) 
Seat 3: Dorex2007 ($1.46 in chips) 
Seat 4: Luigiams ($3.29 in chips) 
Seat 5: Rohitooo ($1.11 in chips) 
Seat 6: KaraFara ($2 in chips) 
Seat 7: BluckD ($2.11 in chips) 
Seat 8: FJL1966 ($2.74 in chips) 
okotokian1: posts small blind $0.01
Dorex2007: posts big blind $0.02
*** HOLE CARDS ***
Dealt to Dorex2007 [3s 8s]
Luigiams: folds 
Rohitooo: raises $0.02 to $0.04
KaraFara: folds 
BluckD: folds 
Luigiams leaves the table
FJL1966: folds 
paul853: calls $0.04
okotokian1: folds 
Dorex2007: calls $0.02
*** FLOP *** [Qs 3d 2d]
Dorex2007: checks 
Rohitooo: bets $0.13
paul853: calls $0.13
Dorex2007: folds 
*** TURN *** [Qs 3d 2d] [2c]
Rohitooo: bets $0.38
paul853: calls $0.38
*** RIVER *** [Qs 3d 2d 2c] [4c]
Rohitooo: checks 
paul853: checks 
*** SHOW DOWN ***
Rohitooo: shows [6d Qd] (two pair, Queens and Deuces)
paul853: shows [Qc Ad] (two pair, Queens and Deuces - Ace kicker)
paul853 collected $1.11 from pot
*** SUMMARY ***
Total pot $1.15 | Rake $0.04 
Board [Qs 3d 2d 2c 4c]
Seat 1: paul853 (button) showed [Qc Ad] and won ($1.11) with two pair, Queens and Deuces
Seat 2: okotokian1 (small blind) folded before Flop
Seat 3: Dorex2007 (big blind) folded on the Flop
Seat 4: Luigiams folded before Flop (didn't bet)
Seat 5: Rohitooo showed [6d Qd] and lost with two pair, Queens and Deuces
Seat 6: KaraFara folded before Flop (didn't bet)
Seat 7: BluckD folded before Flop (didn't bet)
Seat 8: FJL1966 folded before Flop (didn't bet)



PokerStars Hand #224436136791:  Hold'em No Limit ($0.01/$0.02 USD) - 2021/03/03 20:07:19 PT [2021/03/03 23:07:19 ET]
Table 'Venus II' 9-max Seat #2 is the button
Seat 1: paul853 ($2.08 in chips) 
Seat 2: okotokian1 ($2.11 in chips) 
Seat 3: Dorex2007 ($1.42 in chips) 
Seat 5: Rohitooo ($0.56 in chips) 
Seat 6: KaraFara ($2 in chips) 
Seat 7: BluckD ($2.11 in chips) 
Seat 8: FJL1966 ($2.74 in chips) 
Dorex2007: posts small blind $0.01
Rohitooo: posts big blind $0.02
*** HOLE CARDS ***
Dealt to Dorex2007 [7c 5h]
KaraFara: calls $0.02
BluckD: folds 
FJL1966: calls $0.02
paul853: folds 
okotokian1: folds 
Dorex2007: calls $0.01
Rohitooo: checks 
*** FLOP *** [Ah 2h 5d]
Dorex2007: checks 
Rohitooo: checks 
Huayco 95 joins the table at seat #4 
KaraFara: bets $0.05
FJL1966: folds 
Dorex2007: folds 
Rohitooo: folds 
Uncalled bet ($0.05) returned to KaraFara
KaraFara collected $0.08 from pot
KaraFara: doesn't show hand 
*** SUMMARY ***
Total pot $0.08 | Rake $0 
Board [Ah 2h 5d]
Seat 1: paul853 folded before Flop (didn't bet)
Seat 2: okotokian1 (button) folded before Flop (didn't bet)
Seat 3: Dorex2007 (small blind) folded on the Flop
Seat 5: Rohitooo (big blind) folded on the Flop
Seat 6: KaraFara collected ($0.08)
Seat 7: BluckD folded before Flop (didn't bet)
Seat 8: FJL1966 folded on the Flop



PokerStars Hand #224436144032:  Hold'em No Limit ($0.01/$0.02 USD) - 2021/03/03 20:07:50 PT [2021/03/03 23:07:50 ET]
Table 'Venus II' 9-max Seat #3 is the button
Seat 1: paul853 ($2.08 in chips) 
Seat 2: okotokian1 ($2.11 in chips) 
Seat 3: Dorex2007 ($1.40 in chips) 
Seat 5: Rohitooo ($0.54 in chips) 
Seat 6: KaraFara ($2.06 in chips) 
Seat 7: BluckD ($2.11 in chips) 
Seat 8: FJL1966 ($2.72 in chips) 
Rohitooo: posts small blind $0.01
KaraFara: posts big blind $0.02
*** HOLE CARDS ***
Dealt to Dorex2007 [9s 5c]
BluckD: folds 
FJL1966: folds 
paul853: folds 
okotokian1: folds 
Dorex2007: folds 
Rohitooo: calls $0.01
KaraFara: checks 
*** FLOP *** [Kd Ah 4d]
Rohitooo: checks 
KaraFara: checks 
*** TURN *** [Kd Ah 4d] [5h]
Rohitooo: checks 
KaraFara: checks 
*** RIVER *** [Kd Ah 4d 5h] [3h]
Rohitooo: bets $0.02
KaraFara: folds 
Uncalled bet ($0.02) returned to Rohitooo
Rohitooo collected $0.04 from pot
Rohitooo: doesn't show hand 
*** SUMMARY ***
Total pot $0.04 | Rake $0 
Board [Kd Ah 4d 5h 3h]
Seat 1: paul853 folded before Flop (didn't bet)
Seat 2: okotokian1 folded before Flop (didn't bet)
Seat 3: Dorex2007 (button) folded before Flop (didn't bet)
Seat 5: Rohitooo (small blind) collected ($0.04)
Seat 6: KaraFara (big blind) folded on the River
Seat 7: BluckD folded before Flop (didn't bet)
Seat 8: FJL1966 folded before Flop (didn't bet)



PokerStars Hand #224436152121:  Hold'em No Limit ($0.01/$0.02 USD) - 2021/03/03 20:08:26 PT [2021/03/03 23:08:26 ET]
Table 'Venus II' 9-max Seat #5 is the button
Seat 1: paul853 ($2.08 in chips) 
Seat 2: okotokian1 ($2.11 in chips) 
Seat 3: Dorex2007 ($1.40 in chips) 
Seat 5: Rohitooo ($0.56 in chips) 
Seat 6: KaraFara ($2.04 in chips) 
Seat 7: BluckD ($2.11 in chips) 
Seat 8: FJL1966 ($2.72 in chips) 
KaraFara: posts small blind $0.01
BluckD: posts big blind $0.02
Huayco 95: sits out 
*** HOLE CARDS ***
Dealt to Dorex2007 [Ts Qs]
FJL1966: calls $0.02
paul853: folds 
okotokian1: folds 
Dorex2007: calls $0.02
Rohitooo: calls $0.02
KaraFara: calls $0.01
BluckD: checks 
*** FLOP *** [7h 9d 3c]
KaraFara: checks 
BluckD: checks 
FJL1966: bets $0.05
Dorex2007: folds 
Rohitooo: folds 
KaraFara: folds 
BluckD: folds 
Uncalled bet ($0.05) returned to FJL1966
FJL1966 collected $0.10 from pot
FJL1966: doesn't show hand 
*** SUMMARY ***
Total pot $0.10 | Rake $0 
Board [7h 9d 3c]
Seat 1: paul853 folded before Flop (didn't bet)
Seat 2: okotokian1 folded before Flop (didn't bet)
Seat 3: Dorex2007 folded on the Flop
Seat 5: Rohitooo (button) folded on the Flop
Seat 6: KaraFara (small blind) folded on the Flop
Seat 7: BluckD (big blind) folded on the Flop
Seat 8: FJL1966 collected ($0.10)



PokerStars Hand #224436170138:  Hold'em No Limit ($0.01/$0.02 USD) - 2021/03/03 20:09:06 PT [2021/03/03 23:09:06 ET]
Table 'Venus II' 9-max Seat #6 is the button
Seat 1: paul853 ($2.08 in chips) 
Seat 2: okotokian1 ($2.11 in chips) 
Seat 3: Dorex2007 ($1.38 in chips) 
Seat 5: Rohitooo ($0.54 in chips) 
Seat 6: KaraFara ($2.02 in chips) 
Seat 7: BluckD ($2.09 in chips) 
Seat 8: FJL1966 ($2.80 in chips) 
BluckD: posts small blind $0.01
FJL1966: posts big blind $0.02
Huayco 95: sits out 
*** HOLE CARDS ***
Dealt to Dorex2007 [Ac 8s]
paul853: folds 
okotokian1: folds 
Dorex2007: folds 
Rohitooo: calls $0.02
KaraFara: calls $0.02
BluckD: raises $0.08 to $0.10
FJL1966: folds 
Rohitooo: folds 
KaraFara: folds 
Uncalled bet ($0.08) returned to BluckD
BluckD collected $0.08 from pot
BluckD: doesn't show hand 
*** SUMMARY ***
Total pot $0.08 | Rake $0 
Seat 1: paul853 folded before Flop (didn't bet)
Seat 2: okotokian1 folded before Flop (didn't bet)
Seat 3: Dorex2007 folded before Flop (didn't bet)
Seat 5: Rohitooo folded before Flop
Seat 6: KaraFara (button) folded before Flop
Seat 7: BluckD (small blind) collected ($0.08)
Seat 8: FJL1966 (big blind) folded before Flop



PokerStars Hand #224436177022:  Hold'em No Limit ($0.01/$0.02 USD) - 2021/03/03 20:09:36 PT [2021/03/03 23:09:36 ET]
Table 'Venus II' 9-max Seat #7 is the button
Seat 1: paul853 ($2.08 in chips) 
Seat 2: okotokian1 ($2.11 in chips) 
Seat 3: Dorex2007 ($1.38 in chips) 
Seat 5: Rohitooo ($0.52 in chips) 
Seat 6: KaraFara ($2 in chips) 
Seat 7: BluckD ($2.15 in chips) 
Seat 8: FJL1966 ($2.78 in chips) 
FJL1966: posts small blind $0.01
paul853: posts big blind $0.02
Huayco 95: sits out 
*** HOLE CARDS ***
Dealt to Dorex2007 [8s Ad]
okotokian1: folds 
Dorex2007: folds 
Rohitooo: calls $0.02
KaraFara: folds 
BluckD: folds 
FJL1966: folds 
paul853: checks 
*** FLOP *** [3c 9d Jd]
paul853: checks 
Rohitooo: bets $0.02
paul853: folds 
Uncalled bet ($0.02) returned to Rohitooo
Rohitooo collected $0.05 from pot
Rohitooo: doesn't show hand 
*** SUMMARY ***
Total pot $0.05 | Rake $0 
Board [3c 9d Jd]
Seat 1: paul853 (big blind) folded on the Flop
Seat 2: okotokian1 folded before Flop (didn't bet)
Seat 3: Dorex2007 folded before Flop (didn't bet)
Seat 5: Rohitooo collected ($0.05)
Seat 6: KaraFara folded before Flop (didn't bet)
Seat 7: BluckD (button) folded before Flop (didn't bet)
Seat 8: FJL1966 (small blind) folded before Flop



PokerStars Hand #224436181152:  Hold'em No Limit ($0.01/$0.02 USD) - 2021/03/03 20:09:54 PT [2021/03/03 23:09:54 ET]
Table 'Venus II' 9-max Seat #8 is the button
Seat 1: paul853 ($2.06 in chips) 
Seat 2: okotokian1 ($2.11 in chips) 
Seat 3: Dorex2007 ($1.38 in chips) 
Seat 5: Rohitooo ($0.55 in chips) 
Seat 6: KaraFara ($2 in chips) 
Seat 7: BluckD ($2.15 in chips) 
Seat 8: FJL1966 ($2.77 in chips) 
paul853: posts small blind $0.01
okotokian1: posts big blind $0.02
Huayco 95: sits out 
*** HOLE CARDS ***
Dealt to Dorex2007 [Jd 6d]
Dorex2007: folds 
Rohitooo: folds 
KaraFara: folds 
BluckD: raises $0.04 to $0.06
FJL1966: folds 
paul853: folds 
okotokian1: folds 
Uncalled bet ($0.04) returned to BluckD
BluckD collected $0.05 from pot
BluckD: doesn't show hand 
*** SUMMARY ***
Total pot $0.05 | Rake $0 
Seat 1: paul853 (small blind) folded before Flop
Seat 2: okotokian1 (big blind) folded before Flop
Seat 3: Dorex2007 folded before Flop (didn't bet)
Seat 5: Rohitooo folded before Flop (didn't bet)
Seat 6: KaraFara folded before Flop (didn't bet)
Seat 7: BluckD collected ($0.05)
Seat 8: FJL1966 (button) folded before Flop (didn't bet)



PokerStars Hand #224436185279:  Hold'em No Limit ($0.01/$0.02 USD) - 2021/03/03 20:10:12 PT [2021/03/03 23:10:12 ET]
Table 'Venus II' 9-max Seat #1 is the button
Seat 1: paul853 ($2.05 in chips) 
Seat 2: okotokian1 ($2.09 in chips) 
Seat 3: Dorex2007 ($1.38 in chips) 
Seat 5: Rohitooo ($0.55 in chips) 
Seat 6: KaraFara ($2 in chips) 
Seat 7: BluckD ($2.18 in chips) 
Seat 8: FJL1966 ($2.77 in chips) 
okotokian1: posts small blind $0.01
Dorex2007: posts big blind $0.02
Huayco 95: sits out 
*** HOLE CARDS ***
Dealt to Dorex2007 [3d 8h]
Rohitooo: raises $0.02 to $0.04
KaraFara: calls $0.04
BluckD: calls $0.04
FJL1966: folds 
paul853: folds 
okotokian1: folds 
Dorex2007: folds 
*** FLOP *** [3c Ts 6s]
Rohitooo: bets $0.02
KaraFara: raises $0.11 to $0.13
BluckD: calls $0.13
Rohitooo: folds 
*** TURN *** [3c Ts 6s] [Tc]
KaraFara: bets $0.12
BluckD: folds 
Uncalled bet ($0.12) returned to KaraFara
KaraFara collected $0.41 from pot
KaraFara: doesn't show hand 
*** SUMMARY ***
Total pot $0.43 | Rake $0.02 
Board [3c Ts 6s Tc]
Seat 1: paul853 (button) folded before Flop (didn't bet)
Seat 2: okotokian1 (small blind) folded before Flop
Seat 3: Dorex2007 (big blind) folded before Flop
Seat 5: Rohitooo folded on the Flop
Seat 6: KaraFara collected ($0.41)
Seat 7: BluckD folded on the Turn
Seat 8: FJL1966 folded before Flop (didn't bet)



PokerStars Hand #224436194981:  Hold'em No Limit ($0.01/$0.02 USD) - 2021/03/03 20:10:55 PT [2021/03/03 23:10:55 ET]
Table 'Venus II' 9-max Seat #2 is the button
Seat 1: paul853 ($2.05 in chips) 
Seat 2: okotokian1 ($2.08 in chips) 
Seat 3: Dorex2007 ($1.36 in chips) 
Seat 4: Huayco 95 ($2 in chips) 
Seat 5: Rohitooo ($0.49 in chips) 
Seat 6: KaraFara ($2.24 in chips) 
Seat 7: BluckD ($2.01 in chips) 
Seat 8: FJL1966 ($2.77 in chips) 
Dorex2007: posts small blind $0.01
Huayco 95: posts big blind $0.02
*** HOLE CARDS ***
Dealt to Dorex2007 [9d Ts]
Rohitooo: raises $0.02 to $0.04
KaraFara: folds 
BluckD: folds 
FJL1966: folds 
paul853: folds 
okotokian1: folds 
Dorex2007: calls $0.03
Huayco 95: folds 
*** FLOP *** [5h Th Tc]
Dorex2007: checks 
Rohitooo: bets $0.02
Dorex2007: raises $0.04 to $0.06
Rohitooo: raises $0.11 to $0.17
Dorex2007: raises $0.22 to $0.39
Rohitooo: raises $0.06 to $0.45 and is all-in
Dorex2007: calls $0.06
Dorex2007 has timed out
*** TURN *** [5h Th Tc] [As]
*** RIVER *** [5h Th Tc As] [Qd]
*** SHOW DOWN ***
Dorex2007: shows [9d Ts] (three of a kind, Tens)
Rohitooo: shows [Qs Td] (a full house, Tens full of Queens)
Rohitooo collected $0.96 from pot
*** SUMMARY ***
Total pot $1 | Rake $0.04 
Board [5h Th Tc As Qd]
Seat 1: paul853 folded before Flop (didn't bet)
Seat 2: okotokian1 (button) folded before Flop (didn't bet)
Seat 3: Dorex2007 (small blind) showed [9d Ts] and lost with three of a kind, Tens
Seat 4: Huayco 95 (big blind) folded before Flop
Seat 5: Rohitooo showed [Qs Td] and won ($0.96) with a full house, Tens full of Queens
Seat 6: KaraFara folded before Flop (didn't bet)
Seat 7: BluckD folded before Flop (didn't bet)
Seat 8: FJL1966 folded before Flop (didn't bet)



PokerStars Hand #224436214486:  Hold'em No Limit ($0.01/$0.02 USD) - 2021/03/03 20:11:55 PT [2021/03/03 23:11:55 ET]
Table 'Venus II' 9-max Seat #3 is the button
Seat 1: paul853 ($2.05 in chips) 
Seat 2: okotokian1 ($2.08 in chips) 
Seat 3: Dorex2007 ($0.87 in chips) 
Seat 4: Huayco 95 ($1.98 in chips) 
Seat 5: Rohitooo ($0.96 in chips) 
Seat 6: KaraFara ($2.24 in chips) 
Seat 7: BluckD ($2.01 in chips) 
Seat 8: FJL1966 ($2.77 in chips) 
Huayco 95: posts small blind $0.01
Rohitooo: posts big blind $0.02
*** HOLE CARDS ***
Dealt to Dorex2007 [Jd 5h]
KaraFara: raises $0.02 to $0.04
BluckD: folds 
FJL1966: folds 
paul853: calls $0.04
okotokian1: folds 
Dorex2007: folds 
Huayco 95: folds 
Rohitooo: calls $0.02
*** FLOP *** [8h 5c Th]
Rohitooo: checks 
KaraFara: bets $0.08
paul853: calls $0.08
Rohitooo: folds 
*** TURN *** [8h 5c Th] [6c]
KaraFara: bets $0.08
paul853: calls $0.08
*** RIVER *** [8h 5c Th 6c] [9c]
KaraFara: checks 
paul853: checks 
*** SHOW DOWN ***
KaraFara: shows [Kh 9h] (a pair of Nines)
paul853: mucks hand 
KaraFara collected $0.43 from pot
*** SUMMARY ***
Total pot $0.45 | Rake $0.02 
Board [8h 5c Th 6c 9c]
Seat 1: paul853 mucked [8s Ah]
Seat 2: okotokian1 folded before Flop (didn't bet)
Seat 3: Dorex2007 (button) folded before Flop (didn't bet)
Seat 4: Huayco 95 (small blind) folded before Flop
Seat 5: Rohitooo (big blind) folded on the Flop
Seat 6: KaraFara showed [Kh 9h] and won ($0.43) with a pair of Nines
Seat 7: BluckD folded before Flop (didn't bet)
Seat 8: FJL1966 folded before Flop (didn't bet)



PokerStars Hand #224436225910:  Hold'em No Limit ($0.01/$0.02 USD) - 2021/03/03 20:12:46 PT [2021/03/03 23:12:46 ET]
Table 'Venus II' 9-max Seat #4 is the button
Seat 1: paul853 ($1.85 in chips) 
Seat 2: okotokian1 ($2.08 in chips) 
Seat 3: Dorex2007 ($1.67 in chips) 
Seat 4: Huayco 95 ($1.97 in chips) 
Seat 5: Rohitooo ($0.92 in chips) 
Seat 6: KaraFara ($2.47 in chips) 
Seat 7: BluckD ($2.01 in chips) 
Seat 8: FJL1966 ($2.77 in chips) 
Rohitooo: posts small blind $0.01
KaraFara: posts big blind $0.02
*** HOLE CARDS ***
Dealt to Dorex2007 [6s 8c]
BluckD: folds 
FJL1966: folds 
paul853: folds 
okotokian1: folds 
Dorex2007: folds 
Huayco 95: calls $0.02
Rohitooo: calls $0.01
KaraFara: checks 
*** FLOP *** [9d 3c 4s]
Rohitooo: checks 
KaraFara: checks 
Huayco 95: checks 
*** TURN *** [9d 3c 4s] [As]
Rohitooo: checks 
KaraFara: checks 
Huayco 95: checks 
*** RIVER *** [9d 3c 4s As] [Jh]
Rohitooo: checks 
KaraFara: checks 
Huayco 95: checks 
*** SHOW DOWN ***
Rohitooo: shows [9h 5h] (a pair of Nines)
KaraFara: mucks hand 
Huayco 95: mucks hand 
Rohitooo collected $0.06 from pot
*** SUMMARY ***
Total pot $0.06 | Rake $0 
Board [9d 3c 4s As Jh]
Seat 1: paul853 folded before Flop (didn't bet)
Seat 2: okotokian1 folded before Flop (didn't bet)
Seat 3: Dorex2007 folded before Flop (didn't bet)
Seat 4: Huayco 95 (button) mucked [Tc Kc]
Seat 5: Rohitooo (small blind) showed [9h 5h] and won ($0.06) with a pair of Nines
Seat 6: KaraFara (big blind) mucked [Qd 5c]
Seat 7: BluckD folded before Flop (didn't bet)
Seat 8: FJL1966 folded before Flop (didn't bet)



PokerStars Hand #224436236366:  Hold'em No Limit ($0.01/$0.02 USD) - 2021/03/03 20:13:32 PT [2021/03/03 23:13:32 ET]
Table 'Venus II' 9-max Seat #5 is the button
Seat 1: paul853 ($1.85 in chips) 
Seat 2: okotokian1 ($2.08 in chips) 
Seat 3: Dorex2007 ($1.67 in chips) 
Seat 4: Huayco 95 ($1.95 in chips) 
Seat 5: Rohitooo ($0.96 in chips) 
Seat 6: KaraFara ($2.45 in chips) 
Seat 7: BluckD ($2.01 in chips) 
Seat 8: FJL1966 ($2.77 in chips) 
KaraFara: posts small blind $0.01
BluckD: posts big blind $0.02
*** HOLE CARDS ***
Dealt to Dorex2007 [6h Qd]
FJL1966: folds 
paul853: folds 
okotokian1: folds 
Dorex2007: folds 
Huayco 95: raises $0.02 to $0.04
Rohitooo: folds 
KaraFara: folds 
BluckD: folds 
Uncalled bet ($0.02) returned to Huayco 95
Huayco 95 collected $0.05 from pot
Huayco 95: doesn't show hand 
*** SUMMARY ***
Total pot $0.05 | Rake $0 
Seat 1: paul853 folded before Flop (didn't bet)
Seat 2: okotokian1 folded before Flop (didn't bet)
Seat 3: Dorex2007 folded before Flop (didn't bet)
Seat 4: Huayco 95 collected ($0.05)
Seat 5: Rohitooo (button) folded before Flop (didn't bet)
Seat 6: KaraFara (small blind) folded before Flop
Seat 7: BluckD (big blind) folded before Flop
Seat 8: FJL1966 folded before Flop (didn't bet)



PokerStars Hand #224436240080:  Hold'em No Limit ($0.01/$0.02 USD) - 2021/03/03 20:13:49 PT [2021/03/03 23:13:49 ET]
Table 'Venus II' 9-max Seat #6 is the button
Seat 1: paul853 ($1.85 in chips) 
Seat 2: okotokian1 ($2.08 in chips) 
Seat 3: Dorex2007 ($1.67 in chips) 
Seat 4: Huayco 95 ($1.98 in chips) 
Seat 5: Rohitooo ($0.96 in chips) 
Seat 6: KaraFara ($2.44 in chips) 
Seat 7: BluckD ($2 in chips) 
Seat 8: FJL1966 ($2.77 in chips) 
BluckD: posts small blind $0.01
FJL1966: posts big blind $0.02
KomradDorean: sits out 
*** HOLE CARDS ***
Dealt to Dorex2007 [Jd 6c]
paul853: folds 
okotokian1: folds 
Dorex2007: folds 
Huayco 95: folds 
Rohitooo: folds 
KaraFara: folds 
BluckD: folds 
Uncalled bet ($0.01) returned to FJL1966
FJL1966 collected $0.02 from pot
FJL1966: doesn't show hand 
*** SUMMARY ***
Total pot $0.02 | Rake $0 
Seat 1: paul853 folded before Flop (didn't bet)
Seat 2: okotokian1 folded before Flop (didn't bet)
Seat 3: Dorex2007 folded before Flop (didn't bet)
Seat 4: Huayco 95 folded before Flop (didn't bet)
Seat 5: Rohitooo folded before Flop (didn't bet)
Seat 6: KaraFara (button) folded before Flop (didn't bet)
Seat 7: BluckD (small blind) folded before Flop
Seat 8: FJL1966 (big blind) collected ($0.02)



PokerStars Hand #224436243217:  Hold'em No Limit ($0.01/$0.02 USD) - 2021/03/03 20:14:03 PT [2021/03/03 23:14:03 ET]
Table 'Venus II' 9-max Seat #7 is the button
Seat 1: paul853 ($1.85 in chips) 
Seat 2: okotokian1 ($2.08 in chips) 
Seat 3: Dorex2007 ($1.67 in chips) 
Seat 4: Huayco 95 ($1.98 in chips) 
Seat 5: Rohitooo ($0.96 in chips) 
Seat 6: KaraFara ($2.44 in chips) 
Seat 7: BluckD ($2 in chips) 
Seat 8: FJL1966 ($2.78 in chips) 
Seat 9: KomradDorean ($3.07 in chips) 
FJL1966: posts small blind $0.01
KomradDorean: posts big blind $0.02
*** HOLE CARDS ***
Dealt to Dorex2007 [5h 4c]
paul853: raises $0.02 to $0.04
okotokian1: folds 
Dorex2007: folds 
Huayco 95: folds 
Rohitooo: folds 
KaraFara: folds 
BluckD: folds 
FJL1966: folds 
KomradDorean: calls $0.02
*** FLOP *** [Tc Jd 2s]
KomradDorean: checks 
paul853: bets $0.09
KomradDorean: folds 
Uncalled bet ($0.09) returned to paul853
paul853 collected $0.09 from pot
paul853: doesn't show hand 
*** SUMMARY ***
Total pot $0.09 | Rake $0 
Board [Tc Jd 2s]
Seat 1: paul853 collected ($0.09)
Seat 2: okotokian1 folded before Flop (didn't bet)
Seat 3: Dorex2007 folded before Flop (didn't bet)
Seat 4: Huayco 95 folded before Flop (didn't bet)
Seat 5: Rohitooo folded before Flop (didn't bet)
Seat 6: KaraFara folded before Flop (didn't bet)
Seat 7: BluckD (button) folded before Flop (didn't bet)
Seat 8: FJL1966 (small blind) folded before Flop
Seat 9: KomradDorean (big blind) folded on the Flop



PokerStars Hand #224436249643:  Hold'em No Limit ($0.01/$0.02 USD) - 2021/03/03 20:14:32 PT [2021/03/03 23:14:32 ET]
Table 'Venus II' 9-max Seat #8 is the button
Seat 1: paul853 ($1.90 in chips) 
Seat 2: okotokian1 ($2.08 in chips) 
Seat 3: Dorex2007 ($1.67 in chips) 
Seat 4: Huayco 95 ($1.98 in chips) 
Seat 5: Rohitooo ($0.96 in chips) 
Seat 6: KaraFara ($2.44 in chips) 
Seat 7: BluckD ($2 in chips) 
Seat 8: FJL1966 ($2.77 in chips) 
Seat 9: KomradDorean ($3.03 in chips) 
KomradDorean: posts small blind $0.01
paul853: posts big blind $0.02
*** HOLE CARDS ***
Dealt to Dorex2007 [5c Qd]
okotokian1: folds 
Dorex2007: folds 
Huayco 95: folds 
Rohitooo: folds 
KaraFara: folds 
BluckD: raises $0.04 to $0.06
FJL1966: folds 
KomradDorean: folds 
paul853: folds 
Uncalled bet ($0.04) returned to BluckD
BluckD collected $0.05 from pot
BluckD: doesn't show hand 
*** SUMMARY ***
Total pot $0.05 | Rake $0 
Seat 1: paul853 (big blind) folded before Flop
Seat 2: okotokian1 folded before Flop (didn't bet)
Seat 3: Dorex2007 folded before Flop (didn't bet)
Seat 4: Huayco 95 folded before Flop (didn't bet)
Seat 5: Rohitooo folded before Flop (didn't bet)
Seat 6: KaraFara folded before Flop (didn't bet)
Seat 7: BluckD collected ($0.05)
Seat 8: FJL1966 (button) folded before Flop (didn't bet)
Seat 9: KomradDorean (small blind) folded before Flop



PokerStars Hand #224436254064:  Hold'em No Limit ($0.01/$0.02 USD) - 2021/03/03 20:14:52 PT [2021/03/03 23:14:52 ET]
Table 'Venus II' 9-max Seat #9 is the button
Seat 1: paul853 ($1.88 in chips) 
Seat 2: okotokian1 ($2.08 in chips) 
Seat 3: Dorex2007 ($1.67 in chips) 
Seat 4: Huayco 95 ($1.98 in chips) 
Seat 5: Rohitooo ($0.96 in chips) 
Seat 6: KaraFara ($2.44 in chips) 
Seat 7: BluckD ($2.03 in chips) 
Seat 8: FJL1966 ($2.77 in chips) 
Seat 9: KomradDorean ($3.02 in chips) 
paul853: posts small blind $0.01
okotokian1: posts big blind $0.02
*** HOLE CARDS ***
Dealt to Dorex2007 [Ad 5d]
Dorex2007: calls $0.02
Huayco 95: folds 
Rohitooo: folds 
KaraFara: folds 
BluckD: folds 
FJL1966: folds 
KomradDorean: raises $0.06 to $0.08
paul853: folds 
okotokian1: folds 
Dorex2007: calls $0.06
*** FLOP *** [2d Tc 2c]
Dorex2007: checks 
KomradDorean: bets $0.12
Dorex2007: calls $0.12
*** TURN *** [2d Tc 2c] [6h]
Dorex2007: checks 
KomradDorean: checks 
*** RIVER *** [2d Tc 2c 6h] [Kh]
Dorex2007: bets $0.31
KomradDorean: folds 
Uncalled bet ($0.31) returned to Dorex2007
Dorex2007 collected $0.41 from pot
Dorex2007: doesn't show hand 
*** SUMMARY ***
Total pot $0.43 | Rake $0.02 
Board [2d Tc 2c 6h Kh]
Seat 1: paul853 (small blind) folded before Flop
Seat 2: okotokian1 (big blind) folded before Flop
Seat 3: Dorex2007 collected ($0.41)
Seat 4: Huayco 95 folded before Flop (didn't bet)
Seat 5: Rohitooo folded before Flop (didn't bet)
Seat 6: KaraFara folded before Flop (didn't bet)
Seat 7: BluckD folded before Flop (didn't bet)
Seat 8: FJL1966 folded before Flop (didn't bet)
Seat 9: KomradDorean (button) folded on the River



PokerStars Hand #224436263808:  Hold'em No Limit ($0.01/$0.02 USD) - 2021/03/03 20:15:35 PT [2021/03/03 23:15:35 ET]
Table 'Venus II' 9-max Seat #1 is the button
Seat 1: paul853 ($1.87 in chips) 
Seat 2: okotokian1 ($2.06 in chips) 
Seat 3: Dorex2007 ($1.88 in chips) 
Seat 4: Huayco 95 ($1.98 in chips) 
Seat 5: Rohitooo ($0.96 in chips) 
Seat 6: KaraFara ($2.44 in chips) 
Seat 7: BluckD ($2.03 in chips) 
Seat 8: FJL1966 ($2.77 in chips) 
Seat 9: KomradDorean ($2.82 in chips) 
okotokian1: posts small blind $0.01
Dorex2007: posts big blind $0.02
*** HOLE CARDS ***
Dealt to Dorex2007 [9h 2c]
Huayco 95: calls $0.02
Rohitooo: raises $0.02 to $0.04
KaraFara: folds 
BluckD: folds 
FJL1966: folds 
KomradDorean: folds 
paul853: folds 
okotokian1: folds 
Dorex2007: folds 
Huayco 95: calls $0.02
*** FLOP *** [Kc Qs Td]
Huayco 95: checks 
Rohitooo: bets $0.11
Huayco 95: calls $0.11
*** TURN *** [Kc Qs Td] [Ks]
Huayco 95: checks 
Rohitooo: checks 
*** RIVER *** [Kc Qs Td Ks] [8c]
Huayco 95: bets $0.16
Rohitooo: folds 
Uncalled bet ($0.16) returned to Huayco 95
Huayco 95 collected $0.32 from pot
Huayco 95: doesn't show hand 
*** SUMMARY ***
Total pot $0.33 | Rake $0.01 
Board [Kc Qs Td Ks 8c]
Seat 1: paul853 (button) folded before Flop (didn't bet)
Seat 2: okotokian1 (small blind) folded before Flop
Seat 3: Dorex2007 (big blind) folded before Flop
Seat 4: Huayco 95 collected ($0.32)
Seat 5: Rohitooo folded on the River
Seat 6: KaraFara folded before Flop (didn't bet)
Seat 7: BluckD folded before Flop (didn't bet)
Seat 8: FJL1966 folded before Flop (didn't bet)
Seat 9: KomradDorean folded before Flop (didn't bet)



PokerStars Hand #224436278633:  Hold'em No Limit ($0.01/$0.02 USD) - 2021/03/03 20:16:41 PT [2021/03/03 23:16:41 ET]
Table 'Venus II' 9-max Seat #2 is the button
Seat 1: paul853 ($1.87 in chips) 
Seat 2: okotokian1 ($2.05 in chips) 
Seat 3: Dorex2007 ($1.86 in chips) 
Seat 4: Huayco 95 ($2.15 in chips) 
Seat 5: Rohitooo ($0.81 in chips) 
Seat 6: KaraFara ($2.44 in chips) 
Seat 7: BluckD ($2.03 in chips) 
Seat 8: FJL1966 ($2.77 in chips) 
Seat 9: KomradDorean ($2.82 in chips) 
Dorex2007: posts small blind $0.01
Huayco 95: posts big blind $0.02
*** HOLE CARDS ***
Dealt to Dorex2007 [6d 2h]
Rohitooo: raises $0.02 to $0.04
KaraFara: calls $0.04
BluckD: folds 
FJL1966: folds 
KomradDorean: folds 
paul853: folds 
okotokian1: folds 
Dorex2007: folds 
Huayco 95: calls $0.02
*** FLOP *** [Qc 9c 9h]
Huayco 95: bets $0.02
Rohitooo: raises $0.09 to $0.11
KaraFara: calls $0.11
Huayco 95: calls $0.09
*** TURN *** [Qc 9c 9h] [Kh]
Huayco 95: checks 
Rohitooo: checks 
KaraFara: bets $0.13
Huayco 95: calls $0.13
Rohitooo: folds 
*** RIVER *** [Qc 9c 9h Kh] [6c]
Huayco 95: checks 
KaraFara: bets $0.69
Huayco 95: calls $0.69
*** SHOW DOWN ***
KaraFara: shows [Kc Jc] (a flush, King high)
Huayco 95: mucks hand 
KaraFara collected $2.03 from pot
*** SUMMARY ***
Total pot $2.10 | Rake $0.07 
Board [Qc 9c 9h Kh 6c]
Seat 1: paul853 folded before Flop (didn't bet)
Seat 2: okotokian1 (button) folded before Flop (didn't bet)
Seat 3: Dorex2007 (small blind) folded before Flop
Seat 4: Huayco 95 (big blind) mucked [9d Jd]
Seat 5: Rohitooo folded on the Turn
Seat 6: KaraFara showed [Kc Jc] and won ($2.03) with a flush, King high
Seat 7: BluckD folded before Flop (didn't bet)
Seat 8: FJL1966 folded before Flop (didn't bet)
Seat 9: KomradDorean folded before Flop (didn't bet)



PokerStars Hand #224436293357:  Hold'em No Limit ($0.01/$0.02 USD) - 2021/03/03 20:17:49 PT [2021/03/03 23:17:49 ET]
Table 'Venus II' 9-max Seat #3 is the button
Seat 1: paul853 ($1.87 in chips) 
Seat 2: okotokian1 ($2.05 in chips) 
Seat 3: Dorex2007 ($1.85 in chips) 
Seat 4: Huayco 95 ($1.18 in chips) 
Seat 5: Rohitooo ($0.66 in chips) 
Seat 6: KaraFara ($3.50 in chips) 
Seat 7: BluckD ($2.03 in chips) 
Seat 8: FJL1966 ($2.77 in chips) 
Seat 9: KomradDorean ($2.82 in chips) 
Huayco 95: posts small blind $0.01
Rohitooo: posts big blind $0.02
*** HOLE CARDS ***
Dealt to Dorex2007 [Ks Ts]
KaraFara: folds 
BluckD: folds 
FJL1966: folds 
KomradDorean: folds 
paul853: calls $0.02
okotokian1: folds 
Dorex2007: raises $0.04 to $0.06
Huayco 95: folds 
Rohitooo: calls $0.04
paul853: folds 
*** FLOP *** [2d Ah 8c]
Rohitooo: checks 
Dorex2007: bets $0.14
Rohitooo: folds 
Uncalled bet ($0.14) returned to Dorex2007
Dorex2007 collected $0.14 from pot
Dorex2007: doesn't show hand 
*** SUMMARY ***
Total pot $0.15 | Rake $0.01 
Board [2d Ah 8c]
Seat 1: paul853 folded before Flop
Seat 2: okotokian1 folded before Flop (didn't bet)
Seat 3: Dorex2007 (button) collected ($0.14)
Seat 4: Huayco 95 (small blind) folded before Flop
Seat 5: Rohitooo (big blind) folded on the Flop
Seat 6: KaraFara folded before Flop (didn't bet)
Seat 7: BluckD folded before Flop (didn't bet)
Seat 8: FJL1966 folded before Flop (didn't bet)
Seat 9: KomradDorean folded before Flop (didn't bet)



PokerStars Hand #224436301322:  Hold'em No Limit ($0.01/$0.02 USD) - 2021/03/03 20:18:24 PT [2021/03/03 23:18:24 ET]
Table 'Venus II' 9-max Seat #4 is the button
Seat 1: paul853 ($1.85 in chips) 
Seat 2: okotokian1 ($2.05 in chips) 
Seat 3: Dorex2007 ($1.93 in chips) 
Seat 4: Huayco 95 ($1.17 in chips) 
Seat 5: Rohitooo ($0.60 in chips) 
Seat 6: KaraFara ($3.50 in chips) 
Seat 7: BluckD ($2.03 in chips) 
Seat 8: FJL1966 ($2.77 in chips) 
Seat 9: KomradDorean ($2.82 in chips) 
Rohitooo: posts small blind $0.01
KaraFara: posts big blind $0.02
*** HOLE CARDS ***
Dealt to Dorex2007 [5s Qd]
BluckD: folds 
FJL1966: folds 
KomradDorean: folds 
paul853: calls $0.02
okotokian1: folds 
Dorex2007: folds 
Huayco 95: folds 
Rohitooo: calls $0.01
KaraFara: checks 
*** FLOP *** [4s 7h Jh]
Rohitooo: checks 
KaraFara: checks 
paul853: checks 
*** TURN *** [4s 7h Jh] [5c]
Rohitooo: checks 
KaraFara: checks 
paul853: checks 
*** RIVER *** [4s 7h Jh 5c] [Ac]
Rohitooo: checks 
KaraFara: checks 
paul853: checks 
*** SHOW DOWN ***
Rohitooo: shows [8h 5d] (a pair of Fives)
KaraFara: mucks hand 
paul853: mucks hand 
Rohitooo collected $0.06 from pot
*** SUMMARY ***
Total pot $0.06 | Rake $0 
Board [4s 7h Jh 5c Ac]
Seat 1: paul853 mucked [Kd 8c]
Seat 2: okotokian1 folded before Flop (didn't bet)
Seat 3: Dorex2007 folded before Flop (didn't bet)
Seat 4: Huayco 95 (button) folded before Flop (didn't bet)
Seat 5: Rohitooo (small blind) showed [8h 5d] and won ($0.06) with a pair of Fives
Seat 6: KaraFara (big blind) mucked [9h 3d]
Seat 7: BluckD folded before Flop (didn't bet)
Seat 8: FJL1966 folded before Flop (didn't bet)
Seat 9: KomradDorean folded before Flop (didn't bet)



PokerStars Hand #224436312446:  Hold'em No Limit ($0.01/$0.02 USD) - 2021/03/03 20:19:14 PT [2021/03/03 23:19:14 ET]
Table 'Venus II' 9-max Seat #5 is the button
Seat 1: paul853 ($1.83 in chips) 
Seat 2: okotokian1 ($2.05 in chips) 
Seat 3: Dorex2007 ($1.93 in chips) 
Seat 4: Huayco 95 ($1.17 in chips) 
Seat 5: Rohitooo ($0.64 in chips) 
Seat 6: KaraFara ($3.48 in chips) 
Seat 7: BluckD ($2.03 in chips) 
Seat 8: FJL1966 ($2.77 in chips) 
Seat 9: KomradDorean ($2.82 in chips) 
KaraFara: posts small blind $0.01
BluckD: posts big blind $0.02
*** HOLE CARDS ***
Dealt to Dorex2007 [4d 6s]
FJL1966: folds 
KomradDorean: folds 
paul853: folds 
okotokian1: folds 
Dorex2007: folds 
Huayco 95: folds 
Rohitooo: calls $0.02
KaraFara: folds 
BluckD: checks 
*** FLOP *** [6h Qd 4h]
BluckD: checks 
Rohitooo: bets $0.02
BluckD: raises $0.07 to $0.09
Rohitooo: folds 
Uncalled bet ($0.07) returned to BluckD
BluckD collected $0.09 from pot
BluckD: doesn't show hand 
*** SUMMARY ***
Total pot $0.09 | Rake $0 
Board [6h Qd 4h]
Seat 1: paul853 folded before Flop (didn't bet)
Seat 2: okotokian1 folded before Flop (didn't bet)
Seat 3: Dorex2007 folded before Flop (didn't bet)
Seat 4: Huayco 95 folded before Flop (didn't bet)
Seat 5: Rohitooo (button) folded on the Flop
Seat 6: KaraFara (small blind) folded before Flop
Seat 7: BluckD (big blind) collected ($0.09)
Seat 8: FJL1966 folded before Flop (didn't bet)
Seat 9: KomradDorean folded before Flop (didn't bet)



PokerStars Hand #224436323348:  Hold'em No Limit ($0.01/$0.02 USD) - 2021/03/03 20:20:04 PT [2021/03/03 23:20:04 ET]
Table 'Venus II' 9-max Seat #6 is the button
Seat 1: paul853 ($1.83 in chips) 
Seat 2: okotokian1 ($2.05 in chips) 
Seat 3: Dorex2007 ($1.93 in chips) 
Seat 4: Huayco 95 ($1.17 in chips) 
Seat 5: Rohitooo ($0.60 in chips) 
Seat 6: KaraFara ($3.47 in chips) 
Seat 7: BluckD ($2.08 in chips) 
Seat 8: FJL1966 ($2.77 in chips) 
Seat 9: KomradDorean ($2.82 in chips) 
BluckD: posts small blind $0.01
FJL1966: posts big blind $0.02
*** HOLE CARDS ***
Dealt to Dorex2007 [Kc 4c]
KomradDorean: folds 
paul853: folds 
okotokian1: folds 
Dorex2007: folds 
Huayco 95: folds 
Rohitooo: calls $0.02
KaraFara: calls $0.02
BluckD: folds 
FJL1966: checks 
*** FLOP *** [Qh 8h Qd]
FJL1966: checks 
Rohitooo: checks 
KaraFara: checks 
*** TURN *** [Qh 8h Qd] [Qs]
FJL1966: checks 
Rohitooo: checks 
KaraFara: bets $0.04
FJL1966: folds 
Rohitooo: folds 
Uncalled bet ($0.04) returned to KaraFara
KaraFara collected $0.07 from pot
KaraFara: doesn't show hand 
*** SUMMARY ***
Total pot $0.07 | Rake $0 
Board [Qh 8h Qd Qs]
Seat 1: paul853 folded before Flop (didn't bet)
Seat 2: okotokian1 folded before Flop (didn't bet)
Seat 3: Dorex2007 folded before Flop (didn't bet)
Seat 4: Huayco 95 folded before Flop (didn't bet)
Seat 5: Rohitooo folded on the Turn
Seat 6: KaraFara (button) collected ($0.07)
Seat 7: BluckD (small blind) folded before Flop
Seat 8: FJL1966 (big blind) folded on the Turn
Seat 9: KomradDorean folded before Flop (didn't bet)



PokerStars Hand #224436332735:  Hold'em No Limit ($0.01/$0.02 USD) - 2021/03/03 20:20:48 PT [2021/03/03 23:20:48 ET]
Table 'Venus II' 9-max Seat #7 is the button
Seat 1: paul853 ($1.83 in chips) 
Seat 2: okotokian1 ($2.05 in chips) 
Seat 3: Dorex2007 ($1.93 in chips) 
Seat 4: Huayco 95 ($1.17 in chips) 
Seat 5: Rohitooo ($0.58 in chips) 
Seat 6: KaraFara ($3.52 in chips) 
Seat 7: BluckD ($2.07 in chips) 
Seat 8: FJL1966 ($2.75 in chips) 
Seat 9: KomradDorean ($2.82 in chips) 
FJL1966: posts small blind $0.01
KomradDorean: posts big blind $0.02
*** HOLE CARDS ***
Dealt to Dorex2007 [6d 4h]
paul853: folds 
okotokian1: folds 
Dorex2007: folds 
Huayco 95: folds 
Rohitooo: folds 
KaraFara: folds 
BluckD: raises $0.03 to $0.05
FJL1966: folds 
KomradDorean: folds 
Uncalled bet ($0.03) returned to BluckD
BluckD collected $0.05 from pot
BluckD: doesn't show hand 
*** SUMMARY ***
Total pot $0.05 | Rake $0 
Seat 1: paul853 folded before Flop (didn't bet)
Seat 2: okotokian1 folded before Flop (didn't bet)
Seat 3: Dorex2007 folded before Flop (didn't bet)
Seat 4: Huayco 95 folded before Flop (didn't bet)
Seat 5: Rohitooo folded before Flop (didn't bet)
Seat 6: KaraFara folded before Flop (didn't bet)
Seat 7: BluckD (button) collected ($0.05)
Seat 8: FJL1966 (small blind) folded before Flop
Seat 9: KomradDorean (big blind) folded before Flop



PokerStars Hand #224436338839:  Hold'em No Limit ($0.01/$0.02 USD) - 2021/03/03 20:21:16 PT [2021/03/03 23:21:16 ET]
Table 'Venus II' 9-max Seat #8 is the button
Seat 1: paul853 ($1.83 in chips) 
Seat 2: okotokian1 ($2.05 in chips) 
Seat 3: Dorex2007 ($1.93 in chips) 
Seat 4: Huayco 95 ($1.17 in chips) 
Seat 5: Rohitooo ($0.58 in chips) 
Seat 6: KaraFara ($3.52 in chips) 
Seat 7: BluckD ($2.10 in chips) 
Seat 8: FJL1966 ($2.74 in chips) 
Seat 9: KomradDorean ($2.80 in chips) 
KomradDorean: posts small blind $0.01
paul853: posts big blind $0.02
*** HOLE CARDS ***
Dealt to Dorex2007 [2d Kd]
okotokian1: folds 
Dorex2007: folds 
Huayco 95: folds 
Rohitooo: raises $0.05 to $0.07
KaraFara: folds 
BluckD: folds 
FJL1966: folds 
KomradDorean: folds 
paul853: folds 
Uncalled bet ($0.05) returned to Rohitooo
Rohitooo collected $0.05 from pot
Rohitooo: doesn't show hand 
*** SUMMARY ***
Total pot $0.05 | Rake $0 
Seat 1: paul853 (big blind) folded before Flop
Seat 2: okotokian1 folded before Flop (didn't bet)
Seat 3: Dorex2007 folded before Flop (didn't bet)
Seat 4: Huayco 95 folded before Flop (didn't bet)
Seat 5: Rohitooo collected ($0.05)
Seat 6: KaraFara folded before Flop (didn't bet)
Seat 7: BluckD folded before Flop (didn't bet)
Seat 8: FJL1966 (button) folded before Flop (didn't bet)
Seat 9: KomradDorean (small blind) folded before Flop



PokerStars Hand #224436342020:  Hold'em No Limit ($0.01/$0.02 USD) - 2021/03/03 20:21:30 PT [2021/03/03 23:21:30 ET]
Table 'Venus II' 9-max Seat #9 is the button
Seat 1: paul853 ($1.81 in chips) 
Seat 2: okotokian1 ($2.05 in chips) 
Seat 3: Dorex2007 ($1.93 in chips) 
Seat 4: Huayco 95 ($1.17 in chips) 
Seat 5: Rohitooo ($0.61 in chips) 
Seat 6: KaraFara ($3.52 in chips) 
Seat 7: BluckD ($2.10 in chips) 
Seat 8: FJL1966 ($2.74 in chips) 
Seat 9: KomradDorean ($2.79 in chips) 
paul853: posts small blind $0.01
okotokian1: posts big blind $0.02
*** HOLE CARDS ***
Dealt to Dorex2007 [Ad 8d]
Dorex2007: raises $0.04 to $0.06
Huayco 95: folds 
Rohitooo: folds 
KaraFara: folds 
BluckD: folds 
FJL1966: folds 
KomradDorean: folds 
paul853: calls $0.05
okotokian1: folds 
*** FLOP *** [2c 3h Js]
paul853: checks 
Dorex2007: bets $0.11
paul853: folds 
Uncalled bet ($0.11) returned to Dorex2007
Dorex2007 collected $0.14 from pot
Dorex2007: doesn't show hand 
*** SUMMARY ***
Total pot $0.14 | Rake $0 
Board [2c 3h Js]
Seat 1: paul853 (small blind) folded on the Flop
Seat 2: okotokian1 (big blind) folded before Flop
Seat 3: Dorex2007 collected ($0.14)
Seat 4: Huayco 95 folded before Flop (didn't bet)
Seat 5: Rohitooo folded before Flop (didn't bet)
Seat 6: KaraFara folded before Flop (didn't bet)
Seat 7: BluckD folded before Flop (didn't bet)
Seat 8: FJL1966 folded before Flop (didn't bet)
Seat 9: KomradDorean (button) folded before Flop (didn't bet)



PokerStars Hand #224436347298:  Hold'em No Limit ($0.01/$0.02 USD) - 2021/03/03 20:21:54 PT [2021/03/03 23:21:54 ET]
Table 'Venus II' 9-max Seat #1 is the button
Seat 1: paul853 ($1.75 in chips) 
Seat 2: okotokian1 ($2.03 in chips) 
Seat 3: Dorex2007 ($2.01 in chips) 
Seat 4: Huayco 95 ($1.17 in chips) 
Seat 5: Rohitooo ($0.61 in chips) 
Seat 6: KaraFara ($3.52 in chips) 
Seat 7: BluckD ($2.10 in chips) 
Seat 8: FJL1966 ($2.74 in chips) 
Seat 9: KomradDorean ($2.79 in chips) 
okotokian1: posts small blind $0.01
Dorex2007: posts big blind $0.02
*** HOLE CARDS ***
Dealt to Dorex2007 [Kh 9c]
Huayco 95: folds 
Rohitooo: folds 
KaraFara: folds 
BluckD: folds 
FJL1966: folds 
KomradDorean: raises $0.04 to $0.06
paul853: folds 
okotokian1: folds 
Dorex2007: folds 
Uncalled bet ($0.04) returned to KomradDorean
KomradDorean collected $0.05 from pot
KomradDorean: doesn't show hand 
*** SUMMARY ***
Total pot $0.05 | Rake $0 
Seat 1: paul853 (button) folded before Flop (didn't bet)
Seat 2: okotokian1 (small blind) folded before Flop
Seat 3: Dorex2007 (big blind) folded before Flop
Seat 4: Huayco 95 folded before Flop (didn't bet)
Seat 5: Rohitooo folded before Flop (didn't bet)
Seat 6: KaraFara folded before Flop (didn't bet)
Seat 7: BluckD folded before Flop (didn't bet)
Seat 8: FJL1966 folded before Flop (didn't bet)
Seat 9: KomradDorean collected ($0.05)



PokerStars Hand #224436353542:  Hold'em No Limit ($0.01/$0.02 USD) - 2021/03/03 20:22:23 PT [2021/03/03 23:22:23 ET]
Table 'Venus II' 9-max Seat #2 is the button
Seat 1: paul853 ($1.75 in chips) 
Seat 2: okotokian1 ($2.02 in chips) 
Seat 3: Dorex2007 ($1.99 in chips) 
Seat 4: Huayco 95 ($1.17 in chips) 
Seat 5: Rohitooo ($0.61 in chips) 
Seat 6: KaraFara ($3.52 in chips) 
Seat 7: BluckD ($2.10 in chips) 
Seat 8: FJL1966 ($2.74 in chips) 
Seat 9: KomradDorean ($2.82 in chips) 
Dorex2007: posts small blind $0.01
Huayco 95: posts big blind $0.02
*** HOLE CARDS ***
Dealt to Dorex2007 [Qh Ah]
Rohitooo: raises $0.02 to $0.04
KaraFara: folds 
BluckD: folds 
FJL1966: folds 
KomradDorean: folds 
paul853: folds 
okotokian1: folds 
Dorex2007: raises $0.08 to $0.12
Huayco 95: folds 
Rohitooo: calls $0.08
*** FLOP *** [2d 3c 9h]
Dorex2007: bets $1.87 and is all-in
Rohitooo: folds 
Uncalled bet ($1.87) returned to Dorex2007
Dorex2007 collected $0.25 from pot
Dorex2007: doesn't show hand 
*** SUMMARY ***
Total pot $0.26 | Rake $0.01 
Board [2d 3c 9h]
Seat 1: paul853 folded before Flop (didn't bet)
Seat 2: okotokian1 (button) folded before Flop (didn't bet)
Seat 3: Dorex2007 (small blind) collected ($0.25)
Seat 4: Huayco 95 (big blind) folded before Flop
Seat 5: Rohitooo folded on the Flop
Seat 6: KaraFara folded before Flop (didn't bet)
Seat 7: BluckD folded before Flop (didn't bet)
Seat 8: FJL1966 folded before Flop (didn't bet)
Seat 9: KomradDorean folded before Flop (didn't bet)



PokerStars Hand #224436363742:  Hold'em No Limit ($0.01/$0.02 USD) - 2021/03/03 20:23:10 PT [2021/03/03 23:23:10 ET]
Table 'Venus II' 9-max Seat #3 is the button
Seat 1: paul853 ($1.75 in chips) 
Seat 2: okotokian1 ($2.02 in chips) 
Seat 3: Dorex2007 ($2.12 in chips) 
Seat 4: Huayco 95 ($1.15 in chips) 
Seat 5: Rohitooo ($0.49 in chips) 
Seat 6: KaraFara ($3.52 in chips) 
Seat 7: BluckD ($2.10 in chips) 
Seat 8: FJL1966 ($2.74 in chips) 
Seat 9: KomradDorean ($2.82 in chips) 
Huayco 95: posts small blind $0.01
Rohitooo: posts big blind $0.02
*** HOLE CARDS ***
Dealt to Dorex2007 [Qc Kc]
KaraFara: folds 
BluckD: folds 
FJL1966: folds 
KomradDorean: folds 
paul853: folds 
okotokian1: folds 
Dorex2007: raises $0.04 to $0.06
okotokian1 leaves the table
Huayco 95: folds 
Rohitooo: folds 
Uncalled bet ($0.04) returned to Dorex2007
Dorex2007 collected $0.05 from pot
Dorex2007: doesn't show hand 
*** SUMMARY ***
Total pot $0.05 | Rake $0 
Seat 1: paul853 folded before Flop (didn't bet)
Seat 2: okotokian1 folded before Flop (didn't bet)
Seat 3: Dorex2007 (button) collected ($0.05)
Seat 4: Huayco 95 (small blind) folded before Flop
Seat 5: Rohitooo (big blind) folded before Flop
Seat 6: KaraFara folded before Flop (didn't bet)
Seat 7: BluckD folded before Flop (didn't bet)
Seat 8: FJL1966 folded before Flop (didn't bet)
Seat 9: KomradDorean folded before Flop (didn't bet)



PokerStars Hand #224436369437:  Hold'em No Limit ($0.01/$0.02 USD) - 2021/03/03 20:23:36 PT [2021/03/03 23:23:36 ET]
Table 'Venus II' 9-max Seat #4 is the button
Seat 1: paul853 ($1.75 in chips) 
Seat 3: Dorex2007 ($2.15 in chips) 
Seat 4: Huayco 95 ($1.14 in chips) 
Seat 5: Rohitooo ($0.47 in chips) 
Seat 6: KaraFara ($3.52 in chips) 
Seat 7: BluckD ($2.10 in chips) 
Seat 8: FJL1966 ($2.74 in chips) 
Seat 9: KomradDorean ($2.82 in chips) 
Rohitooo: posts small blind $0.01
KaraFara: posts big blind $0.02
*** HOLE CARDS ***
Dealt to Dorex2007 [9d 2h]
BluckD: folds 
FJL1966: folds 
KomradDorean: folds 
kio_kkk joins the table at seat #2 
paul853: folds 
Dorex2007: folds 
Huayco 95: folds 
Rohitooo: calls $0.01
KaraFara: checks 
*** FLOP *** [5h 8s 6h]
Rohitooo: checks 
KaraFara: checks 
*** TURN *** [5h 8s 6h] [6c]
Rohitooo: checks 
KaraFara: bets $0.02
Rohitooo: calls $0.02
*** RIVER *** [5h 8s 6h 6c] [8d]
Rohitooo: checks 
KaraFara: checks 
*** SHOW DOWN ***
Rohitooo: shows [Qd 9h] (two pair, Eights and Sixes)
KaraFara: mucks hand 
Rohitooo collected $0.08 from pot
*** SUMMARY ***
Total pot $0.08 | Rake $0 
Board [5h 8s 6h 6c 8d]
Seat 1: paul853 folded before Flop (didn't bet)
Seat 3: Dorex2007 folded before Flop (didn't bet)
Seat 4: Huayco 95 (button) folded before Flop (didn't bet)
Seat 5: Rohitooo (small blind) showed [Qd 9h] and won ($0.08) with two pair, Eights and Sixes
Seat 6: KaraFara (big blind) mucked [7s Jd]
Seat 7: BluckD folded before Flop (didn't bet)
Seat 8: FJL1966 folded before Flop (didn't bet)
Seat 9: KomradDorean folded before Flop (didn't bet)



PokerStars Hand #224436378350:  Hold'em No Limit ($0.01/$0.02 USD) - 2021/03/03 20:24:17 PT [2021/03/03 23:24:17 ET]
Table 'Venus II' 9-max Seat #5 is the button
Seat 1: paul853 ($1.75 in chips) 
Seat 2: kio_kkk ($1.60 in chips) 
Seat 3: Dorex2007 ($2.15 in chips) 
Seat 4: Huayco 95 ($1.14 in chips) 
Seat 5: Rohitooo ($0.51 in chips) 
Seat 6: KaraFara ($3.48 in chips) 
Seat 7: BluckD ($2.10 in chips) 
Seat 8: FJL1966 ($2.74 in chips) 
Seat 9: KomradDorean ($2.82 in chips) 
KaraFara: posts small blind $0.01
BluckD: posts big blind $0.02
kio_kkk: posts big blind $0.02
*** HOLE CARDS ***
Dealt to Dorex2007 [3d 8c]
FJL1966: folds 
KomradDorean: folds 
paul853: calls $0.02
kio_kkk: checks 
Dorex2007: folds 
Huayco 95: folds 
Rohitooo: raises $0.04 to $0.06
KaraFara: calls $0.05
BluckD: folds 
paul853: calls $0.04
kio_kkk: folds 
*** FLOP *** [Tc Ks 4c]
KaraFara: checks 
paul853: bets $0.21
Rohitooo: raises $0.24 to $0.45 and is all-in
KaraFara: folds 
paul853: calls $0.24
*** TURN *** [Tc Ks 4c] [Qs]
*** RIVER *** [Tc Ks 4c Qs] [2h]
*** SHOW DOWN ***
paul853: shows [Js Kc] (a pair of Kings)
Rohitooo: shows [Ad As] (a pair of Aces)
Rohitooo collected $1.08 from pot
paul853 cashed out the hand for $0.26
*** SUMMARY ***
Total pot $1.12 | Rake $0.04 
Board [Tc Ks 4c Qs 2h]
Seat 1: paul853 showed [Js Kc] and lost with a pair of Kings (cashed out).
Seat 2: kio_kkk folded before Flop (didn't bet)
Seat 3: Dorex2007 folded before Flop (didn't bet)
Seat 4: Huayco 95 folded before Flop (didn't bet)
Seat 5: Rohitooo (button) showed [Ad As] and won ($1.08) with a pair of Aces
Seat 6: KaraFara (small blind) folded on the Flop
Seat 7: BluckD (big blind) folded before Flop
Seat 8: FJL1966 folded before Flop (didn't bet)
Seat 9: KomradDorean folded before Flop (didn't bet)



PokerStars Hand #224436391354:  Hold'em No Limit ($0.01/$0.02 USD) - 2021/03/03 20:25:17 PT [2021/03/03 23:25:17 ET]
Table 'Venus II' 9-max Seat #6 is the button
Seat 1: paul853 ($1.50 in chips) 
Seat 2: kio_kkk ($1.58 in chips) 
Seat 3: Dorex2007 ($2.15 in chips) 
Seat 4: Huayco 95 ($1.14 in chips) 
Seat 5: Rohitooo ($1.08 in chips) 
Seat 6: KaraFara ($3.42 in chips) 
Seat 7: BluckD ($2.08 in chips) 
Seat 8: FJL1966 ($2.74 in chips) 
Seat 9: KomradDorean ($2.82 in chips) 
BluckD: posts small blind $0.01
FJL1966: posts big blind $0.02
*** HOLE CARDS ***
Dealt to Dorex2007 [8c Ts]
KomradDorean: folds 
paul853: folds 
kio_kkk: folds 
Dorex2007: folds 
Huayco 95: raises $0.02 to $0.04
Rohitooo: folds 
KaraFara: folds 
BluckD: raises $0.10 to $0.14
FJL1966: folds 
Huayco 95: calls $0.10
*** FLOP *** [8h Jh 9c]
BluckD: bets $0.22
Rohitooo leaves the table
Huayco 95: folds 
Uncalled bet ($0.22) returned to BluckD
BluckD collected $0.29 from pot
BluckD: doesn't show hand 
*** SUMMARY ***
Total pot $0.30 | Rake $0.01 
Board [8h Jh 9c]
Seat 1: paul853 folded before Flop (didn't bet)
Seat 2: kio_kkk folded before Flop (didn't bet)
Seat 3: Dorex2007 folded before Flop (didn't bet)
Seat 4: Huayco 95 folded on the Flop
Seat 5: Rohitooo folded before Flop (didn't bet)
Seat 6: KaraFara (button) folded before Flop (didn't bet)
Seat 7: BluckD (small blind) collected ($0.29)
Seat 8: FJL1966 (big blind) folded before Flop
Seat 9: KomradDorean folded before Flop (didn't bet)



PokerStars Hand #224436399459:  Hold'em No Limit ($0.01/$0.02 USD) - 2021/03/03 20:25:54 PT [2021/03/03 23:25:54 ET]
Table 'Venus II' 9-max Seat #7 is the button
Seat 1: paul853 ($1.50 in chips) 
Seat 2: kio_kkk ($1.58 in chips) 
Seat 3: Dorex2007 ($2.15 in chips) 
Seat 4: Huayco 95 ($1 in chips) 
Seat 6: KaraFara ($3.42 in chips) 
Seat 7: BluckD ($2.23 in chips) 
Seat 8: FJL1966 ($2.72 in chips) 
Seat 9: KomradDorean ($2.82 in chips) 
FJL1966: posts small blind $0.01
KomradDorean: posts big blind $0.02
*** HOLE CARDS ***
Dealt to Dorex2007 [8s 7d]
paul853: folds 
kio_kkk: folds 
Dorex2007: folds 
Huayco 95: folds 
KaraFara: folds 
BluckD: raises $0.03 to $0.05
FJL1966: calls $0.04
KomradDorean: calls $0.03
*** FLOP *** [Ac Qc 4d]
FJL1966: bets $0.07
KomradDorean: folds 
BluckD: raises $0.17 to $0.24
FJL1966: folds 
Uncalled bet ($0.17) returned to BluckD
BluckD collected $0.28 from pot
BluckD: doesn't show hand 
*** SUMMARY ***
Total pot $0.29 | Rake $0.01 
Board [Ac Qc 4d]
Seat 1: paul853 folded before Flop (didn't bet)
Seat 2: kio_kkk folded before Flop (didn't bet)
Seat 3: Dorex2007 folded before Flop (didn't bet)
Seat 4: Huayco 95 folded before Flop (didn't bet)
Seat 6: KaraFara folded before Flop (didn't bet)
Seat 7: BluckD (button) collected ($0.28)
Seat 8: FJL1966 (small blind) folded on the Flop
Seat 9: KomradDorean (big blind) folded on the Flop



PokerStars Hand #224436422007:  Hold'em No Limit ($0.01/$0.02 USD) - 2021/03/03 20:26:54 PT [2021/03/03 23:26:54 ET]
Table 'Venus II' 9-max Seat #8 is the button
Seat 1: paul853 ($1.50 in chips) 
Seat 2: kio_kkk ($1.58 in chips) 
Seat 3: Dorex2007 ($2.15 in chips) 
Seat 4: Huayco 95 ($1 in chips) 
Seat 6: KaraFara ($3.42 in chips) 
Seat 7: BluckD ($2.39 in chips) 
Seat 8: FJL1966 ($2.60 in chips) 
Seat 9: KomradDorean ($2.77 in chips) 
KomradDorean: posts small blind $0.01
paul853: posts big blind $0.02
*** HOLE CARDS ***
Dealt to Dorex2007 [3c 6h]
kio_kkk: folds 
Dorex2007: folds 
Huayco 95: folds 
KaraFara: folds 
BluckD: raises $0.04 to $0.06
FJL1966: folds 
KomradDorean: folds 
paul853: calls $0.04
*** FLOP *** [Jc 7h Ah]
paul853: checks 
BluckD: bets $0.07
paul853: folds [4h 4d]
Uncalled bet ($0.07) returned to BluckD
BluckD collected $0.13 from pot
BluckD: doesn't show hand 
*** SUMMARY ***
Total pot $0.13 | Rake $0 
Board [Jc 7h Ah]
Seat 1: paul853 (big blind) folded on the Flop
Seat 2: kio_kkk folded before Flop (didn't bet)
Seat 3: Dorex2007 folded before Flop (didn't bet)
Seat 4: Huayco 95 folded before Flop (didn't bet)
Seat 6: KaraFara folded before Flop (didn't bet)
Seat 7: BluckD collected ($0.13)
Seat 8: FJL1966 (button) folded before Flop (didn't bet)
Seat 9: KomradDorean (small blind) folded before Flop



PokerStars Hand #224436429271:  Hold'em No Limit ($0.01/$0.02 USD) - 2021/03/03 20:27:28 PT [2021/03/03 23:27:28 ET]
Table 'Venus II' 9-max Seat #9 is the button
Seat 1: paul853 ($1.44 in chips) 
Seat 2: kio_kkk ($1.58 in chips) 
Seat 3: Dorex2007 ($2.15 in chips) 
Seat 4: Huayco 95 ($1 in chips) 
Seat 6: KaraFara ($3.42 in chips) 
Seat 7: BluckD ($2.46 in chips) 
Seat 8: FJL1966 ($2.60 in chips) 
Seat 9: KomradDorean ($2.76 in chips) 
paul853: posts small blind $0.01
kio_kkk: posts big blind $0.02
*** HOLE CARDS ***
Dealt to Dorex2007 [8d Ts]
Dorex2007: folds 
Huayco 95: folds 
KaraFara: folds 
BluckD: folds 
FJL1966: calls $0.02
KomradDorean: folds 
paul853: raises $0.06 to $0.08
kio_kkk: calls $0.06
FJL1966: folds 
*** FLOP *** [8h 2d 7s]
paul853: checks 
kio_kkk: checks 
*** TURN *** [8h 2d 7s] [4c]
paul853: bets $0.17
kio_kkk: folds 
Uncalled bet ($0.17) returned to paul853
paul853 collected $0.17 from pot
paul853: doesn't show hand 
*** SUMMARY ***
Total pot $0.18 | Rake $0.01 
Board [8h 2d 7s 4c]
Seat 1: paul853 (small blind) collected ($0.17)
Seat 2: kio_kkk (big blind) folded on the Turn
Seat 3: Dorex2007 folded before Flop (didn't bet)
Seat 4: Huayco 95 folded before Flop (didn't bet)
Seat 6: KaraFara folded before Flop (didn't bet)
Seat 7: BluckD folded before Flop (didn't bet)
Seat 8: FJL1966 folded before Flop
Seat 9: KomradDorean (button) folded before Flop (didn't bet)



PokerStars Hand #224436437460:  Hold'em No Limit ($0.01/$0.02 USD) - 2021/03/03 20:28:06 PT [2021/03/03 23:28:06 ET]
Table 'Venus II' 9-max Seat #1 is the button
Seat 1: paul853 ($1.53 in chips) 
Seat 2: kio_kkk ($1.50 in chips) 
Seat 3: Dorex2007 ($2.15 in chips) 
Seat 4: Huayco 95 ($1 in chips) 
Seat 6: KaraFara ($3.42 in chips) 
Seat 7: BluckD ($2.46 in chips) 
Seat 8: FJL1966 ($2.58 in chips) 
Seat 9: KomradDorean ($2.76 in chips) 
kio_kkk: posts small blind $0.01
Dorex2007: posts big blind $0.02
*** HOLE CARDS ***
Dealt to Dorex2007 [8d 2h]
Huayco 95: folds 
KaraFara: folds 
BluckD: folds 
FJL1966: folds 
KomradDorean: folds 
paul853: calls $0.02
kio_kkk: calls $0.01
Dorex2007: checks 
*** FLOP *** [8s Kd Jc]
kio_kkk: checks 
Dorex2007: bets $0.06
paul853: folds 
kio_kkk: folds 
Uncalled bet ($0.06) returned to Dorex2007
Dorex2007 collected $0.06 from pot
Dorex2007: doesn't show hand 
*** SUMMARY ***
Total pot $0.06 | Rake $0 
Board [8s Kd Jc]
Seat 1: paul853 (button) folded on the Flop
Seat 2: kio_kkk (small blind) folded on the Flop
Seat 3: Dorex2007 (big blind) collected ($0.06)
Seat 4: Huayco 95 folded before Flop (didn't bet)
Seat 6: KaraFara folded before Flop (didn't bet)
Seat 7: BluckD folded before Flop (didn't bet)
Seat 8: FJL1966 folded before Flop (didn't bet)
Seat 9: KomradDorean folded before Flop (didn't bet)



PokerStars Hand #224436445191:  Hold'em No Limit ($0.01/$0.02 USD) - 2021/03/03 20:28:43 PT [2021/03/03 23:28:43 ET]
Table 'Venus II' 9-max Seat #2 is the button
Seat 1: paul853 ($1.51 in chips) 
Seat 2: kio_kkk ($1.48 in chips) 
Seat 3: Dorex2007 ($2.19 in chips) 
Seat 4: Huayco 95 ($1 in chips) 
Seat 6: KaraFara ($3.42 in chips) 
Seat 7: BluckD ($2.46 in chips) 
Seat 8: FJL1966 ($2.58 in chips) 
Seat 9: KomradDorean ($2.76 in chips) 
Dorex2007: posts small blind $0.01
Huayco 95: posts big blind $0.02
*** HOLE CARDS ***
Dealt to Dorex2007 [6s 8s]
KaraFara: calls $0.02
BluckD has timed out
BluckD: folds 
FJL1966: folds 
KomradDorean: folds 
paul853: calls $0.02
kio_kkk: folds 
Dorex2007: calls $0.01
Huayco 95: checks 
*** FLOP *** [Ts 8h 7c]
Dorex2007: checks 
Huayco 95: checks 
KaraFara: bets $0.05
paul853: folds 
Dorex2007: folds 
Huayco 95: calls $0.05
*** TURN *** [Ts 8h 7c] [5h]
Huayco 95: checks 
KaraFara: bets $0.10
Huayco 95: calls $0.10
*** RIVER *** [Ts 8h 7c 5h] [Kc]
Huayco 95: checks 
KaraFara: checks 
*** SHOW DOWN ***
Huayco 95: shows [7d 7h] (three of a kind, Sevens)
KaraFara: mucks hand 
Huayco 95 collected $0.37 from pot
*** SUMMARY ***
Total pot $0.38 | Rake $0.01 
Board [Ts 8h 7c 5h Kc]
Seat 1: paul853 folded on the Flop
Seat 2: kio_kkk (button) folded before Flop (didn't bet)
Seat 3: Dorex2007 (small blind) folded on the Flop
Seat 4: Huayco 95 (big blind) showed [7d 7h] and won ($0.37) with three of a kind, Sevens
Seat 6: KaraFara mucked [Tc Jd]
Seat 7: BluckD folded before Flop (didn't bet)
Seat 8: FJL1966 folded before Flop (didn't bet)
Seat 9: KomradDorean folded before Flop (didn't bet)



PokerStars Hand #224436461009:  Hold'em No Limit ($0.01/$0.02 USD) - 2021/03/03 20:29:57 PT [2021/03/03 23:29:57 ET]
Table 'Venus II' 9-max Seat #3 is the button
Seat 1: paul853 ($1.49 in chips) 
Seat 2: kio_kkk ($1.48 in chips) 
Seat 3: Dorex2007 ($2.17 in chips) 
Seat 4: Huayco 95 ($1.20 in chips) 
Seat 6: KaraFara ($3.25 in chips) 
Seat 7: BluckD ($2.46 in chips) 
Seat 8: FJL1966 ($2.58 in chips) 
Seat 9: KomradDorean ($2.76 in chips) 
Huayco 95: posts small blind $0.01
KaraFara: posts big blind $0.02
*** HOLE CARDS ***
Dealt to Dorex2007 [2s 9s]
BluckD: folds 
FJL1966: calls $0.02
KomradDorean: folds 
paul853: calls $0.02
kio_kkk: calls $0.02
Dorex2007: folds 
Huayco 95: folds 
KaraFara: checks 
*** FLOP *** [7c Qd Ad]
KaraFara: checks 
FJL1966: checks 
paul853: bets $0.09
leo_leo_me joins the table at seat #5 
kio_kkk: folds 
KaraFara: folds 
FJL1966: folds 
Uncalled bet ($0.09) returned to paul853
paul853 collected $0.09 from pot
paul853: doesn't show hand 
*** SUMMARY ***
Total pot $0.09 | Rake $0 
Board [7c Qd Ad]
Seat 1: paul853 collected ($0.09)
Seat 2: kio_kkk folded on the Flop
Seat 3: Dorex2007 (button) folded before Flop (didn't bet)
Seat 4: Huayco 95 (small blind) folded before Flop
Seat 6: KaraFara (big blind) folded on the Flop
Seat 7: BluckD folded before Flop (didn't bet)
Seat 8: FJL1966 folded on the Flop
Seat 9: KomradDorean folded before Flop (didn't bet)



PokerStars Hand #224436468284:  Hold'em No Limit ($0.01/$0.02 USD) - 2021/03/03 20:30:32 PT [2021/03/03 23:30:32 ET]
Table 'Venus II' 9-max Seat #4 is the button
Seat 1: paul853 ($1.56 in chips) 
Seat 2: kio_kkk ($1.46 in chips) 
Seat 3: Dorex2007 ($2.17 in chips) 
Seat 4: Huayco 95 ($1.19 in chips) 
Seat 6: KaraFara ($3.23 in chips) 
Seat 7: BluckD ($2.46 in chips) 
Seat 8: FJL1966 ($2.56 in chips) 
Seat 9: KomradDorean ($2.76 in chips) 
KaraFara: posts small blind $0.01
BluckD: posts big blind $0.02
*** HOLE CARDS ***
Dealt to Dorex2007 [9d 4c]
FJL1966: folds 
KomradDorean: folds 
paul853: folds 
kio_kkk: folds 
Dorex2007: folds 
Huayco 95: folds 
KaraFara: folds 
Uncalled bet ($0.01) returned to BluckD
BluckD collected $0.02 from pot
BluckD: doesn't show hand 
*** SUMMARY ***
Total pot $0.02 | Rake $0 
Seat 1: paul853 folded before Flop (didn't bet)
Seat 2: kio_kkk folded before Flop (didn't bet)
Seat 3: Dorex2007 folded before Flop (didn't bet)
Seat 4: Huayco 95 (button) folded before Flop (didn't bet)
Seat 6: KaraFara (small blind) folded before Flop
Seat 7: BluckD (big blind) collected ($0.02)
Seat 8: FJL1966 folded before Flop (didn't bet)
Seat 9: KomradDorean folded before Flop (didn't bet)



PokerStars Hand #224436472025:  Hold'em No Limit ($0.01/$0.02 USD) - 2021/03/03 20:30:49 PT [2021/03/03 23:30:49 ET]
Table 'Venus II' 9-max Seat #6 is the button
Seat 1: paul853 ($1.56 in chips) 
Seat 2: kio_kkk ($1.46 in chips) 
Seat 3: Dorex2007 ($2.17 in chips) 
Seat 4: Huayco 95 ($1.19 in chips) 
Seat 6: KaraFara ($3.22 in chips) 
Seat 7: BluckD ($2.47 in chips) 
Seat 8: FJL1966 ($2.56 in chips) 
Seat 9: KomradDorean ($2.76 in chips) 
BluckD: posts small blind $0.01
FJL1966: posts big blind $0.02
leo_leo_me: sits out 
*** HOLE CARDS ***
Dealt to Dorex2007 [Jh 2h]
KomradDorean: folds 
paul853: folds 
kio_kkk: folds 
Dorex2007: folds 
Huayco 95: folds 
KaraFara: folds 
BluckD: raises $0.04 to $0.06
FJL1966: folds 
Uncalled bet ($0.04) returned to BluckD
BluckD collected $0.04 from pot
BluckD: doesn't show hand 
*** SUMMARY ***
Total pot $0.04 | Rake $0 
Seat 1: paul853 folded before Flop (didn't bet)
Seat 2: kio_kkk folded before Flop (didn't bet)
Seat 3: Dorex2007 folded before Flop (didn't bet)
Seat 4: Huayco 95 folded before Flop (didn't bet)
Seat 6: KaraFara (button) folded before Flop (didn't bet)
Seat 7: BluckD (small blind) collected ($0.04)
Seat 8: FJL1966 (big blind) folded before Flop
Seat 9: KomradDorean folded before Flop (didn't bet)



PokerStars Hand #224436476025:  Hold'em No Limit ($0.01/$0.02 USD) - 2021/03/03 20:31:08 PT [2021/03/03 23:31:08 ET]
Table 'Venus II' 9-max Seat #7 is the button
Seat 1: paul853 ($1.56 in chips) 
Seat 2: kio_kkk ($1.46 in chips) 
Seat 3: Dorex2007 ($2.17 in chips) 
Seat 4: Huayco 95 ($1.19 in chips) 
Seat 6: KaraFara ($3.22 in chips) 
Seat 7: BluckD ($2.49 in chips) 
Seat 8: FJL1966 ($2.54 in chips) 
Seat 9: KomradDorean ($2.76 in chips) 
FJL1966: posts small blind $0.01
KomradDorean: posts big blind $0.02
leo_leo_me: sits out 
*** HOLE CARDS ***
Dealt to Dorex2007 [6d Ts]
paul853: raises $0.02 to $0.04
kio_kkk: calls $0.04
Dorex2007: folds 
Huayco 95: folds 
KaraFara: raises $0.06 to $0.10
BluckD: folds 
FJL1966: folds 
KomradDorean: folds 
paul853: calls $0.06
kio_kkk: calls $0.06
*** FLOP *** [9d 3c 8c]
paul853: checks 
kio_kkk: checks 
KaraFara: checks 
*** TURN *** [9d 3c 8c] [5d]
paul853: bets $0.32
kio_kkk: folds 
KaraFara: folds 
Uncalled bet ($0.32) returned to paul853
paul853 collected $0.32 from pot
paul853: doesn't show hand 
*** SUMMARY ***
Total pot $0.33 | Rake $0.01 
Board [9d 3c 8c 5d]
Seat 1: paul853 collected ($0.32)
Seat 2: kio_kkk folded on the Turn
Seat 3: Dorex2007 folded before Flop (didn't bet)
Seat 4: Huayco 95 folded before Flop (didn't bet)
Seat 6: KaraFara folded on the Turn
Seat 7: BluckD (button) folded before Flop (didn't bet)
Seat 8: FJL1966 (small blind) folded before Flop
Seat 9: KomradDorean (big blind) folded before Flop



PokerStars Hand #224436496988:  Hold'em No Limit ($0.01/$0.02 USD) - 2021/03/03 20:32:46 PT [2021/03/03 23:32:46 ET]
Table 'Venus II' 9-max Seat #8 is the button
Seat 1: paul853 ($1.78 in chips) 
Seat 2: kio_kkk ($1.36 in chips) 
Seat 3: Dorex2007 ($2.17 in chips) 
Seat 4: Huayco 95 ($1.19 in chips) 
Seat 6: KaraFara ($3.12 in chips) 
Seat 7: BluckD ($2.49 in chips) 
Seat 8: FJL1966 ($2.53 in chips) 
Seat 9: KomradDorean ($2.74 in chips) 
KomradDorean: posts small blind $0.01
paul853: posts big blind $0.02
leo_leo_me: sits out 
*** HOLE CARDS ***
Dealt to Dorex2007 [Js Ad]
kio_kkk: folds 
Dorex2007: raises $0.04 to $0.06
Huayco 95: folds 
KaraFara: folds 
BluckD: folds 
FJL1966: folds 
KomradDorean: calls $0.05
paul853: calls $0.04
*** FLOP *** [4c Jc Qh]
KomradDorean: checks 
paul853: checks 
Dorex2007: bets $0.17
KomradDorean: folds 
paul853: folds 
Uncalled bet ($0.17) returned to Dorex2007
Dorex2007 collected $0.17 from pot
Dorex2007: doesn't show hand 
*** SUMMARY ***
Total pot $0.18 | Rake $0.01 
Board [4c Jc Qh]
Seat 1: paul853 (big blind) folded on the Flop
Seat 2: kio_kkk folded before Flop (didn't bet)
Seat 3: Dorex2007 collected ($0.17)
Seat 4: Huayco 95 folded before Flop (didn't bet)
Seat 6: KaraFara folded before Flop (didn't bet)
Seat 7: BluckD folded before Flop (didn't bet)
Seat 8: FJL1966 (button) folded before Flop (didn't bet)
Seat 9: KomradDorean (small blind) folded on the Flop



PokerStars Hand #224436505687:  Hold'em No Limit ($0.01/$0.02 USD) - 2021/03/03 20:33:27 PT [2021/03/03 23:33:27 ET]
Table 'Venus II' 9-max Seat #9 is the button
Seat 1: paul853 ($1.72 in chips) 
Seat 2: kio_kkk ($1.36 in chips) 
Seat 3: Dorex2007 ($2.28 in chips) 
Seat 4: Huayco 95 ($1.19 in chips) 
Seat 6: KaraFara ($3.12 in chips) 
Seat 7: BluckD ($2.49 in chips) 
Seat 8: FJL1966 ($2.53 in chips) 
Seat 9: KomradDorean ($2.68 in chips) 
paul853: posts small blind $0.01
kio_kkk: posts big blind $0.02
leo_leo_me: sits out 
*** HOLE CARDS ***
Dealt to Dorex2007 [Jc 5s]
Dorex2007: folds 
Huayco 95: folds 
KaraFara: folds 
BluckD: raises $0.04 to $0.06
FJL1966: folds 
KomradDorean: folds 
paul853: folds 
kio_kkk: calls $0.04
*** FLOP *** [Tc Td 7h]
kio_kkk: checks 
BluckD: bets $0.04
kio_kkk: folds 
Uncalled bet ($0.04) returned to BluckD
BluckD collected $0.13 from pot
BluckD: doesn't show hand 
*** SUMMARY ***
Total pot $0.13 | Rake $0 
Board [Tc Td 7h]
Seat 1: paul853 (small blind) folded before Flop
Seat 2: kio_kkk (big blind) folded on the Flop
Seat 3: Dorex2007 folded before Flop (didn't bet)
Seat 4: Huayco 95 folded before Flop (didn't bet)
Seat 6: KaraFara folded before Flop (didn't bet)
Seat 7: BluckD collected ($0.13)
Seat 8: FJL1966 folded before Flop (didn't bet)
Seat 9: KomradDorean (button) folded before Flop (didn't bet)



PokerStars Hand #224436514721:  Hold'em No Limit ($0.01/$0.02 USD) - 2021/03/03 20:34:11 PT [2021/03/03 23:34:11 ET]
Table 'Venus II' 9-max Seat #1 is the button
Seat 1: paul853 ($1.71 in chips) 
Seat 2: kio_kkk ($1.30 in chips) 
Seat 3: Dorex2007 ($2.28 in chips) 
Seat 4: Huayco 95 ($1.19 in chips) 
Seat 6: KaraFara ($3.12 in chips) 
Seat 7: BluckD ($2.56 in chips) 
Seat 8: FJL1966 ($2.53 in chips) 
Seat 9: KomradDorean ($2.68 in chips) 
kio_kkk: posts small blind $0.01
Dorex2007: posts big blind $0.02
leo_leo_me: sits out 
*** HOLE CARDS ***
Dealt to Dorex2007 [5d 3c]
Huayco 95: folds 
KaraFara: folds 
BluckD: raises $0.04 to $0.06
FJL1966: folds 
KomradDorean: folds 
paul853: folds 
kio_kkk: calls $0.05
Dorex2007: folds 
*** FLOP *** [3h Ah 6s]
kio_kkk: checks 
BluckD: bets $0.05
kio_kkk: calls $0.05
*** TURN *** [3h Ah 6s] [Kc]
kio_kkk: checks 
BluckD: checks 
*** RIVER *** [3h Ah 6s Kc] [7d]
kio_kkk: checks 
BluckD: bets $0.17
kio_kkk: folds 
Uncalled bet ($0.17) returned to BluckD
BluckD collected $0.23 from pot
BluckD: doesn't show hand 
*** SUMMARY ***
Total pot $0.24 | Rake $0.01 
Board [3h Ah 6s Kc 7d]
Seat 1: paul853 (button) folded before Flop (didn't bet)
Seat 2: kio_kkk (small blind) folded on the River
Seat 3: Dorex2007 (big blind) folded before Flop
Seat 4: Huayco 95 folded before Flop (didn't bet)
Seat 6: KaraFara folded before Flop (didn't bet)
Seat 7: BluckD collected ($0.23)
Seat 8: FJL1966 folded before Flop (didn't bet)
Seat 9: KomradDorean folded before Flop (didn't bet)



PokerStars Hand #224436536240:  Hold'em No Limit ($0.01/$0.02 USD) - 2021/03/03 20:35:26 PT [2021/03/03 23:35:26 ET]
Table 'Venus II' 9-max Seat #2 is the button
Seat 1: paul853 ($1.71 in chips) 
Seat 2: kio_kkk ($1.19 in chips) 
Seat 3: Dorex2007 ($2.26 in chips) 
Seat 4: Huayco 95 ($1.19 in chips) 
Seat 6: KaraFara ($3.12 in chips) 
Seat 7: BluckD ($2.68 in chips) 
Seat 8: FJL1966 ($2.53 in chips) 
Seat 9: KomradDorean ($2.68 in chips) 
Dorex2007: posts small blind $0.01
Huayco 95: posts big blind $0.02
leo_leo_me: sits out 
*** HOLE CARDS ***
Dealt to Dorex2007 [Td 2c]
KaraFara: folds 
BluckD: raises $0.04 to $0.06
FJL1966: folds 
KomradDorean: folds 
paul853: folds 
kio_kkk: calls $0.06
Dorex2007: folds 
Huayco 95: folds 
*** FLOP *** [6s 8h Ks]
BluckD: checks 
kio_kkk: checks 
*** TURN *** [6s 8h Ks] [5d]
BluckD: checks 
kio_kkk: checks 
*** RIVER *** [6s 8h Ks 5d] [3s]
BluckD: checks 
kio_kkk: checks 
*** SHOW DOWN ***
BluckD: shows [4c Ac] (high card Ace)
kio_kkk: shows [Ad Qs] (high card Ace - King+Queen kicker)
kio_kkk collected $0.14 from pot
*** SUMMARY ***
Total pot $0.15 | Rake $0.01 
Board [6s 8h Ks 5d 3s]
Seat 1: paul853 folded before Flop (didn't bet)
Seat 2: kio_kkk (button) showed [Ad Qs] and won ($0.14) with high card Ace
Seat 3: Dorex2007 (small blind) folded before Flop
Seat 4: Huayco 95 (big blind) folded before Flop
Seat 6: KaraFara folded before Flop (didn't bet)
Seat 7: BluckD showed [4c Ac] and lost with high card Ace
Seat 8: FJL1966 folded before Flop (didn't bet)
Seat 9: KomradDorean folded before Flop (didn't bet)



PokerStars Hand #224436544172:  Hold'em No Limit ($0.01/$0.02 USD) - 2021/03/03 20:36:04 PT [2021/03/03 23:36:04 ET]
Table 'Venus II' 9-max Seat #3 is the button
Seat 1: paul853 ($1.71 in chips) 
Seat 2: kio_kkk ($1.27 in chips) 
Seat 3: Dorex2007 ($2.25 in chips) 
Seat 4: Huayco 95 ($1.17 in chips) 
Seat 5: leo_leo_me ($0.80 in chips) 
Seat 6: KaraFara ($3.12 in chips) 
Seat 7: BluckD ($2.62 in chips) 
Seat 8: FJL1966 ($2.53 in chips) 
Seat 9: KomradDorean ($2.68 in chips) 
Huayco 95: posts small blind $0.01
leo_leo_me: posts big blind $0.02
*** HOLE CARDS ***
Dealt to Dorex2007 [2c Kd]
KaraFara: folds 
BluckD: raises $0.04 to $0.06
FJL1966: folds 
KomradDorean: folds 
paul853: calls $0.06
kio_kkk: folds 
Dorex2007: folds 
Huayco 95: folds 
leo_leo_me: folds 
*** FLOP *** [5c Qs Ad]
BluckD: bets $0.05
paul853: folds 
Uncalled bet ($0.05) returned to BluckD
BluckD collected $0.14 from pot
BluckD: doesn't show hand 
*** SUMMARY ***
Total pot $0.15 | Rake $0.01 
Board [5c Qs Ad]
Seat 1: paul853 folded on the Flop
Seat 2: kio_kkk folded before Flop (didn't bet)
Seat 3: Dorex2007 (button) folded before Flop (didn't bet)
Seat 4: Huayco 95 (small blind) folded before Flop
Seat 5: leo_leo_me (big blind) folded before Flop
Seat 6: KaraFara folded before Flop (didn't bet)
Seat 7: BluckD collected ($0.14)
Seat 8: FJL1966 folded before Flop (didn't bet)
Seat 9: KomradDorean folded before Flop (didn't bet)



PokerStars Hand #224436550422:  Hold'em No Limit ($0.01/$0.02 USD) - 2021/03/03 20:36:34 PT [2021/03/03 23:36:34 ET]
Table 'Venus II' 9-max Seat #4 is the button
Seat 1: paul853 ($1.65 in chips) 
Seat 2: kio_kkk ($1.27 in chips) 
Seat 3: Dorex2007 ($2.25 in chips) 
Seat 4: Huayco 95 ($1.16 in chips) 
Seat 5: leo_leo_me ($0.78 in chips) 
Seat 6: KaraFara ($3.12 in chips) 
Seat 7: BluckD ($2.70 in chips) 
Seat 8: FJL1966 ($2.53 in chips) 
Seat 9: KomradDorean ($2.68 in chips) 
leo_leo_me: posts small blind $0.01
KaraFara: posts big blind $0.02
*** HOLE CARDS ***
Dealt to Dorex2007 [6s 7h]
BluckD: folds 
FJL1966: folds 
KomradDorean: folds 
paul853: folds 
kio_kkk: calls $0.02
Dorex2007: folds 
Huayco 95: folds 
leo_leo_me: calls $0.01
KaraFara: checks 
*** FLOP *** [8c Ac Ks]
leo_leo_me: checks 
KaraFara: checks 
kio_kkk: bets $0.04
leo_leo_me: folds 
KaraFara: folds 
Uncalled bet ($0.04) returned to kio_kkk
kio_kkk collected $0.06 from pot
kio_kkk: doesn't show hand 
*** SUMMARY ***
Total pot $0.06 | Rake $0 
Board [8c Ac Ks]
Seat 1: paul853 folded before Flop (didn't bet)
Seat 2: kio_kkk collected ($0.06)
Seat 3: Dorex2007 folded before Flop (didn't bet)
Seat 4: Huayco 95 (button) folded before Flop (didn't bet)
Seat 5: leo_leo_me (small blind) folded on the Flop
Seat 6: KaraFara (big blind) folded on the Flop
Seat 7: BluckD folded before Flop (didn't bet)
Seat 8: FJL1966 folded before Flop (didn't bet)
Seat 9: KomradDorean folded before Flop (didn't bet)



PokerStars Hand #224436558197:  Hold'em No Limit ($0.01/$0.02 USD) - 2021/03/03 20:37:11 PT [2021/03/03 23:37:11 ET]
Table 'Venus II' 9-max Seat #5 is the button
Seat 1: paul853 ($1.65 in chips) 
Seat 2: kio_kkk ($1.31 in chips) 
Seat 3: Dorex2007 ($2.25 in chips) 
Seat 4: Huayco 95 ($1.16 in chips) 
Seat 5: leo_leo_me ($0.76 in chips) 
Seat 6: KaraFara ($3.10 in chips) 
Seat 7: BluckD ($2.70 in chips) 
Seat 8: FJL1966 ($2.53 in chips) 
Seat 9: KomradDorean ($2.68 in chips) 
KaraFara: posts small blind $0.01
BluckD: posts big blind $0.02
*** HOLE CARDS ***
Dealt to Dorex2007 [4d As]
FJL1966: folds 
KomradDorean: folds 
paul853: calls $0.02
kio_kkk: folds 
Dorex2007: folds 
Huayco 95: folds 
leo_leo_me: folds 
KaraFara: folds 
BluckD: checks 
*** FLOP *** [9c 7s 2h]
BluckD: checks 
paul853: checks 
*** TURN *** [9c 7s 2h] [Ah]
BluckD: checks 
paul853: checks 
*** RIVER *** [9c 7s 2h Ah] [Kd]
BluckD: checks 
paul853: checks 
*** SHOW DOWN ***
BluckD: shows [5d 4s] (high card Ace)
paul853: shows [Qs Tc] (high card Ace - King+Queen kicker)
paul853 collected $0.05 from pot
*** SUMMARY ***
Total pot $0.05 | Rake $0 
Board [9c 7s 2h Ah Kd]
Seat 1: paul853 showed [Qs Tc] and won ($0.05) with high card Ace
Seat 2: kio_kkk folded before Flop (didn't bet)
Seat 3: Dorex2007 folded before Flop (didn't bet)
Seat 4: Huayco 95 folded before Flop (didn't bet)
Seat 5: leo_leo_me (button) folded before Flop (didn't bet)
Seat 6: KaraFara (small blind) folded before Flop
Seat 7: BluckD (big blind) showed [5d 4s] and lost with high card Ace
Seat 8: FJL1966 folded before Flop (didn't bet)
Seat 9: KomradDorean folded before Flop (didn't bet)



PokerStars Hand #224436563482:  Hold'em No Limit ($0.01/$0.02 USD) - 2021/03/03 20:37:36 PT [2021/03/03 23:37:36 ET]
Table 'Venus II' 9-max Seat #6 is the button
Seat 1: paul853 ($1.68 in chips) 
Seat 2: kio_kkk ($1.31 in chips) 
Seat 3: Dorex2007 ($2.25 in chips) 
Seat 4: Huayco 95 ($1.16 in chips) 
Seat 5: leo_leo_me ($0.76 in chips) 
Seat 6: KaraFara ($3.09 in chips) 
Seat 7: BluckD ($2.68 in chips) 
Seat 8: FJL1966 ($2.53 in chips) 
Seat 9: KomradDorean ($2.68 in chips) 
BluckD: posts small blind $0.01
FJL1966: posts big blind $0.02
*** HOLE CARDS ***
Dealt to Dorex2007 [Kc Ts]
KomradDorean has timed out
KomradDorean: folds 
paul853: folds 
kio_kkk: folds 
Dorex2007: raises $0.02 to $0.04
paul853 leaves the table
Huayco 95: folds 
leo_leo_me: folds 
KaraFara: folds 
BluckD: folds 
FJL1966: folds 
Uncalled bet ($0.02) returned to Dorex2007
Dorex2007 collected $0.05 from pot
Dorex2007: doesn't show hand 
*** SUMMARY ***
Total pot $0.05 | Rake $0 
Seat 1: paul853 folded before Flop (didn't bet)
Seat 2: kio_kkk folded before Flop (didn't bet)
Seat 3: Dorex2007 collected ($0.05)
Seat 4: Huayco 95 folded before Flop (didn't bet)
Seat 5: leo_leo_me folded before Flop (didn't bet)
Seat 6: KaraFara (button) folded before Flop (didn't bet)
Seat 7: BluckD (small blind) folded before Flop
Seat 8: FJL1966 (big blind) folded before Flop
Seat 9: KomradDorean folded before Flop (didn't bet)



PokerStars Hand #224436570531:  Hold'em No Limit ($0.01/$0.02 USD) - 2021/03/03 20:38:10 PT [2021/03/03 23:38:10 ET]
Table 'Venus II' 9-max Seat #7 is the button
Seat 2: kio_kkk ($1.31 in chips) 
Seat 3: Dorex2007 ($2.28 in chips) 
Seat 4: Huayco 95 ($1.16 in chips) 
Seat 5: leo_leo_me ($0.76 in chips) 
Seat 6: KaraFara ($3.09 in chips) 
Seat 7: BluckD ($2.67 in chips) 
Seat 8: FJL1966 ($2.51 in chips) 
FJL1966: posts small blind $0.01
kio_kkk: posts big blind $0.02
*** HOLE CARDS ***
Dealt to Dorex2007 [5c 7d]
Dorex2007: folds 
Huayco 95: folds 
leo_leo_me: folds 
KaraFara: folds 
BluckD: raises $0.03 to $0.05
FJL1966: folds 
kio_kkk: calls $0.03
*** FLOP *** [3s 9c Qs]
kio_kkk: checks 
BluckD: bets $0.04
kio_kkk: folds 
Uncalled bet ($0.04) returned to BluckD
BluckD collected $0.11 from pot
BluckD: doesn't show hand 
*** SUMMARY ***
Total pot $0.11 | Rake $0 
Board [3s 9c Qs]
Seat 2: kio_kkk (big blind) folded on the Flop
Seat 3: Dorex2007 folded before Flop (didn't bet)
Seat 4: Huayco 95 folded before Flop (didn't bet)
Seat 5: leo_leo_me folded before Flop (didn't bet)
Seat 6: KaraFara folded before Flop (didn't bet)
Seat 7: BluckD (button) collected ($0.11)
Seat 8: FJL1966 (small blind) folded before Flop



PokerStars Hand #224436577134:  Hold'em No Limit ($0.01/$0.02 USD) - 2021/03/03 20:38:43 PT [2021/03/03 23:38:43 ET]
Table 'Venus II' 9-max Seat #8 is the button
Seat 2: kio_kkk ($1.26 in chips) 
Seat 3: Dorex2007 ($2.28 in chips) 
Seat 4: Huayco 95 ($1.16 in chips) 
Seat 5: leo_leo_me ($0.76 in chips) 
Seat 6: KaraFara ($3.09 in chips) 
Seat 7: BluckD ($2.73 in chips) 
Seat 8: FJL1966 ($2.50 in chips) 
kio_kkk: posts small blind $0.01
Dorex2007: posts big blind $0.02
*** HOLE CARDS ***
Dealt to Dorex2007 [8c Qs]
Huayco 95: folds 
leo_leo_me: folds 
KaraFara: calls $0.02
BluckD: folds 
FJL1966: folds 
kio_kkk: raises $0.04 to $0.06
Dorex2007: folds 
KaraFara: calls $0.04
*** FLOP *** [9d 6d As]
kio_kkk: checks 
KaraFara: checks 
*** TURN *** [9d 6d As] [6h]
kio_kkk: bets $0.07
KaraFara: folds 
Uncalled bet ($0.07) returned to kio_kkk
kio_kkk collected $0.14 from pot
kio_kkk: doesn't show hand 
*** SUMMARY ***
Total pot $0.14 | Rake $0 
Board [9d 6d As 6h]
Seat 2: kio_kkk (small blind) collected ($0.14)
Seat 3: Dorex2007 (big blind) folded before Flop
Seat 4: Huayco 95 folded before Flop (didn't bet)
Seat 5: leo_leo_me folded before Flop (didn't bet)
Seat 6: KaraFara folded on the Turn
Seat 7: BluckD folded before Flop (didn't bet)
Seat 8: FJL1966 (button) folded before Flop (didn't bet)



PokerStars Hand #224436587955:  Hold'em No Limit ($0.01/$0.02 USD) - 2021/03/03 20:39:35 PT [2021/03/03 23:39:35 ET]
Table 'Venus II' 9-max Seat #2 is the button
Seat 2: kio_kkk ($1.34 in chips) 
Seat 3: Dorex2007 ($2.26 in chips) 
Seat 4: Huayco 95 ($1.16 in chips) 
Seat 5: leo_leo_me ($0.76 in chips) 
Seat 6: KaraFara ($3.03 in chips) 
Seat 7: BluckD ($2.73 in chips) 
Seat 8: FJL1966 ($2.50 in chips) 
Dorex2007: posts small blind $0.01
Huayco 95: posts big blind $0.02
*** HOLE CARDS ***
Dealt to Dorex2007 [9s 3d]
leo_leo_me: folds 
KaraFara: raises $0.02 to $0.04
BluckD: calls $0.04
FJL1966: folds 
Vaksuller joins the table at seat #1 
kio_kkk: calls $0.04
Dorex2007: folds 
Huayco 95: folds 
*** FLOP *** [6d Kc 7h]
KaraFara: checks 
BluckD: bets $0.11
kio_kkk: folds 
KaraFara: folds 
Uncalled bet ($0.11) returned to BluckD
BluckD collected $0.14 from pot
BluckD: doesn't show hand 
*** SUMMARY ***
Total pot $0.15 | Rake $0.01 
Board [6d Kc 7h]
Seat 2: kio_kkk (button) folded on the Flop
Seat 3: Dorex2007 (small blind) folded before Flop
Seat 4: Huayco 95 (big blind) folded before Flop
Seat 5: leo_leo_me folded before Flop (didn't bet)
Seat 6: KaraFara folded on the Flop
Seat 7: BluckD collected ($0.14)
Seat 8: FJL1966 folded before Flop (didn't bet)



PokerStars Hand #224436599920:  Hold'em No Limit ($0.01/$0.02 USD) - 2021/03/03 20:40:34 PT [2021/03/03 23:40:34 ET]
Table 'Venus II' 9-max Seat #3 is the button
Seat 2: kio_kkk ($1.30 in chips) 
Seat 3: Dorex2007 ($2.25 in chips) 
Seat 4: Huayco 95 ($1.14 in chips) 
Seat 5: leo_leo_me ($0.76 in chips) 
Seat 6: KaraFara ($2.99 in chips) 
Seat 7: BluckD ($2.83 in chips) 
Seat 8: FJL1966 ($2.50 in chips) 
Huayco 95: posts small blind $0.01
leo_leo_me: posts big blind $0.02
Vaksuller: sits out 
*** HOLE CARDS ***
Dealt to Dorex2007 [5d Qs]
KaraFara: folds 
BluckD: folds 
FJL1966: folds 
kio_kkk: folds 
Dorex2007: folds 
Huayco 95: calls $0.01
leo_leo_me: checks 
*** FLOP *** [9d 4d Kh]
Huayco 95: checks 
leo_leo_me: bets $0.02
Huayco 95: calls $0.02
*** TURN *** [9d 4d Kh] [8h]
Huayco 95: checks 
leo_leo_me: bets $0.02
Huayco 95: calls $0.02
*** RIVER *** [9d 4d Kh 8h] [7s]
Huayco 95: checks 
leo_leo_me: checks 
*** SHOW DOWN ***
Huayco 95: shows [Jh 9h] (a pair of Nines)
leo_leo_me: shows [Kd 6c] (a pair of Kings)
leo_leo_me collected $0.12 from pot
*** SUMMARY ***
Total pot $0.12 | Rake $0 
Board [9d 4d Kh 8h 7s]
Seat 2: kio_kkk folded before Flop (didn't bet)
Seat 3: Dorex2007 (button) folded before Flop (didn't bet)
Seat 4: Huayco 95 (small blind) showed [Jh 9h] and lost with a pair of Nines
Seat 5: leo_leo_me (big blind) showed [Kd 6c] and won ($0.12) with a pair of Kings
Seat 6: KaraFara folded before Flop (didn't bet)
Seat 7: BluckD folded before Flop (didn't bet)
Seat 8: FJL1966 folded before Flop (didn't bet)



PokerStars Hand #224436611373:  Hold'em No Limit ($0.01/$0.02 USD) - 2021/03/03 20:41:26 PT [2021/03/03 23:41:26 ET]
Table 'Venus II' 9-max Seat #4 is the button
Seat 2: kio_kkk ($1.30 in chips) 
Seat 3: Dorex2007 ($2.25 in chips) 
Seat 4: Huayco 95 ($1.08 in chips) 
Seat 5: leo_leo_me ($0.82 in chips) 
Seat 6: KaraFara ($2.99 in chips) 
Seat 7: BluckD ($2.83 in chips) 
Seat 8: FJL1966 ($2.50 in chips) 
leo_leo_me: posts small blind $0.01
KaraFara: posts big blind $0.02
Vaksuller: sits out 
*** HOLE CARDS ***
Dealt to Dorex2007 [5d Ts]
BluckD: folds 
FJL1966: folds 
kio_kkk: calls $0.02
Dorex2007: folds 
Huayco 95: folds 
leo_leo_me: calls $0.01
KaraFara: checks 
*** FLOP *** [Qh 8d 5s]
leo_leo_me: checks 
KaraFara: checks 
kio_kkk: checks 
*** TURN *** [Qh 8d 5s] [3d]
leo_leo_me: checks 
KaraFara: checks 
kio_kkk: bets $0.04
leo_leo_me: folds 
KaraFara: folds 
Uncalled bet ($0.04) returned to kio_kkk
kio_kkk collected $0.06 from pot
kio_kkk: doesn't show hand 
*** SUMMARY ***
Total pot $0.06 | Rake $0 
Board [Qh 8d 5s 3d]
Seat 2: kio_kkk collected ($0.06)
Seat 3: Dorex2007 folded before Flop (didn't bet)
Seat 4: Huayco 95 (button) folded before Flop (didn't bet)
Seat 5: leo_leo_me (small blind) folded on the Turn
Seat 6: KaraFara (big blind) folded on the Turn
Seat 7: BluckD folded before Flop (didn't bet)
Seat 8: FJL1966 folded before Flop (didn't bet)



PokerStars Hand #224436620704:  Hold'em No Limit ($0.01/$0.02 USD) - 2021/03/03 20:42:13 PT [2021/03/03 23:42:13 ET]
Table 'Venus II' 9-max Seat #5 is the button
Seat 2: kio_kkk ($1.34 in chips) 
Seat 3: Dorex2007 ($2.25 in chips) 
Seat 4: Huayco 95 ($1.08 in chips) 
Seat 5: leo_leo_me ($0.80 in chips) 
Seat 6: KaraFara ($2.97 in chips) 
Seat 7: BluckD ($2.83 in chips) 
Seat 8: FJL1966 ($2.50 in chips) 
KaraFara: posts small blind $0.01
BluckD: posts big blind $0.02
Vaksuller: sits out 
*** HOLE CARDS ***
Dealt to Dorex2007 [7h Kc]
FJL1966: folds 
kio_kkk: calls $0.02
Dorex2007: folds 
Huayco 95: folds 
leo_leo_me: calls $0.02
KaraFara: folds 
BluckD: checks 
*** FLOP *** [8s Ts Kh]
BluckD: checks 
kio_kkk: checks 
leo_leo_me: checks 
*** TURN *** [8s Ts Kh] [4c]
BluckD: checks 
kio_kkk: checks 
leo_leo_me: checks 
*** RIVER *** [8s Ts Kh 4c] [9s]
BluckD: checks 
kio_kkk: checks 
leo_leo_me: checks 
*** SHOW DOWN ***
BluckD: shows [3h Ah] (high card Ace)
kio_kkk: mucks hand 
leo_leo_me: shows [Ac Qd] (high card Ace - King+Queen kicker)
leo_leo_me collected $0.07 from pot
*** SUMMARY ***
Total pot $0.07 | Rake $0 
Board [8s Ts Kh 4c 9s]
Seat 2: kio_kkk mucked [5c 6c]
Seat 3: Dorex2007 folded before Flop (didn't bet)
Seat 4: Huayco 95 folded before Flop (didn't bet)
Seat 5: leo_leo_me (button) showed [Ac Qd] and won ($0.07) with high card Ace
Seat 6: KaraFara (small blind) folded before Flop
Seat 7: BluckD (big blind) showed [3h Ah] and lost with high card Ace
Seat 8: FJL1966 folded before Flop (didn't bet)



PokerStars Hand #224436630534:  Hold'em No Limit ($0.01/$0.02 USD) - 2021/03/03 20:43:01 PT [2021/03/03 23:43:01 ET]
Table 'Venus II' 9-max Seat #6 is the button
Seat 2: kio_kkk ($1.32 in chips) 
Seat 3: Dorex2007 ($2.25 in chips) 
Seat 4: Huayco 95 ($1.08 in chips) 
Seat 5: leo_leo_me ($0.85 in chips) 
Seat 6: KaraFara ($2.96 in chips) 
Seat 7: BluckD ($2.81 in chips) 
Seat 8: FJL1966 ($2.50 in chips) 
BluckD: posts small blind $0.01
FJL1966: posts big blind $0.02
Vaksuller: sits out 
*** HOLE CARDS ***
Dealt to Dorex2007 [2h 5d]
kio_kkk: calls $0.02
Dorex2007: folds 
Huayco 95: folds 
leo_leo_me: folds 
KaraFara: raises $0.04 to $0.06
BluckD: calls $0.05
FJL1966: folds 
kio_kkk: calls $0.04
*** FLOP *** [4c 2c Js]
BluckD: checks 
kio_kkk: checks 
KaraFara: bets $0.06
BluckD: calls $0.06
kio_kkk: calls $0.06
*** TURN *** [4c 2c Js] [8s]
BluckD: checks 
kio_kkk: checks 
KaraFara: checks 
*** RIVER *** [4c 2c Js 8s] [Qs]
BluckD: checks 
kio_kkk: checks 
KaraFara: checks 
*** SHOW DOWN ***
BluckD: shows [6h 5h] (high card Queen)
kio_kkk: shows [Kc 7c] (high card King)
KaraFara: shows [Kd Ah] (high card Ace)
KaraFara collected $0.37 from pot
*** SUMMARY ***
Total pot $0.38 | Rake $0.01 
Board [4c 2c Js 8s Qs]
Seat 2: kio_kkk showed [Kc 7c] and lost with high card King
Seat 3: Dorex2007 folded before Flop (didn't bet)
Seat 4: Huayco 95 folded before Flop (didn't bet)
Seat 5: leo_leo_me folded before Flop (didn't bet)
Seat 6: KaraFara (button) showed [Kd Ah] and won ($0.37) with high card Ace
Seat 7: BluckD (small blind) showed [6h 5h] and lost with high card Queen
Seat 8: FJL1966 (big blind) folded before Flop



PokerStars Hand #224436645151:  Hold'em No Limit ($0.01/$0.02 USD) - 2021/03/03 20:44:02 PT [2021/03/03 23:44:02 ET]
Table 'Venus II' 9-max Seat #7 is the button
Seat 1: Vaksuller ($0.80 in chips) 
Seat 2: kio_kkk ($1.20 in chips) 
Seat 3: Dorex2007 ($2.25 in chips) 
Seat 4: Huayco 95 ($1.08 in chips) 
Seat 5: leo_leo_me ($0.85 in chips) 
Seat 6: KaraFara ($3.21 in chips) 
Seat 7: BluckD ($2.69 in chips) 
Seat 8: FJL1966 ($2.48 in chips) 
FJL1966: posts small blind $0.01
Vaksuller: posts big blind $0.02
*** HOLE CARDS ***
Dealt to Dorex2007 [4c 7c]
kio_kkk: folds 
Dorex2007: folds 
Huayco 95: folds 
leo_leo_me: folds 
KaraFara: folds 
BluckD: raises $0.03 to $0.05
FJL1966: folds 
Vaksuller: calls $0.03
*** FLOP *** [3c 9d 4d]
Vaksuller: checks 
BluckD: checks 
*** TURN *** [3c 9d 4d] [7s]
Vaksuller: bets $0.06
BluckD: calls $0.06
*** RIVER *** [3c 9d 4d 7s] [Td]
Vaksuller: bets $0.06
BluckD: folds 
Uncalled bet ($0.06) returned to Vaksuller
Vaksuller collected $0.22 from pot
Vaksuller: doesn't show hand 
*** SUMMARY ***
Total pot $0.23 | Rake $0.01 
Board [3c 9d 4d 7s Td]
Seat 1: Vaksuller (big blind) collected ($0.22)
Seat 2: kio_kkk folded before Flop (didn't bet)
Seat 3: Dorex2007 folded before Flop (didn't bet)
Seat 4: Huayco 95 folded before Flop (didn't bet)
Seat 5: leo_leo_me folded before Flop (didn't bet)
Seat 6: KaraFara folded before Flop (didn't bet)
Seat 7: BluckD (button) folded on the River
Seat 8: FJL1966 (small blind) folded before Flop



PokerStars Hand #224436657379:  Hold'em No Limit ($0.01/$0.02 USD) - 2021/03/03 20:45:02 PT [2021/03/03 23:45:02 ET]
Table 'Venus II' 9-max Seat #8 is the button
Seat 1: Vaksuller ($0.91 in chips) 
Seat 2: kio_kkk ($1.20 in chips) 
Seat 3: Dorex2007 ($2.25 in chips) 
Seat 4: Huayco 95 ($1.08 in chips) 
Seat 5: leo_leo_me ($0.85 in chips) 
Seat 6: KaraFara ($3.21 in chips) 
Seat 7: BluckD ($2.58 in chips) 
Seat 8: FJL1966 ($2.47 in chips) 
Vaksuller: posts small blind $0.01
kio_kkk: posts big blind $0.02
*** HOLE CARDS ***
Dealt to Dorex2007 [4d 5h]
Dorex2007: folds 
Huayco 95: folds 
leo_leo_me: folds 
KaraFara: folds 
BluckD: folds 
FJL1966: folds 
Vaksuller: raises $0.02 to $0.04
kio_kkk: calls $0.02
*** FLOP *** [Qh Ah 3c]
Vaksuller: bets $0.06
kio_kkk: folds 
Uncalled bet ($0.06) returned to Vaksuller
Vaksuller collected $0.08 from pot
Vaksuller: doesn't show hand 
*** SUMMARY ***
Total pot $0.08 | Rake $0 
Board [Qh Ah 3c]
Seat 1: Vaksuller (small blind) collected ($0.08)
Seat 2: kio_kkk (big blind) folded on the Flop
Seat 3: Dorex2007 folded before Flop (didn't bet)
Seat 4: Huayco 95 folded before Flop (didn't bet)
Seat 5: leo_leo_me folded before Flop (didn't bet)
Seat 6: KaraFara folded before Flop (didn't bet)
Seat 7: BluckD folded before Flop (didn't bet)
Seat 8: FJL1966 (button) folded before Flop (didn't bet)



PokerStars Hand #224436665198:  Hold'em No Limit ($0.01/$0.02 USD) - 2021/03/03 20:45:41 PT [2021/03/03 23:45:41 ET]
Table 'Venus II' 9-max Seat #1 is the button
Seat 1: Vaksuller ($0.95 in chips) 
Seat 2: kio_kkk ($1.16 in chips) 
Seat 3: Dorex2007 ($2.25 in chips) 
Seat 4: Huayco 95 ($1.08 in chips) 
Seat 5: leo_leo_me ($0.85 in chips) 
Seat 6: KaraFara ($3.21 in chips) 
Seat 7: BluckD ($2.58 in chips) 
Seat 8: FJL1966 ($2.47 in chips) 
kio_kkk: posts small blind $0.01
Dorex2007: posts big blind $0.02
*** HOLE CARDS ***
Dealt to Dorex2007 [5h 5s]
Huayco 95: folds 
leo_leo_me: folds 
KaraFara: folds 
BluckD: folds 
FJL1966: calls $0.02
Vaksuller: calls $0.02
kio_kkk: calls $0.01
Dorex2007: checks 
*** FLOP *** [8h Ac 3d]
kio_kkk: checks 
Dorex2007: checks 
FJL1966: bets $0.08
Vaksuller: folds 
kio_kkk: folds 
Dorex2007: folds 
Uncalled bet ($0.08) returned to FJL1966
FJL1966 collected $0.08 from pot
FJL1966: doesn't show hand 
*** SUMMARY ***
Total pot $0.08 | Rake $0 
Board [8h Ac 3d]
Seat 1: Vaksuller (button) folded on the Flop
Seat 2: kio_kkk (small blind) folded on the Flop
Seat 3: Dorex2007 (big blind) folded on the Flop
Seat 4: Huayco 95 folded before Flop (didn't bet)
Seat 5: leo_leo_me folded before Flop (didn't bet)
Seat 6: KaraFara folded before Flop (didn't bet)
Seat 7: BluckD folded before Flop (didn't bet)
Seat 8: FJL1966 collected ($0.08)



PokerStars Hand #224436675671:  Hold'em No Limit ($0.01/$0.02 USD) - 2021/03/03 20:46:33 PT [2021/03/03 23:46:33 ET]
Table 'Venus II' 9-max Seat #2 is the button
Seat 1: Vaksuller ($0.93 in chips) 
Seat 2: kio_kkk ($1.14 in chips) 
Seat 3: Dorex2007 ($2.23 in chips) 
Seat 4: Huayco 95 ($1.08 in chips) 
Seat 5: leo_leo_me ($0.85 in chips) 
Seat 6: KaraFara ($3.21 in chips) 
Seat 7: BluckD ($2.58 in chips) 
Seat 8: FJL1966 ($2.53 in chips) 
Dorex2007: posts small blind $0.01
Huayco 95: posts big blind $0.02
*** HOLE CARDS ***
Dealt to Dorex2007 [6h 3h]
leo_leo_me: folds 
leo_leo_me leaves the table
KaraFara: folds 
BluckD has timed out
BluckD: folds 
FJL1966: folds 
Vaksuller: folds 
kio_kkk: calls $0.02
Dorex2007: folds 
Huayco 95: checks 
*** FLOP *** [Ah 5d 8h]
Huayco 95: checks 
kio_kkk: checks 
*** TURN *** [Ah 5d 8h] [Qh]
Huayco 95: checks 
kio_kkk: checks 
*** RIVER *** [Ah 5d 8h Qh] [8d]
Huayco 95: checks 
kio_kkk: checks 
*** SHOW DOWN ***
Huayco 95: shows [9s Kh] (a pair of Eights)
kio_kkk: shows [Tc Ks] (a pair of Eights)
Huayco 95 collected $0.03 from pot
kio_kkk collected $0.02 from pot
*** SUMMARY ***
Total pot $0.05 | Rake $0 
Board [Ah 5d 8h Qh 8d]
Seat 1: Vaksuller folded before Flop (didn't bet)
Seat 2: kio_kkk (button) showed [Tc Ks] and won ($0.02) with a pair of Eights
Seat 3: Dorex2007 (small blind) folded before Flop
Seat 4: Huayco 95 (big blind) showed [9s Kh] and won ($0.03) with a pair of Eights
Seat 5: leo_leo_me folded before Flop (didn't bet)
Seat 6: KaraFara folded before Flop (didn't bet)
Seat 7: BluckD folded before Flop (didn't bet)
Seat 8: FJL1966 folded before Flop (didn't bet)



PokerStars Hand #224436684856:  Hold'em No Limit ($0.01/$0.02 USD) - 2021/03/03 20:47:19 PT [2021/03/03 23:47:19 ET]
Table 'Venus II' 9-max Seat #3 is the button
Seat 1: Vaksuller ($0.93 in chips) 
Seat 2: kio_kkk ($1.14 in chips) 
Seat 3: Dorex2007 ($2.22 in chips) 
Seat 4: Huayco 95 ($1.09 in chips) 
Seat 6: KaraFara ($3.21 in chips) 
Seat 7: BluckD ($2.58 in chips) 
Seat 8: FJL1966 ($2.53 in chips) 
Huayco 95: posts small blind $0.01
KaraFara: posts big blind $0.02
*** HOLE CARDS ***
Dealt to Dorex2007 [Ad 4h]
TOM.T1021 joins the table at seat #5 
BluckD: folds 
FJL1966: folds 
Vaksuller: calls $0.02
kio_kkk: folds 
Dorex2007: folds 
Huayco 95: raises $0.02 to $0.04
KaraFara: folds 
Vaksuller: calls $0.02
*** FLOP *** [3h 2c 2s]
Huayco 95: bets $0.02
Vaksuller: folds 
Uncalled bet ($0.02) returned to Huayco 95
Huayco 95 collected $0.10 from pot
Huayco 95: doesn't show hand 
*** SUMMARY ***
Total pot $0.10 | Rake $0 
Board [3h 2c 2s]
Seat 1: Vaksuller folded on the Flop
Seat 2: kio_kkk folded before Flop (didn't bet)
Seat 3: Dorex2007 (button) folded before Flop (didn't bet)
Seat 4: Huayco 95 (small blind) collected ($0.10)
Seat 6: KaraFara (big blind) folded before Flop
Seat 7: BluckD folded before Flop (didn't bet)
Seat 8: FJL1966 folded before Flop (didn't bet)



PokerStars Hand #224436702045:  Hold'em No Limit ($0.01/$0.02 USD) - 2021/03/03 20:47:57 PT [2021/03/03 23:47:57 ET]
Table 'Venus II' 9-max Seat #4 is the button
Seat 1: Vaksuller ($0.89 in chips) 
Seat 2: kio_kkk ($1.14 in chips) 
Seat 3: Dorex2007 ($2.22 in chips) 
Seat 4: Huayco 95 ($1.15 in chips) 
Seat 6: KaraFara ($3.19 in chips) 
Seat 7: BluckD ($2.58 in chips) 
Seat 8: FJL1966 ($2.53 in chips) 
KaraFara: posts small blind $0.01
BluckD: posts big blind $0.02
*** HOLE CARDS ***
Dealt to Dorex2007 [5h 4s]
FJL1966: folds 
Vaksuller: folds 
kio_kkk: folds 
Dorex2007: folds 
Huayco 95: folds 
KaraFara: raises $0.02 to $0.04
BluckD: folds 
Uncalled bet ($0.02) returned to KaraFara
KaraFara collected $0.04 from pot
KaraFara: doesn't show hand 
*** SUMMARY ***
Total pot $0.04 | Rake $0 
Seat 1: Vaksuller folded before Flop (didn't bet)
Seat 2: kio_kkk folded before Flop (didn't bet)
Seat 3: Dorex2007 folded before Flop (didn't bet)
Seat 4: Huayco 95 (button) folded before Flop (didn't bet)
Seat 6: KaraFara (small blind) collected ($0.04)
Seat 7: BluckD (big blind) folded before Flop
Seat 8: FJL1966 folded before Flop (didn't bet)



PokerStars Hand #224436710145:  Hold'em No Limit ($0.01/$0.02 USD) - 2021/03/03 20:48:09 PT [2021/03/03 23:48:09 ET]
Table 'Venus II' 9-max Seat #6 is the button
Seat 1: Vaksuller ($0.89 in chips) 
Seat 2: kio_kkk ($1.14 in chips) 
Seat 3: Dorex2007 ($2.22 in chips) 
Seat 4: Huayco 95 ($1.15 in chips) 
Seat 5: TOM.T1021 ($1.50 in chips) 
Seat 6: KaraFara ($3.21 in chips) 
Seat 7: BluckD ($2.56 in chips) 
Seat 8: FJL1966 ($2.53 in chips) 
BluckD: posts small blind $0.01
FJL1966: posts big blind $0.02
TOM.T1021: posts big blind $0.02
*** HOLE CARDS ***
Dealt to Dorex2007 [8s 5h]
Vaksuller: folds 
kio_kkk: calls $0.02
Dorex2007: folds 
Huayco 95: folds 
TOM.T1021: checks 
KaraFara: calls $0.02
BluckD: folds 
FJL1966: checks 
*** FLOP *** [Tc 3d Qd]
FJL1966: bets $0.02
kio_kkk: folds 
TOM.T1021: folds 
KaraFara: folds 
Uncalled bet ($0.02) returned to FJL1966
FJL1966 collected $0.09 from pot
FJL1966: doesn't show hand 
*** SUMMARY ***
Total pot $0.09 | Rake $0 
Board [Tc 3d Qd]
Seat 1: Vaksuller folded before Flop (didn't bet)
Seat 2: kio_kkk folded on the Flop
Seat 3: Dorex2007 folded before Flop (didn't bet)
Seat 4: Huayco 95 folded before Flop (didn't bet)
Seat 5: TOM.T1021 folded on the Flop (didn't bet)
Seat 6: KaraFara (button) folded on the Flop
Seat 7: BluckD (small blind) folded before Flop
Seat 8: FJL1966 (big blind) collected ($0.09)



PokerStars Hand #224436720190:  Hold'em No Limit ($0.01/$0.02 USD) - 2021/03/03 20:49:00 PT [2021/03/03 23:49:00 ET]
Table 'Venus II' 9-max Seat #7 is the button
Seat 2: kio_kkk ($1.12 in chips) 
Seat 3: Dorex2007 ($2.22 in chips) 
Seat 4: Huayco 95 ($1.15 in chips) 
Seat 5: TOM.T1021 ($1.48 in chips) 
Seat 6: KaraFara ($3.19 in chips) 
Seat 7: BluckD ($2.55 in chips) 
Seat 8: FJL1966 ($2.60 in chips) 
FJL1966: posts small blind $0.01
Vaksuller: is sitting out 
kio_kkk: posts big blind $0.02
*** HOLE CARDS ***
Dealt to Dorex2007 [6s 7d]
Dorex2007: folds 
Huayco 95: folds 
TOM.T1021 has timed out
TOM.T1021: folds 
KaraFara: folds 
BluckD: folds 
FJL1966: calls $0.01
kio_kkk: checks 
*** FLOP *** [Js 4h Qs]
FJL1966: checks 
kio_kkk: bets $0.02
FJL1966: folds 
Uncalled bet ($0.02) returned to kio_kkk
kio_kkk collected $0.04 from pot
kio_kkk: doesn't show hand 
*** SUMMARY ***
Total pot $0.04 | Rake $0 
Board [Js 4h Qs]
Seat 2: kio_kkk (big blind) collected ($0.04)
Seat 3: Dorex2007 folded before Flop (didn't bet)
Seat 4: Huayco 95 folded before Flop (didn't bet)
Seat 5: TOM.T1021 folded before Flop (didn't bet)
Seat 6: KaraFara folded before Flop (didn't bet)
Seat 7: BluckD (button) folded before Flop (didn't bet)
Seat 8: FJL1966 (small blind) folded on the Flop



PokerStars Hand #224436729854:  Hold'em No Limit ($0.01/$0.02 USD) - 2021/03/03 20:49:48 PT [2021/03/03 23:49:48 ET]
Table 'Venus II' 9-max Seat #8 is the button
Seat 2: kio_kkk ($1.14 in chips) 
Seat 3: Dorex2007 ($2.22 in chips) 
Seat 4: Huayco 95 ($1.15 in chips) 
Seat 6: KaraFara ($3.19 in chips) 
Seat 7: BluckD ($2.55 in chips) 
Seat 8: FJL1966 ($2.58 in chips) 
kio_kkk: posts small blind $0.01
Dorex2007: posts big blind $0.02
*** HOLE CARDS ***
Dealt to Dorex2007 [3h 9s]
Huayco 95: calls $0.02
KaraFara: folds 
BluckD: folds 
FJL1966: folds 
kio_kkk: calls $0.01
Dorex2007: checks 
*** FLOP *** [2s Td 2c]
kio_kkk: bets $0.04
Dorex2007: folds 
Huayco 95: calls $0.04
*** TURN *** [2s Td 2c] [2h]
kio_kkk: bets $0.14
Huayco 95: calls $0.14
*** RIVER *** [2s Td 2c 2h] [Ks]
kio_kkk: bets $0.20
Huayco 95: calls $0.20
*** SHOW DOWN ***
kio_kkk: shows [Jc Js] (a full house, Deuces full of Jacks)
Huayco 95: mucks hand 
kio_kkk collected $0.79 from pot
*** SUMMARY ***
Total pot $0.82 | Rake $0.03 
Board [2s Td 2c 2h Ks]
Seat 2: kio_kkk (small blind) showed [Jc Js] and won ($0.79) with a full house, Deuces full of Jacks
Seat 3: Dorex2007 (big blind) folded on the Flop
Seat 4: Huayco 95 mucked [Ac Qh]
Seat 6: KaraFara folded before Flop (didn't bet)
Seat 7: BluckD folded before Flop (didn't bet)
Seat 8: FJL1966 (button) folded before Flop (didn't bet)



PokerStars Hand #224436752811:  Hold'em No Limit ($0.01/$0.02 USD) - 2021/03/03 20:51:01 PT [2021/03/03 23:51:01 ET]
Table 'Venus II' 9-max Seat #2 is the button
Seat 2: kio_kkk ($1.53 in chips) 
Seat 3: Dorex2007 ($2.20 in chips) 
Seat 4: Huayco 95 ($0.75 in chips) 
Seat 5: TOM.T1021 ($1.48 in chips) 
Seat 6: KaraFara ($3.19 in chips) 
Seat 7: BluckD ($2.55 in chips) 
Seat 8: FJL1966 ($2.58 in chips) 
Dorex2007: posts small blind $0.01
Huayco 95: posts big blind $0.02
*** HOLE CARDS ***
Dealt to Dorex2007 [2s 7h]
TOM.T1021: raises $0.04 to $0.06
KaraFara: folds 
BluckD: folds 
FJL1966: folds 
kio_kkk: folds 
Dorex2007: folds 
Huayco 95: folds 
Uncalled bet ($0.04) returned to TOM.T1021
TOM.T1021 collected $0.05 from pot
*** SUMMARY ***
Total pot $0.05 | Rake $0 
Seat 2: kio_kkk (button) folded before Flop (didn't bet)
Seat 3: Dorex2007 (small blind) folded before Flop
Seat 4: Huayco 95 (big blind) folded before Flop
Seat 5: TOM.T1021 collected ($0.05)
Seat 6: KaraFara folded before Flop (didn't bet)
Seat 7: BluckD folded before Flop (didn't bet)
Seat 8: FJL1966 folded before Flop (didn't bet)



PokerStars Hand #224436758415:  Hold'em No Limit ($0.01/$0.02 USD) - 2021/03/03 20:51:29 PT [2021/03/03 23:51:29 ET]
Table 'Venus II' 9-max Seat #3 is the button
Seat 2: kio_kkk ($1.53 in chips) 
Seat 3: Dorex2007 ($2.19 in chips) 
Seat 4: Huayco 95 ($0.73 in chips) 
Seat 5: TOM.T1021 ($1.51 in chips) 
Seat 6: KaraFara ($3.19 in chips) 
Seat 7: BluckD ($2.55 in chips) 
Seat 8: FJL1966 ($2.58 in chips) 
Huayco 95: posts small blind $0.01
TOM.T1021: posts big blind $0.02
*** HOLE CARDS ***
Dealt to Dorex2007 [4h 5c]
KaraFara has timed out
KaraFara: folds 
BluckD: folds 
FJL1966: calls $0.02
kio_kkk: folds 
Dorex2007: folds 
Huayco 95: calls $0.01
TOM.T1021: checks 
*** FLOP *** [Qs 5s Kc]
Huayco 95: bets $0.02
TOM.T1021: folds 
FJL1966: folds 
Uncalled bet ($0.02) returned to Huayco 95
Huayco 95 collected $0.06 from pot
Huayco 95: doesn't show hand 
*** SUMMARY ***
Total pot $0.06 | Rake $0 
Board [Qs 5s Kc]
Seat 2: kio_kkk folded before Flop (didn't bet)
Seat 3: Dorex2007 (button) folded before Flop (didn't bet)
Seat 4: Huayco 95 (small blind) collected ($0.06)
Seat 5: TOM.T1021 (big blind) folded on the Flop
Seat 6: KaraFara folded before Flop (didn't bet)
Seat 7: BluckD folded before Flop (didn't bet)
Seat 8: FJL1966 folded on the Flop



PokerStars Hand #224436769145:  Hold'em No Limit ($0.01/$0.02 USD) - 2021/03/03 20:52:23 PT [2021/03/03 23:52:23 ET]
Table 'Venus II' 9-max Seat #4 is the button
Seat 2: kio_kkk ($1.53 in chips) 
Seat 3: Dorex2007 ($2.19 in chips) 
Seat 4: Huayco 95 ($0.77 in chips) 
Seat 5: TOM.T1021 ($1.49 in chips) 
Seat 6: KaraFara ($3.19 in chips) 
Seat 7: BluckD ($2.55 in chips) 
Seat 8: FJL1966 ($2.56 in chips) 
TOM.T1021: posts small blind $0.01
KaraFara: posts big blind $0.02
*** HOLE CARDS ***
Dealt to Dorex2007 [6s 3d]
BluckD: folds 
FJL1966: folds 
kio_kkk: calls $0.02
Dorex2007: folds 
Huayco 95: folds 
TOM.T1021: raises $0.08 to $0.10
KaraFara: folds 
kio_kkk: folds 
Uncalled bet ($0.08) returned to TOM.T1021
TOM.T1021 collected $0.06 from pot
*** SUMMARY ***
Total pot $0.06 | Rake $0 
Seat 2: kio_kkk folded before Flop
Seat 3: Dorex2007 folded before Flop (didn't bet)
Seat 4: Huayco 95 (button) folded before Flop (didn't bet)
Seat 5: TOM.T1021 (small blind) collected ($0.06)
Seat 6: KaraFara (big blind) folded before Flop
Seat 7: BluckD folded before Flop (didn't bet)
Seat 8: FJL1966 folded before Flop (didn't bet)



PokerStars Hand #224436773848:  Hold'em No Limit ($0.01/$0.02 USD) - 2021/03/03 20:52:47 PT [2021/03/03 23:52:47 ET]
Table 'Venus II' 9-max Seat #5 is the button
Seat 2: kio_kkk ($1.51 in chips) 
Seat 3: Dorex2007 ($2.19 in chips) 
Seat 4: Huayco 95 ($0.77 in chips) 
Seat 5: TOM.T1021 ($1.53 in chips) 
Seat 6: KaraFara ($3.17 in chips) 
Seat 7: BluckD ($2.55 in chips) 
Seat 8: FJL1966 ($2.56 in chips) 
KaraFara: posts small blind $0.01
BluckD: posts big blind $0.02
*** HOLE CARDS ***
Dealt to Dorex2007 [7d 4d]
FJL1966: folds 
kio_kkk: calls $0.02
Dorex2007: folds 
Huayco 95: folds 
TOM.T1021: raises $0.06 to $0.08
KaraFara: folds 
BluckD: calls $0.06
kio_kkk: folds 
*** FLOP *** [4c 3d Ac]
BluckD: checks 
TOM.T1021: checks 
*** TURN *** [4c 3d Ac] [Jh]
BluckD: checks 
TOM.T1021: checks 
*** RIVER *** [4c 3d Ac Jh] [Qh]
BluckD: checks 
TOM.T1021: bets $0.18
BluckD: folds 
Uncalled bet ($0.18) returned to TOM.T1021
TOM.T1021 collected $0.18 from pot
*** SUMMARY ***
Total pot $0.19 | Rake $0.01 
Board [4c 3d Ac Jh Qh]
Seat 2: kio_kkk folded before Flop
Seat 3: Dorex2007 folded before Flop (didn't bet)
Seat 4: Huayco 95 folded before Flop (didn't bet)
Seat 5: TOM.T1021 (button) collected ($0.18)
Seat 6: KaraFara (small blind) folded before Flop
Seat 7: BluckD (big blind) folded on the River
Seat 8: FJL1966 folded before Flop (didn't bet)



PokerStars Hand #224436786643:  Hold'em No Limit ($0.01/$0.02 USD) - 2021/03/03 20:53:51 PT [2021/03/03 23:53:51 ET]
Table 'Venus II' 9-max Seat #6 is the button
Seat 2: kio_kkk ($1.49 in chips) 
Seat 3: Dorex2007 ($2.19 in chips) 
Seat 4: Huayco 95 ($0.77 in chips) 
Seat 5: TOM.T1021 ($1.63 in chips) 
Seat 6: KaraFara ($3.16 in chips) 
Seat 7: BluckD ($2.47 in chips) 
Seat 8: FJL1966 ($2.56 in chips) 
BluckD: posts small blind $0.01
FJL1966: posts big blind $0.02
*** HOLE CARDS ***
Dealt to Dorex2007 [5s Qd]
kio_kkk: folds 
Dorex2007: folds 
Huayco 95: folds 
TOM.T1021: raises $0.06 to $0.08
KaraFara: folds 
BluckD: folds 
FJL1966: folds 
Uncalled bet ($0.06) returned to TOM.T1021
TOM.T1021 collected $0.05 from pot
*** SUMMARY ***
Total pot $0.05 | Rake $0 
Seat 2: kio_kkk folded before Flop (didn't bet)
Seat 3: Dorex2007 folded before Flop (didn't bet)
Seat 4: Huayco 95 folded before Flop (didn't bet)
Seat 5: TOM.T1021 collected ($0.05)
Seat 6: KaraFara (button) folded before Flop (didn't bet)
Seat 7: BluckD (small blind) folded before Flop
Seat 8: FJL1966 (big blind) folded before Flop



PokerStars Hand #224436789831:  Hold'em No Limit ($0.01/$0.02 USD) - 2021/03/03 20:54:08 PT [2021/03/03 23:54:08 ET]
Table 'Venus II' 9-max Seat #7 is the button
Seat 2: kio_kkk ($1.49 in chips) 
Seat 3: Dorex2007 ($2.19 in chips) 
Seat 4: Huayco 95 ($0.77 in chips) 
Seat 5: TOM.T1021 ($1.66 in chips) 
Seat 6: KaraFara ($3.16 in chips) 
Seat 7: BluckD ($2.46 in chips) 
Seat 8: FJL1966 ($2.54 in chips) 
FJL1966: posts small blind $0.01
kio_kkk: posts big blind $0.02
*** HOLE CARDS ***
Dealt to Dorex2007 [Kh 9d]
Dorex2007: folds 
Huayco 95: folds 
TOM.T1021: raises $0.02 to $0.04
KaraFara: calls $0.04
BluckD: calls $0.04
FJL1966: folds 
kio_kkk: calls $0.02
*** FLOP *** [3h 6d 9s]
kio_kkk: checks 
TOM.T1021: checks 
KaraFara: bets $0.10
BluckD: calls $0.10
kio_kkk: folds 
TOM.T1021: folds 
*** TURN *** [3h 6d 9s] [7d]
KaraFara: bets $0.11
BluckD: calls $0.11
*** RIVER *** [3h 6d 9s 7d] [7h]
KaraFara: checks 
BluckD: checks 
*** SHOW DOWN ***
KaraFara: shows [Js Jh] (two pair, Jacks and Sevens)
BluckD: shows [5s 4s] (a straight, Three to Seven)
BluckD collected $0.57 from pot
KomradDorean leaves the table
*** SUMMARY ***
Total pot $0.59 | Rake $0.02 
Board [3h 6d 9s 7d 7h]
Seat 2: kio_kkk (big blind) folded on the Flop
Seat 3: Dorex2007 folded before Flop (didn't bet)
Seat 4: Huayco 95 folded before Flop (didn't bet)
Seat 5: TOM.T1021 folded on the Flop
Seat 6: KaraFara showed [Js Jh] and lost with two pair, Jacks and Sevens
Seat 7: BluckD (button) showed [5s 4s] and won ($0.57) with a straight, Three to Seven
Seat 8: FJL1966 (small blind) folded before Flop



PokerStars Hand #224436804212:  Hold'em No Limit ($0.01/$0.02 USD) - 2021/03/03 20:55:24 PT [2021/03/03 23:55:24 ET]
Table 'Venus II' 9-max Seat #8 is the button
Seat 2: kio_kkk ($1.45 in chips) 
Seat 3: Dorex2007 ($2.19 in chips) 
Seat 4: Huayco 95 ($0.77 in chips) 
Seat 5: TOM.T1021 ($1.62 in chips) 
Seat 6: KaraFara ($2.91 in chips) 
Seat 7: BluckD ($2.78 in chips) 
Seat 8: FJL1966 ($2.53 in chips) 
kio_kkk: posts small blind $0.01
Dorex2007: posts big blind $0.02
*** HOLE CARDS ***
Dealt to Dorex2007 [Ks 6h]
Huayco 95: folds 
TOM.T1021: raises $0.06 to $0.08
Yeahbuddy114 joins the table at seat #9 
KaraFara: folds 
BluckD: folds 
FJL1966: folds 
kio_kkk: calls $0.07
Dorex2007: folds 
*** FLOP *** [Qh 5h As]
kio_kkk: checks 
TOM.T1021: checks 
*** TURN *** [Qh 5h As] [7c]
kio_kkk: checks 
TOM.T1021: checks 
*** RIVER *** [Qh 5h As 7c] [Qd]
kio_kkk: checks 
TOM.T1021: bets $0.17
kio_kkk: folds 
Uncalled bet ($0.17) returned to TOM.T1021
TOM.T1021 collected $0.17 from pot
*** SUMMARY ***
Total pot $0.18 | Rake $0.01 
Board [Qh 5h As 7c Qd]
Seat 2: kio_kkk (small blind) folded on the River
Seat 3: Dorex2007 (big blind) folded before Flop
Seat 4: Huayco 95 folded before Flop (didn't bet)
Seat 5: TOM.T1021 collected ($0.17)
Seat 6: KaraFara folded before Flop (didn't bet)
Seat 7: BluckD folded before Flop (didn't bet)
Seat 8: FJL1966 (button) folded before Flop (didn't bet)



PokerStars Hand #224436810779:  Hold'em No Limit ($0.01/$0.02 USD) - 2021/03/03 20:56:06 PT [2021/03/03 23:56:06 ET]
Table 'Venus II' 9-max Seat #2 is the button
Seat 2: kio_kkk ($1.37 in chips) 
Seat 3: Dorex2007 ($2.17 in chips) 
Seat 4: Huayco 95 ($0.77 in chips) 
Seat 5: TOM.T1021 ($1.71 in chips) 
Seat 6: KaraFara ($2.91 in chips) 
Seat 7: BluckD ($2.78 in chips) 
Seat 8: FJL1966 ($2.53 in chips) 
Seat 9: Yeahbuddy114 ($1.07 in chips) 
Dorex2007: posts small blind $0.01
Huayco 95: posts big blind $0.02
Yeahbuddy114: posts big blind $0.02
Vaksuller: sits out 
*** HOLE CARDS ***
Dealt to Dorex2007 [8d Ad]
TOM.T1021: folds 
KaraFara: folds 
BluckD: folds 
FJL1966: folds 
Yeahbuddy114: raises $0.05 to $0.07
kio_kkk: folds 
Dorex2007: folds 
Huayco 95: folds 
Uncalled bet ($0.05) returned to Yeahbuddy114
Yeahbuddy114 collected $0.05 from pot
*** SUMMARY ***
Total pot $0.05 | Rake $0 
Seat 2: kio_kkk (button) folded before Flop (didn't bet)
Seat 3: Dorex2007 (small blind) folded before Flop
Seat 4: Huayco 95 (big blind) folded before Flop
Seat 5: TOM.T1021 folded before Flop (didn't bet)
Seat 6: KaraFara folded before Flop (didn't bet)
Seat 7: BluckD folded before Flop (didn't bet)
Seat 8: FJL1966 folded before Flop (didn't bet)
Seat 9: Yeahbuddy114 collected ($0.05)



PokerStars Hand #224436814525:  Hold'em No Limit ($0.01/$0.02 USD) - 2021/03/03 20:56:29 PT [2021/03/03 23:56:29 ET]
Table 'Venus II' 9-max Seat #3 is the button
Seat 2: kio_kkk ($1.37 in chips) 
Seat 3: Dorex2007 ($2.16 in chips) 
Seat 4: Huayco 95 ($0.75 in chips) 
Seat 5: TOM.T1021 ($1.71 in chips) 
Seat 6: KaraFara ($2.91 in chips) 
Seat 7: BluckD ($2.78 in chips) 
Seat 8: FJL1966 ($2.53 in chips) 
Seat 9: Yeahbuddy114 ($1.10 in chips) 
Huayco 95: posts small blind $0.01
TOM.T1021: posts big blind $0.02
Vaksuller: sits out 
*** HOLE CARDS ***
Dealt to Dorex2007 [2h 6c]
KaraFara: raises $0.04 to $0.06
BluckD: folds 
FJL1966: folds 
Yeahbuddy114: calls $0.06
kio_kkk: calls $0.06
Dorex2007: folds 
Huayco 95: folds 
TOM.T1021: calls $0.04
*** FLOP *** [Ks 7d Qh]
TOM.T1021: checks 
KaraFara: bets $0.14
Yeahbuddy114: calls $0.14
kio_kkk: folds 
TOM.T1021: folds 
*** TURN *** [Ks 7d Qh] [Qd]
KaraFara: bets $0.15
Yeahbuddy114: calls $0.15
*** RIVER *** [Ks 7d Qh Qd] [8s]
KaraFara: checks 
Yeahbuddy114: bets $0.75 and is all-in
KaraFara: calls $0.75
*** SHOW DOWN ***
Yeahbuddy114: shows [Td 9c] (a pair of Queens)
KaraFara: shows [Kd Ad] (two pair, Kings and Queens)
KaraFara collected $2.25 from pot
*** SUMMARY ***
Total pot $2.33 | Rake $0.08 
Board [Ks 7d Qh Qd 8s]
Seat 2: kio_kkk folded on the Flop
Seat 3: Dorex2007 (button) folded before Flop (didn't bet)
Seat 4: Huayco 95 (small blind) folded before Flop
Seat 5: TOM.T1021 (big blind) folded on the Flop
Seat 6: KaraFara showed [Kd Ad] and won ($2.25) with two pair, Kings and Queens
Seat 7: BluckD folded before Flop (didn't bet)
Seat 8: FJL1966 folded before Flop (didn't bet)
Seat 9: Yeahbuddy114 showed [Td 9c] and lost with a pair of Queens



PokerStars Hand #224436826455:  Hold'em No Limit ($0.01/$0.02 USD) - 2021/03/03 20:57:45 PT [2021/03/03 23:57:45 ET]
Table 'Venus II' 9-max Seat #4 is the button
Seat 2: kio_kkk ($1.31 in chips) 
Seat 3: Dorex2007 ($2.16 in chips) 
Seat 4: Huayco 95 ($0.74 in chips) 
Seat 5: TOM.T1021 ($1.65 in chips) 
Seat 6: KaraFara ($4.06 in chips) 
Seat 7: BluckD ($2.78 in chips) 
Seat 8: FJL1966 ($2.53 in chips) 
TOM.T1021: posts small blind $0.01
KaraFara: posts big blind $0.02
Vaksuller: sits out 
*** HOLE CARDS ***
Dealt to Dorex2007 [Qs Tc]
BluckD: raises $0.04 to $0.06
Yeahbuddy114 leaves the table
FJL1966: folds 
kio_kkk: folds 
Dorex2007: calls $0.06
Huayco 95: folds 
TOM.T1021: calls $0.05
KaraFara: folds 
*** FLOP *** [Ah Ad 7d]
crajak joins the table at seat #9 
TOM.T1021: checks 
BluckD: bets $0.14
Dorex2007: folds 
TOM.T1021: calls $0.14
*** TURN *** [Ah Ad 7d] [5c]
TOM.T1021: checks 
BluckD: bets $0.35
TOM.T1021: folds 
Uncalled bet ($0.35) returned to BluckD
BluckD collected $0.46 from pot
BluckD: doesn't show hand 
*** SUMMARY ***
Total pot $0.48 | Rake $0.02 
Board [Ah Ad 7d 5c]
Seat 2: kio_kkk folded before Flop (didn't bet)
Seat 3: Dorex2007 folded on the Flop
Seat 4: Huayco 95 (button) folded before Flop (didn't bet)
Seat 5: TOM.T1021 (small blind) folded on the Turn
Seat 6: KaraFara (big blind) folded before Flop
Seat 7: BluckD collected ($0.46)
Seat 8: FJL1966 folded before Flop (didn't bet)



PokerStars Hand #224436832586:  Hold'em No Limit ($0.01/$0.02 USD) - 2021/03/03 20:58:24 PT [2021/03/03 23:58:24 ET]
Table 'Venus II' 9-max Seat #5 is the button
Seat 2: kio_kkk ($1.31 in chips) 
Seat 3: Dorex2007 ($2.10 in chips) 
Seat 4: Huayco 95 ($0.74 in chips) 
Seat 5: TOM.T1021 ($1.45 in chips) 
Seat 6: KaraFara ($4.04 in chips) 
Seat 7: BluckD ($3.04 in chips) 
Seat 8: FJL1966 ($2.53 in chips) 
Seat 9: crajak ($1.44 in chips) 
KaraFara: posts small blind $0.01
BluckD: posts big blind $0.02
crajak: posts big blind $0.02
Vaksuller: sits out 
*** HOLE CARDS ***
Dealt to Dorex2007 [Kd Kc]
FJL1966: calls $0.02
crajak: checks 
kio_kkk: folds 
kio_kkk leaves the table
Dorex2007: raises $0.06 to $0.08
Huayco 95: calls $0.08
TOM.T1021: calls $0.08
KaraFara: folds 
BluckD: folds 
FJL1966: folds 
crajak: folds 
*** FLOP *** [8h 8d 6c]
Dorex2007: bets $0.30
Huayco 95: calls $0.30
TOM.T1021: folds 
*** TURN *** [8h 8d 6c] [5h]
Dorex2007: bets $1.72 and is all-in
Huayco 95: calls $0.36 and is all-in
Uncalled bet ($1.36) returned to Dorex2007
*** RIVER *** [8h 8d 6c 5h] [6h]
*** SHOW DOWN ***
Dorex2007: shows [Kd Kc] (two pair, Kings and Eights)
Huayco 95: shows [Jd Jc] (two pair, Jacks and Eights)
Dorex2007 cashed out the hand for $1.48 | Cash Out Fee $0.02
*** SUMMARY ***
Total pot $1.63 | Rake $0.06 
Board [8h 8d 6c 5h 6h]
Seat 2: kio_kkk folded before Flop (didn't bet)
Seat 3: Dorex2007 showed [Kd Kc] and won ($1.57) with two pair, Kings and Eights (pot not awarded as player cashed out)
Seat 4: Huayco 95 showed [Jd Jc] and lost with two pair, Jacks and Eights
Seat 5: TOM.T1021 (button) folded on the Flop
Seat 6: KaraFara (small blind) folded before Flop
Seat 7: BluckD (big blind) folded before Flop
Seat 8: FJL1966 folded before Flop
Seat 9: crajak folded before Flop (didn't bet)



PokerStars Hand #224436844848:  Hold'em No Limit ($0.01/$0.02 USD) - 2021/03/03 20:59:41 PT [2021/03/03 23:59:41 ET]
Table 'Venus II' 9-max Seat #6 is the button
Seat 3: Dorex2007 ($2.84 in chips) 
Seat 5: TOM.T1021 ($1.37 in chips) 
Seat 6: KaraFara ($4.03 in chips) 
Seat 7: BluckD ($3.02 in chips) 
Seat 8: FJL1966 ($2.51 in chips) 
Seat 9: crajak ($1.42 in chips) 
BluckD: posts small blind $0.01
FJL1966: posts big blind $0.02
Vaksuller: sits out 
*** HOLE CARDS ***
Dealt to Dorex2007 [Jd Ah]
crajak: folds 
Dorex2007: raises $0.02 to $0.04
TOM.T1021: calls $0.04
KaraFara: folds 
BluckD: calls $0.03
FJL1966: folds 
*** FLOP *** [Jh 5h 4c]
BluckD: checks 
Dorex2007: bets $0.20
TOM.T1021: folds 
BluckD: raises $0.30 to $0.50
Dorex2007: raises $2.30 to $2.80 and is all-in
BluckD: calls $2.30
*** TURN *** [Jh 5h 4c] [8s]
*** RIVER *** [Jh 5h 4c 8s] [4h]
*** SHOW DOWN ***
BluckD: shows [Kc Jc] (two pair, Jacks and Fours)
Dorex2007: shows [Jd Ah] (two pair, Jacks and Fours - Ace kicker)
Dorex2007 cashed out the hand for $4.58 | Cash Out Fee $0.05
*** SUMMARY ***
Total pot $5.74 | Rake $0.20 
Board [Jh 5h 4c 8s 4h]
Seat 3: Dorex2007 showed [Jd Ah] and won ($5.54) with two pair, Jacks and Fours (pot not awarded as player cashed out)
Seat 5: TOM.T1021 folded on the Flop
Seat 6: KaraFara (button) folded before Flop (didn't bet)
Seat 7: BluckD (small blind) showed [Kc Jc] and lost with two pair, Jacks and Fours
Seat 8: FJL1966 (big blind) folded before Flop
Seat 9: crajak folded before Flop (didn't bet)



