PokerStars Hand #232605384856:  Hold'em No Limit ($0.01/$0.02 USD) - 2021/12/28 10:23:58 PT [2021/12/28 13:23:58 ET]
Table 'Bojeva IV' 9-max Seat #9 is the button
Seat 2: andorra1 ($1.73 in chips) 
Seat 3: soggking ($0.72 in chips) 
Seat 5: C0deCrusher ($2.04 in chips) 
Seat 6: ramires2004 ($2.12 in chips) 
Seat 7: MelchiorF1 ($2.39 in chips) 
Seat 8: Dorex2007 ($2 in chips) 
Seat 9: Shustrik52 ($1.74 in chips) 
andorra1: posts small blind $0.01
soggking: posts big blind $0.02
Dorex2007: posts big blind $0.02
*** HOLE CARDS ***
Dealt to Dorex2007 [Td Jd]
C0deCrusher: folds 
ramires2004: folds 
MelchiorF1: folds 
Dorex2007: raises $0.04 to $0.06
Shustrik52: folds 
andorra1: calls $0.05
soggking: folds 
*** FLOP *** [6c 8d 3d]
andorra1: checks 
Dorex2007: checks 
*** TURN *** [6c 8d 3d] [Kh]
andorra1: bets $0.02
Dorex2007: folds 
Uncalled bet ($0.02) returned to andorra1
andorra1 collected $0.14 from pot
andorra1: doesn't show hand 
*** SUMMARY ***
Total pot $0.14 | Rake $0 
Board [6c 8d 3d Kh]
Seat 2: andorra1 (small blind) collected ($0.14)
Seat 3: soggking (big blind) folded before Flop
Seat 5: C0deCrusher folded before Flop (didn't bet)
Seat 6: ramires2004 folded before Flop (didn't bet)
Seat 7: MelchiorF1 folded before Flop (didn't bet)
Seat 8: Dorex2007 folded on the Turn
Seat 9: Shustrik52 (button) folded before Flop (didn't bet)



PokerStars Hand #232605408544:  Hold'em No Limit ($0.01/$0.02 USD) - 2021/12/28 10:24:41 PT [2021/12/28 13:24:41 ET]
Table 'Bojeva IV' 9-max Seat #2 is the button
Seat 2: andorra1 ($1.81 in chips) 
Seat 3: soggking ($0.70 in chips) 
Seat 5: C0deCrusher ($2.04 in chips) 
Seat 6: ramires2004 ($2.12 in chips) 
Seat 7: MelchiorF1 ($2.39 in chips) 
Seat 8: Dorex2007 ($2 in chips) 
Seat 9: Shustrik52 ($1.74 in chips) 
soggking: posts small blind $0.01
C0deCrusher: posts big blind $0.02
*** HOLE CARDS ***
Dealt to Dorex2007 [3c 7h]
ramires2004: folds 
MelchiorF1: raises $0.04 to $0.06
Dorex2007: folds 
Shustrik52: folds 
andorra1: folds 
soggking: folds 
C0deCrusher: folds 
Uncalled bet ($0.04) returned to MelchiorF1
MelchiorF1 collected $0.05 from pot
MelchiorF1: doesn't show hand 
*** SUMMARY ***
Total pot $0.05 | Rake $0 
Seat 2: andorra1 (button) folded before Flop (didn't bet)
Seat 3: soggking (small blind) folded before Flop
Seat 5: C0deCrusher (big blind) folded before Flop
Seat 6: ramires2004 folded before Flop (didn't bet)
Seat 7: MelchiorF1 collected ($0.05)
Seat 8: Dorex2007 folded before Flop (didn't bet)
Seat 9: Shustrik52 folded before Flop (didn't bet)



PokerStars Hand #232605420172:  Hold'em No Limit ($0.01/$0.02 USD) - 2021/12/28 10:25:02 PT [2021/12/28 13:25:02 ET]
Table 'Bojeva IV' 9-max Seat #3 is the button
Seat 1: liubaka313 ($1.02 in chips) 
Seat 2: andorra1 ($1.81 in chips) 
Seat 3: soggking ($0.69 in chips) 
Seat 5: C0deCrusher ($2.02 in chips) 
Seat 6: ramires2004 ($2.12 in chips) 
Seat 7: MelchiorF1 ($2.42 in chips) 
Seat 8: Dorex2007 ($2 in chips) 
Seat 9: Shustrik52 ($1.74 in chips) 
C0deCrusher: posts small blind $0.01
ramires2004: posts big blind $0.02
liubaka313: posts small & big blinds $0.03
*** HOLE CARDS ***
Dealt to Dorex2007 [Td 9d]
MelchiorF1: folds 
Dorex2007: folds 
Shustrik52: folds 
liubaka313: checks 
andorra1: folds 
soggking: raises $0.02 to $0.04
C0deCrusher: folds 
ramires2004: folds 
liubaka313: calls $0.02
*** FLOP *** [4h 8h Jc]
liubaka313: checks 
soggking: bets $0.04
liubaka313: calls $0.04
*** TURN *** [4h 8h Jc] [9h]
liubaka313: checks 
soggking: bets $0.10
liubaka313: calls $0.10
*** RIVER *** [4h 8h Jc 9h] [7s]
liubaka313: bets $0.19
soggking: folds 
Uncalled bet ($0.19) returned to liubaka313
liubaka313 collected $0.39 from pot
liubaka313: doesn't show hand 
*** SUMMARY ***
Total pot $0.40 | Rake $0.01 
Board [4h 8h Jc 9h 7s]
Seat 1: liubaka313 collected ($0.39)
Seat 2: andorra1 folded before Flop (didn't bet)
Seat 3: soggking (button) folded on the River
Seat 5: C0deCrusher (small blind) folded before Flop
Seat 6: ramires2004 (big blind) folded before Flop
Seat 7: MelchiorF1 folded before Flop (didn't bet)
Seat 8: Dorex2007 folded before Flop (didn't bet)
Seat 9: Shustrik52 folded before Flop (didn't bet)



PokerStars Hand #232605455211:  Hold'em No Limit ($0.01/$0.02 USD) - 2021/12/28 10:26:07 PT [2021/12/28 13:26:07 ET]
Table 'Bojeva IV' 9-max Seat #5 is the button
Seat 1: liubaka313 ($1.22 in chips) 
Seat 2: andorra1 ($1.81 in chips) 
Seat 3: soggking ($0.51 in chips) 
Seat 5: C0deCrusher ($2.01 in chips) 
Seat 6: ramires2004 ($2.10 in chips) 
Seat 7: MelchiorF1 ($2.42 in chips) 
Seat 8: Dorex2007 ($2 in chips) 
Seat 9: Shustrik52 ($1.74 in chips) 
ramires2004: posts small blind $0.01
MelchiorF1: posts big blind $0.02
*** HOLE CARDS ***
Dealt to Dorex2007 [2d Ah]
Dorex2007: folds 
Shustrik52: folds 
liubaka313: raises $0.02 to $0.04
andorra1: calls $0.04
soggking: folds 
C0deCrusher: calls $0.04
ramires2004: folds 
MelchiorF1: folds 
*** FLOP *** [As 6c 2s]
liubaka313: bets $0.07
andorra1: folds 
C0deCrusher: folds 
Uncalled bet ($0.07) returned to liubaka313
liubaka313 collected $0.14 from pot
liubaka313: doesn't show hand 
*** SUMMARY ***
Total pot $0.15 | Rake $0.01 
Board [As 6c 2s]
Seat 1: liubaka313 collected ($0.14)
Seat 2: andorra1 folded on the Flop
Seat 3: soggking folded before Flop (didn't bet)
Seat 5: C0deCrusher (button) folded on the Flop
Seat 6: ramires2004 (small blind) folded before Flop
Seat 7: MelchiorF1 (big blind) folded before Flop
Seat 8: Dorex2007 folded before Flop (didn't bet)
Seat 9: Shustrik52 folded before Flop (didn't bet)



PokerStars Hand #232605482518:  Hold'em No Limit ($0.01/$0.02 USD) - 2021/12/28 10:26:57 PT [2021/12/28 13:26:57 ET]
Table 'Bojeva IV' 9-max Seat #6 is the button
Seat 1: liubaka313 ($1.32 in chips) 
Seat 2: andorra1 ($1.77 in chips) 
Seat 3: soggking ($0.51 in chips) 
Seat 5: C0deCrusher ($1.97 in chips) 
Seat 6: ramires2004 ($2.09 in chips) 
Seat 7: MelchiorF1 ($2.40 in chips) 
Seat 8: Dorex2007 ($2 in chips) 
Seat 9: Shustrik52 ($1.74 in chips) 
MelchiorF1: posts small blind $0.01
Dorex2007: posts big blind $0.02
*** HOLE CARDS ***
Dealt to Dorex2007 [Ks Ah]
Shustrik52: folds 
liubaka313: calls $0.02
andorra1: folds 
soggking: raises $0.06 to $0.08
C0deCrusher: folds 
ramires2004: folds 
MelchiorF1: folds 
Dorex2007: calls $0.06
liubaka313: folds 
*** FLOP *** [5d Ad 3d]
Dorex2007: bets $0.18
soggking: raises $0.25 to $0.43 and is all-in
Dorex2007: calls $0.25
*** TURN *** [5d Ad 3d] [Qs]
*** RIVER *** [5d Ad 3d Qs] [Jc]
*** SHOW DOWN ***
Dorex2007: shows [Ks Ah] (a pair of Aces)
soggking: shows [Kd Kh] (a pair of Kings)
Dorex2007 cashed out the hand for $0.60 | Cash Out Fee $0.01
*** SUMMARY ***
Total pot $1.05 | Rake $0.04 
Board [5d Ad 3d Qs Jc]
Seat 1: liubaka313 folded before Flop
Seat 2: andorra1 folded before Flop (didn't bet)
Seat 3: soggking showed [Kd Kh] and lost with a pair of Kings
Seat 5: C0deCrusher folded before Flop (didn't bet)
Seat 6: ramires2004 (button) folded before Flop (didn't bet)
Seat 7: MelchiorF1 (small blind) folded before Flop
Seat 8: Dorex2007 (big blind) showed [Ks Ah] and won ($1.01) with a pair of Aces (pot not awarded as player cashed out)
Seat 9: Shustrik52 folded before Flop (didn't bet)



PokerStars Hand #232605510552:  Hold'em No Limit ($0.01/$0.02 USD) - 2021/12/28 10:27:49 PT [2021/12/28 13:27:49 ET]
Table 'Bojeva IV' 9-max Seat #7 is the button
Seat 1: liubaka313 ($1.30 in chips) 
Seat 2: andorra1 ($1.77 in chips) 
Seat 5: C0deCrusher ($1.97 in chips) 
Seat 6: ramires2004 ($2.09 in chips) 
Seat 7: MelchiorF1 ($2.39 in chips) 
Seat 8: Dorex2007 ($2.09 in chips) 
Seat 9: Shustrik52 ($1.74 in chips) 
Dorex2007: posts small blind $0.01
Shustrik52: posts big blind $0.02
*** HOLE CARDS ***
Dealt to Dorex2007 [Td Jh]
liubaka313: raises $0.02 to $0.04
andorra1: calls $0.04
C0deCrusher: folds 
ramires2004: folds 
MelchiorF1: folds 
Dorex2007: folds 
Shustrik52: calls $0.02
*** FLOP *** [8d 7d 6h]
Shustrik52: checks 
liubaka313: bets $0.06
andorra1: calls $0.06
Shustrik52: calls $0.06
*** TURN *** [8d 7d 6h] [3h]
Shustrik52: checks 
liubaka313: checks 
andorra1: checks 
*** RIVER *** [8d 7d 6h 3h] [Qc]
Shustrik52: bets $0.04
liubaka313: calls $0.04
andorra1: folds 
*** SHOW DOWN ***
Shustrik52: shows [2d Qd] (a pair of Queens)
liubaka313: shows [Ts Qh] (a pair of Queens - Ten kicker)
liubaka313 collected $0.38 from pot
*** SUMMARY ***
Total pot $0.39 | Rake $0.01 
Board [8d 7d 6h 3h Qc]
Seat 1: liubaka313 showed [Ts Qh] and won ($0.38) with a pair of Queens
Seat 2: andorra1 folded on the River
Seat 5: C0deCrusher folded before Flop (didn't bet)
Seat 6: ramires2004 folded before Flop (didn't bet)
Seat 7: MelchiorF1 (button) folded before Flop (didn't bet)
Seat 8: Dorex2007 (small blind) folded before Flop
Seat 9: Shustrik52 (big blind) showed [2d Qd] and lost with a pair of Queens



PokerStars Hand #232605555453:  Hold'em No Limit ($0.01/$0.02 USD) - 2021/12/28 10:29:05 PT [2021/12/28 13:29:05 ET]
Table 'Bojeva IV' 9-max Seat #8 is the button
Seat 1: liubaka313 ($1.54 in chips) 
Seat 2: andorra1 ($1.67 in chips) 
Seat 3: soggking ($0.80 in chips) 
Seat 5: C0deCrusher ($1.97 in chips) 
Seat 6: ramires2004 ($2.09 in chips) 
Seat 7: MelchiorF1 ($2.39 in chips) 
Seat 8: Dorex2007 ($2.08 in chips) 
Seat 9: Shustrik52 ($1.60 in chips) 
Shustrik52: posts small blind $0.01
liubaka313: posts big blind $0.02
*** HOLE CARDS ***
Dealt to Dorex2007 [8h Tc]
andorra1: calls $0.02
soggking has timed out
soggking: folds 
C0deCrusher: folds 
ramires2004: folds 
MelchiorF1: folds 
Dorex2007: folds 
Shustrik52: folds 
liubaka313: checks 
*** FLOP *** [Ad Kd Kh]
liubaka313: checks 
andorra1: bets $0.02
liubaka313: folds 
Uncalled bet ($0.02) returned to andorra1
andorra1 collected $0.05 from pot
*** SUMMARY ***
Total pot $0.05 | Rake $0 
Board [Ad Kd Kh]
Seat 1: liubaka313 (big blind) folded on the Flop
Seat 2: andorra1 collected ($0.05)
Seat 3: soggking folded before Flop (didn't bet)
Seat 5: C0deCrusher folded before Flop (didn't bet)
Seat 6: ramires2004 folded before Flop (didn't bet)
Seat 7: MelchiorF1 folded before Flop (didn't bet)
Seat 8: Dorex2007 (button) folded before Flop (didn't bet)
Seat 9: Shustrik52 (small blind) folded before Flop



PokerStars Hand #232605576702:  Hold'em No Limit ($0.01/$0.02 USD) - 2021/12/28 10:29:44 PT [2021/12/28 13:29:44 ET]
Table 'Bojeva IV' 9-max Seat #9 is the button
Seat 1: liubaka313 ($1.52 in chips) 
Seat 2: andorra1 ($1.70 in chips) 
Seat 3: soggking ($0.80 in chips) 
Seat 5: C0deCrusher ($1.97 in chips) 
Seat 6: ramires2004 ($2.09 in chips) 
Seat 7: MelchiorF1 ($2.39 in chips) 
Seat 8: Dorex2007 ($2.08 in chips) 
Seat 9: Shustrik52 ($1.59 in chips) 
liubaka313: posts small blind $0.01
andorra1: posts big blind $0.02
Adam_W888: sits out 
*** HOLE CARDS ***
Dealt to Dorex2007 [Th 4d]
soggking: raises $0.02 to $0.04
C0deCrusher: folds 
ramires2004: folds 
MelchiorF1: folds 
Dorex2007: folds 
Shustrik52: folds 
liubaka313: calls $0.03
andorra1: folds 
*** FLOP *** [Ah 2h 8s]
liubaka313: checks 
soggking: bets $0.04
liubaka313: calls $0.04
*** TURN *** [Ah 2h 8s] [8c]
liubaka313: checks 
soggking: checks 
*** RIVER *** [Ah 2h 8s 8c] [3s]
liubaka313: bets $0.08
soggking: folds 
Uncalled bet ($0.08) returned to liubaka313
liubaka313 collected $0.17 from pot
liubaka313: doesn't show hand 
*** SUMMARY ***
Total pot $0.18 | Rake $0.01 
Board [Ah 2h 8s 8c 3s]
Seat 1: liubaka313 (small blind) collected ($0.17)
Seat 2: andorra1 (big blind) folded before Flop
Seat 3: soggking folded on the River
Seat 5: C0deCrusher folded before Flop (didn't bet)
Seat 6: ramires2004 folded before Flop (didn't bet)
Seat 7: MelchiorF1 folded before Flop (didn't bet)
Seat 8: Dorex2007 folded before Flop (didn't bet)
Seat 9: Shustrik52 (button) folded before Flop (didn't bet)



PokerStars Hand #232605611008:  Hold'em No Limit ($0.01/$0.02 USD) - 2021/12/28 10:30:34 PT [2021/12/28 13:30:34 ET]
Table 'Bojeva IV' 9-max Seat #1 is the button
Seat 1: liubaka313 ($1.61 in chips) 
Seat 2: andorra1 ($1.68 in chips) 
Seat 3: soggking ($0.72 in chips) 
Seat 4: Adam_W888 ($3.20 in chips) 
Seat 5: C0deCrusher ($1.97 in chips) 
Seat 6: ramires2004 ($2.09 in chips) 
Seat 7: MelchiorF1 ($2.39 in chips) 
Seat 8: Dorex2007 ($2.08 in chips) 
Seat 9: Shustrik52 ($1.59 in chips) 
andorra1: posts small blind $0.01
soggking: posts big blind $0.02
Adam_W888: posts small & big blinds $0.03
*** HOLE CARDS ***
Dealt to Dorex2007 [Js Ks]
Adam_W888: checks 
C0deCrusher: folds 
ramires2004: folds 
MelchiorF1: folds 
Dorex2007: raises $0.04 to $0.06
Shustrik52: folds 
liubaka313: folds 
andorra1: calls $0.05
soggking: folds 
Adam_W888: folds 
*** FLOP *** [Kh 3d 3h]
andorra1: checks 
Dorex2007: bets $0.08
andorra1: folds 
Uncalled bet ($0.08) returned to Dorex2007
Dorex2007 collected $0.16 from pot
Dorex2007: doesn't show hand 
*** SUMMARY ***
Total pot $0.17 | Rake $0.01 
Board [Kh 3d 3h]
Seat 1: liubaka313 (button) folded before Flop (didn't bet)
Seat 2: andorra1 (small blind) folded on the Flop
Seat 3: soggking (big blind) folded before Flop
Seat 4: Adam_W888 folded before Flop (didn't bet)
Seat 5: C0deCrusher folded before Flop (didn't bet)
Seat 6: ramires2004 folded before Flop (didn't bet)
Seat 7: MelchiorF1 folded before Flop (didn't bet)
Seat 8: Dorex2007 collected ($0.16)
Seat 9: Shustrik52 folded before Flop (didn't bet)



PokerStars Hand #232605634812:  Hold'em No Limit ($0.01/$0.02 USD) - 2021/12/28 10:31:16 PT [2021/12/28 13:31:16 ET]
Table 'Bojeva IV' 9-max Seat #3 is the button
Seat 1: liubaka313 ($1.61 in chips) 
Seat 3: soggking ($0.70 in chips) 
Seat 4: Adam_W888 ($3.17 in chips) 
Seat 5: C0deCrusher ($1.97 in chips) 
Seat 6: ramires2004 ($2.09 in chips) 
Seat 7: MelchiorF1 ($2.39 in chips) 
Seat 8: Dorex2007 ($2.18 in chips) 
Seat 9: Shustrik52 ($1.59 in chips) 
Adam_W888: posts small blind $0.01
C0deCrusher: posts big blind $0.02
*** HOLE CARDS ***
Dealt to Dorex2007 [Ah 2h]
andorra1 leaves the table
ramires2004: folds 
MelchiorF1: folds 
Dorex2007: folds 
Shustrik52: folds 
bvbsge84 joins the table at seat #2 
liubaka313: folds 
soggking: raises $0.02 to $0.04
Adam_W888: folds 
C0deCrusher: folds 
Uncalled bet ($0.02) returned to soggking
soggking collected $0.05 from pot
soggking: doesn't show hand 
*** SUMMARY ***
Total pot $0.05 | Rake $0 
Seat 1: liubaka313 folded before Flop (didn't bet)
Seat 3: soggking (button) collected ($0.05)
Seat 4: Adam_W888 (small blind) folded before Flop
Seat 5: C0deCrusher (big blind) folded before Flop
Seat 6: ramires2004 folded before Flop (didn't bet)
Seat 7: MelchiorF1 folded before Flop (didn't bet)
Seat 8: Dorex2007 folded before Flop (didn't bet)
Seat 9: Shustrik52 folded before Flop (didn't bet)



PokerStars Hand #232605653260:  Hold'em No Limit ($0.01/$0.02 USD) - 2021/12/28 10:31:50 PT [2021/12/28 13:31:50 ET]
Table 'Bojeva IV' 9-max Seat #4 is the button
Seat 1: liubaka313 ($1.61 in chips) 
Seat 3: soggking ($0.73 in chips) 
Seat 4: Adam_W888 ($3.16 in chips) 
Seat 5: C0deCrusher ($1.95 in chips) 
Seat 6: ramires2004 ($2.09 in chips) 
Seat 7: MelchiorF1 ($2.39 in chips) 
Seat 8: Dorex2007 ($2.18 in chips) 
Seat 9: Shustrik52 ($1.59 in chips) 
C0deCrusher: posts small blind $0.01
ramires2004: posts big blind $0.02
bvbsge84: sits out 
*** HOLE CARDS ***
Dealt to Dorex2007 [Jc Qd]
MelchiorF1: folds 
Dorex2007: folds 
Shustrik52: folds 
liubaka313: raises $0.02 to $0.04
soggking: folds 
Adam_W888: folds 
C0deCrusher: folds 
ramires2004: folds 
Uncalled bet ($0.02) returned to liubaka313
liubaka313 collected $0.05 from pot
liubaka313: doesn't show hand 
*** SUMMARY ***
Total pot $0.05 | Rake $0 
Seat 1: liubaka313 collected ($0.05)
Seat 3: soggking folded before Flop (didn't bet)
Seat 4: Adam_W888 (button) folded before Flop (didn't bet)
Seat 5: C0deCrusher (small blind) folded before Flop
Seat 6: ramires2004 (big blind) folded before Flop
Seat 7: MelchiorF1 folded before Flop (didn't bet)
Seat 8: Dorex2007 folded before Flop (didn't bet)
Seat 9: Shustrik52 folded before Flop (didn't bet)



PokerStars Hand #232605664909:  Hold'em No Limit ($0.01/$0.02 USD) - 2021/12/28 10:32:10 PT [2021/12/28 13:32:10 ET]
Table 'Bojeva IV' 9-max Seat #5 is the button
Seat 1: liubaka313 ($1.64 in chips) 
Seat 3: soggking ($0.73 in chips) 
Seat 4: Adam_W888 ($3.16 in chips) 
Seat 5: C0deCrusher ($1.94 in chips) 
Seat 6: ramires2004 ($2.07 in chips) 
Seat 7: MelchiorF1 ($2.39 in chips) 
Seat 8: Dorex2007 ($2.18 in chips) 
Seat 9: Shustrik52 ($1.59 in chips) 
ramires2004: posts small blind $0.01
MelchiorF1: posts big blind $0.02
bvbsge84: sits out 
*** HOLE CARDS ***
Dealt to Dorex2007 [Ad 4s]
Dorex2007: folds 
Shustrik52: calls $0.02
liubaka313: raises $0.04 to $0.06
soggking: folds 
Adam_W888: folds 
C0deCrusher: folds 
ramires2004: folds 
MelchiorF1: folds 
Shustrik52: calls $0.04
*** FLOP *** [Qd 5h 2c]
Shustrik52: checks 
liubaka313: bets $0.07
Shustrik52: raises $1.46 to $1.53 and is all-in
liubaka313: folds 
Uncalled bet ($1.46) returned to Shustrik52
Shustrik52 collected $0.28 from pot
*** SUMMARY ***
Total pot $0.29 | Rake $0.01 
Board [Qd 5h 2c]
Seat 1: liubaka313 folded on the Flop
Seat 3: soggking folded before Flop (didn't bet)
Seat 4: Adam_W888 folded before Flop (didn't bet)
Seat 5: C0deCrusher (button) folded before Flop (didn't bet)
Seat 6: ramires2004 (small blind) folded before Flop
Seat 7: MelchiorF1 (big blind) folded before Flop
Seat 8: Dorex2007 folded before Flop (didn't bet)
Seat 9: Shustrik52 collected ($0.28)



PokerStars Hand #232605693129:  Hold'em No Limit ($0.01/$0.02 USD) - 2021/12/28 10:32:57 PT [2021/12/28 13:32:57 ET]
Table 'Bojeva IV' 9-max Seat #6 is the button
Seat 1: liubaka313 ($1.51 in chips) 
Seat 3: soggking ($0.73 in chips) 
Seat 4: Adam_W888 ($3.16 in chips) 
Seat 5: C0deCrusher ($1.94 in chips) 
Seat 6: ramires2004 ($2.06 in chips) 
Seat 7: MelchiorF1 ($2.37 in chips) 
Seat 8: Dorex2007 ($2.18 in chips) 
Seat 9: Shustrik52 ($1.74 in chips) 
MelchiorF1: posts small blind $0.01
Dorex2007: posts big blind $0.02
bvbsge84: sits out 
*** HOLE CARDS ***
Dealt to Dorex2007 [Js Th]
Shustrik52: folds 
liubaka313: folds 
soggking: folds 
Adam_W888: folds 
C0deCrusher: folds 
ramires2004: folds 
MelchiorF1: folds 
Uncalled bet ($0.01) returned to Dorex2007
Dorex2007 collected $0.02 from pot
Dorex2007: doesn't show hand 
*** SUMMARY ***
Total pot $0.02 | Rake $0 
Seat 1: liubaka313 folded before Flop (didn't bet)
Seat 3: soggking folded before Flop (didn't bet)
Seat 4: Adam_W888 folded before Flop (didn't bet)
Seat 5: C0deCrusher folded before Flop (didn't bet)
Seat 6: ramires2004 (button) folded before Flop (didn't bet)
Seat 7: MelchiorF1 (small blind) folded before Flop
Seat 8: Dorex2007 (big blind) collected ($0.02)
Seat 9: Shustrik52 folded before Flop (didn't bet)



PokerStars Hand #232605701958:  Hold'em No Limit ($0.01/$0.02 USD) - 2021/12/28 10:33:13 PT [2021/12/28 13:33:13 ET]
Table 'Bojeva IV' 9-max Seat #7 is the button
Seat 1: liubaka313 ($1.51 in chips) 
Seat 3: soggking ($0.73 in chips) 
Seat 4: Adam_W888 ($3.16 in chips) 
Seat 5: C0deCrusher ($1.94 in chips) 
Seat 6: ramires2004 ($2.06 in chips) 
Seat 7: MelchiorF1 ($2.36 in chips) 
Seat 8: Dorex2007 ($2.19 in chips) 
Seat 9: Shustrik52 ($1.74 in chips) 
Dorex2007: posts small blind $0.01
Shustrik52: posts big blind $0.02
bvbsge84: sits out 
*** HOLE CARDS ***
Dealt to Dorex2007 [Qc 3h]
liubaka313: folds 
soggking: folds 
Adam_W888: folds 
C0deCrusher: folds 
ramires2004: folds 
MelchiorF1: folds 
Dorex2007: folds 
Uncalled bet ($0.01) returned to Shustrik52
Shustrik52 collected $0.02 from pot
*** SUMMARY ***
Total pot $0.02 | Rake $0 
Seat 1: liubaka313 folded before Flop (didn't bet)
Seat 3: soggking folded before Flop (didn't bet)
Seat 4: Adam_W888 folded before Flop (didn't bet)
Seat 5: C0deCrusher folded before Flop (didn't bet)
Seat 6: ramires2004 folded before Flop (didn't bet)
Seat 7: MelchiorF1 (button) folded before Flop (didn't bet)
Seat 8: Dorex2007 (small blind) folded before Flop
Seat 9: Shustrik52 (big blind) collected ($0.02)



PokerStars Hand #232605712283:  Hold'em No Limit ($0.01/$0.02 USD) - 2021/12/28 10:33:31 PT [2021/12/28 13:33:31 ET]
Table 'Bojeva IV' 9-max Seat #8 is the button
Seat 1: liubaka313 ($1.51 in chips) 
Seat 3: soggking ($0.73 in chips) 
Seat 4: Adam_W888 ($3.16 in chips) 
Seat 5: C0deCrusher ($1.94 in chips) 
Seat 6: ramires2004 ($2.06 in chips) 
Seat 7: MelchiorF1 ($2.36 in chips) 
Seat 8: Dorex2007 ($2.18 in chips) 
Seat 9: Shustrik52 ($1.75 in chips) 
Shustrik52: posts small blind $0.01
liubaka313: posts big blind $0.02
bvbsge84: sits out 
*** HOLE CARDS ***
Dealt to Dorex2007 [2c 7s]
soggking: folds 
Adam_W888: raises $0.06 to $0.08
C0deCrusher: folds 
ramires2004: folds 
MelchiorF1: folds 
Dorex2007: folds 
Shustrik52: folds 
liubaka313: folds 
Uncalled bet ($0.06) returned to Adam_W888
Adam_W888 collected $0.05 from pot
Adam_W888: doesn't show hand 
*** SUMMARY ***
Total pot $0.05 | Rake $0 
Seat 1: liubaka313 (big blind) folded before Flop
Seat 3: soggking folded before Flop (didn't bet)
Seat 4: Adam_W888 collected ($0.05)
Seat 5: C0deCrusher folded before Flop (didn't bet)
Seat 6: ramires2004 folded before Flop (didn't bet)
Seat 7: MelchiorF1 folded before Flop (didn't bet)
Seat 8: Dorex2007 (button) folded before Flop (didn't bet)
Seat 9: Shustrik52 (small blind) folded before Flop



PokerStars Hand #232605724836:  Hold'em No Limit ($0.01/$0.02 USD) - 2021/12/28 10:33:54 PT [2021/12/28 13:33:54 ET]
Table 'Bojeva IV' 9-max Seat #9 is the button
Seat 1: liubaka313 ($1.49 in chips) 
Seat 2: bvbsge84 ($2 in chips) 
Seat 3: soggking ($0.73 in chips) 
Seat 4: Adam_W888 ($3.19 in chips) 
Seat 5: C0deCrusher ($1.94 in chips) 
Seat 6: ramires2004 ($2.06 in chips) 
Seat 7: MelchiorF1 ($2.36 in chips) 
Seat 8: Dorex2007 ($2.18 in chips) 
Seat 9: Shustrik52 ($1.74 in chips) 
liubaka313: posts small blind $0.01
bvbsge84: posts big blind $0.02
*** HOLE CARDS ***
Dealt to Dorex2007 [Jh Ad]
soggking: folds 
Adam_W888: raises $0.04 to $0.06
C0deCrusher: folds 
ramires2004: calls $0.06
MelchiorF1: folds 
Dorex2007: calls $0.06
Shustrik52: folds 
liubaka313: folds 
bvbsge84: calls $0.04
*** FLOP *** [6d Kd 7h]
bvbsge84: checks 
Adam_W888: bets $0.12
ramires2004: calls $0.12
Dorex2007: folds 
bvbsge84: folds 
*** TURN *** [6d Kd 7h] [Ks]
Adam_W888: bets $0.24
ramires2004: calls $0.24
*** RIVER *** [6d Kd 7h Ks] [2c]
Adam_W888: bets $0.47
ramires2004: folds 
Uncalled bet ($0.47) returned to Adam_W888
Adam_W888 collected $0.94 from pot
Adam_W888: doesn't show hand 
*** SUMMARY ***
Total pot $0.97 | Rake $0.03 
Board [6d Kd 7h Ks 2c]
Seat 1: liubaka313 (small blind) folded before Flop
Seat 2: bvbsge84 (big blind) folded on the Flop
Seat 3: soggking folded before Flop (didn't bet)
Seat 4: Adam_W888 collected ($0.94)
Seat 5: C0deCrusher folded before Flop (didn't bet)
Seat 6: ramires2004 folded on the River
Seat 7: MelchiorF1 folded before Flop (didn't bet)
Seat 8: Dorex2007 folded on the Flop
Seat 9: Shustrik52 (button) folded before Flop (didn't bet)



PokerStars Hand #232605766487:  Hold'em No Limit ($0.01/$0.02 USD) - 2021/12/28 10:35:09 PT [2021/12/28 13:35:09 ET]
Table 'Bojeva IV' 9-max Seat #1 is the button
Seat 1: liubaka313 ($1.48 in chips) 
Seat 2: bvbsge84 ($1.94 in chips) 
Seat 3: soggking ($0.73 in chips) 
Seat 4: Adam_W888 ($3.71 in chips) 
Seat 5: C0deCrusher ($1.94 in chips) 
Seat 6: ramires2004 ($1.64 in chips) 
Seat 7: MelchiorF1 ($2.36 in chips) 
Seat 8: Dorex2007 ($2.12 in chips) 
Seat 9: Shustrik52 ($1.74 in chips) 
bvbsge84: posts small blind $0.01
soggking: posts big blind $0.02
*** HOLE CARDS ***
Dealt to Dorex2007 [Jd Ad]
Adam_W888: folds 
C0deCrusher: folds 
ramires2004: folds 
MelchiorF1: folds 
Dorex2007: raises $0.02 to $0.04
Shustrik52: folds 
liubaka313: raises $0.11 to $0.15
bvbsge84: folds 
soggking: folds 
Dorex2007: folds 
Uncalled bet ($0.11) returned to liubaka313
liubaka313 collected $0.11 from pot
liubaka313: doesn't show hand 
*** SUMMARY ***
Total pot $0.11 | Rake $0 
Seat 1: liubaka313 (button) collected ($0.11)
Seat 2: bvbsge84 (small blind) folded before Flop
Seat 3: soggking (big blind) folded before Flop
Seat 4: Adam_W888 folded before Flop (didn't bet)
Seat 5: C0deCrusher folded before Flop (didn't bet)
Seat 6: ramires2004 folded before Flop (didn't bet)
Seat 7: MelchiorF1 folded before Flop (didn't bet)
Seat 8: Dorex2007 folded before Flop
Seat 9: Shustrik52 folded before Flop (didn't bet)



PokerStars Hand #232605784849:  Hold'em No Limit ($0.01/$0.02 USD) - 2021/12/28 10:35:41 PT [2021/12/28 13:35:41 ET]
Table 'Bojeva IV' 9-max Seat #2 is the button
Seat 1: liubaka313 ($1.55 in chips) 
Seat 2: bvbsge84 ($2 in chips) 
Seat 3: soggking ($0.71 in chips) 
Seat 4: Adam_W888 ($3.71 in chips) 
Seat 5: C0deCrusher ($1.94 in chips) 
Seat 6: ramires2004 ($1.64 in chips) 
Seat 7: MelchiorF1 ($2.36 in chips) 
Seat 8: Dorex2007 ($2.08 in chips) 
Seat 9: Shustrik52 ($1.74 in chips) 
soggking: posts small blind $0.01
Adam_W888: posts big blind $0.02
*** HOLE CARDS ***
Dealt to Dorex2007 [2d 2h]
C0deCrusher: folds 
ramires2004: folds 
MelchiorF1: folds 
Dorex2007: folds 
Shustrik52: folds 
liubaka313: folds 
bvbsge84: folds 
soggking: raises $0.02 to $0.04
Adam_W888: folds 
Uncalled bet ($0.02) returned to soggking
soggking collected $0.04 from pot
soggking: doesn't show hand 
*** SUMMARY ***
Total pot $0.04 | Rake $0 
Seat 1: liubaka313 folded before Flop (didn't bet)
Seat 2: bvbsge84 (button) folded before Flop (didn't bet)
Seat 3: soggking (small blind) collected ($0.04)
Seat 4: Adam_W888 (big blind) folded before Flop
Seat 5: C0deCrusher folded before Flop (didn't bet)
Seat 6: ramires2004 folded before Flop (didn't bet)
Seat 7: MelchiorF1 folded before Flop (didn't bet)
Seat 8: Dorex2007 folded before Flop (didn't bet)
Seat 9: Shustrik52 folded before Flop (didn't bet)



PokerStars Hand #232605801037:  Hold'em No Limit ($0.01/$0.02 USD) - 2021/12/28 10:36:10 PT [2021/12/28 13:36:10 ET]
Table 'Bojeva IV' 9-max Seat #3 is the button
Seat 1: liubaka313 ($1.55 in chips) 
Seat 2: bvbsge84 ($2 in chips) 
Seat 3: soggking ($0.73 in chips) 
Seat 4: Adam_W888 ($3.69 in chips) 
Seat 5: C0deCrusher ($1.94 in chips) 
Seat 6: ramires2004 ($1.64 in chips) 
Seat 7: MelchiorF1 ($2.36 in chips) 
Seat 8: Dorex2007 ($2.08 in chips) 
Seat 9: Shustrik52 ($1.74 in chips) 
Adam_W888: posts small blind $0.01
C0deCrusher: posts big blind $0.02
*** HOLE CARDS ***
Dealt to Dorex2007 [3c 9c]
ramires2004: folds 
MelchiorF1: folds 
Dorex2007: folds 
Shustrik52: folds 
liubaka313: folds 
bvbsge84: folds 
soggking: folds 
Adam_W888: raises $0.04 to $0.06
C0deCrusher: folds 
Uncalled bet ($0.04) returned to Adam_W888
Adam_W888 collected $0.04 from pot
Adam_W888: doesn't show hand 
*** SUMMARY ***
Total pot $0.04 | Rake $0 
Seat 1: liubaka313 folded before Flop (didn't bet)
Seat 2: bvbsge84 folded before Flop (didn't bet)
Seat 3: soggking (button) folded before Flop (didn't bet)
Seat 4: Adam_W888 (small blind) collected ($0.04)
Seat 5: C0deCrusher (big blind) folded before Flop
Seat 6: ramires2004 folded before Flop (didn't bet)
Seat 7: MelchiorF1 folded before Flop (didn't bet)
Seat 8: Dorex2007 folded before Flop (didn't bet)
Seat 9: Shustrik52 folded before Flop (didn't bet)



PokerStars Hand #232605817952:  Hold'em No Limit ($0.01/$0.02 USD) - 2021/12/28 10:36:41 PT [2021/12/28 13:36:41 ET]
Table 'Bojeva IV' 9-max Seat #4 is the button
Seat 1: liubaka313 ($1.55 in chips) 
Seat 2: bvbsge84 ($2 in chips) 
Seat 3: soggking ($0.73 in chips) 
Seat 4: Adam_W888 ($3.71 in chips) 
Seat 5: C0deCrusher ($1.92 in chips) 
Seat 6: ramires2004 ($1.64 in chips) 
Seat 7: MelchiorF1 ($2.36 in chips) 
Seat 8: Dorex2007 ($2.08 in chips) 
Seat 9: Shustrik52 ($1.74 in chips) 
C0deCrusher: posts small blind $0.01
ramires2004: posts big blind $0.02
*** HOLE CARDS ***
Dealt to Dorex2007 [Kd Qs]
MelchiorF1: folds 
Dorex2007: folds 
Shustrik52: folds 
liubaka313: calls $0.02
bvbsge84: folds 
soggking: raises $0.02 to $0.04
Adam_W888: folds 
C0deCrusher: folds 
ramires2004: calls $0.02
liubaka313: calls $0.02
*** FLOP *** [6d 2h Ah]
ramires2004: checks 
liubaka313: checks 
soggking: bets $0.07
ramires2004: calls $0.07
liubaka313: calls $0.07
*** TURN *** [6d 2h Ah] [9d]
ramires2004: checks 
liubaka313: checks 
soggking: bets $0.18
ramires2004: calls $0.18
liubaka313: calls $0.18
*** RIVER *** [6d 2h Ah 9d] [Jd]
ramires2004: checks 
liubaka313: checks 
soggking: bets $0.44 and is all-in
ramires2004: calls $0.44
liubaka313: folds 
*** SHOW DOWN ***
soggking: shows [9s Ad] (two pair, Aces and Nines)
ramires2004: shows [Ac Jc] (two pair, Aces and Jacks)
ramires2004 collected $1.70 from pot
*** SUMMARY ***
Total pot $1.76 | Rake $0.06 
Board [6d 2h Ah 9d Jd]
Seat 1: liubaka313 folded on the River
Seat 2: bvbsge84 folded before Flop (didn't bet)
Seat 3: soggking showed [9s Ad] and lost with two pair, Aces and Nines
Seat 4: Adam_W888 (button) folded before Flop (didn't bet)
Seat 5: C0deCrusher (small blind) folded before Flop
Seat 6: ramires2004 (big blind) showed [Ac Jc] and won ($1.70) with two pair, Aces and Jacks
Seat 7: MelchiorF1 folded before Flop (didn't bet)
Seat 8: Dorex2007 folded before Flop (didn't bet)
Seat 9: Shustrik52 folded before Flop (didn't bet)



PokerStars Hand #232605863789:  Hold'em No Limit ($0.01/$0.02 USD) - 2021/12/28 10:38:03 PT [2021/12/28 13:38:03 ET]
Table 'Bojeva IV' 9-max Seat #5 is the button
Seat 1: liubaka313 ($1.26 in chips) 
Seat 2: bvbsge84 ($2 in chips) 
Seat 4: Adam_W888 ($3.71 in chips) 
Seat 5: C0deCrusher ($1.91 in chips) 
Seat 6: ramires2004 ($2.61 in chips) 
Seat 7: MelchiorF1 ($2.36 in chips) 
Seat 8: Dorex2007 ($2.08 in chips) 
Seat 9: Shustrik52 ($1.74 in chips) 
ramires2004: posts small blind $0.01
MelchiorF1: posts big blind $0.02
*** HOLE CARDS ***
Dealt to Dorex2007 [Jc 9s]
Dorex2007: folds 
Shustrik52: folds 
liubaka313: calls $0.02
bvbsge84: folds 
Adam_W888: folds 
C0deCrusher: folds 
ramires2004: calls $0.01
MelchiorF1: checks 
*** FLOP *** [8s 6s Ad]
ramires2004: checks 
MelchiorF1: checks 
liubaka313: checks 
*** TURN *** [8s 6s Ad] [7h]
ramires2004: checks 
MelchiorF1: checks 
liubaka313: checks 
*** RIVER *** [8s 6s Ad 7h] [3c]
ramires2004: checks 
MelchiorF1: checks 
liubaka313: checks 
*** SHOW DOWN ***
ramires2004: shows [Td Tc] (a pair of Tens)
MelchiorF1: mucks hand 
liubaka313: mucks hand 
ramires2004 collected $0.06 from pot
*** SUMMARY ***
Total pot $0.06 | Rake $0 
Board [8s 6s Ad 7h 3c]
Seat 1: liubaka313 mucked [5h Jh]
Seat 2: bvbsge84 folded before Flop (didn't bet)
Seat 4: Adam_W888 folded before Flop (didn't bet)
Seat 5: C0deCrusher (button) folded before Flop (didn't bet)
Seat 6: ramires2004 (small blind) showed [Td Tc] and won ($0.06) with a pair of Tens
Seat 7: MelchiorF1 (big blind) mucked [4h 2h]
Seat 8: Dorex2007 folded before Flop (didn't bet)
Seat 9: Shustrik52 folded before Flop (didn't bet)



PokerStars Hand #232605899253:  Hold'em No Limit ($0.01/$0.02 USD) - 2021/12/28 10:39:07 PT [2021/12/28 13:39:07 ET]
Table 'Bojeva IV' 9-max Seat #6 is the button
Seat 1: liubaka313 ($1.24 in chips) 
Seat 2: bvbsge84 ($2 in chips) 
Seat 3: soggking ($0.80 in chips) 
Seat 4: Adam_W888 ($3.71 in chips) 
Seat 5: C0deCrusher ($1.91 in chips) 
Seat 6: ramires2004 ($2.65 in chips) 
Seat 7: MelchiorF1 ($2.34 in chips) 
Seat 8: Dorex2007 ($2.08 in chips) 
Seat 9: Shustrik52 ($1.74 in chips) 
MelchiorF1: posts small blind $0.01
Dorex2007: posts big blind $0.02
*** HOLE CARDS ***
Dealt to Dorex2007 [3s 3h]
Shustrik52: folds 
liubaka313: folds 
bvbsge84: folds 
soggking: raises $0.02 to $0.04
Adam_W888: folds 
C0deCrusher: folds 
ramires2004: folds 
MelchiorF1: folds 
Dorex2007: calls $0.02
*** FLOP *** [6h 4s Js]
Dorex2007: checks 
soggking: checks 
*** TURN *** [6h 4s Js] [Ts]
Dorex2007: checks 
soggking: checks 
*** RIVER *** [6h 4s Js Ts] [Tc]
Dorex2007: checks 
soggking: checks 
*** SHOW DOWN ***
Dorex2007: shows [3s 3h] (two pair, Tens and Threes)
soggking: mucks hand 
Dorex2007 collected $0.09 from pot
*** SUMMARY ***
Total pot $0.09 | Rake $0 
Board [6h 4s Js Ts Tc]
Seat 1: liubaka313 folded before Flop (didn't bet)
Seat 2: bvbsge84 folded before Flop (didn't bet)
Seat 3: soggking mucked [Ad 8d]
Seat 4: Adam_W888 folded before Flop (didn't bet)
Seat 5: C0deCrusher folded before Flop (didn't bet)
Seat 6: ramires2004 (button) folded before Flop (didn't bet)
Seat 7: MelchiorF1 (small blind) folded before Flop
Seat 8: Dorex2007 (big blind) showed [3s 3h] and won ($0.09) with two pair, Tens and Threes
Seat 9: Shustrik52 folded before Flop (didn't bet)



PokerStars Hand #232605924418:  Hold'em No Limit ($0.01/$0.02 USD) - 2021/12/28 10:39:52 PT [2021/12/28 13:39:52 ET]
Table 'Bojeva IV' 9-max Seat #7 is the button
Seat 1: liubaka313 ($1.24 in chips) 
Seat 2: bvbsge84 ($2 in chips) 
Seat 3: soggking ($0.76 in chips) 
Seat 4: Adam_W888 ($3.71 in chips) 
Seat 5: C0deCrusher ($1.91 in chips) 
Seat 6: ramires2004 ($2.65 in chips) 
Seat 7: MelchiorF1 ($2.33 in chips) 
Seat 8: Dorex2007 ($2.13 in chips) 
Seat 9: Shustrik52 ($1.74 in chips) 
Dorex2007: posts small blind $0.01
Shustrik52: posts big blind $0.02
*** HOLE CARDS ***
Dealt to Dorex2007 [7h 2c]
liubaka313: folds 
bvbsge84: folds 
soggking: raises $0.02 to $0.04
Adam_W888: folds 
C0deCrusher: folds 
ramires2004: folds 
MelchiorF1: folds 
Dorex2007: folds 
Shustrik52: folds 
Uncalled bet ($0.02) returned to soggking
soggking collected $0.05 from pot
soggking: doesn't show hand 
*** SUMMARY ***
Total pot $0.05 | Rake $0 
Seat 1: liubaka313 folded before Flop (didn't bet)
Seat 2: bvbsge84 folded before Flop (didn't bet)
Seat 3: soggking collected ($0.05)
Seat 4: Adam_W888 folded before Flop (didn't bet)
Seat 5: C0deCrusher folded before Flop (didn't bet)
Seat 6: ramires2004 folded before Flop (didn't bet)
Seat 7: MelchiorF1 (button) folded before Flop (didn't bet)
Seat 8: Dorex2007 (small blind) folded before Flop
Seat 9: Shustrik52 (big blind) folded before Flop



PokerStars Hand #232605940814:  Hold'em No Limit ($0.01/$0.02 USD) - 2021/12/28 10:40:22 PT [2021/12/28 13:40:22 ET]
Table 'Bojeva IV' 9-max Seat #8 is the button
Seat 1: liubaka313 ($1.24 in chips) 
Seat 2: bvbsge84 ($2 in chips) 
Seat 3: soggking ($0.79 in chips) 
Seat 4: Adam_W888 ($3.71 in chips) 
Seat 5: C0deCrusher ($1.91 in chips) 
Seat 6: ramires2004 ($2.65 in chips) 
Seat 7: MelchiorF1 ($2.33 in chips) 
Seat 8: Dorex2007 ($2.12 in chips) 
Seat 9: Shustrik52 ($1.72 in chips) 
Shustrik52: posts small blind $0.01
liubaka313: posts big blind $0.02
*** HOLE CARDS ***
Dealt to Dorex2007 [Ah Jh]
bvbsge84: raises $0.04 to $0.06
soggking: calls $0.06
Adam_W888: calls $0.06
C0deCrusher: calls $0.06
ramires2004: folds 
MelchiorF1: folds 
Dorex2007: calls $0.06
Shustrik52: folds 
liubaka313: calls $0.04
*** FLOP *** [2h Ts 3h]
soggking said, "(lucky)"
liubaka313: checks 
bvbsge84: bets $0.36
soggking: folds 
Adam_W888: folds 
C0deCrusher: folds 
Dorex2007: raises $1.70 to $2.06 and is all-in
liubaka313: folds 
bvbsge84: calls $1.58 and is all-in
Uncalled bet ($0.12) returned to Dorex2007
*** TURN *** [2h Ts 3h] [2s]
*** RIVER *** [2h Ts 3h 2s] [8s]
*** SHOW DOWN ***
bvbsge84: shows [Jd Jc] (two pair, Jacks and Deuces)
Dorex2007: shows [Ah Jh] (a pair of Deuces)
bvbsge84 collected $4.06 from pot
Dorex2007 cashed out the hand for $1.94 | Cash Out Fee $0.02
*** SUMMARY ***
Total pot $4.25 | Rake $0.19 
Board [2h Ts 3h 2s 8s]
Seat 1: liubaka313 (big blind) folded on the Flop
Seat 2: bvbsge84 showed [Jd Jc] and won ($4.06) with two pair, Jacks and Deuces
Seat 3: soggking folded on the Flop
Seat 4: Adam_W888 folded on the Flop
Seat 5: C0deCrusher folded on the Flop
Seat 6: ramires2004 folded before Flop (didn't bet)
Seat 7: MelchiorF1 folded before Flop (didn't bet)
Seat 8: Dorex2007 (button) showed [Ah Jh] and lost with a pair of Deuces (cashed out).
Seat 9: Shustrik52 (small blind) folded before Flop



PokerStars Hand #232605983947:  Hold'em No Limit ($0.01/$0.02 USD) - 2021/12/28 10:41:33 PT [2021/12/28 13:41:33 ET]
Table 'Bojeva IV' 9-max Seat #9 is the button
Seat 1: liubaka313 ($1.18 in chips) 
Seat 2: bvbsge84 ($4.06 in chips) 
Seat 3: soggking ($0.73 in chips) 
Seat 4: Adam_W888 ($3.65 in chips) 
Seat 5: C0deCrusher ($1.85 in chips) 
Seat 6: ramires2004 ($2.65 in chips) 
Seat 7: MelchiorF1 ($2.33 in chips) 
Seat 8: Dorex2007 ($2.06 in chips) 
Seat 9: Shustrik52 ($1.71 in chips) 
liubaka313: posts small blind $0.01
bvbsge84: posts big blind $0.02
*** HOLE CARDS ***
Dealt to Dorex2007 [Ts 9h]
bvbsge84 said, "ty donk"
soggking: folds 
Adam_W888: folds 
C0deCrusher: folds 
ramires2004: folds 
Dorex2007 said, "np"
MelchiorF1: raises $0.04 to $0.06
Dorex2007: folds 
Shustrik52: folds 
soggking said, "donk?"
soggking said, "kkk"
liubaka313: folds 
bvbsge84: folds 
Uncalled bet ($0.04) returned to MelchiorF1
MelchiorF1 collected $0.05 from pot
MelchiorF1: doesn't show hand 
*** SUMMARY ***
Total pot $0.05 | Rake $0 
Seat 1: liubaka313 (small blind) folded before Flop
Seat 2: bvbsge84 (big blind) folded before Flop
Seat 3: soggking folded before Flop (didn't bet)
Seat 4: Adam_W888 folded before Flop (didn't bet)
Seat 5: C0deCrusher folded before Flop (didn't bet)
Seat 6: ramires2004 folded before Flop (didn't bet)
Seat 7: MelchiorF1 collected ($0.05)
Seat 8: Dorex2007 folded before Flop (didn't bet)
Seat 9: Shustrik52 (button) folded before Flop (didn't bet)



PokerStars Hand #232606002958:  Hold'em No Limit ($0.01/$0.02 USD) - 2021/12/28 10:42:07 PT [2021/12/28 13:42:07 ET]
Table 'Bojeva IV' 9-max Seat #1 is the button
Seat 1: liubaka313 ($1.17 in chips) 
Seat 2: bvbsge84 ($4.04 in chips) 
Seat 3: soggking ($0.73 in chips) 
Seat 4: Adam_W888 ($3.65 in chips) 
Seat 5: C0deCrusher ($1.85 in chips) 
Seat 6: ramires2004 ($2.65 in chips) 
Seat 7: MelchiorF1 ($2.36 in chips) 
Seat 8: Dorex2007 ($2.06 in chips) 
Seat 9: Shustrik52 ($1.71 in chips) 
bvbsge84: posts small blind $0.01
soggking: posts big blind $0.02
*** HOLE CARDS ***
Dealt to Dorex2007 [3c 8s]
Adam_W888: folds 
C0deCrusher: folds 
ramires2004: folds 
MelchiorF1: folds 
Dorex2007: folds 
Shustrik52: folds 
liubaka313: calls $0.02
bvbsge84: folds 
soggking: checks 
*** FLOP *** [8h Qd Jh]
soggking: checks 
liubaka313: bets $0.02
soggking: folds 
Uncalled bet ($0.02) returned to liubaka313
liubaka313 collected $0.05 from pot
liubaka313: doesn't show hand 
*** SUMMARY ***
Total pot $0.05 | Rake $0 
Board [8h Qd Jh]
Seat 1: liubaka313 (button) collected ($0.05)
Seat 2: bvbsge84 (small blind) folded before Flop
Seat 3: soggking (big blind) folded on the Flop
Seat 4: Adam_W888 folded before Flop (didn't bet)
Seat 5: C0deCrusher folded before Flop (didn't bet)
Seat 6: ramires2004 folded before Flop (didn't bet)
Seat 7: MelchiorF1 folded before Flop (didn't bet)
Seat 8: Dorex2007 folded before Flop (didn't bet)
Seat 9: Shustrik52 folded before Flop (didn't bet)



PokerStars Hand #232606018828:  Hold'em No Limit ($0.01/$0.02 USD) - 2021/12/28 10:42:35 PT [2021/12/28 13:42:35 ET]
Table 'Bojeva IV' 9-max Seat #2 is the button
Seat 1: liubaka313 ($1.20 in chips) 
Seat 2: bvbsge84 ($4.03 in chips) 
Seat 3: soggking ($0.71 in chips) 
Seat 4: Adam_W888 ($3.65 in chips) 
Seat 5: C0deCrusher ($1.85 in chips) 
Seat 6: ramires2004 ($2.65 in chips) 
Seat 7: MelchiorF1 ($2.36 in chips) 
Seat 8: Dorex2007 ($2.06 in chips) 
Seat 9: Shustrik52 ($1.71 in chips) 
soggking: posts small blind $0.01
Adam_W888: posts big blind $0.02
*** HOLE CARDS ***
Dealt to Dorex2007 [9d 8h]
C0deCrusher: folds 
ramires2004: folds 
MelchiorF1: raises $0.02 to $0.04
Dorex2007 said, "you're still down 1.52 to me, so it's ok"
Dorex2007: folds 
Shustrik52: folds 
liubaka313: folds 
bvbsge84: raises $0.08 to $0.12
soggking: folds 
Adam_W888: folds 
MelchiorF1: calls $0.08
*** FLOP *** [Ad 4d Ac]
MelchiorF1: checks 
bvbsge84: bets $0.13
MelchiorF1: folds 
Uncalled bet ($0.13) returned to bvbsge84
bvbsge84 collected $0.26 from pot
bvbsge84: doesn't show hand 
*** SUMMARY ***
Total pot $0.27 | Rake $0.01 
Board [Ad 4d Ac]
Seat 1: liubaka313 folded before Flop (didn't bet)
Seat 2: bvbsge84 (button) collected ($0.26)
Seat 3: soggking (small blind) folded before Flop
Seat 4: Adam_W888 (big blind) folded before Flop
Seat 5: C0deCrusher folded before Flop (didn't bet)
Seat 6: ramires2004 folded before Flop (didn't bet)
Seat 7: MelchiorF1 folded on the Flop
Seat 8: Dorex2007 folded before Flop (didn't bet)
Seat 9: Shustrik52 folded before Flop (didn't bet)



PokerStars Hand #232606054920:  Hold'em No Limit ($0.01/$0.02 USD) - 2021/12/28 10:43:40 PT [2021/12/28 13:43:40 ET]
Table 'Bojeva IV' 9-max Seat #3 is the button
Seat 1: liubaka313 ($1.20 in chips) 
Seat 2: bvbsge84 ($4.17 in chips) 
Seat 3: soggking ($0.70 in chips) 
Seat 4: Adam_W888 ($3.63 in chips) 
Seat 5: C0deCrusher ($1.85 in chips) 
Seat 6: ramires2004 ($2.65 in chips) 
Seat 7: MelchiorF1 ($2.24 in chips) 
Seat 8: Dorex2007 ($2.06 in chips) 
Seat 9: Shustrik52 ($1.71 in chips) 
Adam_W888: posts small blind $0.01
C0deCrusher: posts big blind $0.02
*** HOLE CARDS ***
Dealt to Dorex2007 [Td 5c]
ramires2004: folds 
MelchiorF1: folds 
Dorex2007: folds 
Shustrik52: folds 
liubaka313: folds 
bvbsge84: folds 
soggking: calls $0.02
Adam_W888: folds 
C0deCrusher: checks 
*** FLOP *** [3s Th Tc]
C0deCrusher: bets $0.03
soggking: folds 
Uncalled bet ($0.03) returned to C0deCrusher
C0deCrusher collected $0.05 from pot
C0deCrusher: doesn't show hand 
*** SUMMARY ***
Total pot $0.05 | Rake $0 
Board [3s Th Tc]
Seat 1: liubaka313 folded before Flop (didn't bet)
Seat 2: bvbsge84 folded before Flop (didn't bet)
Seat 3: soggking (button) folded on the Flop
Seat 4: Adam_W888 (small blind) folded before Flop
Seat 5: C0deCrusher (big blind) collected ($0.05)
Seat 6: ramires2004 folded before Flop (didn't bet)
Seat 7: MelchiorF1 folded before Flop (didn't bet)
Seat 8: Dorex2007 folded before Flop (didn't bet)
Seat 9: Shustrik52 folded before Flop (didn't bet)



PokerStars Hand #232606075644:  Hold'em No Limit ($0.01/$0.02 USD) - 2021/12/28 10:44:17 PT [2021/12/28 13:44:17 ET]
Table 'Bojeva IV' 9-max Seat #4 is the button
Seat 1: liubaka313 ($1.20 in chips) 
Seat 2: bvbsge84 ($4.17 in chips) 
Seat 3: soggking ($0.68 in chips) 
Seat 4: Adam_W888 ($3.62 in chips) 
Seat 5: C0deCrusher ($1.88 in chips) 
Seat 6: ramires2004 ($2.65 in chips) 
Seat 7: MelchiorF1 ($2.24 in chips) 
Seat 8: Dorex2007 ($2.06 in chips) 
Seat 9: Shustrik52 ($1.71 in chips) 
C0deCrusher: posts small blind $0.01
ramires2004: posts big blind $0.02
*** HOLE CARDS ***
Dealt to Dorex2007 [3c Ts]
MelchiorF1: folds 
Dorex2007: folds 
Shustrik52: folds 
liubaka313: calls $0.02
bvbsge84: raises $0.06 to $0.08
soggking: calls $0.08
Adam_W888: folds 
C0deCrusher: folds 
ramires2004: folds 
liubaka313: folds 
*** FLOP *** [5c 6c 5s]
bvbsge84: bets $0.10
soggking: calls $0.10
*** TURN *** [5c 6c 5s] [8d]
bvbsge84: checks 
soggking: checks 
*** RIVER *** [5c 6c 5s 8d] [Ks]
bvbsge84: bets $3.99 and is all-in
soggking: folds 
Uncalled bet ($3.99) returned to bvbsge84
bvbsge84 collected $0.40 from pot
bvbsge84: doesn't show hand 
*** SUMMARY ***
Total pot $0.41 | Rake $0.01 
Board [5c 6c 5s 8d Ks]
Seat 1: liubaka313 folded before Flop
Seat 2: bvbsge84 collected ($0.40)
Seat 3: soggking folded on the River
Seat 4: Adam_W888 (button) folded before Flop (didn't bet)
Seat 5: C0deCrusher (small blind) folded before Flop
Seat 6: ramires2004 (big blind) folded before Flop
Seat 7: MelchiorF1 folded before Flop (didn't bet)
Seat 8: Dorex2007 folded before Flop (didn't bet)
Seat 9: Shustrik52 folded before Flop (didn't bet)



PokerStars Hand #232606119356:  Hold'em No Limit ($0.01/$0.02 USD) - 2021/12/28 10:45:28 PT [2021/12/28 13:45:28 ET]
Table 'Bojeva IV' 9-max Seat #5 is the button
Seat 1: liubaka313 ($1.18 in chips) 
Seat 2: bvbsge84 ($4.39 in chips) 
Seat 3: soggking ($0.50 in chips) 
Seat 4: Adam_W888 ($3.62 in chips) 
Seat 5: C0deCrusher ($1.87 in chips) 
Seat 6: ramires2004 ($2.63 in chips) 
Seat 7: MelchiorF1 ($2.24 in chips) 
Seat 8: Dorex2007 ($2.06 in chips) 
Seat 9: Shustrik52 ($1.71 in chips) 
ramires2004: posts small blind $0.01
MelchiorF1: posts big blind $0.02
*** HOLE CARDS ***
Dealt to Dorex2007 [9h 2c]
Dorex2007: folds 
Shustrik52: calls $0.02
liubaka313: folds 
bvbsge84: folds 
soggking: raises $0.04 to $0.06
Adam_W888: folds 
C0deCrusher: folds 
ramires2004: folds 
MelchiorF1: calls $0.04
Shustrik52: calls $0.04
*** FLOP *** [2s 8c 9s]
MelchiorF1: checks 
Shustrik52: checks 
soggking: checks 
*** TURN *** [2s 8c 9s] [Qh]
MelchiorF1: bets $0.07
Shustrik52: folds 
soggking: calls $0.07
*** RIVER *** [2s 8c 9s Qh] [8s]
MelchiorF1: bets $0.18
soggking: raises $0.19 to $0.37 and is all-in
MelchiorF1: calls $0.19
*** SHOW DOWN ***
soggking: shows [Qc Ad] (two pair, Queens and Eights)
MelchiorF1: shows [Js Ks] (a flush, King high)
MelchiorF1 collected $1.03 from pot
*** SUMMARY ***
Total pot $1.07 | Rake $0.04 
Board [2s 8c 9s Qh 8s]
Seat 1: liubaka313 folded before Flop (didn't bet)
Seat 2: bvbsge84 folded before Flop (didn't bet)
Seat 3: soggking showed [Qc Ad] and lost with two pair, Queens and Eights
Seat 4: Adam_W888 folded before Flop (didn't bet)
Seat 5: C0deCrusher (button) folded before Flop (didn't bet)
Seat 6: ramires2004 (small blind) folded before Flop
Seat 7: MelchiorF1 (big blind) showed [Js Ks] and won ($1.03) with a flush, King high
Seat 8: Dorex2007 folded before Flop (didn't bet)
Seat 9: Shustrik52 folded on the Turn



PokerStars Hand #232606152899:  Hold'em No Limit ($0.01/$0.02 USD) - 2021/12/28 10:46:28 PT [2021/12/28 13:46:28 ET]
Table 'Bojeva IV' 9-max Seat #6 is the button
Seat 1: liubaka313 ($1.18 in chips) 
Seat 2: bvbsge84 ($4.39 in chips) 
Seat 4: Adam_W888 ($3.62 in chips) 
Seat 5: C0deCrusher ($1.87 in chips) 
Seat 6: ramires2004 ($2.62 in chips) 
Seat 7: MelchiorF1 ($2.77 in chips) 
Seat 8: Dorex2007 ($2.06 in chips) 
Seat 9: Shustrik52 ($1.65 in chips) 
MelchiorF1: posts small blind $0.01
Dorex2007: posts big blind $0.02
*** HOLE CARDS ***
Dealt to Dorex2007 [Th As]
soggking leaves the table
Shustrik52: folds 
liubaka313: folds 
bvbsge84: folds 
Adam_W888: folds 
C0deCrusher: raises $0.02 to $0.04
ramires2004: folds 
MelchiorF1: folds 
soggking joins the table at seat #3 
Dorex2007: calls $0.02
*** FLOP *** [Qd Jc 8s]
Dorex2007: bets $0.06
C0deCrusher: calls $0.06
*** TURN *** [Qd Jc 8s] [Kh]
Dorex2007: bets $0.13
C0deCrusher: calls $0.13
*** RIVER *** [Qd Jc 8s Kh] [5d]
Dorex2007: bets $0.23
C0deCrusher: calls $0.23
*** SHOW DOWN ***
Dorex2007: shows [Th As] (a straight, Ten to Ace)
C0deCrusher: mucks hand 
Dorex2007 collected $0.90 from pot
*** SUMMARY ***
Total pot $0.93 | Rake $0.03 
Board [Qd Jc 8s Kh 5d]
Seat 1: liubaka313 folded before Flop (didn't bet)
Seat 2: bvbsge84 folded before Flop (didn't bet)
Seat 4: Adam_W888 folded before Flop (didn't bet)
Seat 5: C0deCrusher mucked [8h 8d]
Seat 6: ramires2004 (button) folded before Flop (didn't bet)
Seat 7: MelchiorF1 (small blind) folded before Flop
Seat 8: Dorex2007 (big blind) showed [Th As] and won ($0.90) with a straight, Ten to Ace
Seat 9: Shustrik52 folded before Flop (didn't bet)



PokerStars Hand #232606185375:  Hold'em No Limit ($0.01/$0.02 USD) - 2021/12/28 10:47:25 PT [2021/12/28 13:47:25 ET]
Table 'Bojeva IV' 9-max Seat #7 is the button
Seat 1: liubaka313 ($1.18 in chips) 
Seat 2: bvbsge84 ($4.39 in chips) 
Seat 3: soggking ($0.80 in chips) 
Seat 4: Adam_W888 ($3.62 in chips) 
Seat 5: C0deCrusher ($1.41 in chips) 
Seat 6: ramires2004 ($2.62 in chips) 
Seat 7: MelchiorF1 ($2.76 in chips) 
Seat 8: Dorex2007 ($2.50 in chips) 
Seat 9: Shustrik52 ($1.65 in chips) 
Dorex2007: posts small blind $0.01
Shustrik52: posts big blind $0.02
soggking: posts big blind $0.02
*** HOLE CARDS ***
Dealt to Dorex2007 [Qs 9c]
liubaka313: raises $0.04 to $0.06
bvbsge84: raises $0.04 to $0.10
soggking: folds 
Adam_W888: folds 
C0deCrusher: raises $0.08 to $0.18
ramires2004: folds 
MelchiorF1: folds 
Dorex2007: folds 
Shustrik52: folds 
liubaka313: calls $0.12
bvbsge84: raises $4.21 to $4.39 and is all-in
C0deCrusher: calls $1.23 and is all-in
liubaka313: folds 
Uncalled bet ($2.98) returned to bvbsge84
*** FLOP *** [8s 5h 7s]
*** TURN *** [8s 5h 7s] [5d]
*** RIVER *** [8s 5h 7s 5d] [Jh]
*** SHOW DOWN ***
bvbsge84: shows [Kh As] (a pair of Fives)
C0deCrusher: shows [Kd Kc] (two pair, Kings and Fives)
C0deCrusher collected $2.94 from pot
*** SUMMARY ***
Total pot $3.05 | Rake $0.11 
Board [8s 5h 7s 5d Jh]
Seat 1: liubaka313 folded before Flop
Seat 2: bvbsge84 showed [Kh As] and lost with a pair of Fives
Seat 3: soggking folded before Flop (didn't bet)
Seat 4: Adam_W888 folded before Flop (didn't bet)
Seat 5: C0deCrusher showed [Kd Kc] and won ($2.94) with two pair, Kings and Fives
Seat 6: ramires2004 folded before Flop (didn't bet)
Seat 7: MelchiorF1 (button) folded before Flop (didn't bet)
Seat 8: Dorex2007 (small blind) folded before Flop
Seat 9: Shustrik52 (big blind) folded before Flop



PokerStars Hand #232606220873:  Hold'em No Limit ($0.01/$0.02 USD) - 2021/12/28 10:48:29 PT [2021/12/28 13:48:29 ET]
Table 'Bojeva IV' 9-max Seat #8 is the button
Seat 1: liubaka313 ($1 in chips) 
Seat 2: bvbsge84 ($2.98 in chips) 
Seat 3: soggking ($0.78 in chips) 
Seat 4: Adam_W888 ($3.62 in chips) 
Seat 5: C0deCrusher ($2.94 in chips) 
Seat 6: ramires2004 ($2.62 in chips) 
Seat 7: MelchiorF1 ($2.76 in chips) 
Seat 8: Dorex2007 ($2.49 in chips) 
Seat 9: Shustrik52 ($1.63 in chips) 
Shustrik52: posts small blind $0.01
liubaka313: posts big blind $0.02
*** HOLE CARDS ***
Dealt to Dorex2007 [2d 9d]
bvbsge84 said, "nh"
bvbsge84: folds 
soggking: folds 
Adam_W888: raises $0.04 to $0.06
C0deCrusher: folds 
ramires2004: folds 
MelchiorF1: folds 
Dorex2007: folds 
Shustrik52: folds 
liubaka313: folds 
Uncalled bet ($0.04) returned to Adam_W888
Adam_W888 collected $0.05 from pot
Adam_W888: doesn't show hand 
*** SUMMARY ***
Total pot $0.05 | Rake $0 
Seat 1: liubaka313 (big blind) folded before Flop
Seat 2: bvbsge84 folded before Flop (didn't bet)
Seat 3: soggking folded before Flop (didn't bet)
Seat 4: Adam_W888 collected ($0.05)
Seat 5: C0deCrusher folded before Flop (didn't bet)
Seat 6: ramires2004 folded before Flop (didn't bet)
Seat 7: MelchiorF1 folded before Flop (didn't bet)
Seat 8: Dorex2007 (button) folded before Flop (didn't bet)
Seat 9: Shustrik52 (small blind) folded before Flop



PokerStars Hand #232606240872:  Hold'em No Limit ($0.01/$0.02 USD) - 2021/12/28 10:49:05 PT [2021/12/28 13:49:05 ET]
Table 'Bojeva IV' 9-max Seat #9 is the button
Seat 1: liubaka313 ($0.98 in chips) 
Seat 2: bvbsge84 ($2.98 in chips) 
Seat 3: soggking ($0.78 in chips) 
Seat 4: Adam_W888 ($3.65 in chips) 
Seat 5: C0deCrusher ($2.94 in chips) 
Seat 6: ramires2004 ($2.62 in chips) 
Seat 7: MelchiorF1 ($2.76 in chips) 
Seat 8: Dorex2007 ($2.49 in chips) 
Seat 9: Shustrik52 ($1.62 in chips) 
liubaka313: posts small blind $0.01
bvbsge84: posts big blind $0.02
*** HOLE CARDS ***
Dealt to Dorex2007 [2c 8d]
soggking: folds 
Adam_W888: folds 
C0deCrusher: folds 
ramires2004: folds 
MelchiorF1: folds 
Dorex2007: folds 
Shustrik52: folds 
liubaka313: raises $0.02 to $0.04
bvbsge84: raises $0.08 to $0.12
liubaka313: calls $0.08
*** FLOP *** [3s 9d Td]
liubaka313: checks 
bvbsge84: bets $0.12
liubaka313: calls $0.12
*** TURN *** [3s 9d Td] [5d]
liubaka313: checks 
bvbsge84: bets $0.74
liubaka313: folds 
Uncalled bet ($0.74) returned to bvbsge84
bvbsge84 collected $0.46 from pot
bvbsge84: doesn't show hand 
*** SUMMARY ***
Total pot $0.48 | Rake $0.02 
Board [3s 9d Td 5d]
Seat 1: liubaka313 (small blind) folded on the Turn
Seat 2: bvbsge84 (big blind) collected ($0.46)
Seat 3: soggking folded before Flop (didn't bet)
Seat 4: Adam_W888 folded before Flop (didn't bet)
Seat 5: C0deCrusher folded before Flop (didn't bet)
Seat 6: ramires2004 folded before Flop (didn't bet)
Seat 7: MelchiorF1 folded before Flop (didn't bet)
Seat 8: Dorex2007 folded before Flop (didn't bet)
Seat 9: Shustrik52 (button) folded before Flop (didn't bet)



PokerStars Hand #232606267347:  Hold'em No Limit ($0.01/$0.02 USD) - 2021/12/28 10:49:53 PT [2021/12/28 13:49:53 ET]
Table 'Bojeva IV' 9-max Seat #1 is the button
Seat 1: liubaka313 ($0.74 in chips) 
Seat 2: bvbsge84 ($3.20 in chips) 
Seat 3: soggking ($0.78 in chips) 
Seat 4: Adam_W888 ($3.65 in chips) 
Seat 5: C0deCrusher ($2.94 in chips) 
Seat 6: ramires2004 ($2.62 in chips) 
Seat 7: MelchiorF1 ($2.76 in chips) 
Seat 8: Dorex2007 ($2.49 in chips) 
Seat 9: Shustrik52 ($1.62 in chips) 
bvbsge84: posts small blind $0.01
soggking: posts big blind $0.02
*** HOLE CARDS ***
Dealt to Dorex2007 [2s Jc]
Adam_W888: folds 
C0deCrusher: folds 
ramires2004: folds 
MelchiorF1: raises $0.04 to $0.06
Dorex2007: folds 
Shustrik52: folds 
liubaka313: calls $0.06
bvbsge84: folds 
soggking: calls $0.04
*** FLOP *** [9h 6c 5h]
soggking: checks 
MelchiorF1: checks 
liubaka313: bets $0.09
soggking: folds 
MelchiorF1: folds 
Uncalled bet ($0.09) returned to liubaka313
liubaka313 collected $0.18 from pot
liubaka313: doesn't show hand 
*** SUMMARY ***
Total pot $0.19 | Rake $0.01 
Board [9h 6c 5h]
Seat 1: liubaka313 (button) collected ($0.18)
Seat 2: bvbsge84 (small blind) folded before Flop
Seat 3: soggking (big blind) folded on the Flop
Seat 4: Adam_W888 folded before Flop (didn't bet)
Seat 5: C0deCrusher folded before Flop (didn't bet)
Seat 6: ramires2004 folded before Flop (didn't bet)
Seat 7: MelchiorF1 folded on the Flop
Seat 8: Dorex2007 folded before Flop (didn't bet)
Seat 9: Shustrik52 folded before Flop (didn't bet)



PokerStars Hand #232606303041:  Hold'em No Limit ($0.01/$0.02 USD) - 2021/12/28 10:50:58 PT [2021/12/28 13:50:58 ET]
Table 'Bojeva IV' 9-max Seat #2 is the button
Seat 1: liubaka313 ($0.86 in chips) 
Seat 2: bvbsge84 ($3.19 in chips) 
Seat 3: soggking ($0.72 in chips) 
Seat 4: Adam_W888 ($3.65 in chips) 
Seat 5: C0deCrusher ($2.94 in chips) 
Seat 6: ramires2004 ($2.62 in chips) 
Seat 7: MelchiorF1 ($2.70 in chips) 
Seat 8: Dorex2007 ($2.49 in chips) 
Seat 9: Shustrik52 ($1.62 in chips) 
soggking: posts small blind $0.01
Adam_W888: posts big blind $0.02
*** HOLE CARDS ***
Dealt to Dorex2007 [8c 8h]
C0deCrusher: folds 
ramires2004: folds 
MelchiorF1: folds 
Dorex2007: raises $0.02 to $0.04
Shustrik52: folds 
liubaka313: calls $0.04
bvbsge84: raises $0.12 to $0.16
soggking: folds 
Adam_W888: folds 
Dorex2007: folds 
liubaka313: folds 
Uncalled bet ($0.12) returned to bvbsge84
bvbsge84 collected $0.15 from pot
bvbsge84: doesn't show hand 
*** SUMMARY ***
Total pot $0.15 | Rake $0 
Seat 1: liubaka313 folded before Flop
Seat 2: bvbsge84 (button) collected ($0.15)
Seat 3: soggking (small blind) folded before Flop
Seat 4: Adam_W888 (big blind) folded before Flop
Seat 5: C0deCrusher folded before Flop (didn't bet)
Seat 6: ramires2004 folded before Flop (didn't bet)
Seat 7: MelchiorF1 folded before Flop (didn't bet)
Seat 8: Dorex2007 folded before Flop
Seat 9: Shustrik52 folded before Flop (didn't bet)



PokerStars Hand #232606323479:  Hold'em No Limit ($0.01/$0.02 USD) - 2021/12/28 10:51:34 PT [2021/12/28 13:51:34 ET]
Table 'Bojeva IV' 9-max Seat #3 is the button
Seat 1: liubaka313 ($0.82 in chips) 
Seat 2: bvbsge84 ($3.30 in chips) 
Seat 3: soggking ($0.71 in chips) 
Seat 4: Adam_W888 ($3.63 in chips) 
Seat 5: C0deCrusher ($2.94 in chips) 
Seat 6: ramires2004 ($2.62 in chips) 
Seat 7: MelchiorF1 ($2.70 in chips) 
Seat 8: Dorex2007 ($2.45 in chips) 
Seat 9: Shustrik52 ($1.62 in chips) 
Adam_W888: posts small blind $0.01
C0deCrusher: posts big blind $0.02
*** HOLE CARDS ***
Dealt to Dorex2007 [3s Ts]
ramires2004: folds 
MelchiorF1: folds 
Dorex2007: folds 
Shustrik52: folds 
liubaka313: folds 
bvbsge84: raises $0.04 to $0.06
soggking: folds 
Adam_W888: folds 
C0deCrusher: calls $0.04
*** FLOP *** [7d 6d As]
C0deCrusher: checks 
bvbsge84: bets $0.07
C0deCrusher: folds 
Uncalled bet ($0.07) returned to bvbsge84
bvbsge84 collected $0.13 from pot
bvbsge84: doesn't show hand 
*** SUMMARY ***
Total pot $0.13 | Rake $0 
Board [7d 6d As]
Seat 1: liubaka313 folded before Flop (didn't bet)
Seat 2: bvbsge84 collected ($0.13)
Seat 3: soggking (button) folded before Flop (didn't bet)
Seat 4: Adam_W888 (small blind) folded before Flop
Seat 5: C0deCrusher (big blind) folded on the Flop
Seat 6: ramires2004 folded before Flop (didn't bet)
Seat 7: MelchiorF1 folded before Flop (didn't bet)
Seat 8: Dorex2007 folded before Flop (didn't bet)
Seat 9: Shustrik52 folded before Flop (didn't bet)



PokerStars Hand #232606343675:  Hold'em No Limit ($0.01/$0.02 USD) - 2021/12/28 10:52:11 PT [2021/12/28 13:52:11 ET]
Table 'Bojeva IV' 9-max Seat #4 is the button
Seat 1: liubaka313 ($0.82 in chips) 
Seat 2: bvbsge84 ($3.37 in chips) 
Seat 3: soggking ($0.71 in chips) 
Seat 4: Adam_W888 ($3.62 in chips) 
Seat 5: C0deCrusher ($2.88 in chips) 
Seat 7: MelchiorF1 ($2.70 in chips) 
Seat 8: Dorex2007 ($2.45 in chips) 
Seat 9: Shustrik52 ($1.62 in chips) 
C0deCrusher: posts small blind $0.01
ramires2004: is sitting out 
MelchiorF1: posts big blind $0.02
*** HOLE CARDS ***
Dealt to Dorex2007 [Qs 8h]
Dorex2007: folds 
ramires2004 leaves the table
Shustrik52: folds 
liubaka313: raises $0.04 to $0.06
bvbsge84: folds 
soggking: raises $0.04 to $0.10
Adam_W888: folds 
C0deCrusher: folds 
MelchiorF1: folds 
liubaka313: calls $0.04
*** FLOP *** [8d 3s 5s]
liubaka313: checks 
soggking: bets $0.11
liubaka313: calls $0.11
*** TURN *** [8d 3s 5s] [4c]
liubaka313: checks 
soggking: bets $0.28
liubaka313: folds 
Uncalled bet ($0.28) returned to soggking
soggking collected $0.43 from pot
soggking: doesn't show hand 
*** SUMMARY ***
Total pot $0.45 | Rake $0.02 
Board [8d 3s 5s 4c]
Seat 1: liubaka313 folded on the Turn
Seat 2: bvbsge84 folded before Flop (didn't bet)
Seat 3: soggking collected ($0.43)
Seat 4: Adam_W888 (button) folded before Flop (didn't bet)
Seat 5: C0deCrusher (small blind) folded before Flop
Seat 7: MelchiorF1 (big blind) folded before Flop
Seat 8: Dorex2007 folded before Flop (didn't bet)
Seat 9: Shustrik52 folded before Flop (didn't bet)



PokerStars Hand #232606375079:  Hold'em No Limit ($0.01/$0.02 USD) - 2021/12/28 10:53:03 PT [2021/12/28 13:53:03 ET]
Table 'Bojeva IV' 9-max Seat #5 is the button
Seat 1: liubaka313 ($0.61 in chips) 
Seat 2: bvbsge84 ($3.37 in chips) 
Seat 3: soggking ($0.93 in chips) 
Seat 4: Adam_W888 ($3.62 in chips) 
Seat 5: C0deCrusher ($2.87 in chips) 
Seat 7: MelchiorF1 ($2.68 in chips) 
Seat 8: Dorex2007 ($2.45 in chips) 
Seat 9: Shustrik52 ($1.62 in chips) 
MelchiorF1: posts small blind $0.01
Dorex2007: posts big blind $0.02
*** HOLE CARDS ***
Dealt to Dorex2007 [8h 6c]
Shustrik52: folds 
liubaka313: raises $0.02 to $0.04
bvbsge84: folds 
soggking: folds 
Adam_W888: folds 
C0deCrusher: calls $0.04
MelchiorF1: folds 
Dorex2007: folds 
*** FLOP *** [Qc As 6s]
liubaka313: bets $0.05
C0deCrusher: calls $0.05
*** TURN *** [Qc As 6s] [9h]
liubaka313: checks 
C0deCrusher: bets $0.10
liubaka313: calls $0.10
*** RIVER *** [Qc As 6s 9h] [3c]
TheWolf(Leo). joins the table at seat #6 
liubaka313: checks 
C0deCrusher: bets $0.20
liubaka313: calls $0.20
*** SHOW DOWN ***
C0deCrusher: shows [6d 6h] (three of a kind, Sixes)
liubaka313: mucks hand 
C0deCrusher collected $0.78 from pot
*** SUMMARY ***
Total pot $0.81 | Rake $0.03 
Board [Qc As 6s 9h 3c]
Seat 1: liubaka313 mucked [Jc Qd]
Seat 2: bvbsge84 folded before Flop (didn't bet)
Seat 3: soggking folded before Flop (didn't bet)
Seat 4: Adam_W888 folded before Flop (didn't bet)
Seat 5: C0deCrusher (button) showed [6d 6h] and won ($0.78) with three of a kind, Sixes
Seat 7: MelchiorF1 (small blind) folded before Flop
Seat 8: Dorex2007 (big blind) folded before Flop
Seat 9: Shustrik52 folded before Flop (didn't bet)



PokerStars Hand #232606399333:  Hold'em No Limit ($0.01/$0.02 USD) - 2021/12/28 10:53:47 PT [2021/12/28 13:53:47 ET]
Table 'Bojeva IV' 9-max Seat #7 is the button
Seat 1: liubaka313 ($0.22 in chips) 
Seat 2: bvbsge84 ($3.37 in chips) 
Seat 3: soggking ($0.93 in chips) 
Seat 4: Adam_W888 ($3.62 in chips) 
Seat 5: C0deCrusher ($3.26 in chips) 
Seat 7: MelchiorF1 ($2.67 in chips) 
Seat 8: Dorex2007 ($2.43 in chips) 
Seat 9: Shustrik52 ($1.62 in chips) 
Dorex2007: posts small blind $0.01
Shustrik52: posts big blind $0.02
TheWolf(Leo).: sits out 
*** HOLE CARDS ***
Dealt to Dorex2007 [Qc 9c]
liubaka313: raises $0.02 to $0.04
bvbsge84: folds 
soggking: folds 
Adam_W888: raises $0.02 to $0.06
C0deCrusher: folds 
MelchiorF1: folds 
Dorex2007: folds 
Shustrik52: folds 
liubaka313: calls $0.02
*** FLOP *** [4h 7d Kh]
liubaka313: checks 
Adam_W888: checks 
*** TURN *** [4h 7d Kh] [9s]
liubaka313: bets $0.07
Adam_W888: folds 
Uncalled bet ($0.07) returned to liubaka313
liubaka313 collected $0.14 from pot
liubaka313: doesn't show hand 
*** SUMMARY ***
Total pot $0.15 | Rake $0.01 
Board [4h 7d Kh 9s]
Seat 1: liubaka313 collected ($0.14)
Seat 2: bvbsge84 folded before Flop (didn't bet)
Seat 3: soggking folded before Flop (didn't bet)
Seat 4: Adam_W888 folded on the Turn
Seat 5: C0deCrusher folded before Flop (didn't bet)
Seat 7: MelchiorF1 (button) folded before Flop (didn't bet)
Seat 8: Dorex2007 (small blind) folded before Flop
Seat 9: Shustrik52 (big blind) folded before Flop



PokerStars Hand #232606425328:  Hold'em No Limit ($0.01/$0.02 USD) - 2021/12/28 10:54:34 PT [2021/12/28 13:54:34 ET]
Table 'Bojeva IV' 9-max Seat #8 is the button
Seat 1: liubaka313 ($0.30 in chips) 
Seat 2: bvbsge84 ($3.37 in chips) 
Seat 3: soggking ($0.93 in chips) 
Seat 4: Adam_W888 ($3.56 in chips) 
Seat 5: C0deCrusher ($3.26 in chips) 
Seat 7: MelchiorF1 ($2.67 in chips) 
Seat 8: Dorex2007 ($2.42 in chips) 
Seat 9: Shustrik52 ($1.60 in chips) 
Shustrik52: posts small blind $0.01
liubaka313: posts big blind $0.02
TheWolf(Leo).: sits out 
*** HOLE CARDS ***
Dealt to Dorex2007 [Kd 5h]
bvbsge84: folds 
soggking: folds 
Adam_W888: folds 
C0deCrusher: folds 
MelchiorF1: folds 
Dorex2007: folds 
Shustrik52: calls $0.01
liubaka313: checks 
*** FLOP *** [5d 2h 6s]
Shustrik52: checks 
liubaka313: checks 
*** TURN *** [5d 2h 6s] [4h]
Shustrik52: checks 
liubaka313: bets $0.02
Shustrik52: folds 
Uncalled bet ($0.02) returned to liubaka313
liubaka313 collected $0.04 from pot
liubaka313: doesn't show hand 
*** SUMMARY ***
Total pot $0.04 | Rake $0 
Board [5d 2h 6s 4h]
Seat 1: liubaka313 (big blind) collected ($0.04)
Seat 2: bvbsge84 folded before Flop (didn't bet)
Seat 3: soggking folded before Flop (didn't bet)
Seat 4: Adam_W888 folded before Flop (didn't bet)
Seat 5: C0deCrusher folded before Flop (didn't bet)
Seat 7: MelchiorF1 folded before Flop (didn't bet)
Seat 8: Dorex2007 (button) folded before Flop (didn't bet)
Seat 9: Shustrik52 (small blind) folded on the Turn



PokerStars Hand #232606444613:  Hold'em No Limit ($0.01/$0.02 USD) - 2021/12/28 10:55:09 PT [2021/12/28 13:55:09 ET]
Table 'Bojeva IV' 9-max Seat #9 is the button
Seat 1: liubaka313 ($0.32 in chips) 
Seat 2: bvbsge84 ($3.37 in chips) 
Seat 3: soggking ($0.93 in chips) 
Seat 4: Adam_W888 ($3.56 in chips) 
Seat 7: MelchiorF1 ($2.67 in chips) 
Seat 8: Dorex2007 ($2.42 in chips) 
Seat 9: Shustrik52 ($1.58 in chips) 
liubaka313: posts small blind $0.01
bvbsge84: posts big blind $0.02
TheWolf(Leo).: sits out 
*** HOLE CARDS ***
Dealt to Dorex2007 [3s 4s]
C0deCrusher leaves the table
soggking: raises $0.02 to $0.04
Adam_W888: folds 
MelchiorF1: folds 
Dorex2007: folds 
Shustrik52: folds 
liubaka313: folds 
bvbsge84: calls $0.02
*** FLOP *** [Qd 9c Qs]
bvbsge84: checks 
soggking: checks 
*** TURN *** [Qd 9c Qs] [7d]
bvbsge84: bets $0.05
loic6000 joins the table at seat #5 
soggking: calls $0.05
*** RIVER *** [Qd 9c Qs 7d] [Ah]
bvbsge84: checks 
soggking: bets $0.09
bvbsge84: calls $0.09
*** SHOW DOWN ***
soggking: shows [6d 8d] (a pair of Queens)
bvbsge84: shows [Th 9s] (two pair, Queens and Nines)
bvbsge84 collected $0.36 from pot
*** SUMMARY ***
Total pot $0.37 | Rake $0.01 
Board [Qd 9c Qs 7d Ah]
Seat 1: liubaka313 (small blind) folded before Flop
Seat 2: bvbsge84 (big blind) showed [Th 9s] and won ($0.36) with two pair, Queens and Nines
Seat 3: soggking showed [6d 8d] and lost with a pair of Queens
Seat 4: Adam_W888 folded before Flop (didn't bet)
Seat 7: MelchiorF1 folded before Flop (didn't bet)
Seat 8: Dorex2007 folded before Flop (didn't bet)
Seat 9: Shustrik52 (button) folded before Flop (didn't bet)



PokerStars Hand #232606463596:  Hold'em No Limit ($0.01/$0.02 USD) - 2021/12/28 10:55:55 PT [2021/12/28 13:55:55 ET]
Table 'Bojeva IV' 9-max Seat #2 is the button
Seat 2: bvbsge84 ($3.55 in chips) 
Seat 3: soggking ($0.75 in chips) 
Seat 4: Adam_W888 ($3.56 in chips) 
Seat 7: MelchiorF1 ($2.67 in chips) 
Seat 8: Dorex2007 ($2.42 in chips) 
Seat 9: Shustrik52 ($1.58 in chips) 
soggking: posts small blind $0.01
Adam_W888: posts big blind $0.02
loic6000: sits out 
TheWolf(Leo).: sits out 
*** HOLE CARDS ***
Dealt to Dorex2007 [7h 6c]
MelchiorF1 has timed out
MelchiorF1: folds 
Dorex2007: folds 
Shustrik52: folds 
bvbsge84: folds 
soggking: raises $0.02 to $0.04
Adam_W888: folds 
Uncalled bet ($0.02) returned to soggking
soggking collected $0.04 from pot
soggking: doesn't show hand 
*** SUMMARY ***
Total pot $0.04 | Rake $0 
Seat 2: bvbsge84 (button) folded before Flop (didn't bet)
Seat 3: soggking (small blind) collected ($0.04)
Seat 4: Adam_W888 (big blind) folded before Flop
Seat 7: MelchiorF1 folded before Flop (didn't bet)
Seat 8: Dorex2007 folded before Flop (didn't bet)
Seat 9: Shustrik52 folded before Flop (didn't bet)



PokerStars Hand #232606473477:  Hold'em No Limit ($0.01/$0.02 USD) - 2021/12/28 10:56:21 PT [2021/12/28 13:56:21 ET]
Table 'Bojeva IV' 9-max Seat #3 is the button
Seat 2: bvbsge84 ($3.55 in chips) 
Seat 3: soggking ($0.77 in chips) 
Seat 4: Adam_W888 ($3.54 in chips) 
Seat 5: loic6000 ($0.80 in chips) 
Seat 7: MelchiorF1 ($2.67 in chips) 
Seat 8: Dorex2007 ($2.42 in chips) 
Seat 9: Shustrik52 ($1.58 in chips) 
Adam_W888: posts small blind $0.01
loic6000: posts big blind $0.02
TheWolf(Leo).: sits out 
*** HOLE CARDS ***
Dealt to Dorex2007 [Ks 5h]
MelchiorF1: folds 
Dorex2007: folds 
Shustrik52: folds 
bvbsge84: raises $0.04 to $0.06
soggking: calls $0.06
Adam_W888: folds 
loic6000: folds 
*** FLOP *** [Js 2d 3c]
bvbsge84: bets $0.07
soggking: folds 
Uncalled bet ($0.07) returned to bvbsge84
bvbsge84 collected $0.14 from pot
bvbsge84: doesn't show hand 
*** SUMMARY ***
Total pot $0.15 | Rake $0.01 
Board [Js 2d 3c]
Seat 2: bvbsge84 collected ($0.14)
Seat 3: soggking (button) folded on the Flop
Seat 4: Adam_W888 (small blind) folded before Flop
Seat 5: loic6000 (big blind) folded before Flop
Seat 7: MelchiorF1 folded before Flop (didn't bet)
Seat 8: Dorex2007 folded before Flop (didn't bet)
Seat 9: Shustrik52 folded before Flop (didn't bet)



PokerStars Hand #232606487320:  Hold'em No Limit ($0.01/$0.02 USD) - 2021/12/28 10:56:56 PT [2021/12/28 13:56:56 ET]
Table 'Bojeva IV' 9-max Seat #4 is the button
Seat 2: bvbsge84 ($3.63 in chips) 
Seat 3: soggking ($0.71 in chips) 
Seat 4: Adam_W888 ($3.53 in chips) 
Seat 5: loic6000 ($0.78 in chips) 
Seat 6: TheWolf(Leo). ($0.80 in chips) 
Seat 7: MelchiorF1 ($2.67 in chips) 
Seat 8: Dorex2007 ($2.42 in chips) 
Seat 9: Shustrik52 ($1.58 in chips) 
loic6000: posts small blind $0.01
TheWolf(Leo).: posts big blind $0.02
*** HOLE CARDS ***
Dealt to Dorex2007 [Qh 8d]
MelchiorF1: folds 
Dorex2007: folds 
Shustrik52: folds 
bvbsge84: folds 
soggking: folds 
Adam_W888: folds 
loic6000: calls $0.01
TheWolf(Leo).: checks 
*** FLOP *** [5c Jc 7h]
loic6000: checks 
TheWolf(Leo).: checks 
*** TURN *** [5c Jc 7h] [Ah]
loic6000: checks 
TheWolf(Leo).: checks 
*** RIVER *** [5c Jc 7h Ah] [4h]
loic6000: bets $0.02
TheWolf(Leo).: folds 
Uncalled bet ($0.02) returned to loic6000
loic6000 collected $0.04 from pot
loic6000: doesn't show hand 
*** SUMMARY ***
Total pot $0.04 | Rake $0 
Board [5c Jc 7h Ah 4h]
Seat 2: bvbsge84 folded before Flop (didn't bet)
Seat 3: soggking folded before Flop (didn't bet)
Seat 4: Adam_W888 (button) folded before Flop (didn't bet)
Seat 5: loic6000 (small blind) collected ($0.04)
Seat 6: TheWolf(Leo). (big blind) folded on the River
Seat 7: MelchiorF1 folded before Flop (didn't bet)
Seat 8: Dorex2007 folded before Flop (didn't bet)
Seat 9: Shustrik52 folded before Flop (didn't bet)



PokerStars Hand #232606501317:  Hold'em No Limit ($0.01/$0.02 USD) - 2021/12/28 10:57:31 PT [2021/12/28 13:57:31 ET]
Table 'Bojeva IV' 9-max Seat #5 is the button
Seat 2: bvbsge84 ($3.63 in chips) 
Seat 3: soggking ($0.71 in chips) 
Seat 4: Adam_W888 ($3.53 in chips) 
Seat 5: loic6000 ($0.80 in chips) 
Seat 6: TheWolf(Leo). ($0.80 in chips) 
Seat 7: MelchiorF1 ($2.67 in chips) 
Seat 8: Dorex2007 ($2.42 in chips) 
Seat 9: Shustrik52 ($1.58 in chips) 
TheWolf(Leo).: posts small blind $0.01
MelchiorF1: posts big blind $0.02
*** HOLE CARDS ***
Dealt to Dorex2007 [Ah 9c]
Dorex2007: folds 
Shustrik52: folds 
bvbsge84: folds 
soggking: folds 
Adam_W888: raises $0.04 to $0.06
loic6000: folds 
TheWolf(Leo).: folds 
MelchiorF1: folds 
Uncalled bet ($0.04) returned to Adam_W888
Adam_W888 collected $0.05 from pot
Adam_W888: doesn't show hand 
*** SUMMARY ***
Total pot $0.05 | Rake $0 
Seat 2: bvbsge84 folded before Flop (didn't bet)
Seat 3: soggking folded before Flop (didn't bet)
Seat 4: Adam_W888 collected ($0.05)
Seat 5: loic6000 (button) folded before Flop (didn't bet)
Seat 6: TheWolf(Leo). (small blind) folded before Flop
Seat 7: MelchiorF1 (big blind) folded before Flop
Seat 8: Dorex2007 folded before Flop (didn't bet)
Seat 9: Shustrik52 folded before Flop (didn't bet)



PokerStars Hand #232606510446:  Hold'em No Limit ($0.01/$0.02 USD) - 2021/12/28 10:57:55 PT [2021/12/28 13:57:55 ET]
Table 'Bojeva IV' 9-max Seat #6 is the button
Seat 2: bvbsge84 ($3.63 in chips) 
Seat 3: soggking ($0.71 in chips) 
Seat 4: Adam_W888 ($3.56 in chips) 
Seat 5: loic6000 ($0.80 in chips) 
Seat 6: TheWolf(Leo). ($0.80 in chips) 
Seat 7: MelchiorF1 ($2.65 in chips) 
Seat 8: Dorex2007 ($2.42 in chips) 
Seat 9: Shustrik52 ($1.58 in chips) 
MelchiorF1: posts small blind $0.01
Dorex2007: posts big blind $0.02
*** HOLE CARDS ***
Dealt to Dorex2007 [6d 2c]
Shustrik52: folds 
bvbsge84: folds 
soggking: raises $0.02 to $0.04
Adam_W888: raises $0.08 to $0.12
loic6000: folds 
TheWolf(Leo).: folds 
MelchiorF1: folds 
Dorex2007: folds 
soggking: calls $0.08
*** FLOP *** [2s Jd 6s]
soggking: checks 
Adam_W888: bets $0.13
soggking: folds 
Uncalled bet ($0.13) returned to Adam_W888
Adam_W888 collected $0.26 from pot
Adam_W888: doesn't show hand 
*** SUMMARY ***
Total pot $0.27 | Rake $0.01 
Board [2s Jd 6s]
Seat 2: bvbsge84 folded before Flop (didn't bet)
Seat 3: soggking folded on the Flop
Seat 4: Adam_W888 collected ($0.26)
Seat 5: loic6000 folded before Flop (didn't bet)
Seat 6: TheWolf(Leo). (button) folded before Flop (didn't bet)
Seat 7: MelchiorF1 (small blind) folded before Flop
Seat 8: Dorex2007 (big blind) folded before Flop
Seat 9: Shustrik52 folded before Flop (didn't bet)



PokerStars Hand #232606522533:  Hold'em No Limit ($0.01/$0.02 USD) - 2021/12/28 10:58:26 PT [2021/12/28 13:58:26 ET]
Table 'Bojeva IV' 9-max Seat #7 is the button
Seat 2: bvbsge84 ($3.63 in chips) 
Seat 3: soggking ($0.59 in chips) 
Seat 4: Adam_W888 ($3.70 in chips) 
Seat 5: loic6000 ($0.80 in chips) 
Seat 6: TheWolf(Leo). ($0.80 in chips) 
Seat 7: MelchiorF1 ($2.64 in chips) 
Seat 8: Dorex2007 ($2.40 in chips) 
Seat 9: Shustrik52 ($1.58 in chips) 
Dorex2007: posts small blind $0.01
Shustrik52: posts big blind $0.02
*** HOLE CARDS ***
Dealt to Dorex2007 [Ac 2s]
bvbsge84: raises $0.04 to $0.06
soggking: calls $0.06
Adam_W888: folds 
loic6000: calls $0.06
TheWolf(Leo).: folds 
MelchiorF1: folds 
Dorex2007: folds 
Shustrik52: folds 
*** FLOP *** [3d 3c Kh]
bvbsge84: checks 
soggking: checks 
loic6000: checks 
*** TURN *** [3d 3c Kh] [5d]
bvbsge84: checks 
soggking: bets $0.12
loic6000: folds 
bvbsge84: folds 
Uncalled bet ($0.12) returned to soggking
soggking collected $0.20 from pot
soggking: doesn't show hand 
*** SUMMARY ***
Total pot $0.21 | Rake $0.01 
Board [3d 3c Kh 5d]
Seat 2: bvbsge84 folded on the Turn
Seat 3: soggking collected ($0.20)
Seat 4: Adam_W888 folded before Flop (didn't bet)
Seat 5: loic6000 folded on the Turn
Seat 6: TheWolf(Leo). folded before Flop (didn't bet)
Seat 7: MelchiorF1 (button) folded before Flop (didn't bet)
Seat 8: Dorex2007 (small blind) folded before Flop
Seat 9: Shustrik52 (big blind) folded before Flop



PokerStars Hand #232606547828:  Hold'em No Limit ($0.01/$0.02 USD) - 2021/12/28 10:59:30 PT [2021/12/28 13:59:30 ET]
Table 'Bojeva IV' 9-max Seat #8 is the button
Seat 2: bvbsge84 ($3.57 in chips) 
Seat 3: soggking ($0.73 in chips) 
Seat 4: Adam_W888 ($3.70 in chips) 
Seat 5: loic6000 ($0.74 in chips) 
Seat 6: TheWolf(Leo). ($0.80 in chips) 
Seat 7: MelchiorF1 ($2.64 in chips) 
Seat 8: Dorex2007 ($2.39 in chips) 
Seat 9: Shustrik52 ($1.56 in chips) 
Shustrik52: posts small blind $0.01
bvbsge84: posts big blind $0.02
*** HOLE CARDS ***
Dealt to Dorex2007 [Qc 3s]
soggking: folds 
Adam_W888: folds 
loic6000: folds 
TheWolf(Leo).: raises $0.02 to $0.04
MelchiorF1: calls $0.04
Dorex2007: folds 
Shustrik52: folds 
bvbsge84: folds 
*** FLOP *** [Ks 9c 4h]
TheWolf(Leo).: bets $0.04
MelchiorF1: folds 
Uncalled bet ($0.04) returned to TheWolf(Leo).
TheWolf(Leo). collected $0.11 from pot
TheWolf(Leo).: doesn't show hand 
*** SUMMARY ***
Total pot $0.11 | Rake $0 
Board [Ks 9c 4h]
Seat 2: bvbsge84 (big blind) folded before Flop
Seat 3: soggking folded before Flop (didn't bet)
Seat 4: Adam_W888 folded before Flop (didn't bet)
Seat 5: loic6000 folded before Flop (didn't bet)
Seat 6: TheWolf(Leo). collected ($0.11)
Seat 7: MelchiorF1 folded on the Flop
Seat 8: Dorex2007 (button) folded before Flop (didn't bet)
Seat 9: Shustrik52 (small blind) folded before Flop



PokerStars Hand #232606560095:  Hold'em No Limit ($0.01/$0.02 USD) - 2021/12/28 11:00:02 PT [2021/12/28 14:00:02 ET]
Table 'Bojeva IV' 9-max Seat #9 is the button
Seat 2: bvbsge84 ($3.55 in chips) 
Seat 3: soggking ($0.73 in chips) 
Seat 4: Adam_W888 ($3.70 in chips) 
Seat 5: loic6000 ($0.74 in chips) 
Seat 6: TheWolf(Leo). ($0.87 in chips) 
Seat 7: MelchiorF1 ($2.60 in chips) 
Seat 8: Dorex2007 ($2.39 in chips) 
Seat 9: Shustrik52 ($1.55 in chips) 
bvbsge84: posts small blind $0.01
soggking: posts big blind $0.02
*** HOLE CARDS ***
Dealt to Dorex2007 [Qs 7d]
Adam_W888: folds 
loic6000: folds 
TheWolf(Leo).: folds 
MelchiorF1: folds 
Dorex2007: folds 
Shustrik52: calls $0.02
bvbsge84: calls $0.01
soggking: checks 
*** FLOP *** [2s Ah 3s]
bvbsge84: checks 
soggking: bets $0.03
Shustrik52: calls $0.03
bvbsge84: calls $0.03
*** TURN *** [2s Ah 3s] [Jd]
bvbsge84: checks 
soggking: bets $0.08
Shustrik52: folds 
bvbsge84: calls $0.08
*** RIVER *** [2s Ah 3s Jd] [Qd]
bvbsge84: checks 
soggking: bets $0.15
bvbsge84: calls $0.15
*** SHOW DOWN ***
soggking: shows [As 7h] (a pair of Aces)
bvbsge84: mucks hand 
soggking collected $0.59 from pot
*** SUMMARY ***
Total pot $0.61 | Rake $0.02 
Board [2s Ah 3s Jd Qd]
Seat 2: bvbsge84 (small blind) mucked [Ac 4c]
Seat 3: soggking (big blind) showed [As 7h] and won ($0.59) with a pair of Aces
Seat 4: Adam_W888 folded before Flop (didn't bet)
Seat 5: loic6000 folded before Flop (didn't bet)
Seat 6: TheWolf(Leo). folded before Flop (didn't bet)
Seat 7: MelchiorF1 folded before Flop (didn't bet)
Seat 8: Dorex2007 folded before Flop (didn't bet)
Seat 9: Shustrik52 (button) folded on the Turn



PokerStars Hand #232606601711:  Hold'em No Limit ($0.01/$0.02 USD) - 2021/12/28 11:00:56 PT [2021/12/28 14:00:56 ET]
Table 'Bojeva IV' 9-max Seat #2 is the button
Seat 2: bvbsge84 ($3.27 in chips) 
Seat 3: soggking ($1.04 in chips) 
Seat 4: Adam_W888 ($3.70 in chips) 
Seat 5: loic6000 ($0.74 in chips) 
Seat 6: TheWolf(Leo). ($0.87 in chips) 
Seat 7: MelchiorF1 ($2.60 in chips) 
Seat 8: Dorex2007 ($2.39 in chips) 
Seat 9: Shustrik52 ($1.50 in chips) 
soggking: posts small blind $0.01
Adam_W888: posts big blind $0.02
*** HOLE CARDS ***
Dealt to Dorex2007 [2h 4c]
loic6000: calls $0.02
TheWolf(Leo).: folds 
MelchiorF1: folds 
Dorex2007: folds 
Shustrik52: calls $0.02
bvbsge84: folds 
bvbsge84 said, "dont feed the donk"
soggking: raises $0.04 to $0.06
Adam_W888: folds 
loic6000: folds 
Shustrik52: calls $0.04
*** FLOP *** [9d 3s 5c]
soggking: bets $0.08
Shustrik52: folds 
Uncalled bet ($0.08) returned to soggking
soggking collected $0.15 from pot
soggking: doesn't show hand 
*** SUMMARY ***
Total pot $0.16 | Rake $0.01 
Board [9d 3s 5c]
Seat 2: bvbsge84 (button) folded before Flop (didn't bet)
Seat 3: soggking (small blind) collected ($0.15)
Seat 4: Adam_W888 (big blind) folded before Flop
Seat 5: loic6000 folded before Flop
Seat 6: TheWolf(Leo). folded before Flop (didn't bet)
Seat 7: MelchiorF1 folded before Flop (didn't bet)
Seat 8: Dorex2007 folded before Flop (didn't bet)
Seat 9: Shustrik52 folded on the Flop



PokerStars Hand #232606627011:  Hold'em No Limit ($0.01/$0.02 USD) - 2021/12/28 11:01:49 PT [2021/12/28 14:01:49 ET]
Table 'Bojeva IV' 9-max Seat #3 is the button
Seat 2: bvbsge84 ($3.27 in chips) 
Seat 3: soggking ($1.13 in chips) 
Seat 4: Adam_W888 ($3.68 in chips) 
Seat 5: loic6000 ($0.72 in chips) 
Seat 6: TheWolf(Leo). ($0.87 in chips) 
Seat 7: MelchiorF1 ($2.60 in chips) 
Seat 8: Dorex2007 ($2.39 in chips) 
Seat 9: Shustrik52 ($1.44 in chips) 
Adam_W888: posts small blind $0.01
loic6000: posts big blind $0.02
*** HOLE CARDS ***
Dealt to Dorex2007 [9s Ts]
TheWolf(Leo).: folds 
MelchiorF1: folds 
Dorex2007: folds 
Shustrik52: calls $0.02
bvbsge84: folds 
soggking: folds 
Adam_W888: folds 
loic6000: raises $0.02 to $0.04
Shustrik52: calls $0.02
*** FLOP *** [3c 8s 9c]
loic6000: bets $0.06
Shustrik52: folds 
Uncalled bet ($0.06) returned to loic6000
loic6000 collected $0.09 from pot
loic6000: doesn't show hand 
*** SUMMARY ***
Total pot $0.09 | Rake $0 
Board [3c 8s 9c]
Seat 2: bvbsge84 folded before Flop (didn't bet)
Seat 3: soggking (button) folded before Flop (didn't bet)
Seat 4: Adam_W888 (small blind) folded before Flop
Seat 5: loic6000 (big blind) collected ($0.09)
Seat 6: TheWolf(Leo). folded before Flop (didn't bet)
Seat 7: MelchiorF1 folded before Flop (didn't bet)
Seat 8: Dorex2007 folded before Flop (didn't bet)
Seat 9: Shustrik52 folded on the Flop



PokerStars Hand #232606643563:  Hold'em No Limit ($0.01/$0.02 USD) - 2021/12/28 11:02:22 PT [2021/12/28 14:02:22 ET]
Table 'Bojeva IV' 9-max Seat #4 is the button
Seat 2: bvbsge84 ($3.27 in chips) 
Seat 3: soggking ($1.13 in chips) 
Seat 4: Adam_W888 ($3.67 in chips) 
Seat 5: loic6000 ($0.77 in chips) 
Seat 6: TheWolf(Leo). ($0.87 in chips) 
Seat 7: MelchiorF1 ($2.60 in chips) 
Seat 8: Dorex2007 ($2.39 in chips) 
Seat 9: Shustrik52 ($1.40 in chips) 
loic6000: posts small blind $0.01
TheWolf(Leo).: posts big blind $0.02
*** HOLE CARDS ***
Dealt to Dorex2007 [3h 9h]
MelchiorF1: folds 
Dorex2007: folds 
Shustrik52: folds 
bvbsge84: folds 
soggking: folds 
Adam_W888: raises $0.04 to $0.06
loic6000: folds 
TheWolf(Leo).: folds 
Uncalled bet ($0.04) returned to Adam_W888
Adam_W888 collected $0.05 from pot
Adam_W888: doesn't show hand 
*** SUMMARY ***
Total pot $0.05 | Rake $0 
Seat 2: bvbsge84 folded before Flop (didn't bet)
Seat 3: soggking folded before Flop (didn't bet)
Seat 4: Adam_W888 (button) collected ($0.05)
Seat 5: loic6000 (small blind) folded before Flop
Seat 6: TheWolf(Leo). (big blind) folded before Flop
Seat 7: MelchiorF1 folded before Flop (didn't bet)
Seat 8: Dorex2007 folded before Flop (didn't bet)
Seat 9: Shustrik52 folded before Flop (didn't bet)



PokerStars Hand #232606660807:  Hold'em No Limit ($0.01/$0.02 USD) - 2021/12/28 11:02:51 PT [2021/12/28 14:02:51 ET]
Table 'Bojeva IV' 9-max Seat #5 is the button
Seat 2: bvbsge84 ($3.27 in chips) 
Seat 3: soggking ($1.13 in chips) 
Seat 4: Adam_W888 ($3.70 in chips) 
Seat 5: loic6000 ($0.76 in chips) 
Seat 6: TheWolf(Leo). ($0.85 in chips) 
Seat 7: MelchiorF1 ($2.60 in chips) 
Seat 8: Dorex2007 ($2.39 in chips) 
Seat 9: Shustrik52 ($1.40 in chips) 
TheWolf(Leo).: posts small blind $0.01
MelchiorF1: posts big blind $0.02
*** HOLE CARDS ***
Dealt to Dorex2007 [Qh Kd]
Dorex2007: raises $0.04 to $0.06
Shustrik52: calls $0.06
bvbsge84 has timed out
bvbsge84: folds 
soggking: folds 
Adam_W888: folds 
loic6000: folds 
TheWolf(Leo).: raises $0.22 to $0.28
MelchiorF1: folds 
Dorex2007: folds 
Shustrik52: folds 
Uncalled bet ($0.22) returned to TheWolf(Leo).
TheWolf(Leo). collected $0.20 from pot
TheWolf(Leo).: doesn't show hand 
*** SUMMARY ***
Total pot $0.20 | Rake $0 
Seat 2: bvbsge84 folded before Flop (didn't bet)
Seat 3: soggking folded before Flop (didn't bet)
Seat 4: Adam_W888 folded before Flop (didn't bet)
Seat 5: loic6000 (button) folded before Flop (didn't bet)
Seat 6: TheWolf(Leo). (small blind) collected ($0.20)
Seat 7: MelchiorF1 (big blind) folded before Flop
Seat 8: Dorex2007 folded before Flop
Seat 9: Shustrik52 folded before Flop



PokerStars Hand #232606696314:  Hold'em No Limit ($0.01/$0.02 USD) - 2021/12/28 11:03:55 PT [2021/12/28 14:03:55 ET]
Table 'Bojeva IV' 9-max Seat #6 is the button
Seat 2: bvbsge84 ($3.27 in chips) 
Seat 3: soggking ($1.13 in chips) 
Seat 4: Adam_W888 ($3.70 in chips) 
Seat 5: loic6000 ($0.76 in chips) 
Seat 6: TheWolf(Leo). ($0.99 in chips) 
Seat 7: MelchiorF1 ($2.58 in chips) 
Seat 8: Dorex2007 ($2.33 in chips) 
Seat 9: Shustrik52 ($1.34 in chips) 
MelchiorF1: posts small blind $0.01
Dorex2007: posts big blind $0.02
*** HOLE CARDS ***
Dealt to Dorex2007 [6d 4h]
Shustrik52: folds 
bvbsge84: folds 
soggking: folds 
Adam_W888: folds 
loic6000: calls $0.02
TheWolf(Leo).: folds 
MelchiorF1: folds 
Dorex2007: checks 
*** FLOP *** [6h Tc Qd]
Dorex2007: checks 
loic6000: checks 
*** TURN *** [6h Tc Qd] [2s]
Dorex2007: checks 
loic6000: checks 
*** RIVER *** [6h Tc Qd 2s] [Th]
Dorex2007: bets $0.03
loic6000: folds 
Uncalled bet ($0.03) returned to Dorex2007
Dorex2007 collected $0.05 from pot
Dorex2007: doesn't show hand 
*** SUMMARY ***
Total pot $0.05 | Rake $0 
Board [6h Tc Qd 2s Th]
Seat 2: bvbsge84 folded before Flop (didn't bet)
Seat 3: soggking folded before Flop (didn't bet)
Seat 4: Adam_W888 folded before Flop (didn't bet)
Seat 5: loic6000 folded on the River
Seat 6: TheWolf(Leo). (button) folded before Flop (didn't bet)
Seat 7: MelchiorF1 (small blind) folded before Flop
Seat 8: Dorex2007 (big blind) collected ($0.05)
Seat 9: Shustrik52 folded before Flop (didn't bet)



PokerStars Hand #232606721237:  Hold'em No Limit ($0.01/$0.02 USD) - 2021/12/28 11:04:39 PT [2021/12/28 14:04:39 ET]
Table 'Bojeva IV' 9-max Seat #7 is the button
Seat 1: liubaka313 ($0.31 in chips) 
Seat 2: bvbsge84 ($3.27 in chips) 
Seat 3: soggking ($1.13 in chips) 
Seat 4: Adam_W888 ($3.70 in chips) 
Seat 5: loic6000 ($0.74 in chips) 
Seat 6: TheWolf(Leo). ($0.99 in chips) 
Seat 7: MelchiorF1 ($2.57 in chips) 
Seat 8: Dorex2007 ($2.36 in chips) 
Seat 9: Shustrik52 ($1.34 in chips) 
Dorex2007: posts small blind $0.01
Shustrik52: posts big blind $0.02
liubaka313: posts small & big blinds $0.03
*** HOLE CARDS ***
Dealt to Dorex2007 [3d 2c]
liubaka313: checks 
bvbsge84: folds 
soggking: folds 
Adam_W888: folds 
loic6000: folds 
TheWolf(Leo).: folds 
MelchiorF1: calls $0.02
Dorex2007: folds 
Shustrik52: checks 
*** FLOP *** [2s 8c 4c]
Shustrik52: checks 
liubaka313: checks 
MelchiorF1: checks 
*** TURN *** [2s 8c 4c] [8h]
Shustrik52: bets $0.04
liubaka313: calls $0.04
MelchiorF1: calls $0.04
*** RIVER *** [2s 8c 4c 8h] [Ac]
Shustrik52: checks 
liubaka313: checks 
MelchiorF1: checks 
*** SHOW DOWN ***
Shustrik52: shows [5h 5c] (two pair, Eights and Fives)
liubaka313: mucks hand 
MelchiorF1: shows [7c 7d] (two pair, Eights and Sevens)
MelchiorF1 collected $0.19 from pot
*** SUMMARY ***
Total pot $0.20 | Rake $0.01 
Board [2s 8c 4c 8h Ac]
Seat 1: liubaka313 mucked [3s 2d]
Seat 2: bvbsge84 folded before Flop (didn't bet)
Seat 3: soggking folded before Flop (didn't bet)
Seat 4: Adam_W888 folded before Flop (didn't bet)
Seat 5: loic6000 folded before Flop (didn't bet)
Seat 6: TheWolf(Leo). folded before Flop (didn't bet)
Seat 7: MelchiorF1 (button) showed [7c 7d] and won ($0.19) with two pair, Eights and Sevens
Seat 8: Dorex2007 (small blind) folded before Flop
Seat 9: Shustrik52 (big blind) showed [5h 5c] and lost with two pair, Eights and Fives



PokerStars Hand #232606765720:  Hold'em No Limit ($0.01/$0.02 USD) - 2021/12/28 11:05:58 PT [2021/12/28 14:05:58 ET]
Table 'Bojeva IV' 9-max Seat #8 is the button
Seat 1: liubaka313 ($0.24 in chips) 
Seat 2: bvbsge84 ($3.27 in chips) 
Seat 3: soggking ($1.13 in chips) 
Seat 4: Adam_W888 ($3.70 in chips) 
Seat 5: loic6000 ($0.74 in chips) 
Seat 6: TheWolf(Leo). ($0.99 in chips) 
Seat 7: MelchiorF1 ($2.70 in chips) 
Seat 8: Dorex2007 ($2.35 in chips) 
Seat 9: Shustrik52 ($1.28 in chips) 
Shustrik52: posts small blind $0.01
liubaka313: posts big blind $0.02
*** HOLE CARDS ***
Dealt to Dorex2007 [9h Ks]
bvbsge84: folds 
soggking: folds 
Adam_W888: folds 
loic6000: folds 
TheWolf(Leo).: folds 
MelchiorF1: folds 
Dorex2007: folds 
Shustrik52: calls $0.01
liubaka313: checks 
*** FLOP *** [3s Jd 9d]
Shustrik52: checks 
liubaka313: bets $0.02
Shustrik52: folds 
Uncalled bet ($0.02) returned to liubaka313
liubaka313 collected $0.04 from pot
liubaka313: doesn't show hand 
*** SUMMARY ***
Total pot $0.04 | Rake $0 
Board [3s Jd 9d]
Seat 1: liubaka313 (big blind) collected ($0.04)
Seat 2: bvbsge84 folded before Flop (didn't bet)
Seat 3: soggking folded before Flop (didn't bet)
Seat 4: Adam_W888 folded before Flop (didn't bet)
Seat 5: loic6000 folded before Flop (didn't bet)
Seat 6: TheWolf(Leo). folded before Flop (didn't bet)
Seat 7: MelchiorF1 folded before Flop (didn't bet)
Seat 8: Dorex2007 (button) folded before Flop (didn't bet)
Seat 9: Shustrik52 (small blind) folded on the Flop



PokerStars Hand #232606790769:  Hold'em No Limit ($0.01/$0.02 USD) - 2021/12/28 11:06:42 PT [2021/12/28 14:06:42 ET]
Table 'Bojeva IV' 9-max Seat #9 is the button
Seat 1: liubaka313 ($0.26 in chips) 
Seat 2: bvbsge84 ($3.27 in chips) 
Seat 3: soggking ($1.13 in chips) 
Seat 4: Adam_W888 ($3.70 in chips) 
Seat 5: loic6000 ($0.74 in chips) 
Seat 6: TheWolf(Leo). ($0.99 in chips) 
Seat 7: MelchiorF1 ($2.70 in chips) 
Seat 8: Dorex2007 ($2.35 in chips) 
Seat 9: Shustrik52 ($1.26 in chips) 
liubaka313: posts small blind $0.01
bvbsge84: posts big blind $0.02
*** HOLE CARDS ***
Dealt to Dorex2007 [Kd 4s]
soggking: folds 
Adam_W888: folds 
loic6000: folds 
TheWolf(Leo).: folds 
MelchiorF1: raises $0.02 to $0.04
Dorex2007: folds 
Shustrik52: calls $0.04
liubaka313: calls $0.03
bvbsge84: folds 
*** FLOP *** [Tc Jc Qc]
liubaka313: checks 
MelchiorF1 has timed out
MelchiorF1: checks 
Shustrik52: bets $0.04
liubaka313: folds 
MelchiorF1 has timed out
MelchiorF1: folds 
Uncalled bet ($0.04) returned to Shustrik52
Shustrik52 collected $0.14 from pot
*** SUMMARY ***
Total pot $0.14 | Rake $0 
Board [Tc Jc Qc]
Seat 1: liubaka313 (small blind) folded on the Flop
Seat 2: bvbsge84 (big blind) folded before Flop
Seat 3: soggking folded before Flop (didn't bet)
Seat 4: Adam_W888 folded before Flop (didn't bet)
Seat 5: loic6000 folded before Flop (didn't bet)
Seat 6: TheWolf(Leo). folded before Flop (didn't bet)
Seat 7: MelchiorF1 folded on the Flop
Seat 8: Dorex2007 folded before Flop (didn't bet)
Seat 9: Shustrik52 (button) collected ($0.14)



PokerStars Hand #232606861163:  Hold'em No Limit ($0.01/$0.02 USD) - 2021/12/28 11:08:32 PT [2021/12/28 14:08:32 ET]
Table 'Bojeva IV' 9-max Seat #1 is the button
Seat 1: liubaka313 ($0.22 in chips) 
Seat 2: bvbsge84 ($3.25 in chips) 
Seat 3: soggking ($1.13 in chips) 
Seat 4: Adam_W888 ($3.70 in chips) 
Seat 5: loic6000 ($0.74 in chips) 
Seat 6: TheWolf(Leo). ($0.99 in chips) 
Seat 8: Dorex2007 ($2.35 in chips) 
Seat 9: Shustrik52 ($1.36 in chips) 
bvbsge84: posts small blind $0.01
soggking: posts big blind $0.02
*** HOLE CARDS ***
Dealt to Dorex2007 [7h Ac]
Adam_W888: folds 
loic6000: folds 
TheWolf(Leo).: raises $0.02 to $0.04
Dorex2007: folds 
Shustrik52: folds 
liubaka313: calls $0.04
bvbsge84: folds 
soggking: folds 
*** FLOP *** [3d 5d 5h]
TheWolf(Leo).: checks 
liubaka313: checks 
*** TURN *** [3d 5d 5h] [5c]
TheWolf(Leo).: checks 
liubaka313: bets $0.04
TheWolf(Leo).: calls $0.04
*** RIVER *** [3d 5d 5h 5c] [8h]
TheWolf(Leo).: checks 
liubaka313: bets $0.14 and is all-in
TheWolf(Leo).: calls $0.14
*** SHOW DOWN ***
liubaka313: shows [8d Th] (a full house, Fives full of Eights)
TheWolf(Leo).: shows [7s 7c] (a full house, Fives full of Sevens)
liubaka313 collected $0.45 from pot
*** SUMMARY ***
Total pot $0.47 | Rake $0.02 
Board [3d 5d 5h 5c 8h]
Seat 1: liubaka313 (button) showed [8d Th] and won ($0.45) with a full house, Fives full of Eights
Seat 2: bvbsge84 (small blind) folded before Flop
Seat 3: soggking (big blind) folded before Flop
Seat 4: Adam_W888 folded before Flop (didn't bet)
Seat 5: loic6000 folded before Flop (didn't bet)
Seat 6: TheWolf(Leo). showed [7s 7c] and lost with a full house, Fives full of Sevens
Seat 8: Dorex2007 folded before Flop (didn't bet)
Seat 9: Shustrik52 folded before Flop (didn't bet)



PokerStars Hand #232606893183:  Hold'em No Limit ($0.01/$0.02 USD) - 2021/12/28 11:09:29 PT [2021/12/28 14:09:29 ET]
Table 'Bojeva IV' 9-max Seat #2 is the button
Seat 1: liubaka313 ($0.45 in chips) 
Seat 2: bvbsge84 ($3.24 in chips) 
Seat 3: soggking ($1.11 in chips) 
Seat 4: Adam_W888 ($3.70 in chips) 
Seat 5: loic6000 ($0.74 in chips) 
Seat 6: TheWolf(Leo). ($0.80 in chips) 
Seat 8: Dorex2007 ($2.35 in chips) 
Seat 9: Shustrik52 ($1.36 in chips) 
soggking: posts small blind $0.01
Adam_W888: posts big blind $0.02
*** HOLE CARDS ***
Dealt to Dorex2007 [Ac 5d]
TheWolf(Leo). said, "jaajaja"
loic6000: folds 
MelchiorF1 is disconnected 
TheWolf(Leo). said, "idiot fish"
TheWolf(Leo).: folds 
Dorex2007: folds 
Shustrik52: calls $0.02
liubaka313: folds 
bvbsge84: folds 
soggking: folds 
Adam_W888: checks 
*** FLOP *** [3s 6c Qd]
liubaka313 said, "f y too"
Adam_W888: checks 
TheWolf(Leo). said, "yeah 10 8"
Shustrik52: checks 
*** TURN *** [3s 6c Qd] [6s]
Adam_W888: checks 
TheWolf(Leo). said, "nice call donk never ever leave these table..."
Shustrik52: checks 
*** RIVER *** [3s 6c Qd 6s] [8d]
Adam_W888: checks 
TheWolf(Leo). said, "stay here for ever"
Shustrik52: checks 
*** SHOW DOWN ***
Adam_W888: shows [3d Kd] (two pair, Sixes and Threes)
Shustrik52: shows [4d 4s] (two pair, Sixes and Fours)
Shustrik52 collected $0.05 from pot
*** SUMMARY ***
Total pot $0.05 | Rake $0 
Board [3s 6c Qd 6s 8d]
Seat 1: liubaka313 folded before Flop (didn't bet)
Seat 2: bvbsge84 (button) folded before Flop (didn't bet)
Seat 3: soggking (small blind) folded before Flop
Seat 4: Adam_W888 (big blind) showed [3d Kd] and lost with two pair, Sixes and Threes
Seat 5: loic6000 folded before Flop (didn't bet)
Seat 6: TheWolf(Leo). folded before Flop (didn't bet)
Seat 8: Dorex2007 folded before Flop (didn't bet)
Seat 9: Shustrik52 showed [4d 4s] and won ($0.05) with two pair, Sixes and Fours



PokerStars Hand #232606928556:  Hold'em No Limit ($0.01/$0.02 USD) - 2021/12/28 11:10:31 PT [2021/12/28 14:10:31 ET]
Table 'Bojeva IV' 9-max Seat #3 is the button
Seat 1: liubaka313 ($0.45 in chips) 
Seat 2: bvbsge84 ($3.24 in chips) 
Seat 3: soggking ($1.10 in chips) 
Seat 4: Adam_W888 ($3.68 in chips) 
Seat 5: loic6000 ($0.74 in chips) 
Seat 6: TheWolf(Leo). ($0.80 in chips) 
Seat 8: Dorex2007 ($2.35 in chips) 
Seat 9: Shustrik52 ($1.39 in chips) 
Adam_W888: posts small blind $0.01
loic6000: posts big blind $0.02
*** HOLE CARDS ***
Dealt to Dorex2007 [Jd 9s]
TheWolf(Leo).: folds 
Dorex2007: folds 
Shustrik52: folds 
liubaka313: folds 
bvbsge84: folds 
soggking: folds 
Adam_W888: raises $0.04 to $0.06
loic6000: folds 
Uncalled bet ($0.04) returned to Adam_W888
Adam_W888 collected $0.04 from pot
Adam_W888: doesn't show hand 
*** SUMMARY ***
Total pot $0.04 | Rake $0 
Seat 1: liubaka313 folded before Flop (didn't bet)
Seat 2: bvbsge84 folded before Flop (didn't bet)
Seat 3: soggking (button) folded before Flop (didn't bet)
Seat 4: Adam_W888 (small blind) collected ($0.04)
Seat 5: loic6000 (big blind) folded before Flop
Seat 6: TheWolf(Leo). folded before Flop (didn't bet)
Seat 8: Dorex2007 folded before Flop (didn't bet)
Seat 9: Shustrik52 folded before Flop (didn't bet)



PokerStars Hand #232606939754:  Hold'em No Limit ($0.01/$0.02 USD) - 2021/12/28 11:10:51 PT [2021/12/28 14:10:51 ET]
Table 'Bojeva IV' 9-max Seat #4 is the button
Seat 1: liubaka313 ($0.45 in chips) 
Seat 2: bvbsge84 ($3.24 in chips) 
Seat 3: soggking ($1.10 in chips) 
Seat 4: Adam_W888 ($3.70 in chips) 
Seat 5: loic6000 ($0.72 in chips) 
Seat 6: TheWolf(Leo). ($0.80 in chips) 
Seat 8: Dorex2007 ($2.35 in chips) 
Seat 9: Shustrik52 ($1.39 in chips) 
loic6000: posts small blind $0.01
TheWolf(Leo).: posts big blind $0.02
*** HOLE CARDS ***
Dealt to Dorex2007 [As 6s]
Dorex2007: folds 
Shustrik52: folds 
liubaka313: raises $0.02 to $0.04
bvbsge84: folds 
soggking: folds 
Adam_W888: raises $0.02 to $0.06
loic6000: folds 
TheWolf(Leo).: folds 
liubaka313: calls $0.02
*** FLOP *** [5d 5c 9h]
liubaka313: checks 
Adam_W888: bets $0.07
liubaka313: folds 
Uncalled bet ($0.07) returned to Adam_W888
Adam_W888 collected $0.14 from pot
Adam_W888: doesn't show hand 
*** SUMMARY ***
Total pot $0.15 | Rake $0.01 
Board [5d 5c 9h]
Seat 1: liubaka313 folded on the Flop
Seat 2: bvbsge84 folded before Flop (didn't bet)
Seat 3: soggking folded before Flop (didn't bet)
Seat 4: Adam_W888 (button) collected ($0.14)
Seat 5: loic6000 (small blind) folded before Flop
Seat 6: TheWolf(Leo). (big blind) folded before Flop
Seat 8: Dorex2007 folded before Flop (didn't bet)
Seat 9: Shustrik52 folded before Flop (didn't bet)



PokerStars Hand #232606966462:  Hold'em No Limit ($0.01/$0.02 USD) - 2021/12/28 11:11:37 PT [2021/12/28 14:11:37 ET]
Table 'Bojeva IV' 9-max Seat #5 is the button
Seat 1: liubaka313 ($0.39 in chips) 
Seat 2: bvbsge84 ($3.24 in chips) 
Seat 3: soggking ($1.10 in chips) 
Seat 4: Adam_W888 ($3.78 in chips) 
Seat 5: loic6000 ($0.71 in chips) 
Seat 6: TheWolf(Leo). ($0.80 in chips) 
Seat 8: Dorex2007 ($2.35 in chips) 
Seat 9: Shustrik52 ($1.39 in chips) 
TheWolf(Leo).: posts small blind $0.01
Dorex2007: posts big blind $0.02
*** HOLE CARDS ***
Dealt to Dorex2007 [Ks 5s]
Shustrik52 has timed out
Shustrik52: folds 
liubaka313: raises $0.02 to $0.04
bvbsge84: folds 
soggking: calls $0.04
Adam_W888: folds 
loic6000: calls $0.04
TheWolf(Leo).: folds 
Dorex2007: folds 
*** FLOP *** [Ac Kd 4d]
liubaka313: bets $0.07
soggking: folds 
loic6000: folds 
Uncalled bet ($0.07) returned to liubaka313
liubaka313 collected $0.14 from pot
liubaka313: doesn't show hand 
*** SUMMARY ***
Total pot $0.15 | Rake $0.01 
Board [Ac Kd 4d]
Seat 1: liubaka313 collected ($0.14)
Seat 2: bvbsge84 folded before Flop (didn't bet)
Seat 3: soggking folded on the Flop
Seat 4: Adam_W888 folded before Flop (didn't bet)
Seat 5: loic6000 (button) folded on the Flop
Seat 6: TheWolf(Leo). (small blind) folded before Flop
Seat 8: Dorex2007 (big blind) folded before Flop
Seat 9: Shustrik52 folded before Flop (didn't bet)



PokerStars Hand #232606988683:  Hold'em No Limit ($0.01/$0.02 USD) - 2021/12/28 11:12:16 PT [2021/12/28 14:12:16 ET]
Table 'Bojeva IV' 9-max Seat #6 is the button
Seat 1: liubaka313 ($0.49 in chips) 
Seat 2: bvbsge84 ($3.24 in chips) 
Seat 3: soggking ($1.06 in chips) 
Seat 4: Adam_W888 ($3.78 in chips) 
Seat 5: loic6000 ($0.67 in chips) 
Seat 6: TheWolf(Leo). ($0.80 in chips) 
Seat 8: Dorex2007 ($2.33 in chips) 
Seat 9: Shustrik52 ($1.39 in chips) 
Dorex2007: posts small blind $0.01
Shustrik52: posts big blind $0.02
*** HOLE CARDS ***
Dealt to Dorex2007 [3d 4c]
liubaka313: folds 
bvbsge84: folds 
soggking: folds 
Adam_W888: folds 
loic6000: folds 
TheWolf(Leo).: raises $0.02 to $0.04
Dorex2007: folds 
Shustrik52: calls $0.02
*** FLOP *** [7c Td Qc]
loic6000 leaves the table
Shustrik52: checks 
TheWolf(Leo).: bets $0.05
borispulev02 joins the table at seat #5 
Shustrik52: folds 
Uncalled bet ($0.05) returned to TheWolf(Leo).
TheWolf(Leo). collected $0.09 from pot
TheWolf(Leo).: doesn't show hand 
*** SUMMARY ***
Total pot $0.09 | Rake $0 
Board [7c Td Qc]
Seat 1: liubaka313 folded before Flop (didn't bet)
Seat 2: bvbsge84 folded before Flop (didn't bet)
Seat 3: soggking folded before Flop (didn't bet)
Seat 4: Adam_W888 folded before Flop (didn't bet)
Seat 5: loic6000 folded before Flop (didn't bet)
Seat 6: TheWolf(Leo). (button) collected ($0.09)
Seat 8: Dorex2007 (small blind) folded before Flop
Seat 9: Shustrik52 (big blind) folded on the Flop



PokerStars Hand #232607008350:  Hold'em No Limit ($0.01/$0.02 USD) - 2021/12/28 11:12:51 PT [2021/12/28 14:12:51 ET]
Table 'Bojeva IV' 9-max Seat #8 is the button
Seat 1: liubaka313 ($0.49 in chips) 
Seat 2: bvbsge84 ($3.24 in chips) 
Seat 3: soggking ($1.06 in chips) 
Seat 4: Adam_W888 ($3.78 in chips) 
Seat 6: TheWolf(Leo). ($0.85 in chips) 
Seat 8: Dorex2007 ($2.32 in chips) 
Seat 9: Shustrik52 ($1.35 in chips) 
Shustrik52: posts small blind $0.01
liubaka313: posts big blind $0.02
borispulev02: sits out 
*** HOLE CARDS ***
Dealt to Dorex2007 [Jd 4d]
bvbsge84: raises $0.04 to $0.06
soggking: folds 
Adam_W888: folds 
TheWolf(Leo).: folds 
Dorex2007: folds 
Shustrik52: folds 
liubaka313: folds 
Uncalled bet ($0.04) returned to bvbsge84
bvbsge84 collected $0.05 from pot
bvbsge84: doesn't show hand 
*** SUMMARY ***
Total pot $0.05 | Rake $0 
Seat 1: liubaka313 (big blind) folded before Flop
Seat 2: bvbsge84 collected ($0.05)
Seat 3: soggking folded before Flop (didn't bet)
Seat 4: Adam_W888 folded before Flop (didn't bet)
Seat 6: TheWolf(Leo). folded before Flop (didn't bet)
Seat 8: Dorex2007 (button) folded before Flop (didn't bet)
Seat 9: Shustrik52 (small blind) folded before Flop



PokerStars Hand #232607018189:  Hold'em No Limit ($0.01/$0.02 USD) - 2021/12/28 11:13:08 PT [2021/12/28 14:13:08 ET]
Table 'Bojeva IV' 9-max Seat #9 is the button
Seat 1: liubaka313 ($0.47 in chips) 
Seat 2: bvbsge84 ($3.27 in chips) 
Seat 3: soggking ($1.06 in chips) 
Seat 4: Adam_W888 ($3.78 in chips) 
Seat 5: borispulev02 ($2 in chips) 
Seat 6: TheWolf(Leo). ($0.85 in chips) 
Seat 8: Dorex2007 ($2.32 in chips) 
Seat 9: Shustrik52 ($1.34 in chips) 
liubaka313: posts small blind $0.01
bvbsge84: posts big blind $0.02
borispulev02: posts big blind $0.02
*** HOLE CARDS ***
Dealt to Dorex2007 [Qc Ad]
soggking: folds 
Adam_W888: folds 
borispulev02: checks 
TheWolf(Leo).: folds 
Dorex2007: calls $0.02
Shustrik52: folds 
liubaka313: calls $0.01
bvbsge84: checks 
*** FLOP *** [7s 4s 7d]
liubaka313: bets $0.02
bvbsge84: calls $0.02
borispulev02: folds 
Dorex2007: folds 
*** TURN *** [7s 4s 7d] [3h]
liubaka313: checks 
bvbsge84: bets $0.12
liubaka313: folds 
Uncalled bet ($0.12) returned to bvbsge84
bvbsge84 collected $0.12 from pot
bvbsge84: doesn't show hand 
*** SUMMARY ***
Total pot $0.12 | Rake $0 
Board [7s 4s 7d 3h]
Seat 1: liubaka313 (small blind) folded on the Turn
Seat 2: bvbsge84 (big blind) collected ($0.12)
Seat 3: soggking folded before Flop (didn't bet)
Seat 4: Adam_W888 folded before Flop (didn't bet)
Seat 5: borispulev02 folded on the Flop (didn't bet)
Seat 6: TheWolf(Leo). folded before Flop (didn't bet)
Seat 8: Dorex2007 folded on the Flop
Seat 9: Shustrik52 (button) folded before Flop (didn't bet)



PokerStars Hand #232607048277:  Hold'em No Limit ($0.01/$0.02 USD) - 2021/12/28 11:14:01 PT [2021/12/28 14:14:01 ET]
Table 'Bojeva IV' 9-max Seat #1 is the button
Seat 1: liubaka313 ($0.43 in chips) 
Seat 2: bvbsge84 ($3.35 in chips) 
Seat 3: soggking ($1.06 in chips) 
Seat 4: Adam_W888 ($3.78 in chips) 
Seat 5: borispulev02 ($1.98 in chips) 
Seat 6: TheWolf(Leo). ($0.85 in chips) 
Seat 8: Dorex2007 ($2.30 in chips) 
Seat 9: Shustrik52 ($1.34 in chips) 
bvbsge84: posts small blind $0.01
soggking: posts big blind $0.02
*** HOLE CARDS ***
Dealt to Dorex2007 [6s Qh]
Adam_W888: raises $0.04 to $0.06
borispulev02: raises $0.15 to $0.21
TheWolf(Leo).: folds 
Dorex2007: folds 
Shustrik52: folds 
liubaka313: folds 
bvbsge84: folds 
soggking: folds 
Adam_W888: calls $0.15
*** FLOP *** [6d 5h 8h]
Adam_W888: checks 
borispulev02: bets $0.43
Adam_W888: folds 
Uncalled bet ($0.43) returned to borispulev02
borispulev02 collected $0.43 from pot
borispulev02: doesn't show hand 
*** SUMMARY ***
Total pot $0.45 | Rake $0.02 
Board [6d 5h 8h]
Seat 1: liubaka313 (button) folded before Flop (didn't bet)
Seat 2: bvbsge84 (small blind) folded before Flop
Seat 3: soggking (big blind) folded before Flop
Seat 4: Adam_W888 folded on the Flop
Seat 5: borispulev02 collected ($0.43)
Seat 6: TheWolf(Leo). folded before Flop (didn't bet)
Seat 8: Dorex2007 folded before Flop (didn't bet)
Seat 9: Shustrik52 folded before Flop (didn't bet)



PokerStars Hand #232607073512:  Hold'em No Limit ($0.01/$0.02 USD) - 2021/12/28 11:14:45 PT [2021/12/28 14:14:45 ET]
Table 'Bojeva IV' 9-max Seat #2 is the button
Seat 1: liubaka313 ($0.43 in chips) 
Seat 2: bvbsge84 ($3.34 in chips) 
Seat 3: soggking ($1.04 in chips) 
Seat 4: Adam_W888 ($3.57 in chips) 
Seat 5: borispulev02 ($2.20 in chips) 
Seat 6: TheWolf(Leo). ($0.85 in chips) 
Seat 8: Dorex2007 ($2.30 in chips) 
Seat 9: Shustrik52 ($1.34 in chips) 
soggking: posts small blind $0.01
Adam_W888: posts big blind $0.02
*** HOLE CARDS ***
Dealt to Dorex2007 [4s Tc]
borispulev02: raises $0.05 to $0.07
TheWolf(Leo).: folds 
Dorex2007: folds 
Shustrik52: folds 
liubaka313: folds 
bvbsge84: calls $0.07
soggking: calls $0.06
Adam_W888: folds 
*** FLOP *** [9s 9d 4h]
soggking: checks 
borispulev02: checks 
bvbsge84: checks 
*** TURN *** [9s 9d 4h] [8d]
soggking: bets $0.11
borispulev02: calls $0.11
bvbsge84: folds 
*** RIVER *** [9s 9d 4h 8d] [9c]
soggking: bets $0.22
borispulev02: calls $0.22
*** SHOW DOWN ***
soggking: shows [7d 4d] (a full house, Nines full of Fours)
borispulev02: shows [Ks 8s] (a full house, Nines full of Eights)
borispulev02 collected $0.86 from pot
*** SUMMARY ***
Total pot $0.89 | Rake $0.03 
Board [9s 9d 4h 8d 9c]
Seat 1: liubaka313 folded before Flop (didn't bet)
Seat 2: bvbsge84 (button) folded on the Turn
Seat 3: soggking (small blind) showed [7d 4d] and lost with a full house, Nines full of Fours
Seat 4: Adam_W888 (big blind) folded before Flop
Seat 5: borispulev02 showed [Ks 8s] and won ($0.86) with a full house, Nines full of Eights
Seat 6: TheWolf(Leo). folded before Flop (didn't bet)
Seat 8: Dorex2007 folded before Flop (didn't bet)
Seat 9: Shustrik52 folded before Flop (didn't bet)



PokerStars Hand #232607117721:  Hold'em No Limit ($0.01/$0.02 USD) - 2021/12/28 11:16:02 PT [2021/12/28 14:16:02 ET]
Table 'Bojeva IV' 9-max Seat #3 is the button
Seat 1: liubaka313 ($0.43 in chips) 
Seat 2: bvbsge84 ($3.27 in chips) 
Seat 3: soggking ($0.64 in chips) 
Seat 4: Adam_W888 ($3.55 in chips) 
Seat 5: borispulev02 ($2.66 in chips) 
Seat 6: TheWolf(Leo). ($0.85 in chips) 
Seat 8: Dorex2007 ($2.30 in chips) 
Seat 9: Shustrik52 ($1.34 in chips) 
Adam_W888: posts small blind $0.01
borispulev02: posts big blind $0.02
*** HOLE CARDS ***
Dealt to Dorex2007 [6c Tc]
TheWolf(Leo).: folds 
Dorex2007: folds 
Shustrik52: folds 
liubaka313: raises $0.02 to $0.04
bvbsge84: folds 
soggking: folds 
Adam_W888: folds 
borispulev02: calls $0.02
*** FLOP *** [9c 4s 5c]
borispulev02: checks 
liubaka313: bets $0.04
borispulev02: folds 
Uncalled bet ($0.04) returned to liubaka313
liubaka313 collected $0.09 from pot
liubaka313: doesn't show hand 
*** SUMMARY ***
Total pot $0.09 | Rake $0 
Board [9c 4s 5c]
Seat 1: liubaka313 collected ($0.09)
Seat 2: bvbsge84 folded before Flop (didn't bet)
Seat 3: soggking (button) folded before Flop (didn't bet)
Seat 4: Adam_W888 (small blind) folded before Flop
Seat 5: borispulev02 (big blind) folded on the Flop
Seat 6: TheWolf(Leo). folded before Flop (didn't bet)
Seat 8: Dorex2007 folded before Flop (didn't bet)
Seat 9: Shustrik52 folded before Flop (didn't bet)



PokerStars Hand #232607138823:  Hold'em No Limit ($0.01/$0.02 USD) - 2021/12/28 11:16:39 PT [2021/12/28 14:16:39 ET]
Table 'Bojeva IV' 9-max Seat #4 is the button
Seat 1: liubaka313 ($0.48 in chips) 
Seat 2: bvbsge84 ($3.27 in chips) 
Seat 3: soggking ($0.64 in chips) 
Seat 4: Adam_W888 ($3.54 in chips) 
Seat 5: borispulev02 ($2.62 in chips) 
Seat 6: TheWolf(Leo). ($0.85 in chips) 
Seat 8: Dorex2007 ($2.30 in chips) 
Seat 9: Shustrik52 ($1.34 in chips) 
borispulev02: posts small blind $0.01
TheWolf(Leo).: posts big blind $0.02
MelchiorF1: sits out 
*** HOLE CARDS ***
Dealt to Dorex2007 [6d 8s]
Dorex2007: folds 
Shustrik52: calls $0.02
liubaka313: raises $0.02 to $0.04
bvbsge84: folds 
soggking: folds 
Adam_W888: folds 
borispulev02: raises $0.12 to $0.16
TheWolf(Leo).: folds 
Shustrik52: folds 
liubaka313: folds 
Uncalled bet ($0.12) returned to borispulev02
borispulev02 collected $0.12 from pot
borispulev02: doesn't show hand 
*** SUMMARY ***
Total pot $0.12 | Rake $0 
Seat 1: liubaka313 folded before Flop
Seat 2: bvbsge84 folded before Flop (didn't bet)
Seat 3: soggking folded before Flop (didn't bet)
Seat 4: Adam_W888 (button) folded before Flop (didn't bet)
Seat 5: borispulev02 (small blind) collected ($0.12)
Seat 6: TheWolf(Leo). (big blind) folded before Flop
Seat 8: Dorex2007 folded before Flop (didn't bet)
Seat 9: Shustrik52 folded before Flop



PokerStars Hand #232607154253:  Hold'em No Limit ($0.01/$0.02 USD) - 2021/12/28 11:17:06 PT [2021/12/28 14:17:06 ET]
Table 'Bojeva IV' 9-max Seat #5 is the button
Seat 1: liubaka313 ($0.44 in chips) 
Seat 2: bvbsge84 ($3.27 in chips) 
Seat 3: soggking ($0.64 in chips) 
Seat 4: Adam_W888 ($3.54 in chips) 
Seat 5: borispulev02 ($2.70 in chips) 
Seat 6: TheWolf(Leo). ($0.83 in chips) 
Seat 7: MelchiorF1 ($2.66 in chips) 
Seat 8: Dorex2007 ($2.30 in chips) 
Seat 9: Shustrik52 ($1.32 in chips) 
TheWolf(Leo).: posts small blind $0.01
MelchiorF1: posts big blind $0.02
*** HOLE CARDS ***
Dealt to Dorex2007 [4h 6h]
Dorex2007: folds 
Shustrik52: folds 
liubaka313: raises $0.02 to $0.04
bvbsge84: folds 
soggking: folds 
Adam_W888: folds 
borispulev02: folds 
TheWolf(Leo).: calls $0.03
MelchiorF1: calls $0.02
*** FLOP *** [Qs 7c 5d]
TheWolf(Leo).: checks 
MelchiorF1: bets $0.05
liubaka313: calls $0.05
TheWolf(Leo).: calls $0.05
*** TURN *** [Qs 7c 5d] [Kh]
TheWolf(Leo).: checks 
MelchiorF1: bets $0.10
liubaka313: calls $0.10
TheWolf(Leo).: raises $0.64 to $0.74 and is all-in
MelchiorF1: calls $0.64
liubaka313: folds 
*** RIVER *** [Qs 7c 5d Kh] [8d]
*** SHOW DOWN ***
TheWolf(Leo).: shows [Qh Kc] (two pair, Kings and Queens)
MelchiorF1: shows [5c 5h] (three of a kind, Fives)
MelchiorF1 collected $1.79 from pot
*** SUMMARY ***
Total pot $1.85 | Rake $0.06 
Board [Qs 7c 5d Kh 8d]
Seat 1: liubaka313 folded on the Turn
Seat 2: bvbsge84 folded before Flop (didn't bet)
Seat 3: soggking folded before Flop (didn't bet)
Seat 4: Adam_W888 folded before Flop (didn't bet)
Seat 5: borispulev02 (button) folded before Flop (didn't bet)
Seat 6: TheWolf(Leo). (small blind) showed [Qh Kc] and lost with two pair, Kings and Queens
Seat 7: MelchiorF1 (big blind) showed [5c 5h] and won ($1.79) with three of a kind, Fives
Seat 8: Dorex2007 folded before Flop (didn't bet)
Seat 9: Shustrik52 folded before Flop (didn't bet)



PokerStars Hand #232607193529:  Hold'em No Limit ($0.01/$0.02 USD) - 2021/12/28 11:18:14 PT [2021/12/28 14:18:14 ET]
Table 'Bojeva IV' 9-max Seat #7 is the button
Seat 1: liubaka313 ($0.25 in chips) 
Seat 2: bvbsge84 ($3.27 in chips) 
Seat 3: soggking ($0.64 in chips) 
Seat 5: borispulev02 ($2.70 in chips) 
Seat 7: MelchiorF1 ($3.62 in chips) 
Seat 8: Dorex2007 ($2.30 in chips) 
Seat 9: Shustrik52 ($1.32 in chips) 
Dorex2007: posts small blind $0.01
Shustrik52: posts big blind $0.02
*** HOLE CARDS ***
Dealt to Dorex2007 [Qh Ks]
liubaka313: folds 
8CeMapzJI6 joins the table at seat #6 
bvbsge84: folds 
soggking: folds 
borispulev02: folds 
MelchiorF1: folds 
Dorex2007: raises $0.02 to $0.04
Shustrik52: calls $0.02
*** FLOP *** [2d Jh Qd]
Dorex2007: bets $0.08
Shustrik52: folds 
Uncalled bet ($0.08) returned to Dorex2007
Dorex2007 collected $0.08 from pot
Dorex2007: doesn't show hand 
*** SUMMARY ***
Total pot $0.08 | Rake $0 
Board [2d Jh Qd]
Seat 1: liubaka313 folded before Flop (didn't bet)
Seat 2: bvbsge84 folded before Flop (didn't bet)
Seat 3: soggking folded before Flop (didn't bet)
Seat 5: borispulev02 folded before Flop (didn't bet)
Seat 7: MelchiorF1 (button) folded before Flop (didn't bet)
Seat 8: Dorex2007 (small blind) collected ($0.08)
Seat 9: Shustrik52 (big blind) folded on the Flop



PokerStars Hand #232607208500:  Hold'em No Limit ($0.01/$0.02 USD) - 2021/12/28 11:18:40 PT [2021/12/28 14:18:40 ET]
Table 'Bojeva IV' 9-max Seat #8 is the button
Seat 1: liubaka313 ($0.25 in chips) 
Seat 2: bvbsge84 ($3.27 in chips) 
Seat 3: soggking ($0.64 in chips) 
Seat 5: borispulev02 ($2.70 in chips) 
Seat 7: MelchiorF1 ($3.62 in chips) 
Seat 8: Dorex2007 ($2.34 in chips) 
Seat 9: Shustrik52 ($1.28 in chips) 
Shustrik52: posts small blind $0.01
liubaka313: posts big blind $0.02
8CeMapzJI6: sits out 
*** HOLE CARDS ***
Dealt to Dorex2007 [9c 7h]
bvbsge84: calls $0.02
soggking: calls $0.02
borispulev02: calls $0.02
MelchiorF1: folds 
Dorex2007: folds 
Shustrik52: calls $0.01
liubaka313: checks 
*** FLOP *** [Kh 7s Qc]
Shustrik52: checks 
liubaka313: checks 
bvbsge84: checks 
soggking: checks 
borispulev02: checks 
*** TURN *** [Kh 7s Qc] [2s]
Shustrik52: checks 
liubaka313: checks 
bvbsge84: checks 
soggking: checks 
borispulev02: checks 
*** RIVER *** [Kh 7s Qc 2s] [2c]
Shustrik52: checks 
liubaka313: checks 
bvbsge84: checks 
soggking: checks 
borispulev02: checks 
*** SHOW DOWN ***
Shustrik52: shows [8d Ah] (a pair of Deuces)
liubaka313: mucks hand 
bvbsge84: shows [4h 4d] (two pair, Fours and Deuces)
soggking: mucks hand 
borispulev02: mucks hand 
bvbsge84 collected $0.10 from pot
*** SUMMARY ***
Total pot $0.10 | Rake $0 
Board [Kh 7s Qc 2s 2c]
Seat 1: liubaka313 (big blind) mucked [5d 3c]
Seat 2: bvbsge84 showed [4h 4d] and won ($0.10) with two pair, Fours and Deuces
Seat 3: soggking mucked [5c As]
Seat 5: borispulev02 mucked [Jd 6s]
Seat 7: MelchiorF1 folded before Flop (didn't bet)
Seat 8: Dorex2007 (button) folded before Flop (didn't bet)
Seat 9: Shustrik52 (small blind) showed [8d Ah] and lost with a pair of Deuces



PokerStars Hand #232607254054:  Hold'em No Limit ($0.01/$0.02 USD) - 2021/12/28 11:19:59 PT [2021/12/28 14:19:59 ET]
Table 'Bojeva IV' 9-max Seat #9 is the button
Seat 1: liubaka313 ($0.23 in chips) 
Seat 2: bvbsge84 ($3.35 in chips) 
Seat 3: soggking ($0.62 in chips) 
Seat 5: borispulev02 ($2.68 in chips) 
Seat 7: MelchiorF1 ($3.62 in chips) 
Seat 8: Dorex2007 ($2.34 in chips) 
Seat 9: Shustrik52 ($1.26 in chips) 
liubaka313: posts small blind $0.01
bvbsge84: posts big blind $0.02
8CeMapzJI6: sits out 
*** HOLE CARDS ***
Dealt to Dorex2007 [Ad 5s]
soggking: folds 
borispulev02: calls $0.02
MelchiorF1 has timed out
MelchiorF1: folds 
Dorex2007: folds 
Shustrik52: calls $0.02
liubaka313: calls $0.01
bvbsge84: raises $0.10 to $0.12
borispulev02: folds 
Shustrik52: calls $0.10
liubaka313: folds 
*** FLOP *** [9c As 2s]
bvbsge84: bets $0.14
Shustrik52: raises $1 to $1.14 and is all-in
bvbsge84: folds 
Uncalled bet ($1) returned to Shustrik52
Shustrik52 collected $0.54 from pot
*** SUMMARY ***
Total pot $0.56 | Rake $0.02 
Board [9c As 2s]
Seat 1: liubaka313 (small blind) folded before Flop
Seat 2: bvbsge84 (big blind) folded on the Flop
Seat 3: soggking folded before Flop (didn't bet)
Seat 5: borispulev02 folded before Flop
Seat 7: MelchiorF1 folded before Flop (didn't bet)
Seat 8: Dorex2007 folded before Flop (didn't bet)
Seat 9: Shustrik52 (button) collected ($0.54)



PokerStars Hand #232607311160:  Hold'em No Limit ($0.01/$0.02 USD) - 2021/12/28 11:21:38 PT [2021/12/28 14:21:38 ET]
Table 'Bojeva IV' 9-max Seat #1 is the button
Seat 1: liubaka313 ($0.21 in chips) 
Seat 2: bvbsge84 ($3.09 in chips) 
Seat 3: soggking ($0.62 in chips) 
Seat 5: borispulev02 ($2.66 in chips) 
Seat 7: MelchiorF1 ($3.62 in chips) 
Seat 8: Dorex2007 ($2.34 in chips) 
Seat 9: Shustrik52 ($1.54 in chips) 
bvbsge84: posts small blind $0.01
bvbsge84 said, "well played donk"
soggking: posts big blind $0.02
8CeMapzJI6: sits out 
*** HOLE CARDS ***
Dealt to Dorex2007 [Ks 8h]
borispulev02: raises $0.05 to $0.07
MelchiorF1: folds 
Dorex2007: folds 
Shustrik52: raises $1.47 to $1.54 and is all-in
liubaka313: calls $0.21 and is all-in
bvbsge84: folds 
soggking: folds 
borispulev02: calls $1.47
*** FLOP *** [Jd Qc 4h]
bvbsge84 said, "limp call idiot"
*** TURN *** [Jd Qc 4h] [7s]
*** RIVER *** [Jd Qc 4h 7s] [8d]
*** SHOW DOWN ***
borispulev02: shows [Kc Kd] (a pair of Kings)
Shustrik52: shows [Qd Qh] (three of a kind, Queens)
liubaka313: shows [9d Ah] (high card Ace)
Shustrik52 cashed out the hand for $0.57 | Cash Out Fee $0.01
*** SUMMARY ***
Total pot $3.32 Main pot $0.64. Side pot $2.56. | Rake $0.12 
Board [Jd Qc 4h 7s 8d]
Seat 1: liubaka313 (button) showed [9d Ah] and lost with high card Ace
Seat 2: bvbsge84 (small blind) folded before Flop
Seat 3: soggking (big blind) folded before Flop
Seat 5: borispulev02 showed [Kc Kd] and lost with a pair of Kings
Seat 7: MelchiorF1 folded before Flop (didn't bet)
Seat 8: Dorex2007 folded before Flop (didn't bet)
Seat 9: Shustrik52 showed [Qd Qh] and won ($3.20) with three of a kind, Queens (pot not awarded as player cashed out)



PokerStars Hand #232607333324:  Hold'em No Limit ($0.01/$0.02 USD) - 2021/12/28 11:22:17 PT [2021/12/28 14:22:17 ET]
Table 'Bojeva IV' 9-max Seat #2 is the button
Seat 2: bvbsge84 ($3.08 in chips) 
Seat 3: soggking ($0.60 in chips) 
Seat 5: borispulev02 ($1.12 in chips) 
Seat 7: MelchiorF1 ($3.62 in chips) 
Seat 8: Dorex2007 ($2.34 in chips) 
Seat 9: Shustrik52 ($0.57 in chips) 
soggking: posts small blind $0.01
borispulev02: posts big blind $0.02
8CeMapzJI6: sits out 
*** HOLE CARDS ***
Dealt to Dorex2007 [4d 2h]
bvbsge84 said, "and a lucky fish"
MelchiorF1 has timed out
MelchiorF1: folds 
Dorex2007 said, "I love how the germans call everyone names when they lose LOL"
Dorex2007: folds 
Shustrik52: calls $0.02
bvbsge84: raises $0.06 to $0.08
soggking: calls $0.07
Dorex2007 said, "you know, like my 10 year old does"
borispulev02: raises $0.26 to $0.34
Shustrik52: folds 
bvbsge84 said, "take it"
bvbsge84: raises $0.78 to $1.12
soggking: folds 
borispulev02: calls $0.78 and is all-in
*** FLOP *** [7h 8c 5s]
*** TURN *** [7h 8c 5s] [4c]
*** RIVER *** [7h 8c 5s 4c] [Qd]
*** SHOW DOWN ***
borispulev02: shows [Qh Jh] (a pair of Queens)
bvbsge84: shows [Kh Qs] (a pair of Queens - King kicker)
bvbsge84 collected $2.24 from pot
*** SUMMARY ***
Total pot $2.34 | Rake $0.10 
Board [7h 8c 5s 4c Qd]
Seat 2: bvbsge84 (button) showed [Kh Qs] and won ($2.24) with a pair of Queens
Seat 3: soggking (small blind) folded before Flop
Seat 5: borispulev02 (big blind) showed [Qh Jh] and lost with a pair of Queens
Seat 7: MelchiorF1 folded before Flop (didn't bet)
Seat 8: Dorex2007 folded before Flop (didn't bet)
Seat 9: Shustrik52 folded before Flop



PokerStars Hand #232607372457:  Hold'em No Limit ($0.01/$0.02 USD) - 2021/12/28 11:23:25 PT [2021/12/28 14:23:25 ET]
Table 'Bojeva IV' 9-max Seat #3 is the button
Seat 2: bvbsge84 ($4.20 in chips) 
Seat 3: soggking ($0.52 in chips) 
Seat 7: MelchiorF1 ($3.62 in chips) 
Seat 8: Dorex2007 ($2.34 in chips) 
Seat 9: Shustrik52 ($0.55 in chips) 
MelchiorF1: posts small blind $0.01
Dorex2007: posts big blind $0.02
*** HOLE CARDS ***
Dealt to Dorex2007 [4d 8d]
borispulev02 leaves the table
Shustrik52: folds 
bvbsge84: folds 
soggking: folds 
ahamiyatsiz joins the table at seat #5 
MelchiorF1: folds 
Uncalled bet ($0.01) returned to Dorex2007
ahamiyatsiz leaves the table
Dorex2007 collected $0.02 from pot
Dorex2007: doesn't show hand 
*** SUMMARY ***
Total pot $0.02 | Rake $0 
Seat 2: bvbsge84 folded before Flop (didn't bet)
Seat 3: soggking (button) folded before Flop (didn't bet)
Seat 7: MelchiorF1 (small blind) folded before Flop
Seat 8: Dorex2007 (big blind) collected ($0.02)
Seat 9: Shustrik52 folded before Flop (didn't bet)



PokerStars Hand #232607383429:  Hold'em No Limit ($0.01/$0.02 USD) - 2021/12/28 11:23:44 PT [2021/12/28 14:23:44 ET]
Table 'Bojeva IV' 9-max Seat #7 is the button
Seat 2: bvbsge84 ($4.20 in chips) 
Seat 3: soggking ($0.52 in chips) 
Seat 7: MelchiorF1 ($3.61 in chips) 
Seat 8: Dorex2007 ($2.35 in chips) 
Seat 9: Shustrik52 ($0.55 in chips) 
Dorex2007: posts small blind $0.01
Shustrik52: posts big blind $0.02
8CeMapzJI6: sits out 
*** HOLE CARDS ***
Dealt to Dorex2007 [6c Ks]
bvbsge84: folds 
soggking: folds 
MelchiorF1: folds 
JP$^8228 joins the table at seat #5 
Dorex2007: folds 
Uncalled bet ($0.01) returned to Shustrik52
Shustrik52 collected $0.02 from pot
*** SUMMARY ***
Total pot $0.02 | Rake $0 
Seat 2: bvbsge84 folded before Flop (didn't bet)
Seat 3: soggking folded before Flop (didn't bet)
Seat 7: MelchiorF1 (button) folded before Flop (didn't bet)
Seat 8: Dorex2007 (small blind) folded before Flop
Seat 9: Shustrik52 (big blind) collected ($0.02)



PokerStars Hand #232607392648:  Hold'em No Limit ($0.01/$0.02 USD) - 2021/12/28 11:24:00 PT [2021/12/28 14:24:00 ET]
Table 'Bojeva IV' 9-max Seat #8 is the button
Seat 2: bvbsge84 ($4.20 in chips) 
Seat 3: soggking ($0.52 in chips) 
Seat 5: JP$^8228 ($2 in chips) 
Seat 7: MelchiorF1 ($3.61 in chips) 
Seat 8: Dorex2007 ($2.34 in chips) 
Seat 9: Shustrik52 ($0.56 in chips) 
Shustrik52: posts small blind $0.01
bvbsge84: posts big blind $0.02
JP$^8228: posts big blind $0.02
8CeMapzJI6: sits out 
*** HOLE CARDS ***
Dealt to Dorex2007 [9d 7d]
soggking has timed out
soggking: folds 
JP$^8228: checks 
MelchiorF1: folds 
Dorex2007: folds 
Shustrik52: calls $0.01
bvbsge84: checks 
*** FLOP *** [As 2d 3h]
Shustrik52: checks 
bvbsge84: checks 
JP$^8228: checks 
*** TURN *** [As 2d 3h] [Kc]
Shustrik52: checks 
bvbsge84: checks 
JP$^8228: checks 
*** RIVER *** [As 2d 3h Kc] [Jc]
Shustrik52: checks 
bvbsge84: checks 
JP$^8228: bets $0.06
Shustrik52: folds 
bvbsge84: folds 
Uncalled bet ($0.06) returned to JP$^8228
JP$^8228 collected $0.06 from pot
JP$^8228: doesn't show hand 
*** SUMMARY ***
Total pot $0.06 | Rake $0 
Board [As 2d 3h Kc Jc]
Seat 2: bvbsge84 (big blind) folded on the River
Seat 3: soggking folded before Flop (didn't bet)
Seat 5: JP$^8228 collected ($0.06)
Seat 7: MelchiorF1 folded before Flop (didn't bet)
Seat 8: Dorex2007 (button) folded before Flop (didn't bet)
Seat 9: Shustrik52 (small blind) folded on the River



PokerStars Hand #232607427687:  Hold'em No Limit ($0.01/$0.02 USD) - 2021/12/28 11:25:01 PT [2021/12/28 14:25:01 ET]
Table 'Bojeva IV' 9-max Seat #9 is the button
Seat 2: bvbsge84 ($4.18 in chips) 
Seat 3: soggking ($0.52 in chips) 
Seat 5: JP$^8228 ($2.04 in chips) 
Seat 7: MelchiorF1 ($3.61 in chips) 
Seat 8: Dorex2007 ($2.34 in chips) 
Seat 9: Shustrik52 ($0.54 in chips) 
bvbsge84: posts small blind $0.01
soggking: posts big blind $0.02
8CeMapzJI6: sits out 
*** HOLE CARDS ***
Dealt to Dorex2007 [7d 3s]
JP$^8228: folds 
MelchiorF1 has timed out
MelchiorF1: folds 
Dorex2007: folds 
Shustrik52: calls $0.02
bvbsge84: folds 
soggking: checks 
*** FLOP *** [As Td Kc]
soggking: checks 
Shustrik52: checks 
*** TURN *** [As Td Kc] [Tc]
soggking: checks 
Shustrik52: checks 
*** RIVER *** [As Td Kc Tc] [2d]
soggking: checks 
Shustrik52: checks 
*** SHOW DOWN ***
soggking: shows [4c 5s] (a pair of Tens)
Shustrik52: shows [9c Kd] (two pair, Kings and Tens)
Shustrik52 collected $0.05 from pot
*** SUMMARY ***
Total pot $0.05 | Rake $0 
Board [As Td Kc Tc 2d]
Seat 2: bvbsge84 (small blind) folded before Flop
Seat 3: soggking (big blind) showed [4c 5s] and lost with a pair of Tens
Seat 5: JP$^8228 folded before Flop (didn't bet)
Seat 7: MelchiorF1 folded before Flop (didn't bet)
Seat 8: Dorex2007 folded before Flop (didn't bet)
Seat 9: Shustrik52 (button) showed [9c Kd] and won ($0.05) with two pair, Kings and Tens



