PokerStars Hand #225116342786:  Hold'em No Limit ($0.01/$0.02 USD) - 2021/03/23 13:34:08 PT [2021/03/23 16:34:08 ET]
Table 'Pele III' 9-max Seat #6 is the button
Seat 1: switchon ($2.06 in chips) 
Seat 2: ENJOYRJ ($3.91 in chips) 
Seat 3: rfirfibyvb[f ($1.19 in chips) 
Seat 4: Ruslan076 ($0.67 in chips) 
Seat 5: Dorex2007 ($1.50 in chips) 
Seat 6: 07cezar ($1.31 in chips) 
Seat 7: StreetFlowH ($0.72 in chips) 
Seat 8: Gazella01 ($0.93 in chips) 
Seat 9: infiniti888 ($0.56 in chips) 
StreetFlowH: posts small blind $0.01
Gazella01: posts big blind $0.02
Dorex2007: posts big blind $0.02
*** HOLE CARDS ***
Dealt to Dorex2007 [Qc 5h]
infiniti888: folds 
switchon: folds 
ENJOYRJ: folds 
rfirfibyvb[f: folds 
Ruslan076: calls $0.02
Dorex2007: checks 
07cezar: folds 
StreetFlowH: calls $0.01
Gazella01: checks 
*** FLOP *** [Ac 8d Jh]
StreetFlowH: checks 
Gazella01: checks 
Ruslan076: checks 
Dorex2007: checks 
*** TURN *** [Ac 8d Jh] [6c]
StreetFlowH: checks 
Gazella01: checks 
Ruslan076: bets $0.02
Dorex2007: folds 
StreetFlowH: calls $0.02
Gazella01: calls $0.02
*** RIVER *** [Ac 8d Jh 6c] [Ks]
StreetFlowH: checks 
Gazella01: checks 
Ruslan076: bets $0.07
StreetFlowH: folds 
Gazella01: folds 
Uncalled bet ($0.07) returned to Ruslan076
Ruslan076 collected $0.14 from pot
Ruslan076: doesn't show hand 
*** SUMMARY ***
Total pot $0.14 | Rake $0 
Board [Ac 8d Jh 6c Ks]
Seat 1: switchon folded before Flop (didn't bet)
Seat 2: ENJOYRJ folded before Flop (didn't bet)
Seat 3: rfirfibyvb[f folded before Flop (didn't bet)
Seat 4: Ruslan076 collected ($0.14)
Seat 5: Dorex2007 folded on the Turn (didn't bet)
Seat 6: 07cezar (button) folded before Flop (didn't bet)
Seat 7: StreetFlowH (small blind) folded on the River
Seat 8: Gazella01 (big blind) folded on the River
Seat 9: infiniti888 folded before Flop (didn't bet)



PokerStars Hand #225116391959:  Hold'em No Limit ($0.01/$0.02 USD) - 2021/03/23 13:35:23 PT [2021/03/23 16:35:23 ET]
Table 'Pele III' 9-max Seat #7 is the button
Seat 1: switchon ($2.06 in chips) 
Seat 2: ENJOYRJ ($3.91 in chips) 
Seat 3: rfirfibyvb[f ($1.19 in chips) 
Seat 4: Ruslan076 ($0.77 in chips) 
Seat 5: Dorex2007 ($1.48 in chips) 
Seat 6: 07cezar ($1.31 in chips) 
Seat 7: StreetFlowH ($0.68 in chips) 
Seat 8: Gazella01 ($0.89 in chips) 
Seat 9: infiniti888 ($0.80 in chips) 
Gazella01: posts small blind $0.01
infiniti888: posts big blind $0.02
*** HOLE CARDS ***
Dealt to Dorex2007 [9h 2h]
switchon: folds 
ENJOYRJ: folds 
rfirfibyvb[f: folds 
Ruslan076: calls $0.02
Dorex2007: folds 
07cezar: calls $0.02
StreetFlowH: calls $0.02
Gazella01: calls $0.01
infiniti888: checks 
*** FLOP *** [Ts 8s 7c]
Gazella01: bets $0.04
infiniti888: folds 
Ruslan076: folds 
07cezar: calls $0.04
StreetFlowH: folds 
*** TURN *** [Ts 8s 7c] [5d]
Gazella01: checks 
07cezar: bets $0.02
Gazella01: calls $0.02
*** RIVER *** [Ts 8s 7c 5d] [7d]
Gazella01: bets $0.10
07cezar: folds 
Uncalled bet ($0.10) returned to Gazella01
Gazella01 collected $0.21 from pot
*** SUMMARY ***
Total pot $0.22 | Rake $0.01 
Board [Ts 8s 7c 5d 7d]
Seat 1: switchon folded before Flop (didn't bet)
Seat 2: ENJOYRJ folded before Flop (didn't bet)
Seat 3: rfirfibyvb[f folded before Flop (didn't bet)
Seat 4: Ruslan076 folded on the Flop
Seat 5: Dorex2007 folded before Flop (didn't bet)
Seat 6: 07cezar folded on the River
Seat 7: StreetFlowH (button) folded on the Flop
Seat 8: Gazella01 (small blind) collected ($0.21)
Seat 9: infiniti888 (big blind) folded on the Flop



PokerStars Hand #225116437143:  Hold'em No Limit ($0.01/$0.02 USD) - 2021/03/23 13:36:32 PT [2021/03/23 16:36:32 ET]
Table 'Pele III' 9-max Seat #8 is the button
Seat 1: switchon ($2.06 in chips) 
Seat 2: ENJOYRJ ($3.91 in chips) 
Seat 3: rfirfibyvb[f ($1.19 in chips) 
Seat 4: Ruslan076 ($0.75 in chips) 
Seat 5: Dorex2007 ($1.48 in chips) 
Seat 6: 07cezar ($1.23 in chips) 
Seat 7: StreetFlowH ($0.66 in chips) 
Seat 8: Gazella01 ($1.02 in chips) 
Seat 9: infiniti888 ($0.78 in chips) 
infiniti888: posts small blind $0.01
switchon: posts big blind $0.02
*** HOLE CARDS ***
Dealt to Dorex2007 [9d Td]
ENJOYRJ: folds 
rfirfibyvb[f: folds 
Ruslan076: folds 
Dorex2007: folds 
07cezar: folds 
StreetFlowH: folds 
Gazella01: calls $0.02
infiniti888: folds 
switchon: checks 
*** FLOP *** [7h 8s 2c]
switchon: checks 
Gazella01: bets $0.02
switchon: folds 
Uncalled bet ($0.02) returned to Gazella01
Gazella01 collected $0.05 from pot
*** SUMMARY ***
Total pot $0.05 | Rake $0 
Board [7h 8s 2c]
Seat 1: switchon (big blind) folded on the Flop
Seat 2: ENJOYRJ folded before Flop (didn't bet)
Seat 3: rfirfibyvb[f folded before Flop (didn't bet)
Seat 4: Ruslan076 folded before Flop (didn't bet)
Seat 5: Dorex2007 folded before Flop (didn't bet)
Seat 6: 07cezar folded before Flop (didn't bet)
Seat 7: StreetFlowH folded before Flop (didn't bet)
Seat 8: Gazella01 (button) collected ($0.05)
Seat 9: infiniti888 (small blind) folded before Flop



PokerStars Hand #225116456374:  Hold'em No Limit ($0.01/$0.02 USD) - 2021/03/23 13:37:01 PT [2021/03/23 16:37:01 ET]
Table 'Pele III' 9-max Seat #9 is the button
Seat 1: switchon ($2.04 in chips) 
Seat 2: ENJOYRJ ($3.91 in chips) 
Seat 3: rfirfibyvb[f ($1.19 in chips) 
Seat 4: Ruslan076 ($0.75 in chips) 
Seat 5: Dorex2007 ($1.48 in chips) 
Seat 6: 07cezar ($1.23 in chips) 
Seat 7: StreetFlowH ($0.66 in chips) 
Seat 8: Gazella01 ($1.05 in chips) 
Seat 9: infiniti888 ($0.77 in chips) 
switchon: posts small blind $0.01
ENJOYRJ: posts big blind $0.02
*** HOLE CARDS ***
Dealt to Dorex2007 [2c 8h]
rfirfibyvb[f: folds 
Ruslan076: calls $0.02
Dorex2007: folds 
07cezar: folds 
StreetFlowH: calls $0.02
Gazella01: folds 
infiniti888: folds 
switchon: calls $0.01
ENJOYRJ: checks 
*** FLOP *** [Jc 9d Ts]
switchon: checks 
ENJOYRJ: bets $0.03
Ruslan076: calls $0.03
StreetFlowH: calls $0.03
switchon: calls $0.03
*** TURN *** [Jc 9d Ts] [2d]
switchon: bets $0.10
ENJOYRJ: folds 
Ruslan076: calls $0.10
StreetFlowH: folds 
*** RIVER *** [Jc 9d Ts 2d] [4h]
switchon: bets $0.20
Ruslan076: folds 
Uncalled bet ($0.20) returned to switchon
switchon collected $0.39 from pot
switchon: doesn't show hand 
*** SUMMARY ***
Total pot $0.40 | Rake $0.01 
Board [Jc 9d Ts 2d 4h]
Seat 1: switchon (small blind) collected ($0.39)
Seat 2: ENJOYRJ (big blind) folded on the Turn
Seat 3: rfirfibyvb[f folded before Flop (didn't bet)
Seat 4: Ruslan076 folded on the River
Seat 5: Dorex2007 folded before Flop (didn't bet)
Seat 6: 07cezar folded before Flop (didn't bet)
Seat 7: StreetFlowH folded on the Turn
Seat 8: Gazella01 folded before Flop (didn't bet)
Seat 9: infiniti888 (button) folded before Flop (didn't bet)



PokerStars Hand #225116496583:  Hold'em No Limit ($0.01/$0.02 USD) - 2021/03/23 13:38:02 PT [2021/03/23 16:38:02 ET]
Table 'Pele III' 9-max Seat #1 is the button
Seat 1: switchon ($2.28 in chips) 
Seat 2: ENJOYRJ ($3.86 in chips) 
Seat 3: rfirfibyvb[f ($1.19 in chips) 
Seat 4: Ruslan076 ($0.60 in chips) 
Seat 5: Dorex2007 ($1.48 in chips) 
Seat 6: 07cezar ($1.23 in chips) 
Seat 7: StreetFlowH ($0.61 in chips) 
Seat 8: Gazella01 ($1.05 in chips) 
Seat 9: infiniti888 ($0.77 in chips) 
ENJOYRJ: posts small blind $0.01
rfirfibyvb[f: posts big blind $0.02
*** HOLE CARDS ***
Dealt to Dorex2007 [Kd 7s]
Ruslan076: folds 
Dorex2007: folds 
07cezar: calls $0.02
StreetFlowH: calls $0.02
Gazella01: calls $0.02
infiniti888: folds 
switchon: folds 
ENJOYRJ: folds 
rfirfibyvb[f: checks 
*** FLOP *** [3s 6d 3d]
rfirfibyvb[f: checks 
07cezar: checks 
StreetFlowH: checks 
Gazella01: checks 
*** TURN *** [3s 6d 3d] [4c]
rfirfibyvb[f: checks 
07cezar: checks 
StreetFlowH: checks 
Gazella01: bets $0.04
rfirfibyvb[f: folds 
07cezar: folds 
StreetFlowH: folds 
Uncalled bet ($0.04) returned to Gazella01
Gazella01 collected $0.09 from pot
*** SUMMARY ***
Total pot $0.09 | Rake $0 
Board [3s 6d 3d 4c]
Seat 1: switchon (button) folded before Flop (didn't bet)
Seat 2: ENJOYRJ (small blind) folded before Flop
Seat 3: rfirfibyvb[f (big blind) folded on the Turn
Seat 4: Ruslan076 folded before Flop (didn't bet)
Seat 5: Dorex2007 folded before Flop (didn't bet)
Seat 6: 07cezar folded on the Turn
Seat 7: StreetFlowH folded on the Turn
Seat 8: Gazella01 collected ($0.09)
Seat 9: infiniti888 folded before Flop (didn't bet)



PokerStars Hand #225116529435:  Hold'em No Limit ($0.01/$0.02 USD) - 2021/03/23 13:38:53 PT [2021/03/23 16:38:53 ET]
Table 'Pele III' 9-max Seat #2 is the button
Seat 1: switchon ($2.28 in chips) 
Seat 2: ENJOYRJ ($3.85 in chips) 
Seat 3: rfirfibyvb[f ($1.17 in chips) 
Seat 4: Ruslan076 ($0.60 in chips) 
Seat 5: Dorex2007 ($1.48 in chips) 
Seat 6: 07cezar ($1.21 in chips) 
Seat 7: StreetFlowH ($0.59 in chips) 
Seat 8: Gazella01 ($1.12 in chips) 
Seat 9: infiniti888 ($0.77 in chips) 
rfirfibyvb[f: posts small blind $0.01
Ruslan076: posts big blind $0.02
*** HOLE CARDS ***
Dealt to Dorex2007 [6d Jd]
Dorex2007: folds 
07cezar: folds 
StreetFlowH: folds 
Gazella01: folds 
infiniti888: folds 
switchon: folds 
ENJOYRJ: folds 
rfirfibyvb[f: folds 
Uncalled bet ($0.01) returned to Ruslan076
Ruslan076 collected $0.02 from pot
Ruslan076: doesn't show hand 
*** SUMMARY ***
Total pot $0.02 | Rake $0 
Seat 1: switchon folded before Flop (didn't bet)
Seat 2: ENJOYRJ (button) folded before Flop (didn't bet)
Seat 3: rfirfibyvb[f (small blind) folded before Flop
Seat 4: Ruslan076 (big blind) collected ($0.02)
Seat 5: Dorex2007 folded before Flop (didn't bet)
Seat 6: 07cezar folded before Flop (didn't bet)
Seat 7: StreetFlowH folded before Flop (didn't bet)
Seat 8: Gazella01 folded before Flop (didn't bet)
Seat 9: infiniti888 folded before Flop (didn't bet)



PokerStars Hand #225116541126:  Hold'em No Limit ($0.01/$0.02 USD) - 2021/03/23 13:39:11 PT [2021/03/23 16:39:11 ET]
Table 'Pele III' 9-max Seat #3 is the button
Seat 1: switchon ($2.28 in chips) 
Seat 2: ENJOYRJ ($3.85 in chips) 
Seat 3: rfirfibyvb[f ($1.16 in chips) 
Seat 4: Ruslan076 ($0.61 in chips) 
Seat 5: Dorex2007 ($1.48 in chips) 
Seat 6: 07cezar ($1.21 in chips) 
Seat 7: StreetFlowH ($0.59 in chips) 
Seat 8: Gazella01 ($1.12 in chips) 
Seat 9: infiniti888 ($0.77 in chips) 
Ruslan076: posts small blind $0.01
Dorex2007: posts big blind $0.02
*** HOLE CARDS ***
Dealt to Dorex2007 [Ac 4s]
07cezar: folds 
StreetFlowH: folds 
Gazella01: raises $0.02 to $0.04
infiniti888: folds 
switchon: folds 
ENJOYRJ: folds 
rfirfibyvb[f: folds 
Ruslan076: folds 
Dorex2007: folds 
Uncalled bet ($0.02) returned to Gazella01
Gazella01 collected $0.05 from pot
*** SUMMARY ***
Total pot $0.05 | Rake $0 
Seat 1: switchon folded before Flop (didn't bet)
Seat 2: ENJOYRJ folded before Flop (didn't bet)
Seat 3: rfirfibyvb[f (button) folded before Flop (didn't bet)
Seat 4: Ruslan076 (small blind) folded before Flop
Seat 5: Dorex2007 (big blind) folded before Flop
Seat 6: 07cezar folded before Flop (didn't bet)
Seat 7: StreetFlowH folded before Flop (didn't bet)
Seat 8: Gazella01 collected ($0.05)
Seat 9: infiniti888 folded before Flop (didn't bet)



PokerStars Hand #225116560854:  Hold'em No Limit ($0.01/$0.02 USD) - 2021/03/23 13:39:41 PT [2021/03/23 16:39:41 ET]
Table 'Pele III' 9-max Seat #4 is the button
Seat 1: switchon ($2.28 in chips) 
Seat 2: ENJOYRJ ($3.85 in chips) 
Seat 3: rfirfibyvb[f ($1.16 in chips) 
Seat 4: Ruslan076 ($0.60 in chips) 
Seat 5: Dorex2007 ($1.46 in chips) 
Seat 6: 07cezar ($1.21 in chips) 
Seat 7: StreetFlowH ($0.59 in chips) 
Seat 8: Gazella01 ($1.15 in chips) 
Seat 9: infiniti888 ($0.77 in chips) 
Dorex2007: posts small blind $0.01
07cezar: posts big blind $0.02
*** HOLE CARDS ***
Dealt to Dorex2007 [7d Qs]
StreetFlowH: folds 
Gazella01: folds 
infiniti888 has timed out
infiniti888: folds 
switchon: folds 
ENJOYRJ: folds 
rfirfibyvb[f: folds 
Ruslan076: folds 
Dorex2007: folds 
Uncalled bet ($0.01) returned to 07cezar
07cezar collected $0.02 from pot
07cezar: doesn't show hand 
*** SUMMARY ***
Total pot $0.02 | Rake $0 
Seat 1: switchon folded before Flop (didn't bet)
Seat 2: ENJOYRJ folded before Flop (didn't bet)
Seat 3: rfirfibyvb[f folded before Flop (didn't bet)
Seat 4: Ruslan076 (button) folded before Flop (didn't bet)
Seat 5: Dorex2007 (small blind) folded before Flop
Seat 6: 07cezar (big blind) collected ($0.02)
Seat 7: StreetFlowH folded before Flop (didn't bet)
Seat 8: Gazella01 folded before Flop (didn't bet)
Seat 9: infiniti888 folded before Flop (didn't bet)



PokerStars Hand #225116578197:  Hold'em No Limit ($0.01/$0.02 USD) - 2021/03/23 13:40:08 PT [2021/03/23 16:40:08 ET]
Table 'Pele III' 9-max Seat #5 is the button
Seat 1: switchon ($2.28 in chips) 
Seat 2: ENJOYRJ ($3.85 in chips) 
Seat 3: rfirfibyvb[f ($1.16 in chips) 
Seat 4: Ruslan076 ($0.60 in chips) 
Seat 5: Dorex2007 ($1.45 in chips) 
Seat 6: 07cezar ($1.22 in chips) 
Seat 7: StreetFlowH ($0.59 in chips) 
Seat 8: Gazella01 ($1.15 in chips) 
07cezar: posts small blind $0.01
StreetFlowH: posts big blind $0.02
*** HOLE CARDS ***
Dealt to Dorex2007 [2c As]
Gazella01: calls $0.02
switchon: folds 
ENJOYRJ: folds 
rfirfibyvb[f: folds 
Ruslan076: folds 
Dorex2007: folds 
07cezar: calls $0.01
StreetFlowH: checks 
*** FLOP *** [4d 2d 6s]
07cezar: checks 
StreetFlowH: checks 
Gazella01: checks 
*** TURN *** [4d 2d 6s] [6d]
07cezar: checks 
StreetFlowH: checks 
Gazella01: checks 
*** RIVER *** [4d 2d 6s 6d] [5c]
07cezar: checks 
StreetFlowH: bets $0.57 and is all-in
Gazella01: folds 
07cezar: folds 
Uncalled bet ($0.57) returned to StreetFlowH
StreetFlowH collected $0.06 from pot
StreetFlowH: doesn't show hand 
*** SUMMARY ***
Total pot $0.06 | Rake $0 
Board [4d 2d 6s 6d 5c]
Seat 1: switchon folded before Flop (didn't bet)
Seat 2: ENJOYRJ folded before Flop (didn't bet)
Seat 3: rfirfibyvb[f folded before Flop (didn't bet)
Seat 4: Ruslan076 folded before Flop (didn't bet)
Seat 5: Dorex2007 (button) folded before Flop (didn't bet)
Seat 6: 07cezar (small blind) folded on the River
Seat 7: StreetFlowH (big blind) collected ($0.06)
Seat 8: Gazella01 folded on the River



PokerStars Hand #225116628035:  Hold'em No Limit ($0.01/$0.02 USD) - 2021/03/23 13:41:22 PT [2021/03/23 16:41:22 ET]
Table 'Pele III' 9-max Seat #6 is the button
Seat 1: switchon ($2.28 in chips) 
Seat 2: ENJOYRJ ($3.85 in chips) 
Seat 3: rfirfibyvb[f ($1.16 in chips) 
Seat 4: Ruslan076 ($0.60 in chips) 
Seat 5: Dorex2007 ($1.45 in chips) 
Seat 6: 07cezar ($1.20 in chips) 
Seat 7: StreetFlowH ($0.63 in chips) 
Seat 8: Gazella01 ($1.13 in chips) 
StreetFlowH: posts small blind $0.01
Gazella01: posts big blind $0.02
*** HOLE CARDS ***
Dealt to Dorex2007 [6c 8s]
switchon: folds 
ENJOYRJ: folds 
rfirfibyvb[f: folds 
Ruslan076: calls $0.02
Dorex2007: folds 
07cezar: folds 
StreetFlowH: calls $0.01
Gazella01: checks 
*** FLOP *** [9c Kd 3c]
StreetFlowH: bets $0.06
Gazella01: calls $0.06
Ruslan076: calls $0.06
*** TURN *** [9c Kd 3c] [9d]
StreetFlowH: bets $0.55 and is all-in
Gazella01: calls $0.55
Ruslan076: calls $0.52 and is all-in
*** RIVER *** [9c Kd 3c 9d] [6d]
*** SHOW DOWN ***
StreetFlowH: shows [Kh 7c] (two pair, Kings and Nines)
Gazella01: shows [9s Th] (three of a kind, Nines)
Gazella01 collected $0.05 from side pot
Ruslan076: shows [Kc Ac] (two pair, Kings and Nines)
Gazella01 collected $1.74 from main pot
Ruslan076 cashed out the hand for $0.31
StreetFlowH cashed out the hand for $0.04
*** SUMMARY ***
Total pot $1.86 Main pot $1.74. Side pot $0.05. | Rake $0.07 
Board [9c Kd 3c 9d 6d]
Seat 1: switchon folded before Flop (didn't bet)
Seat 2: ENJOYRJ folded before Flop (didn't bet)
Seat 3: rfirfibyvb[f folded before Flop (didn't bet)
Seat 4: Ruslan076 showed [Kc Ac] and lost with two pair, Kings and Nines (cashed out).
Seat 5: Dorex2007 folded before Flop (didn't bet)
Seat 6: 07cezar (button) folded before Flop (didn't bet)
Seat 7: StreetFlowH (small blind) showed [Kh 7c] and lost with two pair, Kings and Nines (cashed out).
Seat 8: Gazella01 (big blind) showed [9s Th] and won ($1.79) with three of a kind, Nines



PokerStars Hand #225116679794:  Hold'em No Limit ($0.01/$0.02 USD) - 2021/03/23 13:42:43 PT [2021/03/23 16:42:43 ET]
Table 'Pele III' 9-max Seat #7 is the button
Seat 1: switchon ($2.28 in chips) 
Seat 2: ENJOYRJ ($3.85 in chips) 
Seat 3: rfirfibyvb[f ($1.16 in chips) 
Seat 4: Ruslan076 ($0.31 in chips) 
Seat 5: Dorex2007 ($1.45 in chips) 
Seat 6: 07cezar ($1.20 in chips) 
Seat 7: StreetFlowH ($0.04 in chips) 
Seat 8: Gazella01 ($2.29 in chips) 
Seat 9: infiniti888 ($0.77 in chips) 
Gazella01: posts small blind $0.01
infiniti888: posts big blind $0.02
*** HOLE CARDS ***
Dealt to Dorex2007 [Kc 3h]
switchon: folds 
ENJOYRJ: folds 
rfirfibyvb[f: folds 
Ruslan076: calls $0.02
Dorex2007: folds 
07cezar: calls $0.02
StreetFlowH: raises $0.02 to $0.04 and is all-in
Gazella01: calls $0.03
infiniti888: calls $0.02
Ruslan076: calls $0.02
07cezar: calls $0.02
*** FLOP *** [2h 7c Ks]
Gazella01: checks 
infiniti888: bets $0.10
Ruslan076: folds 
07cezar: folds 
Gazella01: folds 
Uncalled bet ($0.10) returned to infiniti888
*** TURN *** [2h 7c Ks] [4d]
*** RIVER *** [2h 7c Ks 4d] [Td]
*** SHOW DOWN ***
infiniti888: shows [Qh Kd] (a pair of Kings)
StreetFlowH: shows [7s 4c] (two pair, Sevens and Fours)
StreetFlowH collected $0.19 from pot
*** SUMMARY ***
Total pot $0.20 | Rake $0.01 
Board [2h 7c Ks 4d Td]
Seat 1: switchon folded before Flop (didn't bet)
Seat 2: ENJOYRJ folded before Flop (didn't bet)
Seat 3: rfirfibyvb[f folded before Flop (didn't bet)
Seat 4: Ruslan076 folded on the Flop
Seat 5: Dorex2007 folded before Flop (didn't bet)
Seat 6: 07cezar folded on the Flop
Seat 7: StreetFlowH (button) showed [7s 4c] and won ($0.19) with two pair, Sevens and Fours
Seat 8: Gazella01 (small blind) folded on the Flop
Seat 9: infiniti888 (big blind) showed [Qh Kd] and lost with a pair of Kings



PokerStars Hand #225116718695:  Hold'em No Limit ($0.01/$0.02 USD) - 2021/03/23 13:43:44 PT [2021/03/23 16:43:44 ET]
Table 'Pele III' 9-max Seat #8 is the button
Seat 1: switchon ($2.28 in chips) 
Seat 2: ENJOYRJ ($3.85 in chips) 
Seat 3: rfirfibyvb[f ($1.16 in chips) 
Seat 4: Ruslan076 ($0.27 in chips) 
Seat 5: Dorex2007 ($1.45 in chips) 
Seat 6: 07cezar ($1.16 in chips) 
Seat 7: StreetFlowH ($0.19 in chips) 
Seat 8: Gazella01 ($2.25 in chips) 
Seat 9: infiniti888 ($0.73 in chips) 
infiniti888: posts small blind $0.01
switchon: posts big blind $0.02
*** HOLE CARDS ***
Dealt to Dorex2007 [8c 6s]
ENJOYRJ: folds 
rfirfibyvb[f: folds 
Ruslan076: folds 
Dorex2007: folds 
07cezar: calls $0.02
StreetFlowH: folds 
Gazella01: calls $0.02
infiniti888: folds 
switchon: checks 
*** FLOP *** [Js Td 7h]
switchon: checks 
07cezar: checks 
Gazella01: bets $0.02
switchon: folds 
07cezar: calls $0.02
*** TURN *** [Js Td 7h] [7d]
07cezar: checks 
Gazella01: checks 
*** RIVER *** [Js Td 7h 7d] [Jd]
07cezar: checks 
Gazella01: checks 
*** SHOW DOWN ***
07cezar: shows [2s As] (two pair, Jacks and Sevens)
Gazella01: mucks hand 
07cezar collected $0.11 from pot
*** SUMMARY ***
Total pot $0.11 | Rake $0 
Board [Js Td 7h 7d Jd]
Seat 1: switchon (big blind) folded on the Flop
Seat 2: ENJOYRJ folded before Flop (didn't bet)
Seat 3: rfirfibyvb[f folded before Flop (didn't bet)
Seat 4: Ruslan076 folded before Flop (didn't bet)
Seat 5: Dorex2007 folded before Flop (didn't bet)
Seat 6: 07cezar showed [2s As] and won ($0.11) with two pair, Jacks and Sevens
Seat 7: StreetFlowH folded before Flop (didn't bet)
Seat 8: Gazella01 (button) mucked [Kh 8d]
Seat 9: infiniti888 (small blind) folded before Flop



PokerStars Hand #225116765270:  Hold'em No Limit ($0.01/$0.02 USD) - 2021/03/23 13:44:57 PT [2021/03/23 16:44:57 ET]
Table 'Pele III' 9-max Seat #9 is the button
Seat 1: switchon ($2.26 in chips) 
Seat 2: ENJOYRJ ($3.85 in chips) 
Seat 3: rfirfibyvb[f ($1.16 in chips) 
Seat 4: Ruslan076 ($0.27 in chips) 
Seat 5: Dorex2007 ($1.45 in chips) 
Seat 6: 07cezar ($1.23 in chips) 
Seat 7: StreetFlowH ($0.19 in chips) 
Seat 8: Gazella01 ($2.21 in chips) 
Seat 9: infiniti888 ($0.72 in chips) 
switchon: posts small blind $0.01
ENJOYRJ: posts big blind $0.02
*** HOLE CARDS ***
Dealt to Dorex2007 [2s 9c]
rfirfibyvb[f: folds 
Ruslan076: calls $0.02
Dorex2007: folds 
07cezar: calls $0.02
StreetFlowH: raises $0.17 to $0.19 and is all-in
Gazella01: folds 
infiniti888: calls $0.19
switchon: folds 
ENJOYRJ: folds 
Ruslan076: folds 
07cezar: folds 
*** FLOP *** [Jh 4h Ts]
*** TURN *** [Jh 4h Ts] [Ac]
*** RIVER *** [Jh 4h Ts Ac] [Jc]
*** SHOW DOWN ***
StreetFlowH: shows [6s 8h] (a pair of Jacks)
infiniti888: shows [3c 3d] (two pair, Jacks and Threes)
infiniti888 collected $0.43 from pot
*** SUMMARY ***
Total pot $0.45 | Rake $0.02 
Board [Jh 4h Ts Ac Jc]
Seat 1: switchon (small blind) folded before Flop
Seat 2: ENJOYRJ (big blind) folded before Flop
Seat 3: rfirfibyvb[f folded before Flop (didn't bet)
Seat 4: Ruslan076 folded before Flop
Seat 5: Dorex2007 folded before Flop (didn't bet)
Seat 6: 07cezar folded before Flop
Seat 7: StreetFlowH showed [6s 8h] and lost with a pair of Jacks
Seat 8: Gazella01 folded before Flop (didn't bet)
Seat 9: infiniti888 (button) showed [3c 3d] and won ($0.43) with two pair, Jacks and Threes



PokerStars Hand #225116795116:  Hold'em No Limit ($0.01/$0.02 USD) - 2021/03/23 13:45:42 PT [2021/03/23 16:45:42 ET]
Table 'Pele III' 9-max Seat #1 is the button
Seat 1: switchon ($2.25 in chips) 
Seat 2: ENJOYRJ ($3.83 in chips) 
Seat 3: rfirfibyvb[f ($1.16 in chips) 
Seat 4: Ruslan076 ($0.25 in chips) 
Seat 5: Dorex2007 ($1.45 in chips) 
Seat 6: 07cezar ($1.21 in chips) 
Seat 8: Gazella01 ($2.21 in chips) 
Seat 9: infiniti888 ($0.96 in chips) 
ENJOYRJ: posts small blind $0.01
rfirfibyvb[f: posts big blind $0.02
*** HOLE CARDS ***
Dealt to Dorex2007 [6d Td]
Ruslan076: calls $0.02
Dorex2007: folds 
07cezar: folds 
Gazella01: raises $0.02 to $0.04
infiniti888: folds 
switchon: folds 
ENJOYRJ: folds 
rfirfibyvb[f: raises $0.14 to $0.18
Ruslan076: calls $0.16
Gazella01: raises $0.22 to $0.40
rfirfibyvb[f: raises $0.76 to $1.16 and is all-in
Ruslan076: calls $0.07 and is all-in
Gazella01: calls $0.76
*** FLOP *** [Ac 9h 8d]
*** TURN *** [Ac 9h 8d] [Js]
*** RIVER *** [Ac 9h 8d Js] [7h]
*** SHOW DOWN ***
rfirfibyvb[f: shows [Ks Kd] (a pair of Kings)
Gazella01: shows [Ad Kc] (a pair of Aces)
Gazella01 collected $1.76 from side pot
Ruslan076: shows [Tc Ah] (a straight, Seven to Jack)
Ruslan076 cashed out the hand for $0.08
*** SUMMARY ***
Total pot $2.58 Main pot $0.73. Side pot $1.76. | Rake $0.09 
Board [Ac 9h 8d Js 7h]
Seat 1: switchon (button) folded before Flop (didn't bet)
Seat 2: ENJOYRJ (small blind) folded before Flop
Seat 3: rfirfibyvb[f (big blind) showed [Ks Kd] and lost with a pair of Kings
Seat 4: Ruslan076 showed [Tc Ah] and won ($0.73) with a straight, Seven to Jack (pot not awarded as player cashed out)
Seat 5: Dorex2007 folded before Flop (didn't bet)
Seat 6: 07cezar folded before Flop (didn't bet)
Seat 8: Gazella01 showed [Ad Kc] and won ($1.76) with a pair of Aces
Seat 9: infiniti888 folded before Flop (didn't bet)



PokerStars Hand #225116826912:  Hold'em No Limit ($0.01/$0.02 USD) - 2021/03/23 13:46:30 PT [2021/03/23 16:46:30 ET]
Table 'Pele III' 9-max Seat #2 is the button
Seat 1: switchon ($2.25 in chips) 
Seat 2: ENJOYRJ ($3.82 in chips) 
Seat 4: Ruslan076 ($0.08 in chips) 
Seat 5: Dorex2007 ($1.45 in chips) 
Seat 6: 07cezar ($1.21 in chips) 
Seat 7: StreetFlowH ($0.80 in chips) 
Seat 8: Gazella01 ($2.81 in chips) 
Seat 9: infiniti888 ($0.96 in chips) 
Ruslan076: posts small blind $0.01
Dorex2007: posts big blind $0.02
*** HOLE CARDS ***
Dealt to Dorex2007 [Js 3d]
07cezar: folds 
StreetFlowH: calls $0.02
Gazella01: calls $0.02
rfirfibyvb[f leaves the table
infiniti888: folds 
switchon: folds 
ENJOYRJ: folds 
Ruslan076: raises $0.06 to $0.08 and is all-in
Dorex2007: folds 
StreetFlowH: calls $0.06
Gazella01: calls $0.06
*** FLOP *** [Kc Qc 9s]
StreetFlowH: bets $0.13
Gazella01: folds 
Uncalled bet ($0.13) returned to StreetFlowH
igor6316 joins the table at seat #3 
*** TURN *** [Kc Qc 9s] [5h]
*** RIVER *** [Kc Qc 9s 5h] [Jd]
*** SHOW DOWN ***
Ruslan076: shows [3h 3c] (a pair of Threes)
StreetFlowH: shows [Td Kh] (a straight, Nine to King)
StreetFlowH collected $0.25 from pot
Ruslan076 cashed out the hand for $0.04
*** SUMMARY ***
Total pot $0.26 | Rake $0.01 
Board [Kc Qc 9s 5h Jd]
Seat 1: switchon folded before Flop (didn't bet)
Seat 2: ENJOYRJ (button) folded before Flop (didn't bet)
Seat 4: Ruslan076 (small blind) showed [3h 3c] and lost with a pair of Threes (cashed out).
Seat 5: Dorex2007 (big blind) folded before Flop
Seat 6: 07cezar folded before Flop (didn't bet)
Seat 7: StreetFlowH showed [Td Kh] and won ($0.25) with a straight, Nine to King
Seat 8: Gazella01 folded on the Flop
Seat 9: infiniti888 folded before Flop (didn't bet)



PokerStars Hand #225116862135:  Hold'em No Limit ($0.01/$0.02 USD) - 2021/03/23 13:47:24 PT [2021/03/23 16:47:24 ET]
Table 'Pele III' 9-max Seat #4 is the button
Seat 1: switchon ($2.25 in chips) 
Seat 2: ENJOYRJ ($3.82 in chips) 
Seat 4: Ruslan076 ($0.04 in chips) 
Seat 5: Dorex2007 ($1.43 in chips) 
Seat 6: 07cezar ($1.21 in chips) 
Seat 7: StreetFlowH ($0.97 in chips) 
Seat 8: Gazella01 ($2.73 in chips) 
Seat 9: infiniti888 ($0.96 in chips) 
Dorex2007: posts small blind $0.01
07cezar: posts big blind $0.02
igor6316: sits out 
*** HOLE CARDS ***
Dealt to Dorex2007 [9h 5d]
StreetFlowH: folds 
Gazella01: folds 
infiniti888: folds 
switchon: folds 
ENJOYRJ: folds 
Ruslan076: folds 
Dorex2007: folds 
Uncalled bet ($0.01) returned to 07cezar
07cezar collected $0.02 from pot
07cezar: doesn't show hand 
*** SUMMARY ***
Total pot $0.02 | Rake $0 
Seat 1: switchon folded before Flop (didn't bet)
Seat 2: ENJOYRJ folded before Flop (didn't bet)
Seat 4: Ruslan076 (button) folded before Flop (didn't bet)
Seat 5: Dorex2007 (small blind) folded before Flop
Seat 6: 07cezar (big blind) collected ($0.02)
Seat 7: StreetFlowH folded before Flop (didn't bet)
Seat 8: Gazella01 folded before Flop (didn't bet)
Seat 9: infiniti888 folded before Flop (didn't bet)



PokerStars Hand #225116876182:  Hold'em No Limit ($0.01/$0.02 USD) - 2021/03/23 13:47:46 PT [2021/03/23 16:47:46 ET]
Table 'Pele III' 9-max Seat #5 is the button
Seat 1: switchon ($2.25 in chips) 
Seat 2: ENJOYRJ ($3.82 in chips) 
Seat 4: Ruslan076 ($0.04 in chips) 
Seat 5: Dorex2007 ($1.42 in chips) 
Seat 6: 07cezar ($1.22 in chips) 
Seat 7: StreetFlowH ($0.97 in chips) 
Seat 8: Gazella01 ($2.73 in chips) 
Seat 9: infiniti888 ($0.96 in chips) 
07cezar: posts small blind $0.01
StreetFlowH: posts big blind $0.02
igor6316: sits out 
*** HOLE CARDS ***
Dealt to Dorex2007 [4c Kd]
Gazella01: raises $0.02 to $0.04
infiniti888: folds 
switchon: folds 
ENJOYRJ: folds 
Ruslan076: calls $0.04 and is all-in
Dorex2007: folds 
07cezar: folds 
StreetFlowH: calls $0.02
*** FLOP *** [9s 7h 9d]
StreetFlowH: checks 
Gazella01: checks 
*** TURN *** [9s 7h 9d] [Jd]
StreetFlowH: checks 
Gazella01: checks 
*** RIVER *** [9s 7h 9d Jd] [5h]
StreetFlowH: checks 
Gazella01: checks 
*** SHOW DOWN ***
StreetFlowH: shows [3d Js] (two pair, Jacks and Nines)
Gazella01: mucks hand 
Ruslan076: mucks hand 
StreetFlowH collected $0.13 from pot
*** SUMMARY ***
Total pot $0.13 | Rake $0 
Board [9s 7h 9d Jd 5h]
Seat 1: switchon folded before Flop (didn't bet)
Seat 2: ENJOYRJ folded before Flop (didn't bet)
Seat 4: Ruslan076 mucked [Qc 3c]
Seat 5: Dorex2007 (button) folded before Flop (didn't bet)
Seat 6: 07cezar (small blind) folded before Flop
Seat 7: StreetFlowH (big blind) showed [3d Js] and won ($0.13) with two pair, Jacks and Nines
Seat 8: Gazella01 mucked [6s As]
Seat 9: infiniti888 folded before Flop (didn't bet)



PokerStars Hand #225116910113:  Hold'em No Limit ($0.01/$0.02 USD) - 2021/03/23 13:48:38 PT [2021/03/23 16:48:38 ET]
Table 'Pele III' 9-max Seat #6 is the button
Seat 1: switchon ($2.25 in chips) 
Seat 2: ENJOYRJ ($3.82 in chips) 
Seat 5: Dorex2007 ($1.42 in chips) 
Seat 6: 07cezar ($1.21 in chips) 
Seat 7: StreetFlowH ($1.06 in chips) 
Seat 8: Gazella01 ($2.69 in chips) 
Seat 9: infiniti888 ($0.96 in chips) 
StreetFlowH: posts small blind $0.01
Gazella01: posts big blind $0.02
igor6316: sits out 
*** HOLE CARDS ***
Dealt to Dorex2007 [Th Qc]
infiniti888: folds 
switchon: folds 
ENJOYRJ: raises $0.04 to $0.06
Dorex2007: folds 
07cezar: folds 
StreetFlowH: calls $0.05
Gazella01: folds 
*** FLOP *** [Qh 7s 2s]
StreetFlowH: checks 
ENJOYRJ: bets $0.05
StreetFlowH: folds 
Uncalled bet ($0.05) returned to ENJOYRJ
ENJOYRJ collected $0.14 from pot
ENJOYRJ: doesn't show hand 
*** SUMMARY ***
Total pot $0.14 | Rake $0 
Board [Qh 7s 2s]
Seat 1: switchon folded before Flop (didn't bet)
Seat 2: ENJOYRJ collected ($0.14)
Seat 5: Dorex2007 folded before Flop (didn't bet)
Seat 6: 07cezar (button) folded before Flop (didn't bet)
Seat 7: StreetFlowH (small blind) folded on the Flop
Seat 8: Gazella01 (big blind) folded before Flop
Seat 9: infiniti888 folded before Flop (didn't bet)



PokerStars Hand #225116931447:  Hold'em No Limit ($0.01/$0.02 USD) - 2021/03/23 13:49:10 PT [2021/03/23 16:49:10 ET]
Table 'Pele III' 9-max Seat #7 is the button
Seat 1: switchon ($2.25 in chips) 
Seat 2: ENJOYRJ ($3.90 in chips) 
Seat 5: Dorex2007 ($1.42 in chips) 
Seat 6: 07cezar ($1.21 in chips) 
Seat 7: StreetFlowH ($1 in chips) 
Seat 8: Gazella01 ($2.67 in chips) 
Seat 9: infiniti888 ($0.96 in chips) 
Gazella01: posts small blind $0.01
infiniti888: posts big blind $0.02
igor6316: sits out 
*** HOLE CARDS ***
Dealt to Dorex2007 [2s 9d]
switchon: folds 
switchon leaves the table
ENJOYRJ: raises $0.04 to $0.06
Dorex2007: folds 
Ruslan076 leaves the table
07cezar: folds 
StreetFlowH: raises $0.04 to $0.10
Gazella01: folds 
infiniti888: calls $0.08
ENJOYRJ: folds 
*** FLOP *** [9h 3s Js]
infiniti888: checks 
StreetFlowH: bets $0.90 and is all-in
infiniti888: calls $0.86 and is all-in
Uncalled bet ($0.04) returned to StreetFlowH
*** TURN *** [9h 3s Js] [Ks]
*** RIVER *** [9h 3s Js Ks] [3c]
*** SHOW DOWN ***
infiniti888: shows [Th 8h] (a pair of Threes)
StreetFlowH: shows [Kh Kd] (a full house, Kings full of Threes)
StreetFlowH collected $1.92 from pot
*** SUMMARY ***
Total pot $1.99 | Rake $0.07 
Board [9h 3s Js Ks 3c]
Seat 1: switchon folded before Flop (didn't bet)
Seat 2: ENJOYRJ folded before Flop
Seat 5: Dorex2007 folded before Flop (didn't bet)
Seat 6: 07cezar folded before Flop (didn't bet)
Seat 7: StreetFlowH (button) showed [Kh Kd] and won ($1.92) with a full house, Kings full of Threes
Seat 8: Gazella01 (small blind) folded before Flop
Seat 9: infiniti888 (big blind) showed [Th 8h] and lost with a pair of Threes



PokerStars Hand #225116969529:  Hold'em No Limit ($0.01/$0.02 USD) - 2021/03/23 13:49:54 PT [2021/03/23 16:49:54 ET]
Table 'Pele III' 9-max Seat #8 is the button
Seat 2: ENJOYRJ ($3.84 in chips) 
Seat 3: igor6316 ($0.80 in chips) 
Seat 5: Dorex2007 ($1.42 in chips) 
Seat 6: 07cezar ($1.21 in chips) 
Seat 7: StreetFlowH ($1.96 in chips) 
Seat 8: Gazella01 ($2.66 in chips) 
ENJOYRJ: posts small blind $0.01
igor6316: posts big blind $0.02
*** HOLE CARDS ***
Dealt to Dorex2007 [6h Ks]
Dorex2007: folds 
07cezar: folds 
StreetFlowH: calls $0.02
Gazella01: raises $0.06 to $0.08
77ChrisR.77 joins the table at seat #1 
ENJOYRJ: folds 
AnimusJocandi joins the table at seat #4 
igor6316: folds 
StreetFlowH: calls $0.06
*** FLOP *** [Qs Ac 2c]
StreetFlowH: bets $0.09
Gazella01: calls $0.09
*** TURN *** [Qs Ac 2c] [Qd]
StreetFlowH: bets $0.18
Gazella01: folds [Ah]
Uncalled bet ($0.18) returned to StreetFlowH
StreetFlowH collected $0.36 from pot
StreetFlowH: doesn't show hand 
*** SUMMARY ***
Total pot $0.37 | Rake $0.01 
Board [Qs Ac 2c Qd]
Seat 2: ENJOYRJ (small blind) folded before Flop
Seat 3: igor6316 (big blind) folded before Flop
Seat 5: Dorex2007 folded before Flop (didn't bet)
Seat 6: 07cezar folded before Flop (didn't bet)
Seat 7: StreetFlowH collected ($0.36)
Seat 8: Gazella01 (button) folded on the Turn



PokerStars Hand #225117007229:  Hold'em No Limit ($0.01/$0.02 USD) - 2021/03/23 13:50:52 PT [2021/03/23 16:50:52 ET]
Table 'Pele III' 9-max Seat #2 is the button
Seat 2: ENJOYRJ ($3.83 in chips) 
Seat 3: igor6316 ($0.78 in chips) 
Seat 4: AnimusJocandi ($2 in chips) 
Seat 5: Dorex2007 ($1.42 in chips) 
Seat 6: 07cezar ($1.21 in chips) 
Seat 7: StreetFlowH ($2.15 in chips) 
Seat 8: Gazella01 ($2.49 in chips) 
Seat 9: infiniti888 ($0.80 in chips) 
igor6316: posts small blind $0.01
AnimusJocandi: posts big blind $0.02
infiniti888: posts small blind $0.01
77ChrisR.77: sits out 
*** HOLE CARDS ***
Dealt to Dorex2007 [4c Td]
Dorex2007: folds 
07cezar: folds 
StreetFlowH: folds 
Gazella01: raises $0.04 to $0.06
infiniti888: folds 
ENJOYRJ: folds 
igor6316: folds 
AnimusJocandi: folds 
Uncalled bet ($0.04) returned to Gazella01
Gazella01 collected $0.06 from pot
*** SUMMARY ***
Total pot $0.06 | Rake $0 
Seat 2: ENJOYRJ (button) folded before Flop (didn't bet)
Seat 3: igor6316 (small blind) folded before Flop
Seat 4: AnimusJocandi (big blind) folded before Flop
Seat 5: Dorex2007 folded before Flop (didn't bet)
Seat 6: 07cezar folded before Flop (didn't bet)
Seat 7: StreetFlowH folded before Flop (didn't bet)
Seat 8: Gazella01 collected ($0.06)
Seat 9: infiniti888 folded before Flop (didn't bet)



PokerStars Hand #225117019974:  Hold'em No Limit ($0.01/$0.02 USD) - 2021/03/23 13:51:11 PT [2021/03/23 16:51:11 ET]
Table 'Pele III' 9-max Seat #3 is the button
Seat 1: 77ChrisR.77 ($1.60 in chips) 
Seat 2: ENJOYRJ ($3.83 in chips) 
Seat 3: igor6316 ($0.77 in chips) 
Seat 4: AnimusJocandi ($1.98 in chips) 
Seat 5: Dorex2007 ($1.42 in chips) 
Seat 6: 07cezar ($1.21 in chips) 
Seat 7: StreetFlowH ($2.15 in chips) 
Seat 8: Gazella01 ($2.53 in chips) 
Seat 9: infiniti888 ($0.79 in chips) 
AnimusJocandi: posts small blind $0.01
Dorex2007: posts big blind $0.02
77ChrisR.77: posts big blind $0.02
*** HOLE CARDS ***
Dealt to Dorex2007 [9s 9c]
07cezar: folds 
StreetFlowH: calls $0.02
Gazella01: folds 
infiniti888: folds 
77ChrisR.77: checks 
ENJOYRJ: folds 
igor6316: folds 
AnimusJocandi: calls $0.01
Dorex2007: checks 
*** FLOP *** [Jh Ah 3c]
AnimusJocandi: checks 
Dorex2007: checks 
StreetFlowH: checks 
77ChrisR.77: checks 
*** TURN *** [Jh Ah 3c] [3s]
AnimusJocandi: checks 
Dorex2007: checks 
StreetFlowH: bets $0.02
77ChrisR.77: folds 
AnimusJocandi: folds 
Dorex2007: calls $0.02
*** RIVER *** [Jh Ah 3c 3s] [2s]
Dorex2007: checks 
StreetFlowH: bets $0.12
Dorex2007: folds 
Uncalled bet ($0.12) returned to StreetFlowH
StreetFlowH collected $0.12 from pot
*** SUMMARY ***
Total pot $0.12 | Rake $0 
Board [Jh Ah 3c 3s 2s]
Seat 1: 77ChrisR.77 folded on the Turn (didn't bet)
Seat 2: ENJOYRJ folded before Flop (didn't bet)
Seat 3: igor6316 (button) folded before Flop (didn't bet)
Seat 4: AnimusJocandi (small blind) folded on the Turn
Seat 5: Dorex2007 (big blind) folded on the River
Seat 6: 07cezar folded before Flop (didn't bet)
Seat 7: StreetFlowH collected ($0.12)
Seat 8: Gazella01 folded before Flop (didn't bet)
Seat 9: infiniti888 folded before Flop (didn't bet)



PokerStars Hand #225117056177:  Hold'em No Limit ($0.01/$0.02 USD) - 2021/03/23 13:52:07 PT [2021/03/23 16:52:07 ET]
Table 'Pele III' 9-max Seat #4 is the button
Seat 1: 77ChrisR.77 ($1.58 in chips) 
Seat 2: ENJOYRJ ($3.83 in chips) 
Seat 3: igor6316 ($0.77 in chips) 
Seat 4: AnimusJocandi ($1.96 in chips) 
Seat 5: Dorex2007 ($1.38 in chips) 
Seat 6: 07cezar ($1.21 in chips) 
Seat 7: StreetFlowH ($2.23 in chips) 
Seat 8: Gazella01 ($2.53 in chips) 
Seat 9: infiniti888 ($0.79 in chips) 
Dorex2007: posts small blind $0.01
07cezar: posts big blind $0.02
*** HOLE CARDS ***
Dealt to Dorex2007 [7c 9h]
StreetFlowH: calls $0.02
Gazella01: folds 
infiniti888: calls $0.02
77ChrisR.77: calls $0.02
ENJOYRJ: calls $0.02
igor6316: folds 
AnimusJocandi: calls $0.02
Dorex2007: calls $0.01
07cezar: checks 
*** FLOP *** [Tc 9d Ks]
Dorex2007: checks 
07cezar: checks 
StreetFlowH: bets $0.07
infiniti888: calls $0.07
77ChrisR.77: calls $0.07
ENJOYRJ: calls $0.07
AnimusJocandi: calls $0.07
Dorex2007: folds 
07cezar: folds 
*** TURN *** [Tc 9d Ks] [9s]
StreetFlowH: checks 
infiniti888: checks 
77ChrisR.77: bets $0.14
ENJOYRJ: calls $0.14
AnimusJocandi: calls $0.14
StreetFlowH: folds 
infiniti888: folds 
*** RIVER *** [Tc 9d Ks 9s] [5c]
77ChrisR.77: checks 
ENJOYRJ: bets $0.22
AnimusJocandi: calls $0.22
77ChrisR.77: calls $0.22
*** SHOW DOWN ***
ENJOYRJ: shows [Js Qc] (a straight, Nine to King)
AnimusJocandi: mucks hand 
77ChrisR.77: mucks hand 
ENJOYRJ collected $1.52 from pot
*** SUMMARY ***
Total pot $1.57 | Rake $0.05 
Board [Tc 9d Ks 9s 5c]
Seat 1: 77ChrisR.77 mucked [Jd Th]
Seat 2: ENJOYRJ showed [Js Qc] and won ($1.52) with a straight, Nine to King
Seat 3: igor6316 folded before Flop (didn't bet)
Seat 4: AnimusJocandi (button) mucked [Qh Kc]
Seat 5: Dorex2007 (small blind) folded on the Flop
Seat 6: 07cezar (big blind) folded on the Flop
Seat 7: StreetFlowH folded on the Turn
Seat 8: Gazella01 folded before Flop (didn't bet)
Seat 9: infiniti888 folded on the Turn



PokerStars Hand #225117124149:  Hold'em No Limit ($0.01/$0.02 USD) - 2021/03/23 13:53:52 PT [2021/03/23 16:53:52 ET]
Table 'Pele III' 9-max Seat #5 is the button
Seat 1: 77ChrisR.77 ($1.13 in chips) 
Seat 2: ENJOYRJ ($4.90 in chips) 
Seat 3: igor6316 ($0.77 in chips) 
Seat 4: AnimusJocandi ($1.51 in chips) 
Seat 5: Dorex2007 ($1.36 in chips) 
Seat 6: 07cezar ($1.19 in chips) 
Seat 7: StreetFlowH ($2.14 in chips) 
Seat 8: Gazella01 ($2.53 in chips) 
Seat 9: infiniti888 ($0.70 in chips) 
07cezar: posts small blind $0.01
StreetFlowH: posts big blind $0.02
*** HOLE CARDS ***
Dealt to Dorex2007 [Td 3s]
Gazella01: raises $0.02 to $0.04
infiniti888: folds 
77ChrisR.77: folds 
ENJOYRJ: folds 
igor6316: folds 
AnimusJocandi: folds 
Dorex2007: folds 
07cezar: folds 
StreetFlowH: calls $0.02
*** FLOP *** [Ks 8s 5d]
StreetFlowH: checks 
Gazella01: bets $0.02
StreetFlowH: calls $0.02
*** TURN *** [Ks 8s 5d] [9d]
StreetFlowH: checks 
Gazella01: bets $0.02
StreetFlowH: calls $0.02
*** RIVER *** [Ks 8s 5d 9d] [5c]
StreetFlowH: bets $0.16
Gazella01: folds 
Uncalled bet ($0.16) returned to StreetFlowH
StreetFlowH collected $0.16 from pot
*** SUMMARY ***
Total pot $0.17 | Rake $0.01 
Board [Ks 8s 5d 9d 5c]
Seat 1: 77ChrisR.77 folded before Flop (didn't bet)
Seat 2: ENJOYRJ folded before Flop (didn't bet)
Seat 3: igor6316 folded before Flop (didn't bet)
Seat 4: AnimusJocandi folded before Flop (didn't bet)
Seat 5: Dorex2007 (button) folded before Flop (didn't bet)
Seat 6: 07cezar (small blind) folded before Flop
Seat 7: StreetFlowH (big blind) collected ($0.16)
Seat 8: Gazella01 folded on the River
Seat 9: infiniti888 folded before Flop (didn't bet)



PokerStars Hand #225117162071:  Hold'em No Limit ($0.01/$0.02 USD) - 2021/03/23 13:54:47 PT [2021/03/23 16:54:47 ET]
Table 'Pele III' 9-max Seat #6 is the button
Seat 1: 77ChrisR.77 ($1.13 in chips) 
Seat 2: ENJOYRJ ($4.90 in chips) 
Seat 3: igor6316 ($0.77 in chips) 
Seat 4: AnimusJocandi ($1.51 in chips) 
Seat 5: Dorex2007 ($1.36 in chips) 
Seat 6: 07cezar ($1.18 in chips) 
Seat 7: StreetFlowH ($2.22 in chips) 
Seat 8: Gazella01 ($2.45 in chips) 
Seat 9: infiniti888 ($0.70 in chips) 
StreetFlowH: posts small blind $0.01
Gazella01: posts big blind $0.02
*** HOLE CARDS ***
Dealt to Dorex2007 [7d Jd]
infiniti888: folds 
77ChrisR.77: folds 
infiniti888 leaves the table
ENJOYRJ: folds 
igor6316: raises $0.02 to $0.04
AnimusJocandi: calls $0.04
Dorex2007: folds 
07cezar: folds 
StreetFlowH: folds 
Gazella01: raises $0.08 to $0.12
igor6316: folds 
AnimusJocandi: folds 
Uncalled bet ($0.08) returned to Gazella01
StreetFlowH leaves the table
Gazella01 collected $0.13 from pot
Radrigo880 joins the table at seat #9 
*** SUMMARY ***
Total pot $0.13 | Rake $0 
Seat 1: 77ChrisR.77 folded before Flop (didn't bet)
Seat 2: ENJOYRJ folded before Flop (didn't bet)
Seat 3: igor6316 folded before Flop
Seat 4: AnimusJocandi folded before Flop
Seat 5: Dorex2007 folded before Flop (didn't bet)
Seat 6: 07cezar (button) folded before Flop (didn't bet)
Seat 7: StreetFlowH (small blind) folded before Flop
Seat 8: Gazella01 (big blind) collected ($0.13)
Seat 9: infiniti888 folded before Flop (didn't bet)



PokerStars Hand #225117180832:  Hold'em No Limit ($0.01/$0.02 USD) - 2021/03/23 13:55:21 PT [2021/03/23 16:55:21 ET]
Table 'Pele III' 9-max Seat #8 is the button
Seat 1: 77ChrisR.77 ($1.13 in chips) 
Seat 2: ENJOYRJ ($4.90 in chips) 
Seat 3: igor6316 ($0.73 in chips) 
Seat 4: AnimusJocandi ($1.47 in chips) 
Seat 5: Dorex2007 ($1.36 in chips) 
Seat 6: 07cezar ($1.18 in chips) 
Seat 8: Gazella01 ($2.54 in chips) 
77ChrisR.77: posts small blind $0.01
ENJOYRJ: posts big blind $0.02
*** HOLE CARDS ***
Dealt to Dorex2007 [3c 2c]
igor6316: folds 
AnimusJocandi: folds 
Dorex2007: folds 
Mr.€legant joins the table at seat #7 
07cezar: calls $0.02
Gazella01: calls $0.02
77ChrisR.77: calls $0.01
ENJOYRJ: checks 
*** FLOP *** [4h Ks 2s]
77ChrisR.77: checks 
AnimusJocandi leaves the table
ENJOYRJ: checks 
07cezar: checks 
PlayerNRoy joins the table at seat #4 
Gazella01: checks 
*** TURN *** [4h Ks 2s] [5s]
77ChrisR.77: checks 
ENJOYRJ: checks 
07cezar: checks 
Gazella01: checks 
*** RIVER *** [4h Ks 2s 5s] [6d]
77ChrisR.77: bets $0.02
ENJOYRJ: raises $0.04 to $0.06
07cezar: folds 
Gazella01: folds 
77ChrisR.77: folds 
Uncalled bet ($0.04) returned to ENJOYRJ
ENJOYRJ collected $0.12 from pot
ENJOYRJ: doesn't show hand 
*** SUMMARY ***
Total pot $0.12 | Rake $0 
Board [4h Ks 2s 5s 6d]
Seat 1: 77ChrisR.77 (small blind) folded on the River
Seat 2: ENJOYRJ (big blind) collected ($0.12)
Seat 3: igor6316 folded before Flop (didn't bet)
Seat 4: AnimusJocandi folded before Flop (didn't bet)
Seat 5: Dorex2007 folded before Flop (didn't bet)
Seat 6: 07cezar folded on the River
Seat 8: Gazella01 (button) folded on the River



PokerStars Hand #225117229829:  Hold'em No Limit ($0.01/$0.02 USD) - 2021/03/23 13:57:02 PT [2021/03/23 16:57:02 ET]
Table 'Pele III' 9-max Seat #1 is the button
Seat 1: 77ChrisR.77 ($1.09 in chips) 
Seat 2: ENJOYRJ ($4.98 in chips) 
Seat 3: igor6316 ($0.73 in chips) 
Seat 5: Dorex2007 ($1.36 in chips) 
Seat 6: 07cezar ($1.16 in chips) 
Seat 8: Gazella01 ($2.52 in chips) 
Seat 9: Radrigo880 ($0.80 in chips) 
ENJOYRJ: posts small blind $0.01
igor6316: posts big blind $0.02
PlayerNRoy: sits out 
Mr.€legant: sits out 
Radrigo880: posts big blind $0.02
*** HOLE CARDS ***
Dealt to Dorex2007 [Js Ah]
Dorex2007: raises $0.04 to $0.06
07cezar: folds 
Gazella01: folds 
Radrigo880: folds 
77ChrisR.77: calls $0.06
ENJOYRJ: folds 
igor6316: folds 
*** FLOP *** [Qs 5d 7h]
Dorex2007: bets $0.11
77ChrisR.77: calls $0.11
*** TURN *** [Qs 5d 7h] [8s]
Dorex2007: checks 
77ChrisR.77: bets $0.19
Dorex2007: calls $0.19
*** RIVER *** [Qs 5d 7h 8s] [2h]
Dorex2007: bets $0.37
77ChrisR.77: raises $0.36 to $0.73 and is all-in
Dorex2007: folds 
Uncalled bet ($0.36) returned to 77ChrisR.77
77ChrisR.77 collected $1.46 from pot
77ChrisR.77: doesn't show hand 
*** SUMMARY ***
Total pot $1.51 | Rake $0.05 
Board [Qs 5d 7h 8s 2h]
Seat 1: 77ChrisR.77 (button) collected ($1.46)
Seat 2: ENJOYRJ (small blind) folded before Flop
Seat 3: igor6316 (big blind) folded before Flop
Seat 5: Dorex2007 folded on the River
Seat 6: 07cezar folded before Flop (didn't bet)
Seat 8: Gazella01 folded before Flop (didn't bet)
Seat 9: Radrigo880 folded before Flop (didn't bet)



