PokerStars Hand #228251031107:  Hold'em No Limit ($0.01/$0.02 USD) - 2021/07/12 16:46:00 PT [2021/07/12 19:46:00 ET]
Table 'Adolfine V' 9-max Seat #6 is the button
Seat 1: Grieb777 ($2.70 in chips) 
Seat 2: maverick1880 ($2 in chips) 
Seat 3: woltzey17 ($10.86 in chips) 
Seat 4: conej ($0.90 in chips) 
Seat 5: 60centPoker ($3.22 in chips) 
Seat 6: DJ.Flench ($2.97 in chips) 
Seat 7: PS-Keldale ($2.38 in chips) 
Seat 8: Dorex2007 ($2 in chips) 
Seat 9: davegoa ($2.09 in chips) 
PS-Keldale: posts small blind $0.01
Dorex2007: posts big blind $0.02
*** HOLE CARDS ***
Dealt to Dorex2007 [9s 2c]
davegoa: folds 
Grieb777: folds 
maverick1880: folds 
woltzey17: folds 
conej: folds 
60centPoker: folds 
DJ.Flench: folds 
PS-Keldale: raises $0.05 to $0.07
Dorex2007: folds 
Uncalled bet ($0.05) returned to PS-Keldale
PS-Keldale collected $0.04 from pot
PS-Keldale: doesn't show hand 
*** SUMMARY ***
Total pot $0.04 | Rake $0 
Seat 1: Grieb777 folded before Flop (didn't bet)
Seat 2: maverick1880 folded before Flop (didn't bet)
Seat 3: woltzey17 folded before Flop (didn't bet)
Seat 4: conej folded before Flop (didn't bet)
Seat 5: 60centPoker folded before Flop (didn't bet)
Seat 6: DJ.Flench (button) folded before Flop (didn't bet)
Seat 7: PS-Keldale (small blind) collected ($0.04)
Seat 8: Dorex2007 (big blind) folded before Flop
Seat 9: davegoa folded before Flop (didn't bet)



PokerStars Hand #228251038565:  Hold'em No Limit ($0.01/$0.02 USD) - 2021/07/12 16:46:26 PT [2021/07/12 19:46:26 ET]
Table 'Adolfine V' 9-max Seat #7 is the button
Seat 1: Grieb777 ($2.70 in chips) 
Seat 2: maverick1880 ($2 in chips) 
Seat 3: woltzey17 ($10.86 in chips) 
Seat 4: conej ($0.90 in chips) 
Seat 5: 60centPoker ($3.22 in chips) 
Seat 6: DJ.Flench ($2.97 in chips) 
Seat 7: PS-Keldale ($2.40 in chips) 
Seat 8: Dorex2007 ($1.98 in chips) 
Seat 9: davegoa ($2.09 in chips) 
Dorex2007: posts small blind $0.01
davegoa: posts big blind $0.02
*** HOLE CARDS ***
Dealt to Dorex2007 [6c Kc]
Grieb777: folds 
maverick1880: folds 
woltzey17: folds 
conej has timed out
conej: folds 
60centPoker: folds 
DJ.Flench: folds 
PS-Keldale: raises $0.05 to $0.07
Dorex2007: folds 
davegoa: folds 
Uncalled bet ($0.05) returned to PS-Keldale
Grieb777 said, "good nigth ty for play!"
PS-Keldale collected $0.05 from pot
PS-Keldale: doesn't show hand 
*** SUMMARY ***
Total pot $0.05 | Rake $0 
Seat 1: Grieb777 folded before Flop (didn't bet)
Seat 2: maverick1880 folded before Flop (didn't bet)
Seat 3: woltzey17 folded before Flop (didn't bet)
Seat 4: conej folded before Flop (didn't bet)
Seat 5: 60centPoker folded before Flop (didn't bet)
Seat 6: DJ.Flench folded before Flop (didn't bet)
Seat 7: PS-Keldale (button) collected ($0.05)
Seat 8: Dorex2007 (small blind) folded before Flop
Seat 9: davegoa (big blind) folded before Flop



PokerStars Hand #228251048819:  Hold'em No Limit ($0.01/$0.02 USD) - 2021/07/12 16:47:02 PT [2021/07/12 19:47:02 ET]
Table 'Adolfine V' 9-max Seat #8 is the button
Seat 3: woltzey17 ($10.86 in chips) 
Seat 4: conej ($0.90 in chips) 
Seat 5: 60centPoker ($3.22 in chips) 
Seat 6: DJ.Flench ($2.97 in chips) 
Seat 7: PS-Keldale ($2.43 in chips) 
Seat 8: Dorex2007 ($1.97 in chips) 
Seat 9: davegoa ($2.07 in chips) 
davegoa: posts small blind $0.01
maverick1880: is sitting out 
woltzey17: posts big blind $0.02
*** HOLE CARDS ***
Dealt to Dorex2007 [Jc Js]
conej: raises $0.04 to $0.06
Grieb777 leaves the table
60centPoker: raises $0.13 to $0.19
DJ.Flench: folds 
PS-Keldale: folds 
Dorex2007: folds 
davegoa: folds 
maverick1880 leaves the table
woltzey17: folds 
conej: folds 
Uncalled bet ($0.13) returned to 60centPoker
60centPoker collected $0.15 from pot
60centPoker: doesn't show hand 
*** SUMMARY ***
Total pot $0.15 | Rake $0 
Seat 3: woltzey17 (big blind) folded before Flop
Seat 4: conej folded before Flop
Seat 5: 60centPoker collected ($0.15)
Seat 6: DJ.Flench folded before Flop (didn't bet)
Seat 7: PS-Keldale folded before Flop (didn't bet)
Seat 8: Dorex2007 (button) folded before Flop (didn't bet)
Seat 9: davegoa (small blind) folded before Flop



PokerStars Hand #228251060435:  Hold'em No Limit ($0.01/$0.02 USD) - 2021/07/12 16:47:43 PT [2021/07/12 19:47:43 ET]
Table 'Adolfine V' 9-max Seat #9 is the button
Seat 3: woltzey17 ($10.84 in chips) 
Seat 4: conej ($0.84 in chips) 
Seat 5: 60centPoker ($3.31 in chips) 
Seat 6: DJ.Flench ($2.97 in chips) 
Seat 7: PS-Keldale ($2.43 in chips) 
Seat 8: Dorex2007 ($1.97 in chips) 
Seat 9: davegoa ($2.06 in chips) 
woltzey17: posts small blind $0.01
conej: posts big blind $0.02
*** HOLE CARDS ***
Dealt to Dorex2007 [Qc 9d]
60centPoker: raises $0.04 to $0.06
DJ.Flench: folds 
PS-Keldale: folds 
Dorex2007: folds 
davegoa: folds 
woltzey17: calls $0.05
DJ.Flench leaves the table
conej: folds 
*** FLOP *** [4c 4d Kd]
woltzey17: checks 
60centPoker: checks 
*** TURN *** [4c 4d Kd] [Jc]
woltzey17: checks 
60centPoker: bets $0.02
woltzey17: raises $0.12 to $0.14
60centPoker: folds 
Uncalled bet ($0.12) returned to woltzey17
woltzey17 collected $0.17 from pot
woltzey17: doesn't show hand 
*** SUMMARY ***
Total pot $0.18 | Rake $0.01 
Board [4c 4d Kd Jc]
Seat 3: woltzey17 (small blind) collected ($0.17)
Seat 4: conej (big blind) folded before Flop
Seat 5: 60centPoker folded on the Turn
Seat 6: DJ.Flench folded before Flop (didn't bet)
Seat 7: PS-Keldale folded before Flop (didn't bet)
Seat 8: Dorex2007 folded before Flop (didn't bet)
Seat 9: davegoa (button) folded before Flop (didn't bet)



PokerStars Hand #228251091754:  Hold'em No Limit ($0.01/$0.02 USD) - 2021/07/12 16:48:38 PT [2021/07/12 19:48:38 ET]
Table 'Adolfine V' 9-max Seat #3 is the button
Seat 3: woltzey17 ($10.93 in chips) 
Seat 4: conej ($0.82 in chips) 
Seat 5: 60centPoker ($3.23 in chips) 
Seat 7: PS-Keldale ($2.43 in chips) 
Seat 8: Dorex2007 ($1.97 in chips) 
Seat 9: davegoa ($2.06 in chips) 
conej: posts small blind $0.01
60centPoker: posts big blind $0.02
*** HOLE CARDS ***
Dealt to Dorex2007 [7c Js]
PS-Keldale: folds 
Dorex2007: folds 
davegoa: raises $0.03 to $0.05
woltzey17: raises $0.21 to $0.26
conej: folds 
60centPoker: folds 
davegoa: folds 
Uncalled bet ($0.21) returned to woltzey17
woltzey17 collected $0.13 from pot
woltzey17: doesn't show hand 
*** SUMMARY ***
Total pot $0.13 | Rake $0 
Seat 3: woltzey17 (button) collected ($0.13)
Seat 4: conej (small blind) folded before Flop
Seat 5: 60centPoker (big blind) folded before Flop
Seat 7: PS-Keldale folded before Flop (didn't bet)
Seat 8: Dorex2007 folded before Flop (didn't bet)
Seat 9: davegoa folded before Flop



PokerStars Hand #228251102054:  Hold'em No Limit ($0.01/$0.02 USD) - 2021/07/12 16:49:14 PT [2021/07/12 19:49:14 ET]
Table 'Adolfine V' 9-max Seat #4 is the button
Seat 3: woltzey17 ($11.01 in chips) 
Seat 4: conej ($0.81 in chips) 
Seat 5: 60centPoker ($3.21 in chips) 
Seat 7: PS-Keldale ($2.43 in chips) 
Seat 8: Dorex2007 ($1.97 in chips) 
Seat 9: davegoa ($2.01 in chips) 
60centPoker: posts small blind $0.01
PS-Keldale: posts big blind $0.02
*** HOLE CARDS ***
Dealt to Dorex2007 [8s 2s]
Dorex2007: folds 
davegoa: folds 
woltzey17: folds 
conej: folds 
60centPoker: folds 
Uncalled bet ($0.01) returned to PS-Keldale
PS-Keldale collected $0.02 from pot
PS-Keldale: doesn't show hand 
*** SUMMARY ***
Total pot $0.02 | Rake $0 
Seat 3: woltzey17 folded before Flop (didn't bet)
Seat 4: conej (button) folded before Flop (didn't bet)
Seat 5: 60centPoker (small blind) folded before Flop
Seat 7: PS-Keldale (big blind) collected ($0.02)
Seat 8: Dorex2007 folded before Flop (didn't bet)
Seat 9: davegoa folded before Flop (didn't bet)



PokerStars Hand #228251106179:  Hold'em No Limit ($0.01/$0.02 USD) - 2021/07/12 16:49:29 PT [2021/07/12 19:49:29 ET]
Table 'Adolfine V' 9-max Seat #5 is the button
Seat 3: woltzey17 ($11.01 in chips) 
Seat 4: conej ($0.81 in chips) 
Seat 5: 60centPoker ($3.20 in chips) 
Seat 7: PS-Keldale ($2.44 in chips) 
Seat 8: Dorex2007 ($1.97 in chips) 
Seat 9: davegoa ($2.01 in chips) 
PS-Keldale: posts small blind $0.01
Dorex2007: posts big blind $0.02
*** HOLE CARDS ***
Dealt to Dorex2007 [Qh 9h]
davegoa: folds 
woltzey17: raises $0.04 to $0.06
conej has timed out
conej: folds 
60centPoker: folds 
PS-Keldale: folds 
Dorex2007: folds 
Uncalled bet ($0.04) returned to woltzey17
woltzey17 collected $0.05 from pot
woltzey17: doesn't show hand 
*** SUMMARY ***
Total pot $0.05 | Rake $0 
Seat 3: woltzey17 collected ($0.05)
Seat 4: conej folded before Flop (didn't bet)
Seat 5: 60centPoker (button) folded before Flop (didn't bet)
Seat 7: PS-Keldale (small blind) folded before Flop
Seat 8: Dorex2007 (big blind) folded before Flop
Seat 9: davegoa folded before Flop (didn't bet)



