PokerStars Hand #224715461169:  Hold'em No Limit ($0.01/$0.02 USD) - 2021/03/11 22:26:49 PT [2021/03/12 1:26:49 ET]
Table 'Tirela II' 9-max Seat #3 is the button
Seat 1: Dorex2007 ($1.50 in chips) 
Seat 2: tak1401 ($0.77 in chips) 
Seat 3: 0RB BR0 ($0.96 in chips) 
Seat 4: dddeeeggg ($5.03 in chips) 
Seat 5: well7gold ($0.96 in chips) 
Seat 6: Kupec Danila ($2.25 in chips) 
Seat 7: kiling1 ($2 in chips) 
Seat 8: idealét1-2 ($3.24 in chips) 
Seat 9: rvrston ($2 in chips) 
dddeeeggg: posts small blind $0.01
well7gold: posts big blind $0.02
Dorex2007: posts big blind $0.02
*** HOLE CARDS ***
Dealt to Dorex2007 [Qs 2d]
Kupec Danila: folds 
kiling1: folds 
idealét1-2: folds 
rvrston: folds 
Dorex2007: checks 
tak1401: folds 
0RB BR0: raises $0.02 to $0.04
dddeeeggg: folds 
idealét1-2 leaves the table
well7gold: calls $0.02
Dorex2007: folds 
*** FLOP *** [8d 2h 5h]
well7gold: checks 
0RB BR0: bets $0.05
well7gold: calls $0.05
*** TURN *** [8d 2h 5h] [7d]
well7gold: checks 
0RB BR0: bets $0.10
well7gold: calls $0.10
*** RIVER *** [8d 2h 5h 7d] [As]
well7gold: checks 
0RB BR0: checks 
*** SHOW DOWN ***
well7gold: shows [4s 5s] (a pair of Fives)
0RB BR0: shows [Jh Js] (a pair of Jacks)
0RB BR0 collected $0.40 from pot
*** SUMMARY ***
Total pot $0.41 | Rake $0.01 
Board [8d 2h 5h 7d As]
Seat 1: Dorex2007 folded before Flop (didn't bet)
Seat 2: tak1401 folded before Flop (didn't bet)
Seat 3: 0RB BR0 (button) showed [Jh Js] and won ($0.40) with a pair of Jacks
Seat 4: dddeeeggg (small blind) folded before Flop
Seat 5: well7gold (big blind) showed [4s 5s] and lost with a pair of Fives
Seat 6: Kupec Danila folded before Flop (didn't bet)
Seat 7: kiling1 folded before Flop (didn't bet)
Seat 8: idealét1-2 folded before Flop (didn't bet)
Seat 9: rvrston folded before Flop (didn't bet)



PokerStars Hand #224715475364:  Hold'em No Limit ($0.01/$0.02 USD) - 2021/03/11 22:27:42 PT [2021/03/12 1:27:42 ET]
Table 'Tirela II' 9-max Seat #4 is the button
Seat 1: Dorex2007 ($1.48 in chips) 
Seat 2: tak1401 ($0.77 in chips) 
Seat 3: 0RB BR0 ($1.17 in chips) 
Seat 4: dddeeeggg ($5.02 in chips) 
Seat 5: well7gold ($0.77 in chips) 
Seat 6: Kupec Danila ($2.25 in chips) 
Seat 7: kiling1 ($2 in chips) 
Seat 9: rvrston ($2 in chips) 
well7gold: posts small blind $0.01
Kupec Danila: posts big blind $0.02
*** HOLE CARDS ***
Dealt to Dorex2007 [5c Kh]
kiling1 has timed out
kiling1: folds 
rvrston: folds 
Dorex2007: folds 
tak1401: folds 
0RB BR0: folds 
dddeeeggg: raises $0.04 to $0.06
well7gold: calls $0.05
Kupec Danila: calls $0.04
*** FLOP *** [3c 4d Ks]
well7gold: checks 
Kupec Danila: checks 
dddeeeggg: bets $0.10
well7gold: calls $0.10
Kupec Danila: calls $0.10
*** TURN *** [3c 4d Ks] [Td]
well7gold: checks 
Kupec Danila: checks 
dddeeeggg: checks 
*** RIVER *** [3c 4d Ks Td] [Js]
well7gold: checks 
Kupec Danila: checks 
dddeeeggg: checks 
*** SHOW DOWN ***
well7gold: shows [9s 9d] (a pair of Nines)
Kupec Danila: mucks hand 
dddeeeggg: mucks hand 
well7gold collected $0.46 from pot
*** SUMMARY ***
Total pot $0.48 | Rake $0.02 
Board [3c 4d Ks Td Js]
Seat 1: Dorex2007 folded before Flop (didn't bet)
Seat 2: tak1401 folded before Flop (didn't bet)
Seat 3: 0RB BR0 folded before Flop (didn't bet)
Seat 4: dddeeeggg (button) mucked [Ac 8c]
Seat 5: well7gold (small blind) showed [9s 9d] and won ($0.46) with a pair of Nines
Seat 6: Kupec Danila (big blind) mucked [4s Qs]
Seat 7: kiling1 folded before Flop (didn't bet)
Seat 9: rvrston folded before Flop (didn't bet)



PokerStars Hand #224715487878:  Hold'em No Limit ($0.01/$0.02 USD) - 2021/03/11 22:28:48 PT [2021/03/12 1:28:48 ET]
Table 'Tirela II' 9-max Seat #5 is the button
Seat 1: Dorex2007 ($1.48 in chips) 
Seat 2: tak1401 ($0.77 in chips) 
Seat 3: 0RB BR0 ($1.17 in chips) 
Seat 4: dddeeeggg ($4.86 in chips) 
Seat 5: well7gold ($1.07 in chips) 
Seat 6: Kupec Danila ($2.09 in chips) 
Seat 7: kiling1 ($2 in chips) 
Seat 9: rvrston ($2 in chips) 
Kupec Danila: posts small blind $0.01
kiling1: posts big blind $0.02
*** HOLE CARDS ***
Dealt to Dorex2007 [3c Tc]
rvrston: folds 
Dorex2007: folds 
tak1401: folds 
Victor151886 joins the table at seat #8 
0RB BR0: raises $0.04 to $0.06
dddeeeggg: calls $0.06
well7gold: calls $0.06
Kupec Danila: folds 
kiling1: folds 
*** FLOP *** [Js 8c 7s]
0RB BR0: checks 
dddeeeggg: bets $0.12
well7gold: folds 
0RB BR0: calls $0.12
*** TURN *** [Js 8c 7s] [8s]
0RB BR0: checks 
dddeeeggg: bets $0.43
0RB BR0: raises $0.43 to $0.86
dddeeeggg: calls $0.43
*** RIVER *** [Js 8c 7s 8s] [Qd]
0RB BR0: bets $0.13 and is all-in
dddeeeggg: calls $0.13
*** SHOW DOWN ***
0RB BR0: shows [Jh Jc] (a full house, Jacks full of Eights)
dddeeeggg: shows [Th 8h] (three of a kind, Eights)
0RB BR0 collected $2.34 from pot
*** SUMMARY ***
Total pot $2.43 | Rake $0.09 
Board [Js 8c 7s 8s Qd]
Seat 1: Dorex2007 folded before Flop (didn't bet)
Seat 2: tak1401 folded before Flop (didn't bet)
Seat 3: 0RB BR0 showed [Jh Jc] and won ($2.34) with a full house, Jacks full of Eights
Seat 4: dddeeeggg showed [Th 8h] and lost with three of a kind, Eights
Seat 5: well7gold (button) folded on the Flop
Seat 6: Kupec Danila (small blind) folded before Flop
Seat 7: kiling1 (big blind) folded before Flop
Seat 9: rvrston folded before Flop (didn't bet)



PokerStars Hand #224715507799:  Hold'em No Limit ($0.01/$0.02 USD) - 2021/03/11 22:29:52 PT [2021/03/12 1:29:52 ET]
Table 'Tirela II' 9-max Seat #6 is the button
Seat 1: Dorex2007 ($1.48 in chips) 
Seat 2: tak1401 ($0.77 in chips) 
Seat 3: 0RB BR0 ($2.34 in chips) 
Seat 4: dddeeeggg ($3.69 in chips) 
Seat 5: well7gold ($1.01 in chips) 
Seat 6: Kupec Danila ($2.08 in chips) 
Seat 7: kiling1 ($1.98 in chips) 
Seat 8: Victor151886 ($2 in chips) 
Seat 9: rvrston ($2 in chips) 
kiling1: posts small blind $0.01
Victor151886: posts big blind $0.02
*** HOLE CARDS ***
Dealt to Dorex2007 [3h 4h]
rvrston: folds 
Dorex2007: folds 
tak1401: folds 
0RB BR0: folds 
dddeeeggg: folds 
well7gold: folds 
Kupec Danila: folds 
kiling1: folds 
Uncalled bet ($0.01) returned to Victor151886
Victor151886 collected $0.02 from pot
Victor151886: doesn't show hand 
*** SUMMARY ***
Total pot $0.02 | Rake $0 
Seat 1: Dorex2007 folded before Flop (didn't bet)
Seat 2: tak1401 folded before Flop (didn't bet)
Seat 3: 0RB BR0 folded before Flop (didn't bet)
Seat 4: dddeeeggg folded before Flop (didn't bet)
Seat 5: well7gold folded before Flop (didn't bet)
Seat 6: Kupec Danila (button) folded before Flop (didn't bet)
Seat 7: kiling1 (small blind) folded before Flop
Seat 8: Victor151886 (big blind) collected ($0.02)
Seat 9: rvrston folded before Flop (didn't bet)



PokerStars Hand #224715513048:  Hold'em No Limit ($0.01/$0.02 USD) - 2021/03/11 22:30:19 PT [2021/03/12 1:30:19 ET]
Table 'Tirela II' 9-max Seat #7 is the button
Seat 1: Dorex2007 ($1.48 in chips) 
Seat 2: tak1401 ($0.77 in chips) 
Seat 3: 0RB BR0 ($2.34 in chips) 
Seat 4: dddeeeggg ($3.69 in chips) 
Seat 5: well7gold ($1.01 in chips) 
Seat 6: Kupec Danila ($2.08 in chips) 
Seat 7: kiling1 ($1.97 in chips) 
Seat 8: Victor151886 ($2.01 in chips) 
Seat 9: rvrston ($2 in chips) 
Victor151886: posts small blind $0.01
rvrston: posts big blind $0.02
*** HOLE CARDS ***
Dealt to Dorex2007 [Tc Qh]
Dorex2007: folds 
tak1401: raises $0.04 to $0.06
0RB BR0: folds 
dddeeeggg: folds 
well7gold: folds 
Kupec Danila: calls $0.06
kiling1: folds 
Victor151886: folds 
rvrston: folds 
*** FLOP *** [6s 7c 4h]
tak1401: checks 
Kupec Danila: bets $0.08
tak1401: folds 
Uncalled bet ($0.08) returned to Kupec Danila
Kupec Danila collected $0.14 from pot
*** SUMMARY ***
Total pot $0.15 | Rake $0.01 
Board [6s 7c 4h]
Seat 1: Dorex2007 folded before Flop (didn't bet)
Seat 2: tak1401 folded on the Flop
Seat 3: 0RB BR0 folded before Flop (didn't bet)
Seat 4: dddeeeggg folded before Flop (didn't bet)
Seat 5: well7gold folded before Flop (didn't bet)
Seat 6: Kupec Danila collected ($0.14)
Seat 7: kiling1 (button) folded before Flop (didn't bet)
Seat 8: Victor151886 (small blind) folded before Flop
Seat 9: rvrston (big blind) folded before Flop



PokerStars Hand #224715520416:  Hold'em No Limit ($0.01/$0.02 USD) - 2021/03/11 22:30:57 PT [2021/03/12 1:30:57 ET]
Table 'Tirela II' 9-max Seat #8 is the button
Seat 1: Dorex2007 ($1.48 in chips) 
Seat 2: tak1401 ($0.71 in chips) 
Seat 3: 0RB BR0 ($2.34 in chips) 
Seat 4: dddeeeggg ($3.69 in chips) 
Seat 5: well7gold ($1.01 in chips) 
Seat 6: Kupec Danila ($2.16 in chips) 
Seat 7: kiling1 ($1.97 in chips) 
Seat 8: Victor151886 ($2 in chips) 
Seat 9: rvrston ($2 in chips) 
rvrston: posts small blind $0.01
Dorex2007: posts big blind $0.02
*** HOLE CARDS ***
Dealt to Dorex2007 [Kh Td]
tak1401: folds 
0RB BR0: folds 
dddeeeggg: raises $0.04 to $0.06
well7gold: folds 
Kupec Danila: calls $0.06
kiling1: folds 
Victor151886: folds 
rvrston: folds 
Dorex2007: calls $0.04
*** FLOP *** [Th 8s Tc]
Dorex2007: checks 
dddeeeggg: bets $0.11
Kupec Danila: folds 
Dorex2007: calls $0.11
*** TURN *** [Th 8s Tc] [9s]
Dorex2007: checks 
dddeeeggg: checks 
*** RIVER *** [Th 8s Tc 9s] [Ac]
Dorex2007: bets $0.27
dddeeeggg: calls $0.27
*** SHOW DOWN ***
Dorex2007: shows [Kh Td] (three of a kind, Tens)
dddeeeggg: mucks hand 
Dorex2007 collected $0.92 from pot
*** SUMMARY ***
Total pot $0.95 | Rake $0.03 
Board [Th 8s Tc 9s Ac]
Seat 1: Dorex2007 (big blind) showed [Kh Td] and won ($0.92) with three of a kind, Tens
Seat 2: tak1401 folded before Flop (didn't bet)
Seat 3: 0RB BR0 folded before Flop (didn't bet)
Seat 4: dddeeeggg mucked [Ah Qd]
Seat 5: well7gold folded before Flop (didn't bet)
Seat 6: Kupec Danila folded on the Flop
Seat 7: kiling1 folded before Flop (didn't bet)
Seat 8: Victor151886 (button) folded before Flop (didn't bet)
Seat 9: rvrston (small blind) folded before Flop



PokerStars Hand #224715531770:  Hold'em No Limit ($0.01/$0.02 USD) - 2021/03/11 22:31:57 PT [2021/03/12 1:31:57 ET]
Table 'Tirela II' 9-max Seat #9 is the button
Seat 1: Dorex2007 ($1.96 in chips) 
Seat 2: tak1401 ($0.71 in chips) 
Seat 3: 0RB BR0 ($2.34 in chips) 
Seat 4: dddeeeggg ($3.25 in chips) 
Seat 5: well7gold ($1.01 in chips) 
Seat 6: Kupec Danila ($2.10 in chips) 
Seat 7: kiling1 ($1.97 in chips) 
Seat 8: Victor151886 ($2 in chips) 
Seat 9: rvrston ($2 in chips) 
Dorex2007: posts small blind $0.01
tak1401: posts big blind $0.02
*** HOLE CARDS ***
Dealt to Dorex2007 [Jd Ah]
0RB BR0: calls $0.02
dddeeeggg: folds 
well7gold: folds 
Kupec Danila: folds 
kiling1: calls $0.02
Victor151886: folds 
rvrston: folds 
Dorex2007: raises $0.04 to $0.06
tak1401: folds 
0RB BR0: raises $2.28 to $2.34 and is all-in
kiling1: folds 
Dorex2007: folds 
Uncalled bet ($2.28) returned to 0RB BR0
0RB BR0 collected $0.16 from pot
*** SUMMARY ***
Total pot $0.16 | Rake $0 
Seat 1: Dorex2007 (small blind) folded before Flop
Seat 2: tak1401 (big blind) folded before Flop
Seat 3: 0RB BR0 collected ($0.16)
Seat 4: dddeeeggg folded before Flop (didn't bet)
Seat 5: well7gold folded before Flop (didn't bet)
Seat 6: Kupec Danila folded before Flop (didn't bet)
Seat 7: kiling1 folded before Flop
Seat 8: Victor151886 folded before Flop (didn't bet)
Seat 9: rvrston (button) folded before Flop (didn't bet)



PokerStars Hand #224715540233:  Hold'em No Limit ($0.01/$0.02 USD) - 2021/03/11 22:32:41 PT [2021/03/12 1:32:41 ET]
Table 'Tirela II' 9-max Seat #1 is the button
Seat 1: Dorex2007 ($1.90 in chips) 
Seat 2: tak1401 ($0.69 in chips) 
Seat 3: 0RB BR0 ($2.44 in chips) 
Seat 4: dddeeeggg ($3.25 in chips) 
Seat 5: well7gold ($1.01 in chips) 
Seat 6: Kupec Danila ($2.10 in chips) 
Seat 7: kiling1 ($1.95 in chips) 
Seat 8: Victor151886 ($2 in chips) 
Seat 9: rvrston ($2 in chips) 
tak1401: posts small blind $0.01
0RB BR0: posts big blind $0.02
*** HOLE CARDS ***
Dealt to Dorex2007 [Jc Ts]
dddeeeggg: folds 
well7gold: calls $0.02
Kupec Danila: folds 
kiling1: folds 
Victor151886: folds 
rvrston: folds 
Dorex2007: raises $0.04 to $0.06
tak1401: folds 
0RB BR0: folds 
well7gold: calls $0.04
*** FLOP *** [Kd 9s 3c]
well7gold: checks 
Dorex2007: checks 
*** TURN *** [Kd 9s 3c] [Ad]
well7gold: checks 
Dorex2007: checks 
*** RIVER *** [Kd 9s 3c Ad] [Js]
well7gold: checks 
Dorex2007: checks 
*** SHOW DOWN ***
well7gold: shows [4s 6c] (high card Ace)
Dorex2007: shows [Jc Ts] (a pair of Jacks)
Dorex2007 collected $0.14 from pot
*** SUMMARY ***
Total pot $0.15 | Rake $0.01 
Board [Kd 9s 3c Ad Js]
Seat 1: Dorex2007 (button) showed [Jc Ts] and won ($0.14) with a pair of Jacks
Seat 2: tak1401 (small blind) folded before Flop
Seat 3: 0RB BR0 (big blind) folded before Flop
Seat 4: dddeeeggg folded before Flop (didn't bet)
Seat 5: well7gold showed [4s 6c] and lost with high card Ace
Seat 6: Kupec Danila folded before Flop (didn't bet)
Seat 7: kiling1 folded before Flop (didn't bet)
Seat 8: Victor151886 folded before Flop (didn't bet)
Seat 9: rvrston folded before Flop (didn't bet)



PokerStars Hand #224715548278:  Hold'em No Limit ($0.01/$0.02 USD) - 2021/03/11 22:33:23 PT [2021/03/12 1:33:23 ET]
Table 'Tirela II' 9-max Seat #2 is the button
Seat 1: Dorex2007 ($1.98 in chips) 
Seat 2: tak1401 ($0.68 in chips) 
Seat 3: 0RB BR0 ($2.42 in chips) 
Seat 4: dddeeeggg ($3.25 in chips) 
Seat 5: well7gold ($0.95 in chips) 
Seat 6: Kupec Danila ($2.10 in chips) 
Seat 7: kiling1 ($1.95 in chips) 
Seat 8: Victor151886 ($2 in chips) 
Seat 9: rvrston ($2 in chips) 
0RB BR0: posts small blind $0.01
dddeeeggg: posts big blind $0.02
*** HOLE CARDS ***
Dealt to Dorex2007 [Qd 6c]
well7gold: calls $0.02
Kupec Danila: raises $0.07 to $0.09
kiling1: folds 
Victor151886: folds 
rvrston: folds 
Dorex2007: folds 
tak1401: folds 
0RB BR0: folds 
dddeeeggg: folds 
well7gold: raises $0.86 to $0.95 and is all-in
Kupec Danila: calls $0.86
Kupec Danila has timed out
*** FLOP *** [8d Qs 7h]
*** TURN *** [8d Qs 7h] [9c]
*** RIVER *** [8d Qs 7h 9c] [Qc]
*** SHOW DOWN ***
well7gold: shows [Jh Jc] (two pair, Queens and Jacks)
Kupec Danila: shows [Ts Th] (two pair, Queens and Tens)
well7gold collected $1.86 from pot
*** SUMMARY ***
Total pot $1.93 | Rake $0.07 
Board [8d Qs 7h 9c Qc]
Seat 1: Dorex2007 folded before Flop (didn't bet)
Seat 2: tak1401 (button) folded before Flop (didn't bet)
Seat 3: 0RB BR0 (small blind) folded before Flop
Seat 4: dddeeeggg (big blind) folded before Flop
Seat 5: well7gold showed [Jh Jc] and won ($1.86) with two pair, Queens and Jacks
Seat 6: Kupec Danila showed [Ts Th] and lost with two pair, Queens and Tens
Seat 7: kiling1 folded before Flop (didn't bet)
Seat 8: Victor151886 folded before Flop (didn't bet)
Seat 9: rvrston folded before Flop (didn't bet)



PokerStars Hand #224715557947:  Hold'em No Limit ($0.01/$0.02 USD) - 2021/03/11 22:34:14 PT [2021/03/12 1:34:14 ET]
Table 'Tirela II' 9-max Seat #3 is the button
Seat 1: Dorex2007 ($1.98 in chips) 
Seat 2: tak1401 ($0.68 in chips) 
Seat 3: 0RB BR0 ($2.41 in chips) 
Seat 4: dddeeeggg ($3.23 in chips) 
Seat 5: well7gold ($1.86 in chips) 
Seat 6: Kupec Danila ($2 in chips) 
Seat 7: kiling1 ($1.95 in chips) 
Seat 8: Victor151886 ($2 in chips) 
Seat 9: rvrston ($2 in chips) 
dddeeeggg: posts small blind $0.01
well7gold: posts big blind $0.02
*** HOLE CARDS ***
Dealt to Dorex2007 [3h 4s]
Kupec Danila: folds 
kiling1: folds 
Victor151886: calls $0.02
rvrston: folds 
Dorex2007: folds 
tak1401: folds 
0RB BR0: folds 
dddeeeggg: raises $0.10 to $0.12
well7gold: folds 
Victor151886: folds 
Uncalled bet ($0.10) returned to dddeeeggg
dddeeeggg collected $0.06 from pot
dddeeeggg: doesn't show hand 
*** SUMMARY ***
Total pot $0.06 | Rake $0 
Seat 1: Dorex2007 folded before Flop (didn't bet)
Seat 2: tak1401 folded before Flop (didn't bet)
Seat 3: 0RB BR0 (button) folded before Flop (didn't bet)
Seat 4: dddeeeggg (small blind) collected ($0.06)
Seat 5: well7gold (big blind) folded before Flop
Seat 6: Kupec Danila folded before Flop (didn't bet)
Seat 7: kiling1 folded before Flop (didn't bet)
Seat 8: Victor151886 folded before Flop
Seat 9: rvrston folded before Flop (didn't bet)



PokerStars Hand #224715564256:  Hold'em No Limit ($0.01/$0.02 USD) - 2021/03/11 22:34:46 PT [2021/03/12 1:34:46 ET]
Table 'Tirela II' 9-max Seat #4 is the button
Seat 1: Dorex2007 ($1.98 in chips) 
Seat 2: tak1401 ($0.68 in chips) 
Seat 3: 0RB BR0 ($2.41 in chips) 
Seat 4: dddeeeggg ($3.27 in chips) 
Seat 5: well7gold ($1.84 in chips) 
Seat 6: Kupec Danila ($2 in chips) 
Seat 7: kiling1 ($1.95 in chips) 
Seat 8: Victor151886 ($1.98 in chips) 
Seat 9: rvrston ($2 in chips) 
well7gold: posts small blind $0.01
Kupec Danila: posts big blind $0.02
*** HOLE CARDS ***
Dealt to Dorex2007 [7h 3c]
kiling1: calls $0.02
Victor151886: calls $0.02
rvrston: folds 
Dorex2007: folds 
tak1401: folds 
0RB BR0: folds 
dddeeeggg: raises $0.08 to $0.10
well7gold: folds 
Kupec Danila: folds 
kiling1: calls $0.08
Victor151886: raises $0.08 to $0.18
dddeeeggg: calls $0.08
kiling1: folds 
*** FLOP *** [Jd 3d 2h]
Victor151886: checks 
dddeeeggg: checks 
*** TURN *** [Jd 3d 2h] [Ah]
Victor151886: bets $0.02
dddeeeggg: folds 
Uncalled bet ($0.02) returned to Victor151886
Victor151886 collected $0.47 from pot
Victor151886: doesn't show hand 
*** SUMMARY ***
Total pot $0.49 | Rake $0.02 
Board [Jd 3d 2h Ah]
Seat 1: Dorex2007 folded before Flop (didn't bet)
Seat 2: tak1401 folded before Flop (didn't bet)
Seat 3: 0RB BR0 folded before Flop (didn't bet)
Seat 4: dddeeeggg (button) folded on the Turn
Seat 5: well7gold (small blind) folded before Flop
Seat 6: Kupec Danila (big blind) folded before Flop
Seat 7: kiling1 folded before Flop
Seat 8: Victor151886 collected ($0.47)
Seat 9: rvrston folded before Flop (didn't bet)



PokerStars Hand #224715580594:  Hold'em No Limit ($0.01/$0.02 USD) - 2021/03/11 22:36:11 PT [2021/03/12 1:36:11 ET]
Table 'Tirela II' 9-max Seat #5 is the button
Seat 1: Dorex2007 ($1.98 in chips) 
Seat 2: tak1401 ($0.68 in chips) 
Seat 3: 0RB BR0 ($2.41 in chips) 
Seat 4: dddeeeggg ($3.09 in chips) 
Seat 5: well7gold ($1.83 in chips) 
Seat 6: Kupec Danila ($2 in chips) 
Seat 7: kiling1 ($1.85 in chips) 
Seat 8: Victor151886 ($2.27 in chips) 
Seat 9: rvrston ($2 in chips) 
Kupec Danila: posts small blind $0.01
kiling1: posts big blind $0.02
*** HOLE CARDS ***
Dealt to Dorex2007 [7h 3h]
Victor151886: folds 
rvrston: raises $0.04 to $0.06
Dorex2007: folds 
tak1401: folds 
0RB BR0: calls $0.06
dddeeeggg: folds 
well7gold: calls $0.06
Kupec Danila: raises $0.26 to $0.32
kiling1: folds 
rvrston: raises $1.68 to $2 and is all-in
0RB BR0: folds 
well7gold: folds 
Kupec Danila: folds 
Uncalled bet ($1.68) returned to rvrston
rvrston collected $0.78 from pot
rvrston: doesn't show hand 
*** SUMMARY ***
Total pot $0.78 | Rake $0 
Seat 1: Dorex2007 folded before Flop (didn't bet)
Seat 2: tak1401 folded before Flop (didn't bet)
Seat 3: 0RB BR0 folded before Flop
Seat 4: dddeeeggg folded before Flop (didn't bet)
Seat 5: well7gold (button) folded before Flop
Seat 6: Kupec Danila (small blind) folded before Flop
Seat 7: kiling1 (big blind) folded before Flop
Seat 8: Victor151886 folded before Flop (didn't bet)
Seat 9: rvrston collected ($0.78)



PokerStars Hand #224715589194:  Hold'em No Limit ($0.01/$0.02 USD) - 2021/03/11 22:36:55 PT [2021/03/12 1:36:55 ET]
Table 'Tirela II' 9-max Seat #6 is the button
Seat 1: Dorex2007 ($1.98 in chips) 
Seat 2: tak1401 ($0.68 in chips) 
Seat 3: 0RB BR0 ($2.35 in chips) 
Seat 4: dddeeeggg ($3.09 in chips) 
Seat 5: well7gold ($1.77 in chips) 
Seat 6: Kupec Danila ($2 in chips) 
Seat 7: kiling1 ($1.83 in chips) 
Seat 8: Victor151886 ($2.27 in chips) 
Seat 9: rvrston ($2.46 in chips) 
kiling1: posts small blind $0.01
Victor151886: posts big blind $0.02
*** HOLE CARDS ***
Dealt to Dorex2007 [3d Jc]
rvrston: folds 
Dorex2007: folds 
tak1401: folds 
0RB BR0: folds 
dddeeeggg: folds 
well7gold: folds 
Kupec Danila: raises $0.04 to $0.06
kiling1: folds 
Victor151886: folds 
Uncalled bet ($0.04) returned to Kupec Danila
Kupec Danila collected $0.05 from pot
*** SUMMARY ***
Total pot $0.05 | Rake $0 
Seat 1: Dorex2007 folded before Flop (didn't bet)
Seat 2: tak1401 folded before Flop (didn't bet)
Seat 3: 0RB BR0 folded before Flop (didn't bet)
Seat 4: dddeeeggg folded before Flop (didn't bet)
Seat 5: well7gold folded before Flop (didn't bet)
Seat 6: Kupec Danila (button) collected ($0.05)
Seat 7: kiling1 (small blind) folded before Flop
Seat 8: Victor151886 (big blind) folded before Flop
Seat 9: rvrston folded before Flop (didn't bet)



PokerStars Hand #224715594327:  Hold'em No Limit ($0.01/$0.02 USD) - 2021/03/11 22:37:22 PT [2021/03/12 1:37:22 ET]
Table 'Tirela II' 9-max Seat #7 is the button
Seat 1: Dorex2007 ($1.98 in chips) 
Seat 2: tak1401 ($0.68 in chips) 
Seat 3: 0RB BR0 ($2.35 in chips) 
Seat 4: dddeeeggg ($3.09 in chips) 
Seat 5: well7gold ($1.77 in chips) 
Seat 6: Kupec Danila ($2.03 in chips) 
Seat 7: kiling1 ($1.82 in chips) 
Seat 8: Victor151886 ($2.25 in chips) 
Victor151886: posts small blind $0.01
rvrston: is sitting out 
Dorex2007: posts big blind $0.02
*** HOLE CARDS ***
Dealt to Dorex2007 [9h Qh]
tak1401: folds 
rvrston leaves the table
0RB BR0: folds 
dddeeeggg: folds 
well7gold: folds 
Kupec Danila: folds 
nosnti33 joins the table at seat #9 
kiling1: folds 
Victor151886: calls $0.01
Dorex2007: checks 
*** FLOP *** [8h Td Kc]
Victor151886: checks 
Dorex2007: checks 
*** TURN *** [8h Td Kc] [Jh]
Victor151886: bets $0.02
Dorex2007: raises $0.08 to $0.10
Victor151886: folds 
Uncalled bet ($0.08) returned to Dorex2007
Dorex2007 collected $0.08 from pot
Dorex2007: doesn't show hand 
*** SUMMARY ***
Total pot $0.08 | Rake $0 
Board [8h Td Kc Jh]
Seat 1: Dorex2007 (big blind) collected ($0.08)
Seat 2: tak1401 folded before Flop (didn't bet)
Seat 3: 0RB BR0 folded before Flop (didn't bet)
Seat 4: dddeeeggg folded before Flop (didn't bet)
Seat 5: well7gold folded before Flop (didn't bet)
Seat 6: Kupec Danila folded before Flop (didn't bet)
Seat 7: kiling1 (button) folded before Flop (didn't bet)
Seat 8: Victor151886 (small blind) folded on the Turn



PokerStars Hand #224715605472:  Hold'em No Limit ($0.01/$0.02 USD) - 2021/03/11 22:38:18 PT [2021/03/12 1:38:18 ET]
Table 'Tirela II' 9-max Seat #8 is the button
Seat 1: Dorex2007 ($2.02 in chips) 
Seat 2: tak1401 ($0.68 in chips) 
Seat 3: 0RB BR0 ($2.35 in chips) 
Seat 4: dddeeeggg ($3.09 in chips) 
Seat 5: well7gold ($1.77 in chips) 
Seat 6: Kupec Danila ($2.03 in chips) 
Seat 7: kiling1 ($1.82 in chips) 
Seat 8: Victor151886 ($2.21 in chips) 
Dorex2007: posts small blind $0.01
tak1401: posts big blind $0.02
*** HOLE CARDS ***
Dealt to Dorex2007 [5c 5h]
0RB BR0: folds 
dddeeeggg: raises $0.04 to $0.06
well7gold: folds 
Kupec Danila: calls $0.06
kiling1: calls $0.06
Victor151886: raises $0.04 to $0.10
Dorex2007: folds 
tak1401: folds 
dddeeeggg: calls $0.04
Kupec Danila: raises $0.04 to $0.14
kiling1: folds 
well7gold leaves the table
Victor151886: folds 
dddeeeggg: calls $0.04
*** FLOP *** [Ad 7d 5d]
Warningdanger1 joins the table at seat #5 
dddeeeggg: bets $0.45
Kupec Danila: folds 
Uncalled bet ($0.45) returned to dddeeeggg
dddeeeggg collected $0.45 from pot
dddeeeggg: doesn't show hand 
*** SUMMARY ***
Total pot $0.47 | Rake $0.02 
Board [Ad 7d 5d]
Seat 1: Dorex2007 (small blind) folded before Flop
Seat 2: tak1401 (big blind) folded before Flop
Seat 3: 0RB BR0 folded before Flop (didn't bet)
Seat 4: dddeeeggg collected ($0.45)
Seat 5: well7gold folded before Flop (didn't bet)
Seat 6: Kupec Danila folded on the Flop
Seat 7: kiling1 folded before Flop
Seat 8: Victor151886 (button) folded before Flop



PokerStars Hand #224715621112:  Hold'em No Limit ($0.01/$0.02 USD) - 2021/03/11 22:39:37 PT [2021/03/12 1:39:37 ET]
Table 'Tirela II' 9-max Seat #1 is the button
Seat 1: Dorex2007 ($2.01 in chips) 
Seat 2: tak1401 ($0.66 in chips) 
Seat 3: 0RB BR0 ($2.35 in chips) 
Seat 4: dddeeeggg ($3.40 in chips) 
Seat 6: Kupec Danila ($2 in chips) 
Seat 7: kiling1 ($1.76 in chips) 
Seat 8: Victor151886 ($2.11 in chips) 
tak1401: posts small blind $0.01
0RB BR0: posts big blind $0.02
Warningdanger1: sits out 
nosnti33: sits out 
*** HOLE CARDS ***
Dealt to Dorex2007 [Ts 3s]
dddeeeggg: folds 
Kupec Danila: raises $0.04 to $0.06
kiling1: folds 
Victor151886: raises $0.04 to $0.10
Dorex2007: folds 
tak1401: folds 
0RB BR0: folds 
Kupec Danila: calls $0.04
*** FLOP *** [Ah Kd Ad]
Kupec Danila: checks 
Victor151886: bets $0.11
Kupec Danila: folds 
Uncalled bet ($0.11) returned to Victor151886
Victor151886 collected $0.22 from pot
Victor151886: doesn't show hand 
*** SUMMARY ***
Total pot $0.23 | Rake $0.01 
Board [Ah Kd Ad]
Seat 1: Dorex2007 (button) folded before Flop (didn't bet)
Seat 2: tak1401 (small blind) folded before Flop
Seat 3: 0RB BR0 (big blind) folded before Flop
Seat 4: dddeeeggg folded before Flop (didn't bet)
Seat 6: Kupec Danila folded on the Flop
Seat 7: kiling1 folded before Flop (didn't bet)
Seat 8: Victor151886 collected ($0.22)



PokerStars Hand #224715627668:  Hold'em No Limit ($0.01/$0.02 USD) - 2021/03/11 22:40:10 PT [2021/03/12 1:40:10 ET]
Table 'Tirela II' 9-max Seat #2 is the button
Seat 1: Dorex2007 ($2.01 in chips) 
Seat 2: tak1401 ($0.65 in chips) 
Seat 3: 0RB BR0 ($2.33 in chips) 
Seat 4: dddeeeggg ($3.40 in chips) 
Seat 6: Kupec Danila ($2 in chips) 
Seat 7: kiling1 ($1.76 in chips) 
Seat 8: Victor151886 ($2.23 in chips) 
0RB BR0: posts small blind $0.01
dddeeeggg: posts big blind $0.02
Warningdanger1: sits out 
nosnti33: sits out 
*** HOLE CARDS ***
Dealt to Dorex2007 [5d 3s]
Kupec Danila: raises $0.04 to $0.06
kiling1: folds 
Victor151886: folds 
Dorex2007: folds 
tak1401: folds 
0RB BR0: folds 
dddeeeggg: folds 
Uncalled bet ($0.04) returned to Kupec Danila
Kupec Danila collected $0.05 from pot
*** SUMMARY ***
Total pot $0.05 | Rake $0 
Seat 1: Dorex2007 folded before Flop (didn't bet)
Seat 2: tak1401 (button) folded before Flop (didn't bet)
Seat 3: 0RB BR0 (small blind) folded before Flop
Seat 4: dddeeeggg (big blind) folded before Flop
Seat 6: Kupec Danila collected ($0.05)
Seat 7: kiling1 folded before Flop (didn't bet)
Seat 8: Victor151886 folded before Flop (didn't bet)



PokerStars Hand #224715632130:  Hold'em No Limit ($0.01/$0.02 USD) - 2021/03/11 22:40:33 PT [2021/03/12 1:40:33 ET]
Table 'Tirela II' 9-max Seat #3 is the button
Seat 1: Dorex2007 ($2.01 in chips) 
Seat 2: tak1401 ($0.65 in chips) 
Seat 3: 0RB BR0 ($2.32 in chips) 
Seat 4: dddeeeggg ($3.38 in chips) 
Seat 5: Warningdanger1 ($0.85 in chips) 
Seat 6: Kupec Danila ($2.03 in chips) 
Seat 7: kiling1 ($1.76 in chips) 
Seat 8: Victor151886 ($2.23 in chips) 
Seat 9: nosnti33 ($0.81 in chips) 
dddeeeggg: posts small blind $0.01
Warningdanger1: posts big blind $0.02
nosnti33: posts big blind $0.02
*** HOLE CARDS ***
Dealt to Dorex2007 [2c Kh]
Kupec Danila: folds 
kiling1: raises $0.07 to $0.09
Victor151886: folds 
nosnti33: folds 
Dorex2007: folds 
tak1401: folds 
0RB BR0: folds 
dddeeeggg: calls $0.08
Warningdanger1: folds 
*** FLOP *** [8c 6s 9h]
dddeeeggg: checks 
kiling1: bets $0.10
dddeeeggg: folds 
Uncalled bet ($0.10) returned to kiling1
kiling1 collected $0.21 from pot
kiling1: doesn't show hand 
*** SUMMARY ***
Total pot $0.22 | Rake $0.01 
Board [8c 6s 9h]
Seat 1: Dorex2007 folded before Flop (didn't bet)
Seat 2: tak1401 folded before Flop (didn't bet)
Seat 3: 0RB BR0 (button) folded before Flop (didn't bet)
Seat 4: dddeeeggg (small blind) folded on the Flop
Seat 5: Warningdanger1 (big blind) folded before Flop
Seat 6: Kupec Danila folded before Flop (didn't bet)
Seat 7: kiling1 collected ($0.21)
Seat 8: Victor151886 folded before Flop (didn't bet)
Seat 9: nosnti33 folded before Flop (didn't bet)



PokerStars Hand #224715639978:  Hold'em No Limit ($0.01/$0.02 USD) - 2021/03/11 22:41:13 PT [2021/03/12 1:41:13 ET]
Table 'Tirela II' 9-max Seat #4 is the button
Seat 1: Dorex2007 ($2.01 in chips) 
Seat 2: tak1401 ($0.65 in chips) 
Seat 3: 0RB BR0 ($2.32 in chips) 
Seat 4: dddeeeggg ($3.29 in chips) 
Seat 5: Warningdanger1 ($0.83 in chips) 
Seat 6: Kupec Danila ($2.03 in chips) 
Seat 7: kiling1 ($1.88 in chips) 
Seat 8: Victor151886 ($2.23 in chips) 
Seat 9: nosnti33 ($0.79 in chips) 
Warningdanger1: posts small blind $0.01
Kupec Danila: posts big blind $0.02
*** HOLE CARDS ***
Dealt to Dorex2007 [7d 8c]
kiling1: folds 
Victor151886: raises $0.04 to $0.06
nosnti33: folds 
Dorex2007: folds 
tak1401: folds 
0RB BR0: folds 
dddeeeggg: folds 
Warningdanger1: raises $0.14 to $0.20
Kupec Danila: calls $0.18
Victor151886: calls $0.14
*** FLOP *** [4h 8h 5d]
Warningdanger1: bets $0.63 and is all-in
Kupec Danila: calls $0.63
Victor151886: folds 
*** TURN *** [4h 8h 5d] [2c]
*** RIVER *** [4h 8h 5d 2c] [Ac]
*** SHOW DOWN ***
Warningdanger1: shows [Jh Js] (a pair of Jacks)
Kupec Danila: shows [9h 9s] (a pair of Nines)
Warningdanger1 collected $1.79 from pot
*** SUMMARY ***
Total pot $1.86 | Rake $0.07 
Board [4h 8h 5d 2c Ac]
Seat 1: Dorex2007 folded before Flop (didn't bet)
Seat 2: tak1401 folded before Flop (didn't bet)
Seat 3: 0RB BR0 folded before Flop (didn't bet)
Seat 4: dddeeeggg (button) folded before Flop (didn't bet)
Seat 5: Warningdanger1 (small blind) showed [Jh Js] and won ($1.79) with a pair of Jacks
Seat 6: Kupec Danila (big blind) showed [9h 9s] and lost with a pair of Nines
Seat 7: kiling1 folded before Flop (didn't bet)
Seat 8: Victor151886 folded on the Flop
Seat 9: nosnti33 folded before Flop (didn't bet)



PokerStars Hand #224715656593:  Hold'em No Limit ($0.01/$0.02 USD) - 2021/03/11 22:42:38 PT [2021/03/12 1:42:38 ET]
Table 'Tirela II' 9-max Seat #5 is the button
Seat 1: Dorex2007 ($2.01 in chips) 
Seat 2: tak1401 ($0.65 in chips) 
Seat 3: 0RB BR0 ($2.32 in chips) 
Seat 4: dddeeeggg ($3.29 in chips) 
Seat 5: Warningdanger1 ($1.79 in chips) 
Seat 6: Kupec Danila ($2 in chips) 
Seat 7: kiling1 ($1.88 in chips) 
Seat 8: Victor151886 ($2.03 in chips) 
Seat 9: nosnti33 ($0.79 in chips) 
Kupec Danila: posts small blind $0.01
kiling1: posts big blind $0.02
*** HOLE CARDS ***
Dealt to Dorex2007 [Th 2h]
Victor151886: folds 
nosnti33: calls $0.02
Dorex2007: folds 
tak1401: folds 
0RB BR0: folds 
dddeeeggg: folds 
Warningdanger1: folds 
Kupec Danila: calls $0.01
kiling1: checks 
*** FLOP *** [8s 5c 6h]
Kupec Danila: checks 
kiling1: checks 
nosnti33: checks 
*** TURN *** [8s 5c 6h] [7h]
Kupec Danila: checks 
kiling1: checks 
nosnti33: checks 
*** RIVER *** [8s 5c 6h 7h] [4s]
Kupec Danila: checks 
kiling1: checks 
nosnti33: checks 
*** SHOW DOWN ***
Kupec Danila: shows [Jc Td] (a straight, Four to Eight)
kiling1: shows [Qd 4d] (a straight, Four to Eight)
nosnti33: shows [Jd Kd] (a straight, Four to Eight)
Kupec Danila collected $0.02 from pot
kiling1 collected $0.02 from pot
nosnti33 collected $0.02 from pot
*** SUMMARY ***
Total pot $0.06 | Rake $0 
Board [8s 5c 6h 7h 4s]
Seat 1: Dorex2007 folded before Flop (didn't bet)
Seat 2: tak1401 folded before Flop (didn't bet)
Seat 3: 0RB BR0 folded before Flop (didn't bet)
Seat 4: dddeeeggg folded before Flop (didn't bet)
Seat 5: Warningdanger1 (button) folded before Flop (didn't bet)
Seat 6: Kupec Danila (small blind) showed [Jc Td] and won ($0.02) with a straight, Four to Eight
Seat 7: kiling1 (big blind) showed [Qd 4d] and won ($0.02) with a straight, Four to Eight
Seat 8: Victor151886 folded before Flop (didn't bet)
Seat 9: nosnti33 showed [Jd Kd] and won ($0.02) with a straight, Four to Eight



PokerStars Hand #224715665707:  Hold'em No Limit ($0.01/$0.02 USD) - 2021/03/11 22:43:25 PT [2021/03/12 1:43:25 ET]
Table 'Tirela II' 9-max Seat #6 is the button
Seat 1: Dorex2007 ($2.01 in chips) 
Seat 2: tak1401 ($0.65 in chips) 
Seat 3: 0RB BR0 ($2.32 in chips) 
Seat 4: dddeeeggg ($3.29 in chips) 
Seat 5: Warningdanger1 ($1.79 in chips) 
Seat 6: Kupec Danila ($2 in chips) 
Seat 7: kiling1 ($1.88 in chips) 
Seat 8: Victor151886 ($2.03 in chips) 
Seat 9: nosnti33 ($0.79 in chips) 
kiling1: posts small blind $0.01
Victor151886: posts big blind $0.02
*** HOLE CARDS ***
Dealt to Dorex2007 [Kd 3s]
nosnti33: calls $0.02
Dorex2007: folds 
tak1401: folds 
0RB BR0: folds 
dddeeeggg: raises $0.08 to $0.10
Warningdanger1: folds 
Kupec Danila: calls $0.10
kiling1: folds 
Victor151886: folds 
nosnti33: folds 
*** FLOP *** [3c 9h 8h]
dddeeeggg: bets $0.14
Kupec Danila: calls $0.14
*** TURN *** [3c 9h 8h] [Ts]
dddeeeggg: checks 
Kupec Danila: bets $0.38
dddeeeggg: folds 
Uncalled bet ($0.38) returned to Kupec Danila
Kupec Danila collected $0.51 from pot
*** SUMMARY ***
Total pot $0.53 | Rake $0.02 
Board [3c 9h 8h Ts]
Seat 1: Dorex2007 folded before Flop (didn't bet)
Seat 2: tak1401 folded before Flop (didn't bet)
Seat 3: 0RB BR0 folded before Flop (didn't bet)
Seat 4: dddeeeggg folded on the Turn
Seat 5: Warningdanger1 folded before Flop (didn't bet)
Seat 6: Kupec Danila (button) collected ($0.51)
Seat 7: kiling1 (small blind) folded before Flop
Seat 8: Victor151886 (big blind) folded before Flop
Seat 9: nosnti33 folded before Flop



PokerStars Hand #224715675045:  Hold'em No Limit ($0.01/$0.02 USD) - 2021/03/11 22:44:14 PT [2021/03/12 1:44:14 ET]
Table 'Tirela II' 9-max Seat #7 is the button
Seat 1: Dorex2007 ($2.01 in chips) 
Seat 2: tak1401 ($0.65 in chips) 
Seat 3: 0RB BR0 ($2.32 in chips) 
Seat 4: dddeeeggg ($3.05 in chips) 
Seat 5: Warningdanger1 ($1.79 in chips) 
Seat 6: Kupec Danila ($2.27 in chips) 
Seat 7: kiling1 ($1.87 in chips) 
Seat 8: Victor151886 ($2.01 in chips) 
Seat 9: nosnti33 ($0.77 in chips) 
Victor151886: posts small blind $0.01
nosnti33: posts big blind $0.02
*** HOLE CARDS ***
Dealt to Dorex2007 [6c As]
Dorex2007: folds 
tak1401: raises $0.04 to $0.06
0RB BR0: folds 
dddeeeggg: folds 
Warningdanger1: folds 
Kupec Danila: folds 
kiling1: folds 
Victor151886: folds 
nosnti33: folds 
Uncalled bet ($0.04) returned to tak1401
tak1401 collected $0.05 from pot
tak1401: doesn't show hand 
*** SUMMARY ***
Total pot $0.05 | Rake $0 
Seat 1: Dorex2007 folded before Flop (didn't bet)
Seat 2: tak1401 collected ($0.05)
Seat 3: 0RB BR0 folded before Flop (didn't bet)
Seat 4: dddeeeggg folded before Flop (didn't bet)
Seat 5: Warningdanger1 folded before Flop (didn't bet)
Seat 6: Kupec Danila folded before Flop (didn't bet)
Seat 7: kiling1 (button) folded before Flop (didn't bet)
Seat 8: Victor151886 (small blind) folded before Flop
Seat 9: nosnti33 (big blind) folded before Flop



PokerStars Hand #224715680047:  Hold'em No Limit ($0.01/$0.02 USD) - 2021/03/11 22:44:40 PT [2021/03/12 1:44:40 ET]
Table 'Tirela II' 9-max Seat #8 is the button
Seat 1: Dorex2007 ($2.01 in chips) 
Seat 2: tak1401 ($0.68 in chips) 
Seat 3: 0RB BR0 ($2.32 in chips) 
Seat 4: dddeeeggg ($3.05 in chips) 
Seat 5: Warningdanger1 ($1.79 in chips) 
Seat 6: Kupec Danila ($2.27 in chips) 
Seat 7: kiling1 ($1.87 in chips) 
Seat 8: Victor151886 ($2 in chips) 
Seat 9: nosnti33 ($0.75 in chips) 
nosnti33: posts small blind $0.01
Dorex2007: posts big blind $0.02
*** HOLE CARDS ***
Dealt to Dorex2007 [6c 6h]
tak1401: folds 
tak1401 leaves the table
0RB BR0: folds 
dddeeeggg: folds 
Warningdanger1: folds 
Kupec Danila: raises $0.04 to $0.06
kiling1: folds 
Victor151886: folds 
nosnti33: folds 
seunghui joins the table at seat #2 
Dorex2007: calls $0.04
*** FLOP *** [3d Jd Jh]
Dorex2007: checks 
Kupec Danila: bets $0.04
Dorex2007: calls $0.04
*** TURN *** [3d Jd Jh] [As]
Dorex2007: checks 
Kupec Danila: bets $0.15
Dorex2007: folds 
Uncalled bet ($0.15) returned to Kupec Danila
Kupec Danila collected $0.20 from pot
*** SUMMARY ***
Total pot $0.21 | Rake $0.01 
Board [3d Jd Jh As]
Seat 1: Dorex2007 (big blind) folded on the Turn
Seat 2: tak1401 folded before Flop (didn't bet)
Seat 3: 0RB BR0 folded before Flop (didn't bet)
Seat 4: dddeeeggg folded before Flop (didn't bet)
Seat 5: Warningdanger1 folded before Flop (didn't bet)
Seat 6: Kupec Danila collected ($0.20)
Seat 7: kiling1 folded before Flop (didn't bet)
Seat 8: Victor151886 (button) folded before Flop (didn't bet)
Seat 9: nosnti33 (small blind) folded before Flop



PokerStars Hand #224715688512:  Hold'em No Limit ($0.01/$0.02 USD) - 2021/03/11 22:45:24 PT [2021/03/12 1:45:24 ET]
Table 'Tirela II' 9-max Seat #9 is the button
Seat 1: Dorex2007 ($1.91 in chips) 
Seat 2: seunghui ($2 in chips) 
Seat 3: 0RB BR0 ($2.32 in chips) 
Seat 4: dddeeeggg ($3.05 in chips) 
Seat 5: Warningdanger1 ($1.79 in chips) 
Seat 6: Kupec Danila ($2.37 in chips) 
Seat 7: kiling1 ($1.87 in chips) 
Seat 8: Victor151886 ($2 in chips) 
Seat 9: nosnti33 ($0.74 in chips) 
Dorex2007: posts small blind $0.01
seunghui: posts big blind $0.02
*** HOLE CARDS ***
Dealt to Dorex2007 [7d Ad]
0RB BR0: calls $0.02
dddeeeggg: folds 
Warningdanger1: folds 
Kupec Danila: folds 
kiling1: raises $0.07 to $0.09
Victor151886: folds 
nosnti33: folds 
Dorex2007: folds 
seunghui: folds 
0RB BR0: raises $2.23 to $2.32 and is all-in
kiling1: folds 
Uncalled bet ($2.23) returned to 0RB BR0
0RB BR0 collected $0.21 from pot
*** SUMMARY ***
Total pot $0.21 | Rake $0 
Seat 1: Dorex2007 (small blind) folded before Flop
Seat 2: seunghui (big blind) folded before Flop
Seat 3: 0RB BR0 collected ($0.21)
Seat 4: dddeeeggg folded before Flop (didn't bet)
Seat 5: Warningdanger1 folded before Flop (didn't bet)
Seat 6: Kupec Danila folded before Flop (didn't bet)
Seat 7: kiling1 folded before Flop
Seat 8: Victor151886 folded before Flop (didn't bet)
Seat 9: nosnti33 (button) folded before Flop (didn't bet)



PokerStars Hand #224715695328:  Hold'em No Limit ($0.01/$0.02 USD) - 2021/03/11 22:45:59 PT [2021/03/12 1:45:59 ET]
Table 'Tirela II' 9-max Seat #1 is the button
Seat 1: Dorex2007 ($1.90 in chips) 
Seat 2: seunghui ($1.98 in chips) 
Seat 3: 0RB BR0 ($2.44 in chips) 
Seat 4: dddeeeggg ($3.05 in chips) 
Seat 5: Warningdanger1 ($1.79 in chips) 
Seat 6: Kupec Danila ($2.37 in chips) 
Seat 7: kiling1 ($1.78 in chips) 
Seat 8: Victor151886 ($2 in chips) 
Seat 9: nosnti33 ($0.74 in chips) 
seunghui: posts small blind $0.01
0RB BR0: posts big blind $0.02
*** HOLE CARDS ***
Dealt to Dorex2007 [2d 3d]
dddeeeggg: folds 
Warningdanger1: folds 
Kupec Danila: folds 
kiling1: folds 
Victor151886: calls $0.02
nosnti33 has timed out
nosnti33: folds 
Dorex2007: calls $0.02
seunghui: folds 
0RB BR0: checks 
*** FLOP *** [Ks 2c As]
0RB BR0: checks 
Victor151886: checks 
Dorex2007: checks 
*** TURN *** [Ks 2c As] [6h]
0RB BR0: checks 
Victor151886: checks 
Dorex2007: checks 
*** RIVER *** [Ks 2c As 6h] [Qh]
0RB BR0: checks 
Victor151886: checks 
Dorex2007: checks 
*** SHOW DOWN ***
0RB BR0: shows [5h 8d] (high card Ace)
Victor151886: shows [9s 7s] (high card Ace - King+Queen+Nine kicker)
Dorex2007: shows [2d 3d] (a pair of Deuces)
Dorex2007 collected $0.07 from pot
*** SUMMARY ***
Total pot $0.07 | Rake $0 
Board [Ks 2c As 6h Qh]
Seat 1: Dorex2007 (button) showed [2d 3d] and won ($0.07) with a pair of Deuces
Seat 2: seunghui (small blind) folded before Flop
Seat 3: 0RB BR0 (big blind) showed [5h 8d] and lost with high card Ace
Seat 4: dddeeeggg folded before Flop (didn't bet)
Seat 5: Warningdanger1 folded before Flop (didn't bet)
Seat 6: Kupec Danila folded before Flop (didn't bet)
Seat 7: kiling1 folded before Flop (didn't bet)
Seat 8: Victor151886 showed [9s 7s] and lost with high card Ace
Seat 9: nosnti33 folded before Flop (didn't bet)



PokerStars Hand #224715716818:  Hold'em No Limit ($0.01/$0.02 USD) - 2021/03/11 22:47:20 PT [2021/03/12 1:47:20 ET]
Table 'Tirela II' 9-max Seat #2 is the button
Seat 1: Dorex2007 ($1.95 in chips) 
Seat 2: seunghui ($1.97 in chips) 
Seat 3: 0RB BR0 ($2.42 in chips) 
Seat 4: dddeeeggg ($3.05 in chips) 
Seat 5: Warningdanger1 ($1.79 in chips) 
Seat 6: Kupec Danila ($2.37 in chips) 
Seat 7: kiling1 ($1.78 in chips) 
Seat 8: Victor151886 ($1.98 in chips) 
0RB BR0: posts small blind $0.01
dddeeeggg: posts big blind $0.02
*** HOLE CARDS ***
Dealt to Dorex2007 [Kc Qd]
Warningdanger1: folds 
Kupec Danila: folds 
kiling1: calls $0.02
Victor151886: calls $0.02
Dorex2007: raises $0.02 to $0.04
seunghui: folds 
0RB BR0: folds 
dddeeeggg: folds 
kiling1: calls $0.02
Victor151886: folds 
*** FLOP *** [5d 6h Qh]
kiling1: checks 
Dorex2007: bets $0.14
kiling1: folds 
Uncalled bet ($0.14) returned to Dorex2007
Dorex2007 collected $0.13 from pot
Dorex2007: doesn't show hand 
*** SUMMARY ***
Total pot $0.13 | Rake $0 
Board [5d 6h Qh]
Seat 1: Dorex2007 collected ($0.13)
Seat 2: seunghui (button) folded before Flop (didn't bet)
Seat 3: 0RB BR0 (small blind) folded before Flop
Seat 4: dddeeeggg (big blind) folded before Flop
Seat 5: Warningdanger1 folded before Flop (didn't bet)
Seat 6: Kupec Danila folded before Flop (didn't bet)
Seat 7: kiling1 folded on the Flop
Seat 8: Victor151886 folded before Flop



PokerStars Hand #224715726186:  Hold'em No Limit ($0.01/$0.02 USD) - 2021/03/11 22:48:08 PT [2021/03/12 1:48:08 ET]
Table 'Tirela II' 9-max Seat #3 is the button
Seat 1: Dorex2007 ($2.04 in chips) 
Seat 2: seunghui ($1.97 in chips) 
Seat 3: 0RB BR0 ($2.41 in chips) 
Seat 4: dddeeeggg ($3.03 in chips) 
Seat 5: Warningdanger1 ($1.79 in chips) 
Seat 6: Kupec Danila ($2.37 in chips) 
Seat 7: kiling1 ($1.74 in chips) 
Seat 8: Victor151886 ($1.96 in chips) 
Seat 9: nosnti33 ($0.74 in chips) 
dddeeeggg: posts small blind $0.01
Warningdanger1: posts big blind $0.02
*** HOLE CARDS ***
Dealt to Dorex2007 [5h 7h]
Kupec Danila: folds 
kiling1: folds 
Victor151886: folds 
nosnti33: folds 
Dorex2007: folds 
seunghui: folds 
0RB BR0: folds 
dddeeeggg: folds 
Uncalled bet ($0.01) returned to Warningdanger1
Warningdanger1 collected $0.02 from pot
Warningdanger1: doesn't show hand 
*** SUMMARY ***
Total pot $0.02 | Rake $0 
Seat 1: Dorex2007 folded before Flop (didn't bet)
Seat 2: seunghui folded before Flop (didn't bet)
Seat 3: 0RB BR0 (button) folded before Flop (didn't bet)
Seat 4: dddeeeggg (small blind) folded before Flop
Seat 5: Warningdanger1 (big blind) collected ($0.02)
Seat 6: Kupec Danila folded before Flop (didn't bet)
Seat 7: kiling1 folded before Flop (didn't bet)
Seat 8: Victor151886 folded before Flop (didn't bet)
Seat 9: nosnti33 folded before Flop (didn't bet)



PokerStars Hand #224715730347:  Hold'em No Limit ($0.01/$0.02 USD) - 2021/03/11 22:48:30 PT [2021/03/12 1:48:30 ET]
Table 'Tirela II' 9-max Seat #4 is the button
Seat 1: Dorex2007 ($2.04 in chips) 
Seat 2: seunghui ($1.97 in chips) 
Seat 3: 0RB BR0 ($2.41 in chips) 
Seat 4: dddeeeggg ($3.02 in chips) 
Seat 5: Warningdanger1 ($1.80 in chips) 
Seat 6: Kupec Danila ($2.37 in chips) 
Seat 7: kiling1 ($1.74 in chips) 
Seat 8: Victor151886 ($1.96 in chips) 
Seat 9: nosnti33 ($0.74 in chips) 
Warningdanger1: posts small blind $0.01
Kupec Danila: posts big blind $0.02
*** HOLE CARDS ***
Dealt to Dorex2007 [5s Kc]
kiling1: folds 
Victor151886: calls $0.02
nosnti33: folds 
Dorex2007: folds 
seunghui: folds 
0RB BR0: folds 
dddeeeggg: folds 
Warningdanger1: calls $0.01
Kupec Danila: checks 
*** FLOP *** [Ks 7d 9s]
Warningdanger1: bets $0.03
Kupec Danila: raises $0.12 to $0.15
Victor151886: raises $0.39 to $0.54
Warningdanger1: calls $0.51
Kupec Danila: raises $1.81 to $2.35 and is all-in
Victor151886: calls $1.40 and is all-in
Warningdanger1: calls $1.24 and is all-in
Uncalled bet ($0.41) returned to Kupec Danila
*** TURN *** [Ks 7d 9s] [Jd]
*** RIVER *** [Ks 7d 9s Jd] [8d]
*** SHOW DOWN ***
Kupec Danila: shows [Ts Qs] (a straight, Nine to King)
Victor151886: shows [Tc Kh] (a straight, Seven to Jack)
Warningdanger1: shows [Kd 9c] (two pair, Kings and Nines)
Kupec Danila cashed out the hand for $2.48 | Cash Out Fee $0.02
*** SUMMARY ***
Total pot $5.72 Main pot $5.21. Side pot $0.31. | Rake $0.20 
Board [Ks 7d 9s Jd 8d]
Seat 1: Dorex2007 folded before Flop (didn't bet)
Seat 2: seunghui folded before Flop (didn't bet)
Seat 3: 0RB BR0 folded before Flop (didn't bet)
Seat 4: dddeeeggg (button) folded before Flop (didn't bet)
Seat 5: Warningdanger1 (small blind) showed [Kd 9c] and lost with two pair, Kings and Nines
Seat 6: Kupec Danila (big blind) showed [Ts Qs] and won ($5.52) with a straight, Nine to King (pot not awarded as player cashed out)
Seat 7: kiling1 folded before Flop (didn't bet)
Seat 8: Victor151886 showed [Tc Kh] and lost with a straight, Seven to Jack
Seat 9: nosnti33 folded before Flop (didn't bet)



PokerStars Hand #224715748613:  Hold'em No Limit ($0.01/$0.02 USD) - 2021/03/11 22:50:04 PT [2021/03/12 1:50:04 ET]
Table 'Tirela II' 9-max Seat #6 is the button
Seat 1: Dorex2007 ($2.04 in chips) 
Seat 2: seunghui ($1.97 in chips) 
Seat 3: 0RB BR0 ($2.41 in chips) 
Seat 4: dddeeeggg ($3.02 in chips) 
Seat 6: Kupec Danila ($2.89 in chips) 
Seat 7: kiling1 ($1.74 in chips) 
Seat 9: nosnti33 ($0.74 in chips) 
kiling1: posts small blind $0.01
nosnti33: posts big blind $0.02
*** HOLE CARDS ***
Dealt to Dorex2007 [3s 3d]
Dorex2007: folds 
seunghui: folds 
0RB BR0: folds 
dddeeeggg: folds 
Warningdanger1 leaves the table
Kupec Danila: raises $0.04 to $0.06
kiling1: folds 
nosnti33: folds 
Uncalled bet ($0.04) returned to Kupec Danila
Kupec Danila collected $0.05 from pot
*** SUMMARY ***
Total pot $0.05 | Rake $0 
Seat 1: Dorex2007 folded before Flop (didn't bet)
Seat 2: seunghui folded before Flop (didn't bet)
Seat 3: 0RB BR0 folded before Flop (didn't bet)
Seat 4: dddeeeggg folded before Flop (didn't bet)
Seat 6: Kupec Danila (button) collected ($0.05)
Seat 7: kiling1 (small blind) folded before Flop
Seat 9: nosnti33 (big blind) folded before Flop



PokerStars Hand #224715752556:  Hold'em No Limit ($0.01/$0.02 USD) - 2021/03/11 22:50:24 PT [2021/03/12 1:50:24 ET]
Table 'Tirela II' 9-max Seat #7 is the button
Seat 1: Dorex2007 ($2.04 in chips) 
Seat 2: seunghui ($1.97 in chips) 
Seat 3: 0RB BR0 ($2.41 in chips) 
Seat 4: dddeeeggg ($3.02 in chips) 
Seat 6: Kupec Danila ($2.92 in chips) 
Seat 7: kiling1 ($1.73 in chips) 
Seat 9: nosnti33 ($0.72 in chips) 
nosnti33: posts small blind $0.01
Dorex2007: posts big blind $0.02
*** HOLE CARDS ***
Dealt to Dorex2007 [6d 8h]
seunghui: folds 
0RB BR0: folds 
dddeeeggg: folds 
Kupec Danila: folds 
kiling1: folds 
nosnti33: folds 
Uncalled bet ($0.01) returned to Dorex2007
Dorex2007 collected $0.02 from pot
Dorex2007: doesn't show hand 
*** SUMMARY ***
Total pot $0.02 | Rake $0 
Seat 1: Dorex2007 (big blind) collected ($0.02)
Seat 2: seunghui folded before Flop (didn't bet)
Seat 3: 0RB BR0 folded before Flop (didn't bet)
Seat 4: dddeeeggg folded before Flop (didn't bet)
Seat 6: Kupec Danila folded before Flop (didn't bet)
Seat 7: kiling1 (button) folded before Flop (didn't bet)
Seat 9: nosnti33 (small blind) folded before Flop



PokerStars Hand #224715755609:  Hold'em No Limit ($0.01/$0.02 USD) - 2021/03/11 22:50:40 PT [2021/03/12 1:50:40 ET]
Table 'Tirela II' 9-max Seat #9 is the button
Seat 1: Dorex2007 ($2.05 in chips) 
Seat 2: seunghui ($1.97 in chips) 
Seat 3: 0RB BR0 ($2.41 in chips) 
Seat 4: dddeeeggg ($3.02 in chips) 
Seat 6: Kupec Danila ($2.92 in chips) 
Seat 7: kiling1 ($1.73 in chips) 
Seat 9: nosnti33 ($0.71 in chips) 
Dorex2007: posts small blind $0.01
seunghui: posts big blind $0.02
*** HOLE CARDS ***
Dealt to Dorex2007 [Th Ts]
0RB BR0: calls $0.02
dddeeeggg: folds 
Kupec Danila: folds 
kiling1: raises $0.07 to $0.09
nosnti33: folds 
Dorex2007: calls $0.08
seunghui: folds 
0RB BR0: folds 
*** FLOP *** [5s 5c 9c]
Dorex2007: bets $0.14
Victor151886 leaves the table
kiling1: calls $0.14
*** TURN *** [5s 5c 9c] [Jd]
Dorex2007: bets $0.32
kiling1: folds 
Uncalled bet ($0.32) returned to Dorex2007
Dorex2007 collected $0.48 from pot
Dorex2007: doesn't show hand 
*** SUMMARY ***
Total pot $0.50 | Rake $0.02 
Board [5s 5c 9c Jd]
Seat 1: Dorex2007 (small blind) collected ($0.48)
Seat 2: seunghui (big blind) folded before Flop
Seat 3: 0RB BR0 folded before Flop
Seat 4: dddeeeggg folded before Flop (didn't bet)
Seat 6: Kupec Danila folded before Flop (didn't bet)
Seat 7: kiling1 folded on the Turn
Seat 9: nosnti33 (button) folded before Flop (didn't bet)



PokerStars Hand #224715764580:  Hold'em No Limit ($0.01/$0.02 USD) - 2021/03/11 22:51:27 PT [2021/03/12 1:51:27 ET]
Table 'Tirela II' 9-max Seat #1 is the button
Seat 1: Dorex2007 ($2.30 in chips) 
Seat 2: seunghui ($1.95 in chips) 
Seat 3: 0RB BR0 ($2.39 in chips) 
Seat 4: dddeeeggg ($3.02 in chips) 
Seat 6: Kupec Danila ($2.92 in chips) 
Seat 7: kiling1 ($1.50 in chips) 
Seat 9: nosnti33 ($0.71 in chips) 
seunghui: posts small blind $0.01
0RB BR0: posts big blind $0.02
*** HOLE CARDS ***
Dealt to Dorex2007 [Ac 2h]
dddeeeggg: folds 
Kupec Danila: folds 
kiling1: raises $0.04 to $0.06
nosnti33: folds 
Dorex2007: folds 
seunghui: folds 
0RB BR0: folds 
Uncalled bet ($0.04) returned to kiling1
kiling1 collected $0.05 from pot
kiling1: doesn't show hand 
*** SUMMARY ***
Total pot $0.05 | Rake $0 
Seat 1: Dorex2007 (button) folded before Flop (didn't bet)
Seat 2: seunghui (small blind) folded before Flop
Seat 3: 0RB BR0 (big blind) folded before Flop
Seat 4: dddeeeggg folded before Flop (didn't bet)
Seat 6: Kupec Danila folded before Flop (didn't bet)
Seat 7: kiling1 collected ($0.05)
Seat 9: nosnti33 folded before Flop (didn't bet)



PokerStars Hand #224715767780:  Hold'em No Limit ($0.01/$0.02 USD) - 2021/03/11 22:51:43 PT [2021/03/12 1:51:43 ET]
Table 'Tirela II' 9-max Seat #2 is the button
Seat 1: Dorex2007 ($2.30 in chips) 
Seat 2: seunghui ($1.94 in chips) 
Seat 3: 0RB BR0 ($2.37 in chips) 
Seat 4: dddeeeggg ($3.02 in chips) 
Seat 6: Kupec Danila ($2.92 in chips) 
Seat 7: kiling1 ($1.53 in chips) 
Seat 9: nosnti33 ($0.71 in chips) 
0RB BR0: posts small blind $0.01
dddeeeggg: posts big blind $0.02
*** HOLE CARDS ***
Dealt to Dorex2007 [2d 4d]
Kupec Danila: folds 
kiling1: folds 
nosnti33: folds 
Dorex2007: folds 
seunghui: folds 
0RB BR0: calls $0.01
dddeeeggg: checks 
*** FLOP *** [5s 6h 8d]
0RB BR0: checks 
dddeeeggg: bets $0.04
0RB BR0: calls $0.04
*** TURN *** [5s 6h 8d] [Kc]
0RB BR0: checks 
dddeeeggg: checks 
*** RIVER *** [5s 6h 8d Kc] [Kh]
0RB BR0: bets $0.02
dddeeeggg: calls $0.02
*** SHOW DOWN ***
0RB BR0: shows [5c 4c] (two pair, Kings and Fives)
dddeeeggg: shows [5h Qc] (two pair, Kings and Fives - Queen kicker)
dddeeeggg collected $0.15 from pot
*** SUMMARY ***
Total pot $0.16 | Rake $0.01 
Board [5s 6h 8d Kc Kh]
Seat 1: Dorex2007 folded before Flop (didn't bet)
Seat 2: seunghui (button) folded before Flop (didn't bet)
Seat 3: 0RB BR0 (small blind) showed [5c 4c] and lost with two pair, Kings and Fives
Seat 4: dddeeeggg (big blind) showed [5h Qc] and won ($0.15) with two pair, Kings and Fives
Seat 6: Kupec Danila folded before Flop (didn't bet)
Seat 7: kiling1 folded before Flop (didn't bet)
Seat 9: nosnti33 folded before Flop (didn't bet)



PokerStars Hand #224715777252:  Hold'em No Limit ($0.01/$0.02 USD) - 2021/03/11 22:52:32 PT [2021/03/12 1:52:32 ET]
Table 'Tirela II' 9-max Seat #3 is the button
Seat 1: Dorex2007 ($2.30 in chips) 
Seat 2: seunghui ($1.94 in chips) 
Seat 3: 0RB BR0 ($2.29 in chips) 
Seat 4: dddeeeggg ($3.09 in chips) 
Seat 6: Kupec Danila ($2.92 in chips) 
Seat 7: kiling1 ($1.53 in chips) 
Seat 9: nosnti33 ($0.71 in chips) 
dddeeeggg: posts small blind $0.01
Kupec Danila: posts big blind $0.02
*** HOLE CARDS ***
Dealt to Dorex2007 [Td 3c]
kiling1: raises $0.05 to $0.07
nosnti33: folds 
Dorex2007: folds 
seunghui: folds 
0RB BR0: folds 
dddeeeggg: folds 
Kupec Danila: folds 
Uncalled bet ($0.05) returned to kiling1
kiling1 collected $0.05 from pot
kiling1: doesn't show hand 
*** SUMMARY ***
Total pot $0.05 | Rake $0 
Seat 1: Dorex2007 folded before Flop (didn't bet)
Seat 2: seunghui folded before Flop (didn't bet)
Seat 3: 0RB BR0 (button) folded before Flop (didn't bet)
Seat 4: dddeeeggg (small blind) folded before Flop
Seat 6: Kupec Danila (big blind) folded before Flop
Seat 7: kiling1 collected ($0.05)
Seat 9: nosnti33 folded before Flop (didn't bet)



PokerStars Hand #224715782205:  Hold'em No Limit ($0.01/$0.02 USD) - 2021/03/11 22:52:57 PT [2021/03/12 1:52:57 ET]
Table 'Tirela II' 9-max Seat #4 is the button
Seat 1: Dorex2007 ($2.30 in chips) 
Seat 2: seunghui ($1.94 in chips) 
Seat 3: 0RB BR0 ($2.29 in chips) 
Seat 4: dddeeeggg ($3.08 in chips) 
Seat 6: Kupec Danila ($2.90 in chips) 
Seat 7: kiling1 ($1.56 in chips) 
Seat 9: nosnti33 ($0.71 in chips) 
Kupec Danila: posts small blind $0.01
kiling1: posts big blind $0.02
*** HOLE CARDS ***
Dealt to Dorex2007 [7c Qd]
nosnti33: folds 
Dorex2007: folds 
seunghui: folds 
0RB BR0: folds 
dddeeeggg: folds 
Kupec Danila: folds 
Uncalled bet ($0.01) returned to kiling1
kiling1 collected $0.02 from pot
kiling1: doesn't show hand 
*** SUMMARY ***
Total pot $0.02 | Rake $0 
Seat 1: Dorex2007 folded before Flop (didn't bet)
Seat 2: seunghui folded before Flop (didn't bet)
Seat 3: 0RB BR0 folded before Flop (didn't bet)
Seat 4: dddeeeggg (button) folded before Flop (didn't bet)
Seat 6: Kupec Danila (small blind) folded before Flop
Seat 7: kiling1 (big blind) collected ($0.02)
Seat 9: nosnti33 folded before Flop (didn't bet)



PokerStars Hand #224715786083:  Hold'em No Limit ($0.01/$0.02 USD) - 2021/03/11 22:53:18 PT [2021/03/12 1:53:18 ET]
Table 'Tirela II' 9-max Seat #6 is the button
Seat 1: Dorex2007 ($2.30 in chips) 
Seat 2: seunghui ($1.94 in chips) 
Seat 3: 0RB BR0 ($2.29 in chips) 
Seat 4: dddeeeggg ($3.08 in chips) 
Seat 6: Kupec Danila ($2.89 in chips) 
Seat 7: kiling1 ($1.57 in chips) 
Seat 9: nosnti33 ($0.71 in chips) 
kiling1: posts small blind $0.01
nosnti33: posts big blind $0.02
*** HOLE CARDS ***
Dealt to Dorex2007 [As 8c]
Dorex2007: folds 
seunghui: folds 
0RB BR0: folds 
dddeeeggg: folds 
Kupec Danila: raises $0.04 to $0.06
kiling1: folds 
nosnti33: folds 
Uncalled bet ($0.04) returned to Kupec Danila
Kupec Danila collected $0.05 from pot
*** SUMMARY ***
Total pot $0.05 | Rake $0 
Seat 1: Dorex2007 folded before Flop (didn't bet)
Seat 2: seunghui folded before Flop (didn't bet)
Seat 3: 0RB BR0 folded before Flop (didn't bet)
Seat 4: dddeeeggg folded before Flop (didn't bet)
Seat 6: Kupec Danila (button) collected ($0.05)
Seat 7: kiling1 (small blind) folded before Flop
Seat 9: nosnti33 (big blind) folded before Flop



PokerStars Hand #224715790266:  Hold'em No Limit ($0.01/$0.02 USD) - 2021/03/11 22:53:40 PT [2021/03/12 1:53:40 ET]
Table 'Tirela II' 9-max Seat #7 is the button
Seat 1: Dorex2007 ($2.30 in chips) 
Seat 2: seunghui ($1.94 in chips) 
Seat 3: 0RB BR0 ($2.29 in chips) 
Seat 4: dddeeeggg ($3.08 in chips) 
Seat 6: Kupec Danila ($2.92 in chips) 
Seat 7: kiling1 ($1.56 in chips) 
Seat 9: nosnti33 ($0.69 in chips) 
nosnti33: posts small blind $0.01
Dorex2007: posts big blind $0.02
*** HOLE CARDS ***
Dealt to Dorex2007 [Qd Tc]
seunghui: folds 
0RB BR0: folds 
dddeeeggg: raises $0.04 to $0.06
Kupec Danila: folds 
kiling1: folds 
nosnti33: calls $0.05
Dorex2007: calls $0.04
*** FLOP *** [9s 4s Kh]
nosnti33: checks 
Dorex2007: checks 
dddeeeggg: bets $0.10
nosnti33: folds 
Dorex2007: calls $0.10
*** TURN *** [9s 4s Kh] [4h]
Dorex2007: bets $0.25
dddeeeggg: calls $0.25
*** RIVER *** [9s 4s Kh 4h] [8d]
Dorex2007: checks 
dddeeeggg: checks 
*** SHOW DOWN ***
Dorex2007: shows [Qd Tc] (a pair of Fours)
dddeeeggg: shows [As Kc] (two pair, Kings and Fours)
dddeeeggg collected $0.85 from pot
*** SUMMARY ***
Total pot $0.88 | Rake $0.03 
Board [9s 4s Kh 4h 8d]
Seat 1: Dorex2007 (big blind) showed [Qd Tc] and lost with a pair of Fours
Seat 2: seunghui folded before Flop (didn't bet)
Seat 3: 0RB BR0 folded before Flop (didn't bet)
Seat 4: dddeeeggg showed [As Kc] and won ($0.85) with two pair, Kings and Fours
Seat 6: Kupec Danila folded before Flop (didn't bet)
Seat 7: kiling1 (button) folded before Flop (didn't bet)
Seat 9: nosnti33 (small blind) folded on the Flop



PokerStars Hand #224715801497:  Hold'em No Limit ($0.01/$0.02 USD) - 2021/03/11 22:54:39 PT [2021/03/12 1:54:39 ET]
Table 'Tirela II' 9-max Seat #9 is the button
Seat 1: Dorex2007 ($1.89 in chips) 
Seat 2: seunghui ($1.94 in chips) 
Seat 3: 0RB BR0 ($2.29 in chips) 
Seat 4: dddeeeggg ($3.52 in chips) 
Seat 6: Kupec Danila ($2.92 in chips) 
Seat 7: kiling1 ($1.56 in chips) 
Seat 9: nosnti33 ($0.63 in chips) 
Dorex2007: posts small blind $0.01
seunghui: posts big blind $0.02
*** HOLE CARDS ***
Dealt to Dorex2007 [4s 8s]
0RB BR0: folds 
dddeeeggg: folds 
Kupec Danila: raises $0.04 to $0.06
kiling1: folds 
nosnti33: folds 
Dorex2007: folds 
seunghui: calls $0.04
*** FLOP *** [Qd Qc Tc]
seunghui: checks 
Kupec Danila: checks 
*** TURN *** [Qd Qc Tc] [Ac]
seunghui: checks 
Kupec Danila: checks 
*** RIVER *** [Qd Qc Tc Ac] [Ks]
kiling1 leaves the table
seunghui: checks 
Kupec Danila: checks 
*** SHOW DOWN ***
seunghui: shows [6s 6c] (two pair, Queens and Sixes)
Kupec Danila: mucks hand 
seunghui collected $0.13 from pot
*** SUMMARY ***
Total pot $0.13 | Rake $0 
Board [Qd Qc Tc Ac Ks]
Seat 1: Dorex2007 (small blind) folded before Flop
Seat 2: seunghui (big blind) showed [6s 6c] and won ($0.13) with two pair, Queens and Sixes
Seat 3: 0RB BR0 folded before Flop (didn't bet)
Seat 4: dddeeeggg folded before Flop (didn't bet)
Seat 6: Kupec Danila mucked [4h 5h]
Seat 7: kiling1 folded before Flop (didn't bet)
Seat 9: nosnti33 (button) folded before Flop (didn't bet)



PokerStars Hand #224715808364:  Hold'em No Limit ($0.01/$0.02 USD) - 2021/03/11 22:55:15 PT [2021/03/12 1:55:15 ET]
Table 'Tirela II' 9-max Seat #1 is the button
Seat 1: Dorex2007 ($1.88 in chips) 
Seat 2: seunghui ($2.01 in chips) 
Seat 3: 0RB BR0 ($2.29 in chips) 
Seat 4: dddeeeggg ($3.52 in chips) 
Seat 6: Kupec Danila ($2.86 in chips) 
Seat 9: nosnti33 ($0.63 in chips) 
seunghui: posts small blind $0.01
0RB BR0: posts big blind $0.02
*** HOLE CARDS ***
Dealt to Dorex2007 [7d 8c]
dddeeeggg: folds 
Kupec Danila: raises $0.04 to $0.06
nosnti33: folds 
Dorex2007: folds 
seunghui: folds 
0RB BR0: folds 
Uncalled bet ($0.04) returned to Kupec Danila
Kupec Danila collected $0.05 from pot
*** SUMMARY ***
Total pot $0.05 | Rake $0 
Seat 1: Dorex2007 (button) folded before Flop (didn't bet)
Seat 2: seunghui (small blind) folded before Flop
Seat 3: 0RB BR0 (big blind) folded before Flop
Seat 4: dddeeeggg folded before Flop (didn't bet)
Seat 6: Kupec Danila collected ($0.05)
Seat 9: nosnti33 folded before Flop (didn't bet)



PokerStars Hand #224715810260:  Hold'em No Limit ($0.01/$0.02 USD) - 2021/03/11 22:55:26 PT [2021/03/12 1:55:26 ET]
Table 'Tirela II' 9-max Seat #2 is the button
Seat 1: Dorex2007 ($1.88 in chips) 
Seat 2: seunghui ($2 in chips) 
Seat 3: 0RB BR0 ($2.27 in chips) 
Seat 4: dddeeeggg ($3.52 in chips) 
Seat 6: Kupec Danila ($2.89 in chips) 
Seat 9: nosnti33 ($0.63 in chips) 
0RB BR0: posts small blind $0.01
dddeeeggg: posts big blind $0.02
*** HOLE CARDS ***
Dealt to Dorex2007 [Ts 6d]
Kupec Danila: folds 
nosnti33 has timed out
nosnti33: folds 
Dorex2007: folds 
seunghui: folds 
0RB BR0: calls $0.01
dddeeeggg: checks 
*** FLOP *** [6s Qc 9h]
0RB BR0: checks 
dddeeeggg: checks 
*** TURN *** [6s Qc 9h] [8h]
0RB BR0: checks 
dddeeeggg: bets $0.04
0RB BR0: folds 
Uncalled bet ($0.04) returned to dddeeeggg
dddeeeggg collected $0.04 from pot
dddeeeggg: doesn't show hand 
*** SUMMARY ***
Total pot $0.04 | Rake $0 
Board [6s Qc 9h 8h]
Seat 1: Dorex2007 folded before Flop (didn't bet)
Seat 2: seunghui (button) folded before Flop (didn't bet)
Seat 3: 0RB BR0 (small blind) folded on the Turn
Seat 4: dddeeeggg (big blind) collected ($0.04)
Seat 6: Kupec Danila folded before Flop (didn't bet)
Seat 9: nosnti33 folded before Flop (didn't bet)



PokerStars Hand #224715823124:  Hold'em No Limit ($0.01/$0.02 USD) - 2021/03/11 22:56:26 PT [2021/03/12 1:56:26 ET]
Table 'Tirela II' 9-max Seat #3 is the button
Seat 1: Dorex2007 ($1.88 in chips) 
Seat 2: seunghui ($2 in chips) 
Seat 3: 0RB BR0 ($2.25 in chips) 
Seat 4: dddeeeggg ($3.54 in chips) 
Seat 6: Kupec Danila ($2.89 in chips) 
dddeeeggg: posts small blind $0.01
Kupec Danila: posts big blind $0.02
*** HOLE CARDS ***
Dealt to Dorex2007 [5c 7c]
Dorex2007: folds 
seunghui: folds 
0RB BR0: folds 
dddeeeggg: folds 
Uncalled bet ($0.01) returned to Kupec Danila
Kupec Danila collected $0.02 from pot
*** SUMMARY ***
Total pot $0.02 | Rake $0 
Seat 1: Dorex2007 folded before Flop (didn't bet)
Seat 2: seunghui folded before Flop (didn't bet)
Seat 3: 0RB BR0 (button) folded before Flop (didn't bet)
Seat 4: dddeeeggg (small blind) folded before Flop
Seat 6: Kupec Danila (big blind) collected ($0.02)



PokerStars Hand #224715825452:  Hold'em No Limit ($0.01/$0.02 USD) - 2021/03/11 22:56:41 PT [2021/03/12 1:56:41 ET]
Table 'Tirela II' 9-max Seat #4 is the button
Seat 1: Dorex2007 ($1.88 in chips) 
Seat 2: seunghui ($2 in chips) 
Seat 3: 0RB BR0 ($2.25 in chips) 
Seat 4: dddeeeggg ($3.53 in chips) 
Seat 6: Kupec Danila ($2.90 in chips) 
Kupec Danila: posts small blind $0.01
Dorex2007: posts big blind $0.02
*** HOLE CARDS ***
Dealt to Dorex2007 [7s Kh]
seunghui: folds 
0RB BR0: folds 
dddeeeggg: folds 
Kupec Danila: raises $0.04 to $0.06
Dorex2007: folds 
Uncalled bet ($0.04) returned to Kupec Danila
Kupec Danila collected $0.04 from pot
*** SUMMARY ***
Total pot $0.04 | Rake $0 
Seat 1: Dorex2007 (big blind) folded before Flop
Seat 2: seunghui folded before Flop (didn't bet)
Seat 3: 0RB BR0 folded before Flop (didn't bet)
Seat 4: dddeeeggg (button) folded before Flop (didn't bet)
Seat 6: Kupec Danila (small blind) collected ($0.04)



PokerStars Hand #224715829332:  Hold'em No Limit ($0.01/$0.02 USD) - 2021/03/11 22:57:05 PT [2021/03/12 1:57:05 ET]
Table 'Tirela II' 9-max Seat #6 is the button
Seat 1: Dorex2007 ($1.86 in chips) 
Seat 2: seunghui ($2 in chips) 
Seat 3: 0RB BR0 ($2.25 in chips) 
Seat 4: dddeeeggg ($3.53 in chips) 
Seat 6: Kupec Danila ($2.92 in chips) 
Dorex2007: posts small blind $0.01
seunghui: posts big blind $0.02
*** HOLE CARDS ***
Dealt to Dorex2007 [4s 4c]
0RB BR0: folds 
dddeeeggg: folds 
Kupec Danila: raises $0.04 to $0.06
Dorex2007: calls $0.05
seunghui: folds 
*** FLOP *** [As 5d 7h]
Dorex2007: checks 
Kupec Danila: bets $0.08
Dorex2007: raises $0.20 to $0.28
Kupec Danila: folds 
Uncalled bet ($0.20) returned to Dorex2007
Dorex2007 collected $0.29 from pot
Dorex2007: doesn't show hand 
*** SUMMARY ***
Total pot $0.30 | Rake $0.01 
Board [As 5d 7h]
Seat 1: Dorex2007 (small blind) collected ($0.29)
Seat 2: seunghui (big blind) folded before Flop
Seat 3: 0RB BR0 folded before Flop (didn't bet)
Seat 4: dddeeeggg folded before Flop (didn't bet)
Seat 6: Kupec Danila (button) folded on the Flop



PokerStars Hand #224715833598:  Hold'em No Limit ($0.01/$0.02 USD) - 2021/03/11 22:57:31 PT [2021/03/12 1:57:31 ET]
Table 'Tirela II' 9-max Seat #1 is the button
Seat 1: Dorex2007 ($2.01 in chips) 
Seat 2: seunghui ($1.98 in chips) 
Seat 3: 0RB BR0 ($2.25 in chips) 
Seat 4: dddeeeggg ($3.53 in chips) 
Seat 6: Kupec Danila ($2.78 in chips) 
seunghui: posts small blind $0.01
0RB BR0: posts big blind $0.02
nosnti33: sits out 
*** HOLE CARDS ***
Dealt to Dorex2007 [Th Js]
dddeeeggg: folds 
Kupec Danila: folds 
Dorex2007: raises $0.04 to $0.06
seunghui: folds 
0RB BR0: folds 
Uncalled bet ($0.04) returned to Dorex2007
Dorex2007 collected $0.05 from pot
Dorex2007: doesn't show hand 
*** SUMMARY ***
Total pot $0.05 | Rake $0 
Seat 1: Dorex2007 (button) collected ($0.05)
Seat 2: seunghui (small blind) folded before Flop
Seat 3: 0RB BR0 (big blind) folded before Flop
Seat 4: dddeeeggg folded before Flop (didn't bet)
Seat 6: Kupec Danila folded before Flop (didn't bet)



PokerStars Hand #224715836807:  Hold'em No Limit ($0.01/$0.02 USD) - 2021/03/11 22:57:50 PT [2021/03/12 1:57:50 ET]
Table 'Tirela II' 9-max Seat #2 is the button
Seat 1: Dorex2007 ($2.04 in chips) 
Seat 2: seunghui ($1.97 in chips) 
Seat 3: 0RB BR0 ($2.23 in chips) 
Seat 4: dddeeeggg ($3.53 in chips) 
Seat 6: Kupec Danila ($2.78 in chips) 
Seat 9: nosnti33 ($0.63 in chips) 
0RB BR0: posts small blind $0.01
dddeeeggg: posts big blind $0.02
nosnti33: posts small & big blinds $0.03
*** HOLE CARDS ***
Dealt to Dorex2007 [5d Js]
Kupec Danila: folds 
nosnti33: checks 
Dorex2007: folds 
seunghui: folds 
0RB BR0: raises $0.02 to $0.04
dddeeeggg: calls $0.02
nosnti33: calls $0.02
*** FLOP *** [Qh 3h Qd]
0RB BR0: checks 
dddeeeggg: bets $0.08
nosnti33: folds 
0RB BR0: folds 
Uncalled bet ($0.08) returned to dddeeeggg
dddeeeggg collected $0.13 from pot
dddeeeggg: doesn't show hand 
*** SUMMARY ***
Total pot $0.13 | Rake $0 
Board [Qh 3h Qd]
Seat 1: Dorex2007 folded before Flop (didn't bet)
Seat 2: seunghui (button) folded before Flop (didn't bet)
Seat 3: 0RB BR0 (small blind) folded on the Flop
Seat 4: dddeeeggg (big blind) collected ($0.13)
Seat 6: Kupec Danila folded before Flop (didn't bet)
Seat 9: nosnti33 folded on the Flop



PokerStars Hand #224715841044:  Hold'em No Limit ($0.01/$0.02 USD) - 2021/03/11 22:58:16 PT [2021/03/12 1:58:16 ET]
Table 'Tirela II' 9-max Seat #3 is the button
Seat 1: Dorex2007 ($2.04 in chips) 
Seat 2: seunghui ($1.97 in chips) 
Seat 3: 0RB BR0 ($2.19 in chips) 
Seat 4: dddeeeggg ($3.62 in chips) 
Seat 9: nosnti33 ($0.58 in chips) 
dddeeeggg: posts small blind $0.01
Kupec Danila: is sitting out 
nosnti33: posts big blind $0.02
*** HOLE CARDS ***
Dealt to Dorex2007 [Jd As]
Kupec Danila leaves the table
Dorex2007: raises $0.04 to $0.06
seunghui: folds 
0RB BR0: folds 
0RB BR0 leaves the table
dddeeeggg: folds 
nosnti33: folds 
Uncalled bet ($0.04) returned to Dorex2007
Dorex2007 collected $0.05 from pot
Dorex2007: doesn't show hand 
*** SUMMARY ***
Total pot $0.05 | Rake $0 
Seat 1: Dorex2007 collected ($0.05)
Seat 2: seunghui folded before Flop (didn't bet)
Seat 3: 0RB BR0 (button) folded before Flop (didn't bet)
Seat 4: dddeeeggg (small blind) folded before Flop
Seat 9: nosnti33 (big blind) folded before Flop



PokerStars Hand #224715843855:  Hold'em No Limit ($0.01/$0.02 USD) - 2021/03/11 22:58:33 PT [2021/03/12 1:58:33 ET]
Table 'Tirela II' 9-max Seat #4 is the button
Seat 1: Dorex2007 ($2.07 in chips) 
Seat 2: seunghui ($1.97 in chips) 
Seat 4: dddeeeggg ($3.61 in chips) 
Seat 9: nosnti33 ($0.56 in chips) 
nosnti33: posts small blind $0.01
Dorex2007: posts big blind $0.02
*** HOLE CARDS ***
Dealt to Dorex2007 [Td 5d]
seunghui: folds 
dddeeeggg: folds 
nosnti33: folds 
Uncalled bet ($0.01) returned to Dorex2007
Dorex2007 collected $0.02 from pot
Dorex2007: doesn't show hand 
*** SUMMARY ***
Total pot $0.02 | Rake $0 
Seat 1: Dorex2007 (big blind) collected ($0.02)
Seat 2: seunghui folded before Flop (didn't bet)
Seat 4: dddeeeggg (button) folded before Flop (didn't bet)
Seat 9: nosnti33 (small blind) folded before Flop



PokerStars Hand #224715845915:  Hold'em No Limit ($0.01/$0.02 USD) - 2021/03/11 22:58:45 PT [2021/03/12 1:58:45 ET]
Table 'Tirela II' 9-max Seat #9 is the button
Seat 1: Dorex2007 ($2.08 in chips) 
Seat 2: seunghui ($1.97 in chips) 
Seat 4: dddeeeggg ($3.61 in chips) 
Seat 9: nosnti33 ($0.55 in chips) 
Dorex2007: posts small blind $0.01
seunghui: posts big blind $0.02
*** HOLE CARDS ***
Dealt to Dorex2007 [Ah 2d]
dddeeeggg: folds 
nosnti33: folds 
Dorex2007: calls $0.01
seunghui: checks 
*** FLOP *** [2s 9d 7c]
Dorex2007: checks 
seunghui: checks 
*** TURN *** [2s 9d 7c] [8c]
Dorex2007: checks 
seunghui: checks 
*** RIVER *** [2s 9d 7c 8c] [Ad]
Dorex2007: bets $0.06
seunghui: folds 
Uncalled bet ($0.06) returned to Dorex2007
Dorex2007 collected $0.04 from pot
Dorex2007: doesn't show hand 
*** SUMMARY ***
Total pot $0.04 | Rake $0 
Board [2s 9d 7c 8c Ad]
Seat 1: Dorex2007 (small blind) collected ($0.04)
Seat 2: seunghui (big blind) folded on the River
Seat 4: dddeeeggg folded before Flop (didn't bet)
Seat 9: nosnti33 (button) folded before Flop (didn't bet)



PokerStars Hand #224715852466:  Hold'em No Limit ($0.01/$0.02 USD) - 2021/03/11 22:59:26 PT [2021/03/12 1:59:26 ET]
Table 'Tirela II' 9-max Seat #1 is the button
Seat 1: Dorex2007 ($2.10 in chips) 
Seat 2: seunghui ($1.95 in chips) 
Seat 9: nosnti33 ($0.55 in chips) 
seunghui: posts small blind $0.01
dddeeeggg: is sitting out 
nosnti33: posts big blind $0.02
*** HOLE CARDS ***
Dealt to Dorex2007 [9s 5c]
Dorex2007: folds 
seunghui: folds 
Uncalled bet ($0.01) returned to nosnti33
nosnti33 collected $0.02 from pot
nosnti33: doesn't show hand 
*** SUMMARY ***
Total pot $0.02 | Rake $0 
Seat 1: Dorex2007 (button) folded before Flop (didn't bet)
Seat 2: seunghui (small blind) folded before Flop
Seat 9: nosnti33 (big blind) collected ($0.02)



PokerStars Hand #224715853789:  Hold'em No Limit ($0.01/$0.02 USD) - 2021/03/11 22:59:34 PT [2021/03/12 1:59:34 ET]
Table 'Tirela II' 9-max Seat #2 is the button
Seat 1: Dorex2007 ($2.10 in chips) 
Seat 2: seunghui ($1.94 in chips) 
Seat 9: nosnti33 ($0.56 in chips) 
nosnti33: posts small blind $0.01
Dorex2007: posts big blind $0.02
*** HOLE CARDS ***
Dealt to Dorex2007 [2h Kc]
seunghui: raises $0.06 to $0.08
nosnti33: folds 
Dorex2007: folds 
Uncalled bet ($0.06) returned to seunghui
seunghui collected $0.05 from pot
seunghui: doesn't show hand 
*** SUMMARY ***
Total pot $0.05 | Rake $0 
Seat 1: Dorex2007 (big blind) folded before Flop
Seat 2: seunghui (button) collected ($0.05)
Seat 9: nosnti33 (small blind) folded before Flop



PokerStars Hand #224715856188:  Hold'em No Limit ($0.01/$0.02 USD) - 2021/03/11 22:59:49 PT [2021/03/12 1:59:49 ET]
Table 'Tirela II' 9-max Seat #9 is the button
Seat 1: Dorex2007 ($2.08 in chips) 
Seat 2: seunghui ($1.97 in chips) 
Seat 9: nosnti33 ($0.55 in chips) 
Dorex2007: posts small blind $0.01
seunghui: posts big blind $0.02
*** HOLE CARDS ***
Dealt to Dorex2007 [5c Kd]
nosnti33: folds 
Dorex2007: folds 
Uncalled bet ($0.01) returned to seunghui
seunghui collected $0.02 from pot
seunghui: doesn't show hand 
*** SUMMARY ***
Total pot $0.02 | Rake $0 
Seat 1: Dorex2007 (small blind) folded before Flop
Seat 2: seunghui (big blind) collected ($0.02)
Seat 9: nosnti33 (button) folded before Flop (didn't bet)



PokerStars Hand #224715858049:  Hold'em No Limit ($0.01/$0.02 USD) - 2021/03/11 23:00:00 PT [2021/03/12 2:00:00 ET]
Table 'Tirela II' 9-max Seat #1 is the button
Seat 1: Dorex2007 ($2.07 in chips) 
Seat 2: seunghui ($1.98 in chips) 
Seat 9: nosnti33 ($0.55 in chips) 
seunghui: posts small blind $0.01
nosnti33: posts big blind $0.02
*** HOLE CARDS ***
Dealt to Dorex2007 [5d 2c]
Dorex2007: folds 
seunghui: calls $0.01
nosnti33: checks 
*** FLOP *** [8d Ad Kh]
seunghui: bets $0.08
nosnti33: folds 
Uncalled bet ($0.08) returned to seunghui
seunghui collected $0.04 from pot
seunghui: doesn't show hand 
*** SUMMARY ***
Total pot $0.04 | Rake $0 
Board [8d Ad Kh]
Seat 1: Dorex2007 (button) folded before Flop (didn't bet)
Seat 2: seunghui (small blind) collected ($0.04)
Seat 9: nosnti33 (big blind) folded on the Flop



PokerStars Hand #224715861779:  Hold'em No Limit ($0.01/$0.02 USD) - 2021/03/11 23:00:22 PT [2021/03/12 2:00:22 ET]
Table 'Tirela II' 9-max Seat #2 is the button
Seat 1: Dorex2007 ($2.07 in chips) 
Seat 2: seunghui ($2 in chips) 
Seat 9: nosnti33 ($0.53 in chips) 
nosnti33: posts small blind $0.01
Dorex2007: posts big blind $0.02
*** HOLE CARDS ***
Dealt to Dorex2007 [As Qc]
seunghui: raises $0.06 to $0.08
nosnti33: folds 
Dorex2007: calls $0.06
*** FLOP *** [Th 7c 3d]
Dorex2007: bets $0.11
seunghui: raises $0.19 to $0.30
Dorex2007: calls $0.19
*** TURN *** [Th 7c 3d] [8d]
Dorex2007: checks 
seunghui: bets $0.74
Dorex2007: folds 
Uncalled bet ($0.74) returned to seunghui
seunghui collected $0.74 from pot
seunghui: doesn't show hand 
*** SUMMARY ***
Total pot $0.77 | Rake $0.03 
Board [Th 7c 3d 8d]
Seat 1: Dorex2007 (big blind) folded on the Turn
Seat 2: seunghui (button) collected ($0.74)
Seat 9: nosnti33 (small blind) folded before Flop



PokerStars Hand #224715867964:  Hold'em No Limit ($0.01/$0.02 USD) - 2021/03/11 23:00:55 PT [2021/03/12 2:00:55 ET]
Table 'Tirela II' 9-max Seat #9 is the button
Seat 1: Dorex2007 ($1.69 in chips) 
Seat 2: seunghui ($2.36 in chips) 
Seat 9: nosnti33 ($0.52 in chips) 
Dorex2007: posts small blind $0.01
seunghui: posts big blind $0.02
*** HOLE CARDS ***
Dealt to Dorex2007 [4h Td]
nosnti33: calls $0.02
Dorex2007: folds 
seunghui: checks 
*** FLOP *** [Kh 2h 5d]
seunghui: checks 
nosnti33: checks 
*** TURN *** [Kh 2h 5d] [5s]
seunghui: checks 
nosnti33: checks 
*** RIVER *** [Kh 2h 5d 5s] [Kd]
seunghui: checks 
nosnti33: checks 
*** SHOW DOWN ***
seunghui: shows [Jh 2s] (two pair, Kings and Fives)
nosnti33: shows [6c Qc] (two pair, Kings and Fives - Queen kicker)
nosnti33 collected $0.05 from pot
*** SUMMARY ***
Total pot $0.05 | Rake $0 
Board [Kh 2h 5d 5s Kd]
Seat 1: Dorex2007 (small blind) folded before Flop
Seat 2: seunghui (big blind) showed [Jh 2s] and lost with two pair, Kings and Fives
Seat 9: nosnti33 (button) showed [6c Qc] and won ($0.05) with two pair, Kings and Fives



PokerStars Hand #224715873181:  Hold'em No Limit ($0.01/$0.02 USD) - 2021/03/11 23:01:24 PT [2021/03/12 2:01:24 ET]
Table 'Tirela II' 9-max Seat #1 is the button
Seat 1: Dorex2007 ($1.68 in chips) 
Seat 2: seunghui ($2.34 in chips) 
Seat 9: nosnti33 ($0.55 in chips) 
seunghui: posts small blind $0.01
nosnti33: posts big blind $0.02
*** HOLE CARDS ***
Dealt to Dorex2007 [Tc Js]
Dorex2007: calls $0.02
seunghui: folds 
nosnti33: checks 
*** FLOP *** [Ts Th 7h]
nosnti33: bets $0.02
Dorex2007: raises $0.02 to $0.04
nosnti33: calls $0.02
*** TURN *** [Ts Th 7h] [2c]
nosnti33: checks 
Dorex2007: bets $0.09
nosnti33: raises $0.40 to $0.49 and is all-in
Dorex2007: calls $0.40
*** RIVER *** [Ts Th 7h 2c] [9c]
*** SHOW DOWN ***
nosnti33: shows [7d 2s] (two pair, Tens and Sevens)
Dorex2007: shows [Tc Js] (three of a kind, Tens)
Dorex2007 collected $1.07 from pot
*** SUMMARY ***
Total pot $1.11 | Rake $0.04 
Board [Ts Th 7h 2c 9c]
Seat 1: Dorex2007 (button) showed [Tc Js] and won ($1.07) with three of a kind, Tens
Seat 2: seunghui (small blind) folded before Flop
Seat 9: nosnti33 (big blind) showed [7d 2s] and lost with two pair, Tens and Sevens



PokerStars Hand #224715879183:  Hold'em No Limit ($0.01/$0.02 USD) - 2021/03/11 23:01:56 PT [2021/03/12 2:01:56 ET]
Table 'Tirela II' 9-max Seat #2 is the button
Seat 1: Dorex2007 ($2.20 in chips) 
Seat 2: seunghui ($2.33 in chips) 
seunghui: posts small blind $0.01
Dorex2007: posts big blind $0.02
*** HOLE CARDS ***
Dealt to Dorex2007 [8h 2s]
dddeeeggg leaves the table
seunghui: folds 
Uncalled bet ($0.01) returned to Dorex2007
Dorex2007 collected $0.02 from pot
Dorex2007: doesn't show hand 
nosnti33 leaves the table
*** SUMMARY ***
Total pot $0.02 | Rake $0 
Seat 1: Dorex2007 (big blind) collected ($0.02)
Seat 2: seunghui (button) (small blind) folded before Flop



PokerStars Hand #224715880098:  Hold'em No Limit ($0.01/$0.02 USD) - 2021/03/11 23:02:01 PT [2021/03/12 2:02:01 ET]
Table 'Tirela II' 9-max Seat #1 is the button
Seat 1: Dorex2007 ($2.21 in chips) 
Seat 2: seunghui ($2.32 in chips) 
Dorex2007: posts small blind $0.01
seunghui: posts big blind $0.02
*** HOLE CARDS ***
Dealt to Dorex2007 [Qh 9c]
Dorex2007: folds 
Uncalled bet ($0.01) returned to seunghui
seunghui collected $0.02 from pot
seunghui: doesn't show hand 
*** SUMMARY ***
Total pot $0.02 | Rake $0 
Seat 1: Dorex2007 (button) (small blind) folded before Flop
Seat 2: seunghui (big blind) collected ($0.02)



PokerStars Hand #224715881431:  Hold'em No Limit ($0.01/$0.02 USD) - 2021/03/11 23:02:08 PT [2021/03/12 2:02:08 ET]
Table 'Tirela II' 9-max Seat #2 is the button
Seat 1: Dorex2007 ($2.20 in chips) 
Seat 2: seunghui ($2.33 in chips) 
seunghui: posts small blind $0.01
Dorex2007: posts big blind $0.02
*** HOLE CARDS ***
Dealt to Dorex2007 [Kh 4h]
seunghui: folds 
Uncalled bet ($0.01) returned to Dorex2007
Dorex2007 collected $0.02 from pot
Dorex2007: doesn't show hand 
*** SUMMARY ***
Total pot $0.02 | Rake $0 
Seat 1: Dorex2007 (big blind) collected ($0.02)
Seat 2: seunghui (button) (small blind) folded before Flop



PokerStars Hand #224715882772:  Hold'em No Limit ($0.01/$0.02 USD) - 2021/03/11 23:02:15 PT [2021/03/12 2:02:15 ET]
Table 'Tirela II' 9-max Seat #1 is the button
Seat 1: Dorex2007 ($2.21 in chips) 
Seat 2: seunghui ($2.32 in chips) 
Dorex2007: posts small blind $0.01
seunghui: posts big blind $0.02
*** HOLE CARDS ***
Dealt to Dorex2007 [Ad Td]
Dorex2007: calls $0.01
seunghui: checks 
*** FLOP *** [3d 3c 2h]
seunghui: checks 
Dorex2007: checks 
*** TURN *** [3d 3c 2h] [9h]
seunghui: checks 
Dorex2007: checks 
*** RIVER *** [3d 3c 2h 9h] [6h]
seunghui: checks 
Dorex2007: checks 
*** SHOW DOWN ***
seunghui: shows [Ks 8h] (a pair of Threes)
Dorex2007: shows [Ad Td] (a pair of Threes - Ace kicker)
Dorex2007 collected $0.04 from pot
*** SUMMARY ***
Total pot $0.04 | Rake $0 
Board [3d 3c 2h 9h 6h]
Seat 1: Dorex2007 (button) (small blind) showed [Ad Td] and won ($0.04) with a pair of Threes
Seat 2: seunghui (big blind) showed [Ks 8h] and lost with a pair of Threes



