PokerStars Hand #227355064428:  Hold'em No Limit ($0.01/$0.02 USD) - 2021/06/05 14:04:14 PT [2021/06/05 17:04:14 ET]
Table 'Padua' 9-max Seat #2 is the button
Seat 1: RollingBaby ($0.16 in chips) 
Seat 2: kylethethug ($2.13 in chips) 
Seat 3: atillospb ($2 in chips) 
Seat 4: Dorex2007 ($2 in chips) 
Seat 5: cado bambam ($3.42 in chips) 
Seat 6: GESPARTAN 1999 ($3.17 in chips) 
Seat 7: cr@sh test ($2 in chips) 
Seat 8: Schtief79 ($1.42 in chips) 
Seat 9: 1988ms ($2.04 in chips) 
atillospb: posts small blind $0.01
Dorex2007: posts big blind $0.02
*** HOLE CARDS ***
Dealt to Dorex2007 [5d 3s]
cado bambam: folds 
GESPARTAN 1999: folds 
cr@sh test: folds 
Schtief79: calls $0.02
1988ms: folds 
RollingBaby: calls $0.02
kylethethug: calls $0.02
atillospb: calls $0.01
Dorex2007: checks 
*** FLOP *** [6h Qd 3d]
atillospb: bets $0.06
Dorex2007: folds 
Schtief79: folds 
RollingBaby: calls $0.06
kylethethug: raises $0.06 to $0.12
atillospb: raises $0.20 to $0.32
RollingBaby: calls $0.08 and is all-in
kylethethug: raises $1.79 to $2.11 and is all-in
atillospb: calls $1.66 and is all-in
Uncalled bet ($0.13) returned to kylethethug
*** TURN *** [6h Qd 3d] [8s]
*** RIVER *** [6h Qd 3d 8s] [Kh]
*** SHOW DOWN ***
atillospb: shows [Qh 3h] (two pair, Queens and Threes)
kylethethug: shows [3c Qc] (two pair, Queens and Threes)
atillospb collected $1.78 from side pot
kylethethug collected $1.77 from side pot
RollingBaby: shows [8d Jh] (a pair of Eights)
atillospb collected $0.25 from main pot
kylethethug collected $0.25 from main pot
RollingBaby cashed out the hand for $0.03
*** SUMMARY ***
Total pot $4.20 Main pot $0.50. Side pot $3.55. | Rake $0.15 
Board [6h Qd 3d 8s Kh]
Seat 1: RollingBaby showed [8d Jh] and lost with a pair of Eights (cashed out).
Seat 2: kylethethug (button) showed [3c Qc] and won ($2.02) with two pair, Queens and Threes
Seat 3: atillospb (small blind) showed [Qh 3h] and won ($2.03) with two pair, Queens and Threes
Seat 4: Dorex2007 (big blind) folded on the Flop
Seat 5: cado bambam folded before Flop (didn't bet)
Seat 6: GESPARTAN 1999 folded before Flop (didn't bet)
Seat 7: cr@sh test folded before Flop (didn't bet)
Seat 8: Schtief79 folded on the Flop
Seat 9: 1988ms folded before Flop (didn't bet)



PokerStars Hand #227355105135:  Hold'em No Limit ($0.01/$0.02 USD) - 2021/06/05 14:05:32 PT [2021/06/05 17:05:32 ET]
Table 'Padua' 9-max Seat #3 is the button
Seat 1: RollingBaby ($0.03 in chips) 
Seat 2: kylethethug ($2.15 in chips) 
Seat 3: atillospb ($2.03 in chips) 
Seat 4: Dorex2007 ($1.98 in chips) 
Seat 5: cado bambam ($3.42 in chips) 
Seat 6: GESPARTAN 1999 ($3.17 in chips) 
Seat 7: cr@sh test ($2 in chips) 
Seat 8: Schtief79 ($1.40 in chips) 
Seat 9: 1988ms ($2.04 in chips) 
Dorex2007: posts small blind $0.01
cado bambam: posts big blind $0.02
*** HOLE CARDS ***
Dealt to Dorex2007 [5d Ad]
GESPARTAN 1999: folds 
cr@sh test: folds 
Schtief79: folds 
1988ms has timed out
1988ms: folds 
RollingBaby: raises $0.01 to $0.03 and is all-in
kylethethug: folds 
atillospb: folds 
Dorex2007: calls $0.02
cado bambam: calls $0.01
*** FLOP *** [3d Jd 4c]
Dorex2007: checks 
cado bambam: checks 
*** TURN *** [3d Jd 4c] [4d]
Dorex2007: checks 
cado bambam: bets $0.03
Dorex2007: calls $0.03
*** RIVER *** [3d Jd 4c 4d] [6s]
Dorex2007: bets $0.14
cado bambam: calls $0.14
*** SHOW DOWN ***
Dorex2007: shows [5d Ad] (a flush, Ace high)
cado bambam: mucks hand 
Dorex2007 collected $0.32 from side pot
RollingBaby: mucks hand 
Dorex2007 collected $0.09 from main pot
*** SUMMARY ***
Total pot $0.43 Main pot $0.09. Side pot $0.32. | Rake $0.02 
Board [3d Jd 4c 4d 6s]
Seat 1: RollingBaby mucked [Th Ts]
Seat 2: kylethethug folded before Flop (didn't bet)
Seat 3: atillospb (button) folded before Flop (didn't bet)
Seat 4: Dorex2007 (small blind) showed [5d Ad] and won ($0.41) with a flush, Ace high
Seat 5: cado bambam (big blind) mucked [4s Ks]
Seat 6: GESPARTAN 1999 folded before Flop (didn't bet)
Seat 7: cr@sh test folded before Flop (didn't bet)
Seat 8: Schtief79 folded before Flop (didn't bet)
Seat 9: 1988ms folded before Flop (didn't bet)



PokerStars Hand #227355146761:  Hold'em No Limit ($0.01/$0.02 USD) - 2021/06/05 14:06:53 PT [2021/06/05 17:06:53 ET]
Table 'Padua' 9-max Seat #4 is the button
Seat 2: kylethethug ($2.15 in chips) 
Seat 3: atillospb ($2.03 in chips) 
Seat 4: Dorex2007 ($2.19 in chips) 
Seat 5: cado bambam ($3.22 in chips) 
Seat 6: GESPARTAN 1999 ($3.17 in chips) 
Seat 7: cr@sh test ($2 in chips) 
Seat 8: Schtief79 ($1.40 in chips) 
Seat 9: 1988ms ($2.04 in chips) 
cado bambam: posts small blind $0.01
GESPARTAN 1999: posts big blind $0.02
*** HOLE CARDS ***
Dealt to Dorex2007 [6s 5c]
cr@sh test: folds 
Schtief79: calls $0.02
1988ms: folds 
kylethethug: folds 
atillospb: folds 
Dorex2007: calls $0.02
cado bambam: calls $0.01
GESPARTAN 1999: checks 
*** FLOP *** [7c Ks Qh]
cado bambam: checks 
GESPARTAN 1999: checks 
Schtief79: checks 
Dorex2007: checks 
*** TURN *** [7c Ks Qh] [7d]
cado bambam: checks 
GESPARTAN 1999: bets $0.02
RollingBaby leaves the table
Schtief79: folds 
Dorex2007: folds 
cado bambam: folds 
Uncalled bet ($0.02) returned to GESPARTAN 1999
GESPARTAN 1999 collected $0.08 from pot
GESPARTAN 1999: doesn't show hand 
*** SUMMARY ***
Total pot $0.08 | Rake $0 
Board [7c Ks Qh 7d]
Seat 2: kylethethug folded before Flop (didn't bet)
Seat 3: atillospb folded before Flop (didn't bet)
Seat 4: Dorex2007 (button) folded on the Turn
Seat 5: cado bambam (small blind) folded on the Turn
Seat 6: GESPARTAN 1999 (big blind) collected ($0.08)
Seat 7: cr@sh test folded before Flop (didn't bet)
Seat 8: Schtief79 folded on the Turn
Seat 9: 1988ms folded before Flop (didn't bet)



PokerStars Hand #227355168442:  Hold'em No Limit ($0.01/$0.02 USD) - 2021/06/05 14:07:35 PT [2021/06/05 17:07:35 ET]
Table 'Padua' 9-max Seat #5 is the button
Seat 2: kylethethug ($2.15 in chips) 
Seat 3: atillospb ($2.03 in chips) 
Seat 4: Dorex2007 ($2.17 in chips) 
Seat 5: cado bambam ($3.20 in chips) 
Seat 6: GESPARTAN 1999 ($3.23 in chips) 
Seat 7: cr@sh test ($2 in chips) 
Seat 8: Schtief79 ($1.38 in chips) 
Seat 9: 1988ms ($2.04 in chips) 
GESPARTAN 1999: posts small blind $0.01
cr@sh test: posts big blind $0.02
*** HOLE CARDS ***
Dealt to Dorex2007 [8d 9c]
Schtief79: folds 
1988ms: folds 
kylethethug: calls $0.02
atillospb: folds 
Dorex2007: folds 
cado bambam: folds 
GESPARTAN 1999: calls $0.01
cr@sh test: raises $0.03 to $0.05
neyrandolf joins the table at seat #1 
kylethethug: calls $0.03
GESPARTAN 1999: folds 
*** FLOP *** [6c Ts 8c]
cr@sh test: bets $0.08
kylethethug: raises $0.08 to $0.16
cr@sh test: calls $0.08
*** TURN *** [6c Ts 8c] [Kh]
cr@sh test: checks 
kylethethug: checks 
*** RIVER *** [6c Ts 8c Kh] [6d]
cr@sh test: checks 
kylethethug: bets $0.42
cr@sh test: calls $0.42
*** SHOW DOWN ***
kylethethug: shows [6h 7d] (three of a kind, Sixes)
cr@sh test: mucks hand 
kylethethug collected $1.24 from pot
*** SUMMARY ***
Total pot $1.28 | Rake $0.04 
Board [6c Ts 8c Kh 6d]
Seat 2: kylethethug showed [6h 7d] and won ($1.24) with three of a kind, Sixes
Seat 3: atillospb folded before Flop (didn't bet)
Seat 4: Dorex2007 folded before Flop (didn't bet)
Seat 5: cado bambam (button) folded before Flop (didn't bet)
Seat 6: GESPARTAN 1999 (small blind) folded before Flop
Seat 7: cr@sh test (big blind) mucked [Tc Qc]
Seat 8: Schtief79 folded before Flop (didn't bet)
Seat 9: 1988ms folded before Flop (didn't bet)



PokerStars Hand #227355198046:  Hold'em No Limit ($0.01/$0.02 USD) - 2021/06/05 14:08:33 PT [2021/06/05 17:08:33 ET]
Table 'Padua' 9-max Seat #6 is the button
Seat 1: neyrandolf ($0.90 in chips) 
Seat 2: kylethethug ($2.76 in chips) 
Seat 3: atillospb ($2.03 in chips) 
Seat 4: Dorex2007 ($2.17 in chips) 
Seat 5: cado bambam ($3.20 in chips) 
Seat 6: GESPARTAN 1999 ($3.21 in chips) 
Seat 7: cr@sh test ($2 in chips) 
Seat 8: Schtief79 ($1.38 in chips) 
Seat 9: 1988ms ($2.04 in chips) 
cr@sh test: posts small blind $0.01
Schtief79: posts big blind $0.02
neyrandolf: posts big blind $0.02
*** HOLE CARDS ***
Dealt to Dorex2007 [2h Td]
1988ms: raises $0.02 to $0.04
neyrandolf: calls $0.02
kylethethug: folds 
atillospb: folds 
Dorex2007: folds 
cado bambam: folds 
GESPARTAN 1999: folds 
cr@sh test: calls $0.03
Schtief79: calls $0.02
*** FLOP *** [7s Ah 5c]
cr@sh test: checks 
Schtief79: checks 
1988ms: bets $0.06
neyrandolf: raises $0.06 to $0.12
cr@sh test: calls $0.12
Schtief79: folds 
1988ms: raises $0.16 to $0.28
neyrandolf: raises $0.16 to $0.44
cr@sh test: folds 
1988ms: calls $0.16
*** TURN *** [7s Ah 5c] [4h]
1988ms: checks 
neyrandolf: bets $0.42 and is all-in
1988ms: calls $0.42
neyrandolf has timed out
*** RIVER *** [7s Ah 5c 4h] [8s]
*** SHOW DOWN ***
1988ms: shows [Kh As] (a pair of Aces)
neyrandolf: shows [5d Ac] (two pair, Aces and Fives)
neyrandolf collected $1.93 from pot
*** SUMMARY ***
Total pot $2 | Rake $0.07 
Board [7s Ah 5c 4h 8s]
Seat 1: neyrandolf showed [5d Ac] and won ($1.93) with two pair, Aces and Fives
Seat 2: kylethethug folded before Flop (didn't bet)
Seat 3: atillospb folded before Flop (didn't bet)
Seat 4: Dorex2007 folded before Flop (didn't bet)
Seat 5: cado bambam folded before Flop (didn't bet)
Seat 6: GESPARTAN 1999 (button) folded before Flop (didn't bet)
Seat 7: cr@sh test (small blind) folded on the Flop
Seat 8: Schtief79 (big blind) folded on the Flop
Seat 9: 1988ms showed [Kh As] and lost with a pair of Aces



PokerStars Hand #227355255328:  Hold'em No Limit ($0.01/$0.02 USD) - 2021/06/05 14:10:24 PT [2021/06/05 17:10:24 ET]
Table 'Padua' 9-max Seat #7 is the button
Seat 1: neyrandolf ($1.93 in chips) 
Seat 2: kylethethug ($2.76 in chips) 
Seat 3: atillospb ($2.03 in chips) 
Seat 4: Dorex2007 ($2.17 in chips) 
Seat 5: cado bambam ($3.20 in chips) 
Seat 6: GESPARTAN 1999 ($3.21 in chips) 
Seat 7: cr@sh test ($2 in chips) 
Seat 8: Schtief79 ($1.34 in chips) 
Seat 9: 1988ms ($1.14 in chips) 
Schtief79: posts small blind $0.01
1988ms: posts big blind $0.02
*** HOLE CARDS ***
Dealt to Dorex2007 [Ah 5h]
neyrandolf: folds 
kylethethug: calls $0.02
atillospb has timed out
atillospb: folds 
Dorex2007: raises $0.04 to $0.06
cado bambam: folds 
GESPARTAN 1999: folds 
cr@sh test: folds 
Schtief79: folds 
1988ms: folds 
kylethethug: folds 
Uncalled bet ($0.04) returned to Dorex2007
Dorex2007 collected $0.07 from pot
Dorex2007: doesn't show hand 
*** SUMMARY ***
Total pot $0.07 | Rake $0 
Seat 1: neyrandolf folded before Flop (didn't bet)
Seat 2: kylethethug folded before Flop
Seat 3: atillospb folded before Flop (didn't bet)
Seat 4: Dorex2007 collected ($0.07)
Seat 5: cado bambam folded before Flop (didn't bet)
Seat 6: GESPARTAN 1999 folded before Flop (didn't bet)
Seat 7: cr@sh test (button) folded before Flop (didn't bet)
Seat 8: Schtief79 (small blind) folded before Flop
Seat 9: 1988ms (big blind) folded before Flop



PokerStars Hand #227355271180:  Hold'em No Limit ($0.01/$0.02 USD) - 2021/06/05 14:10:55 PT [2021/06/05 17:10:55 ET]
Table 'Padua' 9-max Seat #8 is the button
Seat 1: neyrandolf ($1.93 in chips) 
Seat 2: kylethethug ($2.74 in chips) 
Seat 3: atillospb ($2.03 in chips) 
Seat 4: Dorex2007 ($2.22 in chips) 
Seat 5: cado bambam ($3.20 in chips) 
Seat 6: GESPARTAN 1999 ($3.21 in chips) 
Seat 7: cr@sh test ($2 in chips) 
Seat 8: Schtief79 ($1.33 in chips) 
Seat 9: 1988ms ($1.12 in chips) 
1988ms: posts small blind $0.01
neyrandolf: posts big blind $0.02
*** HOLE CARDS ***
Dealt to Dorex2007 [9d 5s]
kylethethug: calls $0.02
atillospb: folds 
Dorex2007: folds 
cado bambam: folds 
GESPARTAN 1999: folds 
cr@sh test: folds 
Schtief79: folds 
1988ms: folds 
neyrandolf: checks 
*** FLOP *** [9s As Kc]
neyrandolf: checks 
kylethethug: checks 
*** TURN *** [9s As Kc] [4h]
neyrandolf: checks 
kylethethug: checks 
*** RIVER *** [9s As Kc 4h] [3s]
neyrandolf: checks 
kylethethug: checks 
*** SHOW DOWN ***
neyrandolf: shows [Qs Qh] (a pair of Queens)
kylethethug: mucks hand 
neyrandolf collected $0.05 from pot
*** SUMMARY ***
Total pot $0.05 | Rake $0 
Board [9s As Kc 4h 3s]
Seat 1: neyrandolf (big blind) showed [Qs Qh] and won ($0.05) with a pair of Queens
Seat 2: kylethethug mucked [9h Tc]
Seat 3: atillospb folded before Flop (didn't bet)
Seat 4: Dorex2007 folded before Flop (didn't bet)
Seat 5: cado bambam folded before Flop (didn't bet)
Seat 6: GESPARTAN 1999 folded before Flop (didn't bet)
Seat 7: cr@sh test folded before Flop (didn't bet)
Seat 8: Schtief79 (button) folded before Flop (didn't bet)
Seat 9: 1988ms (small blind) folded before Flop



PokerStars Hand #227355292776:  Hold'em No Limit ($0.01/$0.02 USD) - 2021/06/05 14:11:37 PT [2021/06/05 17:11:37 ET]
Table 'Padua' 9-max Seat #9 is the button
Seat 1: neyrandolf ($1.96 in chips) 
Seat 2: kylethethug ($2.72 in chips) 
Seat 3: atillospb ($2.03 in chips) 
Seat 4: Dorex2007 ($2.22 in chips) 
Seat 5: cado bambam ($3.20 in chips) 
Seat 6: GESPARTAN 1999 ($3.21 in chips) 
Seat 7: cr@sh test ($2 in chips) 
Seat 8: Schtief79 ($1.33 in chips) 
Seat 9: 1988ms ($1.11 in chips) 
neyrandolf: posts small blind $0.01
kylethethug: posts big blind $0.02
*** HOLE CARDS ***
Dealt to Dorex2007 [6s 8h]
atillospb: folds 
Dorex2007: folds 
cado bambam: folds 
GESPARTAN 1999: folds 
cr@sh test: raises $0.02 to $0.04
Schtief79: folds 
1988ms: folds 
neyrandolf: folds 
kylethethug: folds 
Uncalled bet ($0.02) returned to cr@sh test
cr@sh test collected $0.05 from pot
cr@sh test: doesn't show hand 
*** SUMMARY ***
Total pot $0.05 | Rake $0 
Seat 1: neyrandolf (small blind) folded before Flop
Seat 2: kylethethug (big blind) folded before Flop
Seat 3: atillospb folded before Flop (didn't bet)
Seat 4: Dorex2007 folded before Flop (didn't bet)
Seat 5: cado bambam folded before Flop (didn't bet)
Seat 6: GESPARTAN 1999 folded before Flop (didn't bet)
Seat 7: cr@sh test collected ($0.05)
Seat 8: Schtief79 folded before Flop (didn't bet)
Seat 9: 1988ms (button) folded before Flop (didn't bet)



PokerStars Hand #227355305901:  Hold'em No Limit ($0.01/$0.02 USD) - 2021/06/05 14:12:03 PT [2021/06/05 17:12:03 ET]
Table 'Padua' 9-max Seat #1 is the button
Seat 1: neyrandolf ($1.95 in chips) 
Seat 2: kylethethug ($2.70 in chips) 
Seat 3: atillospb ($2.03 in chips) 
Seat 4: Dorex2007 ($2.22 in chips) 
Seat 5: cado bambam ($3.20 in chips) 
Seat 6: GESPARTAN 1999 ($3.21 in chips) 
Seat 7: cr@sh test ($2.03 in chips) 
Seat 8: Schtief79 ($1.33 in chips) 
Seat 9: 1988ms ($1.11 in chips) 
kylethethug: posts small blind $0.01
atillospb: posts big blind $0.02
*** HOLE CARDS ***
Dealt to Dorex2007 [Ts Kc]
Dorex2007: folds 
cado bambam: folds 
GESPARTAN 1999: raises $0.02 to $0.04
cr@sh test: folds 
Schtief79: folds 
1988ms: folds 
neyrandolf: calls $0.04
kylethethug: folds 
atillospb: calls $0.02
*** FLOP *** [4c 9d 5s]
atillospb: checks 
GESPARTAN 1999: bets $0.06
neyrandolf: calls $0.06
atillospb: folds 
*** TURN *** [4c 9d 5s] [6c]
GESPARTAN 1999: bets $0.09
neyrandolf: folds 
Uncalled bet ($0.09) returned to GESPARTAN 1999
GESPARTAN 1999 collected $0.24 from pot
GESPARTAN 1999: doesn't show hand 
*** SUMMARY ***
Total pot $0.25 | Rake $0.01 
Board [4c 9d 5s 6c]
Seat 1: neyrandolf (button) folded on the Turn
Seat 2: kylethethug (small blind) folded before Flop
Seat 3: atillospb (big blind) folded on the Flop
Seat 4: Dorex2007 folded before Flop (didn't bet)
Seat 5: cado bambam folded before Flop (didn't bet)
Seat 6: GESPARTAN 1999 collected ($0.24)
Seat 7: cr@sh test folded before Flop (didn't bet)
Seat 8: Schtief79 folded before Flop (didn't bet)
Seat 9: 1988ms folded before Flop (didn't bet)



PokerStars Hand #227355340980:  Hold'em No Limit ($0.01/$0.02 USD) - 2021/06/05 14:13:03 PT [2021/06/05 17:13:03 ET]
Table 'Padua' 9-max Seat #2 is the button
Seat 1: neyrandolf ($1.85 in chips) 
Seat 2: kylethethug ($2.69 in chips) 
Seat 3: atillospb ($2 in chips) 
Seat 4: Dorex2007 ($2.22 in chips) 
Seat 5: cado bambam ($3.20 in chips) 
Seat 6: GESPARTAN 1999 ($3.35 in chips) 
Seat 7: cr@sh test ($2.03 in chips) 
Seat 8: Schtief79 ($1.33 in chips) 
Seat 9: 1988ms ($1.11 in chips) 
atillospb: posts small blind $0.01
Dorex2007: posts big blind $0.02
*** HOLE CARDS ***
Dealt to Dorex2007 [9d 3s]
cado bambam: folds 
GESPARTAN 1999: folds 
cr@sh test: folds 
Schtief79: folds 
1988ms: folds 
neyrandolf: folds 
kylethethug: folds 
atillospb: raises $0.04 to $0.06
Dorex2007: folds 
Uncalled bet ($0.04) returned to atillospb
atillospb collected $0.04 from pot
atillospb: doesn't show hand 
*** SUMMARY ***
Total pot $0.04 | Rake $0 
Seat 1: neyrandolf folded before Flop (didn't bet)
Seat 2: kylethethug (button) folded before Flop (didn't bet)
Seat 3: atillospb (small blind) collected ($0.04)
Seat 4: Dorex2007 (big blind) folded before Flop
Seat 5: cado bambam folded before Flop (didn't bet)
Seat 6: GESPARTAN 1999 folded before Flop (didn't bet)
Seat 7: cr@sh test folded before Flop (didn't bet)
Seat 8: Schtief79 folded before Flop (didn't bet)
Seat 9: 1988ms folded before Flop (didn't bet)



PokerStars Hand #227355353801:  Hold'em No Limit ($0.01/$0.02 USD) - 2021/06/05 14:13:29 PT [2021/06/05 17:13:29 ET]
Table 'Padua' 9-max Seat #3 is the button
Seat 1: neyrandolf ($1.85 in chips) 
Seat 2: kylethethug ($2.69 in chips) 
Seat 3: atillospb ($2.02 in chips) 
Seat 4: Dorex2007 ($2.20 in chips) 
Seat 5: cado bambam ($3.20 in chips) 
Seat 6: GESPARTAN 1999 ($3.35 in chips) 
Seat 7: cr@sh test ($2.03 in chips) 
Seat 8: Schtief79 ($1.33 in chips) 
Seat 9: 1988ms ($1.11 in chips) 
Dorex2007: posts small blind $0.01
cado bambam: posts big blind $0.02
*** HOLE CARDS ***
Dealt to Dorex2007 [9s 5h]
GESPARTAN 1999: calls $0.02
cr@sh test: folds 
Schtief79: calls $0.02
1988ms: folds 
neyrandolf: folds 
kylethethug: calls $0.02
atillospb: folds 
Dorex2007: folds 
cado bambam: checks 
*** FLOP *** [Jd 6s 3s]
cado bambam: checks 
GESPARTAN 1999: checks 
Schtief79: checks 
kylethethug: checks 
*** TURN *** [Jd 6s 3s] [Js]
cado bambam: checks 
GESPARTAN 1999: checks 
Schtief79: checks 
kylethethug: bets $0.09
cado bambam: folds 
GESPARTAN 1999: folds 
Schtief79: folds 
Uncalled bet ($0.09) returned to kylethethug
kylethethug collected $0.09 from pot
kylethethug: doesn't show hand 
*** SUMMARY ***
Total pot $0.09 | Rake $0 
Board [Jd 6s 3s Js]
Seat 1: neyrandolf folded before Flop (didn't bet)
Seat 2: kylethethug collected ($0.09)
Seat 3: atillospb (button) folded before Flop (didn't bet)
Seat 4: Dorex2007 (small blind) folded before Flop
Seat 5: cado bambam (big blind) folded on the Turn
Seat 6: GESPARTAN 1999 folded on the Turn
Seat 7: cr@sh test folded before Flop (didn't bet)
Seat 8: Schtief79 folded on the Turn
Seat 9: 1988ms folded before Flop (didn't bet)



PokerStars Hand #227355375830:  Hold'em No Limit ($0.01/$0.02 USD) - 2021/06/05 14:14:13 PT [2021/06/05 17:14:13 ET]
Table 'Padua' 9-max Seat #4 is the button
Seat 1: neyrandolf ($1.85 in chips) 
Seat 2: kylethethug ($2.76 in chips) 
Seat 3: atillospb ($2.02 in chips) 
Seat 4: Dorex2007 ($2.19 in chips) 
Seat 5: cado bambam ($3.18 in chips) 
Seat 6: GESPARTAN 1999 ($3.33 in chips) 
Seat 7: cr@sh test ($2.03 in chips) 
Seat 8: Schtief79 ($1.31 in chips) 
Seat 9: 1988ms ($1.11 in chips) 
cado bambam: posts small blind $0.01
GESPARTAN 1999: posts big blind $0.02
*** HOLE CARDS ***
Dealt to Dorex2007 [9s Ks]
cr@sh test: folds 
Schtief79: folds 
1988ms: folds 
neyrandolf: calls $0.02
kylethethug: calls $0.02
atillospb: folds 
Dorex2007: folds 
cado bambam: calls $0.01
GESPARTAN 1999: checks 
*** FLOP *** [5s 8s Js]
cado bambam: checks 
GESPARTAN 1999: checks 
neyrandolf: checks 
kylethethug: checks 
*** TURN *** [5s 8s Js] [8h]
cado bambam: checks 
GESPARTAN 1999: bets $0.02
neyrandolf: calls $0.02
kylethethug: folds 
cado bambam: calls $0.02
*** RIVER *** [5s 8s Js 8h] [Kc]
cado bambam: checks 
GESPARTAN 1999: bets $0.02
neyrandolf: folds 
cado bambam: calls $0.02
*** SHOW DOWN ***
GESPARTAN 1999: shows [7c Qd] (a pair of Eights)
cado bambam: shows [Qc 8d] (three of a kind, Eights)
cado bambam collected $0.17 from pot
*** SUMMARY ***
Total pot $0.18 | Rake $0.01 
Board [5s 8s Js 8h Kc]
Seat 1: neyrandolf folded on the River
Seat 2: kylethethug folded on the Turn
Seat 3: atillospb folded before Flop (didn't bet)
Seat 4: Dorex2007 (button) folded before Flop (didn't bet)
Seat 5: cado bambam (small blind) showed [Qc 8d] and won ($0.17) with three of a kind, Eights
Seat 6: GESPARTAN 1999 (big blind) showed [7c Qd] and lost with a pair of Eights
Seat 7: cr@sh test folded before Flop (didn't bet)
Seat 8: Schtief79 folded before Flop (didn't bet)
Seat 9: 1988ms folded before Flop (didn't bet)



PokerStars Hand #227355405230:  Hold'em No Limit ($0.01/$0.02 USD) - 2021/06/05 14:15:12 PT [2021/06/05 17:15:12 ET]
Table 'Padua' 9-max Seat #5 is the button
Seat 1: neyrandolf ($1.81 in chips) 
Seat 2: kylethethug ($2.74 in chips) 
Seat 3: atillospb ($2.02 in chips) 
Seat 4: Dorex2007 ($2.19 in chips) 
Seat 5: cado bambam ($3.29 in chips) 
Seat 6: GESPARTAN 1999 ($3.27 in chips) 
Seat 7: cr@sh test ($2.03 in chips) 
Seat 8: Schtief79 ($1.31 in chips) 
Seat 9: 1988ms ($1.11 in chips) 
GESPARTAN 1999: posts small blind $0.01
cr@sh test: posts big blind $0.02
*** HOLE CARDS ***
Dealt to Dorex2007 [6c 9s]
Schtief79: folds 
1988ms: folds 
neyrandolf: folds 
kylethethug: calls $0.02
atillospb: folds 
Dorex2007: folds 
cado bambam: folds 
GESPARTAN 1999: calls $0.01
cr@sh test: raises $0.04 to $0.06
kylethethug: raises $0.04 to $0.10
GESPARTAN 1999: folds 
cr@sh test: calls $0.04
*** FLOP *** [7s 5h 3h]
cr@sh test: checks 
kylethethug: checks 
*** TURN *** [7s 5h 3h] [3d]
cr@sh test: checks 
kylethethug: checks 
*** RIVER *** [7s 5h 3h 3d] [3c]
cr@sh test: checks 
kylethethug: checks 
*** SHOW DOWN ***
cr@sh test: shows [Ac Qh] (three of a kind, Threes)
kylethethug: mucks hand 
cr@sh test collected $0.21 from pot
*** SUMMARY ***
Total pot $0.22 | Rake $0.01 
Board [7s 5h 3h 3d 3c]
Seat 1: neyrandolf folded before Flop (didn't bet)
Seat 2: kylethethug mucked [Ks Jc]
Seat 3: atillospb folded before Flop (didn't bet)
Seat 4: Dorex2007 folded before Flop (didn't bet)
Seat 5: cado bambam (button) folded before Flop (didn't bet)
Seat 6: GESPARTAN 1999 (small blind) folded before Flop
Seat 7: cr@sh test (big blind) showed [Ac Qh] and won ($0.21) with three of a kind, Threes
Seat 8: Schtief79 folded before Flop (didn't bet)
Seat 9: 1988ms folded before Flop (didn't bet)



PokerStars Hand #227355434772:  Hold'em No Limit ($0.01/$0.02 USD) - 2021/06/05 14:16:10 PT [2021/06/05 17:16:10 ET]
Table 'Padua' 9-max Seat #6 is the button
Seat 1: neyrandolf ($1.81 in chips) 
Seat 2: kylethethug ($2.64 in chips) 
Seat 3: atillospb ($2.02 in chips) 
Seat 4: Dorex2007 ($2.19 in chips) 
Seat 5: cado bambam ($3.29 in chips) 
Seat 6: GESPARTAN 1999 ($3.25 in chips) 
Seat 7: cr@sh test ($2.14 in chips) 
Seat 8: Schtief79 ($1.31 in chips) 
cr@sh test: posts small blind $0.01
Schtief79: posts big blind $0.02
*** HOLE CARDS ***
Dealt to Dorex2007 [Ks Qs]
neyrandolf: calls $0.02
kylethethug: folds 
atillospb: folds 
Dorex2007: calls $0.02
cado bambam: folds 
GESPARTAN 1999: raises $0.05 to $0.07
cr@sh test: calls $0.06
Schtief79: folds 
neyrandolf: calls $0.05
Dorex2007: calls $0.05
*** FLOP *** [5d Kd 4s]
cr@sh test: checks 
neyrandolf: checks 
Dorex2007: bets $0.15
GESPARTAN 1999: folds 
cr@sh test: folds 
neyrandolf: folds 
Uncalled bet ($0.15) returned to Dorex2007
Dorex2007 collected $0.29 from pot
Dorex2007: doesn't show hand 
*** SUMMARY ***
Total pot $0.30 | Rake $0.01 
Board [5d Kd 4s]
Seat 1: neyrandolf folded on the Flop
Seat 2: kylethethug folded before Flop (didn't bet)
Seat 3: atillospb folded before Flop (didn't bet)
Seat 4: Dorex2007 collected ($0.29)
Seat 5: cado bambam folded before Flop (didn't bet)
Seat 6: GESPARTAN 1999 (button) folded on the Flop
Seat 7: cr@sh test (small blind) folded on the Flop
Seat 8: Schtief79 (big blind) folded before Flop



PokerStars Hand #227355469852:  Hold'em No Limit ($0.01/$0.02 USD) - 2021/06/05 14:17:20 PT [2021/06/05 17:17:20 ET]
Table 'Padua' 9-max Seat #7 is the button
Seat 1: neyrandolf ($1.74 in chips) 
Seat 2: kylethethug ($2.64 in chips) 
Seat 3: atillospb ($2.02 in chips) 
Seat 4: Dorex2007 ($2.41 in chips) 
Seat 5: cado bambam ($3.29 in chips) 
Seat 6: GESPARTAN 1999 ($3.18 in chips) 
Seat 7: cr@sh test ($2.07 in chips) 
Seat 8: Schtief79 ($1.29 in chips) 
Schtief79: posts small blind $0.01
neyrandolf: posts big blind $0.02
*** HOLE CARDS ***
Dealt to Dorex2007 [Kh 6s]
kylethethug: folds 
atillospb: folds 
kylethethug leaves the table
Dorex2007: folds 
cado bambam: folds 
GESPARTAN 1999: calls $0.02
cr@sh test: folds 
Schtief79: raises $0.04 to $0.06
neyrandolf: folds 
GESPARTAN 1999: folds 
Uncalled bet ($0.04) returned to Schtief79
Schtief79 collected $0.06 from pot
Schtief79: doesn't show hand 
*** SUMMARY ***
Total pot $0.06 | Rake $0 
Seat 1: neyrandolf (big blind) folded before Flop
Seat 2: kylethethug folded before Flop (didn't bet)
Seat 3: atillospb folded before Flop (didn't bet)
Seat 4: Dorex2007 folded before Flop (didn't bet)
Seat 5: cado bambam folded before Flop (didn't bet)
Seat 6: GESPARTAN 1999 folded before Flop
Seat 7: cr@sh test (button) folded before Flop (didn't bet)
Seat 8: Schtief79 (small blind) collected ($0.06)



PokerStars Hand #227355489289:  Hold'em No Limit ($0.01/$0.02 USD) - 2021/06/05 14:17:58 PT [2021/06/05 17:17:58 ET]
Table 'Padua' 9-max Seat #8 is the button
Seat 1: neyrandolf ($1.72 in chips) 
Seat 3: atillospb ($2.02 in chips) 
Seat 4: Dorex2007 ($2.41 in chips) 
Seat 5: cado bambam ($3.29 in chips) 
Seat 6: GESPARTAN 1999 ($3.16 in chips) 
Seat 7: cr@sh test ($2.07 in chips) 
Seat 8: Schtief79 ($1.33 in chips) 
neyrandolf: posts small blind $0.01
atillospb: posts big blind $0.02
*** HOLE CARDS ***
Dealt to Dorex2007 [2d 4s]
Dorex2007: folds 
cado bambam: folds 
GESPARTAN 1999: folds 
cr@sh test: raises $0.02 to $0.04
Schtief79: calls $0.04
neyrandolf: folds 
atillospb: calls $0.02
*** FLOP *** [8c 6d 8s]
atillospb: checks 
cr@sh test: bets $0.10
Basti4848 joins the table at seat #2 
Schtief79: folds 
atillospb: folds 
Uncalled bet ($0.10) returned to cr@sh test
cr@sh test collected $0.13 from pot
cr@sh test: doesn't show hand 
*** SUMMARY ***
Total pot $0.13 | Rake $0 
Board [8c 6d 8s]
Seat 1: neyrandolf (small blind) folded before Flop
Seat 3: atillospb (big blind) folded on the Flop
Seat 4: Dorex2007 folded before Flop (didn't bet)
Seat 5: cado bambam folded before Flop (didn't bet)
Seat 6: GESPARTAN 1999 folded before Flop (didn't bet)
Seat 7: cr@sh test collected ($0.13)
Seat 8: Schtief79 (button) folded on the Flop



PokerStars Hand #227355520473:  Hold'em No Limit ($0.01/$0.02 USD) - 2021/06/05 14:19:01 PT [2021/06/05 17:19:01 ET]
Table 'Padua' 9-max Seat #1 is the button
Seat 1: neyrandolf ($1.71 in chips) 
Seat 3: atillospb ($2 in chips) 
Seat 4: Dorex2007 ($2.41 in chips) 
Seat 5: cado bambam ($3.29 in chips) 
Seat 6: GESPARTAN 1999 ($3.16 in chips) 
Seat 7: cr@sh test ($2.16 in chips) 
Seat 8: Schtief79 ($1.29 in chips) 
atillospb: posts small blind $0.01
Dorex2007: posts big blind $0.02
*** HOLE CARDS ***
Dealt to Dorex2007 [2c 7s]
cado bambam: folds 
GESPARTAN 1999: folds 
cr@sh test: folds 
Schtief79: folds 
neyrandolf: calls $0.02
atillospb: calls $0.01
Dorex2007: checks 
*** FLOP *** [3h 4h Ts]
atillospb: checks 
Dorex2007: checks 
neyrandolf: checks 
*** TURN *** [3h 4h Ts] [7h]
atillospb: bets $0.03
Dorex2007: folds 
neyrandolf: folds 
Uncalled bet ($0.03) returned to atillospb
atillospb collected $0.06 from pot
Schtief79 leaves the table
atillospb: doesn't show hand 
*** SUMMARY ***
Total pot $0.06 | Rake $0 
Board [3h 4h Ts 7h]
Seat 1: neyrandolf (button) folded on the Turn
Seat 3: atillospb (small blind) collected ($0.06)
Seat 4: Dorex2007 (big blind) folded on the Turn
Seat 5: cado bambam folded before Flop (didn't bet)
Seat 6: GESPARTAN 1999 folded before Flop (didn't bet)
Seat 7: cr@sh test folded before Flop (didn't bet)
Seat 8: Schtief79 folded before Flop (didn't bet)



PokerStars Hand #227355552266:  Hold'em No Limit ($0.01/$0.02 USD) - 2021/06/05 14:20:04 PT [2021/06/05 17:20:04 ET]
Table 'Padua' 9-max Seat #3 is the button
Seat 1: neyrandolf ($1.69 in chips) 
Seat 2: Basti4848 ($2 in chips) 
Seat 3: atillospb ($2.04 in chips) 
Seat 4: Dorex2007 ($2.39 in chips) 
Seat 5: cado bambam ($3.29 in chips) 
Seat 6: GESPARTAN 1999 ($3.16 in chips) 
Seat 7: cr@sh test ($2.16 in chips) 
Dorex2007: posts small blind $0.01
cado bambam: posts big blind $0.02
Basti4848: posts big blind $0.02
*** HOLE CARDS ***
Dealt to Dorex2007 [2d 2c]
GESPARTAN 1999: folds 
1988ms leaves the table
cr@sh test: folds 
WeXx33 joins the table at seat #8 
neyrandolf: calls $0.02
Basti4848: checks 
atillospb: raises $0.10 to $0.12
Dorex2007: folds 
cado bambam: folds 
neyrandolf: folds 
Basti4848: calls $0.10
*** FLOP *** [Ac Jc Th]
Basti4848: checks 
atillospb: bets $0.14
Basti4848: calls $0.14
*** TURN *** [Ac Jc Th] [Ts]
Basti4848: bets $0.02
atillospb: raises $0.16 to $0.18
Basti4848: calls $0.16
*** RIVER *** [Ac Jc Th Ts] [5d]
Basti4848: bets $0.02
atillospb: calls $0.02
*** SHOW DOWN ***
Basti4848: shows [As 9s] (two pair, Aces and Tens)
atillospb: shows [Ah Qd] (two pair, Aces and Tens - Queen kicker)
atillospb collected $0.94 from pot
*** SUMMARY ***
Total pot $0.97 | Rake $0.03 
Board [Ac Jc Th Ts 5d]
Seat 1: neyrandolf folded before Flop
Seat 2: Basti4848 showed [As 9s] and lost with two pair, Aces and Tens
Seat 3: atillospb (button) showed [Ah Qd] and won ($0.94) with two pair, Aces and Tens
Seat 4: Dorex2007 (small blind) folded before Flop
Seat 5: cado bambam (big blind) folded before Flop
Seat 6: GESPARTAN 1999 folded before Flop (didn't bet)
Seat 7: cr@sh test folded before Flop (didn't bet)



PokerStars Hand #227355586971:  Hold'em No Limit ($0.01/$0.02 USD) - 2021/06/05 14:21:14 PT [2021/06/05 17:21:14 ET]
Table 'Padua' 9-max Seat #4 is the button
Seat 1: neyrandolf ($1.67 in chips) 
Seat 2: Basti4848 ($1.54 in chips) 
Seat 3: atillospb ($2.52 in chips) 
Seat 4: Dorex2007 ($2.38 in chips) 
Seat 5: cado bambam ($3.27 in chips) 
Seat 6: GESPARTAN 1999 ($3.16 in chips) 
Seat 7: cr@sh test ($2.16 in chips) 
cado bambam: posts small blind $0.01
GESPARTAN 1999: posts big blind $0.02
WeXx33: sits out 
*** HOLE CARDS ***
Dealt to Dorex2007 [6h Qh]
cr@sh test: folds 
steffcos joins the table at seat #9 
neyrandolf: calls $0.02
Basti4848: calls $0.02
atillospb: folds 
Dorex2007: folds 
cado bambam: calls $0.01
GESPARTAN 1999: checks 
*** FLOP *** [Ac 8h 5h]
cr@sh test leaves the table
cado bambam: checks 
GESPARTAN 1999: checks 
neyrandolf: checks 
Basti4848: checks 
*** TURN *** [Ac 8h 5h] [Qd]
cado bambam: checks 
GESPARTAN 1999: bets $0.02
neyrandolf: calls $0.02
Basti4848: folds 
cado bambam: folds 
*** RIVER *** [Ac 8h 5h Qd] [7s]
GESPARTAN 1999: bets $0.02
neyrandolf: calls $0.02
*** SHOW DOWN ***
GESPARTAN 1999: shows [Th 5d] (a pair of Fives)
neyrandolf: shows [2c As] (a pair of Aces)
neyrandolf collected $0.15 from pot
*** SUMMARY ***
Total pot $0.16 | Rake $0.01 
Board [Ac 8h 5h Qd 7s]
Seat 1: neyrandolf showed [2c As] and won ($0.15) with a pair of Aces
Seat 2: Basti4848 folded on the Turn
Seat 3: atillospb folded before Flop (didn't bet)
Seat 4: Dorex2007 (button) folded before Flop (didn't bet)
Seat 5: cado bambam (small blind) folded on the Turn
Seat 6: GESPARTAN 1999 (big blind) showed [Th 5d] and lost with a pair of Fives
Seat 7: cr@sh test folded before Flop (didn't bet)



PokerStars Hand #227355624372:  Hold'em No Limit ($0.01/$0.02 USD) - 2021/06/05 14:22:29 PT [2021/06/05 17:22:29 ET]
Table 'Padua' 9-max Seat #5 is the button
Seat 1: neyrandolf ($1.76 in chips) 
Seat 2: Basti4848 ($1.52 in chips) 
Seat 3: atillospb ($2.52 in chips) 
Seat 4: Dorex2007 ($2.38 in chips) 
Seat 5: cado bambam ($3.25 in chips) 
Seat 6: GESPARTAN 1999 ($3.10 in chips) 
Seat 8: WeXx33 ($2 in chips) 
GESPARTAN 1999: posts small blind $0.01
WeXx33: posts big blind $0.02
steffcos: sits out 
*** HOLE CARDS ***
Dealt to Dorex2007 [5s 6h]
neyrandolf: calls $0.02
ZZZPredator joins the table at seat #7 
Basti4848: calls $0.02
atillospb: folds 
Dorex2007: folds 
cado bambam: folds 
GESPARTAN 1999: calls $0.01
WeXx33: checks 
*** FLOP *** [Th Ac 9h]
GESPARTAN 1999: checks 
WeXx33: checks 
neyrandolf: checks 
Basti4848: bets $0.04
GESPARTAN 1999: folds 
WeXx33: folds 
neyrandolf: folds 
Uncalled bet ($0.04) returned to Basti4848
Basti4848 collected $0.08 from pot
Basti4848: doesn't show hand 
*** SUMMARY ***
Total pot $0.08 | Rake $0 
Board [Th Ac 9h]
Seat 1: neyrandolf folded on the Flop
Seat 2: Basti4848 collected ($0.08)
Seat 3: atillospb folded before Flop (didn't bet)
Seat 4: Dorex2007 folded before Flop (didn't bet)
Seat 5: cado bambam (button) folded before Flop (didn't bet)
Seat 6: GESPARTAN 1999 (small blind) folded on the Flop
Seat 8: WeXx33 (big blind) folded on the Flop



