PokerStars Hand #229293411151:  Hold'em No Limit ($0.01/$0.02 USD) - 2021/08/23 20:47:55 PT [2021/08/23 23:47:55 ET]
Table 'Elara' 9-max Seat #6 is the button
Seat 1: Daynermade ($0.44 in chips) 
Seat 2: inte01 ($1.95 in chips) 
Seat 3: geniuss ($2 in chips) 
Seat 5: Dorex2007 ($2 in chips) 
Seat 6: 5258pb ($1.30 in chips) 
Seat 8: quillay as ($0.81 in chips) 
Seat 9: Set Out ($2.22 in chips) 
quillay as: posts small blind $0.01
Set Out: posts big blind $0.02
Dorex2007: posts big blind $0.02
*** HOLE CARDS ***
Dealt to Dorex2007 [Qh 5c]
Daynermade: calls $0.02
inte01: folds 
geniuss: folds 
Dorex2007: checks 
5258pb: calls $0.02
quillay as: calls $0.01
Set Out: checks 
*** FLOP *** [Qs 7c Ad]
quillay as: checks 
Set Out: checks 
Daynermade: checks 
Dorex2007: bets $0.07
5258pb: calls $0.07
quillay as: folds 
Set Out: calls $0.07
Daynermade: raises $0.35 to $0.42 and is all-in
Dorex2007: folds 
5258pb: folds 
Set Out: folds 
Uncalled bet ($0.35) returned to Daynermade
Daynermade collected $0.37 from pot
Daynermade: doesn't show hand 
*** SUMMARY ***
Total pot $0.38 | Rake $0.01 
Board [Qs 7c Ad]
Seat 1: Daynermade collected ($0.37)
Seat 2: inte01 folded before Flop (didn't bet)
Seat 3: geniuss folded before Flop (didn't bet)
Seat 5: Dorex2007 folded on the Flop
Seat 6: 5258pb (button) folded on the Flop
Seat 8: quillay as (small blind) folded on the Flop
Seat 9: Set Out (big blind) folded on the Flop



PokerStars Hand #229293429497:  Hold'em No Limit ($0.01/$0.02 USD) - 2021/08/23 20:49:19 PT [2021/08/23 23:49:19 ET]
Table 'Elara' 9-max Seat #8 is the button
Seat 1: Daynermade ($0.72 in chips) 
Seat 2: inte01 ($1.95 in chips) 
Seat 3: geniuss ($2 in chips) 
Seat 4: dimsand71 ($2.23 in chips) 
Seat 5: Dorex2007 ($1.91 in chips) 
Seat 6: 5258pb ($1.21 in chips) 
Seat 8: quillay as ($0.79 in chips) 
Seat 9: Set Out ($2.13 in chips) 
Set Out: posts small blind $0.01
Daynermade: posts big blind $0.02
*** HOLE CARDS ***
Dealt to Dorex2007 [5d Ah]
inte01: calls $0.02
geniuss: raises $0.06 to $0.08
dimsand71: folds 
Dorex2007: folds 
5258pb: folds 
quillay as: folds 
Set Out: folds 
Daynermade: folds 
inte01: folds 
Uncalled bet ($0.06) returned to geniuss
geniuss collected $0.07 from pot
*** SUMMARY ***
Total pot $0.07 | Rake $0 
Seat 1: Daynermade (big blind) folded before Flop
Seat 2: inte01 folded before Flop
Seat 3: geniuss collected ($0.07)
Seat 4: dimsand71 folded before Flop (didn't bet)
Seat 5: Dorex2007 folded before Flop (didn't bet)
Seat 6: 5258pb folded before Flop (didn't bet)
Seat 8: quillay as (button) folded before Flop (didn't bet)
Seat 9: Set Out (small blind) folded before Flop



PokerStars Hand #229293437245:  Hold'em No Limit ($0.01/$0.02 USD) - 2021/08/23 20:50:07 PT [2021/08/23 23:50:07 ET]
Table 'Elara' 9-max Seat #9 is the button
Seat 1: Daynermade ($0.70 in chips) 
Seat 2: inte01 ($1.93 in chips) 
Seat 3: geniuss ($2.05 in chips) 
Seat 4: dimsand71 ($2.23 in chips) 
Seat 5: Dorex2007 ($1.91 in chips) 
Seat 6: 5258pb ($1.21 in chips) 
Seat 8: quillay as ($0.79 in chips) 
Seat 9: Set Out ($2.12 in chips) 
Daynermade: posts small blind $0.01
inte01: posts big blind $0.02
*** HOLE CARDS ***
Dealt to Dorex2007 [2d 8d]
geniuss: folds 
dimsand71: calls $0.02
Dorex2007: folds 
5258pb: folds 
quillay as: calls $0.02
Set Out: folds 
Daynermade: calls $0.01
inte01: checks 
*** FLOP *** [7s 4d 3s]
Daynermade: bets $0.02
inte01: folds 
dimsand71: folds 
quillay as: folds 
Uncalled bet ($0.02) returned to Daynermade
Daynermade collected $0.08 from pot
Daynermade: doesn't show hand 
*** SUMMARY ***
Total pot $0.08 | Rake $0 
Board [7s 4d 3s]
Seat 1: Daynermade (small blind) collected ($0.08)
Seat 2: inte01 (big blind) folded on the Flop
Seat 3: geniuss folded before Flop (didn't bet)
Seat 4: dimsand71 folded on the Flop
Seat 5: Dorex2007 folded before Flop (didn't bet)
Seat 6: 5258pb folded before Flop (didn't bet)
Seat 8: quillay as folded on the Flop
Seat 9: Set Out (button) folded before Flop (didn't bet)



PokerStars Hand #229293448077:  Hold'em No Limit ($0.01/$0.02 USD) - 2021/08/23 20:51:14 PT [2021/08/23 23:51:14 ET]
Table 'Elara' 9-max Seat #1 is the button
Seat 1: Daynermade ($0.76 in chips) 
Seat 2: inte01 ($1.91 in chips) 
Seat 3: geniuss ($2.05 in chips) 
Seat 4: dimsand71 ($2.21 in chips) 
Seat 5: Dorex2007 ($1.91 in chips) 
Seat 6: 5258pb ($1.21 in chips) 
Seat 8: quillay as ($0.77 in chips) 
Seat 9: Set Out ($2.12 in chips) 
inte01: posts small blind $0.01
geniuss: posts big blind $0.02
*** HOLE CARDS ***
Dealt to Dorex2007 [Qd 9h]
dimsand71: raises $0.04 to $0.06
Dorex2007: folds 
5258pb: folds 
quillay as: calls $0.06
Set Out: folds 
Daynermade: folds 
inte01: folds 
geniuss: calls $0.04
*** FLOP *** [Kh 4d 9c]
geniuss: checks 
dimsand71: bets $0.09
quillay as: folds 
geniuss: folds 
Uncalled bet ($0.09) returned to dimsand71
dimsand71 collected $0.18 from pot
dimsand71: doesn't show hand 
*** SUMMARY ***
Total pot $0.19 | Rake $0.01 
Board [Kh 4d 9c]
Seat 1: Daynermade (button) folded before Flop (didn't bet)
Seat 2: inte01 (small blind) folded before Flop
Seat 3: geniuss (big blind) folded on the Flop
Seat 4: dimsand71 collected ($0.18)
Seat 5: Dorex2007 folded before Flop (didn't bet)
Seat 6: 5258pb folded before Flop (didn't bet)
Seat 8: quillay as folded on the Flop
Seat 9: Set Out folded before Flop (didn't bet)



PokerStars Hand #229293454512:  Hold'em No Limit ($0.01/$0.02 USD) - 2021/08/23 20:51:53 PT [2021/08/23 23:51:53 ET]
Table 'Elara' 9-max Seat #2 is the button
Seat 1: Daynermade ($0.76 in chips) 
Seat 2: inte01 ($1.90 in chips) 
Seat 3: geniuss ($2 in chips) 
Seat 4: dimsand71 ($2.33 in chips) 
Seat 5: Dorex2007 ($1.91 in chips) 
Seat 6: 5258pb ($1.21 in chips) 
Seat 8: quillay as ($0.71 in chips) 
Seat 9: Set Out ($2.12 in chips) 
geniuss: posts small blind $0.01
dimsand71: posts big blind $0.02
*** HOLE CARDS ***
Dealt to Dorex2007 [4h 6d]
Dorex2007: folds 
5258pb: folds 
quillay as: calls $0.02
Set Out: folds 
Daynermade: calls $0.02
inte01: folds 
geniuss: folds 
dimsand71: checks 
*** FLOP *** [Qc Jc 8c]
dimsand71: checks 
quillay as: checks 
Daynermade: checks 
*** TURN *** [Qc Jc 8c] [3s]
dimsand71: checks 
quillay as: checks 
Daynermade: checks 
*** RIVER *** [Qc Jc 8c 3s] [5c]
dimsand71: checks 
quillay as: checks 
Daynermade: checks 
*** SHOW DOWN ***
dimsand71: shows [9d 2d] (high card Queen)
quillay as: shows [Js Jh] (three of a kind, Jacks)
Daynermade: mucks hand 
quillay as collected $0.07 from pot
*** SUMMARY ***
Total pot $0.07 | Rake $0 
Board [Qc Jc 8c 3s 5c]
Seat 1: Daynermade mucked [7d As]
Seat 2: inte01 (button) folded before Flop (didn't bet)
Seat 3: geniuss (small blind) folded before Flop
Seat 4: dimsand71 (big blind) showed [9d 2d] and lost with high card Queen
Seat 5: Dorex2007 folded before Flop (didn't bet)
Seat 6: 5258pb folded before Flop (didn't bet)
Seat 8: quillay as showed [Js Jh] and won ($0.07) with three of a kind, Jacks
Seat 9: Set Out folded before Flop (didn't bet)



PokerStars Hand #229293467131:  Hold'em No Limit ($0.01/$0.02 USD) - 2021/08/23 20:53:11 PT [2021/08/23 23:53:11 ET]
Table 'Elara' 9-max Seat #3 is the button
Seat 1: Daynermade ($0.74 in chips) 
Seat 2: inte01 ($1.90 in chips) 
Seat 3: geniuss ($2 in chips) 
Seat 4: dimsand71 ($2.31 in chips) 
Seat 5: Dorex2007 ($1.91 in chips) 
Seat 6: 5258pb ($1.21 in chips) 
Seat 8: quillay as ($0.76 in chips) 
Seat 9: Set Out ($2.12 in chips) 
dimsand71: posts small blind $0.01
Dorex2007: posts big blind $0.02
*** HOLE CARDS ***
Dealt to Dorex2007 [Kd Kh]
5258pb: calls $0.02
quillay as: calls $0.02
Set Out: raises $0.08 to $0.10
Daynermade: folds 
inte01: calls $0.10
geniuss: folds 
dimsand71: folds 
Dorex2007: raises $0.20 to $0.30
5258pb: folds 
quillay as: folds 
Set Out: folds 
inte01: calls $0.20
*** FLOP *** [4d 5c 7s]
Dorex2007: bets $1.61 and is all-in
inte01: folds 
Uncalled bet ($1.61) returned to Dorex2007
Dorex2007 collected $0.72 from pot
Dorex2007: doesn't show hand 
*** SUMMARY ***
Total pot $0.75 | Rake $0.03 
Board [4d 5c 7s]
Seat 1: Daynermade folded before Flop (didn't bet)
Seat 2: inte01 folded on the Flop
Seat 3: geniuss (button) folded before Flop (didn't bet)
Seat 4: dimsand71 (small blind) folded before Flop
Seat 5: Dorex2007 (big blind) collected ($0.72)
Seat 6: 5258pb folded before Flop
Seat 8: quillay as folded before Flop
Seat 9: Set Out folded before Flop



PokerStars Hand #229293478470:  Hold'em No Limit ($0.01/$0.02 USD) - 2021/08/23 20:54:19 PT [2021/08/23 23:54:19 ET]
Table 'Elara' 9-max Seat #4 is the button
Seat 1: Daynermade ($0.74 in chips) 
Seat 2: inte01 ($1.60 in chips) 
Seat 3: geniuss ($2 in chips) 
Seat 4: dimsand71 ($2.30 in chips) 
Seat 5: Dorex2007 ($2.33 in chips) 
Seat 6: 5258pb ($1.19 in chips) 
Seat 8: quillay as ($0.74 in chips) 
Seat 9: Set Out ($2.02 in chips) 
Dorex2007: posts small blind $0.01
5258pb: posts big blind $0.02
*** HOLE CARDS ***
Dealt to Dorex2007 [5s 8d]
quillay as: folds 
Set Out: folds 
Daynermade: calls $0.02
inte01: folds 
geniuss: folds 
dimsand71: folds 
Dorex2007: folds 
5258pb: checks 
*** FLOP *** [Ah 5c Kc]
5258pb: checks 
Daynermade: checks 
*** TURN *** [Ah 5c Kc] [Qc]
5258pb: checks 
JRS342 leaves the table
Daynermade: checks 
*** RIVER *** [Ah 5c Kc Qc] [Qs]
5258pb: bets $0.02
Daynermade: folds 
Uncalled bet ($0.02) returned to 5258pb
5258pb collected $0.05 from pot
*** SUMMARY ***
Total pot $0.05 | Rake $0 
Board [Ah 5c Kc Qc Qs]
Seat 1: Daynermade folded on the River
Seat 2: inte01 folded before Flop (didn't bet)
Seat 3: geniuss folded before Flop (didn't bet)
Seat 4: dimsand71 (button) folded before Flop (didn't bet)
Seat 5: Dorex2007 (small blind) folded before Flop
Seat 6: 5258pb (big blind) collected ($0.05)
Seat 8: quillay as folded before Flop (didn't bet)
Seat 9: Set Out folded before Flop (didn't bet)



PokerStars Hand #229293499050:  Hold'em No Limit ($0.01/$0.02 USD) - 2021/08/23 20:55:51 PT [2021/08/23 23:55:51 ET]
Table 'Elara' 9-max Seat #5 is the button
Seat 1: Daynermade ($0.72 in chips) 
Seat 2: inte01 ($1.60 in chips) 
Seat 3: geniuss ($2 in chips) 
Seat 4: dimsand71 ($2.30 in chips) 
Seat 5: Dorex2007 ($2.32 in chips) 
Seat 6: 5258pb ($1.22 in chips) 
Seat 8: quillay as ($0.74 in chips) 
Seat 9: Set Out ($2.02 in chips) 
5258pb: posts small blind $0.01
quillay as: posts big blind $0.02
*** HOLE CARDS ***
Dealt to Dorex2007 [Qc 8s]
Set Out: folds 
Daynermade: folds 
inte01: folds 
geniuss: raises $0.04 to $0.06
dimsand71: folds 
Dorex2007: folds 
5258pb: folds 
quillay as: calls $0.04
*** FLOP *** [Td 5c 3s]
quillay as: checks 
geniuss: checks 
*** TURN *** [Td 5c 3s] [Qs]
quillay as: checks 
geniuss: checks 
*** RIVER *** [Td 5c 3s Qs] [3h]
quillay as: checks 
geniuss: checks 
*** SHOW DOWN ***
quillay as: shows [Js Th] (two pair, Tens and Threes)
geniuss: mucks hand 
quillay as collected $0.13 from pot
*** SUMMARY ***
Total pot $0.13 | Rake $0 
Board [Td 5c 3s Qs 3h]
Seat 1: Daynermade folded before Flop (didn't bet)
Seat 2: inte01 folded before Flop (didn't bet)
Seat 3: geniuss mucked [Ad Jd]
Seat 4: dimsand71 folded before Flop (didn't bet)
Seat 5: Dorex2007 (button) folded before Flop (didn't bet)
Seat 6: 5258pb (small blind) folded before Flop
Seat 8: quillay as (big blind) showed [Js Th] and won ($0.13) with two pair, Tens and Threes
Seat 9: Set Out folded before Flop (didn't bet)



PokerStars Hand #229293506130:  Hold'em No Limit ($0.01/$0.02 USD) - 2021/08/23 20:56:43 PT [2021/08/23 23:56:43 ET]
Table 'Elara' 9-max Seat #6 is the button
Seat 1: Daynermade ($0.72 in chips) 
Seat 2: inte01 ($1.60 in chips) 
Seat 3: geniuss ($2 in chips) 
Seat 4: dimsand71 ($2.30 in chips) 
Seat 5: Dorex2007 ($2.32 in chips) 
Seat 6: 5258pb ($1.21 in chips) 
Seat 8: quillay as ($0.81 in chips) 
Seat 9: Set Out ($2.02 in chips) 
quillay as: posts small blind $0.01
Set Out: posts big blind $0.02
*** HOLE CARDS ***
Dealt to Dorex2007 [4c 4d]
Daynermade: calls $0.02
inte01: folds 
geniuss: folds 
dimsand71: folds 
Dorex2007: raises $0.08 to $0.10
5258pb: folds 
quillay as: folds 
Set Out: folds 
Daynermade: calls $0.08
*** FLOP *** [6c 6d 2c]
Daynermade: checks 
Dorex2007: bets $0.22
Daynermade: folds 
Uncalled bet ($0.22) returned to Dorex2007
Dorex2007 collected $0.22 from pot
Dorex2007: doesn't show hand 
*** SUMMARY ***
Total pot $0.23 | Rake $0.01 
Board [6c 6d 2c]
Seat 1: Daynermade folded on the Flop
Seat 2: inte01 folded before Flop (didn't bet)
Seat 3: geniuss folded before Flop (didn't bet)
Seat 4: dimsand71 folded before Flop (didn't bet)
Seat 5: Dorex2007 collected ($0.22)
Seat 6: 5258pb (button) folded before Flop (didn't bet)
Seat 8: quillay as (small blind) folded before Flop
Seat 9: Set Out (big blind) folded before Flop



PokerStars Hand #229293513912:  Hold'em No Limit ($0.01/$0.02 USD) - 2021/08/23 20:57:40 PT [2021/08/23 23:57:40 ET]
Table 'Elara' 9-max Seat #8 is the button
Seat 1: Daynermade ($0.62 in chips) 
Seat 2: inte01 ($1.60 in chips) 
Seat 3: geniuss ($2 in chips) 
Seat 4: dimsand71 ($2.30 in chips) 
Seat 5: Dorex2007 ($2.44 in chips) 
Seat 6: 5258pb ($1.21 in chips) 
Seat 8: quillay as ($0.80 in chips) 
Seat 9: Set Out ($2 in chips) 
Set Out: posts small blind $0.01
Daynermade: posts big blind $0.02
*** HOLE CARDS ***
Dealt to Dorex2007 [5s 3h]
inte01: calls $0.02
geniuss: folds 
dimsand71 has timed out
dimsand71: folds 
Dorex2007: folds 
5258pb: folds 
quillay as: folds 
Set Out: folds 
Murere joins the table at seat #7 
Daynermade: checks 
*** FLOP *** [As Jh 2c]
Daynermade: checks 
inte01: checks 
*** TURN *** [As Jh 2c] [6d]
Daynermade: checks 
inte01: bets $0.03
Daynermade: folds 
Uncalled bet ($0.03) returned to inte01
inte01 collected $0.05 from pot
inte01: doesn't show hand 
*** SUMMARY ***
Total pot $0.05 | Rake $0 
Board [As Jh 2c 6d]
Seat 1: Daynermade (big blind) folded on the Turn
Seat 2: inte01 collected ($0.05)
Seat 3: geniuss folded before Flop (didn't bet)
Seat 4: dimsand71 folded before Flop (didn't bet)
Seat 5: Dorex2007 folded before Flop (didn't bet)
Seat 6: 5258pb folded before Flop (didn't bet)
Seat 8: quillay as (button) folded before Flop (didn't bet)
Seat 9: Set Out (small blind) folded before Flop



PokerStars Hand #229293520971:  Hold'em No Limit ($0.01/$0.02 USD) - 2021/08/23 20:58:33 PT [2021/08/23 23:58:33 ET]
Table 'Elara' 9-max Seat #9 is the button
Seat 1: Daynermade ($0.60 in chips) 
Seat 2: inte01 ($1.63 in chips) 
Seat 3: geniuss ($2 in chips) 
Seat 4: dimsand71 ($2.30 in chips) 
Seat 5: Dorex2007 ($2.44 in chips) 
Seat 6: 5258pb ($1.21 in chips) 
Seat 8: quillay as ($0.80 in chips) 
Seat 9: Set Out ($2 in chips) 
Daynermade: posts small blind $0.01
inte01: posts big blind $0.02
Murere: sits out 
*** HOLE CARDS ***
Dealt to Dorex2007 [Th 4s]
geniuss: folds 
dimsand71 has timed out
dimsand71: folds 
Dorex2007: folds 
5258pb: calls $0.02
quillay as: calls $0.02
Set Out: folds 
Daynermade: calls $0.01
inte01: checks 
*** FLOP *** [5c 8h 7s]
Daynermade: checks 
inte01: checks 
5258pb: checks 
quillay as: checks 
*** TURN *** [5c 8h 7s] [Ts]
Daynermade: checks 
inte01: checks 
5258pb: checks 
quillay as: checks 
*** RIVER *** [5c 8h 7s Ts] [6s]
Daynermade: checks 
inte01: checks 
5258pb: checks 
quillay as: checks 
*** SHOW DOWN ***
Daynermade: shows [Kh 8d] (a pair of Eights)
inte01: mucks hand 
5258pb: mucks hand 
quillay as: shows [4h Ah] (a straight, Four to Eight)
quillay as collected $0.08 from pot
*** SUMMARY ***
Total pot $0.08 | Rake $0 
Board [5c 8h 7s Ts 6s]
Seat 1: Daynermade (small blind) showed [Kh 8d] and lost with a pair of Eights
Seat 2: inte01 (big blind) mucked [2d Ks]
Seat 3: geniuss folded before Flop (didn't bet)
Seat 4: dimsand71 folded before Flop (didn't bet)
Seat 5: Dorex2007 folded before Flop (didn't bet)
Seat 6: 5258pb mucked [3s 3h]
Seat 8: quillay as showed [4h Ah] and won ($0.08) with a straight, Four to Eight
Seat 9: Set Out (button) folded before Flop (didn't bet)



