PokerStars Hand #225237094547:  Hold'em No Limit ($0.01/$0.02 USD) - 2021/03/27 9:49:15 PT [2021/03/27 12:49:15 ET]
Table 'Baade IV' 9-max Seat #9 is the button
Seat 1: sidi19800 ($0.85 in chips) 
Seat 2: theseeley ($1.28 in chips) 
Seat 3: TT_Arg2020 ($1.26 in chips) 
Seat 4: sanuk1no ($1.98 in chips) 
Seat 5: Donenko345 ($1.11 in chips) 
Seat 6: ms.gerbil ($2.76 in chips) 
Seat 7: PS-Keldale ($3.86 in chips) 
Seat 8: Dorex2007 ($1.50 in chips) 
Seat 9: tyukach ($2 in chips) 
sidi19800: posts small blind $0.01
theseeley: posts big blind $0.02
Dorex2007: posts big blind $0.02
*** HOLE CARDS ***
Dealt to Dorex2007 [9c 9s]
TT_Arg2020: folds 
sanuk1no: folds 
Donenko345: folds 
ms.gerbil: folds 
PS-Keldale: folds 
Dorex2007: raises $0.04 to $0.06
tyukach: folds 
sidi19800: calls $0.05
theseeley: calls $0.04
*** FLOP *** [2c 4s Ks]
sidi19800: checks 
theseeley: checks 
Dorex2007: bets $0.09
sidi19800: folds 
theseeley: folds 
Uncalled bet ($0.09) returned to Dorex2007
Dorex2007 collected $0.17 from pot
Dorex2007: doesn't show hand 
*** SUMMARY ***
Total pot $0.18 | Rake $0.01 
Board [2c 4s Ks]
Seat 1: sidi19800 (small blind) folded on the Flop
Seat 2: theseeley (big blind) folded on the Flop
Seat 3: TT_Arg2020 folded before Flop (didn't bet)
Seat 4: sanuk1no folded before Flop (didn't bet)
Seat 5: Donenko345 folded before Flop (didn't bet)
Seat 6: ms.gerbil folded before Flop (didn't bet)
Seat 7: PS-Keldale folded before Flop (didn't bet)
Seat 8: Dorex2007 collected ($0.17)
Seat 9: tyukach (button) folded before Flop (didn't bet)



PokerStars Hand #225237118951:  Hold'em No Limit ($0.01/$0.02 USD) - 2021/03/27 9:50:01 PT [2021/03/27 12:50:01 ET]
Table 'Baade IV' 9-max Seat #1 is the button
Seat 1: sidi19800 ($0.79 in chips) 
Seat 2: theseeley ($1.22 in chips) 
Seat 3: TT_Arg2020 ($1.26 in chips) 
Seat 4: sanuk1no ($1.98 in chips) 
Seat 5: Donenko345 ($1.11 in chips) 
Seat 6: ms.gerbil ($2.76 in chips) 
Seat 7: PS-Keldale ($3.86 in chips) 
Seat 8: Dorex2007 ($1.61 in chips) 
Seat 9: tyukach ($2 in chips) 
theseeley: posts small blind $0.01
TT_Arg2020: posts big blind $0.02
*** HOLE CARDS ***
Dealt to Dorex2007 [9c 3c]
sanuk1no: folds 
Donenko345: folds 
ms.gerbil: folds 
PS-Keldale: folds 
Dorex2007: folds 
tyukach: folds 
sidi19800: calls $0.02
theseeley: calls $0.01
TT_Arg2020: checks 
*** FLOP *** [9s 3d Qs]
theseeley: checks 
TT_Arg2020: checks 
sidi19800: checks 
*** TURN *** [9s 3d Qs] [9d]
theseeley: checks 
TT_Arg2020: checks 
sidi19800: checks 
*** RIVER *** [9s 3d Qs 9d] [2c]
theseeley: bets $0.04
TT_Arg2020: folds 
sidi19800: folds 
Uncalled bet ($0.04) returned to theseeley
theseeley collected $0.06 from pot
*** SUMMARY ***
Total pot $0.06 | Rake $0 
Board [9s 3d Qs 9d 2c]
Seat 1: sidi19800 (button) folded on the River
Seat 2: theseeley (small blind) collected ($0.06)
Seat 3: TT_Arg2020 (big blind) folded on the River
Seat 4: sanuk1no folded before Flop (didn't bet)
Seat 5: Donenko345 folded before Flop (didn't bet)
Seat 6: ms.gerbil folded before Flop (didn't bet)
Seat 7: PS-Keldale folded before Flop (didn't bet)
Seat 8: Dorex2007 folded before Flop (didn't bet)
Seat 9: tyukach folded before Flop (didn't bet)



PokerStars Hand #225237146876:  Hold'em No Limit ($0.01/$0.02 USD) - 2021/03/27 9:50:47 PT [2021/03/27 12:50:47 ET]
Table 'Baade IV' 9-max Seat #2 is the button
Seat 1: sidi19800 ($0.77 in chips) 
Seat 2: theseeley ($1.26 in chips) 
Seat 3: TT_Arg2020 ($1.24 in chips) 
Seat 4: sanuk1no ($1.98 in chips) 
Seat 5: Donenko345 ($1.11 in chips) 
Seat 6: ms.gerbil ($2.76 in chips) 
Seat 7: PS-Keldale ($3.86 in chips) 
Seat 8: Dorex2007 ($1.61 in chips) 
Seat 9: tyukach ($2 in chips) 
TT_Arg2020: posts small blind $0.01
sanuk1no: posts big blind $0.02
*** HOLE CARDS ***
Dealt to Dorex2007 [Jc As]
Donenko345: raises $0.03 to $0.05
ms.gerbil: folds 
PS-Keldale: calls $0.05
Dorex2007: folds 
tyukach: folds 
sidi19800: folds 
theseeley: folds 
TT_Arg2020: folds 
sanuk1no: folds 
*** FLOP *** [6h 3h 9c]
Donenko345: checks 
PS-Keldale: checks 
*** TURN *** [6h 3h 9c] [6s]
Donenko345: checks 
PS-Keldale: bets $0.05
Donenko345: calls $0.05
*** RIVER *** [6h 3h 9c 6s] [Tc]
Donenko345: checks 
PS-Keldale: checks 
*** SHOW DOWN ***
Donenko345: shows [Ah Jh] (a pair of Sixes)
PS-Keldale: shows [Td Js] (two pair, Tens and Sixes)
PS-Keldale collected $0.22 from pot
*** SUMMARY ***
Total pot $0.23 | Rake $0.01 
Board [6h 3h 9c 6s Tc]
Seat 1: sidi19800 folded before Flop (didn't bet)
Seat 2: theseeley (button) folded before Flop (didn't bet)
Seat 3: TT_Arg2020 (small blind) folded before Flop
Seat 4: sanuk1no (big blind) folded before Flop
Seat 5: Donenko345 showed [Ah Jh] and lost with a pair of Sixes
Seat 6: ms.gerbil folded before Flop (didn't bet)
Seat 7: PS-Keldale showed [Td Js] and won ($0.22) with two pair, Tens and Sixes
Seat 8: Dorex2007 folded before Flop (didn't bet)
Seat 9: tyukach folded before Flop (didn't bet)



PokerStars Hand #225237175493:  Hold'em No Limit ($0.01/$0.02 USD) - 2021/03/27 9:51:40 PT [2021/03/27 12:51:40 ET]
Table 'Baade IV' 9-max Seat #3 is the button
Seat 1: sidi19800 ($0.77 in chips) 
Seat 2: theseeley ($1.26 in chips) 
Seat 3: TT_Arg2020 ($1.23 in chips) 
Seat 4: sanuk1no ($1.96 in chips) 
Seat 5: Donenko345 ($1.01 in chips) 
Seat 6: ms.gerbil ($2.76 in chips) 
Seat 7: PS-Keldale ($3.98 in chips) 
Seat 8: Dorex2007 ($1.61 in chips) 
Seat 9: tyukach ($2 in chips) 
sanuk1no: posts small blind $0.01
Donenko345: posts big blind $0.02
*** HOLE CARDS ***
Dealt to Dorex2007 [7s 7h]
ms.gerbil: folds 
PS-Keldale: raises $0.03 to $0.05
Dorex2007: folds 
tyukach: folds 
sidi19800: folds 
sidi19800 leaves the table
theseeley: calls $0.05
TT_Arg2020: calls $0.05
Redmag666 joins the table at seat #1 
sanuk1no: folds 
Donenko345: folds 
*** FLOP *** [8d Qh Qc]
PS-Keldale: bets $0.05
theseeley: raises $0.05 to $0.10
TT_Arg2020: folds 
PS-Keldale: folds 
Uncalled bet ($0.05) returned to theseeley
theseeley collected $0.27 from pot
*** SUMMARY ***
Total pot $0.28 | Rake $0.01 
Board [8d Qh Qc]
Seat 1: sidi19800 folded before Flop (didn't bet)
Seat 2: theseeley collected ($0.27)
Seat 3: TT_Arg2020 (button) folded on the Flop
Seat 4: sanuk1no (small blind) folded before Flop
Seat 5: Donenko345 (big blind) folded before Flop
Seat 6: ms.gerbil folded before Flop (didn't bet)
Seat 7: PS-Keldale folded on the Flop
Seat 8: Dorex2007 folded before Flop (didn't bet)
Seat 9: tyukach folded before Flop (didn't bet)



PokerStars Hand #225237201327:  Hold'em No Limit ($0.01/$0.02 USD) - 2021/03/27 9:52:29 PT [2021/03/27 12:52:29 ET]
Table 'Baade IV' 9-max Seat #4 is the button
Seat 2: theseeley ($1.43 in chips) 
Seat 3: TT_Arg2020 ($1.18 in chips) 
Seat 4: sanuk1no ($1.95 in chips) 
Seat 5: Donenko345 ($1 in chips) 
Seat 6: ms.gerbil ($2.76 in chips) 
Seat 7: PS-Keldale ($3.88 in chips) 
Seat 8: Dorex2007 ($1.61 in chips) 
Seat 9: tyukach ($2 in chips) 
Donenko345: posts small blind $0.01
ms.gerbil: posts big blind $0.02
Redmag666: sits out 
*** HOLE CARDS ***
Dealt to Dorex2007 [8h Js]
PS-Keldale: folds 
Dorex2007: folds 
tyukach: folds 
theseeley: folds 
TT_Arg2020: folds 
sanuk1no: folds 
Donenko345: folds 
Uncalled bet ($0.01) returned to ms.gerbil
ms.gerbil collected $0.02 from pot
ms.gerbil: doesn't show hand 
*** SUMMARY ***
Total pot $0.02 | Rake $0 
Seat 2: theseeley folded before Flop (didn't bet)
Seat 3: TT_Arg2020 folded before Flop (didn't bet)
Seat 4: sanuk1no (button) folded before Flop (didn't bet)
Seat 5: Donenko345 (small blind) folded before Flop
Seat 6: ms.gerbil (big blind) collected ($0.02)
Seat 7: PS-Keldale folded before Flop (didn't bet)
Seat 8: Dorex2007 folded before Flop (didn't bet)
Seat 9: tyukach folded before Flop (didn't bet)



PokerStars Hand #225237207469:  Hold'em No Limit ($0.01/$0.02 USD) - 2021/03/27 9:52:41 PT [2021/03/27 12:52:41 ET]
Table 'Baade IV' 9-max Seat #5 is the button
Seat 2: theseeley ($1.43 in chips) 
Seat 3: TT_Arg2020 ($1.18 in chips) 
Seat 4: sanuk1no ($1.95 in chips) 
Seat 5: Donenko345 ($1 in chips) 
Seat 6: ms.gerbil ($2.77 in chips) 
Seat 7: PS-Keldale ($3.88 in chips) 
Seat 8: Dorex2007 ($1.61 in chips) 
Seat 9: tyukach ($2 in chips) 
ms.gerbil: posts small blind $0.01
PS-Keldale: posts big blind $0.02
Redmag666: sits out 
*** HOLE CARDS ***
Dealt to Dorex2007 [Kc 3h]
Dorex2007: folds 
tyukach: folds 
theseeley: folds 
TT_Arg2020: folds 
sanuk1no: calls $0.02
Donenko345: folds 
ms.gerbil: folds 
PS-Keldale: checks 
*** FLOP *** [9h Ks 7s]
PS-Keldale: bets $0.03
sanuk1no: folds 
Uncalled bet ($0.03) returned to PS-Keldale
PS-Keldale collected $0.05 from pot
PS-Keldale: doesn't show hand 
*** SUMMARY ***
Total pot $0.05 | Rake $0 
Board [9h Ks 7s]
Seat 2: theseeley folded before Flop (didn't bet)
Seat 3: TT_Arg2020 folded before Flop (didn't bet)
Seat 4: sanuk1no folded on the Flop
Seat 5: Donenko345 (button) folded before Flop (didn't bet)
Seat 6: ms.gerbil (small blind) folded before Flop
Seat 7: PS-Keldale (big blind) collected ($0.05)
Seat 8: Dorex2007 folded before Flop (didn't bet)
Seat 9: tyukach folded before Flop (didn't bet)



PokerStars Hand #225237223164:  Hold'em No Limit ($0.01/$0.02 USD) - 2021/03/27 9:53:10 PT [2021/03/27 12:53:10 ET]
Table 'Baade IV' 9-max Seat #6 is the button
Seat 2: theseeley ($1.43 in chips) 
Seat 3: TT_Arg2020 ($1.18 in chips) 
Seat 4: sanuk1no ($1.93 in chips) 
Seat 5: Donenko345 ($1 in chips) 
Seat 6: ms.gerbil ($2.76 in chips) 
Seat 7: PS-Keldale ($3.91 in chips) 
Seat 8: Dorex2007 ($1.61 in chips) 
Seat 9: tyukach ($2 in chips) 
PS-Keldale: posts small blind $0.01
Dorex2007: posts big blind $0.02
Redmag666: sits out 
*** HOLE CARDS ***
Dealt to Dorex2007 [2c As]
tyukach: folds 
theseeley: calls $0.02
TT_Arg2020: folds 
sanuk1no: folds 
Donenko345: folds 
ms.gerbil: folds 
PS-Keldale: calls $0.01
Dorex2007: checks 
*** FLOP *** [5c 5h 6d]
ms.gerbil leaves the table
PS-Keldale: checks 
Stigiv joins the table at seat #6 
Dorex2007: checks 
theseeley: checks 
*** TURN *** [5c 5h 6d] [Ks]
PS-Keldale: checks 
sanuk1no leaves the table
Dorex2007: checks 
theseeley: checks 
*** RIVER *** [5c 5h 6d Ks] [Kh]
ugandabear joins the table at seat #4 
PS-Keldale: bets $0.09
Dorex2007: folds 
theseeley: folds 
Uncalled bet ($0.09) returned to PS-Keldale
PS-Keldale collected $0.06 from pot
PS-Keldale: doesn't show hand 
*** SUMMARY ***
Total pot $0.06 | Rake $0 
Board [5c 5h 6d Ks Kh]
Seat 2: theseeley folded on the River
Seat 3: TT_Arg2020 folded before Flop (didn't bet)
Seat 4: sanuk1no folded before Flop (didn't bet)
Seat 5: Donenko345 folded before Flop (didn't bet)
Seat 6: ms.gerbil (button) folded before Flop (didn't bet)
Seat 7: PS-Keldale (small blind) collected ($0.06)
Seat 8: Dorex2007 (big blind) folded on the River
Seat 9: tyukach folded before Flop (didn't bet)



PokerStars Hand #225237261569:  Hold'em No Limit ($0.01/$0.02 USD) - 2021/03/27 9:54:08 PT [2021/03/27 12:54:08 ET]
Table 'Baade IV' 9-max Seat #7 is the button
Seat 2: theseeley ($1.41 in chips) 
Seat 3: TT_Arg2020 ($1.18 in chips) 
Seat 5: Donenko345 ($1 in chips) 
Seat 7: PS-Keldale ($3.95 in chips) 
Seat 8: Dorex2007 ($1.59 in chips) 
Seat 9: tyukach ($2 in chips) 
Dorex2007: posts small blind $0.01
tyukach: posts big blind $0.02
Redmag666: sits out 
ugandabear: sits out 
Stigiv: sits out 
*** HOLE CARDS ***
Dealt to Dorex2007 [Ac 8s]
theseeley: folds 
TT_Arg2020: folds 
Donenko345: folds 
PS-Keldale: raises $0.03 to $0.05
Dorex2007: folds 
tyukach: calls $0.03
*** FLOP *** [4h 6h Jc]
tyukach: checks 
PS-Keldale: bets $0.09
tyukach: folds 
Uncalled bet ($0.09) returned to PS-Keldale
PS-Keldale collected $0.11 from pot
PS-Keldale: doesn't show hand 
*** SUMMARY ***
Total pot $0.11 | Rake $0 
Board [4h 6h Jc]
Seat 2: theseeley folded before Flop (didn't bet)
Seat 3: TT_Arg2020 folded before Flop (didn't bet)
Seat 5: Donenko345 folded before Flop (didn't bet)
Seat 7: PS-Keldale (button) collected ($0.11)
Seat 8: Dorex2007 (small blind) folded before Flop
Seat 9: tyukach (big blind) folded on the Flop



PokerStars Hand #225237279398:  Hold'em No Limit ($0.01/$0.02 USD) - 2021/03/27 9:54:42 PT [2021/03/27 12:54:42 ET]
Table 'Baade IV' 9-max Seat #8 is the button
Seat 1: Redmag666 ($2 in chips) 
Seat 2: theseeley ($1.41 in chips) 
Seat 3: TT_Arg2020 ($1.18 in chips) 
Seat 5: Donenko345 ($1 in chips) 
Seat 7: PS-Keldale ($4.01 in chips) 
Seat 8: Dorex2007 ($1.58 in chips) 
Seat 9: tyukach ($2 in chips) 
tyukach: posts small blind $0.01
Redmag666: posts big blind $0.02
ugandabear: sits out 
Stigiv: sits out 
*** HOLE CARDS ***
Dealt to Dorex2007 [5d 5s]
theseeley: folds 
TT_Arg2020: raises $0.04 to $0.06
Donenko345: folds 
PS-Keldale: folds 
Dorex2007: calls $0.06
tyukach: folds 
Redmag666: folds 
*** FLOP *** [Tc Js Kh]
TT_Arg2020: bets $0.08
Dorex2007: calls $0.08
*** TURN *** [Tc Js Kh] [Kd]
TT_Arg2020: checks 
Dorex2007: bets $0.15
TT_Arg2020: calls $0.15
*** RIVER *** [Tc Js Kh Kd] [3d]
TT_Arg2020: checks 
Dorex2007: bets $0.30
TT_Arg2020: folds 
Uncalled bet ($0.30) returned to Dorex2007
Dorex2007 collected $0.59 from pot
Dorex2007: doesn't show hand 
*** SUMMARY ***
Total pot $0.61 | Rake $0.02 
Board [Tc Js Kh Kd 3d]
Seat 1: Redmag666 (big blind) folded before Flop
Seat 2: theseeley folded before Flop (didn't bet)
Seat 3: TT_Arg2020 folded on the River
Seat 5: Donenko345 folded before Flop (didn't bet)
Seat 7: PS-Keldale folded before Flop (didn't bet)
Seat 8: Dorex2007 (button) collected ($0.59)
Seat 9: tyukach (small blind) folded before Flop



PokerStars Hand #225237310645:  Hold'em No Limit ($0.01/$0.02 USD) - 2021/03/27 9:55:52 PT [2021/03/27 12:55:52 ET]
Table 'Baade IV' 9-max Seat #9 is the button
Seat 1: Redmag666 ($2 in chips) 
Seat 2: theseeley ($1.41 in chips) 
Seat 3: TT_Arg2020 ($0.89 in chips) 
Seat 5: Donenko345 ($1 in chips) 
Seat 7: PS-Keldale ($4.01 in chips) 
Seat 8: Dorex2007 ($1.88 in chips) 
Seat 9: tyukach ($2 in chips) 
Redmag666: posts small blind $0.01
theseeley: posts big blind $0.02
ugandabear: sits out 
Stigiv: sits out 
*** HOLE CARDS ***
Dealt to Dorex2007 [Th 3h]
TT_Arg2020: raises $0.04 to $0.06
Donenko345: folds 
PS-Keldale: folds 
Dorex2007: folds 
tyukach: folds 
Redmag666: folds 
theseeley: folds 
Uncalled bet ($0.04) returned to TT_Arg2020
TT_Arg2020 collected $0.05 from pot
TT_Arg2020: doesn't show hand 
*** SUMMARY ***
Total pot $0.05 | Rake $0 
Seat 1: Redmag666 (small blind) folded before Flop
Seat 2: theseeley (big blind) folded before Flop
Seat 3: TT_Arg2020 collected ($0.05)
Seat 5: Donenko345 folded before Flop (didn't bet)
Seat 7: PS-Keldale folded before Flop (didn't bet)
Seat 8: Dorex2007 folded before Flop (didn't bet)
Seat 9: tyukach (button) folded before Flop (didn't bet)



PokerStars Hand #225237320776:  Hold'em No Limit ($0.01/$0.02 USD) - 2021/03/27 9:56:18 PT [2021/03/27 12:56:18 ET]
Table 'Baade IV' 9-max Seat #1 is the button
Seat 1: Redmag666 ($2 in chips) 
Seat 2: theseeley ($1.39 in chips) 
Seat 3: TT_Arg2020 ($0.92 in chips) 
Seat 5: Donenko345 ($1 in chips) 
Seat 7: PS-Keldale ($4.01 in chips) 
Seat 8: Dorex2007 ($1.88 in chips) 
Seat 9: tyukach ($2 in chips) 
theseeley: posts small blind $0.01
TT_Arg2020: posts big blind $0.02
ugandabear: sits out 
Stigiv: sits out 
*** HOLE CARDS ***
Dealt to Dorex2007 [Td 8s]
Donenko345: folds 
PS-Keldale: folds 
Dorex2007: folds 
tyukach: raises $0.04 to $0.06
Redmag666: folds 
theseeley: calls $0.05
TT_Arg2020: folds 
*** FLOP *** [7s 9c 6h]
theseeley: bets $0.06
tyukach: calls $0.06
*** TURN *** [7s 9c 6h] [Qs]
theseeley: checks 
tyukach: bets $0.14
theseeley: calls $0.14
*** RIVER *** [7s 9c 6h Qs] [9s]
theseeley: bets $0.20
tyukach: calls $0.20
*** SHOW DOWN ***
theseeley: shows [Js Jh] (two pair, Jacks and Nines)
tyukach: shows [9d Jd] (three of a kind, Nines)
tyukach collected $0.91 from pot
*** SUMMARY ***
Total pot $0.94 | Rake $0.03 
Board [7s 9c 6h Qs 9s]
Seat 1: Redmag666 (button) folded before Flop (didn't bet)
Seat 2: theseeley (small blind) showed [Js Jh] and lost with two pair, Jacks and Nines
Seat 3: TT_Arg2020 (big blind) folded before Flop
Seat 5: Donenko345 folded before Flop (didn't bet)
Seat 7: PS-Keldale folded before Flop (didn't bet)
Seat 8: Dorex2007 folded before Flop (didn't bet)
Seat 9: tyukach showed [9d Jd] and won ($0.91) with three of a kind, Nines



PokerStars Hand #225237342373:  Hold'em No Limit ($0.01/$0.02 USD) - 2021/03/27 9:57:13 PT [2021/03/27 12:57:13 ET]
Table 'Baade IV' 9-max Seat #2 is the button
Seat 1: Redmag666 ($2 in chips) 
Seat 2: theseeley ($0.93 in chips) 
Seat 3: TT_Arg2020 ($0.90 in chips) 
Seat 4: ugandabear ($2 in chips) 
Seat 5: Donenko345 ($1 in chips) 
Seat 7: PS-Keldale ($4.01 in chips) 
Seat 8: Dorex2007 ($1.88 in chips) 
Seat 9: tyukach ($2.45 in chips) 
TT_Arg2020: posts small blind $0.01
ugandabear: posts big blind $0.02
Stigiv: sits out 
*** HOLE CARDS ***
Dealt to Dorex2007 [Jh Jc]
Donenko345: raises $0.03 to $0.05
PS-Keldale: folds 
Dorex2007: calls $0.05
tyukach: folds 
Redmag666: calls $0.05
theseeley: calls $0.05
TT_Arg2020: folds 
ugandabear: folds 
*** FLOP *** [Ad Ks 9h]
Donenko345: checks 
Dorex2007: checks 
Redmag666: checks 
theseeley: bets $0.06
Donenko345: folds 
Dorex2007: folds 
Redmag666: folds 
Uncalled bet ($0.06) returned to theseeley
theseeley collected $0.22 from pot
*** SUMMARY ***
Total pot $0.23 | Rake $0.01 
Board [Ad Ks 9h]
Seat 1: Redmag666 folded on the Flop
Seat 2: theseeley (button) collected ($0.22)
Seat 3: TT_Arg2020 (small blind) folded before Flop
Seat 4: ugandabear (big blind) folded before Flop
Seat 5: Donenko345 folded on the Flop
Seat 7: PS-Keldale folded before Flop (didn't bet)
Seat 8: Dorex2007 folded on the Flop
Seat 9: tyukach folded before Flop (didn't bet)



PokerStars Hand #225237360736:  Hold'em No Limit ($0.01/$0.02 USD) - 2021/03/27 9:57:59 PT [2021/03/27 12:57:59 ET]
Table 'Baade IV' 9-max Seat #3 is the button
Seat 1: Redmag666 ($2 in chips) 
Seat 2: theseeley ($1.10 in chips) 
Seat 3: TT_Arg2020 ($0.89 in chips) 
Seat 4: ugandabear ($1.98 in chips) 
Seat 5: Donenko345 ($1 in chips) 
Seat 7: PS-Keldale ($4.01 in chips) 
Seat 8: Dorex2007 ($1.83 in chips) 
Seat 9: tyukach ($2.45 in chips) 
ugandabear: posts small blind $0.01
Donenko345: posts big blind $0.02
Stigiv: sits out 
*** HOLE CARDS ***
Dealt to Dorex2007 [8s 9h]
PS-Keldale: raises $0.03 to $0.05
Dorex2007: folds 
tyukach: folds 
Redmag666: folds 
theseeley: folds 
TT_Arg2020: folds 
ugandabear: folds 
Donenko345: raises $0.11 to $0.16
PS-Keldale: calls $0.11
*** FLOP *** [3c 8h Th]
Donenko345: checks 
PS-Keldale: bets $0.07
Donenko345: calls $0.07
*** TURN *** [3c 8h Th] [As]
Donenko345: checks 
PS-Keldale: bets $0.09
Donenko345: raises $0.32 to $0.41
PS-Keldale: folds 
Uncalled bet ($0.32) returned to Donenko345
Donenko345 collected $0.63 from pot
Donenko345: doesn't show hand 
*** SUMMARY ***
Total pot $0.65 | Rake $0.02 
Board [3c 8h Th As]
Seat 1: Redmag666 folded before Flop (didn't bet)
Seat 2: theseeley folded before Flop (didn't bet)
Seat 3: TT_Arg2020 (button) folded before Flop (didn't bet)
Seat 4: ugandabear (small blind) folded before Flop
Seat 5: Donenko345 (big blind) collected ($0.63)
Seat 7: PS-Keldale folded on the Turn
Seat 8: Dorex2007 folded before Flop (didn't bet)
Seat 9: tyukach folded before Flop (didn't bet)



PokerStars Hand #225237381562:  Hold'em No Limit ($0.01/$0.02 USD) - 2021/03/27 9:58:52 PT [2021/03/27 12:58:52 ET]
Table 'Baade IV' 9-max Seat #4 is the button
Seat 1: Redmag666 ($2 in chips) 
Seat 2: theseeley ($1.10 in chips) 
Seat 3: TT_Arg2020 ($0.89 in chips) 
Seat 4: ugandabear ($1.97 in chips) 
Seat 5: Donenko345 ($1.31 in chips) 
Seat 6: Stigiv ($2 in chips) 
Seat 7: PS-Keldale ($3.69 in chips) 
Seat 8: Dorex2007 ($1.83 in chips) 
Seat 9: tyukach ($2.45 in chips) 
Donenko345: posts small blind $0.01
Stigiv: posts big blind $0.02
*** HOLE CARDS ***
Dealt to Dorex2007 [Qh Qd]
PS-Keldale: folds 
Dorex2007: raises $0.04 to $0.06
tyukach: folds 
Redmag666: calls $0.06
theseeley: calls $0.06
TT_Arg2020: folds 
ugandabear: folds 
Donenko345: folds 
Stigiv: folds 
*** FLOP *** [8d 7d 4s]
Dorex2007: bets $0.20
Redmag666: folds 
theseeley: folds 
Uncalled bet ($0.20) returned to Dorex2007
Dorex2007 collected $0.20 from pot
Dorex2007: doesn't show hand 
*** SUMMARY ***
Total pot $0.21 | Rake $0.01 
Board [8d 7d 4s]
Seat 1: Redmag666 folded on the Flop
Seat 2: theseeley folded on the Flop
Seat 3: TT_Arg2020 folded before Flop (didn't bet)
Seat 4: ugandabear (button) folded before Flop (didn't bet)
Seat 5: Donenko345 (small blind) folded before Flop
Seat 6: Stigiv (big blind) folded before Flop
Seat 7: PS-Keldale folded before Flop (didn't bet)
Seat 8: Dorex2007 collected ($0.20)
Seat 9: tyukach folded before Flop (didn't bet)



PokerStars Hand #225237393583:  Hold'em No Limit ($0.01/$0.02 USD) - 2021/03/27 9:59:23 PT [2021/03/27 12:59:23 ET]
Table 'Baade IV' 9-max Seat #5 is the button
Seat 1: Redmag666 ($2 in chips) 
Seat 2: theseeley ($1.04 in chips) 
Seat 3: TT_Arg2020 ($0.89 in chips) 
Seat 4: ugandabear ($1.97 in chips) 
Seat 5: Donenko345 ($1.30 in chips) 
Seat 6: Stigiv ($1.98 in chips) 
Seat 7: PS-Keldale ($3.69 in chips) 
Seat 8: Dorex2007 ($1.97 in chips) 
Seat 9: tyukach ($2.45 in chips) 
Stigiv: posts small blind $0.01
PS-Keldale: posts big blind $0.02
*** HOLE CARDS ***
Dealt to Dorex2007 [4d 6c]
Dorex2007: folds 
tyukach: folds 
Redmag666: folds 
theseeley: folds 
TT_Arg2020: folds 
ugandabear: folds 
Donenko345: folds 
Stigiv: folds 
Uncalled bet ($0.01) returned to PS-Keldale
PS-Keldale collected $0.02 from pot
PS-Keldale: doesn't show hand 
*** SUMMARY ***
Total pot $0.02 | Rake $0 
Seat 1: Redmag666 folded before Flop (didn't bet)
Seat 2: theseeley folded before Flop (didn't bet)
Seat 3: TT_Arg2020 folded before Flop (didn't bet)
Seat 4: ugandabear folded before Flop (didn't bet)
Seat 5: Donenko345 (button) folded before Flop (didn't bet)
Seat 6: Stigiv (small blind) folded before Flop
Seat 7: PS-Keldale (big blind) collected ($0.02)
Seat 8: Dorex2007 folded before Flop (didn't bet)
Seat 9: tyukach folded before Flop (didn't bet)



PokerStars Hand #225237403056:  Hold'em No Limit ($0.01/$0.02 USD) - 2021/03/27 9:59:47 PT [2021/03/27 12:59:47 ET]
Table 'Baade IV' 9-max Seat #6 is the button
Seat 1: Redmag666 ($2 in chips) 
Seat 2: theseeley ($1.04 in chips) 
Seat 3: TT_Arg2020 ($0.89 in chips) 
Seat 4: ugandabear ($1.97 in chips) 
Seat 5: Donenko345 ($1.30 in chips) 
Seat 6: Stigiv ($1.97 in chips) 
Seat 7: PS-Keldale ($3.70 in chips) 
Seat 8: Dorex2007 ($1.97 in chips) 
Seat 9: tyukach ($2.45 in chips) 
PS-Keldale: posts small blind $0.01
Dorex2007: posts big blind $0.02
*** HOLE CARDS ***
Dealt to Dorex2007 [Qh 6c]
tyukach has timed out
tyukach: folds 
Redmag666: folds 
theseeley: calls $0.02
TT_Arg2020: folds 
ugandabear: folds 
Donenko345: folds 
Stigiv: folds 
PS-Keldale: calls $0.01
Dorex2007: checks 
*** FLOP *** [Jd 3h Td]
PS-Keldale: checks 
Dorex2007: checks 
theseeley: checks 
*** TURN *** [Jd 3h Td] [4s]
PS-Keldale: bets $0.05
Dorex2007: folds 
theseeley: calls $0.05
*** RIVER *** [Jd 3h Td 4s] [Qc]
PS-Keldale: bets $0.05
theseeley: raises $0.09 to $0.14
PS-Keldale: folds 
Uncalled bet ($0.09) returned to theseeley
theseeley collected $0.25 from pot
*** SUMMARY ***
Total pot $0.26 | Rake $0.01 
Board [Jd 3h Td 4s Qc]
Seat 1: Redmag666 folded before Flop (didn't bet)
Seat 2: theseeley collected ($0.25)
Seat 3: TT_Arg2020 folded before Flop (didn't bet)
Seat 4: ugandabear folded before Flop (didn't bet)
Seat 5: Donenko345 folded before Flop (didn't bet)
Seat 6: Stigiv (button) folded before Flop (didn't bet)
Seat 7: PS-Keldale (small blind) folded on the River
Seat 8: Dorex2007 (big blind) folded on the Turn
Seat 9: tyukach folded before Flop (didn't bet)



PokerStars Hand #225237437525:  Hold'em No Limit ($0.01/$0.02 USD) - 2021/03/27 10:01:09 PT [2021/03/27 13:01:09 ET]
Table 'Baade IV' 9-max Seat #7 is the button
Seat 1: Redmag666 ($2 in chips) 
Seat 2: theseeley ($1.17 in chips) 
Seat 3: TT_Arg2020 ($0.89 in chips) 
Seat 4: ugandabear ($1.97 in chips) 
Seat 5: Donenko345 ($1.30 in chips) 
Seat 6: Stigiv ($1.97 in chips) 
Seat 7: PS-Keldale ($3.58 in chips) 
Seat 8: Dorex2007 ($1.95 in chips) 
Seat 9: tyukach ($2.45 in chips) 
Dorex2007: posts small blind $0.01
tyukach: posts big blind $0.02
*** HOLE CARDS ***
Dealt to Dorex2007 [3c Jc]
Redmag666: folds 
theseeley: folds 
TT_Arg2020: folds 
ugandabear: folds 
Donenko345: folds 
Stigiv: folds 
PS-Keldale: folds 
Dorex2007: folds 
Uncalled bet ($0.01) returned to tyukach
tyukach collected $0.02 from pot
*** SUMMARY ***
Total pot $0.02 | Rake $0 
Seat 1: Redmag666 folded before Flop (didn't bet)
Seat 2: theseeley folded before Flop (didn't bet)
Seat 3: TT_Arg2020 folded before Flop (didn't bet)
Seat 4: ugandabear folded before Flop (didn't bet)
Seat 5: Donenko345 folded before Flop (didn't bet)
Seat 6: Stigiv folded before Flop (didn't bet)
Seat 7: PS-Keldale (button) folded before Flop (didn't bet)
Seat 8: Dorex2007 (small blind) folded before Flop
Seat 9: tyukach (big blind) collected ($0.02)



PokerStars Hand #225237445607:  Hold'em No Limit ($0.01/$0.02 USD) - 2021/03/27 10:01:26 PT [2021/03/27 13:01:26 ET]
Table 'Baade IV' 9-max Seat #8 is the button
Seat 1: Redmag666 ($2 in chips) 
Seat 2: theseeley ($1.17 in chips) 
Seat 3: TT_Arg2020 ($0.89 in chips) 
Seat 4: ugandabear ($1.97 in chips) 
Seat 5: Donenko345 ($1.30 in chips) 
Seat 6: Stigiv ($1.97 in chips) 
Seat 7: PS-Keldale ($3.58 in chips) 
Seat 8: Dorex2007 ($1.94 in chips) 
Seat 9: tyukach ($2.46 in chips) 
tyukach: posts small blind $0.01
Redmag666: posts big blind $0.02
*** HOLE CARDS ***
Dealt to Dorex2007 [4d Ks]
theseeley: calls $0.02
TT_Arg2020: folds 
ugandabear: calls $0.02
Donenko345: folds 
Stigiv: folds 
PS-Keldale: raises $0.05 to $0.07
Dorex2007: folds 
tyukach: folds 
Redmag666: folds 
theseeley: calls $0.05
ugandabear: calls $0.05
*** FLOP *** [7s Kd 8d]
theseeley: checks 
ugandabear: checks 
PS-Keldale: bets $0.09
theseeley: folds 
ugandabear: calls $0.09
*** TURN *** [7s Kd 8d] [Qd]
ugandabear: bets $0.26
PS-Keldale: folds 
Uncalled bet ($0.26) returned to ugandabear
ugandabear collected $0.41 from pot
ugandabear: doesn't show hand 
*** SUMMARY ***
Total pot $0.42 | Rake $0.01 
Board [7s Kd 8d Qd]
Seat 1: Redmag666 (big blind) folded before Flop
Seat 2: theseeley folded on the Flop
Seat 3: TT_Arg2020 folded before Flop (didn't bet)
Seat 4: ugandabear collected ($0.41)
Seat 5: Donenko345 folded before Flop (didn't bet)
Seat 6: Stigiv folded before Flop (didn't bet)
Seat 7: PS-Keldale folded on the Turn
Seat 8: Dorex2007 (button) folded before Flop (didn't bet)
Seat 9: tyukach (small blind) folded before Flop



PokerStars Hand #225237480655:  Hold'em No Limit ($0.01/$0.02 USD) - 2021/03/27 10:02:36 PT [2021/03/27 13:02:36 ET]
Table 'Baade IV' 9-max Seat #9 is the button
Seat 1: Redmag666 ($2 in chips) 
Seat 2: theseeley ($1.10 in chips) 
Seat 3: TT_Arg2020 ($0.89 in chips) 
Seat 4: ugandabear ($2.22 in chips) 
Seat 5: Donenko345 ($1.30 in chips) 
Seat 6: Stigiv ($1.97 in chips) 
Seat 7: PS-Keldale ($3.42 in chips) 
Seat 8: Dorex2007 ($1.94 in chips) 
Seat 9: tyukach ($2.45 in chips) 
Redmag666: posts small blind $0.01
theseeley: posts big blind $0.02
*** HOLE CARDS ***
Dealt to Dorex2007 [9c Kc]
TT_Arg2020: folds 
ugandabear: folds 
Donenko345: folds 
Stigiv: folds 
PS-Keldale: raises $0.03 to $0.05
Dorex2007: folds 
tyukach: folds 
Redmag666: folds 
theseeley: raises $0.05 to $0.10
PS-Keldale: calls $0.05
*** FLOP *** [Jd 3h 4c]
theseeley: bets $0.16
PS-Keldale: folds 
Uncalled bet ($0.16) returned to theseeley
theseeley collected $0.20 from pot
*** SUMMARY ***
Total pot $0.21 | Rake $0.01 
Board [Jd 3h 4c]
Seat 1: Redmag666 (small blind) folded before Flop
Seat 2: theseeley (big blind) collected ($0.20)
Seat 3: TT_Arg2020 folded before Flop (didn't bet)
Seat 4: ugandabear folded before Flop (didn't bet)
Seat 5: Donenko345 folded before Flop (didn't bet)
Seat 6: Stigiv folded before Flop (didn't bet)
Seat 7: PS-Keldale folded on the Flop
Seat 8: Dorex2007 folded before Flop (didn't bet)
Seat 9: tyukach (button) folded before Flop (didn't bet)



PokerStars Hand #225237503160:  Hold'em No Limit ($0.01/$0.02 USD) - 2021/03/27 10:03:18 PT [2021/03/27 13:03:18 ET]
Table 'Baade IV' 9-max Seat #1 is the button
Seat 1: Redmag666 ($2 in chips) 
Seat 2: theseeley ($1.20 in chips) 
Seat 3: TT_Arg2020 ($0.89 in chips) 
Seat 4: ugandabear ($2.22 in chips) 
Seat 5: Donenko345 ($1.30 in chips) 
Seat 6: Stigiv ($1.97 in chips) 
Seat 7: PS-Keldale ($3.32 in chips) 
Seat 8: Dorex2007 ($1.94 in chips) 
Seat 9: tyukach ($2.45 in chips) 
theseeley: posts small blind $0.01
TT_Arg2020: posts big blind $0.02
*** HOLE CARDS ***
Dealt to Dorex2007 [Ac 2s]
ugandabear: folds 
Donenko345: folds 
Stigiv: folds 
PS-Keldale: raises $0.03 to $0.05
Dorex2007: folds 
tyukach: calls $0.05
Redmag666: folds 
theseeley: folds 
TT_Arg2020: folds 
*** FLOP *** [2h Td Qc]
PS-Keldale: bets $0.09
tyukach: calls $0.09
*** TURN *** [2h Td Qc] [3c]
PS-Keldale: bets $0.11
tyukach: calls $0.11
*** RIVER *** [2h Td Qc 3c] [7s]
PS-Keldale: bets $0.15
tyukach: folds 
Uncalled bet ($0.15) returned to PS-Keldale
PS-Keldale collected $0.51 from pot
PS-Keldale: doesn't show hand 
*** SUMMARY ***
Total pot $0.53 | Rake $0.02 
Board [2h Td Qc 3c 7s]
Seat 1: Redmag666 (button) folded before Flop (didn't bet)
Seat 2: theseeley (small blind) folded before Flop
Seat 3: TT_Arg2020 (big blind) folded before Flop
Seat 4: ugandabear folded before Flop (didn't bet)
Seat 5: Donenko345 folded before Flop (didn't bet)
Seat 6: Stigiv folded before Flop (didn't bet)
Seat 7: PS-Keldale collected ($0.51)
Seat 8: Dorex2007 folded before Flop (didn't bet)
Seat 9: tyukach folded on the River



PokerStars Hand #225237536935:  Hold'em No Limit ($0.01/$0.02 USD) - 2021/03/27 10:04:22 PT [2021/03/27 13:04:22 ET]
Table 'Baade IV' 9-max Seat #2 is the button
Seat 1: Redmag666 ($2 in chips) 
Seat 2: theseeley ($1.19 in chips) 
Seat 3: TT_Arg2020 ($0.87 in chips) 
Seat 4: ugandabear ($2.22 in chips) 
Seat 5: Donenko345 ($1.30 in chips) 
Seat 6: Stigiv ($1.97 in chips) 
Seat 7: PS-Keldale ($3.58 in chips) 
Seat 8: Dorex2007 ($1.94 in chips) 
Seat 9: tyukach ($2.20 in chips) 
TT_Arg2020: posts small blind $0.01
ugandabear: posts big blind $0.02
*** HOLE CARDS ***
Dealt to Dorex2007 [8s 6s]
Donenko345: folds 
Stigiv: folds 
PS-Keldale: raises $0.03 to $0.05
Dorex2007: folds 
tyukach: folds 
Redmag666: folds 
theseeley: folds 
TT_Arg2020: raises $0.03 to $0.08
ugandabear: folds 
PS-Keldale: calls $0.03
*** FLOP *** [Qs Jh Js]
TT_Arg2020: bets $0.17
PS-Keldale: calls $0.17
*** TURN *** [Qs Jh Js] [7s]
TT_Arg2020: bets $0.62 and is all-in
PS-Keldale: calls $0.62
*** RIVER *** [Qs Jh Js 7s] [7c]
*** SHOW DOWN ***
TT_Arg2020: shows [Qh Ac] (two pair, Queens and Jacks)
PS-Keldale: shows [Qc Jd] (a full house, Jacks full of Queens)
TT_Arg2020 cashed out the hand for $0.02
PS-Keldale cashed out the hand for $1.66 | Cash Out Fee $0.02
*** SUMMARY ***
Total pot $1.76 | Rake $0.06 
Board [Qs Jh Js 7s 7c]
Seat 1: Redmag666 folded before Flop (didn't bet)
Seat 2: theseeley (button) folded before Flop (didn't bet)
Seat 3: TT_Arg2020 (small blind) showed [Qh Ac] and lost with two pair, Queens and Jacks (cashed out).
Seat 4: ugandabear (big blind) folded before Flop
Seat 5: Donenko345 folded before Flop (didn't bet)
Seat 6: Stigiv folded before Flop (didn't bet)
Seat 7: PS-Keldale showed [Qc Jd] and won ($1.70) with a full house, Jacks full of Queens (pot not awarded as player cashed out)
Seat 8: Dorex2007 folded before Flop (didn't bet)
Seat 9: tyukach folded before Flop (didn't bet)



PokerStars Hand #225237572587:  Hold'em No Limit ($0.01/$0.02 USD) - 2021/03/27 10:05:23 PT [2021/03/27 13:05:23 ET]
Table 'Baade IV' 9-max Seat #3 is the button
Seat 1: Redmag666 ($2 in chips) 
Seat 2: theseeley ($1.19 in chips) 
Seat 3: TT_Arg2020 ($0.02 in chips) 
Seat 4: ugandabear ($2.20 in chips) 
Seat 5: Donenko345 ($1.30 in chips) 
Seat 6: Stigiv ($1.97 in chips) 
Seat 7: PS-Keldale ($4.37 in chips) 
Seat 8: Dorex2007 ($1.94 in chips) 
Seat 9: tyukach ($2.20 in chips) 
ugandabear: posts small blind $0.01
Donenko345: posts big blind $0.02
*** HOLE CARDS ***
Dealt to Dorex2007 [5c 5h]
Stigiv: folds 
PS-Keldale: folds 
Dorex2007: folds 
tyukach: folds 
Redmag666: raises $0.04 to $0.06
theseeley: calls $0.06
TT_Arg2020: calls $0.02 and is all-in
ugandabear: folds 
Donenko345: calls $0.04
*** FLOP *** [3h 7h Qd]
PS-Keldale leaves the table
Donenko345: bets $0.08
mickey889 joins the table at seat #7 
Redmag666: calls $0.08
theseeley: calls $0.08
*** TURN *** [3h 7h Qd] [2c]
Donenko345: bets $0.22
Redmag666: folds 
theseeley: calls $0.22
*** RIVER *** [3h 7h Qd 2c] [Jc]
Donenko345: bets $0.57
theseeley: raises $0.26 to $0.83 and is all-in
Donenko345: calls $0.26
*** SHOW DOWN ***
theseeley: shows [Ac Qs] (a pair of Queens)
Donenko345: shows [7c 7d] (three of a kind, Sevens)
Donenko345 collected $2.37 from side pot
TT_Arg2020: shows [2d As] (a pair of Deuces)
Donenko345 collected $0.09 from main pot
*** SUMMARY ***
Total pot $2.55 Main pot $0.09. Side pot $2.37. | Rake $0.09 
Board [3h 7h Qd 2c Jc]
Seat 1: Redmag666 folded on the Turn
Seat 2: theseeley showed [Ac Qs] and lost with a pair of Queens
Seat 3: TT_Arg2020 (button) showed [2d As] and lost with a pair of Deuces
Seat 4: ugandabear (small blind) folded before Flop
Seat 5: Donenko345 (big blind) showed [7c 7d] and won ($2.46) with three of a kind, Sevens
Seat 6: Stigiv folded before Flop (didn't bet)
Seat 7: PS-Keldale folded before Flop (didn't bet)
Seat 8: Dorex2007 folded before Flop (didn't bet)
Seat 9: tyukach folded before Flop (didn't bet)



PokerStars Hand #225237611115:  Hold'em No Limit ($0.01/$0.02 USD) - 2021/03/27 10:06:34 PT [2021/03/27 13:06:34 ET]
Table 'Baade IV' 9-max Seat #4 is the button
Seat 1: Redmag666 ($2 in chips) 
Seat 4: ugandabear ($2.19 in chips) 
Seat 5: Donenko345 ($2.57 in chips) 
Seat 6: Stigiv ($1.97 in chips) 
Seat 8: Dorex2007 ($1.94 in chips) 
Seat 9: tyukach ($2.20 in chips) 
Donenko345: posts small blind $0.01
Stigiv: posts big blind $0.02
mickey889: sits out 
*** HOLE CARDS ***
Dealt to Dorex2007 [4c 7c]
Dorex2007: folds 
tyukach: folds 
Redmag666: folds 
ugandabear: folds 
Donenko345: folds 
Uncalled bet ($0.01) returned to Stigiv
Stigiv collected $0.02 from pot
*** SUMMARY ***
Total pot $0.02 | Rake $0 
Seat 1: Redmag666 folded before Flop (didn't bet)
Seat 4: ugandabear (button) folded before Flop (didn't bet)
Seat 5: Donenko345 (small blind) folded before Flop
Seat 6: Stigiv (big blind) collected ($0.02)
Seat 8: Dorex2007 folded before Flop (didn't bet)
Seat 9: tyukach folded before Flop (didn't bet)



PokerStars Hand #225237618332:  Hold'em No Limit ($0.01/$0.02 USD) - 2021/03/27 10:06:48 PT [2021/03/27 13:06:48 ET]
Table 'Baade IV' 9-max Seat #5 is the button
Seat 1: Redmag666 ($2 in chips) 
Seat 3: TT_Arg2020 ($0.80 in chips) 
Seat 4: ugandabear ($2.19 in chips) 
Seat 5: Donenko345 ($2.56 in chips) 
Seat 6: Stigiv ($1.98 in chips) 
Seat 7: mickey889 ($0.80 in chips) 
Seat 8: Dorex2007 ($1.94 in chips) 
Seat 9: tyukach ($2.20 in chips) 
Stigiv: posts small blind $0.01
mickey889: posts big blind $0.02
*** HOLE CARDS ***
Dealt to Dorex2007 [Td Ac]
theseeley leaves the table
Dorex2007: folds 
tyukach: raises $0.04 to $0.06
Redmag666: folds 
TT_Arg2020: folds 
ugandabear: folds 
Donenko345: folds 
Juan_lacio joins the table at seat #2 
Stigiv: folds 
mickey889: folds 
Uncalled bet ($0.04) returned to tyukach
tyukach collected $0.05 from pot
*** SUMMARY ***
Total pot $0.05 | Rake $0 
Seat 1: Redmag666 folded before Flop (didn't bet)
Seat 3: TT_Arg2020 folded before Flop (didn't bet)
Seat 4: ugandabear folded before Flop (didn't bet)
Seat 5: Donenko345 (button) folded before Flop (didn't bet)
Seat 6: Stigiv (small blind) folded before Flop
Seat 7: mickey889 (big blind) folded before Flop
Seat 8: Dorex2007 folded before Flop (didn't bet)
Seat 9: tyukach collected ($0.05)



PokerStars Hand #225237627437:  Hold'em No Limit ($0.01/$0.02 USD) - 2021/03/27 10:07:05 PT [2021/03/27 13:07:05 ET]
Table 'Baade IV' 9-max Seat #6 is the button
Seat 1: Redmag666 ($2 in chips) 
Seat 3: TT_Arg2020 ($0.80 in chips) 
Seat 4: ugandabear ($2.19 in chips) 
Seat 5: Donenko345 ($2.56 in chips) 
Seat 6: Stigiv ($1.97 in chips) 
Seat 7: mickey889 ($0.78 in chips) 
Seat 8: Dorex2007 ($1.94 in chips) 
Seat 9: tyukach ($2.23 in chips) 
mickey889: posts small blind $0.01
Dorex2007: posts big blind $0.02
Juan_lacio: sits out 
*** HOLE CARDS ***
Dealt to Dorex2007 [Kc 6d]
tyukach: folds 
Redmag666: folds 
TT_Arg2020: folds 
ugandabear: folds 
Donenko345: raises $0.03 to $0.05
Stigiv: folds 
mickey889: folds 
Dorex2007: folds 
Uncalled bet ($0.03) returned to Donenko345
Donenko345 collected $0.05 from pot
Donenko345: doesn't show hand 
*** SUMMARY ***
Total pot $0.05 | Rake $0 
Seat 1: Redmag666 folded before Flop (didn't bet)
Seat 3: TT_Arg2020 folded before Flop (didn't bet)
Seat 4: ugandabear folded before Flop (didn't bet)
Seat 5: Donenko345 collected ($0.05)
Seat 6: Stigiv (button) folded before Flop (didn't bet)
Seat 7: mickey889 (small blind) folded before Flop
Seat 8: Dorex2007 (big blind) folded before Flop
Seat 9: tyukach folded before Flop (didn't bet)



PokerStars Hand #225237640725:  Hold'em No Limit ($0.01/$0.02 USD) - 2021/03/27 10:07:30 PT [2021/03/27 13:07:30 ET]
Table 'Baade IV' 9-max Seat #7 is the button
Seat 1: Redmag666 ($2 in chips) 
Seat 2: Juan_lacio ($1.60 in chips) 
Seat 3: TT_Arg2020 ($0.80 in chips) 
Seat 4: ugandabear ($2.19 in chips) 
Seat 5: Donenko345 ($2.59 in chips) 
Seat 6: Stigiv ($1.97 in chips) 
Seat 7: mickey889 ($0.77 in chips) 
Seat 8: Dorex2007 ($1.92 in chips) 
Dorex2007: posts small blind $0.01
tyukach: is sitting out 
Redmag666: posts big blind $0.02
Juan_lacio: posts big blind $0.02
*** HOLE CARDS ***
Dealt to Dorex2007 [3d Qh]
tyukach leaves the table
Juan_lacio: checks 
TT_Arg2020: calls $0.02
ugandabear: folds 
Donenko345: folds 
fektivno joins the table at seat #9 
Stigiv: folds 
mickey889: folds 
Dorex2007: folds 
Redmag666: checks 
*** FLOP *** [Qd 2s 7s]
Redmag666: checks 
Juan_lacio: bets $0.03
TT_Arg2020: calls $0.03
Redmag666: raises $0.07 to $0.10
Juan_lacio: calls $0.07
TT_Arg2020: folds 
*** TURN *** [Qd 2s 7s] [9c]
Redmag666: bets $0.15
Juan_lacio: raises $0.15 to $0.30
Redmag666: folds 
Uncalled bet ($0.15) returned to Juan_lacio
Juan_lacio collected $0.58 from pot
Juan_lacio: doesn't show hand 
*** SUMMARY ***
Total pot $0.60 | Rake $0.02 
Board [Qd 2s 7s 9c]
Seat 1: Redmag666 (big blind) folded on the Turn
Seat 2: Juan_lacio collected ($0.58)
Seat 3: TT_Arg2020 folded on the Flop
Seat 4: ugandabear folded before Flop (didn't bet)
Seat 5: Donenko345 folded before Flop (didn't bet)
Seat 6: Stigiv folded before Flop (didn't bet)
Seat 7: mickey889 (button) folded before Flop (didn't bet)
Seat 8: Dorex2007 (small blind) folded before Flop



PokerStars Hand #225237682221:  Hold'em No Limit ($0.01/$0.02 USD) - 2021/03/27 10:08:47 PT [2021/03/27 13:08:47 ET]
Table 'Baade IV' 9-max Seat #8 is the button
Seat 1: Redmag666 ($2 in chips) 
Seat 2: Juan_lacio ($1.91 in chips) 
Seat 3: TT_Arg2020 ($0.75 in chips) 
Seat 4: ugandabear ($2.19 in chips) 
Seat 5: Donenko345 ($2.59 in chips) 
Seat 6: Stigiv ($1.97 in chips) 
Seat 7: mickey889 ($0.77 in chips) 
Seat 8: Dorex2007 ($1.91 in chips) 
Redmag666: posts small blind $0.01
Juan_lacio: posts big blind $0.02
*** HOLE CARDS ***
Dealt to Dorex2007 [2s 5h]
TT_Arg2020: folds 
ugandabear: folds 
Donenko345: folds 
Stigiv: folds 
mickey889: folds 
Dorex2007: folds 
Redmag666: raises $0.04 to $0.06
Juan_lacio: calls $0.04
*** FLOP *** [Js Th Tc]
Redmag666: checks 
Juan_lacio: checks 
*** TURN *** [Js Th Tc] [8d]
Redmag666: checks 
Juan_lacio: bets $0.02
Redmag666: folds 
Uncalled bet ($0.02) returned to Juan_lacio
Juan_lacio collected $0.12 from pot
Juan_lacio: doesn't show hand 
*** SUMMARY ***
Total pot $0.12 | Rake $0 
Board [Js Th Tc 8d]
Seat 1: Redmag666 (small blind) folded on the Turn
Seat 2: Juan_lacio (big blind) collected ($0.12)
Seat 3: TT_Arg2020 folded before Flop (didn't bet)
Seat 4: ugandabear folded before Flop (didn't bet)
Seat 5: Donenko345 folded before Flop (didn't bet)
Seat 6: Stigiv folded before Flop (didn't bet)
Seat 7: mickey889 folded before Flop (didn't bet)
Seat 8: Dorex2007 (button) folded before Flop (didn't bet)



PokerStars Hand #225237698181:  Hold'em No Limit ($0.01/$0.02 USD) - 2021/03/27 10:09:17 PT [2021/03/27 13:09:17 ET]
Table 'Baade IV' 9-max Seat #1 is the button
Seat 1: Redmag666 ($2 in chips) 
Seat 2: Juan_lacio ($1.97 in chips) 
Seat 3: TT_Arg2020 ($0.75 in chips) 
Seat 4: ugandabear ($2.19 in chips) 
Seat 5: Donenko345 ($2.59 in chips) 
Seat 6: Stigiv ($1.97 in chips) 
Seat 7: mickey889 ($0.77 in chips) 
Seat 8: Dorex2007 ($1.91 in chips) 
Juan_lacio: posts small blind $0.01
TT_Arg2020: posts big blind $0.02
fektivno: sits out 
*** HOLE CARDS ***
Dealt to Dorex2007 [Ks 5s]
ugandabear: raises $0.02 to $0.04
Donenko345: folds 
Stigiv: calls $0.04
mickey889: folds 
Dorex2007: folds 
Redmag666: folds 
Juan_lacio: calls $0.03
TT_Arg2020: folds 
*** FLOP *** [4h Ah 6h]
Juan_lacio: bets $0.07
ugandabear: calls $0.07
Stigiv: raises $1.86 to $1.93 and is all-in
Juan_lacio: folds 
ugandabear: calls $1.86
*** TURN *** [4h Ah 6h] [9d]
*** RIVER *** [4h Ah 6h 9d] [Ac]
*** SHOW DOWN ***
ugandabear: shows [Th Kh] (a flush, Ace high)
Stigiv: shows [4c 4d] (a full house, Fours full of Aces)
Stigiv cashed out the hand for $1.34 | Cash Out Fee $0.01
*** SUMMARY ***
Total pot $4.07 | Rake $0.14 
Board [4h Ah 6h 9d Ac]
Seat 1: Redmag666 (button) folded before Flop (didn't bet)
Seat 2: Juan_lacio (small blind) folded on the Flop
Seat 3: TT_Arg2020 (big blind) folded before Flop
Seat 4: ugandabear showed [Th Kh] and lost with a flush, Ace high
Seat 5: Donenko345 folded before Flop (didn't bet)
Seat 6: Stigiv showed [4c 4d] and won ($3.93) with a full house, Fours full of Aces (pot not awarded as player cashed out)
Seat 7: mickey889 folded before Flop (didn't bet)
Seat 8: Dorex2007 folded before Flop (didn't bet)



PokerStars Hand #225237729073:  Hold'em No Limit ($0.01/$0.02 USD) - 2021/03/27 10:10:15 PT [2021/03/27 13:10:15 ET]
Table 'Baade IV' 9-max Seat #2 is the button
Seat 1: Redmag666 ($2 in chips) 
Seat 2: Juan_lacio ($1.86 in chips) 
Seat 3: TT_Arg2020 ($0.73 in chips) 
Seat 4: ugandabear ($0.22 in chips) 
Seat 5: Donenko345 ($2.59 in chips) 
Seat 6: Stigiv ($1.34 in chips) 
Seat 7: mickey889 ($0.77 in chips) 
Seat 8: Dorex2007 ($1.91 in chips) 
TT_Arg2020: posts small blind $0.01
ugandabear: posts big blind $0.02
fektivno: sits out 
*** HOLE CARDS ***
Dealt to Dorex2007 [3d Ah]
Donenko345: folds 
Stigiv: calls $0.02
mickey889: folds 
Dorex2007: folds 
Donenko345 leaves the table
Redmag666: folds 
Juan_lacio: calls $0.02
TT_Arg2020: raises $0.04 to $0.06
ugandabear: calls $0.04
Stigiv: calls $0.04
Juan_lacio: calls $0.04
*** FLOP *** [Qc 5c 3c]
TT_Arg2020: bets $0.16
ugandabear: folds 
Stigiv: folds 
ugandabear leaves the table
Juan_lacio: raises $0.55 to $0.71
TT_Arg2020: calls $0.51 and is all-in
Uncalled bet ($0.04) returned to Juan_lacio
VThorS joins the table at seat #4 
*** TURN *** [Qc 5c 3c] [Ad]
*** RIVER *** [Qc 5c 3c Ad] [As]
andyrivelli1 joins the table at seat #5 
*** SHOW DOWN ***
TT_Arg2020: shows [Qd Ac] (a full house, Aces full of Queens)
Juan_lacio: shows [Qs Tc] (two pair, Aces and Queens)
TT_Arg2020 collected $1.52 from pot
Juan_lacio cashed out the hand for $0.15
*** SUMMARY ***
Total pot $1.58 | Rake $0.06 
Board [Qc 5c 3c Ad As]
Seat 1: Redmag666 folded before Flop (didn't bet)
Seat 2: Juan_lacio (button) showed [Qs Tc] and lost with two pair, Aces and Queens (cashed out).
Seat 3: TT_Arg2020 (small blind) showed [Qd Ac] and won ($1.52) with a full house, Aces full of Queens
Seat 4: ugandabear (big blind) folded on the Flop
Seat 5: Donenko345 folded before Flop (didn't bet)
Seat 6: Stigiv folded on the Flop
Seat 7: mickey889 folded before Flop (didn't bet)
Seat 8: Dorex2007 folded before Flop (didn't bet)



PokerStars Hand #225237767935:  Hold'em No Limit ($0.01/$0.02 USD) - 2021/03/27 10:11:28 PT [2021/03/27 13:11:28 ET]
Table 'Baade IV' 9-max Seat #3 is the button
Seat 1: Redmag666 ($2 in chips) 
Seat 2: Juan_lacio ($1.28 in chips) 
Seat 3: TT_Arg2020 ($1.52 in chips) 
Seat 6: Stigiv ($1.28 in chips) 
Seat 7: mickey889 ($0.77 in chips) 
Seat 8: Dorex2007 ($1.91 in chips) 
Stigiv: posts small blind $0.01
mickey889: posts big blind $0.02
fektivno: sits out 
*** HOLE CARDS ***
Dealt to Dorex2007 [Kc Tc]
Dorex2007: calls $0.02
Redmag666: folds 
andyrivelli1 leaves the table
Juan_lacio: folds 
TT_Arg2020: folds 
Stigiv: folds 
mickey889: raises $0.04 to $0.06
Dorex2007: calls $0.04
*** FLOP *** [7s 6s Th]
mickey889: checks 
Bohir joins the table at seat #5 
Dorex2007: bets $0.13
mickey889: folds 
Uncalled bet ($0.13) returned to Dorex2007
Dorex2007 collected $0.13 from pot
Dorex2007: doesn't show hand 
*** SUMMARY ***
Total pot $0.13 | Rake $0 
Board [7s 6s Th]
Seat 1: Redmag666 folded before Flop (didn't bet)
Seat 2: Juan_lacio folded before Flop (didn't bet)
Seat 3: TT_Arg2020 (button) folded before Flop (didn't bet)
Seat 6: Stigiv (small blind) folded before Flop
Seat 7: mickey889 (big blind) folded on the Flop
Seat 8: Dorex2007 collected ($0.13)



PokerStars Hand #225237790153:  Hold'em No Limit ($0.01/$0.02 USD) - 2021/03/27 10:12:09 PT [2021/03/27 13:12:09 ET]
Table 'Baade IV' 9-max Seat #6 is the button
Seat 1: Redmag666 ($2 in chips) 
Seat 2: Juan_lacio ($1.28 in chips) 
Seat 3: TT_Arg2020 ($1.52 in chips) 
Seat 4: VThorS ($0.80 in chips) 
Seat 6: Stigiv ($1.27 in chips) 
Seat 7: mickey889 ($0.71 in chips) 
Seat 8: Dorex2007 ($1.98 in chips) 
mickey889: posts small blind $0.01
Dorex2007: posts big blind $0.02
fektivno: sits out 
VThorS: posts big blind $0.02
Bohir: sits out 
*** HOLE CARDS ***
Dealt to Dorex2007 [8d Kc]
Redmag666: folds 
Juan_lacio: folds 
TT_Arg2020: folds 
VThorS: checks 
Stigiv: raises $0.08 to $0.10
mickey889: folds 
Dorex2007: folds 
VThorS: folds 
Uncalled bet ($0.08) returned to Stigiv
Stigiv collected $0.07 from pot
*** SUMMARY ***
Total pot $0.07 | Rake $0 
Seat 1: Redmag666 folded before Flop (didn't bet)
Seat 2: Juan_lacio folded before Flop (didn't bet)
Seat 3: TT_Arg2020 folded before Flop (didn't bet)
Seat 4: VThorS folded before Flop (didn't bet)
Seat 6: Stigiv (button) collected ($0.07)
Seat 7: mickey889 (small blind) folded before Flop
Seat 8: Dorex2007 (big blind) folded before Flop



PokerStars Hand #225237800970:  Hold'em No Limit ($0.01/$0.02 USD) - 2021/03/27 10:12:29 PT [2021/03/27 13:12:29 ET]
Table 'Baade IV' 9-max Seat #7 is the button
Seat 1: Redmag666 ($2 in chips) 
Seat 2: Juan_lacio ($1.28 in chips) 
Seat 3: TT_Arg2020 ($1.52 in chips) 
Seat 4: VThorS ($0.78 in chips) 
Seat 6: Stigiv ($1.32 in chips) 
Seat 7: mickey889 ($0.70 in chips) 
Seat 8: Dorex2007 ($1.96 in chips) 
Seat 9: fektivno ($2 in chips) 
Dorex2007: posts small blind $0.01
fektivno: posts big blind $0.02
Bohir: sits out 
*** HOLE CARDS ***
Dealt to Dorex2007 [8h 8c]
Redmag666: folds 
Juan_lacio: calls $0.02
TT_Arg2020: folds 
VThorS: folds 
Stigiv: folds 
mickey889: folds 
Dorex2007: raises $0.04 to $0.06
fektivno: folds 
Juan_lacio: calls $0.04
*** FLOP *** [5d Td 6s]
Dorex2007: bets $0.09
Juan_lacio: raises $0.09 to $0.18
Dorex2007: calls $0.09
*** TURN *** [5d Td 6s] [4s]
Dorex2007: checks 
Juan_lacio: bets $0.24
Dorex2007: calls $0.24
*** RIVER *** [5d Td 6s 4s] [Js]
Dorex2007: bets $0.95
Juan_lacio: folds 
Uncalled bet ($0.95) returned to Dorex2007
Dorex2007 collected $0.95 from pot
Dorex2007: doesn't show hand 
*** SUMMARY ***
Total pot $0.98 | Rake $0.03 
Board [5d Td 6s 4s Js]
Seat 1: Redmag666 folded before Flop (didn't bet)
Seat 2: Juan_lacio folded on the River
Seat 3: TT_Arg2020 folded before Flop (didn't bet)
Seat 4: VThorS folded before Flop (didn't bet)
Seat 6: Stigiv folded before Flop (didn't bet)
Seat 7: mickey889 (button) folded before Flop (didn't bet)
Seat 8: Dorex2007 (small blind) collected ($0.95)
Seat 9: fektivno (big blind) folded before Flop



PokerStars Hand #225237841224:  Hold'em No Limit ($0.01/$0.02 USD) - 2021/03/27 10:13:44 PT [2021/03/27 13:13:44 ET]
Table 'Baade IV' 9-max Seat #8 is the button
Seat 1: Redmag666 ($2 in chips) 
Seat 2: Juan_lacio ($0.80 in chips) 
Seat 3: TT_Arg2020 ($1.52 in chips) 
Seat 4: VThorS ($0.78 in chips) 
Seat 6: Stigiv ($1.32 in chips) 
Seat 7: mickey889 ($0.70 in chips) 
Seat 8: Dorex2007 ($2.43 in chips) 
Seat 9: fektivno ($2 in chips) 
fektivno: posts small blind $0.01
Redmag666: posts big blind $0.02
Bohir: sits out 
*** HOLE CARDS ***
Dealt to Dorex2007 [5c 9d]
Juan_lacio: calls $0.02
TT_Arg2020: raises $0.08 to $0.10
VThorS: folds 
Stigiv: folds 
mickey889: folds 
Dorex2007: folds 
fektivno: folds 
Redmag666: calls $0.08
Juan_lacio: calls $0.08
*** FLOP *** [6c 8d Kc]
Redmag666: checks 
Juan_lacio: bets $0.70 and is all-in
TT_Arg2020: folds 
Redmag666: folds 
Uncalled bet ($0.70) returned to Juan_lacio
Juan_lacio collected $0.30 from pot
Juan_lacio: doesn't show hand 
*** SUMMARY ***
Total pot $0.31 | Rake $0.01 
Board [6c 8d Kc]
Seat 1: Redmag666 (big blind) folded on the Flop
Seat 2: Juan_lacio collected ($0.30)
Seat 3: TT_Arg2020 folded on the Flop
Seat 4: VThorS folded before Flop (didn't bet)
Seat 6: Stigiv folded before Flop (didn't bet)
Seat 7: mickey889 folded before Flop (didn't bet)
Seat 8: Dorex2007 (button) folded before Flop (didn't bet)
Seat 9: fektivno (small blind) folded before Flop



PokerStars Hand #225237865171:  Hold'em No Limit ($0.01/$0.02 USD) - 2021/03/27 10:14:29 PT [2021/03/27 13:14:29 ET]
Table 'Baade IV' 9-max Seat #9 is the button
Seat 1: Redmag666 ($2 in chips) 
Seat 2: Juan_lacio ($1 in chips) 
Seat 3: TT_Arg2020 ($1.42 in chips) 
Seat 4: VThorS ($0.78 in chips) 
Seat 6: Stigiv ($1.32 in chips) 
Seat 7: mickey889 ($0.70 in chips) 
Seat 8: Dorex2007 ($2.43 in chips) 
Seat 9: fektivno ($2 in chips) 
Redmag666: posts small blind $0.01
Juan_lacio: posts big blind $0.02
Bohir: sits out 
*** HOLE CARDS ***
Dealt to Dorex2007 [2d Ks]
TT_Arg2020: folds 
VThorS: folds 
Stigiv: folds 
mickey889: folds 
Dorex2007: folds 
fektivno: raises $0.03 to $0.05
Redmag666: calls $0.04
Juan_lacio: folds 
*** FLOP *** [Tc 5s 8c]
Redmag666: checks 
fektivno: bets $0.06
Redmag666: calls $0.06
*** TURN *** [Tc 5s 8c] [Kc]
Redmag666: checks 
fektivno: checks 
*** RIVER *** [Tc 5s 8c Kc] [3h]
Redmag666: checks 
fektivno: checks 
*** SHOW DOWN ***
Redmag666: shows [Ah Jh] (high card Ace)
fektivno: shows [Js 8s] (a pair of Eights)
fektivno collected $0.23 from pot
*** SUMMARY ***
Total pot $0.24 | Rake $0.01 
Board [Tc 5s 8c Kc 3h]
Seat 1: Redmag666 (small blind) showed [Ah Jh] and lost with high card Ace
Seat 2: Juan_lacio (big blind) folded before Flop
Seat 3: TT_Arg2020 folded before Flop (didn't bet)
Seat 4: VThorS folded before Flop (didn't bet)
Seat 6: Stigiv folded before Flop (didn't bet)
Seat 7: mickey889 folded before Flop (didn't bet)
Seat 8: Dorex2007 folded before Flop (didn't bet)
Seat 9: fektivno (button) showed [Js 8s] and won ($0.23) with a pair of Eights



PokerStars Hand #225237894478:  Hold'em No Limit ($0.01/$0.02 USD) - 2021/03/27 10:15:14 PT [2021/03/27 13:15:14 ET]
Table 'Baade IV' 9-max Seat #1 is the button
Seat 1: Redmag666 ($2 in chips) 
Seat 2: Juan_lacio ($0.98 in chips) 
Seat 3: TT_Arg2020 ($1.42 in chips) 
Seat 4: VThorS ($0.78 in chips) 
Seat 6: Stigiv ($1.32 in chips) 
Seat 7: mickey889 ($0.70 in chips) 
Seat 8: Dorex2007 ($2.43 in chips) 
Seat 9: fektivno ($2.12 in chips) 
Juan_lacio: posts small blind $0.01
TT_Arg2020: posts big blind $0.02
Bohir: sits out 
*** HOLE CARDS ***
Dealt to Dorex2007 [Qh 8c]
VThorS: calls $0.02
Stigiv: folds 
mickey889: folds 
Dorex2007: folds 
fektivno: folds 
Redmag666: folds 
Juan_lacio: raises $0.02 to $0.04
TT_Arg2020: folds 
VThorS: calls $0.02
*** FLOP *** [8h Ad 4h]
Juan_lacio: checks 
VThorS: bets $0.05
Juan_lacio: calls $0.05
*** TURN *** [8h Ad 4h] [7s]
Juan_lacio: checks 
VThorS: bets $0.10
Juan_lacio: calls $0.10
*** RIVER *** [8h Ad 4h 7s] [5s]
Juan_lacio: bets $0.39
VThorS: calls $0.39
*** SHOW DOWN ***
Juan_lacio: shows [6h As] (a straight, Four to Eight)
VThorS: mucks hand 
Juan_lacio collected $1.14 from pot
*** SUMMARY ***
Total pot $1.18 | Rake $0.04 
Board [8h Ad 4h 7s 5s]
Seat 1: Redmag666 (button) folded before Flop (didn't bet)
Seat 2: Juan_lacio (small blind) showed [6h As] and won ($1.14) with a straight, Four to Eight
Seat 3: TT_Arg2020 (big blind) folded before Flop
Seat 4: VThorS mucked [2s Ah]
Seat 6: Stigiv folded before Flop (didn't bet)
Seat 7: mickey889 folded before Flop (didn't bet)
Seat 8: Dorex2007 folded before Flop (didn't bet)
Seat 9: fektivno folded before Flop (didn't bet)



PokerStars Hand #225237925964:  Hold'em No Limit ($0.01/$0.02 USD) - 2021/03/27 10:16:09 PT [2021/03/27 13:16:09 ET]
Table 'Baade IV' 9-max Seat #2 is the button
Seat 1: Redmag666 ($2 in chips) 
Seat 2: Juan_lacio ($1.54 in chips) 
Seat 3: TT_Arg2020 ($1.40 in chips) 
Seat 4: VThorS ($0.20 in chips) 
Seat 6: Stigiv ($1.32 in chips) 
Seat 7: mickey889 ($0.70 in chips) 
Seat 8: Dorex2007 ($2.43 in chips) 
Seat 9: fektivno ($2.12 in chips) 
TT_Arg2020: posts small blind $0.01
VThorS: posts big blind $0.02
Bohir: sits out 
*** HOLE CARDS ***
Dealt to Dorex2007 [2d 6h]
Stigiv: folds 
mickey889: folds 
Dorex2007: folds 
fektivno: folds 
Redmag666: raises $0.04 to $0.06
Juan_lacio: calls $0.06
TT_Arg2020: folds 
VThorS: raises $0.14 to $0.20 and is all-in
Redmag666: calls $0.14
Juan_lacio: calls $0.14
*** FLOP *** [Tc Jd 4d]
Redmag666: bets $0.24
Juan_lacio: calls $0.24
*** TURN *** [Tc Jd 4d] [Kc]
Redmag666: checks 
Juan_lacio: checks 
*** RIVER *** [Tc Jd 4d Kc] [Ts]
Redmag666: bets $0.53
Juan_lacio: raises $0.53 to $1.06
Redmag666: raises $0.50 to $1.56 and is all-in
Juan_lacio: calls $0.04 and is all-in
Uncalled bet ($0.46) returned to Redmag666
*** SHOW DOWN ***
Redmag666: shows [Ad Td] (three of a kind, Tens)
Juan_lacio: shows [Kh Ah] (two pair, Kings and Tens)
Redmag666 collected $2.58 from side pot
VThorS: shows [Qh Kd] (two pair, Kings and Tens)
Redmag666 collected $0.59 from main pot
*** SUMMARY ***
Total pot $3.29 Main pot $0.59. Side pot $2.58. | Rake $0.12 
Board [Tc Jd 4d Kc Ts]
Seat 1: Redmag666 showed [Ad Td] and won ($3.17) with three of a kind, Tens
Seat 2: Juan_lacio (button) showed [Kh Ah] and lost with two pair, Kings and Tens
Seat 3: TT_Arg2020 (small blind) folded before Flop
Seat 4: VThorS (big blind) showed [Qh Kd] and lost with two pair, Kings and Tens
Seat 6: Stigiv folded before Flop (didn't bet)
Seat 7: mickey889 folded before Flop (didn't bet)
Seat 8: Dorex2007 folded before Flop (didn't bet)
Seat 9: fektivno folded before Flop (didn't bet)



PokerStars Hand #225237981433:  Hold'em No Limit ($0.01/$0.02 USD) - 2021/03/27 10:17:44 PT [2021/03/27 13:17:44 ET]
Table 'Baade IV' 9-max Seat #3 is the button
Seat 1: Redmag666 ($3.63 in chips) 
Seat 3: TT_Arg2020 ($1.39 in chips) 
Seat 6: Stigiv ($1.32 in chips) 
Seat 7: mickey889 ($0.70 in chips) 
Seat 8: Dorex2007 ($2.43 in chips) 
Seat 9: fektivno ($2.12 in chips) 
Stigiv: posts small blind $0.01
mickey889: posts big blind $0.02
*** HOLE CARDS ***
Dealt to Dorex2007 [Jc 8c]
Dorex2007: folds 
VThorS leaves the table
fektivno: raises $0.03 to $0.05
Redmag666: folds 
TT_Arg2020: folds 
Stigiv: folds 
mickey889: folds 
Uncalled bet ($0.03) returned to fektivno
fektivno collected $0.05 from pot
fektivno: doesn't show hand 
*** SUMMARY ***
Total pot $0.05 | Rake $0 
Seat 1: Redmag666 folded before Flop (didn't bet)
Seat 3: TT_Arg2020 (button) folded before Flop (didn't bet)
Seat 6: Stigiv (small blind) folded before Flop
Seat 7: mickey889 (big blind) folded before Flop
Seat 8: Dorex2007 folded before Flop (didn't bet)
Seat 9: fektivno collected ($0.05)



