PokerStars Hand #224046345984:  Hold'em No Limit ($0.01/$0.02 USD) - 2021/02/20 16:08:26 PT [2021/02/20 19:08:26 ET]
Table 'Italia V' 9-max Seat #6 is the button
Seat 1: mangacha11 ($1.05 in chips) 
Seat 2: N1ceGuyEddy ($2.08 in chips) 
Seat 4: Crappz ($2.08 in chips) 
Seat 6: LouisHB129 ($0.36 in chips) 
Seat 8: maciejjopek12 ($3.36 in chips) 
Seat 9: Dorex2007 ($1.50 in chips) 
maciejjopek12: posts small blind $0.01
Dorex2007: posts big blind $0.02
*** HOLE CARDS ***
Dealt to Dorex2007 [2s 9c]
mangacha11: raises $0.02 to $0.04
N1ceGuyEddy: folds 
Crappz: folds 
LouisHB129: folds 
maciejjopek12: calls $0.03
Dorex2007: folds 
*** FLOP *** [7c 3c 3s]
sunrainand9 joins the table at seat #3 
maciejjopek12: checks 
mangacha11: bets $0.06
maciejjopek12: raises $0.06 to $0.12
mangacha11: calls $0.06
*** TURN *** [7c 3c 3s] [9s]
maciejjopek12: checks 
mangacha11: bets $0.08
maciejjopek12: calls $0.08
*** RIVER *** [7c 3c 3s 9s] [Ks]
maciejjopek12: checks 
mangacha11: checks 
*** SHOW DOWN ***
maciejjopek12: shows [6c 7d] (two pair, Sevens and Threes)
mangacha11: shows [As 9d] (two pair, Nines and Threes)
mangacha11 collected $0.48 from pot
*** SUMMARY ***
Total pot $0.50 | Rake $0.02 
Board [7c 3c 3s 9s Ks]
Seat 1: mangacha11 showed [As 9d] and won ($0.48) with two pair, Nines and Threes
Seat 2: N1ceGuyEddy folded before Flop (didn't bet)
Seat 4: Crappz folded before Flop (didn't bet)
Seat 6: LouisHB129 (button) folded before Flop (didn't bet)
Seat 8: maciejjopek12 (small blind) showed [6c 7d] and lost with two pair, Sevens and Threes
Seat 9: Dorex2007 (big blind) folded before Flop



PokerStars Hand #224046371087:  Hold'em No Limit ($0.01/$0.02 USD) - 2021/02/20 16:09:07 PT [2021/02/20 19:09:07 ET]
Table 'Italia V' 9-max Seat #8 is the button
Seat 1: mangacha11 ($1.29 in chips) 
Seat 2: N1ceGuyEddy ($2.08 in chips) 
Seat 3: sunrainand9 ($0.80 in chips) 
Seat 4: Crappz ($2.08 in chips) 
Seat 6: LouisHB129 ($0.36 in chips) 
Seat 8: maciejjopek12 ($3.12 in chips) 
Seat 9: Dorex2007 ($1.48 in chips) 
Dorex2007: posts small blind $0.01
mangacha11: posts big blind $0.02
sunrainand9: posts big blind $0.02
MarinusNr1: sits out 
*** HOLE CARDS ***
Dealt to Dorex2007 [Js Qc]
N1ceGuyEddy has timed out
N1ceGuyEddy: folds 
sunrainand9: checks 
Crappz: folds 
LouisHB129: calls $0.02
maciejjopek12: folds 
Dorex2007: folds 
mangacha11: checks 
*** FLOP *** [2s 7s 4h]
mangacha11: checks 
sunrainand9: bets $0.07
LouisHB129: calls $0.07
mangacha11: folds 
*** TURN *** [2s 7s 4h] [Ac]
sunrainand9: bets $0.10
LouisHB129: folds 
Uncalled bet ($0.10) returned to sunrainand9
sunrainand9 collected $0.20 from pot
sunrainand9: doesn't show hand 
*** SUMMARY ***
Total pot $0.21 | Rake $0.01 
Board [2s 7s 4h Ac]
Seat 1: mangacha11 (big blind) folded on the Flop
Seat 2: N1ceGuyEddy folded before Flop (didn't bet)
Seat 3: sunrainand9 collected ($0.20)
Seat 4: Crappz folded before Flop (didn't bet)
Seat 6: LouisHB129 folded on the Turn
Seat 8: maciejjopek12 (button) folded before Flop (didn't bet)
Seat 9: Dorex2007 (small blind) folded before Flop



PokerStars Hand #224046396461:  Hold'em No Limit ($0.01/$0.02 USD) - 2021/02/20 16:09:55 PT [2021/02/20 19:09:55 ET]
Table 'Italia V' 9-max Seat #9 is the button
Seat 1: mangacha11 ($1.27 in chips) 
Seat 2: N1ceGuyEddy ($2.08 in chips) 
Seat 3: sunrainand9 ($0.91 in chips) 
Seat 4: Crappz ($2.08 in chips) 
Seat 6: LouisHB129 ($0.27 in chips) 
Seat 8: maciejjopek12 ($3.12 in chips) 
Seat 9: Dorex2007 ($1.47 in chips) 
mangacha11: posts small blind $0.01
N1ceGuyEddy: posts big blind $0.02
MarinusNr1: sits out 
*** HOLE CARDS ***
Dealt to Dorex2007 [Kd 8h]
sunrainand9: raises $0.02 to $0.04
Crappz: folds 
LouisHB129: folds 
maciejjopek12: calls $0.04
Dorex2007: folds 
mangacha11: folds 
N1ceGuyEddy: folds 
*** FLOP *** [6c As 5s]
sunrainand9: bets $0.11
maciejjopek12: folds 
Uncalled bet ($0.11) returned to sunrainand9
sunrainand9 collected $0.11 from pot
sunrainand9: doesn't show hand 
*** SUMMARY ***
Total pot $0.11 | Rake $0 
Board [6c As 5s]
Seat 1: mangacha11 (small blind) folded before Flop
Seat 2: N1ceGuyEddy (big blind) folded before Flop
Seat 3: sunrainand9 collected ($0.11)
Seat 4: Crappz folded before Flop (didn't bet)
Seat 6: LouisHB129 folded before Flop (didn't bet)
Seat 8: maciejjopek12 folded on the Flop
Seat 9: Dorex2007 (button) folded before Flop (didn't bet)



PokerStars Hand #224046414121:  Hold'em No Limit ($0.01/$0.02 USD) - 2021/02/20 16:10:15 PT [2021/02/20 19:10:15 ET]
Table 'Italia V' 9-max Seat #1 is the button
Seat 1: mangacha11 ($1.26 in chips) 
Seat 2: N1ceGuyEddy ($2.06 in chips) 
Seat 3: sunrainand9 ($0.98 in chips) 
Seat 4: Crappz ($2.08 in chips) 
Seat 6: LouisHB129 ($0.27 in chips) 
Seat 8: maciejjopek12 ($3.08 in chips) 
Seat 9: Dorex2007 ($1.47 in chips) 
N1ceGuyEddy: posts small blind $0.01
sunrainand9: posts big blind $0.02
MarinusNr1: sits out 
*** HOLE CARDS ***
Dealt to Dorex2007 [3d 5c]
Crappz: folds 
LouisHB129: folds 
maciejjopek12: calls $0.02
Dorex2007: folds 
mangacha11: raises $0.04 to $0.06
N1ceGuyEddy: folds 
sunrainand9: folds 
maciejjopek12: calls $0.04
*** FLOP *** [6d Qd Td]
maciejjopek12: checks 
mangacha11: bets $0.08
maciejjopek12: folds 
Uncalled bet ($0.08) returned to mangacha11
mangacha11 collected $0.14 from pot
mangacha11: doesn't show hand 
*** SUMMARY ***
Total pot $0.15 | Rake $0.01 
Board [6d Qd Td]
Seat 1: mangacha11 (button) collected ($0.14)
Seat 2: N1ceGuyEddy (small blind) folded before Flop
Seat 3: sunrainand9 (big blind) folded before Flop
Seat 4: Crappz folded before Flop (didn't bet)
Seat 6: LouisHB129 folded before Flop (didn't bet)
Seat 8: maciejjopek12 folded on the Flop
Seat 9: Dorex2007 folded before Flop (didn't bet)



PokerStars Hand #224046430902:  Hold'em No Limit ($0.01/$0.02 USD) - 2021/02/20 16:10:47 PT [2021/02/20 19:10:47 ET]
Table 'Italia V' 9-max Seat #2 is the button
Seat 1: mangacha11 ($1.34 in chips) 
Seat 2: N1ceGuyEddy ($2.05 in chips) 
Seat 3: sunrainand9 ($0.96 in chips) 
Seat 4: Crappz ($2.08 in chips) 
Seat 6: LouisHB129 ($0.27 in chips) 
Seat 8: maciejjopek12 ($3.02 in chips) 
Seat 9: Dorex2007 ($1.47 in chips) 
sunrainand9: posts small blind $0.01
Crappz: posts big blind $0.02
MarinusNr1: sits out 
*** HOLE CARDS ***
Dealt to Dorex2007 [Kd 5s]
LouisHB129: folds 
maciejjopek12: folds 
Dorex2007: folds 
mangacha11: raises $0.04 to $0.06
N1ceGuyEddy: folds 
sunrainand9: folds 
Crappz: calls $0.04
*** FLOP *** [2h Ts 8h]
Crappz: checks 
mangacha11: checks 
*** TURN *** [2h Ts 8h] [5h]
Crappz: bets $0.07
mangacha11: calls $0.07
*** RIVER *** [2h Ts 8h 5h] [Qd]
Crappz: checks 
mangacha11: checks 
*** SHOW DOWN ***
Crappz: shows [9s 9c] (a pair of Nines)
mangacha11: mucks hand 
Crappz collected $0.26 from pot
*** SUMMARY ***
Total pot $0.27 | Rake $0.01 
Board [2h Ts 8h 5h Qd]
Seat 1: mangacha11 mucked [Jc Ah]
Seat 2: N1ceGuyEddy (button) folded before Flop (didn't bet)
Seat 3: sunrainand9 (small blind) folded before Flop
Seat 4: Crappz (big blind) showed [9s 9c] and won ($0.26) with a pair of Nines
Seat 6: LouisHB129 folded before Flop (didn't bet)
Seat 8: maciejjopek12 folded before Flop (didn't bet)
Seat 9: Dorex2007 folded before Flop (didn't bet)



PokerStars Hand #224046456866:  Hold'em No Limit ($0.01/$0.02 USD) - 2021/02/20 16:11:37 PT [2021/02/20 19:11:37 ET]
Table 'Italia V' 9-max Seat #3 is the button
Seat 1: mangacha11 ($1.21 in chips) 
Seat 2: N1ceGuyEddy ($2.05 in chips) 
Seat 3: sunrainand9 ($0.95 in chips) 
Seat 4: Crappz ($2.21 in chips) 
Seat 6: LouisHB129 ($0.27 in chips) 
Seat 8: maciejjopek12 ($3.02 in chips) 
Seat 9: Dorex2007 ($1.47 in chips) 
Crappz: posts small blind $0.01
LouisHB129: posts big blind $0.02
MarinusNr1: sits out 
*** HOLE CARDS ***
Dealt to Dorex2007 [7s Kh]
maciejjopek12: folds 
Dorex2007: folds 
mangacha11: calls $0.02
N1ceGuyEddy: folds 
sunrainand9: folds 
Crappz: folds 
LouisHB129: checks 
*** FLOP *** [4c 6s 5d]
LouisHB129: checks 
mangacha11: bets $0.06
LouisHB129: folds 
Uncalled bet ($0.06) returned to mangacha11
mangacha11 collected $0.05 from pot
mangacha11: doesn't show hand 
*** SUMMARY ***
Total pot $0.05 | Rake $0 
Board [4c 6s 5d]
Seat 1: mangacha11 collected ($0.05)
Seat 2: N1ceGuyEddy folded before Flop (didn't bet)
Seat 3: sunrainand9 (button) folded before Flop (didn't bet)
Seat 4: Crappz (small blind) folded before Flop
Seat 6: LouisHB129 (big blind) folded on the Flop
Seat 8: maciejjopek12 folded before Flop (didn't bet)
Seat 9: Dorex2007 folded before Flop (didn't bet)



PokerStars Hand #224046475558:  Hold'em No Limit ($0.01/$0.02 USD) - 2021/02/20 16:12:12 PT [2021/02/20 19:12:12 ET]
Table 'Italia V' 9-max Seat #4 is the button
Seat 1: mangacha11 ($1.24 in chips) 
Seat 2: N1ceGuyEddy ($2.05 in chips) 
Seat 3: sunrainand9 ($0.95 in chips) 
Seat 4: Crappz ($2.20 in chips) 
Seat 6: LouisHB129 ($0.25 in chips) 
Seat 7: MarinusNr1 ($2 in chips) 
Seat 8: maciejjopek12 ($3.02 in chips) 
Seat 9: Dorex2007 ($1.47 in chips) 
LouisHB129: posts small blind $0.01
MarinusNr1: posts big blind $0.02
*** HOLE CARDS ***
Dealt to Dorex2007 [As Js]
maciejjopek12: folds 
Dorex2007: raises $0.02 to $0.04
mangacha11: folds 
N1ceGuyEddy: folds 
sunrainand9: calls $0.04
Crappz: folds 
LouisHB129: folds 
MarinusNr1: calls $0.02
*** FLOP *** [9c 8h Td]
MarinusNr1: checks 
Dorex2007: bets $0.13
sunrainand9: folds 
MarinusNr1: folds 
Uncalled bet ($0.13) returned to Dorex2007
Dorex2007 collected $0.13 from pot
Dorex2007: doesn't show hand 
*** SUMMARY ***
Total pot $0.13 | Rake $0 
Board [9c 8h Td]
Seat 1: mangacha11 folded before Flop (didn't bet)
Seat 2: N1ceGuyEddy folded before Flop (didn't bet)
Seat 3: sunrainand9 folded on the Flop
Seat 4: Crappz (button) folded before Flop (didn't bet)
Seat 6: LouisHB129 (small blind) folded before Flop
Seat 7: MarinusNr1 (big blind) folded on the Flop
Seat 8: maciejjopek12 folded before Flop (didn't bet)
Seat 9: Dorex2007 collected ($0.13)



PokerStars Hand #224046499235:  Hold'em No Limit ($0.01/$0.02 USD) - 2021/02/20 16:12:49 PT [2021/02/20 19:12:49 ET]
Table 'Italia V' 9-max Seat #6 is the button
Seat 1: mangacha11 ($1.24 in chips) 
Seat 2: N1ceGuyEddy ($2.05 in chips) 
Seat 3: sunrainand9 ($0.91 in chips) 
Seat 4: Crappz ($2.20 in chips) 
Seat 6: LouisHB129 ($0.24 in chips) 
Seat 7: MarinusNr1 ($1.96 in chips) 
Seat 8: maciejjopek12 ($3.02 in chips) 
Seat 9: Dorex2007 ($1.56 in chips) 
MarinusNr1: posts small blind $0.01
maciejjopek12: posts big blind $0.02
*** HOLE CARDS ***
Dealt to Dorex2007 [7h Jd]
Dorex2007: folds 
mangacha11: calls $0.02
N1ceGuyEddy: folds 
sunrainand9: raises $0.02 to $0.04
Crappz: folds 
LouisHB129: folds 
MarinusNr1: folds 
maciejjopek12: folds 
mangacha11: calls $0.02
*** FLOP *** [5c 9d 9c]
mangacha11: checks 
sunrainand9: bets $0.11
mangacha11: calls $0.11
*** TURN *** [5c 9d 9c] [Qh]
mangacha11: checks 
sunrainand9: checks 
*** RIVER *** [5c 9d 9c Qh] [4d]
mangacha11: checks 
sunrainand9: bets $0.32
mangacha11: folds 
Uncalled bet ($0.32) returned to sunrainand9
sunrainand9 collected $0.32 from pot
sunrainand9: doesn't show hand 
*** SUMMARY ***
Total pot $0.33 | Rake $0.01 
Board [5c 9d 9c Qh 4d]
Seat 1: mangacha11 folded on the River
Seat 2: N1ceGuyEddy folded before Flop (didn't bet)
Seat 3: sunrainand9 collected ($0.32)
Seat 4: Crappz folded before Flop (didn't bet)
Seat 6: LouisHB129 (button) folded before Flop (didn't bet)
Seat 7: MarinusNr1 (small blind) folded before Flop
Seat 8: maciejjopek12 (big blind) folded before Flop
Seat 9: Dorex2007 folded before Flop (didn't bet)



PokerStars Hand #224046540184:  Hold'em No Limit ($0.01/$0.02 USD) - 2021/02/20 16:14:08 PT [2021/02/20 19:14:08 ET]
Table 'Italia V' 9-max Seat #7 is the button
Seat 1: mangacha11 ($1.09 in chips) 
Seat 2: N1ceGuyEddy ($2.05 in chips) 
Seat 3: sunrainand9 ($1.08 in chips) 
Seat 4: Crappz ($2.20 in chips) 
Seat 6: LouisHB129 ($0.24 in chips) 
Seat 7: MarinusNr1 ($1.95 in chips) 
Seat 8: maciejjopek12 ($3 in chips) 
Seat 9: Dorex2007 ($1.56 in chips) 
maciejjopek12: posts small blind $0.01
Dorex2007: posts big blind $0.02
*** HOLE CARDS ***
Dealt to Dorex2007 [Kd Jh]
mangacha11: folds 
N1ceGuyEddy: folds 
sunrainand9: folds 
Crappz: folds 
LouisHB129: calls $0.02
MarinusNr1: folds 
maciejjopek12: calls $0.01
Dorex2007: raises $0.08 to $0.10
LouisHB129: calls $0.08
maciejjopek12: folds 
*** FLOP *** [2c Kc Tc]
Dorex2007: bets $0.11
LouisHB129: raises $0.03 to $0.14 and is all-in
Dorex2007: calls $0.03
*** TURN *** [2c Kc Tc] [Th]
*** RIVER *** [2c Kc Tc Th] [7c]
*** SHOW DOWN ***
Dorex2007: shows [Kd Jh] (two pair, Kings and Tens)
LouisHB129: shows [Ks 6s] (two pair, Kings and Tens - lower kicker)
Dorex2007 cashed out the hand for $0.41
*** SUMMARY ***
Total pot $0.50 | Rake $0.02 
Board [2c Kc Tc Th 7c]
Seat 1: mangacha11 folded before Flop (didn't bet)
Seat 2: N1ceGuyEddy folded before Flop (didn't bet)
Seat 3: sunrainand9 folded before Flop (didn't bet)
Seat 4: Crappz folded before Flop (didn't bet)
Seat 6: LouisHB129 showed [Ks 6s] and lost with two pair, Kings and Tens
Seat 7: MarinusNr1 (button) folded before Flop (didn't bet)
Seat 8: maciejjopek12 (small blind) folded before Flop
Seat 9: Dorex2007 (big blind) showed [Kd Jh] and won ($0.48) with two pair, Kings and Tens (pot not awarded as player cashed out)



PokerStars Hand #224046564445:  Hold'em No Limit ($0.01/$0.02 USD) - 2021/02/20 16:14:55 PT [2021/02/20 19:14:55 ET]
Table 'Italia V' 9-max Seat #8 is the button
Seat 1: mangacha11 ($1.09 in chips) 
Seat 2: N1ceGuyEddy ($2.05 in chips) 
Seat 3: sunrainand9 ($1.08 in chips) 
Seat 4: Crappz ($2.20 in chips) 
Seat 7: MarinusNr1 ($1.95 in chips) 
Seat 8: maciejjopek12 ($2.98 in chips) 
Seat 9: Dorex2007 ($1.73 in chips) 
Dorex2007: posts small blind $0.01
mangacha11: posts big blind $0.02
*** HOLE CARDS ***
Dealt to Dorex2007 [Qh 9c]
N1ceGuyEddy: folds 
sunrainand9: folds 
Crappz: raises $0.04 to $0.06
MarinusNr1: folds 
maciejjopek12: folds 
Dorex2007: folds 
mangacha11: folds 
Uncalled bet ($0.04) returned to Crappz
Crappz collected $0.05 from pot
Crappz: doesn't show hand 
*** SUMMARY ***
Total pot $0.05 | Rake $0 
Seat 1: mangacha11 (big blind) folded before Flop
Seat 2: N1ceGuyEddy folded before Flop (didn't bet)
Seat 3: sunrainand9 folded before Flop (didn't bet)
Seat 4: Crappz collected ($0.05)
Seat 7: MarinusNr1 folded before Flop (didn't bet)
Seat 8: maciejjopek12 (button) folded before Flop (didn't bet)
Seat 9: Dorex2007 (small blind) folded before Flop



PokerStars Hand #224046578967:  Hold'em No Limit ($0.01/$0.02 USD) - 2021/02/20 16:15:23 PT [2021/02/20 19:15:23 ET]
Table 'Italia V' 9-max Seat #9 is the button
Seat 1: mangacha11 ($1.07 in chips) 
Seat 2: N1ceGuyEddy ($2.05 in chips) 
Seat 3: sunrainand9 ($1.08 in chips) 
Seat 4: Crappz ($2.23 in chips) 
Seat 6: LouisHB129 ($2 in chips) 
Seat 7: MarinusNr1 ($1.95 in chips) 
Seat 8: maciejjopek12 ($2.98 in chips) 
Seat 9: Dorex2007 ($1.72 in chips) 
mangacha11: posts small blind $0.01
N1ceGuyEddy: posts big blind $0.02
*** HOLE CARDS ***
Dealt to Dorex2007 [Ah Qc]
sunrainand9: folds 
Crappz: folds 
LouisHB129: folds 
MarinusNr1: folds 
maciejjopek12: calls $0.02
Dorex2007: raises $0.04 to $0.06
mangacha11: folds 
N1ceGuyEddy: folds 
maciejjopek12: calls $0.04
*** FLOP *** [8d 7c Jd]
maciejjopek12: checks 
Dorex2007: bets $0.07
maciejjopek12: calls $0.07
*** TURN *** [8d 7c Jd] [3h]
maciejjopek12: checks 
Dorex2007: checks 
*** RIVER *** [8d 7c Jd 3h] [Ad]
maciejjopek12: checks 
Dorex2007: bets $0.28
maciejjopek12: folds 
Uncalled bet ($0.28) returned to Dorex2007
Dorex2007 collected $0.28 from pot
Dorex2007: doesn't show hand 
*** SUMMARY ***
Total pot $0.29 | Rake $0.01 
Board [8d 7c Jd 3h Ad]
Seat 1: mangacha11 (small blind) folded before Flop
Seat 2: N1ceGuyEddy (big blind) folded before Flop
Seat 3: sunrainand9 folded before Flop (didn't bet)
Seat 4: Crappz folded before Flop (didn't bet)
Seat 6: LouisHB129 folded before Flop (didn't bet)
Seat 7: MarinusNr1 folded before Flop (didn't bet)
Seat 8: maciejjopek12 folded on the River
Seat 9: Dorex2007 (button) collected ($0.28)



PokerStars Hand #224046606249:  Hold'em No Limit ($0.01/$0.02 USD) - 2021/02/20 16:16:01 PT [2021/02/20 19:16:01 ET]
Table 'Italia V' 9-max Seat #1 is the button
Seat 1: mangacha11 ($1.06 in chips) 
Seat 3: sunrainand9 ($1.08 in chips) 
Seat 4: Crappz ($2.23 in chips) 
Seat 6: LouisHB129 ($2 in chips) 
Seat 7: MarinusNr1 ($1.95 in chips) 
Seat 8: maciejjopek12 ($2.85 in chips) 
Seat 9: Dorex2007 ($1.87 in chips) 
sunrainand9: posts small blind $0.01
Crappz: posts big blind $0.02
*** HOLE CARDS ***
Dealt to Dorex2007 [Qc 7d]
LouisHB129: raises $0.03 to $0.05
MarinusNr1: folds 
maciejjopek12: folds 
Dorex2007: folds 
mangacha11: folds 
sunrainand9: folds 
Crappz: calls $0.03
*** FLOP *** [6s Ks Qh]
Crappz: checks 
LouisHB129: bets $0.06
Crappz: calls $0.06
*** TURN *** [6s Ks Qh] [Ac]
Crappz: checks 
LouisHB129: bets $0.11
Crappz: folds 
Uncalled bet ($0.11) returned to LouisHB129
LouisHB129 collected $0.22 from pot
*** SUMMARY ***
Total pot $0.23 | Rake $0.01 
Board [6s Ks Qh Ac]
Seat 1: mangacha11 (button) folded before Flop (didn't bet)
Seat 3: sunrainand9 (small blind) folded before Flop
Seat 4: Crappz (big blind) folded on the Turn
Seat 6: LouisHB129 collected ($0.22)
Seat 7: MarinusNr1 folded before Flop (didn't bet)
Seat 8: maciejjopek12 folded before Flop (didn't bet)
Seat 9: Dorex2007 folded before Flop (didn't bet)



PokerStars Hand #224046627047:  Hold'em No Limit ($0.01/$0.02 USD) - 2021/02/20 16:16:41 PT [2021/02/20 19:16:41 ET]
Table 'Italia V' 9-max Seat #3 is the button
Seat 1: mangacha11 ($1.06 in chips) 
Seat 3: sunrainand9 ($1.07 in chips) 
Seat 4: Crappz ($2.12 in chips) 
Seat 6: LouisHB129 ($2.11 in chips) 
Seat 7: MarinusNr1 ($1.95 in chips) 
Seat 8: maciejjopek12 ($2.85 in chips) 
Seat 9: Dorex2007 ($1.87 in chips) 
Crappz: posts small blind $0.01
LouisHB129: posts big blind $0.02
*** HOLE CARDS ***
Dealt to Dorex2007 [4d 6c]
MarinusNr1: folds 
maciejjopek12: raises $0.02 to $0.04
Dorex2007: folds 
mangacha11: folds 
sunrainand9: calls $0.04
Crappz: folds 
LouisHB129: folds 
*** FLOP *** [2h Th 7d]
maciejjopek12: checks 
sunrainand9: checks 
*** TURN *** [2h Th 7d] [2d]
maciejjopek12: bets $0.05
sunrainand9: calls $0.05
*** RIVER *** [2h Th 7d 2d] [9c]
maciejjopek12: checks 
sunrainand9: checks 
*** SHOW DOWN ***
maciejjopek12: shows [9h 9d] (a full house, Nines full of Deuces)
sunrainand9: mucks hand 
maciejjopek12 collected $0.20 from pot
*** SUMMARY ***
Total pot $0.21 | Rake $0.01 
Board [2h Th 7d 2d 9c]
Seat 1: mangacha11 folded before Flop (didn't bet)
Seat 3: sunrainand9 (button) mucked [Ah 3h]
Seat 4: Crappz (small blind) folded before Flop
Seat 6: LouisHB129 (big blind) folded before Flop
Seat 7: MarinusNr1 folded before Flop (didn't bet)
Seat 8: maciejjopek12 showed [9h 9d] and won ($0.20) with a full house, Nines full of Deuces
Seat 9: Dorex2007 folded before Flop (didn't bet)



PokerStars Hand #224046642496:  Hold'em No Limit ($0.01/$0.02 USD) - 2021/02/20 16:17:12 PT [2021/02/20 19:17:12 ET]
Table 'Italia V' 9-max Seat #4 is the button
Seat 1: mangacha11 ($1.06 in chips) 
Seat 3: sunrainand9 ($0.98 in chips) 
Seat 4: Crappz ($2.11 in chips) 
Seat 6: LouisHB129 ($2.09 in chips) 
Seat 7: MarinusNr1 ($1.95 in chips) 
Seat 8: maciejjopek12 ($2.96 in chips) 
Seat 9: Dorex2007 ($1.87 in chips) 
LouisHB129: posts small blind $0.01
MarinusNr1: posts big blind $0.02
*** HOLE CARDS ***
Dealt to Dorex2007 [9s Td]
maciejjopek12: folds 
Dorex2007: folds 
mangacha11: calls $0.02
sunrainand9: folds 
Crappz: folds 
LouisHB129: calls $0.01
MarinusNr1: checks 
*** FLOP *** [3s 6h Ad]
LouisHB129: checks 
MarinusNr1: checks 
mangacha11: bets $0.06
LouisHB129: calls $0.06
MarinusNr1: folds 
*** TURN *** [3s 6h Ad] [6d]
LouisHB129: checks 
mangacha11: bets $0.10
LouisHB129: calls $0.10
*** RIVER *** [3s 6h Ad 6d] [9h]
LouisHB129: checks 
mangacha11: checks 
*** SHOW DOWN ***
LouisHB129: shows [2d As] (two pair, Aces and Sixes)
mangacha11: mucks hand 
LouisHB129 collected $0.37 from pot
*** SUMMARY ***
Total pot $0.38 | Rake $0.01 
Board [3s 6h Ad 6d 9h]
Seat 1: mangacha11 mucked [9d Ts]
Seat 3: sunrainand9 folded before Flop (didn't bet)
Seat 4: Crappz (button) folded before Flop (didn't bet)
Seat 6: LouisHB129 (small blind) showed [2d As] and won ($0.37) with two pair, Aces and Sixes
Seat 7: MarinusNr1 (big blind) folded on the Flop
Seat 8: maciejjopek12 folded before Flop (didn't bet)
Seat 9: Dorex2007 folded before Flop (didn't bet)



PokerStars Hand #224046672828:  Hold'em No Limit ($0.01/$0.02 USD) - 2021/02/20 16:18:11 PT [2021/02/20 19:18:11 ET]
Table 'Italia V' 9-max Seat #6 is the button
Seat 1: mangacha11 ($0.88 in chips) 
Seat 3: sunrainand9 ($0.98 in chips) 
Seat 4: Crappz ($2.11 in chips) 
Seat 6: LouisHB129 ($2.28 in chips) 
Seat 7: MarinusNr1 ($1.93 in chips) 
Seat 8: maciejjopek12 ($2.96 in chips) 
Seat 9: Dorex2007 ($1.87 in chips) 
MarinusNr1: posts small blind $0.01
maciejjopek12: posts big blind $0.02
N1ceGuyEddy: sits out 
*** HOLE CARDS ***
Dealt to Dorex2007 [8s Kd]
Dorex2007: folds 
mangacha11: calls $0.02
sunrainand9: folds 
Crappz: folds 
LouisHB129: folds 
MarinusNr1: folds 
maciejjopek12: checks 
*** FLOP *** [Ad 9c 3s]
maciejjopek12: bets $0.02
sunrainand9 leaves the table
mangacha11: calls $0.02
*** TURN *** [Ad 9c 3s] [Qc]
maciejjopek12: bets $0.02
mangacha11: calls $0.02
*** RIVER *** [Ad 9c 3s Qc] [Qs]
maciejjopek12: bets $0.02
mangacha11: raises $0.16 to $0.18
maciejjopek12: calls $0.16
*** SHOW DOWN ***
mangacha11: shows [Qd 7d] (three of a kind, Queens)
maciejjopek12: mucks hand 
mangacha11 collected $0.47 from pot
*** SUMMARY ***
Total pot $0.49 | Rake $0.02 
Board [Ad 9c 3s Qc Qs]
Seat 1: mangacha11 showed [Qd 7d] and won ($0.47) with three of a kind, Queens
Seat 3: sunrainand9 folded before Flop (didn't bet)
Seat 4: Crappz folded before Flop (didn't bet)
Seat 6: LouisHB129 (button) folded before Flop (didn't bet)
Seat 7: MarinusNr1 (small blind) folded before Flop
Seat 8: maciejjopek12 (big blind) mucked [Ac 7s]
Seat 9: Dorex2007 folded before Flop (didn't bet)



PokerStars Hand #224046688584:  Hold'em No Limit ($0.01/$0.02 USD) - 2021/02/20 16:18:41 PT [2021/02/20 19:18:41 ET]
Table 'Italia V' 9-max Seat #7 is the button
Seat 1: mangacha11 ($1.11 in chips) 
Seat 4: Crappz ($2.11 in chips) 
Seat 6: LouisHB129 ($2.28 in chips) 
Seat 7: MarinusNr1 ($1.92 in chips) 
Seat 8: maciejjopek12 ($2.72 in chips) 
Seat 9: Dorex2007 ($1.87 in chips) 
maciejjopek12: posts small blind $0.01
Dorex2007: posts big blind $0.02
N1ceGuyEddy: sits out 
*** HOLE CARDS ***
Dealt to Dorex2007 [Ah Kd]
mangacha11: folds 
Crappz: folds 
LouisHB129: folds 
MarinusNr1: folds 
maciejjopek12: calls $0.01
wcopali195 joins the table at seat #3 
Dorex2007: raises $0.06 to $0.08
maciejjopek12: folds 
Uncalled bet ($0.06) returned to Dorex2007
Dorex2007 collected $0.04 from pot
Dorex2007: doesn't show hand 
*** SUMMARY ***
Total pot $0.04 | Rake $0 
Seat 1: mangacha11 folded before Flop (didn't bet)
Seat 4: Crappz folded before Flop (didn't bet)
Seat 6: LouisHB129 folded before Flop (didn't bet)
Seat 7: MarinusNr1 (button) folded before Flop (didn't bet)
Seat 8: maciejjopek12 (small blind) folded before Flop
Seat 9: Dorex2007 (big blind) collected ($0.04)



PokerStars Hand #224046697322:  Hold'em No Limit ($0.01/$0.02 USD) - 2021/02/20 16:18:59 PT [2021/02/20 19:18:59 ET]
Table 'Italia V' 9-max Seat #8 is the button
Seat 1: mangacha11 ($1.11 in chips) 
Seat 4: Crappz ($2.11 in chips) 
Seat 6: LouisHB129 ($2.28 in chips) 
Seat 7: MarinusNr1 ($1.92 in chips) 
Seat 8: maciejjopek12 ($2.70 in chips) 
Seat 9: Dorex2007 ($1.89 in chips) 
Dorex2007: posts small blind $0.01
mangacha11: posts big blind $0.02
N1ceGuyEddy: sits out 
wcopali195: sits out 
*** HOLE CARDS ***
Dealt to Dorex2007 [7c 3s]
Crappz: folds 
LouisHB129: folds 
MarinusNr1: folds 
maciejjopek12: folds 
Dorex2007: folds 
Uncalled bet ($0.01) returned to mangacha11
mangacha11 collected $0.02 from pot
mangacha11: doesn't show hand 
*** SUMMARY ***
Total pot $0.02 | Rake $0 
Seat 1: mangacha11 (big blind) collected ($0.02)
Seat 4: Crappz folded before Flop (didn't bet)
Seat 6: LouisHB129 folded before Flop (didn't bet)
Seat 7: MarinusNr1 folded before Flop (didn't bet)
Seat 8: maciejjopek12 (button) folded before Flop (didn't bet)
Seat 9: Dorex2007 (small blind) folded before Flop



PokerStars Hand #224046705274:  Hold'em No Limit ($0.01/$0.02 USD) - 2021/02/20 16:19:14 PT [2021/02/20 19:19:14 ET]
Table 'Italia V' 9-max Seat #9 is the button
Seat 1: mangacha11 ($1.12 in chips) 
Seat 2: N1ceGuyEddy ($2.03 in chips) 
Seat 4: Crappz ($2.11 in chips) 
Seat 6: LouisHB129 ($2.28 in chips) 
Seat 7: MarinusNr1 ($1.92 in chips) 
Seat 8: maciejjopek12 ($2.70 in chips) 
Seat 9: Dorex2007 ($1.88 in chips) 
mangacha11: posts small blind $0.01
N1ceGuyEddy: posts big blind $0.02
wcopali195: sits out 
*** HOLE CARDS ***
Dealt to Dorex2007 [4s 5h]
Crappz: folds 
LouisHB129: raises $0.03 to $0.05
MarinusNr1: calls $0.05
maciejjopek12: folds 
Dorex2007: folds 
mangacha11: folds 
N1ceGuyEddy: calls $0.03
*** FLOP *** [3h 7d 4h]
N1ceGuyEddy: checks 
LouisHB129: checks 
MarinusNr1: checks 
*** TURN *** [3h 7d 4h] [Ts]
N1ceGuyEddy: checks 
LouisHB129: bets $0.08
MarinusNr1: folds 
N1ceGuyEddy: calls $0.08
*** RIVER *** [3h 7d 4h Ts] [Kd]
N1ceGuyEddy: checks 
LouisHB129: checks 
*** SHOW DOWN ***
N1ceGuyEddy: shows [3c Ac] (a pair of Threes)
LouisHB129: mucks hand 
N1ceGuyEddy collected $0.31 from pot
*** SUMMARY ***
Total pot $0.32 | Rake $0.01 
Board [3h 7d 4h Ts Kd]
Seat 1: mangacha11 (small blind) folded before Flop
Seat 2: N1ceGuyEddy (big blind) showed [3c Ac] and won ($0.31) with a pair of Threes
Seat 4: Crappz folded before Flop (didn't bet)
Seat 6: LouisHB129 mucked [As Qd]
Seat 7: MarinusNr1 folded on the Turn
Seat 8: maciejjopek12 folded before Flop (didn't bet)
Seat 9: Dorex2007 (button) folded before Flop (didn't bet)



PokerStars Hand #224046734581:  Hold'em No Limit ($0.01/$0.02 USD) - 2021/02/20 16:20:12 PT [2021/02/20 19:20:12 ET]
Table 'Italia V' 9-max Seat #1 is the button
Seat 1: mangacha11 ($1.11 in chips) 
Seat 2: N1ceGuyEddy ($2.21 in chips) 
Seat 3: wcopali195 ($1.60 in chips) 
Seat 4: Crappz ($2.11 in chips) 
Seat 6: LouisHB129 ($2.15 in chips) 
Seat 7: MarinusNr1 ($1.87 in chips) 
Seat 8: maciejjopek12 ($2.70 in chips) 
Seat 9: Dorex2007 ($1.88 in chips) 
N1ceGuyEddy: posts small blind $0.01
wcopali195: posts big blind $0.02
*** HOLE CARDS ***
Dealt to Dorex2007 [7h Kd]
Crappz: folds 
LouisHB129: folds 
MarinusNr1: folds 
Crappz leaves the table
maciejjopek12: folds 
Dorex2007: folds 
mangacha11: folds 
N1ceGuyEddy: folds 
Uncalled bet ($0.01) returned to wcopali195
wcopali195 collected $0.02 from pot
*** SUMMARY ***
Total pot $0.02 | Rake $0 
Seat 1: mangacha11 (button) folded before Flop (didn't bet)
Seat 2: N1ceGuyEddy (small blind) folded before Flop
Seat 3: wcopali195 (big blind) collected ($0.02)
Seat 4: Crappz folded before Flop (didn't bet)
Seat 6: LouisHB129 folded before Flop (didn't bet)
Seat 7: MarinusNr1 folded before Flop (didn't bet)
Seat 8: maciejjopek12 folded before Flop (didn't bet)
Seat 9: Dorex2007 folded before Flop (didn't bet)



PokerStars Hand #224046749865:  Hold'em No Limit ($0.01/$0.02 USD) - 2021/02/20 16:20:42 PT [2021/02/20 19:20:42 ET]
Table 'Italia V' 9-max Seat #2 is the button
Seat 1: mangacha11 ($1.11 in chips) 
Seat 2: N1ceGuyEddy ($2.20 in chips) 
Seat 3: wcopali195 ($1.61 in chips) 
Seat 6: LouisHB129 ($2.15 in chips) 
Seat 7: MarinusNr1 ($1.87 in chips) 
Seat 8: maciejjopek12 ($2.70 in chips) 
Seat 9: Dorex2007 ($1.88 in chips) 
wcopali195: posts small blind $0.01
LouisHB129: posts big blind $0.02
*** HOLE CARDS ***
Dealt to Dorex2007 [Ts 7s]
MarinusNr1: folds 
maciejjopek12: folds 
Dorex2007: folds 
mangacha11: raises $0.04 to $0.06
N1ceGuyEddy: folds 
ryank552 joins the table at seat #4 
wcopali195: folds 
LouisHB129: folds 
Uncalled bet ($0.04) returned to mangacha11
mangacha11 collected $0.05 from pot
JohnyLostre was removed from the table for failing to post
JohnyLostre leaves the table
mangacha11: doesn't show hand 
*** SUMMARY ***
Total pot $0.05 | Rake $0 
Seat 1: mangacha11 collected ($0.05)
Seat 2: N1ceGuyEddy (button) folded before Flop (didn't bet)
Seat 3: wcopali195 (small blind) folded before Flop
Seat 6: LouisHB129 (big blind) folded before Flop
Seat 7: MarinusNr1 folded before Flop (didn't bet)
Seat 8: maciejjopek12 folded before Flop (didn't bet)
Seat 9: Dorex2007 folded before Flop (didn't bet)



PokerStars Hand #224046758812:  Hold'em No Limit ($0.01/$0.02 USD) - 2021/02/20 16:20:59 PT [2021/02/20 19:20:59 ET]
Table 'Italia V' 9-max Seat #3 is the button
Seat 1: mangacha11 ($1.14 in chips) 
Seat 2: N1ceGuyEddy ($2.20 in chips) 
Seat 3: wcopali195 ($1.60 in chips) 
Seat 6: LouisHB129 ($2.13 in chips) 
Seat 7: MarinusNr1 ($1.87 in chips) 
Seat 8: maciejjopek12 ($2.70 in chips) 
Seat 9: Dorex2007 ($1.88 in chips) 
LouisHB129: posts small blind $0.01
MarinusNr1: posts big blind $0.02
*** HOLE CARDS ***
Dealt to Dorex2007 [Kh Kd]
maciejjopek12: folds 
Dorex2007: raises $0.04 to $0.06
mangacha11: calls $0.06
N1ceGuyEddy: folds 
wcopali195: folds 
LouisHB129: folds 
MarinusNr1: folds 
*** FLOP *** [4s Jc 5d]
Dorex2007: bets $0.14
mangacha11: calls $0.14
*** TURN *** [4s Jc 5d] [Jd]
Dorex2007: bets $0.21
mangacha11: calls $0.21
*** RIVER *** [4s Jc 5d Jd] [Ah]
Dorex2007: checks 
mangacha11: checks 
*** SHOW DOWN ***
Dorex2007: shows [Kh Kd] (two pair, Kings and Jacks)
mangacha11: shows [Ad Tc] (two pair, Aces and Jacks)
mangacha11 collected $0.82 from pot
*** SUMMARY ***
Total pot $0.85 | Rake $0.03 
Board [4s Jc 5d Jd Ah]
Seat 1: mangacha11 showed [Ad Tc] and won ($0.82) with two pair, Aces and Jacks
Seat 2: N1ceGuyEddy folded before Flop (didn't bet)
Seat 3: wcopali195 (button) folded before Flop (didn't bet)
Seat 6: LouisHB129 (small blind) folded before Flop
Seat 7: MarinusNr1 (big blind) folded before Flop
Seat 8: maciejjopek12 folded before Flop (didn't bet)
Seat 9: Dorex2007 showed [Kh Kd] and lost with two pair, Kings and Jacks



PokerStars Hand #224046782236:  Hold'em No Limit ($0.01/$0.02 USD) - 2021/02/20 16:21:46 PT [2021/02/20 19:21:46 ET]
Table 'Italia V' 9-max Seat #6 is the button
Seat 1: mangacha11 ($1.55 in chips) 
Seat 2: N1ceGuyEddy ($2.20 in chips) 
Seat 3: wcopali195 ($1.60 in chips) 
Seat 4: ryank552 ($2 in chips) 
Seat 6: LouisHB129 ($2.12 in chips) 
Seat 7: MarinusNr1 ($1.85 in chips) 
Seat 8: maciejjopek12 ($2.70 in chips) 
Seat 9: Dorex2007 ($1.47 in chips) 
MarinusNr1: posts small blind $0.01
maciejjopek12: posts big blind $0.02
ryank552: posts big blind $0.02
*** HOLE CARDS ***
Dealt to Dorex2007 [4h Jd]
Dorex2007: folds 
mangacha11: folds 
European1000 joins the table at seat #5 
N1ceGuyEddy has timed out
N1ceGuyEddy: folds 
wcopali195: folds 
ryank552: checks 
LouisHB129: raises $0.07 to $0.09
MarinusNr1: folds 
maciejjopek12: folds 
ryank552: calls $0.07
*** FLOP *** [As 2s 5s]
LouisHB129 is disconnected 
ryank552: checks 
LouisHB129 is connected 
LouisHB129: checks 
*** TURN *** [As 2s 5s] [6s]
ryank552: checks 
LouisHB129: bets $0.20
ryank552: folds 
Uncalled bet ($0.20) returned to LouisHB129
LouisHB129 collected $0.20 from pot
*** SUMMARY ***
Total pot $0.21 | Rake $0.01 
Board [As 2s 5s 6s]
Seat 1: mangacha11 folded before Flop (didn't bet)
Seat 2: N1ceGuyEddy folded before Flop (didn't bet)
Seat 3: wcopali195 folded before Flop (didn't bet)
Seat 4: ryank552 folded on the Turn
Seat 6: LouisHB129 (button) collected ($0.20)
Seat 7: MarinusNr1 (small blind) folded before Flop
Seat 8: maciejjopek12 (big blind) folded before Flop
Seat 9: Dorex2007 folded before Flop (didn't bet)



PokerStars Hand #224046821467:  Hold'em No Limit ($0.01/$0.02 USD) - 2021/02/20 16:23:04 PT [2021/02/20 19:23:04 ET]
Table 'Italia V' 9-max Seat #7 is the button
Seat 1: mangacha11 ($1.55 in chips) 
Seat 2: N1ceGuyEddy ($2.20 in chips) 
Seat 3: wcopali195 ($1.60 in chips) 
Seat 4: ryank552 ($1.91 in chips) 
Seat 5: European1000 ($1.60 in chips) 
Seat 6: LouisHB129 ($2.23 in chips) 
Seat 7: MarinusNr1 ($1.84 in chips) 
Seat 8: maciejjopek12 ($2.68 in chips) 
Seat 9: Dorex2007 ($1.47 in chips) 
maciejjopek12: posts small blind $0.01
Dorex2007: posts big blind $0.02
European1000: posts big blind $0.02
*** HOLE CARDS ***
Dealt to Dorex2007 [Td As]
mangacha11: folds 
N1ceGuyEddy: raises $0.04 to $0.06
wcopali195: folds 
ryank552: folds 
European1000: folds 
LouisHB129: calls $0.06
MarinusNr1: folds 
maciejjopek12: folds 
Dorex2007: calls $0.04
*** FLOP *** [6s Kc 5s]
Dorex2007: checks 
N1ceGuyEddy: checks 
LouisHB129: bets $0.20
Dorex2007: folds 
N1ceGuyEddy: calls $0.20
*** TURN *** [6s Kc 5s] [Ts]
N1ceGuyEddy: checks 
LouisHB129: bets $0.30
N1ceGuyEddy: calls $0.30
*** RIVER *** [6s Kc 5s Ts] [Qc]
N1ceGuyEddy: checks 
LouisHB129: checks 
*** SHOW DOWN ***
N1ceGuyEddy: shows [3s 3c] (a pair of Threes)
LouisHB129: shows [Kd Jd] (a pair of Kings)
LouisHB129 collected $1.17 from pot
*** SUMMARY ***
Total pot $1.21 | Rake $0.04 
Board [6s Kc 5s Ts Qc]
Seat 1: mangacha11 folded before Flop (didn't bet)
Seat 2: N1ceGuyEddy showed [3s 3c] and lost with a pair of Threes
Seat 3: wcopali195 folded before Flop (didn't bet)
Seat 4: ryank552 folded before Flop (didn't bet)
Seat 5: European1000 folded before Flop (didn't bet)
Seat 6: LouisHB129 showed [Kd Jd] and won ($1.17) with a pair of Kings
Seat 7: MarinusNr1 (button) folded before Flop (didn't bet)
Seat 8: maciejjopek12 (small blind) folded before Flop
Seat 9: Dorex2007 (big blind) folded on the Flop



PokerStars Hand #224046870539:  Hold'em No Limit ($0.01/$0.02 USD) - 2021/02/20 16:24:24 PT [2021/02/20 19:24:24 ET]
Table 'Italia V' 9-max Seat #8 is the button
Seat 1: mangacha11 ($1.55 in chips) 
Seat 2: N1ceGuyEddy ($1.64 in chips) 
Seat 3: wcopali195 ($1.60 in chips) 
Seat 4: ryank552 ($1.91 in chips) 
Seat 5: European1000 ($1.58 in chips) 
Seat 6: LouisHB129 ($2.84 in chips) 
Seat 7: MarinusNr1 ($1.84 in chips) 
Seat 8: maciejjopek12 ($2.67 in chips) 
Seat 9: Dorex2007 ($1.41 in chips) 
Dorex2007: posts small blind $0.01
mangacha11: posts big blind $0.02
*** HOLE CARDS ***
Dealt to Dorex2007 [6h Kc]
N1ceGuyEddy: raises $0.04 to $0.06
wcopali195: folds 
ryank552: calls $0.06
European1000: folds 
LouisHB129: folds 
MarinusNr1: folds 
maciejjopek12: folds 
Dorex2007: folds 
mangacha11: calls $0.04
*** FLOP *** [Th 6c 2s]
mangacha11: checks 
N1ceGuyEddy: checks 
ryank552: checks 
*** TURN *** [Th 6c 2s] [3h]
mangacha11: checks 
N1ceGuyEddy: bets $0.12
ryank552: calls $0.12
mangacha11: calls $0.12
*** RIVER *** [Th 6c 2s 3h] [7s]
mangacha11: checks 
N1ceGuyEddy: checks 
ryank552: bets $0.10
mangacha11: folds 
N1ceGuyEddy: calls $0.10
*** SHOW DOWN ***
ryank552: shows [7c Ah] (a pair of Sevens)
N1ceGuyEddy: shows [8c 8d] (a pair of Eights)
N1ceGuyEddy collected $0.72 from pot
*** SUMMARY ***
Total pot $0.75 | Rake $0.03 
Board [Th 6c 2s 3h 7s]
Seat 1: mangacha11 (big blind) folded on the River
Seat 2: N1ceGuyEddy showed [8c 8d] and won ($0.72) with a pair of Eights
Seat 3: wcopali195 folded before Flop (didn't bet)
Seat 4: ryank552 showed [7c Ah] and lost with a pair of Sevens
Seat 5: European1000 folded before Flop (didn't bet)
Seat 6: LouisHB129 folded before Flop (didn't bet)
Seat 7: MarinusNr1 folded before Flop (didn't bet)
Seat 8: maciejjopek12 (button) folded before Flop (didn't bet)
Seat 9: Dorex2007 (small blind) folded before Flop



PokerStars Hand #224046995057:  Hold'em No Limit ($0.01/$0.02 USD) - 2021/02/20 16:28:35 PT [2021/02/20 19:28:35 ET]
Table 'Italia V' 9-max Seat #4 is the button
Seat 1: mangacha11 ($1.35 in chips) 
Seat 2: N1ceGuyEddy ($2.07 in chips) 
Seat 3: wcopali195 ($1.37 in chips) 
Seat 4: ryank552 ($1.59 in chips) 
Seat 5: European1000 ($1.66 in chips) 
Seat 6: LouisHB129 ($2.87 in chips) 
Seat 7: MarinusNr1 ($2.04 in chips) 
Seat 8: maciejjopek12 ($2.65 in chips) 
Seat 9: Dorex2007 ($1.40 in chips) 
European1000: posts small blind $0.01
LouisHB129: posts big blind $0.02
*** HOLE CARDS ***
Dealt to Dorex2007 [9s 3c]
MarinusNr1: folds 
maciejjopek12: folds 
Dorex2007: folds 
mangacha11: calls $0.02
N1ceGuyEddy: folds 
wcopali195: calls $0.02
ryank552: calls $0.02
European1000: folds 
LouisHB129: checks 
*** FLOP *** [7d 4c 7s]
LouisHB129: checks 
mangacha11: checks 
wcopali195: bets $0.04
ryank552: raises $0.14 to $0.18
LouisHB129: folds 
mangacha11: folds 
wcopali195: folds 
Uncalled bet ($0.14) returned to ryank552
ryank552 collected $0.16 from pot
ryank552: doesn't show hand 
*** SUMMARY ***
Total pot $0.17 | Rake $0.01 
Board [7d 4c 7s]
Seat 1: mangacha11 folded on the Flop
Seat 2: N1ceGuyEddy folded before Flop (didn't bet)
Seat 3: wcopali195 folded on the Flop
Seat 4: ryank552 (button) collected ($0.16)
Seat 5: European1000 (small blind) folded before Flop
Seat 6: LouisHB129 (big blind) folded on the Flop
Seat 7: MarinusNr1 folded before Flop (didn't bet)
Seat 8: maciejjopek12 folded before Flop (didn't bet)
Seat 9: Dorex2007 folded before Flop (didn't bet)



PokerStars Hand #224047029457:  Hold'em No Limit ($0.01/$0.02 USD) - 2021/02/20 16:29:25 PT [2021/02/20 19:29:25 ET]
Table 'Italia V' 9-max Seat #5 is the button
Seat 1: mangacha11 ($1.33 in chips) 
Seat 2: N1ceGuyEddy ($2.07 in chips) 
Seat 3: wcopali195 ($1.31 in chips) 
Seat 4: ryank552 ($1.69 in chips) 
Seat 5: European1000 ($1.65 in chips) 
Seat 6: LouisHB129 ($2.85 in chips) 
Seat 7: MarinusNr1 ($2.04 in chips) 
Seat 8: maciejjopek12 ($2.65 in chips) 
Seat 9: Dorex2007 ($1.40 in chips) 
LouisHB129: posts small blind $0.01
MarinusNr1: posts big blind $0.02
*** HOLE CARDS ***
Dealt to Dorex2007 [Ks Jh]
maciejjopek12: folds 
Dorex2007: raises $0.04 to $0.06
mangacha11: folds 
N1ceGuyEddy: calls $0.06
wcopali195: folds 
ryank552: folds 
European1000: folds 
LouisHB129: folds 
MarinusNr1: folds 
*** FLOP *** [2s 9h 3c]
Dorex2007: checks 
N1ceGuyEddy: checks 
*** TURN *** [2s 9h 3c] [8c]
Dorex2007: checks 
N1ceGuyEddy: checks 
*** RIVER *** [2s 9h 3c 8c] [2c]
Dorex2007: bets $0.14
N1ceGuyEddy: folds 
Uncalled bet ($0.14) returned to Dorex2007
Dorex2007 collected $0.14 from pot
Dorex2007: doesn't show hand 
*** SUMMARY ***
Total pot $0.15 | Rake $0.01 
Board [2s 9h 3c 8c 2c]
Seat 1: mangacha11 folded before Flop (didn't bet)
Seat 2: N1ceGuyEddy folded on the River
Seat 3: wcopali195 folded before Flop (didn't bet)
Seat 4: ryank552 folded before Flop (didn't bet)
Seat 5: European1000 (button) folded before Flop (didn't bet)
Seat 6: LouisHB129 (small blind) folded before Flop
Seat 7: MarinusNr1 (big blind) folded before Flop
Seat 8: maciejjopek12 folded before Flop (didn't bet)
Seat 9: Dorex2007 collected ($0.14)



PokerStars Hand #224047061439:  Hold'em No Limit ($0.01/$0.02 USD) - 2021/02/20 16:30:31 PT [2021/02/20 19:30:31 ET]
Table 'Italia V' 9-max Seat #6 is the button
Seat 1: mangacha11 ($1.33 in chips) 
Seat 2: N1ceGuyEddy ($2.01 in chips) 
Seat 3: wcopali195 ($1.31 in chips) 
Seat 4: ryank552 ($1.69 in chips) 
Seat 5: European1000 ($1.65 in chips) 
Seat 6: LouisHB129 ($2.84 in chips) 
Seat 7: MarinusNr1 ($2.02 in chips) 
Seat 8: maciejjopek12 ($2.65 in chips) 
Seat 9: Dorex2007 ($1.48 in chips) 
MarinusNr1: posts small blind $0.01
maciejjopek12: posts big blind $0.02
*** HOLE CARDS ***
Dealt to Dorex2007 [Ts 8d]
Dorex2007: folds 
mangacha11: folds 
N1ceGuyEddy: folds 
wcopali195: folds 
ryank552: folds 
European1000: folds 
LouisHB129: folds 
MarinusNr1: folds 
Uncalled bet ($0.01) returned to maciejjopek12
maciejjopek12 collected $0.02 from pot
maciejjopek12: doesn't show hand 
*** SUMMARY ***
Total pot $0.02 | Rake $0 
Seat 1: mangacha11 folded before Flop (didn't bet)
Seat 2: N1ceGuyEddy folded before Flop (didn't bet)
Seat 3: wcopali195 folded before Flop (didn't bet)
Seat 4: ryank552 folded before Flop (didn't bet)
Seat 5: European1000 folded before Flop (didn't bet)
Seat 6: LouisHB129 (button) folded before Flop (didn't bet)
Seat 7: MarinusNr1 (small blind) folded before Flop
Seat 8: maciejjopek12 (big blind) collected ($0.02)
Seat 9: Dorex2007 folded before Flop (didn't bet)



PokerStars Hand #224047070714:  Hold'em No Limit ($0.01/$0.02 USD) - 2021/02/20 16:30:50 PT [2021/02/20 19:30:50 ET]
Table 'Italia V' 9-max Seat #7 is the button
Seat 1: mangacha11 ($1.33 in chips) 
Seat 2: N1ceGuyEddy ($2.01 in chips) 
Seat 3: wcopali195 ($1.31 in chips) 
Seat 4: ryank552 ($1.69 in chips) 
Seat 5: European1000 ($1.65 in chips) 
Seat 6: LouisHB129 ($2.84 in chips) 
Seat 7: MarinusNr1 ($2.01 in chips) 
Seat 8: maciejjopek12 ($2.66 in chips) 
Seat 9: Dorex2007 ($1.48 in chips) 
maciejjopek12: posts small blind $0.01
Dorex2007: posts big blind $0.02
*** HOLE CARDS ***
Dealt to Dorex2007 [Ts As]
mangacha11: folds 
N1ceGuyEddy: folds 
wcopali195: calls $0.02
ryank552: calls $0.02
European1000: calls $0.02
LouisHB129: folds 
MarinusNr1: folds 
maciejjopek12: raises $0.08 to $0.10
Dorex2007: calls $0.08
wcopali195: calls $0.08
ryank552: raises $1.59 to $1.69 and is all-in
European1000: folds 
maciejjopek12: folds 
Dorex2007: calls $1.38 and is all-in
wcopali195: folds 
Uncalled bet ($0.21) returned to ryank552
*** FLOP *** [9s 8h Jd]
*** TURN *** [9s 8h Jd] [5c]
*** RIVER *** [9s 8h Jd 5c] [4h]
*** SHOW DOWN ***
Dorex2007: shows [Ts As] (high card Ace)
ryank552: shows [Qc Ks] (high card King)
Dorex2007 collected $3.07 from pot
*** SUMMARY ***
Total pot $3.18 | Rake $0.11 
Board [9s 8h Jd 5c 4h]
Seat 1: mangacha11 folded before Flop (didn't bet)
Seat 2: N1ceGuyEddy folded before Flop (didn't bet)
Seat 3: wcopali195 folded before Flop
Seat 4: ryank552 showed [Qc Ks] and lost with high card King
Seat 5: European1000 folded before Flop
Seat 6: LouisHB129 folded before Flop (didn't bet)
Seat 7: MarinusNr1 (button) folded before Flop (didn't bet)
Seat 8: maciejjopek12 (small blind) folded before Flop
Seat 9: Dorex2007 (big blind) showed [Ts As] and won ($3.07) with high card Ace



PokerStars Hand #224047102605:  Hold'em No Limit ($0.01/$0.02 USD) - 2021/02/20 16:31:56 PT [2021/02/20 19:31:56 ET]
Table 'Italia V' 9-max Seat #8 is the button
Seat 1: mangacha11 ($1.33 in chips) 
Seat 2: N1ceGuyEddy ($2.01 in chips) 
Seat 3: wcopali195 ($1.21 in chips) 
Seat 4: ryank552 ($0.21 in chips) 
Seat 5: European1000 ($1.63 in chips) 
Seat 6: LouisHB129 ($2.84 in chips) 
Seat 7: MarinusNr1 ($2.01 in chips) 
Seat 8: maciejjopek12 ($2.56 in chips) 
Seat 9: Dorex2007 ($3.07 in chips) 
Dorex2007: posts small blind $0.01
mangacha11: posts big blind $0.02
*** HOLE CARDS ***
Dealt to Dorex2007 [Jd 5d]
N1ceGuyEddy: raises $0.08 to $0.10
wcopali195: folds 
ryank552: raises $0.11 to $0.21 and is all-in
European1000: folds 
LouisHB129: folds 
MarinusNr1: folds 
maciejjopek12: folds 
Dorex2007: folds 
mangacha11: folds 
N1ceGuyEddy: calls $0.11
*** FLOP *** [5s Tc Th]
*** TURN *** [5s Tc Th] [Ah]
*** RIVER *** [5s Tc Th Ah] [3d]
*** SHOW DOWN ***
N1ceGuyEddy: shows [Ad Kc] (two pair, Aces and Tens)
ryank552: shows [Qh Ac] (two pair, Aces and Tens - lower kicker)
N1ceGuyEddy collected $0.43 from pot
*** SUMMARY ***
Total pot $0.45 | Rake $0.02 
Board [5s Tc Th Ah 3d]
Seat 1: mangacha11 (big blind) folded before Flop
Seat 2: N1ceGuyEddy showed [Ad Kc] and won ($0.43) with two pair, Aces and Tens
Seat 3: wcopali195 folded before Flop (didn't bet)
Seat 4: ryank552 showed [Qh Ac] and lost with two pair, Aces and Tens
Seat 5: European1000 folded before Flop (didn't bet)
Seat 6: LouisHB129 folded before Flop (didn't bet)
Seat 7: MarinusNr1 folded before Flop (didn't bet)
Seat 8: maciejjopek12 (button) folded before Flop (didn't bet)
Seat 9: Dorex2007 (small blind) folded before Flop



PokerStars Hand #224047119877:  Hold'em No Limit ($0.01/$0.02 USD) - 2021/02/20 16:32:31 PT [2021/02/20 19:32:31 ET]
Table 'Italia V' 9-max Seat #9 is the button
Seat 1: mangacha11 ($1.31 in chips) 
Seat 2: N1ceGuyEddy ($2.23 in chips) 
Seat 3: wcopali195 ($1.21 in chips) 
Seat 5: European1000 ($1.63 in chips) 
Seat 6: LouisHB129 ($2.84 in chips) 
Seat 7: MarinusNr1 ($2.01 in chips) 
Seat 8: maciejjopek12 ($2.56 in chips) 
Seat 9: Dorex2007 ($3.06 in chips) 
mangacha11: posts small blind $0.01
N1ceGuyEddy: posts big blind $0.02
*** HOLE CARDS ***
Dealt to Dorex2007 [8d 7d]
wcopali195: folds 
European1000: folds 
ryank552 leaves the table
LouisHB129: raises $0.05 to $0.07
MarinusNr1: folds 
maciejjopek12: folds 
Dorex2007: folds 
mangacha11: folds 
N1ceGuyEddy: calls $0.05
*** FLOP *** [Kc 9h 2s]
N1ceGuyEddy: checks 
LouisHB129: bets $0.07
N1ceGuyEddy: calls $0.07
*** TURN *** [Kc 9h 2s] [Ac]
N1ceGuyEddy: checks 
LouisHB129: bets $0.14
N1ceGuyEddy: calls $0.14
*** RIVER *** [Kc 9h 2s Ac] [Kh]
N1ceGuyEddy: checks 
LouisHB129: checks 
*** SHOW DOWN ***
N1ceGuyEddy: shows [Td Tc] (two pair, Kings and Tens)
LouisHB129: shows [Qd Qc] (two pair, Kings and Queens)
LouisHB129 collected $0.55 from pot
*** SUMMARY ***
Total pot $0.57 | Rake $0.02 
Board [Kc 9h 2s Ac Kh]
Seat 1: mangacha11 (small blind) folded before Flop
Seat 2: N1ceGuyEddy (big blind) showed [Td Tc] and lost with two pair, Kings and Tens
Seat 3: wcopali195 folded before Flop (didn't bet)
Seat 5: European1000 folded before Flop (didn't bet)
Seat 6: LouisHB129 showed [Qd Qc] and won ($0.55) with two pair, Kings and Queens
Seat 7: MarinusNr1 folded before Flop (didn't bet)
Seat 8: maciejjopek12 folded before Flop (didn't bet)
Seat 9: Dorex2007 (button) folded before Flop (didn't bet)



PokerStars Hand #224047141496:  Hold'em No Limit ($0.01/$0.02 USD) - 2021/02/20 16:33:16 PT [2021/02/20 19:33:16 ET]
Table 'Italia V' 9-max Seat #1 is the button
Seat 1: mangacha11 ($1.30 in chips) 
Seat 2: N1ceGuyEddy ($1.95 in chips) 
Seat 3: wcopali195 ($1.21 in chips) 
Seat 5: European1000 ($1.63 in chips) 
Seat 6: LouisHB129 ($3.11 in chips) 
Seat 7: MarinusNr1 ($2.01 in chips) 
Seat 8: maciejjopek12 ($2.56 in chips) 
Seat 9: Dorex2007 ($3.06 in chips) 
N1ceGuyEddy: posts small blind $0.01
wcopali195: posts big blind $0.02
*** HOLE CARDS ***
Dealt to Dorex2007 [4h 5h]
European1000: folds 
LouisHB129: raises $0.03 to $0.05
MarinusNr1: folds 
maciejjopek12: calls $0.05
Dorex2007: folds 
mangacha11: folds 
N1ceGuyEddy: folds 
wcopali195: calls $0.03
*** FLOP *** [Td As 7c]
wcopali195: checks 
LouisHB129: bets $0.08
maciejjopek12: calls $0.08
wcopali195: calls $0.08
*** TURN *** [Td As 7c] [5d]
wcopali195: checks 
LouisHB129: bets $0.20
maciejjopek12: folds 
wcopali195: folds 
Uncalled bet ($0.20) returned to LouisHB129
LouisHB129 collected $0.39 from pot
*** SUMMARY ***
Total pot $0.40 | Rake $0.01 
Board [Td As 7c 5d]
Seat 1: mangacha11 (button) folded before Flop (didn't bet)
Seat 2: N1ceGuyEddy (small blind) folded before Flop
Seat 3: wcopali195 (big blind) folded on the Turn
Seat 5: European1000 folded before Flop (didn't bet)
Seat 6: LouisHB129 collected ($0.39)
Seat 7: MarinusNr1 folded before Flop (didn't bet)
Seat 8: maciejjopek12 folded on the Turn
Seat 9: Dorex2007 folded before Flop (didn't bet)



PokerStars Hand #224047162154:  Hold'em No Limit ($0.01/$0.02 USD) - 2021/02/20 16:33:59 PT [2021/02/20 19:33:59 ET]
Table 'Italia V' 9-max Seat #2 is the button
Seat 1: mangacha11 ($1.30 in chips) 
Seat 2: N1ceGuyEddy ($1.94 in chips) 
Seat 3: wcopali195 ($1.08 in chips) 
Seat 5: European1000 ($1.63 in chips) 
Seat 6: LouisHB129 ($3.37 in chips) 
Seat 7: MarinusNr1 ($2.01 in chips) 
Seat 8: maciejjopek12 ($2.43 in chips) 
Seat 9: Dorex2007 ($3.06 in chips) 
wcopali195: posts small blind $0.01
European1000: posts big blind $0.02
*** HOLE CARDS ***
Dealt to Dorex2007 [5h 9h]
LouisHB129: calls $0.02
MarinusNr1: folds 
maciejjopek12: calls $0.02
Dorex2007: folds 
mangacha11: folds 
N1ceGuyEddy: folds 
wcopali195: calls $0.01
European1000: checks 
*** FLOP *** [6h Ad Qs]
wcopali195: checks 
European1000: checks 
LouisHB129: bets $0.04
maciejjopek12: calls $0.04
wcopali195: folds 
European1000: folds 
*** TURN *** [6h Ad Qs] [Jc]
LouisHB129: bets $0.08
maciejjopek12: calls $0.08
*** RIVER *** [6h Ad Qs Jc] [Jh]
LouisHB129: bets $0.31
maciejjopek12: folds 
Uncalled bet ($0.31) returned to LouisHB129
LouisHB129 collected $0.31 from pot
*** SUMMARY ***
Total pot $0.32 | Rake $0.01 
Board [6h Ad Qs Jc Jh]
Seat 1: mangacha11 folded before Flop (didn't bet)
Seat 2: N1ceGuyEddy (button) folded before Flop (didn't bet)
Seat 3: wcopali195 (small blind) folded on the Flop
Seat 5: European1000 (big blind) folded on the Flop
Seat 6: LouisHB129 collected ($0.31)
Seat 7: MarinusNr1 folded before Flop (didn't bet)
Seat 8: maciejjopek12 folded on the River
Seat 9: Dorex2007 folded before Flop (didn't bet)



PokerStars Hand #224047185206:  Hold'em No Limit ($0.01/$0.02 USD) - 2021/02/20 16:34:47 PT [2021/02/20 19:34:47 ET]
Table 'Italia V' 9-max Seat #3 is the button
Seat 1: mangacha11 ($1.30 in chips) 
Seat 2: N1ceGuyEddy ($1.94 in chips) 
Seat 3: wcopali195 ($1.06 in chips) 
Seat 5: European1000 ($1.61 in chips) 
Seat 6: LouisHB129 ($3.54 in chips) 
Seat 7: MarinusNr1 ($2.01 in chips) 
Seat 8: maciejjopek12 ($2.29 in chips) 
Seat 9: Dorex2007 ($3.06 in chips) 
European1000: posts small blind $0.01
LouisHB129: posts big blind $0.02
*** HOLE CARDS ***
Dealt to Dorex2007 [8c 4c]
MarinusNr1: folds 
maciejjopek12: raises $0.02 to $0.04
Dorex2007: folds 
mangacha11: folds 
N1ceGuyEddy: raises $0.08 to $0.12
wcopali195: calls $0.12
European1000: folds 
LouisHB129: folds 
maciejjopek12: calls $0.08
*** FLOP *** [3s Td Kc]
maciejjopek12: checks 
N1ceGuyEddy: bets $0.26
wcopali195: folds 
maciejjopek12: folds 
Uncalled bet ($0.26) returned to N1ceGuyEddy
N1ceGuyEddy collected $0.38 from pot
N1ceGuyEddy: doesn't show hand 
*** SUMMARY ***
Total pot $0.39 | Rake $0.01 
Board [3s Td Kc]
Seat 1: mangacha11 folded before Flop (didn't bet)
Seat 2: N1ceGuyEddy collected ($0.38)
Seat 3: wcopali195 (button) folded on the Flop
Seat 5: European1000 (small blind) folded before Flop
Seat 6: LouisHB129 (big blind) folded before Flop
Seat 7: MarinusNr1 folded before Flop (didn't bet)
Seat 8: maciejjopek12 folded on the Flop
Seat 9: Dorex2007 folded before Flop (didn't bet)



PokerStars Hand #224047205264:  Hold'em No Limit ($0.01/$0.02 USD) - 2021/02/20 16:35:28 PT [2021/02/20 19:35:28 ET]
Table 'Italia V' 9-max Seat #5 is the button
Seat 1: mangacha11 ($1.30 in chips) 
Seat 2: N1ceGuyEddy ($2.20 in chips) 
Seat 3: wcopali195 ($0.94 in chips) 
Seat 5: European1000 ($1.60 in chips) 
Seat 6: LouisHB129 ($3.52 in chips) 
Seat 7: MarinusNr1 ($2.01 in chips) 
Seat 8: maciejjopek12 ($2.17 in chips) 
Seat 9: Dorex2007 ($3.06 in chips) 
LouisHB129: posts small blind $0.01
MarinusNr1: posts big blind $0.02
*** HOLE CARDS ***
Dealt to Dorex2007 [Qh Ts]
maciejjopek12: folds 
Dorex2007: raises $0.04 to $0.06
mangacha11: folds 
N1ceGuyEddy: calls $0.06
wcopali195: calls $0.06
European1000: folds 
LouisHB129: folds 
MarinusNr1: folds 
*** FLOP *** [Ah Qd Jc]
Dorex2007: bets $0.10
N1ceGuyEddy: raises $0.30 to $0.40
wcopali195: folds 
Dorex2007: folds 
Uncalled bet ($0.30) returned to N1ceGuyEddy
N1ceGuyEddy collected $0.40 from pot
N1ceGuyEddy: doesn't show hand 
*** SUMMARY ***
Total pot $0.41 | Rake $0.01 
Board [Ah Qd Jc]
Seat 1: mangacha11 folded before Flop (didn't bet)
Seat 2: N1ceGuyEddy collected ($0.40)
Seat 3: wcopali195 folded on the Flop
Seat 5: European1000 (button) folded before Flop (didn't bet)
Seat 6: LouisHB129 (small blind) folded before Flop
Seat 7: MarinusNr1 (big blind) folded before Flop
Seat 8: maciejjopek12 folded before Flop (didn't bet)
Seat 9: Dorex2007 folded on the Flop



PokerStars Hand #224047235308:  Hold'em No Limit ($0.01/$0.02 USD) - 2021/02/20 16:36:30 PT [2021/02/20 19:36:30 ET]
Table 'Italia V' 9-max Seat #6 is the button
Seat 1: mangacha11 ($1.30 in chips) 
Seat 2: N1ceGuyEddy ($2.44 in chips) 
Seat 3: wcopali195 ($0.88 in chips) 
Seat 5: European1000 ($1.60 in chips) 
Seat 6: LouisHB129 ($3.51 in chips) 
Seat 7: MarinusNr1 ($1.99 in chips) 
Seat 8: maciejjopek12 ($2.17 in chips) 
Seat 9: Dorex2007 ($2.90 in chips) 
MarinusNr1: posts small blind $0.01
maciejjopek12: posts big blind $0.02
*** HOLE CARDS ***
Dealt to Dorex2007 [Ad 5d]
Dorex2007: folds 
mangacha11: folds 
N1ceGuyEddy: folds 
wcopali195: folds 
European1000: folds 
LouisHB129: folds 
MarinusNr1: folds 
Uncalled bet ($0.01) returned to maciejjopek12
maciejjopek12 collected $0.02 from pot
maciejjopek12: doesn't show hand 
*** SUMMARY ***
Total pot $0.02 | Rake $0 
Seat 1: mangacha11 folded before Flop (didn't bet)
Seat 2: N1ceGuyEddy folded before Flop (didn't bet)
Seat 3: wcopali195 folded before Flop (didn't bet)
Seat 5: European1000 folded before Flop (didn't bet)
Seat 6: LouisHB129 (button) folded before Flop (didn't bet)
Seat 7: MarinusNr1 (small blind) folded before Flop
Seat 8: maciejjopek12 (big blind) collected ($0.02)
Seat 9: Dorex2007 folded before Flop (didn't bet)



PokerStars Hand #224047241116:  Hold'em No Limit ($0.01/$0.02 USD) - 2021/02/20 16:36:42 PT [2021/02/20 19:36:42 ET]
Table 'Italia V' 9-max Seat #7 is the button
Seat 1: mangacha11 ($1.30 in chips) 
Seat 2: N1ceGuyEddy ($2.44 in chips) 
Seat 3: wcopali195 ($0.88 in chips) 
Seat 5: European1000 ($1.60 in chips) 
Seat 6: LouisHB129 ($3.51 in chips) 
Seat 7: MarinusNr1 ($1.98 in chips) 
Seat 8: maciejjopek12 ($2.18 in chips) 
Seat 9: Dorex2007 ($2.90 in chips) 
maciejjopek12: posts small blind $0.01
Dorex2007: posts big blind $0.02
*** HOLE CARDS ***
Dealt to Dorex2007 [Ac 8s]
mangacha11: folds 
N1ceGuyEddy: folds 
mangacha11 leaves the table
wcopali195: folds 
European1000: raises $0.04 to $0.06
LouisHB129: calls $0.06
MarinusNr1: calls $0.06
maciejjopek12: folds 
Dorex2007: folds 
*** FLOP *** [5d 9s 7c]
savvas13196 joins the table at seat #4 
European1000: checks 
LouisHB129: checks 
MarinusNr1: checks 
*** TURN *** [5d 9s 7c] [4s]
European1000: bets $0.10
LouisHB129: folds 
MarinusNr1: calls $0.10
*** RIVER *** [5d 9s 7c 4s] [8d]
European1000: bets $0.20
MarinusNr1: calls $0.20
*** SHOW DOWN ***
European1000: shows [7d Ad] (a pair of Sevens)
MarinusNr1: shows [4h 4d] (three of a kind, Fours)
MarinusNr1 collected $0.78 from pot
*** SUMMARY ***
Total pot $0.81 | Rake $0.03 
Board [5d 9s 7c 4s 8d]
Seat 1: mangacha11 folded before Flop (didn't bet)
Seat 2: N1ceGuyEddy folded before Flop (didn't bet)
Seat 3: wcopali195 folded before Flop (didn't bet)
Seat 5: European1000 showed [7d Ad] and lost with a pair of Sevens
Seat 6: LouisHB129 folded on the Turn
Seat 7: MarinusNr1 (button) showed [4h 4d] and won ($0.78) with three of a kind, Fours
Seat 8: maciejjopek12 (small blind) folded before Flop
Seat 9: Dorex2007 (big blind) folded before Flop



PokerStars Hand #224047269752:  Hold'em No Limit ($0.01/$0.02 USD) - 2021/02/20 16:37:33 PT [2021/02/20 19:37:33 ET]
Table 'Italia V' 9-max Seat #8 is the button
Seat 2: N1ceGuyEddy ($2.44 in chips) 
Seat 3: wcopali195 ($0.88 in chips) 
Seat 4: savvas13196 ($0.82 in chips) 
Seat 5: European1000 ($1.24 in chips) 
Seat 6: LouisHB129 ($3.45 in chips) 
Seat 7: MarinusNr1 ($2.40 in chips) 
Seat 8: maciejjopek12 ($2.17 in chips) 
Seat 9: Dorex2007 ($2.88 in chips) 
Dorex2007: posts small blind $0.01
N1ceGuyEddy: posts big blind $0.02
savvas13196: posts big blind $0.02
*** HOLE CARDS ***
Dealt to Dorex2007 [3c 8c]
wcopali195: folds 
savvas13196: raises $0.80 to $0.82 and is all-in
European1000: folds 
LouisHB129: folds 
MarinusNr1: folds 
maciejjopek12: folds 
Dorex2007: folds 
N1ceGuyEddy: folds 
Uncalled bet ($0.80) returned to savvas13196
savvas13196 collected $0.05 from pot
savvas13196: doesn't show hand 
*** SUMMARY ***
Total pot $0.05 | Rake $0 
Seat 2: N1ceGuyEddy (big blind) folded before Flop
Seat 3: wcopali195 folded before Flop (didn't bet)
Seat 4: savvas13196 collected ($0.05)
Seat 5: European1000 folded before Flop (didn't bet)
Seat 6: LouisHB129 folded before Flop (didn't bet)
Seat 7: MarinusNr1 folded before Flop (didn't bet)
Seat 8: maciejjopek12 (button) folded before Flop (didn't bet)
Seat 9: Dorex2007 (small blind) folded before Flop



PokerStars Hand #224047280389:  Hold'em No Limit ($0.01/$0.02 USD) - 2021/02/20 16:37:55 PT [2021/02/20 19:37:55 ET]
Table 'Italia V' 9-max Seat #9 is the button
Seat 2: N1ceGuyEddy ($2.42 in chips) 
Seat 3: wcopali195 ($0.88 in chips) 
Seat 4: savvas13196 ($0.85 in chips) 
Seat 5: European1000 ($1.24 in chips) 
Seat 6: LouisHB129 ($3.45 in chips) 
Seat 7: MarinusNr1 ($2.40 in chips) 
Seat 8: maciejjopek12 ($2.17 in chips) 
Seat 9: Dorex2007 ($2.87 in chips) 
N1ceGuyEddy: posts small blind $0.01
wcopali195: posts big blind $0.02
*** HOLE CARDS ***
Dealt to Dorex2007 [2h Td]
savvas13196: raises $0.83 to $0.85 and is all-in
European1000: folds 
LouisHB129: folds 
MarinusNr1: folds 
maciejjopek12: folds 
Dorex2007: folds 
N1ceGuyEddy: folds 
wcopali195: folds 
Uncalled bet ($0.83) returned to savvas13196
savvas13196 collected $0.05 from pot
savvas13196: doesn't show hand 
*** SUMMARY ***
Total pot $0.05 | Rake $0 
Seat 2: N1ceGuyEddy (small blind) folded before Flop
Seat 3: wcopali195 (big blind) folded before Flop
Seat 4: savvas13196 collected ($0.05)
Seat 5: European1000 folded before Flop (didn't bet)
Seat 6: LouisHB129 folded before Flop (didn't bet)
Seat 7: MarinusNr1 folded before Flop (didn't bet)
Seat 8: maciejjopek12 folded before Flop (didn't bet)
Seat 9: Dorex2007 (button) folded before Flop (didn't bet)



PokerStars Hand #224047289150:  Hold'em No Limit ($0.01/$0.02 USD) - 2021/02/20 16:38:13 PT [2021/02/20 19:38:13 ET]
Table 'Italia V' 9-max Seat #2 is the button
Seat 2: N1ceGuyEddy ($2.41 in chips) 
Seat 3: wcopali195 ($0.86 in chips) 
Seat 4: savvas13196 ($0.88 in chips) 
Seat 5: European1000 ($1.24 in chips) 
Seat 6: LouisHB129 ($3.45 in chips) 
Seat 7: MarinusNr1 ($2.40 in chips) 
Seat 8: maciejjopek12 ($2.17 in chips) 
Seat 9: Dorex2007 ($2.87 in chips) 
wcopali195: posts small blind $0.01
savvas13196: posts big blind $0.02
*** HOLE CARDS ***
Dealt to Dorex2007 [Tc Ac]
European1000: folds 
LouisHB129: folds 
MarinusNr1: folds 
maciejjopek12: folds 
Dorex2007: raises $0.04 to $0.06
N1ceGuyEddy: folds 
wcopali195: calls $0.05
savvas13196: calls $0.04
*** FLOP *** [Kc Qh 7s]
Dorex2007 said, "doit"
wcopali195: checks 
savvas13196: checks 
Dorex2007: checks 
*** TURN *** [Kc Qh 7s] [3s]
wcopali195: bets $0.08
savvas13196: folds 
Dorex2007: folds 
Uncalled bet ($0.08) returned to wcopali195
wcopali195 collected $0.17 from pot
*** SUMMARY ***
Total pot $0.18 | Rake $0.01 
Board [Kc Qh 7s 3s]
Seat 2: N1ceGuyEddy (button) folded before Flop (didn't bet)
Seat 3: wcopali195 (small blind) collected ($0.17)
Seat 4: savvas13196 (big blind) folded on the Turn
Seat 5: European1000 folded before Flop (didn't bet)
Seat 6: LouisHB129 folded before Flop (didn't bet)
Seat 7: MarinusNr1 folded before Flop (didn't bet)
Seat 8: maciejjopek12 folded before Flop (didn't bet)
Seat 9: Dorex2007 folded on the Turn



PokerStars Hand #224047317435:  Hold'em No Limit ($0.01/$0.02 USD) - 2021/02/20 16:39:13 PT [2021/02/20 19:39:13 ET]
Table 'Italia V' 9-max Seat #3 is the button
Seat 2: N1ceGuyEddy ($2.41 in chips) 
Seat 3: wcopali195 ($0.97 in chips) 
Seat 4: savvas13196 ($0.82 in chips) 
Seat 5: European1000 ($1.24 in chips) 
Seat 6: LouisHB129 ($3.45 in chips) 
Seat 7: MarinusNr1 ($2.40 in chips) 
Seat 8: maciejjopek12 ($2.17 in chips) 
Seat 9: Dorex2007 ($2.81 in chips) 
savvas13196: posts small blind $0.01
European1000: posts big blind $0.02
*** HOLE CARDS ***
Dealt to Dorex2007 [3d Js]
LouisHB129: raises $0.03 to $0.05
MarinusNr1: folds 
maciejjopek12: folds 
Dorex2007: folds 
N1ceGuyEddy: folds 
wcopali195: folds 
savvas13196: calls $0.04
European1000: calls $0.03
*** FLOP *** [5s 3s 5c]
savvas13196: checks 
European1000: bets $0.07
LouisHB129: calls $0.07
savvas13196: folds 
*** TURN *** [5s 3s 5c] [4c]
ALLAndreiN joins the table at seat #1 
European1000: checks 
LouisHB129: checks 
*** RIVER *** [5s 3s 5c 4c] [7d]
European1000: bets $0.38
LouisHB129: folds 
Uncalled bet ($0.38) returned to European1000
European1000 collected $0.28 from pot
European1000: doesn't show hand 
*** SUMMARY ***
Total pot $0.29 | Rake $0.01 
Board [5s 3s 5c 4c 7d]
Seat 2: N1ceGuyEddy folded before Flop (didn't bet)
Seat 3: wcopali195 (button) folded before Flop (didn't bet)
Seat 4: savvas13196 (small blind) folded on the Flop
Seat 5: European1000 (big blind) collected ($0.28)
Seat 6: LouisHB129 folded on the River
Seat 7: MarinusNr1 folded before Flop (didn't bet)
Seat 8: maciejjopek12 folded before Flop (didn't bet)
Seat 9: Dorex2007 folded before Flop (didn't bet)



PokerStars Hand #224047347160:  Hold'em No Limit ($0.01/$0.02 USD) - 2021/02/20 16:40:15 PT [2021/02/20 19:40:15 ET]
Table 'Italia V' 9-max Seat #4 is the button
Seat 2: N1ceGuyEddy ($2.41 in chips) 
Seat 3: wcopali195 ($0.97 in chips) 
Seat 4: savvas13196 ($0.77 in chips) 
Seat 5: European1000 ($1.40 in chips) 
Seat 6: LouisHB129 ($3.33 in chips) 
Seat 7: MarinusNr1 ($2.40 in chips) 
Seat 8: maciejjopek12 ($2.17 in chips) 
Seat 9: Dorex2007 ($2.81 in chips) 
European1000: posts small blind $0.01
LouisHB129: posts big blind $0.02
ALLAndreiN: sits out 
*** HOLE CARDS ***
Dealt to Dorex2007 [6c 4c]
MarinusNr1: folds 
maciejjopek12: folds 
Dorex2007: folds 
N1ceGuyEddy: folds 
wcopali195: folds 
savvas13196 has timed out
savvas13196: folds 
European1000: calls $0.01
LouisHB129: checks 
*** FLOP *** [5s 9s Ad]
European1000: bets $0.06
LouisHB129: calls $0.06
*** TURN *** [5s 9s Ad] [6h]
European1000: checks 
LouisHB129: bets $0.08
European1000: calls $0.08
*** RIVER *** [5s 9s Ad 6h] [8c]
European1000: checks 
LouisHB129: checks 
*** SHOW DOWN ***
European1000: shows [7s 9d] (a straight, Five to Nine)
LouisHB129: mucks hand 
European1000 collected $0.31 from pot
*** SUMMARY ***
Total pot $0.32 | Rake $0.01 
Board [5s 9s Ad 6h 8c]
Seat 2: N1ceGuyEddy folded before Flop (didn't bet)
Seat 3: wcopali195 folded before Flop (didn't bet)
Seat 4: savvas13196 (button) folded before Flop (didn't bet)
Seat 5: European1000 (small blind) showed [7s 9d] and won ($0.31) with a straight, Five to Nine
Seat 6: LouisHB129 (big blind) mucked [6s Qs]
Seat 7: MarinusNr1 folded before Flop (didn't bet)
Seat 8: maciejjopek12 folded before Flop (didn't bet)
Seat 9: Dorex2007 folded before Flop (didn't bet)



