PokerStars Hand #223700192856:  Hold'em No Limit ($0.01/$0.02 USD) - 2021/02/11 14:44:10 PT [2021/02/11 17:44:10 ET]
Table 'Phobos IV' 9-max Seat #6 is the button
Seat 1: BGSBNNY97 ($2.36 in chips) 
Seat 3: pdiddly22 ($2.49 in chips) 
Seat 5: maciejjopek12 ($1.92 in chips) 
Seat 6: Maho211 ($1.86 in chips) 
Seat 7: Egor_trader ($1.76 in chips) 
Seat 8: Dorex2007 ($1.50 in chips) 
Seat 9: joelong ($1.55 in chips) 
Egor_trader: posts small blind $0.01
Dorex2007: posts big blind $0.02
*** HOLE CARDS ***
Dealt to Dorex2007 [As Ac]
joelong: folds 
BGSBNNY97: folds 
pdiddly22: folds 
maciejjopek12: folds 
Maho211: raises $0.04 to $0.06
Egor_trader: folds 
Dorex2007: raises $0.06 to $0.12
Maho211: raises $0.25 to $0.37
Dorex2007: raises $0.75 to $1.12
Maho211: calls $0.75
*** FLOP *** [Js Jc Kd]
Dorex2007: bets $0.38 and is all-in
Maho211: calls $0.38
*** TURN *** [Js Jc Kd] [7s]
*** RIVER *** [Js Jc Kd 7s] [Ah]
*** SHOW DOWN ***
Dorex2007: shows [As Ac] (a full house, Aces full of Jacks)
Maho211: shows [2c Kc] (two pair, Kings and Jacks)
Dorex2007 collected $2.90 from pot
*** SUMMARY ***
Total pot $3.01 | Rake $0.11 
Board [Js Jc Kd 7s Ah]
Seat 1: BGSBNNY97 folded before Flop (didn't bet)
Seat 3: pdiddly22 folded before Flop (didn't bet)
Seat 5: maciejjopek12 folded before Flop (didn't bet)
Seat 6: Maho211 (button) showed [2c Kc] and lost with two pair, Kings and Jacks
Seat 7: Egor_trader (small blind) folded before Flop
Seat 8: Dorex2007 (big blind) showed [As Ac] and won ($2.90) with a full house, Aces full of Jacks
Seat 9: joelong folded before Flop (didn't bet)



PokerStars Hand #223700237384:  Hold'em No Limit ($0.01/$0.02 USD) - 2021/02/11 14:45:17 PT [2021/02/11 17:45:17 ET]
Table 'Phobos IV' 9-max Seat #7 is the button
Seat 1: BGSBNNY97 ($2.36 in chips) 
Seat 3: pdiddly22 ($2.49 in chips) 
Seat 5: maciejjopek12 ($1.92 in chips) 
Seat 6: Maho211 ($0.36 in chips) 
Seat 7: Egor_trader ($1.75 in chips) 
Seat 8: Dorex2007 ($2.90 in chips) 
Seat 9: joelong ($1.55 in chips) 
Dorex2007: posts small blind $0.01
joelong: posts big blind $0.02
*** HOLE CARDS ***
Dealt to Dorex2007 [4c 8c]
BGSBNNY97: folds 
pdiddly22: folds 
maciejjopek12: folds 
Maho211: raises $0.34 to $0.36 and is all-in
Egor_trader: folds 
Dorex2007: folds 
joelong: folds 
Uncalled bet ($0.34) returned to Maho211
Maho211 collected $0.05 from pot
*** SUMMARY ***
Total pot $0.05 | Rake $0 
Seat 1: BGSBNNY97 folded before Flop (didn't bet)
Seat 3: pdiddly22 folded before Flop (didn't bet)
Seat 5: maciejjopek12 folded before Flop (didn't bet)
Seat 6: Maho211 collected ($0.05)
Seat 7: Egor_trader (button) folded before Flop (didn't bet)
Seat 8: Dorex2007 (small blind) folded before Flop
Seat 9: joelong (big blind) folded before Flop



PokerStars Hand #223700251667:  Hold'em No Limit ($0.01/$0.02 USD) - 2021/02/11 14:45:39 PT [2021/02/11 17:45:39 ET]
Table 'Phobos IV' 9-max Seat #8 is the button
Seat 1: BGSBNNY97 ($2.36 in chips) 
Seat 3: pdiddly22 ($2.49 in chips) 
Seat 5: maciejjopek12 ($1.92 in chips) 
Seat 6: Maho211 ($0.39 in chips) 
Seat 7: Egor_trader ($1.75 in chips) 
Seat 8: Dorex2007 ($2.89 in chips) 
Seat 9: joelong ($1.53 in chips) 
joelong: posts small blind $0.01
BGSBNNY97: posts big blind $0.02
*** HOLE CARDS ***
Dealt to Dorex2007 [5h Kc]
pdiddly22: folds 
maciejjopek12: raises $0.04 to $0.06
Maho211: folds 
Egor_trader: folds 
Dorex2007: folds 
scarpocker joins the table at seat #4 
joelong: folds 
BGSBNNY97: calls $0.04
*** FLOP *** [8s 4d 3d]
BGSBNNY97: bets $0.05
scarpocker is disconnected 
maciejjopek12: calls $0.05
*** TURN *** [8s 4d 3d] [2c]
BGSBNNY97: bets $0.15
maciejjopek12: folds 
Uncalled bet ($0.15) returned to BGSBNNY97
BGSBNNY97 collected $0.22 from pot
BGSBNNY97: doesn't show hand 
*** SUMMARY ***
Total pot $0.23 | Rake $0.01 
Board [8s 4d 3d 2c]
Seat 1: BGSBNNY97 (big blind) collected ($0.22)
Seat 3: pdiddly22 folded before Flop (didn't bet)
Seat 5: maciejjopek12 folded on the Turn
Seat 6: Maho211 folded before Flop (didn't bet)
Seat 7: Egor_trader folded before Flop (didn't bet)
Seat 8: Dorex2007 (button) folded before Flop (didn't bet)
Seat 9: joelong (small blind) folded before Flop



PokerStars Hand #223700274029:  Hold'em No Limit ($0.01/$0.02 USD) - 2021/02/11 14:46:12 PT [2021/02/11 17:46:12 ET]
Table 'Phobos IV' 9-max Seat #9 is the button
Seat 1: BGSBNNY97 ($2.47 in chips) 
Seat 5: maciejjopek12 ($1.81 in chips) 
Seat 6: Maho211 ($0.39 in chips) 
Seat 7: Egor_trader ($1.75 in chips) 
Seat 8: Dorex2007 ($2.89 in chips) 
Seat 9: joelong ($1.52 in chips) 
BGSBNNY97: posts small blind $0.01
pdiddly22: is sitting out 
scarpocker has timed out while disconnected
scarpocker: is sitting out 
maciejjopek12: posts big blind $0.02
*** HOLE CARDS ***
Dealt to Dorex2007 [Jc Qs]
Maho211: folds 
Egor_trader: folds 
Dorex2007: calls $0.02
pdiddly22 leaves the table
33neverloses joins the table at seat #3 
joelong: folds 
BGSBNNY97: folds 
maciejjopek12: checks 
*** FLOP *** [Ac 2s Qh]
maciejjopek12: checks 
Dorex2007: bets $0.05
maciejjopek12: calls $0.05
*** TURN *** [Ac 2s Qh] [7h]
maciejjopek12: checks 
Dorex2007: checks 
*** RIVER *** [Ac 2s Qh 7h] [Ah]
maciejjopek12: checks 
scarpocker is disconnected 
Dorex2007: checks 
*** SHOW DOWN ***
maciejjopek12: shows [5h 5c] (two pair, Aces and Fives)
Dorex2007: shows [Jc Qs] (two pair, Aces and Queens)
Dorex2007 collected $0.14 from pot
*** SUMMARY ***
Total pot $0.15 | Rake $0.01 
Board [Ac 2s Qh 7h Ah]
Seat 1: BGSBNNY97 (small blind) folded before Flop
Seat 5: maciejjopek12 (big blind) showed [5h 5c] and lost with two pair, Aces and Fives
Seat 6: Maho211 folded before Flop (didn't bet)
Seat 7: Egor_trader folded before Flop (didn't bet)
Seat 8: Dorex2007 showed [Jc Qs] and won ($0.14) with two pair, Aces and Queens
Seat 9: joelong (button) folded before Flop (didn't bet)



PokerStars Hand #223700312713:  Hold'em No Limit ($0.01/$0.02 USD) - 2021/02/11 14:47:10 PT [2021/02/11 17:47:10 ET]
Table 'Phobos IV' 9-max Seat #1 is the button
Seat 1: BGSBNNY97 ($2.46 in chips) 
Seat 5: maciejjopek12 ($1.74 in chips) 
Seat 6: Maho211 ($0.39 in chips) 
Seat 7: Egor_trader ($1.75 in chips) 
Seat 8: Dorex2007 ($2.96 in chips) 
Seat 9: joelong ($1.52 in chips) 
maciejjopek12: posts small blind $0.01
Maho211: posts big blind $0.02
*** HOLE CARDS ***
Dealt to Dorex2007 [Jd Ad]
Egor_trader: folds 
Dorex2007: calls $0.02
joelong: calls $0.02
BGSBNNY97: folds 
maciejjopek12: folds 
Maho211: raises $0.37 to $0.39 and is all-in
Dorex2007: folds 
joelong: folds 
Uncalled bet ($0.37) returned to Maho211
Maho211 collected $0.07 from pot
*** SUMMARY ***
Total pot $0.07 | Rake $0 
Seat 1: BGSBNNY97 (button) folded before Flop (didn't bet)
Seat 5: maciejjopek12 (small blind) folded before Flop
Seat 6: Maho211 (big blind) collected ($0.07)
Seat 7: Egor_trader folded before Flop (didn't bet)
Seat 8: Dorex2007 folded before Flop
Seat 9: joelong folded before Flop



PokerStars Hand #223700328127:  Hold'em No Limit ($0.01/$0.02 USD) - 2021/02/11 14:47:34 PT [2021/02/11 17:47:34 ET]
Table 'Phobos IV' 9-max Seat #5 is the button
Seat 1: BGSBNNY97 ($2.46 in chips) 
Seat 5: maciejjopek12 ($1.73 in chips) 
Seat 6: Maho211 ($0.44 in chips) 
Seat 7: Egor_trader ($1.75 in chips) 
Seat 8: Dorex2007 ($2.94 in chips) 
Seat 9: joelong ($1.50 in chips) 
Maho211: posts small blind $0.01
Egor_trader: posts big blind $0.02
33neverloses: sits out 
scarpocker has timed out while disconnected
scarpocker: is sitting out 
*** HOLE CARDS ***
Dealt to Dorex2007 [Jd 6c]
Dorex2007: folds 
joelong: folds 
BGSBNNY97: folds 
maciejjopek12: folds 
Maho211: raises $0.04 to $0.06
Egor_trader: calls $0.04
*** FLOP *** [6s As Th]
Maho211: bets $0.10
Egor_trader: calls $0.10
*** TURN *** [6s As Th] [4s]
scarpocker is disconnected 
Maho211: bets $0.28 and is all-in
Egor_trader: calls $0.28
*** RIVER *** [6s As Th 4s] [Jh]
*** SHOW DOWN ***
Maho211: shows [Kh 9h] (high card Ace)
Egor_trader: shows [Ks 3s] (a flush, Ace high)
Egor_trader collected $0.85 from pot
*** SUMMARY ***
Total pot $0.88 | Rake $0.03 
Board [6s As Th 4s Jh]
Seat 1: BGSBNNY97 folded before Flop (didn't bet)
Seat 5: maciejjopek12 (button) folded before Flop (didn't bet)
Seat 6: Maho211 (small blind) showed [Kh 9h] and lost with high card Ace
Seat 7: Egor_trader (big blind) showed [Ks 3s] and won ($0.85) with a flush, Ace high
Seat 8: Dorex2007 folded before Flop (didn't bet)
Seat 9: joelong folded before Flop (didn't bet)



PokerStars Hand #223700356691:  Hold'em No Limit ($0.01/$0.02 USD) - 2021/02/11 14:48:17 PT [2021/02/11 17:48:17 ET]
Table 'Phobos IV' 9-max Seat #7 is the button
Seat 1: BGSBNNY97 ($2.46 in chips) 
Seat 3: 33neverloses ($2 in chips) 
Seat 5: maciejjopek12 ($1.73 in chips) 
Seat 7: Egor_trader ($2.16 in chips) 
Seat 8: Dorex2007 ($2.94 in chips) 
Seat 9: joelong ($1.50 in chips) 
Dorex2007: posts small blind $0.01
joelong: posts big blind $0.02
33neverloses: posts big blind $0.02
Maho211 leaves the table
scarpocker has timed out while disconnected
scarpocker: is sitting out 
*** HOLE CARDS ***
Dealt to Dorex2007 [Qc 7c]
BGSBNNY97: folds 
33neverloses: raises $0.05 to $0.07
maciejjopek12: folds 
Egor_trader: calls $0.07
Dorex2007: folds 
joelong: calls $0.05
*** FLOP *** [2c 4s Kh]
Pagodeiro666 joins the table at seat #6 
joelong: checks 
33neverloses: bets $0.10
Egor_trader: calls $0.10
joelong: folds 
*** TURN *** [2c 4s Kh] [2s]
33neverloses: bets $0.41
Egor_trader: folds 
Uncalled bet ($0.41) returned to 33neverloses
33neverloses collected $0.41 from pot
33neverloses: doesn't show hand 
*** SUMMARY ***
Total pot $0.42 | Rake $0.01 
Board [2c 4s Kh 2s]
Seat 1: BGSBNNY97 folded before Flop (didn't bet)
Seat 3: 33neverloses collected ($0.41)
Seat 5: maciejjopek12 folded before Flop (didn't bet)
Seat 7: Egor_trader (button) folded on the Turn
Seat 8: Dorex2007 (small blind) folded before Flop
Seat 9: joelong (big blind) folded on the Flop



PokerStars Hand #223700392180:  Hold'em No Limit ($0.01/$0.02 USD) - 2021/02/11 14:49:12 PT [2021/02/11 17:49:12 ET]
Table 'Phobos IV' 9-max Seat #8 is the button
Seat 3: 33neverloses ($2.24 in chips) 
Seat 5: maciejjopek12 ($1.73 in chips) 
Seat 7: Egor_trader ($1.99 in chips) 
Seat 8: Dorex2007 ($2.93 in chips) 
Seat 9: joelong ($1.43 in chips) 
joelong: posts small blind $0.01
BGSBNNY97: is sitting out 
33neverloses: posts big blind $0.02
Pagodeiro666: sits out 
*** HOLE CARDS ***
Dealt to Dorex2007 [Js Ah]
maciejjopek12: folds 
Egor_trader: folds 
BGSBNNY97 leaves the table
Dorex2007: calls $0.02
joelong: calls $0.01
33neverloses: raises $0.06 to $0.08
Dorex2007: folds 
joelong: calls $0.06
*** FLOP *** [3s Jd 7h]
joelong: checks 
33neverloses: bets $0.17
nagaElf joins the table at seat #1 
joelong: folds 
Uncalled bet ($0.17) returned to 33neverloses
33neverloses collected $0.17 from pot
33neverloses: doesn't show hand 
*** SUMMARY ***
Total pot $0.18 | Rake $0.01 
Board [3s Jd 7h]
Seat 3: 33neverloses (big blind) collected ($0.17)
Seat 5: maciejjopek12 folded before Flop (didn't bet)
Seat 7: Egor_trader folded before Flop (didn't bet)
Seat 8: Dorex2007 (button) folded before Flop
Seat 9: joelong (small blind) folded on the Flop



PokerStars Hand #223700430157:  Hold'em No Limit ($0.01/$0.02 USD) - 2021/02/11 14:50:10 PT [2021/02/11 17:50:10 ET]
Table 'Phobos IV' 9-max Seat #9 is the button
Seat 3: 33neverloses ($2.33 in chips) 
Seat 5: maciejjopek12 ($1.73 in chips) 
Seat 6: Pagodeiro666 ($1.60 in chips) 
Seat 7: Egor_trader ($1.99 in chips) 
Seat 8: Dorex2007 ($2.91 in chips) 
Seat 9: joelong ($1.35 in chips) 
33neverloses: posts small blind $0.01
maciejjopek12: posts big blind $0.02
Pagodeiro666: posts big blind $0.02
*** HOLE CARDS ***
Dealt to Dorex2007 [4d Ah]
Pagodeiro666: raises $0.02 to $0.04
Egor_trader: folds 
Dorex2007: folds 
joelong: folds 
33neverloses: raises $2.29 to $2.33 and is all-in
maciejjopek12: folds 
Pagodeiro666: folds 
Uncalled bet ($2.29) returned to 33neverloses
33neverloses collected $0.10 from pot
33neverloses: doesn't show hand 
*** SUMMARY ***
Total pot $0.10 | Rake $0 
Seat 3: 33neverloses (small blind) collected ($0.10)
Seat 5: maciejjopek12 (big blind) folded before Flop
Seat 6: Pagodeiro666 folded before Flop
Seat 7: Egor_trader folded before Flop (didn't bet)
Seat 8: Dorex2007 folded before Flop (didn't bet)
Seat 9: joelong (button) folded before Flop (didn't bet)



PokerStars Hand #223700449788:  Hold'em No Limit ($0.01/$0.02 USD) - 2021/02/11 14:50:40 PT [2021/02/11 17:50:40 ET]
Table 'Phobos IV' 9-max Seat #3 is the button
Seat 3: 33neverloses ($2.39 in chips) 
Seat 5: maciejjopek12 ($1.71 in chips) 
Seat 6: Pagodeiro666 ($1.56 in chips) 
Seat 7: Egor_trader ($1.99 in chips) 
Seat 8: Dorex2007 ($2.91 in chips) 
Seat 9: joelong ($1.35 in chips) 
maciejjopek12: posts small blind $0.01
Pagodeiro666: posts big blind $0.02
nagaElf: sits out 
*** HOLE CARDS ***
Dealt to Dorex2007 [7d 4d]
Egor_trader: folds 
Dorex2007: folds 
nagaElf leaves the table
joelong: folds 
33neverloses: raises $0.02 to $0.04
maciejjopek12: folds 
Pagodeiro666: folds 
Uncalled bet ($0.02) returned to 33neverloses
33neverloses collected $0.05 from pot
33neverloses: doesn't show hand 
*** SUMMARY ***
Total pot $0.05 | Rake $0 
Seat 3: 33neverloses (button) collected ($0.05)
Seat 5: maciejjopek12 (small blind) folded before Flop
Seat 6: Pagodeiro666 (big blind) folded before Flop
Seat 7: Egor_trader folded before Flop (didn't bet)
Seat 8: Dorex2007 folded before Flop (didn't bet)
Seat 9: joelong folded before Flop (didn't bet)



PokerStars Hand #223700459011:  Hold'em No Limit ($0.01/$0.02 USD) - 2021/02/11 14:50:54 PT [2021/02/11 17:50:54 ET]
Table 'Phobos IV' 9-max Seat #5 is the button
Seat 3: 33neverloses ($2.42 in chips) 
Seat 5: maciejjopek12 ($1.70 in chips) 
Seat 6: Pagodeiro666 ($1.54 in chips) 
Seat 7: Egor_trader ($1.99 in chips) 
Seat 8: Dorex2007 ($2.91 in chips) 
Seat 9: joelong ($1.35 in chips) 
Pagodeiro666: posts small blind $0.01
Egor_trader: posts big blind $0.02
*** HOLE CARDS ***
Dealt to Dorex2007 [2d 6c]
Dorex2007: folds 
joelong: folds 
33neverloses: folds 
maciejjopek12: folds 
Pagodeiro666: folds 
Uncalled bet ($0.01) returned to Egor_trader
Egor_trader collected $0.02 from pot
Egor_trader: doesn't show hand 
iconsss1 joins the table at seat #1 
*** SUMMARY ***
Total pot $0.02 | Rake $0 
Seat 3: 33neverloses folded before Flop (didn't bet)
Seat 5: maciejjopek12 (button) folded before Flop (didn't bet)
Seat 6: Pagodeiro666 (small blind) folded before Flop
Seat 7: Egor_trader (big blind) collected ($0.02)
Seat 8: Dorex2007 folded before Flop (didn't bet)
Seat 9: joelong folded before Flop (didn't bet)



PokerStars Hand #223700471825:  Hold'em No Limit ($0.01/$0.02 USD) - 2021/02/11 14:51:14 PT [2021/02/11 17:51:14 ET]
Table 'Phobos IV' 9-max Seat #6 is the button
Seat 3: 33neverloses ($2.42 in chips) 
Seat 5: maciejjopek12 ($1.70 in chips) 
Seat 6: Pagodeiro666 ($1.53 in chips) 
Seat 7: Egor_trader ($2 in chips) 
Seat 8: Dorex2007 ($2.91 in chips) 
Seat 9: joelong ($1.35 in chips) 
Egor_trader: posts small blind $0.01
Dorex2007: posts big blind $0.02
iconsss1: sits out 
*** HOLE CARDS ***
Dealt to Dorex2007 [Js 6h]
joelong: folds 
33neverloses: raises $0.02 to $0.04
maciejjopek12: folds 
Pagodeiro666: calls $0.04
Egor_trader: folds 
Dorex2007: folds 
*** FLOP *** [6d 8s 2h]
33neverloses: checks 
Pagodeiro666: checks 
*** TURN *** [6d 8s 2h] [Qd]
33neverloses: checks 
Pagodeiro666: checks 
*** RIVER *** [6d 8s 2h Qd] [As]
33neverloses: checks 
Pagodeiro666: checks 
*** SHOW DOWN ***
33neverloses: shows [Jd 4d] (high card Ace)
Pagodeiro666: mucks hand 
33neverloses collected $0.11 from pot
*** SUMMARY ***
Total pot $0.11 | Rake $0 
Board [6d 8s 2h Qd As]
Seat 3: 33neverloses showed [Jd 4d] and won ($0.11) with high card Ace
Seat 5: maciejjopek12 folded before Flop (didn't bet)
Seat 6: Pagodeiro666 (button) mucked [9h Ts]
Seat 7: Egor_trader (small blind) folded before Flop
Seat 8: Dorex2007 (big blind) folded before Flop
Seat 9: joelong folded before Flop (didn't bet)



PokerStars Hand #223700499910:  Hold'em No Limit ($0.01/$0.02 USD) - 2021/02/11 14:51:58 PT [2021/02/11 17:51:58 ET]
Table 'Phobos IV' 9-max Seat #7 is the button
Seat 3: 33neverloses ($2.49 in chips) 
Seat 5: maciejjopek12 ($1.70 in chips) 
Seat 6: Pagodeiro666 ($1.49 in chips) 
Seat 7: Egor_trader ($1.99 in chips) 
Seat 8: Dorex2007 ($2.89 in chips) 
Seat 9: joelong ($1.35 in chips) 
Dorex2007: posts small blind $0.01
joelong: posts big blind $0.02
iconsss1: sits out 
*** HOLE CARDS ***
Dealt to Dorex2007 [9s Kh]
33neverloses: folds 
maciejjopek12: folds 
Pagodeiro666: folds 
Egor_trader: folds 
Dorex2007: folds 
Uncalled bet ($0.01) returned to joelong
joelong collected $0.02 from pot
joelong: doesn't show hand 
*** SUMMARY ***
Total pot $0.02 | Rake $0 
Seat 3: 33neverloses folded before Flop (didn't bet)
Seat 5: maciejjopek12 folded before Flop (didn't bet)
Seat 6: Pagodeiro666 folded before Flop (didn't bet)
Seat 7: Egor_trader (button) folded before Flop (didn't bet)
Seat 8: Dorex2007 (small blind) folded before Flop
Seat 9: joelong (big blind) collected ($0.02)



PokerStars Hand #223700506885:  Hold'em No Limit ($0.01/$0.02 USD) - 2021/02/11 14:52:09 PT [2021/02/11 17:52:09 ET]
Table 'Phobos IV' 9-max Seat #8 is the button
Seat 1: iconsss1 ($1.15 in chips) 
Seat 3: 33neverloses ($2.49 in chips) 
Seat 5: maciejjopek12 ($1.70 in chips) 
Seat 6: Pagodeiro666 ($1.49 in chips) 
Seat 7: Egor_trader ($1.99 in chips) 
Seat 8: Dorex2007 ($2.88 in chips) 
Seat 9: joelong ($1.36 in chips) 
joelong: posts small blind $0.01
iconsss1: posts big blind $0.02
*** HOLE CARDS ***
Dealt to Dorex2007 [3s 6h]
33neverloses: raises $0.02 to $0.04
maciejjopek12: folds 
Pagodeiro666: calls $0.04
Egor_trader: calls $0.04
Dorex2007: folds 
joelong: folds 
iconsss1: calls $0.02
*** FLOP *** [Tc As 9h]
iconsss1: checks 
33neverloses: checks 
Pagodeiro666: bets $0.02
Egor_trader: raises $0.10 to $0.12
iconsss1: calls $0.12
33neverloses: folds 
Pagodeiro666: folds 
*** TURN *** [Tc As 9h] [8h]
iconsss1: bets $0.02
Egor_trader: raises $0.23 to $0.25
iconsss1: calls $0.23
*** RIVER *** [Tc As 9h 8h] [7h]
iconsss1: checks 
Egor_trader: checks 
*** SHOW DOWN ***
iconsss1: shows [Ah 3c] (a pair of Aces)
Egor_trader: shows [Td Th] (three of a kind, Tens)
Egor_trader collected $0.90 from pot
*** SUMMARY ***
Total pot $0.93 | Rake $0.03 
Board [Tc As 9h 8h 7h]
Seat 1: iconsss1 (big blind) showed [Ah 3c] and lost with a pair of Aces
Seat 3: 33neverloses folded on the Flop
Seat 5: maciejjopek12 folded before Flop (didn't bet)
Seat 6: Pagodeiro666 folded on the Flop
Seat 7: Egor_trader showed [Td Th] and won ($0.90) with three of a kind, Tens
Seat 8: Dorex2007 (button) folded before Flop (didn't bet)
Seat 9: joelong (small blind) folded before Flop



PokerStars Hand #223700546738:  Hold'em No Limit ($0.01/$0.02 USD) - 2021/02/11 14:53:11 PT [2021/02/11 17:53:11 ET]
Table 'Phobos IV' 9-max Seat #9 is the button
Seat 1: iconsss1 ($0.74 in chips) 
Seat 3: 33neverloses ($2.45 in chips) 
Seat 5: maciejjopek12 ($1.70 in chips) 
Seat 6: Pagodeiro666 ($1.43 in chips) 
Seat 7: Egor_trader ($2.48 in chips) 
Seat 8: Dorex2007 ($2.88 in chips) 
Seat 9: joelong ($1.35 in chips) 
iconsss1: posts small blind $0.01
33neverloses: posts big blind $0.02
*** HOLE CARDS ***
Dealt to Dorex2007 [6h 5s]
maciejjopek12: folds 
Pagodeiro666 has timed out
Pagodeiro666: folds 
Egor_trader: folds 
Dorex2007: folds 
joelong: calls $0.02
iconsss1: calls $0.01
33neverloses: raises $0.06 to $0.08
joelong: calls $0.06
iconsss1: calls $0.06
*** FLOP *** [Ac Jh 3c]
iconsss1: checks 
33neverloses: bets $0.11
joelong: calls $0.11
iconsss1: folds 
*** TURN *** [Ac Jh 3c] [9s]
33neverloses: checks 
joelong: bets $0.44
33neverloses: folds 
Uncalled bet ($0.44) returned to joelong
joelong collected $0.44 from pot
joelong: doesn't show hand 
*** SUMMARY ***
Total pot $0.46 | Rake $0.02 
Board [Ac Jh 3c 9s]
Seat 1: iconsss1 (small blind) folded on the Flop
Seat 3: 33neverloses (big blind) folded on the Turn
Seat 5: maciejjopek12 folded before Flop (didn't bet)
Seat 6: Pagodeiro666 folded before Flop (didn't bet)
Seat 7: Egor_trader folded before Flop (didn't bet)
Seat 8: Dorex2007 folded before Flop (didn't bet)
Seat 9: joelong (button) collected ($0.44)



PokerStars Hand #223700601405:  Hold'em No Limit ($0.01/$0.02 USD) - 2021/02/11 14:54:24 PT [2021/02/11 17:54:24 ET]
Table 'Phobos IV' 9-max Seat #1 is the button
Seat 1: iconsss1 ($0.66 in chips) 
Seat 3: 33neverloses ($2.26 in chips) 
Seat 5: maciejjopek12 ($1.70 in chips) 
Seat 6: Pagodeiro666 ($1.43 in chips) 
Seat 7: Egor_trader ($2.48 in chips) 
Seat 8: Dorex2007 ($2.88 in chips) 
Seat 9: joelong ($1.60 in chips) 
33neverloses: posts small blind $0.01
maciejjopek12: posts big blind $0.02
*** HOLE CARDS ***
Dealt to Dorex2007 [Jh 4d]
Pagodeiro666: raises $0.04 to $0.06
Egor_trader: folds 
Dorex2007: folds 
joelong: folds 
iconsss1: calls $0.06
33neverloses: calls $0.05
maciejjopek12: folds 
*** FLOP *** [8d Kc As]
33neverloses: checks 
Pagodeiro666: bets $0.09
iconsss1: calls $0.09
33neverloses: folds 
*** TURN *** [8d Kc As] [3s]
Pagodeiro666: bets $0.18
iconsss1: raises $0.33 to $0.51 and is all-in
Pagodeiro666: calls $0.33
*** RIVER *** [8d Kc As 3s] [5d]
*** SHOW DOWN ***
Pagodeiro666: shows [Ac Kd] (two pair, Aces and Kings)
iconsss1: shows [2c 9c] (high card Ace)
Pagodeiro666 collected $1.35 from pot
*** SUMMARY ***
Total pot $1.40 | Rake $0.05 
Board [8d Kc As 3s 5d]
Seat 1: iconsss1 (button) showed [2c 9c] and lost with high card Ace
Seat 3: 33neverloses (small blind) folded on the Flop
Seat 5: maciejjopek12 (big blind) folded before Flop
Seat 6: Pagodeiro666 showed [Ac Kd] and won ($1.35) with two pair, Aces and Kings
Seat 7: Egor_trader folded before Flop (didn't bet)
Seat 8: Dorex2007 folded before Flop (didn't bet)
Seat 9: joelong folded before Flop (didn't bet)



PokerStars Hand #223700636491:  Hold'em No Limit ($0.01/$0.02 USD) - 2021/02/11 14:55:26 PT [2021/02/11 17:55:26 ET]
Table 'Phobos IV' 9-max Seat #3 is the button
Seat 3: 33neverloses ($2.20 in chips) 
Seat 5: maciejjopek12 ($1.68 in chips) 
Seat 6: Pagodeiro666 ($2.12 in chips) 
Seat 7: Egor_trader ($2.48 in chips) 
Seat 8: Dorex2007 ($2.88 in chips) 
Seat 9: joelong ($1.60 in chips) 
maciejjopek12: posts small blind $0.01
Pagodeiro666: posts big blind $0.02
Apostol108: sits out 
*** HOLE CARDS ***
Dealt to Dorex2007 [Th Jh]
Egor_trader: folds 
Dorex2007: calls $0.02
joelong has timed out
joelong: folds 
33neverloses: calls $0.02
maciejjopek12: calls $0.01
Pagodeiro666: checks 
*** FLOP *** [Qs 7d 9c]
maciejjopek12: bets $0.02
Pagodeiro666: raises $0.02 to $0.04
Dorex2007: calls $0.04
33neverloses: folds 
maciejjopek12: calls $0.02
*** TURN *** [Qs 7d 9c] [Kd]
maciejjopek12: bets $0.02
Pagodeiro666: raises $0.12 to $0.14
Dorex2007: raises $0.12 to $0.26
maciejjopek12: folds 
Pagodeiro666: calls $0.12
*** RIVER *** [Qs 7d 9c Kd] [3s]
Pagodeiro666: bets $0.35
Dorex2007: raises $1.41 to $1.76
Pagodeiro666: calls $1.41
*** SHOW DOWN ***
Dorex2007: shows [Th Jh] (a straight, Nine to King)
Pagodeiro666: mucks hand 
Dorex2007 collected $4.11 from pot
*** SUMMARY ***
Total pot $4.26 | Rake $0.15 
Board [Qs 7d 9c Kd 3s]
Seat 3: 33neverloses (button) folded on the Flop
Seat 5: maciejjopek12 (small blind) folded on the Turn
Seat 6: Pagodeiro666 (big blind) mucked [7h 7c]
Seat 7: Egor_trader folded before Flop (didn't bet)
Seat 8: Dorex2007 showed [Th Jh] and won ($4.11) with a straight, Nine to King
Seat 9: joelong folded before Flop (didn't bet)



PokerStars Hand #223700683796:  Hold'em No Limit ($0.01/$0.02 USD) - 2021/02/11 14:57:10 PT [2021/02/11 17:57:10 ET]
Table 'Phobos IV' 9-max Seat #5 is the button
Seat 1: iconsss1 ($1.50 in chips) 
Seat 3: 33neverloses ($2.18 in chips) 
Seat 5: maciejjopek12 ($1.60 in chips) 
Seat 6: Pagodeiro666 ($0.04 in chips) 
Seat 7: Egor_trader ($2.48 in chips) 
Seat 8: Dorex2007 ($4.91 in chips) 
Seat 9: joelong ($1.60 in chips) 
Pagodeiro666: posts small blind $0.01
Egor_trader: posts big blind $0.02
*** HOLE CARDS ***
Dealt to Dorex2007 [6d 7s]
Dorex2007: folds 
joelong: folds 
iconsss1: calls $0.02
33neverloses: raises $0.10 to $0.12
maciejjopek12: folds 
Pagodeiro666: folds 
Egor_trader: folds 
iconsss1: folds 
Uncalled bet ($0.10) returned to 33neverloses
33neverloses collected $0.07 from pot
33neverloses: doesn't show hand 
*** SUMMARY ***
Total pot $0.07 | Rake $0 
Seat 1: iconsss1 folded before Flop
Seat 3: 33neverloses collected ($0.07)
Seat 5: maciejjopek12 (button) folded before Flop (didn't bet)
Seat 6: Pagodeiro666 (small blind) folded before Flop
Seat 7: Egor_trader (big blind) folded before Flop
Seat 8: Dorex2007 folded before Flop (didn't bet)
Seat 9: joelong folded before Flop (didn't bet)



PokerStars Hand #223700695009:  Hold'em No Limit ($0.01/$0.02 USD) - 2021/02/11 14:57:34 PT [2021/02/11 17:57:34 ET]
Table 'Phobos IV' 9-max Seat #6 is the button
Seat 1: iconsss1 ($1.48 in chips) 
Seat 3: 33neverloses ($2.23 in chips) 
Seat 5: maciejjopek12 ($1.60 in chips) 
Seat 6: Pagodeiro666 ($0.03 in chips) 
Seat 7: Egor_trader ($2.46 in chips) 
Seat 8: Dorex2007 ($4.91 in chips) 
Seat 9: joelong ($1.60 in chips) 
Egor_trader: posts small blind $0.01
Dorex2007: posts big blind $0.02
*** HOLE CARDS ***
Dealt to Dorex2007 [7d 6s]
joelong: calls $0.02
iconsss1: calls $0.02
33neverloses: folds 
maciejjopek12: folds 
Pagodeiro666: raises $0.01 to $0.03 and is all-in
Egor_trader: calls $0.02
Dorex2007: folds 
joelong: calls $0.01
iconsss1: calls $0.01
*** FLOP *** [Js 6h 9c]
Egor_trader: checks 
33neverloses leaves the table
joelong: checks 
iconsss1: checks 
*** TURN *** [Js 6h 9c] [6d]
Egor_trader: checks 
joelong: checks 
iconsss1: checks 
*** RIVER *** [Js 6h 9c 6d] [2h]
Egor_trader: checks 
scarpocker was removed from the table for failing to post
scarpocker leaves the table
joelong: checks 
iconsss1: checks 
*** SHOW DOWN ***
Egor_trader: shows [Ts 8h] (a pair of Sixes)
joelong: shows [4h Ac] (a pair of Sixes - Ace kicker)
iconsss1: shows [Td Ah] (a pair of Sixes - Ace+Jack+Ten kicker)
Pagodeiro666: shows [8c 8d] (two pair, Eights and Sixes)
Pagodeiro666 collected $0.14 from pot
*** SUMMARY ***
Total pot $0.14 | Rake $0 
Board [Js 6h 9c 6d 2h]
Seat 1: iconsss1 showed [Td Ah] and lost with a pair of Sixes
Seat 3: 33neverloses folded before Flop (didn't bet)
Seat 5: maciejjopek12 folded before Flop (didn't bet)
Seat 6: Pagodeiro666 (button) showed [8c 8d] and won ($0.14) with two pair, Eights and Sixes
Seat 7: Egor_trader (small blind) showed [Ts 8h] and lost with a pair of Sixes
Seat 8: Dorex2007 (big blind) folded before Flop
Seat 9: joelong showed [4h Ac] and lost with a pair of Sixes



PokerStars Hand #223700713307:  Hold'em No Limit ($0.01/$0.02 USD) - 2021/02/11 14:58:14 PT [2021/02/11 17:58:14 ET]
Table 'Phobos IV' 9-max Seat #7 is the button
Seat 1: iconsss1 ($1.45 in chips) 
Seat 5: maciejjopek12 ($1.60 in chips) 
Seat 6: Pagodeiro666 ($0.14 in chips) 
Seat 7: Egor_trader ($2.43 in chips) 
Seat 8: Dorex2007 ($4.89 in chips) 
Seat 9: joelong ($1.57 in chips) 
Dorex2007: posts small blind $0.01
joelong: posts big blind $0.02
*** HOLE CARDS ***
Dealt to Dorex2007 [3d 9d]
iconsss1: folds 
maciejjopek12: folds 
Pagodeiro666: folds 
Egor_trader: raises $0.04 to $0.06
Dorex2007: folds 
joelong: folds 
Uncalled bet ($0.04) returned to Egor_trader
Egor_trader collected $0.05 from pot
Egor_trader: doesn't show hand 
*** SUMMARY ***
Total pot $0.05 | Rake $0 
Seat 1: iconsss1 folded before Flop (didn't bet)
Seat 5: maciejjopek12 folded before Flop (didn't bet)
Seat 6: Pagodeiro666 folded before Flop (didn't bet)
Seat 7: Egor_trader (button) collected ($0.05)
Seat 8: Dorex2007 (small blind) folded before Flop
Seat 9: joelong (big blind) folded before Flop



PokerStars Hand #223700723360:  Hold'em No Limit ($0.01/$0.02 USD) - 2021/02/11 14:58:35 PT [2021/02/11 17:58:35 ET]
Table 'Phobos IV' 9-max Seat #8 is the button
Seat 1: iconsss1 ($1.45 in chips) 
Seat 5: maciejjopek12 ($1.60 in chips) 
Seat 6: Pagodeiro666 ($0.14 in chips) 
Seat 7: Egor_trader ($2.46 in chips) 
Seat 8: Dorex2007 ($4.88 in chips) 
Seat 9: joelong ($1.55 in chips) 
joelong: posts small blind $0.01
iconsss1: posts big blind $0.02
*** HOLE CARDS ***
Dealt to Dorex2007 [Jc 8c]
maciejjopek12: calls $0.02
Pagodeiro666: folds 
Egor_trader: folds 
Dorex2007: folds 
joelong: calls $0.01
iconsss1: checks 
*** FLOP *** [7c Jd 3d]
donderob3 joins the table at seat #3 
joelong: checks 
iconsss1: checks 
maciejjopek12: checks 
*** TURN *** [7c Jd 3d] [6d]
joelong: checks 
iconsss1: checks 
maciejjopek12: checks 
*** RIVER *** [7c Jd 3d 6d] [Qh]
joelong: bets $0.06
iconsss1: calls $0.06
maciejjopek12: folds 
*** SHOW DOWN ***
joelong: shows [As 2d] (high card Ace)
iconsss1: shows [Qc Ks] (a pair of Queens)
iconsss1 collected $0.17 from pot
*** SUMMARY ***
Total pot $0.18 | Rake $0.01 
Board [7c Jd 3d 6d Qh]
Seat 1: iconsss1 (big blind) showed [Qc Ks] and won ($0.17) with a pair of Queens
Seat 5: maciejjopek12 folded on the River
Seat 6: Pagodeiro666 folded before Flop (didn't bet)
Seat 7: Egor_trader folded before Flop (didn't bet)
Seat 8: Dorex2007 (button) folded before Flop (didn't bet)
Seat 9: joelong (small blind) showed [As 2d] and lost with high card Ace



PokerStars Hand #223700747029:  Hold'em No Limit ($0.01/$0.02 USD) - 2021/02/11 14:59:27 PT [2021/02/11 17:59:27 ET]
Table 'Phobos IV' 9-max Seat #9 is the button
Seat 1: iconsss1 ($1.54 in chips) 
Seat 3: donderob3 ($0.80 in chips) 
Seat 5: maciejjopek12 ($1.58 in chips) 
Seat 6: Pagodeiro666 ($0.14 in chips) 
Seat 7: Egor_trader ($2.46 in chips) 
Seat 8: Dorex2007 ($4.88 in chips) 
Seat 9: joelong ($1.47 in chips) 
iconsss1: posts small blind $0.01
donderob3: posts big blind $0.02
*** HOLE CARDS ***
Dealt to Dorex2007 [2d Ks]
maciejjopek12: folds 
Pagodeiro666: raises $0.12 to $0.14 and is all-in
Egor_trader: folds 
Dorex2007: folds 
joelong: folds 
iconsss1: calls $0.13
donderob3: folds 
*** FLOP *** [5d 8h Qh]
*** TURN *** [5d 8h Qh] [Ts]
*** RIVER *** [5d 8h Qh Ts] [2h]
*** SHOW DOWN ***
iconsss1: shows [Ah 4d] (high card Ace)
Pagodeiro666: shows [Kh Js] (high card King)
iconsss1 collected $0.29 from pot
Apostol108 was removed from the table for failing to post
Apostol108 leaves the table
*** SUMMARY ***
Total pot $0.30 | Rake $0.01 
Board [5d 8h Qh Ts 2h]
Seat 1: iconsss1 (small blind) showed [Ah 4d] and won ($0.29) with high card Ace
Seat 3: donderob3 (big blind) folded before Flop
Seat 5: maciejjopek12 folded before Flop (didn't bet)
Seat 6: Pagodeiro666 showed [Kh Js] and lost with high card King
Seat 7: Egor_trader folded before Flop (didn't bet)
Seat 8: Dorex2007 folded before Flop (didn't bet)
Seat 9: joelong (button) folded before Flop (didn't bet)



PokerStars Hand #223700758211:  Hold'em No Limit ($0.01/$0.02 USD) - 2021/02/11 14:59:51 PT [2021/02/11 17:59:51 ET]
Table 'Phobos IV' 9-max Seat #1 is the button
Seat 1: iconsss1 ($1.69 in chips) 
Seat 3: donderob3 ($0.78 in chips) 
Seat 5: maciejjopek12 ($1.58 in chips) 
Seat 7: Egor_trader ($2.46 in chips) 
Seat 8: Dorex2007 ($4.88 in chips) 
Seat 9: joelong ($1.47 in chips) 
donderob3: posts small blind $0.01
maciejjopek12: posts big blind $0.02
*** HOLE CARDS ***
Dealt to Dorex2007 [3c 3h]
Egor_trader has timed out
Egor_trader: folds 
Dorex2007: calls $0.02
joelong: calls $0.02
iconsss1: calls $0.02
donderob3: calls $0.01
maciejjopek12: checks 
*** FLOP *** [3d 5h 6d]
donderob3: checks 
maciejjopek12: bets $0.02
Dorex2007: raises $0.04 to $0.06
joelong: folds 
iconsss1: folds 
donderob3: calls $0.06
maciejjopek12: calls $0.04
*** TURN *** [3d 5h 6d] [Js]
donderob3: checks 
maciejjopek12: checks 
Dorex2007: bets $0.14
donderob3: calls $0.14
maciejjopek12: calls $0.14
*** RIVER *** [3d 5h 6d Js] [Ts]
donderob3: checks 
maciejjopek12: checks 
Dorex2007: checks 
*** SHOW DOWN ***
donderob3: shows [4s As] (high card Ace)
maciejjopek12: mucks hand 
Dorex2007: shows [3c 3h] (three of a kind, Threes)
Dorex2007 collected $0.68 from pot
*** SUMMARY ***
Total pot $0.70 | Rake $0.02 
Board [3d 5h 6d Js Ts]
Seat 1: iconsss1 (button) folded on the Flop
Seat 3: donderob3 (small blind) showed [4s As] and lost with high card Ace
Seat 5: maciejjopek12 (big blind) mucked [4d 8d]
Seat 7: Egor_trader folded before Flop (didn't bet)
Seat 8: Dorex2007 showed [3c 3h] and won ($0.68) with three of a kind, Threes
Seat 9: joelong folded on the Flop



PokerStars Hand #223700787128:  Hold'em No Limit ($0.01/$0.02 USD) - 2021/02/11 15:00:49 PT [2021/02/11 18:00:49 ET]
Table 'Phobos IV' 9-max Seat #3 is the button
Seat 1: iconsss1 ($1.67 in chips) 
Seat 3: donderob3 ($0.56 in chips) 
Seat 5: maciejjopek12 ($1.36 in chips) 
Seat 7: Egor_trader ($2.46 in chips) 
Seat 8: Dorex2007 ($5.34 in chips) 
Seat 9: joelong ($1.45 in chips) 
maciejjopek12: posts small blind $0.01
Egor_trader: posts big blind $0.02
*** HOLE CARDS ***
Dealt to Dorex2007 [5d 3c]
Dorex2007: folds 
joelong: folds 
iconsss1: calls $0.02
donderob3: folds 
maciejjopek12: calls $0.01
Egor_trader: checks 
*** FLOP *** [2d 5c Qd]
maciejjopek12: checks 
Egor_trader: checks 
iconsss1: checks 
*** TURN *** [2d 5c Qd] [4h]
maciejjopek12: checks 
Egor_trader: bets $0.02
iconsss1: calls $0.02
maciejjopek12: calls $0.02
*** RIVER *** [2d 5c Qd 4h] [Js]
maciejjopek12: checks 
Egor_trader: checks 
iconsss1: checks 
*** SHOW DOWN ***
maciejjopek12: shows [Kd Jd] (a pair of Jacks)
Egor_trader: mucks hand 
iconsss1: mucks hand 
maciejjopek12 collected $0.12 from pot
*** SUMMARY ***
Total pot $0.12 | Rake $0 
Board [2d 5c Qd 4h Js]
Seat 1: iconsss1 mucked [7c Ad]
Seat 3: donderob3 (button) folded before Flop (didn't bet)
Seat 5: maciejjopek12 (small blind) showed [Kd Jd] and won ($0.12) with a pair of Jacks
Seat 7: Egor_trader (big blind) mucked [6h 7h]
Seat 8: Dorex2007 folded before Flop (didn't bet)
Seat 9: joelong folded before Flop (didn't bet)



PokerStars Hand #223700807614:  Hold'em No Limit ($0.01/$0.02 USD) - 2021/02/11 15:01:27 PT [2021/02/11 18:01:27 ET]
Table 'Phobos IV' 9-max Seat #5 is the button
Seat 1: iconsss1 ($1.63 in chips) 
Seat 3: donderob3 ($0.56 in chips) 
Seat 5: maciejjopek12 ($1.44 in chips) 
Seat 7: Egor_trader ($2.42 in chips) 
Seat 8: Dorex2007 ($5.34 in chips) 
Seat 9: joelong ($1.45 in chips) 
Egor_trader: posts small blind $0.01
Dorex2007: posts big blind $0.02
*** HOLE CARDS ***
Dealt to Dorex2007 [4s 9s]
joelong: calls $0.02
iconsss1: calls $0.02
Pagodeiro666 leaves the table
donderob3: folds 
maciejjopek12: folds 
Egor_trader: calls $0.01
Dorex2007: checks 
*** FLOP *** [Ts Td 2h]
Egor_trader: checks 
Dorex2007: checks 
joelong: checks 
iconsss1: checks 
*** TURN *** [Ts Td 2h] [8c]
Egor_trader: checks 
Dorex2007: checks 
joelong: checks 
iconsss1: checks 
*** RIVER *** [Ts Td 2h 8c] [9c]
Egor_trader: checks 
Dorex2007: checks 
joelong: checks 
iconsss1: checks 
*** SHOW DOWN ***
Egor_trader: shows [3c Jc] (a pair of Tens)
Dorex2007: shows [4s 9s] (two pair, Tens and Nines)
joelong: mucks hand 
iconsss1: mucks hand 
Dorex2007 collected $0.08 from pot
*** SUMMARY ***
Total pot $0.08 | Rake $0 
Board [Ts Td 2h 8c 9c]
Seat 1: iconsss1 mucked [Kc 2s]
Seat 3: donderob3 folded before Flop (didn't bet)
Seat 5: maciejjopek12 (button) folded before Flop (didn't bet)
Seat 7: Egor_trader (small blind) showed [3c Jc] and lost with a pair of Tens
Seat 8: Dorex2007 (big blind) showed [4s 9s] and won ($0.08) with two pair, Tens and Nines
Seat 9: joelong mucked [Jh Kh]



PokerStars Hand #223700838552:  Hold'em No Limit ($0.01/$0.02 USD) - 2021/02/11 15:02:19 PT [2021/02/11 18:02:19 ET]
Table 'Phobos IV' 9-max Seat #7 is the button
Seat 1: iconsss1 ($1.61 in chips) 
Seat 3: donderob3 ($0.56 in chips) 
Seat 5: maciejjopek12 ($1.44 in chips) 
Seat 7: Egor_trader ($2.40 in chips) 
Seat 8: Dorex2007 ($5.40 in chips) 
Seat 9: joelong ($1.43 in chips) 
Dorex2007: posts small blind $0.01
joelong: posts big blind $0.02
*** HOLE CARDS ***
Dealt to Dorex2007 [5s 9h]
iconsss1: calls $0.02
donderob3: folds 
maciejjopek12: calls $0.02
Egor_trader: raises $0.04 to $0.06
Dorex2007: folds 
joelong: calls $0.04
iconsss1: calls $0.04
maciejjopek12: calls $0.04
*** FLOP *** [Qd 2s Ts]
joelong: checks 
iconsss1: checks 
maciejjopek12: checks 
Egor_trader: checks 
*** TURN *** [Qd 2s Ts] [4c]
joelong: bets $0.08
iconsss1: calls $0.08
maciejjopek12: calls $0.08
Egor_trader: calls $0.08
*** RIVER *** [Qd 2s Ts 4c] [Qs]
joelong: checks 
iconsss1: checks 
maciejjopek12: checks 
Egor_trader: checks 
*** SHOW DOWN ***
joelong: shows [4s Ad] (two pair, Queens and Fours)
iconsss1: shows [9c Tc] (two pair, Queens and Tens)
maciejjopek12: mucks hand 
Egor_trader: mucks hand 
iconsss1 collected $0.55 from pot
*** SUMMARY ***
Total pot $0.57 | Rake $0.02 
Board [Qd 2s Ts 4c Qs]
Seat 1: iconsss1 showed [9c Tc] and won ($0.55) with two pair, Queens and Tens
Seat 3: donderob3 folded before Flop (didn't bet)
Seat 5: maciejjopek12 mucked [6s 6c]
Seat 7: Egor_trader (button) mucked [7c 7s]
Seat 8: Dorex2007 (small blind) folded before Flop
Seat 9: joelong (big blind) showed [4s Ad] and lost with two pair, Queens and Fours



PokerStars Hand #223700873677:  Hold'em No Limit ($0.01/$0.02 USD) - 2021/02/11 15:03:17 PT [2021/02/11 18:03:17 ET]
Table 'Phobos IV' 9-max Seat #8 is the button
Seat 1: iconsss1 ($2.02 in chips) 
Seat 3: donderob3 ($0.56 in chips) 
Seat 5: maciejjopek12 ($1.30 in chips) 
Seat 7: Egor_trader ($2.26 in chips) 
Seat 8: Dorex2007 ($5.39 in chips) 
Seat 9: joelong ($1.29 in chips) 
joelong: posts small blind $0.01
iconsss1: posts big blind $0.02
*** HOLE CARDS ***
Dealt to Dorex2007 [6h 8s]
donderob3: raises $0.03 to $0.05
maciejjopek12: folds 
Egor_trader: calls $0.05
Dorex2007: folds 
budtony91-06 joins the table at seat #2 
joelong: folds 
iconsss1: calls $0.03
*** FLOP *** [3s 4c 5d]
iconsss1: checks 
donderob3: bets $0.10
Egor_trader: calls $0.10
iconsss1: folds 
*** TURN *** [3s 4c 5d] [Tc]
donderob3: bets $0.26
Egor_trader: folds 
Uncalled bet ($0.26) returned to donderob3
donderob3 collected $0.35 from pot
donderob3: doesn't show hand 
*** SUMMARY ***
Total pot $0.36 | Rake $0.01 
Board [3s 4c 5d Tc]
Seat 1: iconsss1 (big blind) folded on the Flop
Seat 3: donderob3 collected ($0.35)
Seat 5: maciejjopek12 folded before Flop (didn't bet)
Seat 7: Egor_trader folded on the Turn
Seat 8: Dorex2007 (button) folded before Flop (didn't bet)
Seat 9: joelong (small blind) folded before Flop



PokerStars Hand #223700887551:  Hold'em No Limit ($0.01/$0.02 USD) - 2021/02/11 15:03:41 PT [2021/02/11 18:03:41 ET]
Table 'Phobos IV' 9-max Seat #9 is the button
Seat 1: iconsss1 ($1.97 in chips) 
Seat 2: budtony91-06 ($0.80 in chips) 
Seat 3: donderob3 ($0.76 in chips) 
Seat 5: maciejjopek12 ($1.30 in chips) 
Seat 7: Egor_trader ($2.11 in chips) 
Seat 8: Dorex2007 ($5.39 in chips) 
Seat 9: joelong ($1.28 in chips) 
iconsss1: posts small blind $0.01
budtony91-06: posts big blind $0.02
*** HOLE CARDS ***
Dealt to Dorex2007 [5h Ad]
donderob3: folds 
maciejjopek12: folds 
Egor_trader: folds 
Dorex2007: folds 
joelong: folds 
iconsss1: calls $0.01
budtony91-06: checks 
*** FLOP *** [5s Ah 2h]
iconsss1: checks 
budtony91-06: checks 
*** TURN *** [5s Ah 2h] [8d]
iconsss1: checks 
budtony91-06: checks 
*** RIVER *** [5s Ah 2h 8d] [Jd]
iconsss1: checks 
budtony91-06: checks 
*** SHOW DOWN ***
iconsss1: shows [7d 7h] (a pair of Sevens)
budtony91-06: mucks hand 
iconsss1 collected $0.04 from pot
*** SUMMARY ***
Total pot $0.04 | Rake $0 
Board [5s Ah 2h 8d Jd]
Seat 1: iconsss1 (small blind) showed [7d 7h] and won ($0.04) with a pair of Sevens
Seat 2: budtony91-06 (big blind) mucked [5c 4c]
Seat 3: donderob3 folded before Flop (didn't bet)
Seat 5: maciejjopek12 folded before Flop (didn't bet)
Seat 7: Egor_trader folded before Flop (didn't bet)
Seat 8: Dorex2007 folded before Flop (didn't bet)
Seat 9: joelong (button) folded before Flop (didn't bet)



