PokerStars Hand #230410333750:  Hold'em No Limit ($0.01/$0.02 USD) - 2021/10/06 16:20:05 PT [2021/10/06 19:20:05 ET]
Table 'Apollonia III' 9-max Seat #2 is the button
Seat 1: R_costa275 ($1.62 in chips) 
Seat 2: alkilados ($2.92 in chips) 
Seat 3: wheels702 ($1.55 in chips) 
Seat 4: Dorex2007 ($2 in chips) 
Seat 5: Jones.OM ($2.65 in chips) 
Seat 6: Bella_Gonzales ($2.31 in chips) 
Seat 7: Lapmas ($2.35 in chips) 
Seat 8: umka186 ($2 in chips) 
Seat 9: iason4u ($5.68 in chips) 
wheels702: posts small blind $0.01
Dorex2007: posts big blind $0.02
*** HOLE CARDS ***
Dealt to Dorex2007 [Jd 2d]
Jones.OM: folds 
Bella_Gonzales: folds 
Lapmas: folds 
umka186: folds 
iason4u: folds 
R_costa275: folds 
alkilados: folds 
wheels702: folds 
Uncalled bet ($0.01) returned to Dorex2007
Dorex2007 collected $0.02 from pot
Dorex2007: doesn't show hand 
*** SUMMARY ***
Total pot $0.02 | Rake $0 
Seat 1: R_costa275 folded before Flop (didn't bet)
Seat 2: alkilados (button) folded before Flop (didn't bet)
Seat 3: wheels702 (small blind) folded before Flop
Seat 4: Dorex2007 (big blind) collected ($0.02)
Seat 5: Jones.OM folded before Flop (didn't bet)
Seat 6: Bella_Gonzales folded before Flop (didn't bet)
Seat 7: Lapmas folded before Flop (didn't bet)
Seat 8: umka186 folded before Flop (didn't bet)
Seat 9: iason4u folded before Flop (didn't bet)



PokerStars Hand #230410339428:  Hold'em No Limit ($0.01/$0.02 USD) - 2021/10/06 16:20:24 PT [2021/10/06 19:20:24 ET]
Table 'Apollonia III' 9-max Seat #3 is the button
Seat 1: R_costa275 ($1.62 in chips) 
Seat 2: alkilados ($2.92 in chips) 
Seat 3: wheels702 ($1.54 in chips) 
Seat 4: Dorex2007 ($2.01 in chips) 
Seat 5: Jones.OM ($2.65 in chips) 
Seat 6: Bella_Gonzales ($2.31 in chips) 
Seat 7: Lapmas ($2.35 in chips) 
Seat 8: umka186 ($2 in chips) 
Seat 9: iason4u ($5.68 in chips) 
Dorex2007: posts small blind $0.01
Jones.OM: posts big blind $0.02
*** HOLE CARDS ***
Dealt to Dorex2007 [Ks 5s]
Bella_Gonzales: calls $0.02
Lapmas: folds 
umka186: folds 
iason4u: folds 
R_costa275: folds 
alkilados: raises $0.06 to $0.08
wheels702: folds 
Dorex2007: folds 
Jones.OM: calls $0.06
Bella_Gonzales: folds 
*** FLOP *** [6s 3c Ah]
Jones.OM: checks 
alkilados: bets $0.10
Jones.OM: folds 
Uncalled bet ($0.10) returned to alkilados
alkilados collected $0.18 from pot
*** SUMMARY ***
Total pot $0.19 | Rake $0.01 
Board [6s 3c Ah]
Seat 1: R_costa275 folded before Flop (didn't bet)
Seat 2: alkilados collected ($0.18)
Seat 3: wheels702 (button) folded before Flop (didn't bet)
Seat 4: Dorex2007 (small blind) folded before Flop
Seat 5: Jones.OM (big blind) folded on the Flop
Seat 6: Bella_Gonzales folded before Flop
Seat 7: Lapmas folded before Flop (didn't bet)
Seat 8: umka186 folded before Flop (didn't bet)
Seat 9: iason4u folded before Flop (didn't bet)



PokerStars Hand #230410352504:  Hold'em No Limit ($0.01/$0.02 USD) - 2021/10/06 16:21:07 PT [2021/10/06 19:21:07 ET]
Table 'Apollonia III' 9-max Seat #4 is the button
Seat 1: R_costa275 ($1.62 in chips) 
Seat 2: alkilados ($3.02 in chips) 
Seat 3: wheels702 ($1.54 in chips) 
Seat 4: Dorex2007 ($2 in chips) 
Seat 5: Jones.OM ($2.57 in chips) 
Seat 6: Bella_Gonzales ($2.29 in chips) 
Seat 7: Lapmas ($2.35 in chips) 
Seat 8: umka186 ($2 in chips) 
Seat 9: iason4u ($5.68 in chips) 
Jones.OM: posts small blind $0.01
Bella_Gonzales: posts big blind $0.02
*** HOLE CARDS ***
Dealt to Dorex2007 [Ts 2s]
Lapmas: folds 
umka186: folds 
iason4u: folds 
R_costa275: calls $0.02
alkilados: raises $0.06 to $0.08
wheels702: folds 
Dorex2007: folds 
Jones.OM: folds 
Bella_Gonzales: calls $0.06
R_costa275: folds 
*** FLOP *** [Jd Kh Tc]
Bella_Gonzales: checks 
alkilados: bets $0.06
Bella_Gonzales: folds 
Uncalled bet ($0.06) returned to alkilados
alkilados collected $0.18 from pot
*** SUMMARY ***
Total pot $0.19 | Rake $0.01 
Board [Jd Kh Tc]
Seat 1: R_costa275 folded before Flop
Seat 2: alkilados collected ($0.18)
Seat 3: wheels702 folded before Flop (didn't bet)
Seat 4: Dorex2007 (button) folded before Flop (didn't bet)
Seat 5: Jones.OM (small blind) folded before Flop
Seat 6: Bella_Gonzales (big blind) folded on the Flop
Seat 7: Lapmas folded before Flop (didn't bet)
Seat 8: umka186 folded before Flop (didn't bet)
Seat 9: iason4u folded before Flop (didn't bet)



PokerStars Hand #230410366331:  Hold'em No Limit ($0.01/$0.02 USD) - 2021/10/06 16:21:52 PT [2021/10/06 19:21:52 ET]
Table 'Apollonia III' 9-max Seat #5 is the button
Seat 1: R_costa275 ($1.60 in chips) 
Seat 2: alkilados ($3.12 in chips) 
Seat 3: wheels702 ($1.54 in chips) 
Seat 4: Dorex2007 ($2 in chips) 
Seat 5: Jones.OM ($2.56 in chips) 
Seat 6: Bella_Gonzales ($2.21 in chips) 
Seat 7: Lapmas ($2.35 in chips) 
Seat 8: umka186 ($2 in chips) 
Seat 9: iason4u ($5.68 in chips) 
Bella_Gonzales: posts small blind $0.01
Lapmas: posts big blind $0.02
*** HOLE CARDS ***
Dealt to Dorex2007 [5d Jd]
umka186: folds 
iason4u: folds 
R_costa275: folds 
alkilados: raises $0.03 to $0.05
wheels702: folds 
Dorex2007: folds 
Jones.OM: folds 
Bella_Gonzales: folds 
Lapmas: folds 
Uncalled bet ($0.03) returned to alkilados
alkilados collected $0.05 from pot
*** SUMMARY ***
Total pot $0.05 | Rake $0 
Seat 1: R_costa275 folded before Flop (didn't bet)
Seat 2: alkilados collected ($0.05)
Seat 3: wheels702 folded before Flop (didn't bet)
Seat 4: Dorex2007 folded before Flop (didn't bet)
Seat 5: Jones.OM (button) folded before Flop (didn't bet)
Seat 6: Bella_Gonzales (small blind) folded before Flop
Seat 7: Lapmas (big blind) folded before Flop
Seat 8: umka186 folded before Flop (didn't bet)
Seat 9: iason4u folded before Flop (didn't bet)



PokerStars Hand #230410371669:  Hold'em No Limit ($0.01/$0.02 USD) - 2021/10/06 16:22:09 PT [2021/10/06 19:22:09 ET]
Table 'Apollonia III' 9-max Seat #6 is the button
Seat 1: R_costa275 ($1.60 in chips) 
Seat 2: alkilados ($3.15 in chips) 
Seat 3: wheels702 ($1.54 in chips) 
Seat 4: Dorex2007 ($2 in chips) 
Seat 5: Jones.OM ($2.56 in chips) 
Seat 6: Bella_Gonzales ($2.20 in chips) 
Seat 7: Lapmas ($2.33 in chips) 
Seat 8: umka186 ($2 in chips) 
Seat 9: iason4u ($5.68 in chips) 
Lapmas: posts small blind $0.01
umka186: posts big blind $0.02
*** HOLE CARDS ***
Dealt to Dorex2007 [Kc 6h]
iason4u: folds 
R_costa275: folds 
alkilados: folds 
wheels702: folds 
Dorex2007: folds 
Jones.OM: raises $0.04 to $0.06
Bella_Gonzales: folds 
Lapmas: folds 
umka186: folds 
Uncalled bet ($0.04) returned to Jones.OM
Jones.OM collected $0.05 from pot
Jones.OM: doesn't show hand 
*** SUMMARY ***
Total pot $0.05 | Rake $0 
Seat 1: R_costa275 folded before Flop (didn't bet)
Seat 2: alkilados folded before Flop (didn't bet)
Seat 3: wheels702 folded before Flop (didn't bet)
Seat 4: Dorex2007 folded before Flop (didn't bet)
Seat 5: Jones.OM collected ($0.05)
Seat 6: Bella_Gonzales (button) folded before Flop (didn't bet)
Seat 7: Lapmas (small blind) folded before Flop
Seat 8: umka186 (big blind) folded before Flop
Seat 9: iason4u folded before Flop (didn't bet)



PokerStars Hand #230410385427:  Hold'em No Limit ($0.01/$0.02 USD) - 2021/10/06 16:22:30 PT [2021/10/06 19:22:30 ET]
Table 'Apollonia III' 9-max Seat #7 is the button
Seat 1: R_costa275 ($1.60 in chips) 
Seat 2: alkilados ($3.15 in chips) 
Seat 3: wheels702 ($1.54 in chips) 
Seat 4: Dorex2007 ($2 in chips) 
Seat 5: Jones.OM ($2.59 in chips) 
Seat 6: Bella_Gonzales ($2.20 in chips) 
Seat 7: Lapmas ($2.32 in chips) 
Seat 8: umka186 ($2 in chips) 
Seat 9: iason4u ($5.68 in chips) 
umka186: posts small blind $0.01
iason4u: posts big blind $0.02
*** HOLE CARDS ***
Dealt to Dorex2007 [Qc Ac]
R_costa275: raises $0.02 to $0.04
alkilados: folds 
wheels702: folds 
Dorex2007: calls $0.04
Jones.OM: folds 
Bella_Gonzales: folds 
Lapmas: calls $0.04
umka186: folds 
iason4u: folds 
*** FLOP *** [Ad Ts Jc]
R_costa275: checks 
Dorex2007: bets $0.14
Lapmas: folds 
R_costa275: folds 
Uncalled bet ($0.14) returned to Dorex2007
Dorex2007 collected $0.14 from pot
Dorex2007: doesn't show hand 
*** SUMMARY ***
Total pot $0.15 | Rake $0.01 
Board [Ad Ts Jc]
Seat 1: R_costa275 folded on the Flop
Seat 2: alkilados folded before Flop (didn't bet)
Seat 3: wheels702 folded before Flop (didn't bet)
Seat 4: Dorex2007 collected ($0.14)
Seat 5: Jones.OM folded before Flop (didn't bet)
Seat 6: Bella_Gonzales folded before Flop (didn't bet)
Seat 7: Lapmas (button) folded on the Flop
Seat 8: umka186 (small blind) folded before Flop
Seat 9: iason4u (big blind) folded before Flop



PokerStars Hand #230410397829:  Hold'em No Limit ($0.01/$0.02 USD) - 2021/10/06 16:23:11 PT [2021/10/06 19:23:11 ET]
Table 'Apollonia III' 9-max Seat #8 is the button
Seat 1: R_costa275 ($1.56 in chips) 
Seat 2: alkilados ($3.15 in chips) 
Seat 3: wheels702 ($1.54 in chips) 
Seat 4: Dorex2007 ($2.10 in chips) 
Seat 5: Jones.OM ($2.59 in chips) 
Seat 6: Bella_Gonzales ($2.20 in chips) 
Seat 7: Lapmas ($2.28 in chips) 
Seat 8: umka186 ($2 in chips) 
Seat 9: iason4u ($5.66 in chips) 
iason4u: posts small blind $0.01
R_costa275: posts big blind $0.02
*** HOLE CARDS ***
Dealt to Dorex2007 [5d 9c]
alkilados: folds 
wheels702: folds 
Dorex2007: folds 
Jones.OM: folds 
Bella_Gonzales: folds 
Lapmas: raises $0.06 to $0.08
umka186: folds 
iason4u: folds 
R_costa275: folds 
Uncalled bet ($0.06) returned to Lapmas
Lapmas collected $0.05 from pot
Lapmas: doesn't show hand 
*** SUMMARY ***
Total pot $0.05 | Rake $0 
Seat 1: R_costa275 (big blind) folded before Flop
Seat 2: alkilados folded before Flop (didn't bet)
Seat 3: wheels702 folded before Flop (didn't bet)
Seat 4: Dorex2007 folded before Flop (didn't bet)
Seat 5: Jones.OM folded before Flop (didn't bet)
Seat 6: Bella_Gonzales folded before Flop (didn't bet)
Seat 7: Lapmas collected ($0.05)
Seat 8: umka186 (button) folded before Flop (didn't bet)
Seat 9: iason4u (small blind) folded before Flop



PokerStars Hand #230410405260:  Hold'em No Limit ($0.01/$0.02 USD) - 2021/10/06 16:23:36 PT [2021/10/06 19:23:36 ET]
Table 'Apollonia III' 9-max Seat #9 is the button
Seat 1: R_costa275 ($1.54 in chips) 
Seat 2: alkilados ($3.15 in chips) 
Seat 3: wheels702 ($1.54 in chips) 
Seat 4: Dorex2007 ($2.10 in chips) 
Seat 5: Jones.OM ($2.59 in chips) 
Seat 6: Bella_Gonzales ($2.20 in chips) 
Seat 7: Lapmas ($2.31 in chips) 
Seat 8: umka186 ($2 in chips) 
Seat 9: iason4u ($5.65 in chips) 
R_costa275: posts small blind $0.01
alkilados: posts big blind $0.02
*** HOLE CARDS ***
Dealt to Dorex2007 [2c Kh]
wheels702: folds 
Dorex2007: folds 
Jones.OM: folds 
Bella_Gonzales: folds 
Lapmas: folds 
umka186: folds 
iason4u: folds 
R_costa275: raises $0.02 to $0.04
alkilados: calls $0.02
*** FLOP *** [Tc 4h 2d]
R_costa275: checks 
umka186 leaves the table
alkilados: checks 
*** TURN *** [Tc 4h 2d] [4s]
R_costa275: checks 
alkilados: checks 
*** RIVER *** [Tc 4h 2d 4s] [Jd]
R_costa275: checks 
alkilados: bets $0.07
R_costa275: calls $0.07
*** SHOW DOWN ***
alkilados: shows [Kd Js] (two pair, Jacks and Fours)
R_costa275: mucks hand 
alkilados collected $0.21 from pot
*** SUMMARY ***
Total pot $0.22 | Rake $0.01 
Board [Tc 4h 2d 4s Jd]
Seat 1: R_costa275 (small blind) mucked [9h Ac]
Seat 2: alkilados (big blind) showed [Kd Js] and won ($0.21) with two pair, Jacks and Fours
Seat 3: wheels702 folded before Flop (didn't bet)
Seat 4: Dorex2007 folded before Flop (didn't bet)
Seat 5: Jones.OM folded before Flop (didn't bet)
Seat 6: Bella_Gonzales folded before Flop (didn't bet)
Seat 7: Lapmas folded before Flop (didn't bet)
Seat 8: umka186 folded before Flop (didn't bet)
Seat 9: iason4u (button) folded before Flop (didn't bet)



PokerStars Hand #230410427446:  Hold'em No Limit ($0.01/$0.02 USD) - 2021/10/06 16:24:49 PT [2021/10/06 19:24:49 ET]
Table 'Apollonia III' 9-max Seat #1 is the button
Seat 1: R_costa275 ($1.43 in chips) 
Seat 2: alkilados ($3.25 in chips) 
Seat 3: wheels702 ($1.54 in chips) 
Seat 4: Dorex2007 ($2.10 in chips) 
Seat 5: Jones.OM ($2.59 in chips) 
Seat 6: Bella_Gonzales ($2.20 in chips) 
Seat 7: Lapmas ($2.31 in chips) 
Seat 9: iason4u ($5.65 in chips) 
alkilados: posts small blind $0.01
wheels702: posts big blind $0.02
*** HOLE CARDS ***
Dealt to Dorex2007 [8d Ks]
Dorex2007: folds 
Jones.OM: folds 
Bella_Gonzales: folds 
Lapmas: folds 
iason4u: raises $0.04 to $0.06
R_costa275: folds 
alkilados: folds 
wheels702: folds 
Uncalled bet ($0.04) returned to iason4u
iason4u collected $0.05 from pot
iason4u: doesn't show hand 
*** SUMMARY ***
Total pot $0.05 | Rake $0 
Seat 1: R_costa275 (button) folded before Flop (didn't bet)
Seat 2: alkilados (small blind) folded before Flop
Seat 3: wheels702 (big blind) folded before Flop
Seat 4: Dorex2007 folded before Flop (didn't bet)
Seat 5: Jones.OM folded before Flop (didn't bet)
Seat 6: Bella_Gonzales folded before Flop (didn't bet)
Seat 7: Lapmas folded before Flop (didn't bet)
Seat 9: iason4u collected ($0.05)



PokerStars Hand #230410433223:  Hold'em No Limit ($0.01/$0.02 USD) - 2021/10/06 16:25:08 PT [2021/10/06 19:25:08 ET]
Table 'Apollonia III' 9-max Seat #2 is the button
Seat 1: R_costa275 ($1.43 in chips) 
Seat 2: alkilados ($3.24 in chips) 
Seat 3: wheels702 ($1.52 in chips) 
Seat 4: Dorex2007 ($2.10 in chips) 
Seat 5: Jones.OM ($2.59 in chips) 
Seat 6: Bella_Gonzales ($2.20 in chips) 
Seat 7: Lapmas ($2.31 in chips) 
Seat 9: iason4u ($5.68 in chips) 
wheels702: posts small blind $0.01
Dorex2007: posts big blind $0.02
*** HOLE CARDS ***
Dealt to Dorex2007 [5d 8c]
Jones.OM: folds 
Bella_Gonzales: calls $0.02
Lapmas: folds 
iason4u: calls $0.02
R_costa275: raises $0.04 to $0.06
alkilados: folds 
wheels702: folds 
Dorex2007: folds 
Bella_Gonzales: calls $0.04
iason4u: calls $0.04
*** FLOP *** [Qs Qd Kc]
Bella_Gonzales: checks 
iason4u: checks 
R_costa275: bets $0.10
Bella_Gonzales: calls $0.10
iason4u: folds 
*** TURN *** [Qs Qd Kc] [9s]
Bella_Gonzales: checks 
R_costa275: checks 
*** RIVER *** [Qs Qd Kc 9s] [5h]
Bella_Gonzales: bets $0.20
R_costa275: calls $0.20
*** SHOW DOWN ***
Bella_Gonzales: shows [Jd Th] (a straight, Nine to King)
R_costa275: mucks hand 
Bella_Gonzales collected $0.78 from pot
*** SUMMARY ***
Total pot $0.81 | Rake $0.03 
Board [Qs Qd Kc 9s 5h]
Seat 1: R_costa275 mucked [Ks Td]
Seat 2: alkilados (button) folded before Flop (didn't bet)
Seat 3: wheels702 (small blind) folded before Flop
Seat 4: Dorex2007 (big blind) folded before Flop
Seat 5: Jones.OM folded before Flop (didn't bet)
Seat 6: Bella_Gonzales showed [Jd Th] and won ($0.78) with a straight, Nine to King
Seat 7: Lapmas folded before Flop (didn't bet)
Seat 9: iason4u folded on the Flop



PokerStars Hand #230410452062:  Hold'em No Limit ($0.01/$0.02 USD) - 2021/10/06 16:26:11 PT [2021/10/06 19:26:11 ET]
Table 'Apollonia III' 9-max Seat #3 is the button
Seat 1: R_costa275 ($1.07 in chips) 
Seat 2: alkilados ($3.24 in chips) 
Seat 3: wheels702 ($1.51 in chips) 
Seat 4: Dorex2007 ($2.08 in chips) 
Seat 5: Jones.OM ($2.59 in chips) 
Seat 6: Bella_Gonzales ($2.62 in chips) 
Seat 7: Lapmas ($2.31 in chips) 
Seat 9: iason4u ($5.62 in chips) 
Dorex2007: posts small blind $0.01
Jones.OM: posts big blind $0.02
*** HOLE CARDS ***
Dealt to Dorex2007 [3s Jd]
Bella_Gonzales: folds 
Lapmas: folds 
iason4u: folds 
R_costa275: folds 
alkilados: raises $0.03 to $0.05
wheels702: folds 
Dorex2007: folds 
Jones.OM: folds 
Uncalled bet ($0.03) returned to alkilados
alkilados collected $0.05 from pot
*** SUMMARY ***
Total pot $0.05 | Rake $0 
Seat 1: R_costa275 folded before Flop (didn't bet)
Seat 2: alkilados collected ($0.05)
Seat 3: wheels702 (button) folded before Flop (didn't bet)
Seat 4: Dorex2007 (small blind) folded before Flop
Seat 5: Jones.OM (big blind) folded before Flop
Seat 6: Bella_Gonzales folded before Flop (didn't bet)
Seat 7: Lapmas folded before Flop (didn't bet)
Seat 9: iason4u folded before Flop (didn't bet)



PokerStars Hand #230410457401:  Hold'em No Limit ($0.01/$0.02 USD) - 2021/10/06 16:26:28 PT [2021/10/06 19:26:28 ET]
Table 'Apollonia III' 9-max Seat #4 is the button
Seat 1: R_costa275 ($1.07 in chips) 
Seat 2: alkilados ($3.27 in chips) 
Seat 3: wheels702 ($1.51 in chips) 
Seat 4: Dorex2007 ($2.07 in chips) 
Seat 5: Jones.OM ($2.57 in chips) 
Seat 6: Bella_Gonzales ($2.62 in chips) 
Seat 7: Lapmas ($2.31 in chips) 
Seat 9: iason4u ($5.62 in chips) 
Jones.OM: posts small blind $0.01
Bella_Gonzales: posts big blind $0.02
*** HOLE CARDS ***
Dealt to Dorex2007 [Qs Jh]
Lapmas: folds 
iason4u: folds 
R_costa275: folds 
alkilados: folds 
wheels702: raises $0.02 to $0.04
Dorex2007: calls $0.04
Jones.OM: folds 
Bella_Gonzales: raises $0.02 to $0.06
speedmato joins the table at seat #8 
wheels702: raises $0.10 to $0.16
Dorex2007: folds 
Bella_Gonzales: calls $0.10
*** FLOP *** [6c Kh 2s]
Bella_Gonzales: checks 
wheels702: bets $0.14
Bella_Gonzales: calls $0.14
*** TURN *** [6c Kh 2s] [9h]
Bella_Gonzales: checks 
wheels702: bets $0.02
Bella_Gonzales: calls $0.02
*** RIVER *** [6c Kh 2s 9h] [5s]
Bella_Gonzales: checks 
wheels702: checks 
*** SHOW DOWN ***
Bella_Gonzales: shows [Jd Ts] (high card King)
wheels702: shows [Qd Qc] (a pair of Queens)
wheels702 collected $0.67 from pot
*** SUMMARY ***
Total pot $0.69 | Rake $0.02 
Board [6c Kh 2s 9h 5s]
Seat 1: R_costa275 folded before Flop (didn't bet)
Seat 2: alkilados folded before Flop (didn't bet)
Seat 3: wheels702 showed [Qd Qc] and won ($0.67) with a pair of Queens
Seat 4: Dorex2007 (button) folded before Flop
Seat 5: Jones.OM (small blind) folded before Flop
Seat 6: Bella_Gonzales (big blind) showed [Jd Ts] and lost with high card King
Seat 7: Lapmas folded before Flop (didn't bet)
Seat 9: iason4u folded before Flop (didn't bet)



PokerStars Hand #230410482557:  Hold'em No Limit ($0.01/$0.02 USD) - 2021/10/06 16:27:52 PT [2021/10/06 19:27:52 ET]
Table 'Apollonia III' 9-max Seat #5 is the button
Seat 1: R_costa275 ($1.07 in chips) 
Seat 2: alkilados ($3.27 in chips) 
Seat 3: wheels702 ($1.86 in chips) 
Seat 4: Dorex2007 ($2.03 in chips) 
Seat 5: Jones.OM ($2.56 in chips) 
Seat 6: Bella_Gonzales ($2.30 in chips) 
Seat 7: Lapmas ($2.31 in chips) 
Seat 8: speedmato ($1.60 in chips) 
Seat 9: iason4u ($5.62 in chips) 
Bella_Gonzales: posts small blind $0.01
Lapmas: posts big blind $0.02
speedmato: posts big blind $0.02
*** HOLE CARDS ***
Dealt to Dorex2007 [Ac 6d]
speedmato: checks 
iason4u: folds 
R_costa275: raises $0.02 to $0.04
alkilados: calls $0.04
wheels702: folds 
Dorex2007: folds 
Jones.OM: folds 
Bella_Gonzales: calls $0.03
Lapmas: calls $0.02
speedmato: folds 
*** FLOP *** [4s 4d As]
Bella_Gonzales: checks 
Lapmas: checks 
R_costa275: checks 
alkilados: checks 
*** TURN *** [4s 4d As] [2c]
Bella_Gonzales: checks 
Lapmas: checks 
R_costa275: checks 
alkilados: bets $0.06
Bella_Gonzales: folds 
Lapmas: folds 
R_costa275: folds 
Uncalled bet ($0.06) returned to alkilados
alkilados collected $0.17 from pot
*** SUMMARY ***
Total pot $0.18 | Rake $0.01 
Board [4s 4d As 2c]
Seat 1: R_costa275 folded on the Turn
Seat 2: alkilados collected ($0.17)
Seat 3: wheels702 folded before Flop (didn't bet)
Seat 4: Dorex2007 folded before Flop (didn't bet)
Seat 5: Jones.OM (button) folded before Flop (didn't bet)
Seat 6: Bella_Gonzales (small blind) folded on the Turn
Seat 7: Lapmas (big blind) folded on the Turn
Seat 8: speedmato folded before Flop (didn't bet)
Seat 9: iason4u folded before Flop (didn't bet)



PokerStars Hand #230410502279:  Hold'em No Limit ($0.01/$0.02 USD) - 2021/10/06 16:28:58 PT [2021/10/06 19:28:58 ET]
Table 'Apollonia III' 9-max Seat #6 is the button
Seat 1: R_costa275 ($1.03 in chips) 
Seat 2: alkilados ($3.40 in chips) 
Seat 3: wheels702 ($1.86 in chips) 
Seat 4: Dorex2007 ($2.03 in chips) 
Seat 5: Jones.OM ($2.56 in chips) 
Seat 6: Bella_Gonzales ($2.26 in chips) 
Seat 7: Lapmas ($2.27 in chips) 
Seat 8: speedmato ($1.58 in chips) 
Seat 9: iason4u ($5.62 in chips) 
Lapmas: posts small blind $0.01
speedmato: posts big blind $0.02
*** HOLE CARDS ***
Dealt to Dorex2007 [Qs 6s]
iason4u: folds 
R_costa275: raises $0.02 to $0.04
alkilados: folds 
wheels702: calls $0.04
Dorex2007: folds 
Jones.OM: folds 
Bella_Gonzales: folds 
Lapmas: folds 
speedmato: calls $0.02
*** FLOP *** [8c Jh 8h]
speedmato: bets $0.07
R_costa275: calls $0.07
wheels702: calls $0.07
*** TURN *** [8c Jh 8h] [4h]
speedmato: checks 
R_costa275: checks 
wheels702: bets $0.14
speedmato: folds 
R_costa275: folds 
Uncalled bet ($0.14) returned to wheels702
wheels702 collected $0.33 from pot
wheels702: doesn't show hand 
*** SUMMARY ***
Total pot $0.34 | Rake $0.01 
Board [8c Jh 8h 4h]
Seat 1: R_costa275 folded on the Turn
Seat 2: alkilados folded before Flop (didn't bet)
Seat 3: wheels702 collected ($0.33)
Seat 4: Dorex2007 folded before Flop (didn't bet)
Seat 5: Jones.OM folded before Flop (didn't bet)
Seat 6: Bella_Gonzales (button) folded before Flop (didn't bet)
Seat 7: Lapmas (small blind) folded before Flop
Seat 8: speedmato (big blind) folded on the Turn
Seat 9: iason4u folded before Flop (didn't bet)



PokerStars Hand #230410521773:  Hold'em No Limit ($0.01/$0.02 USD) - 2021/10/06 16:30:03 PT [2021/10/06 19:30:03 ET]
Table 'Apollonia III' 9-max Seat #7 is the button
Seat 1: R_costa275 ($0.92 in chips) 
Seat 2: alkilados ($3.40 in chips) 
Seat 3: wheels702 ($2.08 in chips) 
Seat 4: Dorex2007 ($2.03 in chips) 
Seat 5: Jones.OM ($2.56 in chips) 
Seat 6: Bella_Gonzales ($2.26 in chips) 
Seat 7: Lapmas ($2.26 in chips) 
Seat 8: speedmato ($1.47 in chips) 
Seat 9: iason4u ($5.62 in chips) 
speedmato: posts small blind $0.01
iason4u: posts big blind $0.02
*** HOLE CARDS ***
Dealt to Dorex2007 [Kc Th]
R_costa275: folds 
alkilados: folds 
wheels702: folds 
Dorex2007: raises $0.02 to $0.04
Jones.OM: folds 
Bella_Gonzales: folds 
Lapmas: raises $0.02 to $0.06
speedmato: folds 
iason4u: calls $0.04
Dorex2007: calls $0.02
*** FLOP *** [2d Kd Tc]
iason4u: checks 
Dorex2007: bets $0.12
Lapmas: calls $0.12
iason4u: folds 
*** TURN *** [2d Kd Tc] [8d]
Dorex2007: bets $0.21
Lapmas: raises $0.21 to $0.42
Dorex2007: calls $0.21
*** RIVER *** [2d Kd Tc 8d] [3s]
Dorex2007: bets $0.18
Lapmas: calls $0.18
*** SHOW DOWN ***
Dorex2007: shows [Kc Th] (two pair, Kings and Tens)
Lapmas: mucks hand 
Dorex2007 collected $1.57 from pot
*** SUMMARY ***
Total pot $1.63 | Rake $0.06 
Board [2d Kd Tc 8d 3s]
Seat 1: R_costa275 folded before Flop (didn't bet)
Seat 2: alkilados folded before Flop (didn't bet)
Seat 3: wheels702 folded before Flop (didn't bet)
Seat 4: Dorex2007 showed [Kc Th] and won ($1.57) with two pair, Kings and Tens
Seat 5: Jones.OM folded before Flop (didn't bet)
Seat 6: Bella_Gonzales folded before Flop (didn't bet)
Seat 7: Lapmas (button) mucked [Qh Ts]
Seat 8: speedmato (small blind) folded before Flop
Seat 9: iason4u (big blind) folded on the Flop



PokerStars Hand #230410538154:  Hold'em No Limit ($0.01/$0.02 USD) - 2021/10/06 16:30:58 PT [2021/10/06 19:30:58 ET]
Table 'Apollonia III' 9-max Seat #8 is the button
Seat 1: R_costa275 ($0.92 in chips) 
Seat 2: alkilados ($3.40 in chips) 
Seat 3: wheels702 ($2.08 in chips) 
Seat 4: Dorex2007 ($2.82 in chips) 
Seat 5: Jones.OM ($2.56 in chips) 
Seat 6: Bella_Gonzales ($2.26 in chips) 
Seat 7: Lapmas ($1.48 in chips) 
Seat 8: speedmato ($1.46 in chips) 
Seat 9: iason4u ($5.56 in chips) 
iason4u: posts small blind $0.01
R_costa275: posts big blind $0.02
*** HOLE CARDS ***
Dealt to Dorex2007 [2s 7s]
alkilados: raises $0.03 to $0.05
wheels702: calls $0.05
Dorex2007: folds 
Jones.OM: folds 
Bella_Gonzales: folds 
Lapmas: folds 
speedmato: calls $0.05
iason4u: calls $0.04
R_costa275: folds 
*** FLOP *** [3h 8s Tc]
iason4u: checks 
alkilados: bets $0.10
wheels702: calls $0.10
Bella_Gonzales leaves the table
speedmato: calls $0.10
iason4u: folds 
*** TURN *** [3h 8s Tc] [4h]
alkilados: checks 
wheels702: checks 
speedmato: bets $0.25
alkilados: calls $0.25
wheels702: folds 
*** RIVER *** [3h 8s Tc 4h] [Kc]
alkilados: checks 
speedmato: bets $0.49
sebatju joins the table at seat #6 
alkilados: folds 
Uncalled bet ($0.49) returned to speedmato
speedmato collected $0.98 from pot
speedmato: doesn't show hand 
*** SUMMARY ***
Total pot $1.02 | Rake $0.04 
Board [3h 8s Tc 4h Kc]
Seat 1: R_costa275 (big blind) folded before Flop
Seat 2: alkilados folded on the River
Seat 3: wheels702 folded on the Turn
Seat 4: Dorex2007 folded before Flop (didn't bet)
Seat 5: Jones.OM folded before Flop (didn't bet)
Seat 6: Bella_Gonzales folded before Flop (didn't bet)
Seat 7: Lapmas folded before Flop (didn't bet)
Seat 8: speedmato (button) collected ($0.98)
Seat 9: iason4u (small blind) folded on the Flop



PokerStars Hand #230410589498:  Hold'em No Limit ($0.01/$0.02 USD) - 2021/10/06 16:33:47 PT [2021/10/06 19:33:47 ET]
Table 'Apollonia III' 9-max Seat #9 is the button
Seat 1: R_costa275 ($0.90 in chips) 
Seat 2: alkilados ($3 in chips) 
Seat 3: wheels702 ($1.93 in chips) 
Seat 4: Dorex2007 ($2.82 in chips) 
Seat 5: Jones.OM ($2.56 in chips) 
Seat 6: sebatju ($1 in chips) 
Seat 7: Lapmas ($1.48 in chips) 
Seat 8: speedmato ($2.04 in chips) 
Seat 9: iason4u ($5.51 in chips) 
R_costa275: posts small blind $0.01
alkilados: posts big blind $0.02
sebatju: posts big blind $0.02
*** HOLE CARDS ***
Dealt to Dorex2007 [9s 8d]
wheels702: calls $0.02
Dorex2007: folds 
Jones.OM: folds 
sebatju: checks 
Lapmas: folds 
speedmato: calls $0.02
iason4u: folds 
R_costa275: raises $0.02 to $0.04
alkilados: folds 
wheels702: calls $0.02
sebatju: folds 
speedmato: calls $0.02
*** FLOP *** [3c 5d Kc]
alkilados leaves the table
R_costa275: checks 
wheels702: checks 
speedmato: checks 
*** TURN *** [3c 5d Kc] [Ks]
R_costa275: checks 
wheels702: bets $0.10
speedmato: folds 
R_costa275: folds 
Uncalled bet ($0.10) returned to wheels702
wheels702 collected $0.15 from pot
wheels702: doesn't show hand 
*** SUMMARY ***
Total pot $0.16 | Rake $0.01 
Board [3c 5d Kc Ks]
Seat 1: R_costa275 (small blind) folded on the Turn
Seat 2: alkilados (big blind) folded before Flop
Seat 3: wheels702 collected ($0.15)
Seat 4: Dorex2007 folded before Flop (didn't bet)
Seat 5: Jones.OM folded before Flop (didn't bet)
Seat 6: sebatju folded before Flop (didn't bet)
Seat 7: Lapmas folded before Flop (didn't bet)
Seat 8: speedmato folded on the Turn
Seat 9: iason4u (button) folded before Flop (didn't bet)



PokerStars Hand #230410618388:  Hold'em No Limit ($0.01/$0.02 USD) - 2021/10/06 16:35:24 PT [2021/10/06 19:35:24 ET]
Table 'Apollonia III' 9-max Seat #1 is the button
Seat 1: R_costa275 ($0.86 in chips) 
Seat 3: wheels702 ($2.04 in chips) 
Seat 4: Dorex2007 ($2.82 in chips) 
Seat 5: Jones.OM ($2.56 in chips) 
Seat 6: sebatju ($0.98 in chips) 
Seat 7: Lapmas ($1.48 in chips) 
Seat 8: speedmato ($2 in chips) 
Seat 9: iason4u ($5.51 in chips) 
wheels702: posts small blind $0.01
Dorex2007: posts big blind $0.02
*** HOLE CARDS ***
Dealt to Dorex2007 [6h Jh]
Jones.OM: folds 
sebatju: folds 
Lapmas: folds 
speedmato has timed out
speedmato: folds 
iason4u: folds 
R_costa275: raises $0.04 to $0.06
wheels702: folds 
Dorex2007: folds 
Uncalled bet ($0.04) returned to R_costa275
wheels702 leaves the table
R_costa275 collected $0.05 from pot
R_costa275: doesn't show hand 
*** SUMMARY ***
Total pot $0.05 | Rake $0 
Seat 1: R_costa275 (button) collected ($0.05)
Seat 3: wheels702 (small blind) folded before Flop
Seat 4: Dorex2007 (big blind) folded before Flop
Seat 5: Jones.OM folded before Flop (didn't bet)
Seat 6: sebatju folded before Flop (didn't bet)
Seat 7: Lapmas folded before Flop (didn't bet)
Seat 8: speedmato folded before Flop (didn't bet)
Seat 9: iason4u folded before Flop (didn't bet)



PokerStars Hand #230410628139:  Hold'em No Limit ($0.01/$0.02 USD) - 2021/10/06 16:35:58 PT [2021/10/06 19:35:58 ET]
Table 'Apollonia III' 9-max Seat #4 is the button
Seat 1: R_costa275 ($0.89 in chips) 
Seat 4: Dorex2007 ($2.80 in chips) 
Seat 5: Jones.OM ($2.56 in chips) 
Seat 6: sebatju ($0.98 in chips) 
Seat 7: Lapmas ($1.48 in chips) 
Seat 8: speedmato ($2 in chips) 
Seat 9: iason4u ($5.51 in chips) 
Jones.OM: posts small blind $0.01
sebatju: posts big blind $0.02
*** HOLE CARDS ***
Dealt to Dorex2007 [8h 2c]
LuckyGranpa joins the table at seat #2 
Lapmas has timed out
Lapmas: folds 
speedmato: folds 
iason4u: folds 
R_costa275: calls $0.02
Lapmas leaves the table
Dorex2007: folds 
Jones.OM: folds 
sebatju: checks 
*** FLOP *** [7d Ah 7h]
sebatju: checks 
R_costa275: checks 
*** TURN *** [7d Ah 7h] [2d]
sebatju: bets $0.02
R_costa275: folds 
Uncalled bet ($0.02) returned to sebatju
sebatju collected $0.05 from pot
sebatju: doesn't show hand 
dr doido joins the table at seat #7 
*** SUMMARY ***
Total pot $0.05 | Rake $0 
Board [7d Ah 7h 2d]
Seat 1: R_costa275 folded on the Turn
Seat 4: Dorex2007 (button) folded before Flop (didn't bet)
Seat 5: Jones.OM (small blind) folded before Flop
Seat 6: sebatju (big blind) collected ($0.05)
Seat 7: Lapmas folded before Flop (didn't bet)
Seat 8: speedmato folded before Flop (didn't bet)
Seat 9: iason4u folded before Flop (didn't bet)



PokerStars Hand #230410647117:  Hold'em No Limit ($0.01/$0.02 USD) - 2021/10/06 16:36:54 PT [2021/10/06 19:36:54 ET]
Table 'Apollonia III' 9-max Seat #5 is the button
Seat 1: R_costa275 ($0.87 in chips) 
Seat 4: Dorex2007 ($2.80 in chips) 
Seat 5: Jones.OM ($2.55 in chips) 
Seat 6: sebatju ($1.01 in chips) 
Seat 7: dr doido ($0.80 in chips) 
Seat 8: speedmato ($2 in chips) 
Seat 9: iason4u ($5.51 in chips) 
sebatju: posts small blind $0.01
dr doido: posts big blind $0.02
LuckyGranpa: sits out 
*** HOLE CARDS ***
Dealt to Dorex2007 [8c 2d]
delao med joins the table at seat #3 
speedmato: folds 
iason4u: folds 
R_costa275: folds 
Dorex2007: folds 
Jones.OM: raises $0.04 to $0.06
sebatju: calls $0.05
dr doido: calls $0.04
*** FLOP *** [Ks Qd As]
sebatju: checks 
dr doido: checks 
Jones.OM: bets $0.10
sebatju: folds 
dr doido: calls $0.10
*** TURN *** [Ks Qd As] [2s]
dr doido: checks 
Jones.OM: checks 
*** RIVER *** [Ks Qd As 2s] [9s]
dr doido: checks 
Jones.OM: checks 
*** SHOW DOWN ***
dr doido: shows [2h Ad] (two pair, Aces and Deuces)
Jones.OM: shows [5s Ah] (a flush, Ace high)
Jones.OM collected $0.37 from pot
*** SUMMARY ***
Total pot $0.38 | Rake $0.01 
Board [Ks Qd As 2s 9s]
Seat 1: R_costa275 folded before Flop (didn't bet)
Seat 4: Dorex2007 folded before Flop (didn't bet)
Seat 5: Jones.OM (button) showed [5s Ah] and won ($0.37) with a flush, Ace high
Seat 6: sebatju (small blind) folded on the Flop
Seat 7: dr doido (big blind) showed [2h Ad] and lost with two pair, Aces and Deuces
Seat 8: speedmato folded before Flop (didn't bet)
Seat 9: iason4u folded before Flop (didn't bet)



PokerStars Hand #230410664982:  Hold'em No Limit ($0.01/$0.02 USD) - 2021/10/06 16:37:55 PT [2021/10/06 19:37:55 ET]
Table 'Apollonia III' 9-max Seat #6 is the button
Seat 1: R_costa275 ($0.87 in chips) 
Seat 3: delao med ($2 in chips) 
Seat 4: Dorex2007 ($2.80 in chips) 
Seat 5: Jones.OM ($2.76 in chips) 
Seat 6: sebatju ($0.95 in chips) 
Seat 7: dr doido ($0.64 in chips) 
Seat 8: speedmato ($2 in chips) 
Seat 9: iason4u ($5.51 in chips) 
dr doido: posts small blind $0.01
speedmato: posts big blind $0.02
LuckyGranpa: sits out 
delao med: posts big blind $0.02
*** HOLE CARDS ***
Dealt to Dorex2007 [7h 6h]
iason4u: folds 
R_costa275: folds 
delao med: checks 
Dorex2007: calls $0.02
Jones.OM: folds 
sebatju: folds 
dr doido: calls $0.01
speedmato: checks 
*** FLOP *** [Kc 9c 6s]
dr doido: checks 
speedmato: checks 
delao med: checks 
Dorex2007: checks 
*** TURN *** [Kc 9c 6s] [4c]
dr doido: checks 
speedmato: checks 
delao med: checks 
Dorex2007: bets $0.05
dr doido: folds 
speedmato: folds 
delao med: folds 
Uncalled bet ($0.05) returned to Dorex2007
Dorex2007 collected $0.08 from pot
Dorex2007: doesn't show hand 
*** SUMMARY ***
Total pot $0.08 | Rake $0 
Board [Kc 9c 6s 4c]
Seat 1: R_costa275 folded before Flop (didn't bet)
Seat 3: delao med folded on the Turn (didn't bet)
Seat 4: Dorex2007 collected ($0.08)
Seat 5: Jones.OM folded before Flop (didn't bet)
Seat 6: sebatju (button) folded before Flop (didn't bet)
Seat 7: dr doido (small blind) folded on the Turn
Seat 8: speedmato (big blind) folded on the Turn
Seat 9: iason4u folded before Flop (didn't bet)



PokerStars Hand #230410688208:  Hold'em No Limit ($0.01/$0.02 USD) - 2021/10/06 16:39:15 PT [2021/10/06 19:39:15 ET]
Table 'Apollonia III' 9-max Seat #7 is the button
Seat 1: R_costa275 ($0.87 in chips) 
Seat 3: delao med ($1.98 in chips) 
Seat 4: Dorex2007 ($2.86 in chips) 
Seat 5: Jones.OM ($2.76 in chips) 
Seat 6: sebatju ($0.95 in chips) 
Seat 7: dr doido ($0.62 in chips) 
Seat 8: speedmato ($1.98 in chips) 
Seat 9: iason4u ($5.51 in chips) 
speedmato: posts small blind $0.01
iason4u: posts big blind $0.02
LuckyGranpa: sits out 
*** HOLE CARDS ***
Dealt to Dorex2007 [7s Ah]
R_costa275: folds 
delao med: folds 
Dorex2007: folds 
R_costa275 leaves the table
Jones.OM: folds 
sebatju: folds 
dr doido: folds 
speedmato: folds 
Uncalled bet ($0.01) returned to iason4u
iason4u collected $0.02 from pot
iason4u: doesn't show hand 
*** SUMMARY ***
Total pot $0.02 | Rake $0 
Seat 1: R_costa275 folded before Flop (didn't bet)
Seat 3: delao med folded before Flop (didn't bet)
Seat 4: Dorex2007 folded before Flop (didn't bet)
Seat 5: Jones.OM folded before Flop (didn't bet)
Seat 6: sebatju folded before Flop (didn't bet)
Seat 7: dr doido (button) folded before Flop (didn't bet)
Seat 8: speedmato (small blind) folded before Flop
Seat 9: iason4u (big blind) collected ($0.02)



PokerStars Hand #230410695402:  Hold'em No Limit ($0.01/$0.02 USD) - 2021/10/06 16:39:40 PT [2021/10/06 19:39:40 ET]
Table 'Apollonia III' 9-max Seat #8 is the button
Seat 2: LuckyGranpa ($0.80 in chips) 
Seat 3: delao med ($1.98 in chips) 
Seat 4: Dorex2007 ($2.86 in chips) 
Seat 5: Jones.OM ($2.76 in chips) 
Seat 6: sebatju ($0.95 in chips) 
Seat 7: dr doido ($0.62 in chips) 
Seat 8: speedmato ($1.97 in chips) 
Seat 9: iason4u ($5.52 in chips) 
iason4u: posts small blind $0.01
LuckyGranpa: posts big blind $0.02
*** HOLE CARDS ***
Dealt to Dorex2007 [3d Ts]
delao med: raises $0.25 to $0.27
Dorex2007: folds 
Jones.OM: folds 
sebatju: folds 
dr doido: folds 
speedmato: folds 
Dukom joins the table at seat #1 
Dukom leaves the table
iason4u: folds 
LuckyGranpa: folds 
Uncalled bet ($0.25) returned to delao med
delao med collected $0.05 from pot
delao med: doesn't show hand 
*** SUMMARY ***
Total pot $0.05 | Rake $0 
Seat 2: LuckyGranpa (big blind) folded before Flop
Seat 3: delao med collected ($0.05)
Seat 4: Dorex2007 folded before Flop (didn't bet)
Seat 5: Jones.OM folded before Flop (didn't bet)
Seat 6: sebatju folded before Flop (didn't bet)
Seat 7: dr doido folded before Flop (didn't bet)
Seat 8: speedmato (button) folded before Flop (didn't bet)
Seat 9: iason4u (small blind) folded before Flop



PokerStars Hand #230410707328:  Hold'em No Limit ($0.01/$0.02 USD) - 2021/10/06 16:40:22 PT [2021/10/06 19:40:22 ET]
Table 'Apollonia III' 9-max Seat #9 is the button
Seat 2: LuckyGranpa ($0.78 in chips) 
Seat 3: delao med ($2.01 in chips) 
Seat 4: Dorex2007 ($2.86 in chips) 
Seat 5: Jones.OM ($2.76 in chips) 
Seat 6: sebatju ($0.95 in chips) 
Seat 7: dr doido ($0.62 in chips) 
Seat 8: speedmato ($1.97 in chips) 
Seat 9: iason4u ($5.51 in chips) 
LuckyGranpa: posts small blind $0.01
delao med: posts big blind $0.02
*** HOLE CARDS ***
Dealt to Dorex2007 [2h 9s]
Dorex2007: folds 
Jones.OM: folds 
sebatju: folds 
dr doido: calls $0.02
megazanos joins the table at seat #1 
speedmato: folds 
iason4u: calls $0.02
LuckyGranpa: calls $0.01
delao med: checks 
*** FLOP *** [Jd 5h 5d]
LuckyGranpa: checks 
delao med: checks 
dr doido: checks 
iason4u: bets $0.06
LuckyGranpa: folds 
delao med: folds 
dr doido: folds 
Uncalled bet ($0.06) returned to iason4u
iason4u collected $0.08 from pot
iason4u: doesn't show hand 
*** SUMMARY ***
Total pot $0.08 | Rake $0 
Board [Jd 5h 5d]
Seat 2: LuckyGranpa (small blind) folded on the Flop
Seat 3: delao med (big blind) folded on the Flop
Seat 4: Dorex2007 folded before Flop (didn't bet)
Seat 5: Jones.OM folded before Flop (didn't bet)
Seat 6: sebatju folded before Flop (didn't bet)
Seat 7: dr doido folded on the Flop
Seat 8: speedmato folded before Flop (didn't bet)
Seat 9: iason4u (button) collected ($0.08)



PokerStars Hand #230410721811:  Hold'em No Limit ($0.01/$0.02 USD) - 2021/10/06 16:41:13 PT [2021/10/06 19:41:13 ET]
Table 'Apollonia III' 9-max Seat #2 is the button
Seat 2: LuckyGranpa ($0.76 in chips) 
Seat 3: delao med ($1.99 in chips) 
Seat 4: Dorex2007 ($2.86 in chips) 
Seat 5: Jones.OM ($2.76 in chips) 
Seat 6: sebatju ($0.95 in chips) 
Seat 7: dr doido ($0.60 in chips) 
Seat 8: speedmato ($1.97 in chips) 
Seat 9: iason4u ($5.57 in chips) 
delao med: posts small blind $0.01
Dorex2007: posts big blind $0.02
megazanos: sits out 
*** HOLE CARDS ***
Dealt to Dorex2007 [Ts As]
Jones.OM: folds 
sebatju: folds 
dr doido: calls $0.02
speedmato: folds 
iason4u: folds 
LuckyGranpa: folds 
delao med: calls $0.01
Dorex2007: checks 
*** FLOP *** [2h 5d Qd]
delao med: checks 
Dorex2007: checks 
dr doido: checks 
*** TURN *** [2h 5d Qd] [Qh]
delao med: bets $0.06
Dorex2007: folds 
dr doido: folds 
Uncalled bet ($0.06) returned to delao med
delao med collected $0.06 from pot
delao med: doesn't show hand 
*** SUMMARY ***
Total pot $0.06 | Rake $0 
Board [2h 5d Qd Qh]
Seat 2: LuckyGranpa (button) folded before Flop (didn't bet)
Seat 3: delao med (small blind) collected ($0.06)
Seat 4: Dorex2007 (big blind) folded on the Turn
Seat 5: Jones.OM folded before Flop (didn't bet)
Seat 6: sebatju folded before Flop (didn't bet)
Seat 7: dr doido folded on the Turn
Seat 8: speedmato folded before Flop (didn't bet)
Seat 9: iason4u folded before Flop (didn't bet)



PokerStars Hand #230410741225:  Hold'em No Limit ($0.01/$0.02 USD) - 2021/10/06 16:42:06 PT [2021/10/06 19:42:06 ET]
Table 'Apollonia III' 9-max Seat #3 is the button
Seat 2: LuckyGranpa ($0.76 in chips) 
Seat 3: delao med ($2.03 in chips) 
Seat 4: Dorex2007 ($2.84 in chips) 
Seat 5: Jones.OM ($2.76 in chips) 
Seat 6: sebatju ($0.95 in chips) 
Seat 7: dr doido ($0.58 in chips) 
Seat 8: speedmato ($1.97 in chips) 
Seat 9: iason4u ($5.57 in chips) 
Dorex2007: posts small blind $0.01
Jones.OM: posts big blind $0.02
megazanos: sits out 
*** HOLE CARDS ***
Dealt to Dorex2007 [3h Jc]
sebatju: folds 
dr doido: folds 
speedmato: folds 
iason4u: folds 
LuckyGranpa: folds 
delao med: raises $0.05 to $0.07
Dorex2007: folds 
Jones.OM: calls $0.05
*** FLOP *** [Qd 4c Th]
Jones.OM: checks 
delao med: checks 
*** TURN *** [Qd 4c Th] [3c]
Jones.OM: bets $0.08
delao med: folds 
Uncalled bet ($0.08) returned to Jones.OM
Jones.OM collected $0.14 from pot
Jones.OM: doesn't show hand 
*** SUMMARY ***
Total pot $0.15 | Rake $0.01 
Board [Qd 4c Th 3c]
Seat 2: LuckyGranpa folded before Flop (didn't bet)
Seat 3: delao med (button) folded on the Turn
Seat 4: Dorex2007 (small blind) folded before Flop
Seat 5: Jones.OM (big blind) collected ($0.14)
Seat 6: sebatju folded before Flop (didn't bet)
Seat 7: dr doido folded before Flop (didn't bet)
Seat 8: speedmato folded before Flop (didn't bet)
Seat 9: iason4u folded before Flop (didn't bet)



PokerStars Hand #230410761877:  Hold'em No Limit ($0.01/$0.02 USD) - 2021/10/06 16:42:56 PT [2021/10/06 19:42:56 ET]
Table 'Apollonia III' 9-max Seat #4 is the button
Seat 2: LuckyGranpa ($0.76 in chips) 
Seat 3: delao med ($1.96 in chips) 
Seat 4: Dorex2007 ($2.83 in chips) 
Seat 5: Jones.OM ($2.83 in chips) 
Seat 6: sebatju ($0.95 in chips) 
Seat 7: dr doido ($0.58 in chips) 
Seat 8: speedmato ($1.97 in chips) 
Seat 9: iason4u ($5.57 in chips) 
Jones.OM: posts small blind $0.01
sebatju: posts big blind $0.02
megazanos: sits out 
*** HOLE CARDS ***
Dealt to Dorex2007 [6d Ac]
dr doido: folds 
speedmato: folds 
iason4u: folds 
LuckyGranpa: raises $0.02 to $0.04
delao med: calls $0.04
Dorex2007: folds 
Jones.OM: folds 
sebatju: folds 
*** FLOP *** [3h 7d Ah]
LuckyGranpa: bets $0.06
delao med: folds 
Uncalled bet ($0.06) returned to LuckyGranpa
LuckyGranpa collected $0.11 from pot
LuckyGranpa: doesn't show hand 
*** SUMMARY ***
Total pot $0.11 | Rake $0 
Board [3h 7d Ah]
Seat 2: LuckyGranpa collected ($0.11)
Seat 3: delao med folded on the Flop
Seat 4: Dorex2007 (button) folded before Flop (didn't bet)
Seat 5: Jones.OM (small blind) folded before Flop
Seat 6: sebatju (big blind) folded before Flop
Seat 7: dr doido folded before Flop (didn't bet)
Seat 8: speedmato folded before Flop (didn't bet)
Seat 9: iason4u folded before Flop (didn't bet)



PokerStars Hand #230410772153:  Hold'em No Limit ($0.01/$0.02 USD) - 2021/10/06 16:43:32 PT [2021/10/06 19:43:32 ET]
Table 'Apollonia III' 9-max Seat #5 is the button
Seat 2: LuckyGranpa ($0.83 in chips) 
Seat 3: delao med ($1.92 in chips) 
Seat 4: Dorex2007 ($2.83 in chips) 
Seat 5: Jones.OM ($2.82 in chips) 
Seat 6: sebatju ($0.93 in chips) 
Seat 7: dr doido ($0.58 in chips) 
Seat 8: speedmato ($1.97 in chips) 
Seat 9: iason4u ($5.57 in chips) 
sebatju: posts small blind $0.01
dr doido: posts big blind $0.02
megazanos: sits out 
*** HOLE CARDS ***
Dealt to Dorex2007 [Jc 2d]
speedmato has timed out
speedmato: folds 
iason4u: folds 
LuckyGranpa: folds 
delao med: calls $0.02
Dorex2007: folds 
Jones.OM: folds 
sebatju: folds 
dr doido: checks 
*** FLOP *** [Ah 2s Kd]
dr doido: checks 
delao med: checks 
*** TURN *** [Ah 2s Kd] [Jh]
dr doido: checks 
delao med: bets $0.05
dr doido: folds 
Uncalled bet ($0.05) returned to delao med
delao med collected $0.05 from pot
delao med: doesn't show hand 
*** SUMMARY ***
Total pot $0.05 | Rake $0 
Board [Ah 2s Kd Jh]
Seat 2: LuckyGranpa folded before Flop (didn't bet)
Seat 3: delao med collected ($0.05)
Seat 4: Dorex2007 folded before Flop (didn't bet)
Seat 5: Jones.OM (button) folded before Flop (didn't bet)
Seat 6: sebatju (small blind) folded before Flop
Seat 7: dr doido (big blind) folded on the Turn
Seat 8: speedmato folded before Flop (didn't bet)
Seat 9: iason4u folded before Flop (didn't bet)



PokerStars Hand #230410783321:  Hold'em No Limit ($0.01/$0.02 USD) - 2021/10/06 16:44:12 PT [2021/10/06 19:44:12 ET]
Table 'Apollonia III' 9-max Seat #6 is the button
Seat 2: LuckyGranpa ($0.83 in chips) 
Seat 3: delao med ($1.95 in chips) 
Seat 4: Dorex2007 ($2.83 in chips) 
Seat 5: Jones.OM ($2.82 in chips) 
Seat 6: sebatju ($0.92 in chips) 
Seat 7: dr doido ($0.56 in chips) 
Seat 8: speedmato ($1.97 in chips) 
Seat 9: iason4u ($5.57 in chips) 
dr doido: posts small blind $0.01
speedmato: posts big blind $0.02
megazanos: sits out 
*** HOLE CARDS ***
Dealt to Dorex2007 [7d Th]
iason4u: folds 
LuckyGranpa: folds 
delao med: raises $0.05 to $0.07
Dorex2007: folds 
Jones.OM: folds 
sebatju: calls $0.07
dr doido: folds 
speedmato: calls $0.05
*** FLOP *** [6h 9d 3d]
speedmato: checks 
delao med: checks 
sebatju: checks 
*** TURN *** [6h 9d 3d] [8c]
speedmato: bets $0.11
delao med: calls $0.11
sebatju: folds 
*** RIVER *** [6h 9d 3d 8c] [8s]
speedmato: checks 
delao med: bets $0.21
speedmato: folds 
Uncalled bet ($0.21) returned to delao med
delao med collected $0.42 from pot
delao med: doesn't show hand 
*** SUMMARY ***
Total pot $0.44 | Rake $0.02 
Board [6h 9d 3d 8c 8s]
Seat 2: LuckyGranpa folded before Flop (didn't bet)
Seat 3: delao med collected ($0.42)
Seat 4: Dorex2007 folded before Flop (didn't bet)
Seat 5: Jones.OM folded before Flop (didn't bet)
Seat 6: sebatju (button) folded on the Turn
Seat 7: dr doido (small blind) folded before Flop
Seat 8: speedmato (big blind) folded on the River
Seat 9: iason4u folded before Flop (didn't bet)



PokerStars Hand #230410799056:  Hold'em No Limit ($0.01/$0.02 USD) - 2021/10/06 16:45:08 PT [2021/10/06 19:45:08 ET]
Table 'Apollonia III' 9-max Seat #7 is the button
Seat 2: LuckyGranpa ($0.83 in chips) 
Seat 3: delao med ($2.19 in chips) 
Seat 4: Dorex2007 ($2.83 in chips) 
Seat 5: Jones.OM ($2.82 in chips) 
Seat 6: sebatju ($0.85 in chips) 
Seat 7: dr doido ($0.55 in chips) 
Seat 8: speedmato ($1.79 in chips) 
Seat 9: iason4u ($5.57 in chips) 
speedmato: posts small blind $0.01
iason4u: posts big blind $0.02
megazanos: sits out 
*** HOLE CARDS ***
Dealt to Dorex2007 [9c 7c]
LuckyGranpa: folds 
delao med: raises $0.21 to $0.23
Dorex2007: folds 
Jones.OM: folds 
sebatju: folds 
dr doido: folds 
speedmato: folds 
iason4u: folds 
Uncalled bet ($0.21) returned to delao med
delao med collected $0.05 from pot
delao med: doesn't show hand 
*** SUMMARY ***
Total pot $0.05 | Rake $0 
Seat 2: LuckyGranpa folded before Flop (didn't bet)
Seat 3: delao med collected ($0.05)
Seat 4: Dorex2007 folded before Flop (didn't bet)
Seat 5: Jones.OM folded before Flop (didn't bet)
Seat 6: sebatju folded before Flop (didn't bet)
Seat 7: dr doido (button) folded before Flop (didn't bet)
Seat 8: speedmato (small blind) folded before Flop
Seat 9: iason4u (big blind) folded before Flop



PokerStars Hand #230410805292:  Hold'em No Limit ($0.01/$0.02 USD) - 2021/10/06 16:45:30 PT [2021/10/06 19:45:30 ET]
Table 'Apollonia III' 9-max Seat #8 is the button
Seat 1: megazanos ($2 in chips) 
Seat 2: LuckyGranpa ($0.83 in chips) 
Seat 3: delao med ($2.22 in chips) 
Seat 4: Dorex2007 ($2.83 in chips) 
Seat 5: Jones.OM ($2.82 in chips) 
Seat 6: sebatju ($0.85 in chips) 
Seat 7: dr doido ($0.55 in chips) 
Seat 8: speedmato ($1.78 in chips) 
Seat 9: iason4u ($5.55 in chips) 
iason4u: posts small blind $0.01
megazanos: posts big blind $0.02
*** HOLE CARDS ***
Dealt to Dorex2007 [Th Qh]
LuckyGranpa: folds 
delao med: raises $0.02 to $0.04
Dorex2007: raises $0.08 to $0.12
Jones.OM: folds 
sebatju: folds 
dr doido: calls $0.12
speedmato: folds 
iason4u: calls $0.11
megazanos: folds 
delao med: folds 
*** FLOP *** [2d Js 8h]
iason4u: checks 
Dorex2007: checks 
dr doido: checks 
*** TURN *** [2d Js 8h] [Ts]
iason4u: checks 
Dorex2007: bets $0.41
dr doido: calls $0.41
iason4u: folds 
*** RIVER *** [2d Js 8h Ts] [4d]
Dorex2007: checks 
dr doido: checks 
*** SHOW DOWN ***
Dorex2007: shows [Th Qh] (a pair of Tens)
dr doido: mucks hand 
Dorex2007 collected $1.20 from pot
*** SUMMARY ***
Total pot $1.24 | Rake $0.04 
Board [2d Js 8h Ts 4d]
Seat 1: megazanos (big blind) folded before Flop
Seat 2: LuckyGranpa folded before Flop (didn't bet)
Seat 3: delao med folded before Flop
Seat 4: Dorex2007 showed [Th Qh] and won ($1.20) with a pair of Tens
Seat 5: Jones.OM folded before Flop (didn't bet)
Seat 6: sebatju folded before Flop (didn't bet)
Seat 7: dr doido mucked [Ad Ks]
Seat 8: speedmato (button) folded before Flop (didn't bet)
Seat 9: iason4u (small blind) folded on the Turn



PokerStars Hand #230410824565:  Hold'em No Limit ($0.01/$0.02 USD) - 2021/10/06 16:46:39 PT [2021/10/06 19:46:39 ET]
Table 'Apollonia III' 9-max Seat #9 is the button
Seat 1: megazanos ($2 in chips) 
Seat 2: LuckyGranpa ($0.83 in chips) 
Seat 3: delao med ($2.18 in chips) 
Seat 4: Dorex2007 ($3.50 in chips) 
Seat 5: Jones.OM ($2.82 in chips) 
Seat 6: sebatju ($0.85 in chips) 
Seat 7: dr doido ($0.02 in chips) 
Seat 8: speedmato ($1.78 in chips) 
Seat 9: iason4u ($5.43 in chips) 
megazanos: posts small blind $0.01
LuckyGranpa: posts big blind $0.02
*** HOLE CARDS ***
Dealt to Dorex2007 [5d 5c]
delao med: raises $0.07 to $0.09
Dorex2007: folds 
Jones.OM: raises $0.11 to $0.20
sebatju: folds 
dr doido: calls $0.02 and is all-in
speedmato: folds 
iason4u: folds 
megazanos: folds 
LuckyGranpa: folds 
delao med: calls $0.11
*** FLOP *** [As 4d 5s]
delao med: checks 
Jones.OM: bets $0.22
delao med: folds 
Uncalled bet ($0.22) returned to Jones.OM
*** TURN *** [As 4d 5s] [2s]
*** RIVER *** [As 4d 5s 2s] [4c]
*** SHOW DOWN ***
Jones.OM: shows [Ad Kc] (two pair, Aces and Fours)
Jones.OM collected $0.34 from side pot
dr doido: shows [Ac 4s] (a full house, Fours full of Aces)
dr doido collected $0.09 from main pot
*** SUMMARY ***
Total pot $0.45 Main pot $0.09. Side pot $0.34. | Rake $0.02 
Board [As 4d 5s 2s 4c]
Seat 1: megazanos (small blind) folded before Flop
Seat 2: LuckyGranpa (big blind) folded before Flop
Seat 3: delao med folded on the Flop
Seat 4: Dorex2007 folded before Flop (didn't bet)
Seat 5: Jones.OM showed [Ad Kc] and won ($0.34) with two pair, Aces and Fours
Seat 6: sebatju folded before Flop (didn't bet)
Seat 7: dr doido showed [Ac 4s] and won ($0.09) with a full house, Fours full of Aces
Seat 8: speedmato folded before Flop (didn't bet)
Seat 9: iason4u (button) folded before Flop (didn't bet)



PokerStars Hand #230410839861:  Hold'em No Limit ($0.01/$0.02 USD) - 2021/10/06 16:47:34 PT [2021/10/06 19:47:34 ET]
Table 'Apollonia III' 9-max Seat #1 is the button
Seat 1: megazanos ($2 in chips) 
Seat 2: LuckyGranpa ($0.81 in chips) 
Seat 3: delao med ($1.98 in chips) 
Seat 4: Dorex2007 ($3.50 in chips) 
Seat 5: Jones.OM ($2.96 in chips) 
Seat 6: sebatju ($0.85 in chips) 
Seat 7: dr doido ($0.09 in chips) 
Seat 8: speedmato ($1.78 in chips) 
Seat 9: iason4u ($5.43 in chips) 
LuckyGranpa: posts small blind $0.01
delao med: posts big blind $0.02
*** HOLE CARDS ***
Dealt to Dorex2007 [2d 4s]
Dorex2007: folds 
Jones.OM: raises $0.06 to $0.08
sebatju: folds 
dr doido: folds 
speedmato: folds 
iason4u: folds 
megazanos: folds 
LuckyGranpa: folds 
delao med: folds 
Uncalled bet ($0.06) returned to Jones.OM
Jones.OM collected $0.05 from pot
Jones.OM: doesn't show hand 
*** SUMMARY ***
Total pot $0.05 | Rake $0 
Seat 1: megazanos (button) folded before Flop (didn't bet)
Seat 2: LuckyGranpa (small blind) folded before Flop
Seat 3: delao med (big blind) folded before Flop
Seat 4: Dorex2007 folded before Flop (didn't bet)
Seat 5: Jones.OM collected ($0.05)
Seat 6: sebatju folded before Flop (didn't bet)
Seat 7: dr doido folded before Flop (didn't bet)
Seat 8: speedmato folded before Flop (didn't bet)
Seat 9: iason4u folded before Flop (didn't bet)



PokerStars Hand #230410844091:  Hold'em No Limit ($0.01/$0.02 USD) - 2021/10/06 16:47:49 PT [2021/10/06 19:47:49 ET]
Table 'Apollonia III' 9-max Seat #2 is the button
Seat 1: megazanos ($2 in chips) 
Seat 2: LuckyGranpa ($0.80 in chips) 
Seat 3: delao med ($1.96 in chips) 
Seat 4: Dorex2007 ($3.50 in chips) 
Seat 5: Jones.OM ($2.99 in chips) 
Seat 6: sebatju ($0.85 in chips) 
Seat 7: dr doido ($0.09 in chips) 
Seat 8: speedmato ($1.78 in chips) 
Seat 9: iason4u ($5.43 in chips) 
delao med: posts small blind $0.01
Dorex2007: posts big blind $0.02
*** HOLE CARDS ***
Dealt to Dorex2007 [9s 4c]
Jones.OM: folds 
sebatju: raises $0.03 to $0.05
dr doido: raises $0.04 to $0.09 and is all-in
speedmato: calls $0.09
iason4u: folds 
megazanos: folds 
LuckyGranpa: folds 
delao med: calls $0.08
Dorex2007: folds 
sebatju: calls $0.04
*** FLOP *** [5d 2s 3d]
delao med: checks 
sebatju: checks 
speedmato: checks 
*** TURN *** [5d 2s 3d] [Tc]
delao med: bets $0.51
sebatju: calls $0.51
speedmato: folds 
*** RIVER *** [5d 2s 3d Tc] [3h]
delao med: bets $0.26
sebatju: calls $0.25 and is all-in
Uncalled bet ($0.01) returned to delao med
*** SHOW DOWN ***
delao med: shows [Ts Ac] (two pair, Tens and Threes)
sebatju: shows [5c 5s] (a full house, Fives full of Threes)
sebatju collected $1.46 from side pot
dr doido: shows [4d 4h] (two pair, Fours and Threes)
sebatju collected $0.37 from main pot
*** SUMMARY ***
Total pot $1.90 Main pot $0.37. Side pot $1.46. | Rake $0.07 
Board [5d 2s 3d Tc 3h]
Seat 1: megazanos folded before Flop (didn't bet)
Seat 2: LuckyGranpa (button) folded before Flop (didn't bet)
Seat 3: delao med (small blind) showed [Ts Ac] and lost with two pair, Tens and Threes
Seat 4: Dorex2007 (big blind) folded before Flop
Seat 5: Jones.OM folded before Flop (didn't bet)
Seat 6: sebatju showed [5c 5s] and won ($1.83) with a full house, Fives full of Threes
Seat 7: dr doido showed [4d 4h] and lost with two pair, Fours and Threes
Seat 8: speedmato folded on the Turn
Seat 9: iason4u folded before Flop (didn't bet)



PokerStars Hand #230410863730:  Hold'em No Limit ($0.01/$0.02 USD) - 2021/10/06 16:49:00 PT [2021/10/06 19:49:00 ET]
Table 'Apollonia III' 9-max Seat #3 is the button
Seat 1: megazanos ($2 in chips) 
Seat 2: LuckyGranpa ($0.80 in chips) 
Seat 3: delao med ($1.11 in chips) 
Seat 4: Dorex2007 ($3.48 in chips) 
Seat 5: Jones.OM ($2.99 in chips) 
Seat 6: sebatju ($1.83 in chips) 
Seat 8: speedmato ($1.69 in chips) 
Seat 9: iason4u ($5.43 in chips) 
Dorex2007: posts small blind $0.01
Jones.OM: posts big blind $0.02
*** HOLE CARDS ***
Dealt to Dorex2007 [Kc Jh]
sebatju: folds 
speedmato: raises $0.02 to $0.04
iason4u: calls $0.04
megazanos: folds 
LuckyGranpa: folds 
delao med: calls $0.04
Dorex2007: calls $0.03
Jones.OM: folds 
*** FLOP *** [Th Ac 3s]
Dorex2007: checks 
speedmato: checks 
iason4u: checks 
dr doido leaves the table
delao med: checks 
*** TURN *** [Th Ac 3s] [Qh]
Dorex2007: bets $0.09
speedmato: raises $0.09 to $0.18
iason4u: folds 
delao med: folds 
Dorex2007: raises $3.26 to $3.44 and is all-in
speedmato: calls $1.47 and is all-in
Uncalled bet ($1.79) returned to Dorex2007
*** RIVER *** [Th Ac 3s Qh] [5h]
*** SHOW DOWN ***
Dorex2007: shows [Kc Jh] (a straight, Ten to Ace)
speedmato: shows [Ad Ah] (three of a kind, Aces)
Dorex2007 collected $3.36 from pot
speedmato cashed out the hand for $0.75 | Cash Out Fee $0.01
*** SUMMARY ***
Total pot $3.48 | Rake $0.12 
Board [Th Ac 3s Qh 5h]
Seat 1: megazanos folded before Flop (didn't bet)
Seat 2: LuckyGranpa folded before Flop (didn't bet)
Seat 3: delao med (button) folded on the Turn
Seat 4: Dorex2007 (small blind) showed [Kc Jh] and won ($3.36) with a straight, Ten to Ace
Seat 5: Jones.OM (big blind) folded before Flop
Seat 6: sebatju folded before Flop (didn't bet)
Seat 8: speedmato showed [Ad Ah] and lost with three of a kind, Aces (cashed out).
Seat 9: iason4u folded on the Turn



PokerStars Hand #230410890610:  Hold'em No Limit ($0.01/$0.02 USD) - 2021/10/06 16:50:38 PT [2021/10/06 19:50:38 ET]
Table 'Apollonia III' 9-max Seat #4 is the button
Seat 1: megazanos ($2 in chips) 
Seat 2: LuckyGranpa ($0.80 in chips) 
Seat 3: delao med ($1.96 in chips) 
Seat 4: Dorex2007 ($5.15 in chips) 
Seat 5: Jones.OM ($2.97 in chips) 
Seat 6: sebatju ($1.83 in chips) 
Seat 8: speedmato ($0.75 in chips) 
Seat 9: iason4u ($5.39 in chips) 
Jones.OM: posts small blind $0.01
sebatju: posts big blind $0.02
*** HOLE CARDS ***
Dealt to Dorex2007 [7d 9h]
speedmato: folds 
iason4u: folds 
megazanos has timed out
megazanos: folds 
LuckyGranpa: folds 
delao med: folds 
Dorex2007: folds 
Jones.OM: folds 
Uncalled bet ($0.01) returned to sebatju
sebatju collected $0.02 from pot
sebatju: doesn't show hand 
*** SUMMARY ***
Total pot $0.02 | Rake $0 
Seat 1: megazanos folded before Flop (didn't bet)
Seat 2: LuckyGranpa folded before Flop (didn't bet)
Seat 3: delao med folded before Flop (didn't bet)
Seat 4: Dorex2007 (button) folded before Flop (didn't bet)
Seat 5: Jones.OM (small blind) folded before Flop
Seat 6: sebatju (big blind) collected ($0.02)
Seat 8: speedmato folded before Flop (didn't bet)
Seat 9: iason4u folded before Flop (didn't bet)



PokerStars Hand #230410897840:  Hold'em No Limit ($0.01/$0.02 USD) - 2021/10/06 16:51:04 PT [2021/10/06 19:51:04 ET]
Table 'Apollonia III' 9-max Seat #5 is the button
Seat 1: megazanos ($2 in chips) 
Seat 2: LuckyGranpa ($0.80 in chips) 
Seat 3: delao med ($1.96 in chips) 
Seat 4: Dorex2007 ($5.15 in chips) 
Seat 5: Jones.OM ($2.96 in chips) 
Seat 6: sebatju ($1.84 in chips) 
Seat 8: speedmato ($0.75 in chips) 
Seat 9: iason4u ($5.39 in chips) 
sebatju: posts small blind $0.01
speedmato: posts big blind $0.02
*** HOLE CARDS ***
Dealt to Dorex2007 [Kc 8c]
iason4u: folds 
megazanos: raises $0.04 to $0.06
LuckyGranpa: folds 
delao med: folds 
Dorex2007: folds 
Jones.OM: folds 
sebatju: folds 
speedmato: folds 
Uncalled bet ($0.04) returned to megazanos
megazanos collected $0.05 from pot
megazanos: doesn't show hand 
*** SUMMARY ***
Total pot $0.05 | Rake $0 
Seat 1: megazanos collected ($0.05)
Seat 2: LuckyGranpa folded before Flop (didn't bet)
Seat 3: delao med folded before Flop (didn't bet)
Seat 4: Dorex2007 folded before Flop (didn't bet)
Seat 5: Jones.OM (button) folded before Flop (didn't bet)
Seat 6: sebatju (small blind) folded before Flop
Seat 8: speedmato (big blind) folded before Flop
Seat 9: iason4u folded before Flop (didn't bet)



PokerStars Hand #230410903757:  Hold'em No Limit ($0.01/$0.02 USD) - 2021/10/06 16:51:26 PT [2021/10/06 19:51:26 ET]
Table 'Apollonia III' 9-max Seat #6 is the button
Seat 1: megazanos ($2.03 in chips) 
Seat 2: LuckyGranpa ($0.80 in chips) 
Seat 3: delao med ($1.96 in chips) 
Seat 4: Dorex2007 ($5.15 in chips) 
Seat 5: Jones.OM ($2.96 in chips) 
Seat 6: sebatju ($1.83 in chips) 
Seat 8: speedmato ($0.73 in chips) 
Seat 9: iason4u ($5.39 in chips) 
speedmato: posts small blind $0.01
iason4u: posts big blind $0.02
*** HOLE CARDS ***
Dealt to Dorex2007 [Qs 8h]
megazanos: folds 
LuckyGranpa: folds 
megazanos leaves the table
delao med: folds 
Dorex2007: folds 
Jones.OM: folds 
sebatju: folds 
speedmato: folds 
Uncalled bet ($0.01) returned to iason4u
iason4u collected $0.02 from pot
iason4u: doesn't show hand 
*** SUMMARY ***
Total pot $0.02 | Rake $0 
Seat 1: megazanos folded before Flop (didn't bet)
Seat 2: LuckyGranpa folded before Flop (didn't bet)
Seat 3: delao med folded before Flop (didn't bet)
Seat 4: Dorex2007 folded before Flop (didn't bet)
Seat 5: Jones.OM folded before Flop (didn't bet)
Seat 6: sebatju (button) folded before Flop (didn't bet)
Seat 8: speedmato (small blind) folded before Flop
Seat 9: iason4u (big blind) collected ($0.02)



PokerStars Hand #230410909609:  Hold'em No Limit ($0.01/$0.02 USD) - 2021/10/06 16:51:48 PT [2021/10/06 19:51:48 ET]
Table 'Apollonia III' 9-max Seat #8 is the button
Seat 2: LuckyGranpa ($0.80 in chips) 
Seat 3: delao med ($1.96 in chips) 
Seat 4: Dorex2007 ($5.15 in chips) 
Seat 5: Jones.OM ($2.96 in chips) 
Seat 6: sebatju ($1.83 in chips) 
Seat 8: speedmato ($0.72 in chips) 
Seat 9: iason4u ($5.40 in chips) 
iason4u: posts small blind $0.01
LuckyGranpa: posts big blind $0.02
*** HOLE CARDS ***
Dealt to Dorex2007 [Kd 8h]
superjod218 joins the table at seat #7 
delao med: raises $0.15 to $0.17
Dorex2007: folds 
Jones.OM: folds 
sebatju: folds 
speedmato: folds 
iason4u: folds 
LuckyGranpa: folds 
Uncalled bet ($0.15) returned to delao med
delao med collected $0.05 from pot
delao med: doesn't show hand 
*** SUMMARY ***
Total pot $0.05 | Rake $0 
Seat 2: LuckyGranpa (big blind) folded before Flop
Seat 3: delao med collected ($0.05)
Seat 4: Dorex2007 folded before Flop (didn't bet)
Seat 5: Jones.OM folded before Flop (didn't bet)
Seat 6: sebatju folded before Flop (didn't bet)
Seat 8: speedmato (button) folded before Flop (didn't bet)
Seat 9: iason4u (small blind) folded before Flop



PokerStars Hand #230410916311:  Hold'em No Limit ($0.01/$0.02 USD) - 2021/10/06 16:52:13 PT [2021/10/06 19:52:13 ET]
Table 'Apollonia III' 9-max Seat #9 is the button
Seat 2: LuckyGranpa ($0.78 in chips) 
Seat 3: delao med ($1.99 in chips) 
Seat 4: Dorex2007 ($5.15 in chips) 
Seat 5: Jones.OM ($2.96 in chips) 
Seat 6: sebatju ($1.83 in chips) 
Seat 8: speedmato ($0.72 in chips) 
Seat 9: iason4u ($5.39 in chips) 
LuckyGranpa: posts small blind $0.01
delao med: posts big blind $0.02
superjod218: sits out 
*** HOLE CARDS ***
Dealt to Dorex2007 [Tc 8h]
Dorex2007: folds 
Jones.OM: folds 
sebatju: folds 
speedmato: raises $0.02 to $0.04
iason4u: folds 
LuckyGranpa: folds 
delao med: calls $0.02
*** FLOP *** [As 7d Kc]
delao med: checks 
speedmato: bets $0.05
delao med: folds 
Uncalled bet ($0.05) returned to speedmato
speedmato collected $0.09 from pot
speedmato: doesn't show hand 
*** SUMMARY ***
Total pot $0.09 | Rake $0 
Board [As 7d Kc]
Seat 2: LuckyGranpa (small blind) folded before Flop
Seat 3: delao med (big blind) folded on the Flop
Seat 4: Dorex2007 folded before Flop (didn't bet)
Seat 5: Jones.OM folded before Flop (didn't bet)
Seat 6: sebatju folded before Flop (didn't bet)
Seat 8: speedmato collected ($0.09)
Seat 9: iason4u (button) folded before Flop (didn't bet)



PokerStars Hand #230410929560:  Hold'em No Limit ($0.01/$0.02 USD) - 2021/10/06 16:53:02 PT [2021/10/06 19:53:02 ET]
Table 'Apollonia III' 9-max Seat #2 is the button
Seat 2: LuckyGranpa ($0.77 in chips) 
Seat 3: delao med ($1.95 in chips) 
Seat 4: Dorex2007 ($5.15 in chips) 
Seat 5: Jones.OM ($2.96 in chips) 
Seat 6: sebatju ($1.83 in chips) 
Seat 8: speedmato ($0.77 in chips) 
Seat 9: iason4u ($5.39 in chips) 
delao med: posts small blind $0.01
Dorex2007: posts big blind $0.02
superjod218: sits out 
*** HOLE CARDS ***
Dealt to Dorex2007 [Jh 9d]
Jones.OM: folds 
kamafeus joins the table at seat #1 
sebatju: folds 
speedmato: folds 
iason4u: folds 
LuckyGranpa: folds 
delao med: calls $0.01
Dorex2007: checks 
*** FLOP *** [Kd 4c 7h]
delao med: bets $0.10
Dorex2007: folds 
Uncalled bet ($0.10) returned to delao med
delao med collected $0.04 from pot
delao med: doesn't show hand 
*** SUMMARY ***
Total pot $0.04 | Rake $0 
Board [Kd 4c 7h]
Seat 2: LuckyGranpa (button) folded before Flop (didn't bet)
Seat 3: delao med (small blind) collected ($0.04)
Seat 4: Dorex2007 (big blind) folded on the Flop
Seat 5: Jones.OM folded before Flop (didn't bet)
Seat 6: sebatju folded before Flop (didn't bet)
Seat 8: speedmato folded before Flop (didn't bet)
Seat 9: iason4u folded before Flop (didn't bet)



PokerStars Hand #230410938116:  Hold'em No Limit ($0.01/$0.02 USD) - 2021/10/06 16:53:33 PT [2021/10/06 19:53:33 ET]
Table 'Apollonia III' 9-max Seat #3 is the button
Seat 1: kamafeus ($2 in chips) 
Seat 2: LuckyGranpa ($0.77 in chips) 
Seat 3: delao med ($1.97 in chips) 
Seat 4: Dorex2007 ($5.13 in chips) 
Seat 6: sebatju ($1.83 in chips) 
Seat 8: speedmato ($0.77 in chips) 
Seat 9: iason4u ($5.39 in chips) 
Dorex2007: posts small blind $0.01
Jones.OM: is sitting out 
sebatju: posts big blind $0.02
superjod218: sits out 
kamafeus: posts big blind $0.02
*** HOLE CARDS ***
Dealt to Dorex2007 [2h 4h]
speedmato: folds 
iason4u: folds 
kamafeus: checks 
LuckyGranpa: folds 
delao med: raises $0.15 to $0.17
Dorex2007: folds 
sebatju: raises $1.66 to $1.83 and is all-in
kamafeus: folds 
Jones.OM leaves the table
delao med: calls $1.66
*** FLOP *** [Ah Td 7h]
*** TURN *** [Ah Td 7h] [8c]
*** RIVER *** [Ah Td 7h 8c] [5c]
*** SHOW DOWN ***
sebatju: shows [Qc Qs] (a pair of Queens)
delao med: shows [Qd Kd] (high card Ace)
sebatju collected $3.56 from pot
*** SUMMARY ***
Total pot $3.69 | Rake $0.13 
Board [Ah Td 7h 8c 5c]
Seat 1: kamafeus folded before Flop (didn't bet)
Seat 2: LuckyGranpa folded before Flop (didn't bet)
Seat 3: delao med (button) showed [Qd Kd] and lost with high card Ace
Seat 4: Dorex2007 (small blind) folded before Flop
Seat 6: sebatju (big blind) showed [Qc Qs] and won ($3.56) with a pair of Queens
Seat 8: speedmato folded before Flop (didn't bet)
Seat 9: iason4u folded before Flop (didn't bet)



PokerStars Hand #230410950199:  Hold'em No Limit ($0.01/$0.02 USD) - 2021/10/06 16:54:18 PT [2021/10/06 19:54:18 ET]
Table 'Apollonia III' 9-max Seat #4 is the button
Seat 1: kamafeus ($1.98 in chips) 
Seat 2: LuckyGranpa ($0.77 in chips) 
Seat 3: delao med ($0.14 in chips) 
Seat 4: Dorex2007 ($5.12 in chips) 
Seat 6: sebatju ($3.56 in chips) 
Seat 7: superjod218 ($2 in chips) 
Seat 8: speedmato ($0.77 in chips) 
Seat 9: iason4u ($5.39 in chips) 
sebatju: posts small blind $0.01
superjod218: posts big blind $0.02
*** HOLE CARDS ***
Dealt to Dorex2007 [As 5d]
speedmato: calls $0.02
iason4u: folds 
kamafeus: folds 
credesa joins the table at seat #5 
LuckyGranpa: folds 
delao med: folds 
Dorex2007: folds 
sebatju: raises $0.03 to $0.05
superjod218: folds 
speedmato: calls $0.03
*** FLOP *** [6d Qc Ks]
sebatju: checks 
speedmato: checks 
*** TURN *** [6d Qc Ks] [6s]
sebatju: checks 
speedmato: bets $0.06
sebatju: folds 
Uncalled bet ($0.06) returned to speedmato
speedmato collected $0.12 from pot
speedmato: doesn't show hand 
*** SUMMARY ***
Total pot $0.12 | Rake $0 
Board [6d Qc Ks 6s]
Seat 1: kamafeus folded before Flop (didn't bet)
Seat 2: LuckyGranpa folded before Flop (didn't bet)
Seat 3: delao med folded before Flop (didn't bet)
Seat 4: Dorex2007 (button) folded before Flop (didn't bet)
Seat 6: sebatju (small blind) folded on the Turn
Seat 7: superjod218 (big blind) folded before Flop
Seat 8: speedmato collected ($0.12)
Seat 9: iason4u folded before Flop (didn't bet)



PokerStars Hand #230410962294:  Hold'em No Limit ($0.01/$0.02 USD) - 2021/10/06 16:55:02 PT [2021/10/06 19:55:02 ET]
Table 'Apollonia III' 9-max Seat #6 is the button
Seat 1: kamafeus ($1.98 in chips) 
Seat 2: LuckyGranpa ($0.77 in chips) 
Seat 3: delao med ($2 in chips) 
Seat 4: Dorex2007 ($5.12 in chips) 
Seat 6: sebatju ($3.51 in chips) 
Seat 7: superjod218 ($2 in chips) 
Seat 8: speedmato ($0.84 in chips) 
Seat 9: iason4u ($5.39 in chips) 
superjod218: posts small blind $0.01
speedmato: posts big blind $0.02
credesa: sits out 
*** HOLE CARDS ***
Dealt to Dorex2007 [Ad As]
iason4u: calls $0.02
kamafeus: calls $0.02
LuckyGranpa: folds 
delao med: raises $0.09 to $0.11
Dorex2007: raises $0.13 to $0.24
sebatju: calls $0.24
superjod218: folds 
speedmato: folds 
iason4u: calls $0.22
kamafeus: folds 
delao med: calls $0.13
*** FLOP *** [6s 3c 5c]
iason4u: checks 
delao med: bets $0.97
Dorex2007: raises $3.91 to $4.88 and is all-in
sebatju: folds 
sebatju leaves the table
iason4u: folds 
delao med: calls $0.79 and is all-in
Uncalled bet ($3.12) returned to Dorex2007
perffect16 joins the table at seat #6 
*** TURN *** [6s 3c 5c] [Kd]
*** RIVER *** [6s 3c 5c Kd] [Qs]
*** SHOW DOWN ***
delao med: shows [8c 8s] (a pair of Eights)
Dorex2007: shows [Ad As] (a pair of Aces)
delao med cashed out the hand for $0.72 | Cash Out Fee $0.01
Dorex2007 cashed out the hand for $3.60 | Cash Out Fee $0.04
*** SUMMARY ***
Total pot $4.53 | Rake $0.16 
Board [6s 3c 5c Kd Qs]
Seat 1: kamafeus folded before Flop
Seat 2: LuckyGranpa folded before Flop (didn't bet)
Seat 3: delao med showed [8c 8s] and lost with a pair of Eights (cashed out).
Seat 4: Dorex2007 showed [Ad As] and won ($4.37) with a pair of Aces (pot not awarded as player cashed out)
Seat 6: sebatju (button) folded on the Flop
Seat 7: superjod218 (small blind) folded before Flop
Seat 8: speedmato (big blind) folded before Flop
Seat 9: iason4u folded on the Flop



PokerStars Hand #230410979558:  Hold'em No Limit ($0.01/$0.02 USD) - 2021/10/06 16:56:14 PT [2021/10/06 19:56:14 ET]
Table 'Apollonia III' 9-max Seat #7 is the button
Seat 1: kamafeus ($1.96 in chips) 
Seat 2: LuckyGranpa ($0.77 in chips) 
Seat 3: delao med ($0.72 in chips) 
Seat 4: Dorex2007 ($6.72 in chips) 
Seat 7: superjod218 ($2 in chips) 
Seat 8: speedmato ($0.82 in chips) 
Seat 9: iason4u ($5.15 in chips) 
speedmato: posts small blind $0.01
iason4u: posts big blind $0.02
credesa: sits out 
perffect16: sits out 
*** HOLE CARDS ***
Dealt to Dorex2007 [7h 3s]
kamafeus has timed out
kamafeus: folds 
LuckyGranpa: folds 
delao med: folds 
Dorex2007: folds 
superjod218: folds 
speedmato: calls $0.01
iason4u: checks 
*** FLOP *** [Ac 8h Kh]
speedmato: checks 
iason4u: checks 
*** TURN *** [Ac 8h Kh] [Jc]
speedmato: bets $0.06
iason4u: calls $0.06
*** RIVER *** [Ac 8h Kh Jc] [As]
speedmato: checks 
iason4u: bets $0.12
speedmato: folds 
Uncalled bet ($0.12) returned to iason4u
iason4u collected $0.15 from pot
iason4u: doesn't show hand 
*** SUMMARY ***
Total pot $0.16 | Rake $0.01 
Board [Ac 8h Kh Jc As]
Seat 1: kamafeus folded before Flop (didn't bet)
Seat 2: LuckyGranpa folded before Flop (didn't bet)
Seat 3: delao med folded before Flop (didn't bet)
Seat 4: Dorex2007 folded before Flop (didn't bet)
Seat 7: superjod218 (button) folded before Flop (didn't bet)
Seat 8: speedmato (small blind) folded on the River
Seat 9: iason4u (big blind) collected ($0.15)



PokerStars Hand #230410992088:  Hold'em No Limit ($0.01/$0.02 USD) - 2021/10/06 16:57:10 PT [2021/10/06 19:57:10 ET]
Table 'Apollonia III' 9-max Seat #8 is the button
Seat 1: kamafeus ($1.96 in chips) 
Seat 2: LuckyGranpa ($0.77 in chips) 
Seat 3: delao med ($2 in chips) 
Seat 4: Dorex2007 ($6.72 in chips) 
Seat 7: superjod218 ($2 in chips) 
Seat 8: speedmato ($0.74 in chips) 
Seat 9: iason4u ($5.22 in chips) 
iason4u: posts small blind $0.01
kamafeus: posts big blind $0.02
credesa: sits out 
perffect16: sits out 
*** HOLE CARDS ***
Dealt to Dorex2007 [Ac 3h]
LuckyGranpa: folds 
delao med: calls $0.02
Dorex2007: folds 
superjod218: folds 
speedmato: folds 
iason4u: folds 
kamafeus: checks 
*** FLOP *** [7h 8s 3s]
kamafeus: checks 
delao med: bets $0.11
kamafeus: folds 
Uncalled bet ($0.11) returned to delao med
delao med collected $0.05 from pot
delao med: doesn't show hand 
*** SUMMARY ***
Total pot $0.05 | Rake $0 
Board [7h 8s 3s]
Seat 1: kamafeus (big blind) folded on the Flop
Seat 2: LuckyGranpa folded before Flop (didn't bet)
Seat 3: delao med collected ($0.05)
Seat 4: Dorex2007 folded before Flop (didn't bet)
Seat 7: superjod218 folded before Flop (didn't bet)
Seat 8: speedmato (button) folded before Flop (didn't bet)
Seat 9: iason4u (small blind) folded before Flop



PokerStars Hand #230411011809:  Hold'em No Limit ($0.01/$0.02 USD) - 2021/10/06 16:58:11 PT [2021/10/06 19:58:11 ET]
Table 'Apollonia III' 9-max Seat #9 is the button
Seat 1: kamafeus ($1.94 in chips) 
Seat 2: LuckyGranpa ($0.77 in chips) 
Seat 3: delao med ($2.03 in chips) 
Seat 4: Dorex2007 ($6.72 in chips) 
Seat 6: perffect16 ($2 in chips) 
Seat 7: superjod218 ($2 in chips) 
Seat 8: speedmato ($0.74 in chips) 
Seat 9: iason4u ($5.21 in chips) 
kamafeus: posts small blind $0.01
LuckyGranpa: posts big blind $0.02
credesa: sits out 
perffect16: posts big blind $0.02
*** HOLE CARDS ***
Dealt to Dorex2007 [Kc 3d]
delao med: folds 
Dorex2007: folds 
perffect16: raises $0.05 to $0.07
superjod218: folds 
speedmato: folds 
iason4u: calls $0.07
kamafeus: folds 
LuckyGranpa: folds 
*** FLOP *** [5s 2s 8s]
perffect16: checks 
iason4u: checks 
*** TURN *** [5s 2s 8s] [8h]
perffect16: checks 
iason4u: bets $0.12
perffect16: folds 
Uncalled bet ($0.12) returned to iason4u
iason4u collected $0.16 from pot
iason4u: doesn't show hand 
*** SUMMARY ***
Total pot $0.17 | Rake $0.01 
Board [5s 2s 8s 8h]
Seat 1: kamafeus (small blind) folded before Flop
Seat 2: LuckyGranpa (big blind) folded before Flop
Seat 3: delao med folded before Flop (didn't bet)
Seat 4: Dorex2007 folded before Flop (didn't bet)
Seat 6: perffect16 folded on the Turn
Seat 7: superjod218 folded before Flop (didn't bet)
Seat 8: speedmato folded before Flop (didn't bet)
Seat 9: iason4u (button) collected ($0.16)



PokerStars Hand #230411030464:  Hold'em No Limit ($0.01/$0.02 USD) - 2021/10/06 16:58:57 PT [2021/10/06 19:58:57 ET]
Table 'Apollonia III' 9-max Seat #1 is the button
Seat 1: kamafeus ($1.93 in chips) 
Seat 2: LuckyGranpa ($0.75 in chips) 
Seat 3: delao med ($2.03 in chips) 
Seat 4: Dorex2007 ($6.72 in chips) 
Seat 6: perffect16 ($1.93 in chips) 
Seat 7: superjod218 ($2 in chips) 
Seat 8: speedmato ($0.74 in chips) 
Seat 9: iason4u ($5.30 in chips) 
LuckyGranpa: posts small blind $0.01
delao med: posts big blind $0.02
credesa: sits out 
*** HOLE CARDS ***
Dealt to Dorex2007 [4c Qs]
Dorex2007: folds 
perffect16: raises $0.02 to $0.04
superjod218: folds 
speedmato: folds 
iason4u: calls $0.04
kamafeus: folds 
LuckyGranpa: calls $0.03
delao med: calls $0.02
*** FLOP *** [Jh Kh 3c]
LuckyGranpa: checks 
delao med: bets $0.15
perffect16: folds 
iason4u: calls $0.15
LuckyGranpa: folds 
*** TURN *** [Jh Kh 3c] [7c]
delao med: checks 
iason4u: bets $0.24
delao med: folds 
Uncalled bet ($0.24) returned to iason4u
iason4u collected $0.44 from pot
iason4u: doesn't show hand 
*** SUMMARY ***
Total pot $0.46 | Rake $0.02 
Board [Jh Kh 3c 7c]
Seat 1: kamafeus (button) folded before Flop (didn't bet)
Seat 2: LuckyGranpa (small blind) folded on the Flop
Seat 3: delao med (big blind) folded on the Turn
Seat 4: Dorex2007 folded before Flop (didn't bet)
Seat 6: perffect16 folded on the Flop
Seat 7: superjod218 folded before Flop (didn't bet)
Seat 8: speedmato folded before Flop (didn't bet)
Seat 9: iason4u collected ($0.44)



PokerStars Hand #230411044511:  Hold'em No Limit ($0.01/$0.02 USD) - 2021/10/06 17:00:00 PT [2021/10/06 20:00:00 ET]
Table 'Apollonia III' 9-max Seat #2 is the button
Seat 1: kamafeus ($1.93 in chips) 
Seat 2: LuckyGranpa ($0.71 in chips) 
Seat 3: delao med ($1.84 in chips) 
Seat 4: Dorex2007 ($6.72 in chips) 
Seat 6: perffect16 ($1.89 in chips) 
Seat 7: superjod218 ($2 in chips) 
Seat 8: speedmato ($0.74 in chips) 
Seat 9: iason4u ($5.55 in chips) 
delao med: posts small blind $0.01
Dorex2007: posts big blind $0.02
credesa: sits out 
*** HOLE CARDS ***
Dealt to Dorex2007 [8c 6d]
speedmato is disconnected 
perffect16: folds 
superjod218: folds 
speedmato has timed out while disconnected
speedmato: folds 
iason4u: raises $0.04 to $0.06
kamafeus: folds 
LuckyGranpa: folds 
delao med: folds 
Dorex2007: folds 
Uncalled bet ($0.04) returned to iason4u
iason4u collected $0.05 from pot
iason4u: doesn't show hand 
*** SUMMARY ***
Total pot $0.05 | Rake $0 
Seat 1: kamafeus folded before Flop (didn't bet)
Seat 2: LuckyGranpa (button) folded before Flop (didn't bet)
Seat 3: delao med (small blind) folded before Flop
Seat 4: Dorex2007 (big blind) folded before Flop
Seat 6: perffect16 folded before Flop (didn't bet)
Seat 7: superjod218 folded before Flop (didn't bet)
Seat 8: speedmato folded before Flop (didn't bet)
Seat 9: iason4u collected ($0.05)



PokerStars Hand #230411055805:  Hold'em No Limit ($0.01/$0.02 USD) - 2021/10/06 17:00:49 PT [2021/10/06 20:00:49 ET]
Table 'Apollonia III' 9-max Seat #3 is the button
Seat 1: kamafeus ($1.93 in chips) 
Seat 2: LuckyGranpa ($0.71 in chips) 
Seat 3: delao med ($1.83 in chips) 
Seat 4: Dorex2007 ($6.70 in chips) 
Seat 5: credesa ($0.80 in chips) 
Seat 6: perffect16 ($1.89 in chips) 
Seat 7: superjod218 ($2 in chips) 
Seat 9: iason4u ($5.58 in chips) 
Dorex2007: posts small blind $0.01
credesa: posts big blind $0.02
*** HOLE CARDS ***
Dealt to Dorex2007 [8c 9h]
perffect16: calls $0.02
superjod218: raises $0.06 to $0.08
iason4u: calls $0.08
kamafeus: calls $0.08
LuckyGranpa: folds 
delao med: calls $0.08
Dorex2007: folds 
credesa: folds 
perffect16: folds 
*** FLOP *** [5h 4d Js]
superjod218: bets $0.19
iason4u: folds 
kamafeus: raises $1.66 to $1.85 and is all-in
delao med: folds 
superjod218: folds 
Uncalled bet ($1.66) returned to kamafeus
kamafeus collected $0.72 from pot
kamafeus: doesn't show hand 
*** SUMMARY ***
Total pot $0.75 | Rake $0.03 
Board [5h 4d Js]
Seat 1: kamafeus collected ($0.72)
Seat 2: LuckyGranpa folded before Flop (didn't bet)
Seat 3: delao med (button) folded on the Flop
Seat 4: Dorex2007 (small blind) folded before Flop
Seat 5: credesa (big blind) folded before Flop
Seat 6: perffect16 folded before Flop
Seat 7: superjod218 folded on the Flop
Seat 9: iason4u folded on the Flop



PokerStars Hand #230411068859:  Hold'em No Limit ($0.01/$0.02 USD) - 2021/10/06 17:01:41 PT [2021/10/06 20:01:41 ET]
Table 'Apollonia III' 9-max Seat #4 is the button
Seat 1: kamafeus ($2.38 in chips) 
Seat 2: LuckyGranpa ($0.71 in chips) 
Seat 3: delao med ($1.75 in chips) 
Seat 4: Dorex2007 ($6.69 in chips) 
Seat 5: credesa ($0.78 in chips) 
Seat 6: perffect16 ($1.87 in chips) 
Seat 7: superjod218 ($2 in chips) 
Seat 8: speedmato ($0.74 in chips) 
Seat 9: iason4u ($5.50 in chips) 
credesa: posts small blind $0.01
perffect16: posts big blind $0.02
*** HOLE CARDS ***
Dealt to Dorex2007 [Ac 2d]
superjod218: folds 
speedmato has timed out
speedmato: folds 
iason4u: raises $0.04 to $0.06
kamafeus: folds 
LuckyGranpa: folds 
delao med: calls $0.06
Dorex2007: folds 
credesa: folds 
perffect16: folds 
*** FLOP *** [5h 6s 3d]
perffect16 leaves the table
iason4u: bets $0.07
delao med: calls $0.07
*** TURN *** [5h 6s 3d] [9d]
iason4u: checks 
speedmato leaves the table
delao med: checks 
*** RIVER *** [5h 6s 3d 9d] [Jc]
Gkalmpinos365 joins the table at seat #6 
iason4u: bets $0.28
delao med: folds 
Uncalled bet ($0.28) returned to iason4u
iason4u collected $0.28 from pot
iason4u: doesn't show hand 
*** SUMMARY ***
Total pot $0.29 | Rake $0.01 
Board [5h 6s 3d 9d Jc]
Seat 1: kamafeus folded before Flop (didn't bet)
Seat 2: LuckyGranpa folded before Flop (didn't bet)
Seat 3: delao med folded on the River
Seat 4: Dorex2007 (button) folded before Flop (didn't bet)
Seat 5: credesa (small blind) folded before Flop
Seat 6: perffect16 (big blind) folded before Flop
Seat 7: superjod218 folded before Flop (didn't bet)
Seat 8: speedmato folded before Flop (didn't bet)
Seat 9: iason4u collected ($0.28)



PokerStars Hand #230411087525:  Hold'em No Limit ($0.01/$0.02 USD) - 2021/10/06 17:02:53 PT [2021/10/06 20:02:53 ET]
Table 'Apollonia III' 9-max Seat #5 is the button
Seat 1: kamafeus ($2.38 in chips) 
Seat 2: LuckyGranpa ($0.71 in chips) 
Seat 3: delao med ($1.69 in chips) 
Seat 4: Dorex2007 ($6.69 in chips) 
Seat 5: credesa ($0.77 in chips) 
Seat 7: superjod218 ($2 in chips) 
Seat 9: iason4u ($5.65 in chips) 
superjod218: posts small blind $0.01
iason4u: posts big blind $0.02
*** HOLE CARDS ***
Dealt to Dorex2007 [6c 4c]
kamafeus: folds 
LuckyGranpa: folds 
delao med: calls $0.02
Dorex2007: folds 
Gkalmpinos365 said, "gamo ti mama sou"
credesa: folds 
superjod218: folds 
Gkalmpinos365 said, "your mother yes"
generalborda joins the table at seat #8 
iason4u: checks 
*** FLOP *** [8h Ac 3s]
Gkalmpinos365 said, "and your sisters"
iason4u: bets $0.04
delao med: folds 
Uncalled bet ($0.04) returned to iason4u
iason4u collected $0.05 from pot
iason4u: doesn't show hand 
*** SUMMARY ***
Total pot $0.05 | Rake $0 
Board [8h Ac 3s]
Seat 1: kamafeus folded before Flop (didn't bet)
Seat 2: LuckyGranpa folded before Flop (didn't bet)
Seat 3: delao med folded on the Flop
Seat 4: Dorex2007 folded before Flop (didn't bet)
Seat 5: credesa (button) folded before Flop (didn't bet)
Seat 7: superjod218 (small blind) folded before Flop
Seat 9: iason4u (big blind) collected ($0.05)



PokerStars Hand #230411096194:  Hold'em No Limit ($0.01/$0.02 USD) - 2021/10/06 17:03:27 PT [2021/10/06 20:03:27 ET]
Table 'Apollonia III' 9-max Seat #7 is the button
Seat 1: kamafeus ($2.38 in chips) 
Seat 2: LuckyGranpa ($0.71 in chips) 
Seat 3: delao med ($1.67 in chips) 
Seat 4: Dorex2007 ($6.69 in chips) 
Seat 5: credesa ($0.77 in chips) 
Seat 6: Gkalmpinos365 ($0.80 in chips) 
Seat 7: superjod218 ($2 in chips) 
Seat 9: iason4u ($5.68 in chips) 
iason4u: posts small blind $0.01
kamafeus: posts big blind $0.02
Gkalmpinos365: posts big blind $0.02
*** HOLE CARDS ***
Dealt to Dorex2007 [4h 5h]
LuckyGranpa: folds 
delao med: raises $0.07 to $0.09
Dorex2007: folds 
credesa: folds 
Gkalmpinos365: folds 
superjod218: folds 
iason4u: folds 
kamafeus: folds 
Uncalled bet ($0.07) returned to delao med
delao med collected $0.07 from pot
delao med: doesn't show hand 
*** SUMMARY ***
Total pot $0.07 | Rake $0 
Seat 1: kamafeus (big blind) folded before Flop
Seat 2: LuckyGranpa folded before Flop (didn't bet)
Seat 3: delao med collected ($0.07)
Seat 4: Dorex2007 folded before Flop (didn't bet)
Seat 5: credesa folded before Flop (didn't bet)
Seat 6: Gkalmpinos365 folded before Flop (didn't bet)
Seat 7: superjod218 (button) folded before Flop (didn't bet)
Seat 9: iason4u (small blind) folded before Flop



PokerStars Hand #230411101442:  Hold'em No Limit ($0.01/$0.02 USD) - 2021/10/06 17:03:46 PT [2021/10/06 20:03:46 ET]
Table 'Apollonia III' 9-max Seat #9 is the button
Seat 1: kamafeus ($2.36 in chips) 
Seat 2: LuckyGranpa ($0.71 in chips) 
Seat 3: delao med ($1.72 in chips) 
Seat 4: Dorex2007 ($6.69 in chips) 
Seat 5: credesa ($0.77 in chips) 
Seat 6: Gkalmpinos365 ($0.78 in chips) 
Seat 7: superjod218 ($2 in chips) 
Seat 9: iason4u ($5.67 in chips) 
kamafeus: posts small blind $0.01
LuckyGranpa: posts big blind $0.02
generalborda: sits out 
*** HOLE CARDS ***
Dealt to Dorex2007 [7s Jc]
delao med: raises $0.05 to $0.07
Dorex2007: folds 
credesa: calls $0.07
Gkalmpinos365: folds 
superjod218: folds 
iason4u: folds 
kamafeus: raises $2.29 to $2.36 and is all-in
LuckyGranpa: folds 
delao med: folds 
credesa: calls $0.70 and is all-in
Uncalled bet ($1.59) returned to kamafeus
*** FLOP *** [9h Th 5d]
*** TURN *** [9h Th 5d] [Td]
*** RIVER *** [9h Th 5d Td] [2s]
*** SHOW DOWN ***
kamafeus: shows [Qc Qd] (two pair, Queens and Tens)
credesa: shows [Ac Ks] (a pair of Tens)
kamafeus cashed out the hand for $0.89 | Cash Out Fee $0.01
*** SUMMARY ***
Total pot $1.63 | Rake $0.06 
Board [9h Th 5d Td 2s]
Seat 1: kamafeus (small blind) showed [Qc Qd] and won ($1.57) with two pair, Queens and Tens (pot not awarded as player cashed out)
Seat 2: LuckyGranpa (big blind) folded before Flop
Seat 3: delao med folded before Flop
Seat 4: Dorex2007 folded before Flop (didn't bet)
Seat 5: credesa showed [Ac Ks] and lost with a pair of Tens
Seat 6: Gkalmpinos365 folded before Flop (didn't bet)
Seat 7: superjod218 folded before Flop (didn't bet)
Seat 9: iason4u (button) folded before Flop (didn't bet)



PokerStars Hand #230411112246:  Hold'em No Limit ($0.01/$0.02 USD) - 2021/10/06 17:04:28 PT [2021/10/06 20:04:28 ET]
Table 'Apollonia III' 9-max Seat #1 is the button
Seat 1: kamafeus ($2.48 in chips) 
Seat 2: LuckyGranpa ($0.69 in chips) 
Seat 3: delao med ($1.65 in chips) 
Seat 4: Dorex2007 ($6.69 in chips) 
Seat 6: Gkalmpinos365 ($0.78 in chips) 
Seat 7: superjod218 ($2 in chips) 
Seat 9: iason4u ($5.67 in chips) 
LuckyGranpa: posts small blind $0.01
delao med: posts big blind $0.02
generalborda: sits out 
*** HOLE CARDS ***
Dealt to Dorex2007 [7s 6d]
Gkalmpinos365 said, "is myporn"
Dorex2007: folds 
Gkalmpinos365: folds 
superjod218: folds 
Gkalmpinos365 said, "your mother yes"
iason4u: folds 
kamafeus: calls $0.02
Gkalmpinos365 said, "yeah!!!"
LuckyGranpa: folds 
delao med: checks 
*** FLOP *** [9h 6s 3d]
delao med: checks 
kamafeus: checks 
*** TURN *** [9h 6s 3d] [3s]
delao med: bets $0.05
kamafeus: folds 
Uncalled bet ($0.05) returned to delao med
delao med collected $0.05 from pot
delao med: doesn't show hand 
*** SUMMARY ***
Total pot $0.05 | Rake $0 
Board [9h 6s 3d 3s]
Seat 1: kamafeus (button) folded on the Turn
Seat 2: LuckyGranpa (small blind) folded before Flop
Seat 3: delao med (big blind) collected ($0.05)
Seat 4: Dorex2007 folded before Flop (didn't bet)
Seat 6: Gkalmpinos365 folded before Flop (didn't bet)
Seat 7: superjod218 folded before Flop (didn't bet)
Seat 9: iason4u folded before Flop (didn't bet)



PokerStars Hand #230411125221:  Hold'em No Limit ($0.01/$0.02 USD) - 2021/10/06 17:05:16 PT [2021/10/06 20:05:16 ET]
Table 'Apollonia III' 9-max Seat #2 is the button
Seat 1: kamafeus ($2.46 in chips) 
Seat 2: LuckyGranpa ($0.68 in chips) 
Seat 3: delao med ($1.68 in chips) 
Seat 4: Dorex2007 ($6.69 in chips) 
Seat 5: credesa ($0.80 in chips) 
Seat 6: Gkalmpinos365 ($0.78 in chips) 
Seat 7: superjod218 ($2 in chips) 
Seat 9: iason4u ($5.67 in chips) 
delao med: posts small blind $0.01
Dorex2007: posts big blind $0.02
generalborda: sits out 
*** HOLE CARDS ***
Dealt to Dorex2007 [Js 6s]
credesa: folds 
Gkalmpinos365: calls $0.02
superjod218: raises $0.06 to $0.08
iason4u: calls $0.08
kamafeus: folds 
LuckyGranpa: folds 
delao med: calls $0.07
Dorex2007: folds 
Gkalmpinos365: folds 
*** FLOP *** [7d 8s 9s]
delao med: checks 
superjod218: checks 
iason4u: checks 
*** TURN *** [7d 8s 9s] [4d]
delao med: checks 
superjod218: checks 
iason4u: bets $0.16
delao med: calls $0.16
superjod218: calls $0.16
*** RIVER *** [7d 8s 9s 4d] [5c]
delao med: checks 
superjod218: checks 
iason4u: bets $0.40
delao med: folds 
superjod218: folds 
Uncalled bet ($0.40) returned to iason4u
iason4u collected $0.73 from pot
iason4u: doesn't show hand 
*** SUMMARY ***
Total pot $0.76 | Rake $0.03 
Board [7d 8s 9s 4d 5c]
Seat 1: kamafeus folded before Flop (didn't bet)
Seat 2: LuckyGranpa (button) folded before Flop (didn't bet)
Seat 3: delao med (small blind) folded on the River
Seat 4: Dorex2007 (big blind) folded before Flop
Seat 5: credesa folded before Flop (didn't bet)
Seat 6: Gkalmpinos365 folded before Flop
Seat 7: superjod218 folded on the River
Seat 9: iason4u collected ($0.73)



PokerStars Hand #230411148797:  Hold'em No Limit ($0.01/$0.02 USD) - 2021/10/06 17:06:46 PT [2021/10/06 20:06:46 ET]
Table 'Apollonia III' 9-max Seat #3 is the button
Seat 1: kamafeus ($2.46 in chips) 
Seat 2: LuckyGranpa ($0.68 in chips) 
Seat 3: delao med ($1.44 in chips) 
Seat 4: Dorex2007 ($6.67 in chips) 
Seat 5: credesa ($0.80 in chips) 
Seat 6: Gkalmpinos365 ($0.76 in chips) 
Seat 7: superjod218 ($2 in chips) 
Seat 9: iason4u ($6.16 in chips) 
Dorex2007: posts small blind $0.01
credesa: posts big blind $0.02
generalborda: sits out 
*** HOLE CARDS ***
Dealt to Dorex2007 [6s Tc]
Gkalmpinos365: calls $0.02
superjod218: raises $0.06 to $0.08
iason4u: folds 
kamafeus: folds 
LuckyGranpa: folds 
delao med: folds 
Dorex2007: folds 
credesa: folds 
Gkalmpinos365: folds 
Uncalled bet ($0.06) returned to superjod218
superjod218 collected $0.07 from pot
superjod218: doesn't show hand 
*** SUMMARY ***
Total pot $0.07 | Rake $0 
Seat 1: kamafeus folded before Flop (didn't bet)
Seat 2: LuckyGranpa folded before Flop (didn't bet)
Seat 3: delao med (button) folded before Flop (didn't bet)
Seat 4: Dorex2007 (small blind) folded before Flop
Seat 5: credesa (big blind) folded before Flop
Seat 6: Gkalmpinos365 folded before Flop
Seat 7: superjod218 collected ($0.07)
Seat 9: iason4u folded before Flop (didn't bet)



PokerStars Hand #230411155373:  Hold'em No Limit ($0.01/$0.02 USD) - 2021/10/06 17:07:11 PT [2021/10/06 20:07:11 ET]
Table 'Apollonia III' 9-max Seat #4 is the button
Seat 1: kamafeus ($2.46 in chips) 
Seat 2: LuckyGranpa ($0.68 in chips) 
Seat 3: delao med ($1.44 in chips) 
Seat 4: Dorex2007 ($6.66 in chips) 
Seat 5: credesa ($0.78 in chips) 
Seat 6: Gkalmpinos365 ($0.74 in chips) 
Seat 7: superjod218 ($2.05 in chips) 
Seat 9: iason4u ($6.16 in chips) 
credesa: posts small blind $0.01
Gkalmpinos365: posts big blind $0.02
generalborda: sits out 
*** HOLE CARDS ***
Dealt to Dorex2007 [6d Ah]
superjod218: folds 
iason4u: calls $0.02
kamafeus: folds 
LuckyGranpa: folds 
delao med: folds 
Dorex2007: folds 
credesa: calls $0.01
Gkalmpinos365: checks 
*** FLOP *** [Qd Jd 9d]
credesa: bets $0.04
delao med is disconnected 
Gkalmpinos365: folds 
iason4u: folds 
Uncalled bet ($0.04) returned to credesa
credesa collected $0.06 from pot
credesa: doesn't show hand 
*** SUMMARY ***
Total pot $0.06 | Rake $0 
Board [Qd Jd 9d]
Seat 1: kamafeus folded before Flop (didn't bet)
Seat 2: LuckyGranpa folded before Flop (didn't bet)
Seat 3: delao med folded before Flop (didn't bet)
Seat 4: Dorex2007 (button) folded before Flop (didn't bet)
Seat 5: credesa (small blind) collected ($0.06)
Seat 6: Gkalmpinos365 (big blind) folded on the Flop
Seat 7: superjod218 folded before Flop (didn't bet)
Seat 9: iason4u folded on the Flop



PokerStars Hand #230411167006:  Hold'em No Limit ($0.01/$0.02 USD) - 2021/10/06 17:07:44 PT [2021/10/06 20:07:44 ET]
Table 'Apollonia III' 9-max Seat #5 is the button
Seat 1: kamafeus ($2.46 in chips) 
Seat 2: LuckyGranpa ($0.68 in chips) 
Seat 3: delao med ($1.44 in chips) 
Seat 4: Dorex2007 ($6.66 in chips) 
Seat 5: credesa ($0.82 in chips) 
Seat 6: Gkalmpinos365 ($0.72 in chips) 
Seat 7: superjod218 ($2.05 in chips) 
Seat 9: iason4u ($6.14 in chips) 
Gkalmpinos365: posts small blind $0.01
superjod218: posts big blind $0.02
generalborda: sits out 
*** HOLE CARDS ***
Dealt to Dorex2007 [9d Jc]
iason4u: folds 
kamafeus: folds 
LuckyGranpa: folds 
delao med has timed out while disconnected
delao med: folds 
Dorex2007: folds 
credesa: folds 
Gkalmpinos365: raises $0.02 to $0.04
superjod218: calls $0.02
*** FLOP *** [Th Qh 6d]
Gkalmpinos365: bets $0.02
superjod218: folds 
Uncalled bet ($0.02) returned to Gkalmpinos365
Gkalmpinos365 collected $0.08 from pot
Gkalmpinos365: doesn't show hand 
*** SUMMARY ***
Total pot $0.08 | Rake $0 
Board [Th Qh 6d]
Seat 1: kamafeus folded before Flop (didn't bet)
Seat 2: LuckyGranpa folded before Flop (didn't bet)
Seat 3: delao med folded before Flop (didn't bet)
Seat 4: Dorex2007 folded before Flop (didn't bet)
Seat 5: credesa (button) folded before Flop (didn't bet)
Seat 6: Gkalmpinos365 (small blind) collected ($0.08)
Seat 7: superjod218 (big blind) folded on the Flop
Seat 9: iason4u folded before Flop (didn't bet)



PokerStars Hand #230411178152:  Hold'em No Limit ($0.01/$0.02 USD) - 2021/10/06 17:08:27 PT [2021/10/06 20:08:27 ET]
Table 'Apollonia III' 9-max Seat #6 is the button
Seat 1: kamafeus ($2.46 in chips) 
Seat 2: LuckyGranpa ($0.68 in chips) 
Seat 4: Dorex2007 ($6.66 in chips) 
Seat 5: credesa ($0.82 in chips) 
Seat 6: Gkalmpinos365 ($0.76 in chips) 
Seat 7: superjod218 ($2.01 in chips) 
Seat 8: generalborda ($0.80 in chips) 
Seat 9: iason4u ($6.14 in chips) 
superjod218: posts small blind $0.01
generalborda: posts big blind $0.02
*** HOLE CARDS ***
Dealt to Dorex2007 [Tc 9d]
iason4u: calls $0.02
kamafeus: folds 
LuckyGranpa: folds 
Dorex2007: folds 
credesa: raises $0.04 to $0.06
Gkalmpinos365: folds 
superjod218: folds 
generalborda: folds 
iason4u: raises $0.10 to $0.16
credesa: calls $0.10
*** FLOP *** [6c Ts 4s]
iason4u: bets $0.08
credesa: raises $0.16 to $0.24
iason4u: calls $0.16
*** TURN *** [6c Ts 4s] [Th]
iason4u: checks 
credesa: bets $0.42 and is all-in
iason4u: calls $0.42
*** RIVER *** [6c Ts 4s Th] [3d]
*** SHOW DOWN ***
iason4u: shows [Qd Qh] (two pair, Queens and Tens)
credesa: shows [4d 6d] (two pair, Tens and Sixes)
iason4u collected $1.61 from pot
credesa cashed out the hand for $0.14
*** SUMMARY ***
Total pot $1.67 | Rake $0.06 
Board [6c Ts 4s Th 3d]
Seat 1: kamafeus folded before Flop (didn't bet)
Seat 2: LuckyGranpa folded before Flop (didn't bet)
Seat 4: Dorex2007 folded before Flop (didn't bet)
Seat 5: credesa showed [4d 6d] and lost with two pair, Tens and Sixes (cashed out).
Seat 6: Gkalmpinos365 (button) folded before Flop (didn't bet)
Seat 7: superjod218 (small blind) folded before Flop
Seat 8: generalborda (big blind) folded before Flop
Seat 9: iason4u showed [Qd Qh] and won ($1.61) with two pair, Queens and Tens



PokerStars Hand #230411195862:  Hold'em No Limit ($0.01/$0.02 USD) - 2021/10/06 17:09:35 PT [2021/10/06 20:09:35 ET]
Table 'Apollonia III' 9-max Seat #7 is the button
Seat 1: kamafeus ($2.46 in chips) 
Seat 2: LuckyGranpa ($0.68 in chips) 
Seat 4: Dorex2007 ($6.66 in chips) 
Seat 5: credesa ($0.14 in chips) 
Seat 6: Gkalmpinos365 ($0.76 in chips) 
Seat 7: superjod218 ($2 in chips) 
Seat 8: generalborda ($0.78 in chips) 
Seat 9: iason4u ($6.93 in chips) 
generalborda: posts small blind $0.01
iason4u: posts big blind $0.02
*** HOLE CARDS ***
Dealt to Dorex2007 [2c 7d]
kamafeus: folds 
LuckyGranpa: folds 
Dorex2007: calls $0.02
credesa: folds 
Gkalmpinos365: calls $0.02
superjod218: folds 
generalborda: calls $0.01
LuckyGranpa leaves the table
iason4u: checks 
*** FLOP *** [5c Ad 8s]
generalborda: checks 
iason4u: checks 
Dorex2007: checks 
Pepono101 joins the table at seat #2 
Gkalmpinos365: checks 
*** TURN *** [5c Ad 8s] [Th]
generalborda: checks 
iason4u: checks 
Dorex2007: bets $0.05
Gkalmpinos365: calls $0.05
generalborda: folds 
iason4u: folds 
*** RIVER *** [5c Ad 8s Th] [4h]
Dorex2007: checks 
Gkalmpinos365: checks 
*** SHOW DOWN ***
Dorex2007: shows [2c 7d] (high card Ace)
Gkalmpinos365: shows [Tc 9d] (a pair of Tens)
Gkalmpinos365 collected $0.17 from pot
*** SUMMARY ***
Total pot $0.18 | Rake $0.01 
Board [5c Ad 8s Th 4h]
Seat 1: kamafeus folded before Flop (didn't bet)
Seat 2: LuckyGranpa folded before Flop (didn't bet)
Seat 4: Dorex2007 showed [2c 7d] and lost with high card Ace
Seat 5: credesa folded before Flop (didn't bet)
Seat 6: Gkalmpinos365 showed [Tc 9d] and won ($0.17) with a pair of Tens
Seat 7: superjod218 (button) folded before Flop (didn't bet)
Seat 8: generalborda (small blind) folded on the Turn
Seat 9: iason4u (big blind) folded on the Turn



PokerStars Hand #230411205014:  Hold'em No Limit ($0.01/$0.02 USD) - 2021/10/06 17:10:10 PT [2021/10/06 20:10:10 ET]
Table 'Apollonia III' 9-max Seat #8 is the button
Seat 1: kamafeus ($2.46 in chips) 
Seat 4: Dorex2007 ($6.59 in chips) 
Seat 5: credesa ($0.80 in chips) 
Seat 6: Gkalmpinos365 ($0.86 in chips) 
Seat 7: superjod218 ($2 in chips) 
Seat 8: generalborda ($0.76 in chips) 
Seat 9: iason4u ($6.91 in chips) 
iason4u: posts small blind $0.01
kamafeus: posts big blind $0.02
Pepono101: sits out 
*** HOLE CARDS ***
Dealt to Dorex2007 [7s 9h]
Dorex2007: folds 
credesa: raises $0.04 to $0.06
Gkalmpinos365: folds 
superjod218: folds 
generalborda: folds 
iason4u: calls $0.05
kamafeus: folds 
*** FLOP *** [5c 5d Qd]
iason4u: checks 
credesa: bets $0.07
iason4u: raises $0.07 to $0.14
credesa: calls $0.07
*** TURN *** [5c 5d Qd] [9c]
iason4u: checks 
credesa: bets $0.60 and is all-in
iason4u: calls $0.60
*** RIVER *** [5c 5d Qd 9c] [Kd]
*** SHOW DOWN ***
iason4u: shows [Qc Jc] (two pair, Queens and Fives)
credesa: shows [6h 8h] (a pair of Fives)
iason4u collected $1.56 from pot
*** SUMMARY ***
Total pot $1.62 | Rake $0.06 
Board [5c 5d Qd 9c Kd]
Seat 1: kamafeus (big blind) folded before Flop
Seat 4: Dorex2007 folded before Flop (didn't bet)
Seat 5: credesa showed [6h 8h] and lost with a pair of Fives
Seat 6: Gkalmpinos365 folded before Flop (didn't bet)
Seat 7: superjod218 folded before Flop (didn't bet)
Seat 8: generalborda (button) folded before Flop (didn't bet)
Seat 9: iason4u (small blind) showed [Qc Jc] and won ($1.56) with two pair, Queens and Fives



PokerStars Hand #230411223259:  Hold'em No Limit ($0.01/$0.02 USD) - 2021/10/06 17:11:21 PT [2021/10/06 20:11:21 ET]
Table 'Apollonia III' 9-max Seat #9 is the button
Seat 1: kamafeus ($2.44 in chips) 
Seat 2: Pepono101 ($2 in chips) 
Seat 4: Dorex2007 ($6.59 in chips) 
Seat 6: Gkalmpinos365 ($0.86 in chips) 
Seat 7: superjod218 ($2 in chips) 
Seat 8: generalborda ($0.76 in chips) 
Seat 9: iason4u ($7.67 in chips) 
kamafeus: posts small blind $0.01
Pepono101: posts big blind $0.02
*** HOLE CARDS ***
Dealt to Dorex2007 [5d 3c]
Dorex2007: folds 
Gkalmpinos365 has timed out
Gkalmpinos365: folds 
superjod218: folds 
generalborda: folds 
iason4u: folds 
kamafeus: calls $0.01
Pepono101: checks 
*** FLOP *** [2d 4s Qd]
kamafeus: bets $0.04
Pepono101: folds 
Uncalled bet ($0.04) returned to kamafeus
kamafeus collected $0.04 from pot
kamafeus: doesn't show hand 
*** SUMMARY ***
Total pot $0.04 | Rake $0 
Board [2d 4s Qd]
Seat 1: kamafeus (small blind) collected ($0.04)
Seat 2: Pepono101 (big blind) folded on the Flop
Seat 4: Dorex2007 folded before Flop (didn't bet)
Seat 6: Gkalmpinos365 folded before Flop (didn't bet)
Seat 7: superjod218 folded before Flop (didn't bet)
Seat 8: generalborda folded before Flop (didn't bet)
Seat 9: iason4u (button) folded before Flop (didn't bet)



PokerStars Hand #230411242651:  Hold'em No Limit ($0.01/$0.02 USD) - 2021/10/06 17:12:14 PT [2021/10/06 20:12:14 ET]
Table 'Apollonia III' 9-max Seat #1 is the button
Seat 1: kamafeus ($2.46 in chips) 
Seat 2: Pepono101 ($1.98 in chips) 
Seat 4: Dorex2007 ($6.59 in chips) 
Seat 5: credesa ($0.80 in chips) 
Seat 6: Gkalmpinos365 ($0.86 in chips) 
Seat 7: superjod218 ($2 in chips) 
Seat 8: generalborda ($0.76 in chips) 
Seat 9: iason4u ($7.67 in chips) 
Pepono101: posts small blind $0.01
Dorex2007: posts big blind $0.02
*** HOLE CARDS ***
Dealt to Dorex2007 [5s 3h]
credesa: folds 
Gkalmpinos365 has timed out
Gkalmpinos365: folds 
superjod218: folds 
generalborda: folds 
iason4u: folds 
kamafeus: folds 
Pepono101 has timed out
Pepono101: folds 
Uncalled bet ($0.01) returned to Dorex2007
Dorex2007 collected $0.02 from pot
Dorex2007: doesn't show hand 
*** SUMMARY ***
Total pot $0.02 | Rake $0 
Seat 1: kamafeus (button) folded before Flop (didn't bet)
Seat 2: Pepono101 (small blind) folded before Flop
Seat 4: Dorex2007 (big blind) collected ($0.02)
Seat 5: credesa folded before Flop (didn't bet)
Seat 6: Gkalmpinos365 folded before Flop (didn't bet)
Seat 7: superjod218 folded before Flop (didn't bet)
Seat 8: generalborda folded before Flop (didn't bet)
Seat 9: iason4u folded before Flop (didn't bet)



PokerStars Hand #230411255204:  Hold'em No Limit ($0.01/$0.02 USD) - 2021/10/06 17:13:03 PT [2021/10/06 20:13:03 ET]
Table 'Apollonia III' 9-max Seat #2 is the button
Seat 1: kamafeus ($2.46 in chips) 
Seat 2: Pepono101 ($1.97 in chips) 
Seat 4: Dorex2007 ($6.60 in chips) 
Seat 5: credesa ($0.80 in chips) 
Seat 7: superjod218 ($2 in chips) 
Seat 8: generalborda ($0.76 in chips) 
Seat 9: iason4u ($7.67 in chips) 
Dorex2007: posts small blind $0.01
credesa: posts big blind $0.02
*** HOLE CARDS ***
Dealt to Dorex2007 [Tc 7c]
superjod218: folds 
generalborda: folds 
iason4u: calls $0.02
kamafeus: folds 
Pepono101: folds 
Dorex2007: calls $0.01
credesa: checks 
*** FLOP *** [5c 3d 4d]
Dorex2007: checks 
credesa: checks 
iason4u: checks 
*** TURN *** [5c 3d 4d] [Kd]
Dorex2007: checks 
credesa: checks 
iason4u: bets $0.04
Dorex2007: folds 
credesa: folds 
Uncalled bet ($0.04) returned to iason4u
iason4u collected $0.06 from pot
iason4u: doesn't show hand 
*** SUMMARY ***
Total pot $0.06 | Rake $0 
Board [5c 3d 4d Kd]
Seat 1: kamafeus folded before Flop (didn't bet)
Seat 2: Pepono101 (button) folded before Flop (didn't bet)
Seat 4: Dorex2007 (small blind) folded on the Turn
Seat 5: credesa (big blind) folded on the Turn
Seat 7: superjod218 folded before Flop (didn't bet)
Seat 8: generalborda folded before Flop (didn't bet)
Seat 9: iason4u collected ($0.06)



PokerStars Hand #230411266696:  Hold'em No Limit ($0.01/$0.02 USD) - 2021/10/06 17:13:47 PT [2021/10/06 20:13:47 ET]
Table 'Apollonia III' 9-max Seat #4 is the button
Seat 1: kamafeus ($2.46 in chips) 
Seat 2: Pepono101 ($1.97 in chips) 
Seat 4: Dorex2007 ($6.58 in chips) 
Seat 5: credesa ($0.78 in chips) 
Seat 6: Gkalmpinos365 ($0.86 in chips) 
Seat 7: superjod218 ($2 in chips) 
Seat 8: generalborda ($0.76 in chips) 
Seat 9: iason4u ($7.71 in chips) 
credesa: posts small blind $0.01
Gkalmpinos365: posts big blind $0.02
*** HOLE CARDS ***
Dealt to Dorex2007 [Jh 8h]
superjod218: folds 
generalborda: raises $0.04 to $0.06
iason4u: folds 
kamafeus: folds 
Pepono101: folds 
Dorex2007: folds 
credesa: folds 
Gkalmpinos365: folds 
Uncalled bet ($0.04) returned to generalborda
generalborda collected $0.05 from pot
generalborda: doesn't show hand 
*** SUMMARY ***
Total pot $0.05 | Rake $0 
Seat 1: kamafeus folded before Flop (didn't bet)
Seat 2: Pepono101 folded before Flop (didn't bet)
Seat 4: Dorex2007 (button) folded before Flop (didn't bet)
Seat 5: credesa (small blind) folded before Flop
Seat 6: Gkalmpinos365 (big blind) folded before Flop
Seat 7: superjod218 folded before Flop (didn't bet)
Seat 8: generalborda collected ($0.05)
Seat 9: iason4u folded before Flop (didn't bet)



PokerStars Hand #230411274860:  Hold'em No Limit ($0.01/$0.02 USD) - 2021/10/06 17:14:19 PT [2021/10/06 20:14:19 ET]
Table 'Apollonia III' 9-max Seat #5 is the button
Seat 1: kamafeus ($2.46 in chips) 
Seat 2: Pepono101 ($1.97 in chips) 
Seat 4: Dorex2007 ($6.58 in chips) 
Seat 5: credesa ($0.77 in chips) 
Seat 6: Gkalmpinos365 ($0.84 in chips) 
Seat 7: superjod218 ($2 in chips) 
Seat 8: generalborda ($0.79 in chips) 
Seat 9: iason4u ($7.71 in chips) 
Gkalmpinos365: posts small blind $0.01
superjod218: posts big blind $0.02
*** HOLE CARDS ***
Dealt to Dorex2007 [Kc Js]
generalborda: folds 
iason4u: folds 
kamafeus: folds 
Pepono101: folds 
Dorex2007: raises $0.04 to $0.06
credesa: folds 
Gkalmpinos365: folds 
superjod218: folds 
Uncalled bet ($0.04) returned to Dorex2007
Dorex2007 collected $0.05 from pot
Dorex2007: doesn't show hand 
*** SUMMARY ***
Total pot $0.05 | Rake $0 
Seat 1: kamafeus folded before Flop (didn't bet)
Seat 2: Pepono101 folded before Flop (didn't bet)
Seat 4: Dorex2007 collected ($0.05)
Seat 5: credesa (button) folded before Flop (didn't bet)
Seat 6: Gkalmpinos365 (small blind) folded before Flop
Seat 7: superjod218 (big blind) folded before Flop
Seat 8: generalborda folded before Flop (didn't bet)
Seat 9: iason4u folded before Flop (didn't bet)



PokerStars Hand #230411284293:  Hold'em No Limit ($0.01/$0.02 USD) - 2021/10/06 17:14:56 PT [2021/10/06 20:14:56 ET]
Table 'Apollonia III' 9-max Seat #6 is the button
Seat 1: kamafeus ($2.46 in chips) 
Seat 2: Pepono101 ($1.97 in chips) 
Seat 4: Dorex2007 ($6.61 in chips) 
Seat 5: credesa ($0.77 in chips) 
Seat 6: Gkalmpinos365 ($0.83 in chips) 
Seat 7: superjod218 ($2 in chips) 
Seat 8: generalborda ($0.79 in chips) 
Seat 9: iason4u ($7.71 in chips) 
superjod218: posts small blind $0.01
generalborda: posts big blind $0.02
*** HOLE CARDS ***
Dealt to Dorex2007 [6d Js]
iason4u: folds 
kamafeus: folds 
Pepono101: folds 
Dorex2007: folds 
credesa: folds 
Gkalmpinos365 has timed out
Gkalmpinos365: folds 
superjod218: folds 
Uncalled bet ($0.01) returned to generalborda
generalborda collected $0.02 from pot
generalborda: doesn't show hand 
*** SUMMARY ***
Total pot $0.02 | Rake $0 
Seat 1: kamafeus folded before Flop (didn't bet)
Seat 2: Pepono101 folded before Flop (didn't bet)
Seat 4: Dorex2007 folded before Flop (didn't bet)
Seat 5: credesa folded before Flop (didn't bet)
Seat 6: Gkalmpinos365 (button) folded before Flop (didn't bet)
Seat 7: superjod218 (small blind) folded before Flop
Seat 8: generalborda (big blind) collected ($0.02)
Seat 9: iason4u folded before Flop (didn't bet)



PokerStars Hand #230411290881:  Hold'em No Limit ($0.01/$0.02 USD) - 2021/10/06 17:15:21 PT [2021/10/06 20:15:21 ET]
Table 'Apollonia III' 9-max Seat #7 is the button
Seat 1: kamafeus ($2.46 in chips) 
Seat 2: Pepono101 ($1.97 in chips) 
Seat 4: Dorex2007 ($6.61 in chips) 
Seat 5: credesa ($0.77 in chips) 
Seat 7: superjod218 ($2 in chips) 
Seat 8: generalborda ($0.80 in chips) 
Seat 9: iason4u ($7.71 in chips) 
generalborda: posts small blind $0.01
iason4u: posts big blind $0.02
*** HOLE CARDS ***
Dealt to Dorex2007 [Tc 5d]
kamafeus: calls $0.02
Pepono101: calls $0.02
Dorex2007: folds 
credesa: folds 
superjod218: folds 
generalborda: calls $0.01
iason4u: checks 
*** FLOP *** [4c 6s Jc]
generalborda: checks 
iason4u: checks 
kamafeus: checks 
Pepono101: checks 
*** TURN *** [4c 6s Jc] [4s]
generalborda: bets $0.06
iason4u: folds 
kamafeus: folds 
Pepono101: calls $0.06
*** RIVER *** [4c 6s Jc 4s] [7d]
generalborda: bets $0.10
Pepono101: folds 
Uncalled bet ($0.10) returned to generalborda
generalborda collected $0.19 from pot
generalborda: doesn't show hand 
*** SUMMARY ***
Total pot $0.20 | Rake $0.01 
Board [4c 6s Jc 4s 7d]
Seat 1: kamafeus folded on the Turn
Seat 2: Pepono101 folded on the River
Seat 4: Dorex2007 folded before Flop (didn't bet)
Seat 5: credesa folded before Flop (didn't bet)
Seat 7: superjod218 (button) folded before Flop (didn't bet)
Seat 8: generalborda (small blind) collected ($0.19)
Seat 9: iason4u (big blind) folded on the Turn



PokerStars Hand #230411308785:  Hold'em No Limit ($0.01/$0.02 USD) - 2021/10/06 17:16:31 PT [2021/10/06 20:16:31 ET]
Table 'Apollonia III' 9-max Seat #8 is the button
Seat 1: kamafeus ($2.44 in chips) 
Seat 2: Pepono101 ($1.89 in chips) 
Seat 4: Dorex2007 ($6.61 in chips) 
Seat 5: credesa ($0.77 in chips) 
Seat 6: Gkalmpinos365 ($0.83 in chips) 
Seat 7: superjod218 ($2 in chips) 
Seat 8: generalborda ($0.91 in chips) 
Seat 9: iason4u ($7.69 in chips) 
iason4u: posts small blind $0.01
kamafeus: posts big blind $0.02
*** HOLE CARDS ***
Dealt to Dorex2007 [Ts 2c]
Pepono101: raises $0.02 to $0.04
Dorex2007: folds 
credesa: folds 
Gkalmpinos365: folds 
superjod218: folds 
generalborda: folds 
iason4u: folds 
kamafeus: folds 
Uncalled bet ($0.02) returned to Pepono101
Pepono101 collected $0.05 from pot
*** SUMMARY ***
Total pot $0.05 | Rake $0 
Seat 1: kamafeus (big blind) folded before Flop
Seat 2: Pepono101 collected ($0.05)
Seat 4: Dorex2007 folded before Flop (didn't bet)
Seat 5: credesa folded before Flop (didn't bet)
Seat 6: Gkalmpinos365 folded before Flop (didn't bet)
Seat 7: superjod218 folded before Flop (didn't bet)
Seat 8: generalborda (button) folded before Flop (didn't bet)
Seat 9: iason4u (small blind) folded before Flop



PokerStars Hand #230411318133:  Hold'em No Limit ($0.01/$0.02 USD) - 2021/10/06 17:17:07 PT [2021/10/06 20:17:07 ET]
Table 'Apollonia III' 9-max Seat #9 is the button
Seat 1: kamafeus ($2.42 in chips) 
Seat 2: Pepono101 ($1.92 in chips) 
Seat 4: Dorex2007 ($6.61 in chips) 
Seat 5: credesa ($0.77 in chips) 
Seat 6: Gkalmpinos365 ($0.83 in chips) 
Seat 7: superjod218 ($2 in chips) 
Seat 8: generalborda ($0.91 in chips) 
Seat 9: iason4u ($7.68 in chips) 
kamafeus: posts small blind $0.01
Pepono101: posts big blind $0.02
*** HOLE CARDS ***
Dealt to Dorex2007 [6h Kd]
Dorex2007: folds 
credesa: folds 
Gkalmpinos365 has timed out
Gkalmpinos365: folds 
superjod218: folds 
generalborda: folds 
iason4u: folds 
kamafeus: calls $0.01
Pepono101: checks 
*** FLOP *** [5c 4s 7h]
delao med leaves the table
kamafeus: checks 
Pepono101: bets $0.04
kamafeus: folds 
Uncalled bet ($0.04) returned to Pepono101
Pepono101 collected $0.04 from pot
*** SUMMARY ***
Total pot $0.04 | Rake $0 
Board [5c 4s 7h]
Seat 1: kamafeus (small blind) folded on the Flop
Seat 2: Pepono101 (big blind) collected ($0.04)
Seat 4: Dorex2007 folded before Flop (didn't bet)
Seat 5: credesa folded before Flop (didn't bet)
Seat 6: Gkalmpinos365 folded before Flop (didn't bet)
Seat 7: superjod218 folded before Flop (didn't bet)
Seat 8: generalborda folded before Flop (didn't bet)
Seat 9: iason4u (button) folded before Flop (didn't bet)



PokerStars Hand #230411329853:  Hold'em No Limit ($0.01/$0.02 USD) - 2021/10/06 17:17:54 PT [2021/10/06 20:17:54 ET]
Table 'Apollonia III' 9-max Seat #1 is the button
Seat 1: kamafeus ($2.40 in chips) 
Seat 2: Pepono101 ($1.94 in chips) 
Seat 4: Dorex2007 ($6.61 in chips) 
Seat 5: credesa ($0.77 in chips) 
Seat 6: Gkalmpinos365 ($0.83 in chips) 
Seat 7: superjod218 ($2 in chips) 
Seat 8: generalborda ($0.91 in chips) 
Seat 9: iason4u ($7.68 in chips) 
Pepono101: posts small blind $0.01
Dorex2007: posts big blind $0.02
*** HOLE CARDS ***
Dealt to Dorex2007 [5c 7s]
credesa: raises $0.04 to $0.06
lastchancemmc joins the table at seat #3 
Gkalmpinos365: folds 
superjod218: folds 
generalborda: folds 
iason4u: folds 
kamafeus: folds 
lastchancemmc leaves the table
Pepono101: calls $0.05
Dorex2007: folds 
*** FLOP *** [6h Qs 3c]
OldRasta1984 joins the table at seat #3 
Pepono101: checks 
credesa: checks 
*** TURN *** [6h Qs 3c] [2s]
Pepono101: bets $0.14
credesa: folds 
Uncalled bet ($0.14) returned to Pepono101
Pepono101 collected $0.14 from pot
*** SUMMARY ***
Total pot $0.14 | Rake $0 
Board [6h Qs 3c 2s]
Seat 1: kamafeus (button) folded before Flop (didn't bet)
Seat 2: Pepono101 (small blind) collected ($0.14)
Seat 4: Dorex2007 (big blind) folded before Flop
Seat 5: credesa folded on the Turn
Seat 6: Gkalmpinos365 folded before Flop (didn't bet)
Seat 7: superjod218 folded before Flop (didn't bet)
Seat 8: generalborda folded before Flop (didn't bet)
Seat 9: iason4u folded before Flop (didn't bet)



PokerStars Hand #230411342891:  Hold'em No Limit ($0.01/$0.02 USD) - 2021/10/06 17:18:45 PT [2021/10/06 20:18:45 ET]
Table 'Apollonia III' 9-max Seat #2 is the button
Seat 1: kamafeus ($2.40 in chips) 
Seat 2: Pepono101 ($2.02 in chips) 
Seat 4: Dorex2007 ($6.59 in chips) 
Seat 5: credesa ($0.71 in chips) 
Seat 6: Gkalmpinos365 ($0.83 in chips) 
Seat 7: superjod218 ($2 in chips) 
Seat 8: generalborda ($0.91 in chips) 
Seat 9: iason4u ($7.68 in chips) 
Dorex2007: posts small blind $0.01
credesa: posts big blind $0.02
*** HOLE CARDS ***
Dealt to Dorex2007 [4d 2s]
Gkalmpinos365 has timed out
Gkalmpinos365: folds 
superjod218: folds 
generalborda: folds 
iason4u: folds 
kamafeus: calls $0.02
Pepono101: calls $0.02
Dorex2007: folds 
credesa: raises $0.12 to $0.14
kamafeus: folds 
Pepono101: folds 
Uncalled bet ($0.12) returned to credesa
credesa collected $0.07 from pot
credesa: doesn't show hand 
*** SUMMARY ***
Total pot $0.07 | Rake $0 
Seat 1: kamafeus folded before Flop
Seat 2: Pepono101 (button) folded before Flop
Seat 4: Dorex2007 (small blind) folded before Flop
Seat 5: credesa (big blind) collected ($0.07)
Seat 6: Gkalmpinos365 folded before Flop (didn't bet)
Seat 7: superjod218 folded before Flop (didn't bet)
Seat 8: generalborda folded before Flop (didn't bet)
Seat 9: iason4u folded before Flop (didn't bet)



PokerStars Hand #230411355469:  Hold'em No Limit ($0.01/$0.02 USD) - 2021/10/06 17:19:34 PT [2021/10/06 20:19:34 ET]
Table 'Apollonia III' 9-max Seat #4 is the button
Seat 1: kamafeus ($2.38 in chips) 
Seat 2: Pepono101 ($2 in chips) 
Seat 4: Dorex2007 ($6.58 in chips) 
Seat 5: credesa ($0.76 in chips) 
Seat 7: superjod218 ($2 in chips) 
Seat 8: generalborda ($0.91 in chips) 
Seat 9: iason4u ($7.68 in chips) 
credesa: posts small blind $0.01
superjod218: posts big blind $0.02
OldRasta1984: sits out 
*** HOLE CARDS ***
Dealt to Dorex2007 [7c 3h]
generalborda: folds 
iason4u: folds 
kamafeus: folds 
generalborda leaves the table
Pepono101: raises $0.05 to $0.07
Dorex2007: folds 
credesa: calls $0.06
superjod218: folds 
*** FLOP *** [4d 8h 5s]
credesa: bets $0.10
Pepono101: raises $0.35 to $0.45
credesa: raises $0.24 to $0.69 and is all-in
Pepono101: calls $0.24
*** TURN *** [4d 8h 5s] [Jd]
MrLefty1337 joins the table at seat #8 
*** RIVER *** [4d 8h 5s Jd] [Ad]
*** SHOW DOWN ***
credesa: shows [4h 4c] (three of a kind, Fours)
Pepono101: shows [Qh Qd] (a pair of Queens)
credesa collected $1.49 from pot
*** SUMMARY ***
Total pot $1.54 | Rake $0.05 
Board [4d 8h 5s Jd Ad]
Seat 1: kamafeus folded before Flop (didn't bet)
Seat 2: Pepono101 showed [Qh Qd] and lost with a pair of Queens
Seat 4: Dorex2007 (button) folded before Flop (didn't bet)
Seat 5: credesa (small blind) showed [4h 4c] and won ($1.49) with three of a kind, Fours
Seat 7: superjod218 (big blind) folded before Flop
Seat 8: generalborda folded before Flop (didn't bet)
Seat 9: iason4u folded before Flop (didn't bet)



PokerStars Hand #230411365823:  Hold'em No Limit ($0.01/$0.02 USD) - 2021/10/06 17:20:15 PT [2021/10/06 20:20:15 ET]
Table 'Apollonia III' 9-max Seat #5 is the button
Seat 1: kamafeus ($2.38 in chips) 
Seat 2: Pepono101 ($1.24 in chips) 
Seat 4: Dorex2007 ($6.58 in chips) 
Seat 5: credesa ($1.49 in chips) 
Seat 7: superjod218 ($2 in chips) 
Seat 8: MrLefty1337 ($2 in chips) 
Seat 9: iason4u ($7.68 in chips) 
superjod218: posts small blind $0.01
MrLefty1337: posts big blind $0.02
OldRasta1984: sits out 
*** HOLE CARDS ***
Dealt to Dorex2007 [6d Js]
iason4u: folds 
kamafeus: folds 
Pepono101: raises $0.05 to $0.07
Dorex2007: folds 
credesa: folds 
superjod218: folds 
MrLefty1337: calls $0.05
*** FLOP *** [2h 9c 7h]
MrLefty1337: checks 
Pepono101: checks 
*** TURN *** [2h 9c 7h] [7d]
MrLefty1337: checks 
Pepono101: bets $0.14
MrLefty1337: folds 
Uncalled bet ($0.14) returned to Pepono101
Pepono101 collected $0.14 from pot
Pepono101: doesn't show hand 
*** SUMMARY ***
Total pot $0.15 | Rake $0.01 
Board [2h 9c 7h 7d]
Seat 1: kamafeus folded before Flop (didn't bet)
Seat 2: Pepono101 collected ($0.14)
Seat 4: Dorex2007 folded before Flop (didn't bet)
Seat 5: credesa (button) folded before Flop (didn't bet)
Seat 7: superjod218 (small blind) folded before Flop
Seat 8: MrLefty1337 (big blind) folded on the Turn
Seat 9: iason4u folded before Flop (didn't bet)



PokerStars Hand #230411375216:  Hold'em No Limit ($0.01/$0.02 USD) - 2021/10/06 17:20:52 PT [2021/10/06 20:20:52 ET]
Table 'Apollonia III' 9-max Seat #7 is the button
Seat 1: kamafeus ($2.38 in chips) 
Seat 2: Pepono101 ($1.31 in chips) 
Seat 4: Dorex2007 ($6.58 in chips) 
Seat 5: credesa ($1.49 in chips) 
Seat 7: superjod218 ($2 in chips) 
Seat 8: MrLefty1337 ($1.93 in chips) 
Seat 9: iason4u ($7.68 in chips) 
MrLefty1337: posts small blind $0.01
iason4u: posts big blind $0.02
OldRasta1984: sits out 
*** HOLE CARDS ***
Dealt to Dorex2007 [2s 7c]
kamafeus: folds 
Pepono101: folds 
Dorex2007: folds 
credesa: folds 
superjod218: raises $0.03 to $0.05
MrLefty1337: calls $0.04
iason4u: calls $0.03
*** FLOP *** [Qc 5c 6s]
MrLefty1337: checks 
iason4u: checks 
superjod218: bets $0.08
MrLefty1337: folds 
iason4u: folds 
Uncalled bet ($0.08) returned to superjod218
superjod218 collected $0.14 from pot
superjod218: doesn't show hand 
*** SUMMARY ***
Total pot $0.15 | Rake $0.01 
Board [Qc 5c 6s]
Seat 1: kamafeus folded before Flop (didn't bet)
Seat 2: Pepono101 folded before Flop (didn't bet)
Seat 4: Dorex2007 folded before Flop (didn't bet)
Seat 5: credesa folded before Flop (didn't bet)
Seat 7: superjod218 (button) collected ($0.14)
Seat 8: MrLefty1337 (small blind) folded on the Flop
Seat 9: iason4u (big blind) folded on the Flop



PokerStars Hand #230411383399:  Hold'em No Limit ($0.01/$0.02 USD) - 2021/10/06 17:21:23 PT [2021/10/06 20:21:23 ET]
Table 'Apollonia III' 9-max Seat #8 is the button
Seat 1: kamafeus ($2.38 in chips) 
Seat 2: Pepono101 ($1.31 in chips) 
Seat 4: Dorex2007 ($6.58 in chips) 
Seat 5: credesa ($1.49 in chips) 
Seat 7: superjod218 ($2.09 in chips) 
Seat 8: MrLefty1337 ($1.88 in chips) 
Seat 9: iason4u ($7.63 in chips) 
iason4u: posts small blind $0.01
kamafeus: posts big blind $0.02
OldRasta1984: sits out 
*** HOLE CARDS ***
Dealt to Dorex2007 [6d Tc]
Pepono101: folds 
Dorex2007: folds 
credesa: raises $0.04 to $0.06
superjod218: calls $0.06
MrLefty1337: calls $0.06
iason4u: calls $0.05
kamafeus: folds 
*** FLOP *** [6s 6c 8s]
iason4u: checks 
credesa: checks 
superjod218: checks 
MrLefty1337: checks 
*** TURN *** [6s 6c 8s] [3h]
iason4u: bets $0.14
credesa: folds 
superjod218: folds 
MrLefty1337: folds 
Uncalled bet ($0.14) returned to iason4u
iason4u collected $0.25 from pot
iason4u: doesn't show hand 
*** SUMMARY ***
Total pot $0.26 | Rake $0.01 
Board [6s 6c 8s 3h]
Seat 1: kamafeus (big blind) folded before Flop
Seat 2: Pepono101 folded before Flop (didn't bet)
Seat 4: Dorex2007 folded before Flop (didn't bet)
Seat 5: credesa folded on the Turn
Seat 7: superjod218 folded on the Turn
Seat 8: MrLefty1337 (button) folded on the Turn
Seat 9: iason4u (small blind) collected ($0.25)



PokerStars Hand #230411397978:  Hold'em No Limit ($0.01/$0.02 USD) - 2021/10/06 17:22:20 PT [2021/10/06 20:22:20 ET]
Table 'Apollonia III' 9-max Seat #9 is the button
Seat 1: kamafeus ($2.36 in chips) 
Seat 2: Pepono101 ($1.31 in chips) 
Seat 4: Dorex2007 ($6.58 in chips) 
Seat 5: credesa ($1.43 in chips) 
Seat 7: superjod218 ($2.03 in chips) 
Seat 8: MrLefty1337 ($1.82 in chips) 
Seat 9: iason4u ($7.82 in chips) 
kamafeus: posts small blind $0.01
Pepono101: posts big blind $0.02
OldRasta1984: sits out 
*** HOLE CARDS ***
Dealt to Dorex2007 [Ad 4s]
Dorex2007: folds 
credesa: raises $0.06 to $0.08
superjod218: folds 
MrLefty1337: folds 
iason4u: folds 
kamafeus: folds 
Pepono101: folds 
Uncalled bet ($0.06) returned to credesa
credesa collected $0.05 from pot
credesa: doesn't show hand 
*** SUMMARY ***
Total pot $0.05 | Rake $0 
Seat 1: kamafeus (small blind) folded before Flop
Seat 2: Pepono101 (big blind) folded before Flop
Seat 4: Dorex2007 folded before Flop (didn't bet)
Seat 5: credesa collected ($0.05)
Seat 7: superjod218 folded before Flop (didn't bet)
Seat 8: MrLefty1337 folded before Flop (didn't bet)
Seat 9: iason4u (button) folded before Flop (didn't bet)



PokerStars Hand #230411403599:  Hold'em No Limit ($0.01/$0.02 USD) - 2021/10/06 17:22:42 PT [2021/10/06 20:22:42 ET]
Table 'Apollonia III' 9-max Seat #1 is the button
Seat 1: kamafeus ($2.35 in chips) 
Seat 2: Pepono101 ($1.29 in chips) 
Seat 3: OldRasta1984 ($0.80 in chips) 
Seat 4: Dorex2007 ($6.58 in chips) 
Seat 5: credesa ($1.46 in chips) 
Seat 7: superjod218 ($2.03 in chips) 
Seat 8: MrLefty1337 ($1.82 in chips) 
Seat 9: iason4u ($7.82 in chips) 
Pepono101: posts small blind $0.01
OldRasta1984: posts big blind $0.02
*** HOLE CARDS ***
Dealt to Dorex2007 [4h 4c]
Dorex2007: raises $0.02 to $0.04
credesa: calls $0.04
superjod218: folds 
MrLefty1337: calls $0.04
iason4u: folds 
kamafeus: folds 
Pepono101: calls $0.03
OldRasta1984: folds 
*** FLOP *** [Kd 3h 5h]
Pepono101: checks 
Dorex2007: checks 
credesa: checks 
MrLefty1337: checks 
*** TURN *** [Kd 3h 5h] [Td]
Pepono101: checks 
Dorex2007: checks 
credesa: checks 
MrLefty1337: checks 
*** RIVER *** [Kd 3h 5h Td] [6d]
Pepono101: checks 
Dorex2007: bets $0.11
credesa: folds 
MrLefty1337: calls $0.11
Pepono101: folds 
*** SHOW DOWN ***
Dorex2007: shows [4h 4c] (a pair of Fours)
MrLefty1337: shows [5c Ac] (a pair of Fives)
MrLefty1337 collected $0.39 from pot
*** SUMMARY ***
Total pot $0.40 | Rake $0.01 
Board [Kd 3h 5h Td 6d]
Seat 1: kamafeus (button) folded before Flop (didn't bet)
Seat 2: Pepono101 (small blind) folded on the River
Seat 3: OldRasta1984 (big blind) folded before Flop
Seat 4: Dorex2007 showed [4h 4c] and lost with a pair of Fours
Seat 5: credesa folded on the River
Seat 7: superjod218 folded before Flop (didn't bet)
Seat 8: MrLefty1337 showed [5c Ac] and won ($0.39) with a pair of Fives
Seat 9: iason4u folded before Flop (didn't bet)



PokerStars Hand #230411427681:  Hold'em No Limit ($0.01/$0.02 USD) - 2021/10/06 17:23:49 PT [2021/10/06 20:23:49 ET]
Table 'Apollonia III' 9-max Seat #2 is the button
Seat 1: kamafeus ($2.35 in chips) 
Seat 2: Pepono101 ($1.25 in chips) 
Seat 3: OldRasta1984 ($0.78 in chips) 
Seat 4: Dorex2007 ($6.43 in chips) 
Seat 5: credesa ($1.42 in chips) 
Seat 7: superjod218 ($2.03 in chips) 
Seat 8: MrLefty1337 ($2.06 in chips) 
Seat 9: iason4u ($7.82 in chips) 
OldRasta1984: posts small blind $0.01
Dorex2007: posts big blind $0.02
*** HOLE CARDS ***
Dealt to Dorex2007 [Ad 7h]
credesa: folds 
superjod218: folds 
MrLefty1337: calls $0.02
iason4u: folds 
credesa leaves the table
kamafeus: calls $0.02
Pepono101: calls $0.02
OldRasta1984: folds 
Dorex2007: checks 
*** FLOP *** [4h 7c Tc]
Dorex2007: checks 
Paty Doll726 joins the table at seat #5 
MrLefty1337: checks 
kamafeus: bets $0.09
Pepono101: calls $0.09
Dorex2007: folds 
MrLefty1337: calls $0.09
*** TURN *** [4h 7c Tc] [8c]
MrLefty1337: checks 
kamafeus: checks 
Pepono101: checks 
*** RIVER *** [4h 7c Tc 8c] [3d]
MrLefty1337: checks 
kamafeus: checks 
Pepono101: bets $0.35
MrLefty1337: calls $0.35
kamafeus: folds 
*** SHOW DOWN ***
Pepono101: shows [Kh 4d] (a pair of Fours)
MrLefty1337: shows [Qd 7s] (a pair of Sevens)
MrLefty1337 collected $1.02 from pot
*** SUMMARY ***
Total pot $1.06 | Rake $0.04 
Board [4h 7c Tc 8c 3d]
Seat 1: kamafeus folded on the River
Seat 2: Pepono101 (button) showed [Kh 4d] and lost with a pair of Fours
Seat 3: OldRasta1984 (small blind) folded before Flop
Seat 4: Dorex2007 (big blind) folded on the Flop
Seat 5: credesa folded before Flop (didn't bet)
Seat 7: superjod218 folded before Flop (didn't bet)
Seat 8: MrLefty1337 showed [Qd 7s] and won ($1.02) with a pair of Sevens
Seat 9: iason4u folded before Flop (didn't bet)



PokerStars Hand #230411455819:  Hold'em No Limit ($0.01/$0.02 USD) - 2021/10/06 17:25:01 PT [2021/10/06 20:25:01 ET]
Table 'Apollonia III' 9-max Seat #3 is the button
Seat 1: kamafeus ($2.24 in chips) 
Seat 2: Pepono101 ($0.79 in chips) 
Seat 3: OldRasta1984 ($0.77 in chips) 
Seat 4: Dorex2007 ($6.41 in chips) 
Seat 5: Paty Doll726 ($0.80 in chips) 
Seat 7: superjod218 ($2.03 in chips) 
Seat 8: MrLefty1337 ($2.62 in chips) 
Seat 9: iason4u ($7.82 in chips) 
Dorex2007: posts small blind $0.01
Paty Doll726: posts big blind $0.02
*** HOLE CARDS ***
Dealt to Dorex2007 [3h 8s]
superjod218: raises $0.04 to $0.06
MrLefty1337: calls $0.06
iason4u: folds 
kamafeus: folds 
Pepono101: folds 
OldRasta1984: folds 
Dorex2007: folds 
Paty Doll726: folds 
*** FLOP *** [Qc 8c Kc]
superjod218: checks 
MrLefty1337: checks 
*** TURN *** [Qc 8c Kc] [5c]
superjod218: checks 
MrLefty1337: checks 
*** RIVER *** [Qc 8c Kc 5c] [4s]
superjod218: bets $0.08
MrLefty1337: folds 
Uncalled bet ($0.08) returned to superjod218
superjod218 collected $0.14 from pot
superjod218: doesn't show hand 
*** SUMMARY ***
Total pot $0.15 | Rake $0.01 
Board [Qc 8c Kc 5c 4s]
Seat 1: kamafeus folded before Flop (didn't bet)
Seat 2: Pepono101 folded before Flop (didn't bet)
Seat 3: OldRasta1984 (button) folded before Flop (didn't bet)
Seat 4: Dorex2007 (small blind) folded before Flop
Seat 5: Paty Doll726 (big blind) folded before Flop
Seat 7: superjod218 collected ($0.14)
Seat 8: MrLefty1337 folded on the River
Seat 9: iason4u folded before Flop (didn't bet)



PokerStars Hand #230411462220:  Hold'em No Limit ($0.01/$0.02 USD) - 2021/10/06 17:25:27 PT [2021/10/06 20:25:27 ET]
Table 'Apollonia III' 9-max Seat #4 is the button
Seat 1: kamafeus ($2.24 in chips) 
Seat 2: Pepono101 ($0.79 in chips) 
Seat 3: OldRasta1984 ($0.77 in chips) 
Seat 4: Dorex2007 ($6.40 in chips) 
Seat 5: Paty Doll726 ($0.78 in chips) 
Seat 7: superjod218 ($2.11 in chips) 
Seat 8: MrLefty1337 ($2.56 in chips) 
Seat 9: iason4u ($7.82 in chips) 
Paty Doll726: posts small blind $0.01
superjod218: posts big blind $0.02
*** HOLE CARDS ***
Dealt to Dorex2007 [2c Th]
MrLefty1337: calls $0.02
iason4u: folds 
kamafeus: calls $0.02
Pepono101: calls $0.02
OldRasta1984: folds 
Dorex2007: folds 
Paty Doll726: calls $0.01
superjod218: checks 
*** FLOP *** [9d 4h Td]
Paty Doll726: checks 
superjod218: checks 
MrLefty1337: checks 
kamafeus: checks 
Pepono101: checks 
*** TURN *** [9d 4h Td] [9s]
Paty Doll726: checks 
superjod218: checks 
MrLefty1337: checks 
kamafeus: checks 
Pepono101: checks 
*** RIVER *** [9d 4h Td 9s] [4s]
Paty Doll726: checks 
superjod218: checks 
MrLefty1337: checks 
kamafeus: checks 
Pepono101: checks 
*** SHOW DOWN ***
Paty Doll726: shows [8d 8s] (two pair, Nines and Eights)
superjod218: mucks hand 
MrLefty1337: mucks hand 
kamafeus: mucks hand 
Pepono101: mucks hand 
Paty Doll726 collected $0.10 from pot
*** SUMMARY ***
Total pot $0.10 | Rake $0 
Board [9d 4h Td 9s 4s]
Seat 1: kamafeus mucked [2d 2h]
Seat 2: Pepono101 mucked [5c Jc]
Seat 3: OldRasta1984 folded before Flop (didn't bet)
Seat 4: Dorex2007 (button) folded before Flop (didn't bet)
Seat 5: Paty Doll726 (small blind) showed [8d 8s] and won ($0.10) with two pair, Nines and Eights
Seat 7: superjod218 (big blind) mucked [8h Ad]
Seat 8: MrLefty1337 mucked [Kd Qh]
Seat 9: iason4u folded before Flop (didn't bet)



PokerStars Hand #230411488621:  Hold'em No Limit ($0.01/$0.02 USD) - 2021/10/06 17:27:12 PT [2021/10/06 20:27:12 ET]
Table 'Apollonia III' 9-max Seat #5 is the button
Seat 1: kamafeus ($2.22 in chips) 
Seat 2: Pepono101 ($0.77 in chips) 
Seat 3: OldRasta1984 ($0.77 in chips) 
Seat 4: Dorex2007 ($6.40 in chips) 
Seat 5: Paty Doll726 ($0.86 in chips) 
Seat 7: superjod218 ($2.09 in chips) 
Seat 8: MrLefty1337 ($2.54 in chips) 
Seat 9: iason4u ($7.82 in chips) 
superjod218: posts small blind $0.01
MrLefty1337: posts big blind $0.02
*** HOLE CARDS ***
Dealt to Dorex2007 [9d Kd]
iason4u: folds 
kamafeus: folds 
Pepono101: folds 
OldRasta1984: folds 
Dorex2007: raises $0.04 to $0.06
Paty Doll726: folds 
superjod218: folds 
MrLefty1337: calls $0.04
*** FLOP *** [2s 8c As]
MrLefty1337: checks 
Dorex2007: checks 
*** TURN *** [2s 8c As] [2d]
MrLefty1337: checks 
Dorex2007: checks 
*** RIVER *** [2s 8c As 2d] [Ad]
MrLefty1337: checks 
Dorex2007: bets $0.09
MrLefty1337: calls $0.09
*** SHOW DOWN ***
Dorex2007: shows [9d Kd] (two pair, Aces and Deuces)
MrLefty1337: shows [8s 8h] (a full house, Eights full of Aces)
MrLefty1337 collected $0.30 from pot
*** SUMMARY ***
Total pot $0.31 | Rake $0.01 
Board [2s 8c As 2d Ad]
Seat 1: kamafeus folded before Flop (didn't bet)
Seat 2: Pepono101 folded before Flop (didn't bet)
Seat 3: OldRasta1984 folded before Flop (didn't bet)
Seat 4: Dorex2007 showed [9d Kd] and lost with two pair, Aces and Deuces
Seat 5: Paty Doll726 (button) folded before Flop (didn't bet)
Seat 7: superjod218 (small blind) folded before Flop
Seat 8: MrLefty1337 (big blind) showed [8s 8h] and won ($0.30) with a full house, Eights full of Aces
Seat 9: iason4u folded before Flop (didn't bet)



PokerStars Hand #230411505470:  Hold'em No Limit ($0.01/$0.02 USD) - 2021/10/06 17:27:49 PT [2021/10/06 20:27:49 ET]
Table 'Apollonia III' 9-max Seat #7 is the button
Seat 1: kamafeus ($2.22 in chips) 
Seat 2: Pepono101 ($0.77 in chips) 
Seat 3: OldRasta1984 ($0.77 in chips) 
Seat 4: Dorex2007 ($6.25 in chips) 
Seat 5: Paty Doll726 ($0.86 in chips) 
Seat 7: superjod218 ($2.08 in chips) 
Seat 8: MrLefty1337 ($2.69 in chips) 
Seat 9: iason4u ($7.82 in chips) 
MrLefty1337: posts small blind $0.01
iason4u: posts big blind $0.02
*** HOLE CARDS ***
Dealt to Dorex2007 [7h Kc]
kamafeus: folds 
Pepono101: raises $0.05 to $0.07
OldRasta1984: folds 
Dorex2007: folds 
Paty Doll726: folds 
superjod218: folds 
MrLefty1337: calls $0.06
iason4u: calls $0.05
*** FLOP *** [2c Js 8s]
MrLefty1337: checks 
iason4u: checks 
Pepono101: bets $0.20
MrLefty1337: folds 
iason4u: folds 
Uncalled bet ($0.20) returned to Pepono101
Pepono101 collected $0.20 from pot
*** SUMMARY ***
Total pot $0.21 | Rake $0.01 
Board [2c Js 8s]
Seat 1: kamafeus folded before Flop (didn't bet)
Seat 2: Pepono101 collected ($0.20)
Seat 3: OldRasta1984 folded before Flop (didn't bet)
Seat 4: Dorex2007 folded before Flop (didn't bet)
Seat 5: Paty Doll726 folded before Flop (didn't bet)
Seat 7: superjod218 (button) folded before Flop (didn't bet)
Seat 8: MrLefty1337 (small blind) folded on the Flop
Seat 9: iason4u (big blind) folded on the Flop



PokerStars Hand #230411513545:  Hold'em No Limit ($0.01/$0.02 USD) - 2021/10/06 17:28:21 PT [2021/10/06 20:28:21 ET]
Table 'Apollonia III' 9-max Seat #8 is the button
Seat 1: kamafeus ($2.22 in chips) 
Seat 2: Pepono101 ($0.90 in chips) 
Seat 3: OldRasta1984 ($0.77 in chips) 
Seat 4: Dorex2007 ($6.25 in chips) 
Seat 5: Paty Doll726 ($0.86 in chips) 
Seat 7: superjod218 ($2.08 in chips) 
Seat 8: MrLefty1337 ($2.62 in chips) 
Seat 9: iason4u ($7.75 in chips) 
iason4u: posts small blind $0.01
kamafeus: posts big blind $0.02
*** HOLE CARDS ***
Dealt to Dorex2007 [5c 2d]
Pepono101: raises $0.02 to $0.04
OldRasta1984: folds 
Dorex2007: folds 
Paty Doll726: folds 
superjod218: folds 
MrLefty1337: calls $0.04
iason4u: folds 
kamafeus: calls $0.02
*** FLOP *** [Qd Td Ah]
kamafeus: checks 
Pepono101: checks 
MrLefty1337: bets $0.02
kamafeus: folds 
Pepono101: calls $0.02
*** TURN *** [Qd Td Ah] [9c]
Pepono101: checks 
MrLefty1337: bets $0.02
Pepono101: calls $0.02
*** RIVER *** [Qd Td Ah 9c] [9h]
Pepono101: checks 
MrLefty1337: bets $0.24
Pepono101: folds 
Uncalled bet ($0.24) returned to MrLefty1337
MrLefty1337 collected $0.20 from pot
MrLefty1337: doesn't show hand 
*** SUMMARY ***
Total pot $0.21 | Rake $0.01 
Board [Qd Td Ah 9c 9h]
Seat 1: kamafeus (big blind) folded on the Flop
Seat 2: Pepono101 folded on the River
Seat 3: OldRasta1984 folded before Flop (didn't bet)
Seat 4: Dorex2007 folded before Flop (didn't bet)
Seat 5: Paty Doll726 folded before Flop (didn't bet)
Seat 7: superjod218 folded before Flop (didn't bet)
Seat 8: MrLefty1337 (button) collected ($0.20)
Seat 9: iason4u (small blind) folded before Flop



PokerStars Hand #230411529922:  Hold'em No Limit ($0.01/$0.02 USD) - 2021/10/06 17:29:26 PT [2021/10/06 20:29:26 ET]
Table 'Apollonia III' 9-max Seat #9 is the button
Seat 1: kamafeus ($2.18 in chips) 
Seat 2: Pepono101 ($0.82 in chips) 
Seat 3: OldRasta1984 ($0.77 in chips) 
Seat 4: Dorex2007 ($6.25 in chips) 
Seat 5: Paty Doll726 ($0.86 in chips) 
Seat 7: superjod218 ($2.08 in chips) 
Seat 8: MrLefty1337 ($2.74 in chips) 
Seat 9: iason4u ($7.74 in chips) 
kamafeus: posts small blind $0.01
Pepono101: posts big blind $0.02
*** HOLE CARDS ***
Dealt to Dorex2007 [Ad Th]
OldRasta1984: folds 
Dorex2007: raises $0.04 to $0.06
Paty Doll726: folds 
superjod218: calls $0.06
MrLefty1337: calls $0.06
iason4u: calls $0.06
kamafeus: calls $0.05
Pepono101: calls $0.04
*** FLOP *** [2s As Ts]
kamafeus: checks 
Pepono101: checks 
Dorex2007: bets $0.23
superjod218: folds 
MrLefty1337: calls $0.23
iason4u: folds 
kamafeus: calls $0.23
Pepono101: folds 
*** TURN *** [2s As Ts] [Kc]
kamafeus: checks 
Dorex2007: checks 
MrLefty1337: checks 
*** RIVER *** [2s As Ts Kc] [Qh]
kamafeus: checks 
Dorex2007: bets $0.51
MrLefty1337: calls $0.51
kamafeus: folds 
*** SHOW DOWN ***
Dorex2007: shows [Ad Th] (two pair, Aces and Tens)
MrLefty1337: shows [Ah Jc] (a straight, Ten to Ace)
MrLefty1337 collected $2 from pot
*** SUMMARY ***
Total pot $2.07 | Rake $0.07 
Board [2s As Ts Kc Qh]
Seat 1: kamafeus (small blind) folded on the River
Seat 2: Pepono101 (big blind) folded on the Flop
Seat 3: OldRasta1984 folded before Flop (didn't bet)
Seat 4: Dorex2007 showed [Ad Th] and lost with two pair, Aces and Tens
Seat 5: Paty Doll726 folded before Flop (didn't bet)
Seat 7: superjod218 folded on the Flop
Seat 8: MrLefty1337 showed [Ah Jc] and won ($2) with a straight, Ten to Ace
Seat 9: iason4u (button) folded on the Flop



PokerStars Hand #230411548460:  Hold'em No Limit ($0.01/$0.02 USD) - 2021/10/06 17:30:40 PT [2021/10/06 20:30:40 ET]
Table 'Apollonia III' 9-max Seat #1 is the button
Seat 1: kamafeus ($1.89 in chips) 
Seat 2: Pepono101 ($0.76 in chips) 
Seat 3: OldRasta1984 ($0.77 in chips) 
Seat 4: Dorex2007 ($5.45 in chips) 
Seat 5: Paty Doll726 ($0.86 in chips) 
Seat 7: superjod218 ($2.02 in chips) 
Seat 8: MrLefty1337 ($3.94 in chips) 
Seat 9: iason4u ($7.68 in chips) 
Pepono101: posts small blind $0.01
OldRasta1984: posts big blind $0.02
*** HOLE CARDS ***
Dealt to Dorex2007 [Th 6h]
Dorex2007: folds 
Paty Doll726: calls $0.02
superjod218: folds 
MrLefty1337: calls $0.02
iason4u: folds 
kamafeus: folds 
Pepono101: calls $0.01
OldRasta1984: raises $0.08 to $0.10
Paty Doll726: folds 
MrLefty1337: calls $0.08
Pepono101: folds 
*** FLOP *** [Jd 5c 9s]
OldRasta1984: checks 
MrLefty1337: checks 
*** TURN *** [Jd 5c 9s] [6d]
OldRasta1984: checks 
MrLefty1337: checks 
*** RIVER *** [Jd 5c 9s 6d] [7d]
OldRasta1984: checks 
MrLefty1337: checks 
*** SHOW DOWN ***
OldRasta1984: shows [Kd Ac] (high card Ace)
MrLefty1337: mucks hand 
OldRasta1984 collected $0.23 from pot
*** SUMMARY ***
Total pot $0.24 | Rake $0.01 
Board [Jd 5c 9s 6d 7d]
Seat 1: kamafeus (button) folded before Flop (didn't bet)
Seat 2: Pepono101 (small blind) folded before Flop
Seat 3: OldRasta1984 (big blind) showed [Kd Ac] and won ($0.23) with high card Ace
Seat 4: Dorex2007 folded before Flop (didn't bet)
Seat 5: Paty Doll726 folded before Flop
Seat 7: superjod218 folded before Flop (didn't bet)
Seat 8: MrLefty1337 mucked [Qd As]
Seat 9: iason4u folded before Flop (didn't bet)



PokerStars Hand #230411565459:  Hold'em No Limit ($0.01/$0.02 USD) - 2021/10/06 17:31:48 PT [2021/10/06 20:31:48 ET]
Table 'Apollonia III' 9-max Seat #2 is the button
Seat 1: kamafeus ($1.89 in chips) 
Seat 2: Pepono101 ($0.74 in chips) 
Seat 3: OldRasta1984 ($0.90 in chips) 
Seat 4: Dorex2007 ($5.45 in chips) 
Seat 5: Paty Doll726 ($0.84 in chips) 
Seat 7: superjod218 ($2.02 in chips) 
Seat 8: MrLefty1337 ($3.84 in chips) 
Seat 9: iason4u ($7.68 in chips) 
OldRasta1984: posts small blind $0.01
Dorex2007: posts big blind $0.02
*** HOLE CARDS ***
Dealt to Dorex2007 [Js 7h]
Paty Doll726: folds 
superjod218: folds 
MrLefty1337: folds 
iason4u: calls $0.02
kamafeus: folds 
Pepono101: calls $0.02
OldRasta1984: folds 
Dorex2007: checks 
*** FLOP *** [7d 6d 5h]
Dorex2007: checks 
iason4u: bets $0.06
Pepono101: calls $0.06
Dorex2007: folds 
*** TURN *** [7d 6d 5h] [4h]
iason4u: bets $0.18
Pepono101: calls $0.18
*** RIVER *** [7d 6d 5h 4h] [Ah]
iason4u: bets $0.53
Pepono101: calls $0.48 and is all-in
Uncalled bet ($0.05) returned to iason4u
*** SHOW DOWN ***
iason4u: shows [8h 7s] (a straight, Four to Eight)
Pepono101: shows [3d 5s] (a straight, Three to Seven)
iason4u collected $1.46 from pot
*** SUMMARY ***
Total pot $1.51 | Rake $0.05 
Board [7d 6d 5h 4h Ah]
Seat 1: kamafeus folded before Flop (didn't bet)
Seat 2: Pepono101 (button) showed [3d 5s] and lost with a straight, Three to Seven
Seat 3: OldRasta1984 (small blind) folded before Flop
Seat 4: Dorex2007 (big blind) folded on the Flop
Seat 5: Paty Doll726 folded before Flop (didn't bet)
Seat 7: superjod218 folded before Flop (didn't bet)
Seat 8: MrLefty1337 folded before Flop (didn't bet)
Seat 9: iason4u showed [8h 7s] and won ($1.46) with a straight, Four to Eight



PokerStars Hand #230411583089:  Hold'em No Limit ($0.01/$0.02 USD) - 2021/10/06 17:32:59 PT [2021/10/06 20:32:59 ET]
Table 'Apollonia III' 9-max Seat #3 is the button
Seat 1: kamafeus ($1.89 in chips) 
Seat 3: OldRasta1984 ($0.89 in chips) 
Seat 4: Dorex2007 ($5.43 in chips) 
Seat 5: Paty Doll726 ($0.84 in chips) 
Seat 7: superjod218 ($2.02 in chips) 
Seat 8: MrLefty1337 ($3.84 in chips) 
Seat 9: iason4u ($8.40 in chips) 
Dorex2007: posts small blind $0.01
Paty Doll726: posts big blind $0.02
*** HOLE CARDS ***
Dealt to Dorex2007 [Tc 7d]
superjod218: raises $0.04 to $0.06
MrLefty1337: calls $0.06
iason4u: folds 
kamafeus: folds 
OldRasta1984: folds 
Dorex2007: folds 
Paty Doll726: calls $0.04
*** FLOP *** [6h Ks 6d]
Paty Doll726: checks 
superjod218: bets $0.09
MrLefty1337: folds 
Paty Doll726: folds 
Uncalled bet ($0.09) returned to superjod218
superjod218 collected $0.18 from pot
superjod218: doesn't show hand 
*** SUMMARY ***
Total pot $0.19 | Rake $0.01 
Board [6h Ks 6d]
Seat 1: kamafeus folded before Flop (didn't bet)
Seat 3: OldRasta1984 (button) folded before Flop (didn't bet)
Seat 4: Dorex2007 (small blind) folded before Flop
Seat 5: Paty Doll726 (big blind) folded on the Flop
Seat 7: superjod218 collected ($0.18)
Seat 8: MrLefty1337 folded on the Flop
Seat 9: iason4u folded before Flop (didn't bet)



PokerStars Hand #230411590906:  Hold'em No Limit ($0.01/$0.02 USD) - 2021/10/06 17:33:31 PT [2021/10/06 20:33:31 ET]
Table 'Apollonia III' 9-max Seat #4 is the button
Seat 1: kamafeus ($1.89 in chips) 
Seat 3: OldRasta1984 ($0.89 in chips) 
Seat 4: Dorex2007 ($5.42 in chips) 
Seat 5: Paty Doll726 ($0.78 in chips) 
Seat 7: superjod218 ($2.14 in chips) 
Seat 8: MrLefty1337 ($3.78 in chips) 
Seat 9: iason4u ($8.40 in chips) 
Paty Doll726: posts small blind $0.01
superjod218: posts big blind $0.02
*** HOLE CARDS ***
Dealt to Dorex2007 [Kc Qd]
MrLefty1337: folds 
iason4u: folds 
kamafeus: folds 
OldRasta1984: raises $0.03 to $0.05
Dorex2007: calls $0.05
Paty Doll726: folds 
superjod218: folds 
*** FLOP *** [8c 9s 8d]
OldRasta1984: bets $0.08
Dorex2007: folds 
Uncalled bet ($0.08) returned to OldRasta1984
OldRasta1984 collected $0.13 from pot
OldRasta1984: doesn't show hand 
*** SUMMARY ***
Total pot $0.13 | Rake $0 
Board [8c 9s 8d]
Seat 1: kamafeus folded before Flop (didn't bet)
Seat 3: OldRasta1984 collected ($0.13)
Seat 4: Dorex2007 (button) folded on the Flop
Seat 5: Paty Doll726 (small blind) folded before Flop
Seat 7: superjod218 (big blind) folded before Flop
Seat 8: MrLefty1337 folded before Flop (didn't bet)
Seat 9: iason4u folded before Flop (didn't bet)



PokerStars Hand #230411597401:  Hold'em No Limit ($0.01/$0.02 USD) - 2021/10/06 17:33:58 PT [2021/10/06 20:33:58 ET]
Table 'Apollonia III' 9-max Seat #5 is the button
Seat 1: kamafeus ($1.89 in chips) 
Seat 3: OldRasta1984 ($0.97 in chips) 
Seat 4: Dorex2007 ($5.37 in chips) 
Seat 5: Paty Doll726 ($0.77 in chips) 
Seat 7: superjod218 ($2.12 in chips) 
Seat 8: MrLefty1337 ($3.78 in chips) 
Seat 9: iason4u ($8.40 in chips) 
superjod218: posts small blind $0.01
MrLefty1337: posts big blind $0.02
*** HOLE CARDS ***
Dealt to Dorex2007 [4d 4s]
iason4u: calls $0.02
kamafeus: folds 
OldRasta1984: folds 
Dorex2007: calls $0.02
Paty Doll726: calls $0.02
superjod218: folds 
MrLefty1337: checks 
*** FLOP *** [3d 2d 8c]
MrLefty1337: checks 
iason4u: bets $0.06
Dorex2007: calls $0.06
Paty Doll726: calls $0.06
MrLefty1337: calls $0.06
*** TURN *** [3d 2d 8c] [Td]
MrLefty1337: checks 
iason4u: checks 
Dorex2007: checks 
Paty Doll726: checks 
*** RIVER *** [3d 2d 8c Td] [6d]
MrLefty1337: checks 
iason4u: bets $0.10
Dorex2007: folds 
Paty Doll726: folds 
MrLefty1337: folds 
Uncalled bet ($0.10) returned to iason4u
iason4u collected $0.32 from pot
iason4u: doesn't show hand 
*** SUMMARY ***
Total pot $0.33 | Rake $0.01 
Board [3d 2d 8c Td 6d]
Seat 1: kamafeus folded before Flop (didn't bet)
Seat 3: OldRasta1984 folded before Flop (didn't bet)
Seat 4: Dorex2007 folded on the River
Seat 5: Paty Doll726 (button) folded on the River
Seat 7: superjod218 (small blind) folded before Flop
Seat 8: MrLefty1337 (big blind) folded on the River
Seat 9: iason4u collected ($0.32)



PokerStars Hand #230411609959:  Hold'em No Limit ($0.01/$0.02 USD) - 2021/10/06 17:34:48 PT [2021/10/06 20:34:48 ET]
Table 'Apollonia III' 9-max Seat #7 is the button
Seat 1: kamafeus ($1.89 in chips) 
Seat 3: OldRasta1984 ($0.97 in chips) 
Seat 4: Dorex2007 ($5.29 in chips) 
Seat 5: Paty Doll726 ($0.69 in chips) 
Seat 7: superjod218 ($2.11 in chips) 
Seat 8: MrLefty1337 ($3.70 in chips) 
Seat 9: iason4u ($8.64 in chips) 
MrLefty1337: posts small blind $0.01
iason4u: posts big blind $0.02
*** HOLE CARDS ***
Dealt to Dorex2007 [7h 3s]
kamafeus: folds 
OldRasta1984: folds 
Dorex2007: folds 
Paty Doll726: folds 
superjod218: folds 
MrLefty1337: calls $0.01
iason4u: raises $0.06 to $0.08
MrLefty1337: calls $0.06
*** FLOP *** [Ad 2c Kh]
MrLefty1337: checks 
iason4u: bets $0.08
MrLefty1337: folds 
Uncalled bet ($0.08) returned to iason4u
iason4u collected $0.15 from pot
iason4u: doesn't show hand 
*** SUMMARY ***
Total pot $0.16 | Rake $0.01 
Board [Ad 2c Kh]
Seat 1: kamafeus folded before Flop (didn't bet)
Seat 3: OldRasta1984 folded before Flop (didn't bet)
Seat 4: Dorex2007 folded before Flop (didn't bet)
Seat 5: Paty Doll726 folded before Flop (didn't bet)
Seat 7: superjod218 (button) folded before Flop (didn't bet)
Seat 8: MrLefty1337 (small blind) folded on the Flop
Seat 9: iason4u (big blind) collected ($0.15)



PokerStars Hand #230411616630:  Hold'em No Limit ($0.01/$0.02 USD) - 2021/10/06 17:35:15 PT [2021/10/06 20:35:15 ET]
Table 'Apollonia III' 9-max Seat #8 is the button
Seat 1: kamafeus ($1.89 in chips) 
Seat 3: OldRasta1984 ($0.97 in chips) 
Seat 4: Dorex2007 ($5.29 in chips) 
Seat 5: Paty Doll726 ($0.69 in chips) 
Seat 7: superjod218 ($2.11 in chips) 
Seat 8: MrLefty1337 ($3.62 in chips) 
Seat 9: iason4u ($8.71 in chips) 
iason4u: posts small blind $0.01
kamafeus: posts big blind $0.02
*** HOLE CARDS ***
Dealt to Dorex2007 [8s Qh]
OldRasta1984: folds 
Dorex2007: folds 
Paty Doll726: folds 
superjod218: raises $0.04 to $0.06
MrLefty1337: folds 
iason4u: folds 
kamafeus: folds 
Uncalled bet ($0.04) returned to superjod218
superjod218 collected $0.05 from pot
superjod218: doesn't show hand 
*** SUMMARY ***
Total pot $0.05 | Rake $0 
Seat 1: kamafeus (big blind) folded before Flop
Seat 3: OldRasta1984 folded before Flop (didn't bet)
Seat 4: Dorex2007 folded before Flop (didn't bet)
Seat 5: Paty Doll726 folded before Flop (didn't bet)
Seat 7: superjod218 collected ($0.05)
Seat 8: MrLefty1337 (button) folded before Flop (didn't bet)
Seat 9: iason4u (small blind) folded before Flop



PokerStars Hand #230411620548:  Hold'em No Limit ($0.01/$0.02 USD) - 2021/10/06 17:35:31 PT [2021/10/06 20:35:31 ET]
Table 'Apollonia III' 9-max Seat #9 is the button
Seat 1: kamafeus ($1.87 in chips) 
Seat 3: OldRasta1984 ($0.97 in chips) 
Seat 4: Dorex2007 ($5.29 in chips) 
Seat 5: Paty Doll726 ($0.80 in chips) 
Seat 7: superjod218 ($2.14 in chips) 
Seat 8: MrLefty1337 ($3.62 in chips) 
Seat 9: iason4u ($8.70 in chips) 
kamafeus: posts small blind $0.01
OldRasta1984: posts big blind $0.02
*** HOLE CARDS ***
Dealt to Dorex2007 [9c 6d]
Dorex2007: folds 
Paty Doll726: folds 
superjod218: folds 
MrLefty1337: folds 
iason4u: folds 
kamafeus: calls $0.01
OldRasta1984: checks 
*** FLOP *** [5h 6c 4s]
kamafeus: checks 
OldRasta1984: checks 
*** TURN *** [5h 6c 4s] [5d]
kamafeus: checks 
OldRasta1984: checks 
*** RIVER *** [5h 6c 4s 5d] [9h]
kamafeus: checks 
OldRasta1984: checks 
*** SHOW DOWN ***
kamafeus: shows [As Qc] (a pair of Fives)
OldRasta1984: mucks hand 
kamafeus collected $0.04 from pot
*** SUMMARY ***
Total pot $0.04 | Rake $0 
Board [5h 6c 4s 5d 9h]
Seat 1: kamafeus (small blind) showed [As Qc] and won ($0.04) with a pair of Fives
Seat 3: OldRasta1984 (big blind) mucked [Tc 2s]
Seat 4: Dorex2007 folded before Flop (didn't bet)
Seat 5: Paty Doll726 folded before Flop (didn't bet)
Seat 7: superjod218 folded before Flop (didn't bet)
Seat 8: MrLefty1337 folded before Flop (didn't bet)
Seat 9: iason4u (button) folded before Flop (didn't bet)



PokerStars Hand #230411631073:  Hold'em No Limit ($0.01/$0.02 USD) - 2021/10/06 17:36:13 PT [2021/10/06 20:36:13 ET]
Table 'Apollonia III' 9-max Seat #1 is the button
Seat 1: kamafeus ($1.89 in chips) 
Seat 3: OldRasta1984 ($0.95 in chips) 
Seat 4: Dorex2007 ($5.29 in chips) 
Seat 5: Paty Doll726 ($0.80 in chips) 
Seat 7: superjod218 ($2.14 in chips) 
Seat 8: MrLefty1337 ($3.62 in chips) 
Seat 9: iason4u ($8.70 in chips) 
OldRasta1984: posts small blind $0.01
Dorex2007: posts big blind $0.02
*** HOLE CARDS ***
Dealt to Dorex2007 [Qc 3d]
Paty Doll726: folds 
superjod218: folds 
MrLefty1337: calls $0.02
iason4u: folds 
kamafeus: folds 
OldRasta1984: folds 
Dorex2007: checks 
*** FLOP *** [Ac 8d 5d]
Dorex2007: checks 
MrLefty1337: bets $0.02
Dorex2007: folds 
Uncalled bet ($0.02) returned to MrLefty1337
MrLefty1337 collected $0.05 from pot
MrLefty1337: doesn't show hand 
*** SUMMARY ***
Total pot $0.05 | Rake $0 
Board [Ac 8d 5d]
Seat 1: kamafeus (button) folded before Flop (didn't bet)
Seat 3: OldRasta1984 (small blind) folded before Flop
Seat 4: Dorex2007 (big blind) folded on the Flop
Seat 5: Paty Doll726 folded before Flop (didn't bet)
Seat 7: superjod218 folded before Flop (didn't bet)
Seat 8: MrLefty1337 collected ($0.05)
Seat 9: iason4u folded before Flop (didn't bet)



PokerStars Hand #230411641059:  Hold'em No Limit ($0.01/$0.02 USD) - 2021/10/06 17:36:54 PT [2021/10/06 20:36:54 ET]
Table 'Apollonia III' 9-max Seat #3 is the button
Seat 1: kamafeus ($1.89 in chips) 
Seat 3: OldRasta1984 ($0.94 in chips) 
Seat 4: Dorex2007 ($5.27 in chips) 
Seat 5: Paty Doll726 ($0.80 in chips) 
Seat 7: superjod218 ($2.14 in chips) 
Seat 8: MrLefty1337 ($3.65 in chips) 
Seat 9: iason4u ($8.70 in chips) 
Dorex2007: posts small blind $0.01
Paty Doll726: posts big blind $0.02
*** HOLE CARDS ***
Dealt to Dorex2007 [8d Qc]
superjod218: folds 
MrLefty1337: calls $0.02
iason4u: folds 
kamafeus: calls $0.02
OldRasta1984: folds 
Dorex2007: calls $0.01
Paty Doll726: checks 
*** FLOP *** [7c Ks 9c]
Dorex2007: checks 
Paty Doll726: checks 
MrLefty1337: checks 
Pepono101 leaves the table
kamafeus: checks 
*** TURN *** [7c Ks 9c] [Tc]
Dorex2007: checks 
Paty Doll726: checks 
MrLefty1337: checks 
HeitorGC joins the table at seat #2 
kamafeus: checks 
*** RIVER *** [7c Ks 9c Tc] [8h]
Dorex2007: bets $0.04
Paty Doll726: folds 
MrLefty1337: folds 
kamafeus: calls $0.04
*** SHOW DOWN ***
Dorex2007: shows [8d Qc] (a pair of Eights)
kamafeus: shows [6h 6c] (a straight, Six to Ten)
kamafeus collected $0.15 from pot
*** SUMMARY ***
Total pot $0.16 | Rake $0.01 
Board [7c Ks 9c Tc 8h]
Seat 1: kamafeus showed [6h 6c] and won ($0.15) with a straight, Six to Ten
Seat 3: OldRasta1984 (button) folded before Flop (didn't bet)
Seat 4: Dorex2007 (small blind) showed [8d Qc] and lost with a pair of Eights
Seat 5: Paty Doll726 (big blind) folded on the River
Seat 7: superjod218 folded before Flop (didn't bet)
Seat 8: MrLefty1337 folded on the River
Seat 9: iason4u folded before Flop (didn't bet)



PokerStars Hand #230411655997:  Hold'em No Limit ($0.01/$0.02 USD) - 2021/10/06 17:37:55 PT [2021/10/06 20:37:55 ET]
Table 'Apollonia III' 9-max Seat #4 is the button
Seat 1: kamafeus ($1.98 in chips) 
Seat 3: OldRasta1984 ($0.94 in chips) 
Seat 4: Dorex2007 ($5.21 in chips) 
Seat 5: Paty Doll726 ($0.78 in chips) 
Seat 7: superjod218 ($2.14 in chips) 
Seat 8: MrLefty1337 ($3.63 in chips) 
Seat 9: iason4u ($8.70 in chips) 
Paty Doll726: posts small blind $0.01
superjod218: posts big blind $0.02
HeitorGC: sits out 
*** HOLE CARDS ***
Dealt to Dorex2007 [7h 7c]
MrLefty1337: calls $0.02
iason4u: folds 
kamafeus: calls $0.02
OldRasta1984: folds 
Dorex2007: raises $0.02 to $0.04
Paty Doll726: folds 
superjod218: folds 
MrLefty1337: calls $0.02
kamafeus: calls $0.02
*** FLOP *** [6s Td 6h]
MrLefty1337: checks 
kamafeus: checks 
Dorex2007: bets $0.09
MrLefty1337: folds 
kamafeus: folds 
Uncalled bet ($0.09) returned to Dorex2007
Dorex2007 collected $0.14 from pot
Gkalmpinos365 leaves the table
Dorex2007: doesn't show hand 
*** SUMMARY ***
Total pot $0.15 | Rake $0.01 
Board [6s Td 6h]
Seat 1: kamafeus folded on the Flop
Seat 3: OldRasta1984 folded before Flop (didn't bet)
Seat 4: Dorex2007 (button) collected ($0.14)
Seat 5: Paty Doll726 (small blind) folded before Flop
Seat 7: superjod218 (big blind) folded before Flop
Seat 8: MrLefty1337 folded on the Flop
Seat 9: iason4u folded before Flop (didn't bet)



PokerStars Hand #230411666089:  Hold'em No Limit ($0.01/$0.02 USD) - 2021/10/06 17:38:36 PT [2021/10/06 20:38:36 ET]
Table 'Apollonia III' 9-max Seat #5 is the button
Seat 1: kamafeus ($1.94 in chips) 
Seat 3: OldRasta1984 ($0.94 in chips) 
Seat 4: Dorex2007 ($5.31 in chips) 
Seat 5: Paty Doll726 ($0.77 in chips) 
Seat 7: superjod218 ($2.12 in chips) 
Seat 8: MrLefty1337 ($3.59 in chips) 
Seat 9: iason4u ($8.70 in chips) 
superjod218: posts small blind $0.01
MrLefty1337: posts big blind $0.02
HeitorGC: sits out 
*** HOLE CARDS ***
Dealt to Dorex2007 [Jd Qc]
iason4u: folds 
kamafeus: calls $0.02
OldRasta1984: folds 
Dorex2007: raises $0.02 to $0.04
Paty Doll726: calls $0.04
superjod218: raises $0.16 to $0.20
MrLefty1337: folds 
kamafeus: folds 
Dorex2007: folds 
Paty Doll726: folds 
Uncalled bet ($0.16) returned to superjod218
superjod218 collected $0.16 from pot
superjod218: doesn't show hand 
*** SUMMARY ***
Total pot $0.16 | Rake $0 
Seat 1: kamafeus folded before Flop
Seat 3: OldRasta1984 folded before Flop (didn't bet)
Seat 4: Dorex2007 folded before Flop
Seat 5: Paty Doll726 (button) folded before Flop
Seat 7: superjod218 (small blind) collected ($0.16)
Seat 8: MrLefty1337 (big blind) folded before Flop
Seat 9: iason4u folded before Flop (didn't bet)



PokerStars Hand #230411675286:  Hold'em No Limit ($0.01/$0.02 USD) - 2021/10/06 17:39:13 PT [2021/10/06 20:39:13 ET]
Table 'Apollonia III' 9-max Seat #7 is the button
Seat 1: kamafeus ($1.92 in chips) 
Seat 2: HeitorGC ($1.60 in chips) 
Seat 3: OldRasta1984 ($0.94 in chips) 
Seat 4: Dorex2007 ($5.27 in chips) 
Seat 5: Paty Doll726 ($0.73 in chips) 
Seat 7: superjod218 ($2.24 in chips) 
Seat 8: MrLefty1337 ($3.57 in chips) 
Seat 9: iason4u ($8.70 in chips) 
MrLefty1337: posts small blind $0.01
iason4u: posts big blind $0.02
HeitorGC: posts big blind $0.02
*** HOLE CARDS ***
Dealt to Dorex2007 [9c 5h]
kamafeus: calls $0.02
HeitorGC: raises $0.02 to $0.04
OldRasta1984: folds 
Dorex2007: folds 
Paty Doll726: folds 
superjod218: calls $0.04
MrLefty1337: folds 
iason4u: folds 
kamafeus: raises $1.88 to $1.92 and is all-in
HeitorGC: folds 
superjod218: folds 
Uncalled bet ($1.88) returned to kamafeus
kamafeus collected $0.15 from pot
kamafeus: doesn't show hand 
*** SUMMARY ***
Total pot $0.15 | Rake $0 
Seat 1: kamafeus collected ($0.15)
Seat 2: HeitorGC folded before Flop
Seat 3: OldRasta1984 folded before Flop (didn't bet)
Seat 4: Dorex2007 folded before Flop (didn't bet)
Seat 5: Paty Doll726 folded before Flop (didn't bet)
Seat 7: superjod218 (button) folded before Flop
Seat 8: MrLefty1337 (small blind) folded before Flop
Seat 9: iason4u (big blind) folded before Flop



PokerStars Hand #230411683738:  Hold'em No Limit ($0.01/$0.02 USD) - 2021/10/06 17:39:47 PT [2021/10/06 20:39:47 ET]
Table 'Apollonia III' 9-max Seat #8 is the button
Seat 1: kamafeus ($2.03 in chips) 
Seat 2: HeitorGC ($1.56 in chips) 
Seat 3: OldRasta1984 ($0.94 in chips) 
Seat 4: Dorex2007 ($5.27 in chips) 
Seat 5: Paty Doll726 ($0.73 in chips) 
Seat 7: superjod218 ($2.20 in chips) 
Seat 8: MrLefty1337 ($3.56 in chips) 
Seat 9: iason4u ($8.68 in chips) 
iason4u: posts small blind $0.01
kamafeus: posts big blind $0.02
*** HOLE CARDS ***
Dealt to Dorex2007 [4c 7d]
HeitorGC: folds 
OldRasta1984: folds 
Dorex2007: folds 
Paty Doll726: calls $0.02
superjod218: folds 
MrLefty1337: folds 
MrLefty1337 leaves the table
iason4u: folds 
kamafeus: checks 
*** FLOP *** [3h 5s 2c]
kamafeus: checks 
Paty Doll726: folds 
Paty Doll726 leaves the table
kamafeus collected $0.05 from pot
kamafeus: doesn't show hand 
*** SUMMARY ***
Total pot $0.05 | Rake $0 
Board [3h 5s 2c]
Seat 1: kamafeus (big blind) collected ($0.05)
Seat 2: HeitorGC folded before Flop (didn't bet)
Seat 3: OldRasta1984 folded before Flop (didn't bet)
Seat 4: Dorex2007 folded before Flop (didn't bet)
Seat 5: Paty Doll726 folded on the Flop
Seat 7: superjod218 folded before Flop (didn't bet)
Seat 8: MrLefty1337 (button) folded before Flop (didn't bet)
Seat 9: iason4u (small blind) folded before Flop



PokerStars Hand #230411689316:  Hold'em No Limit ($0.01/$0.02 USD) - 2021/10/06 17:40:10 PT [2021/10/06 20:40:10 ET]
Table 'Apollonia III' 9-max Seat #9 is the button
Seat 1: kamafeus ($2.06 in chips) 
Seat 2: HeitorGC ($1.56 in chips) 
Seat 3: OldRasta1984 ($0.94 in chips) 
Seat 4: Dorex2007 ($5.27 in chips) 
Seat 7: superjod218 ($2.20 in chips) 
Seat 9: iason4u ($8.67 in chips) 
kamafeus: posts small blind $0.01
HeitorGC: posts big blind $0.02
*** HOLE CARDS ***
Dealt to Dorex2007 [Ac Jh]
OldRasta1984: folds 
Dorex2007: raises $0.04 to $0.06
superjod218: folds 
iason4u: folds 
Mat le Bonsant joins the table at seat #5 
kamafeus: calls $0.05
Paty Doll726 joins the table at seat #8 
HeitorGC: calls $0.04
*** FLOP *** [5s Ks 6h]
kamafeus: checks 
HeitorGC: checks 
Dorex2007: checks 
*** TURN *** [5s Ks 6h] [9d]
kamafeus: bets $0.17
HeitorGC: folds 
Dorex2007: folds 
Uncalled bet ($0.17) returned to kamafeus
kamafeus collected $0.17 from pot
kamafeus: doesn't show hand 
*** SUMMARY ***
Total pot $0.18 | Rake $0.01 
Board [5s Ks 6h 9d]
Seat 1: kamafeus (small blind) collected ($0.17)
Seat 2: HeitorGC (big blind) folded on the Turn
Seat 3: OldRasta1984 folded before Flop (didn't bet)
Seat 4: Dorex2007 folded on the Turn
Seat 7: superjod218 folded before Flop (didn't bet)
Seat 9: iason4u (button) folded before Flop (didn't bet)



