PokerStars Hand #227358325889:  Hold'em No Limit ($0.01/$0.02 USD) - 2021/06/05 16:05:02 PT [2021/06/05 19:05:02 ET]
Table 'Echo' 9-max Seat #7 is the button
Seat 1: Dorex2007 ($2 in chips) 
Seat 2: whitty1973 ($2.45 in chips) 
Seat 3: theweemon ($1.53 in chips) 
Seat 4: criatura-AG ($1 in chips) 
Seat 5: snowpepsi ($3.65 in chips) 
Seat 6: PsAikoS ($1.63 in chips) 
Seat 7: nesnahh ($2.63 in chips) 
Seat 9: k . A_063 ($2.06 in chips) 
k . A_063: posts small blind $0.01
Dorex2007: posts big blind $0.02
*** HOLE CARDS ***
Dealt to Dorex2007 [Kc 5s]
whitty1973: folds 
theweemon: calls $0.02
criatura-AG: folds 
snowpepsi: folds 
PsAikoS: folds 
nesnahh: folds 
k . A_063: folds 
Dorex2007: checks 
*** FLOP *** [9s 7s Ac]
Dorex2007: checks 
theweemon: bets $0.02
Dorex2007: folds 
Uncalled bet ($0.02) returned to theweemon
theweemon collected $0.05 from pot
theweemon: doesn't show hand 
*** SUMMARY ***
Total pot $0.05 | Rake $0 
Board [9s 7s Ac]
Seat 1: Dorex2007 (big blind) folded on the Flop
Seat 2: whitty1973 folded before Flop (didn't bet)
Seat 3: theweemon collected ($0.05)
Seat 4: criatura-AG folded before Flop (didn't bet)
Seat 5: snowpepsi folded before Flop (didn't bet)
Seat 6: PsAikoS folded before Flop (didn't bet)
Seat 7: nesnahh (button) folded before Flop (didn't bet)
Seat 9: k . A_063 (small blind) folded before Flop



PokerStars Hand #227358336917:  Hold'em No Limit ($0.01/$0.02 USD) - 2021/06/05 16:05:30 PT [2021/06/05 19:05:30 ET]
Table 'Echo' 9-max Seat #9 is the button
Seat 1: Dorex2007 ($1.98 in chips) 
Seat 2: whitty1973 ($2.45 in chips) 
Seat 3: theweemon ($1.56 in chips) 
Seat 4: criatura-AG ($1 in chips) 
Seat 5: snowpepsi ($3.65 in chips) 
Seat 6: PsAikoS ($1.63 in chips) 
Seat 7: nesnahh ($2.63 in chips) 
Seat 9: k . A_063 ($2.05 in chips) 
Dorex2007: posts small blind $0.01
whitty1973: posts big blind $0.02
Spenc6666: sits out 
*** HOLE CARDS ***
Dealt to Dorex2007 [5d Ts]
theweemon: calls $0.02
criatura-AG: calls $0.02
snowpepsi: folds 
PsAikoS: folds 
nesnahh: raises $0.08 to $0.10
k . A_063: folds 
Dorex2007: folds 
whitty1973: folds 
theweemon: folds 
criatura-AG: folds 
Uncalled bet ($0.08) returned to nesnahh
nesnahh collected $0.09 from pot
nesnahh: doesn't show hand 
*** SUMMARY ***
Total pot $0.09 | Rake $0 
Seat 1: Dorex2007 (small blind) folded before Flop
Seat 2: whitty1973 (big blind) folded before Flop
Seat 3: theweemon folded before Flop
Seat 4: criatura-AG folded before Flop
Seat 5: snowpepsi folded before Flop (didn't bet)
Seat 6: PsAikoS folded before Flop (didn't bet)
Seat 7: nesnahh collected ($0.09)
Seat 9: k . A_063 (button) folded before Flop (didn't bet)



PokerStars Hand #227358345301:  Hold'em No Limit ($0.01/$0.02 USD) - 2021/06/05 16:05:52 PT [2021/06/05 19:05:52 ET]
Table 'Echo' 9-max Seat #1 is the button
Seat 1: Dorex2007 ($1.97 in chips) 
Seat 2: whitty1973 ($2.43 in chips) 
Seat 3: theweemon ($1.54 in chips) 
Seat 4: criatura-AG ($0.98 in chips) 
Seat 5: snowpepsi ($3.65 in chips) 
Seat 6: PsAikoS ($1.63 in chips) 
Seat 7: nesnahh ($2.70 in chips) 
Seat 9: k . A_063 ($2.05 in chips) 
whitty1973: posts small blind $0.01
theweemon: posts big blind $0.02
Spenc6666: sits out 
*** HOLE CARDS ***
Dealt to Dorex2007 [9d 4c]
criatura-AG: calls $0.02
snowpepsi: folds 
PsAikoS: folds 
nesnahh: folds 
k . A_063: folds 
Dorex2007: folds 
whitty1973: calls $0.01
theweemon: checks 
*** FLOP *** [Qh Ts 3h]
whitty1973: checks 
theweemon: checks 
criatura-AG: checks 
*** TURN *** [Qh Ts 3h] [Qs]
whitty1973: checks 
theweemon: bets $0.02
criatura-AG: calls $0.02
whitty1973: calls $0.02
*** RIVER *** [Qh Ts 3h Qs] [Qc]
whitty1973: checks 
theweemon: checks 
criatura-AG: checks 
*** SHOW DOWN ***
whitty1973: shows [2s Ks] (three of a kind, Queens)
theweemon: shows [5h 3s] (a full house, Queens full of Threes)
criatura-AG: mucks hand 
theweemon collected $0.12 from pot
*** SUMMARY ***
Total pot $0.12 | Rake $0 
Board [Qh Ts 3h Qs Qc]
Seat 1: Dorex2007 (button) folded before Flop (didn't bet)
Seat 2: whitty1973 (small blind) showed [2s Ks] and lost with three of a kind, Queens
Seat 3: theweemon (big blind) showed [5h 3s] and won ($0.12) with a full house, Queens full of Threes
Seat 4: criatura-AG mucked [Kh As]
Seat 5: snowpepsi folded before Flop (didn't bet)
Seat 6: PsAikoS folded before Flop (didn't bet)
Seat 7: nesnahh folded before Flop (didn't bet)
Seat 9: k . A_063 folded before Flop (didn't bet)



PokerStars Hand #227358360575:  Hold'em No Limit ($0.01/$0.02 USD) - 2021/06/05 16:06:32 PT [2021/06/05 19:06:32 ET]
Table 'Echo' 9-max Seat #2 is the button
Seat 1: Dorex2007 ($1.97 in chips) 
Seat 2: whitty1973 ($2.39 in chips) 
Seat 3: theweemon ($1.62 in chips) 
Seat 4: criatura-AG ($0.94 in chips) 
Seat 5: snowpepsi ($3.65 in chips) 
Seat 6: PsAikoS ($1.63 in chips) 
Seat 7: nesnahh ($2.70 in chips) 
Seat 9: k . A_063 ($2.05 in chips) 
theweemon: posts small blind $0.01
criatura-AG: posts big blind $0.02
Spenc6666: sits out 
*** HOLE CARDS ***
Dealt to Dorex2007 [Jc 5c]
snowpepsi: folds 
PsAikoS: folds 
nesnahh: folds 
k . A_063: folds 
Dorex2007: folds 
whitty1973: folds 
theweemon: calls $0.01
criatura-AG: checks 
*** FLOP *** [7c 8s 5d]
theweemon: checks 
criatura-AG: checks 
*** TURN *** [7c 8s 5d] [8c]
theweemon: bets $0.02
criatura-AG: calls $0.02
*** RIVER *** [7c 8s 5d 8c] [Ac]
theweemon: checks 
criatura-AG: checks 
*** SHOW DOWN ***
theweemon: shows [3c 6h] (a pair of Eights)
criatura-AG: shows [Js 2s] (a pair of Eights - Ace+Jack kicker)
criatura-AG collected $0.08 from pot
*** SUMMARY ***
Total pot $0.08 | Rake $0 
Board [7c 8s 5d 8c Ac]
Seat 1: Dorex2007 folded before Flop (didn't bet)
Seat 2: whitty1973 (button) folded before Flop (didn't bet)
Seat 3: theweemon (small blind) showed [3c 6h] and lost with a pair of Eights
Seat 4: criatura-AG (big blind) showed [Js 2s] and won ($0.08) with a pair of Eights
Seat 5: snowpepsi folded before Flop (didn't bet)
Seat 6: PsAikoS folded before Flop (didn't bet)
Seat 7: nesnahh folded before Flop (didn't bet)
Seat 9: k . A_063 folded before Flop (didn't bet)



PokerStars Hand #227358373698:  Hold'em No Limit ($0.01/$0.02 USD) - 2021/06/05 16:07:06 PT [2021/06/05 19:07:06 ET]
Table 'Echo' 9-max Seat #3 is the button
Seat 1: Dorex2007 ($1.97 in chips) 
Seat 2: whitty1973 ($2.39 in chips) 
Seat 3: theweemon ($1.58 in chips) 
Seat 4: criatura-AG ($0.98 in chips) 
Seat 5: snowpepsi ($3.65 in chips) 
Seat 6: PsAikoS ($1.63 in chips) 
Seat 7: nesnahh ($2.70 in chips) 
Seat 9: k . A_063 ($2.05 in chips) 
criatura-AG: posts small blind $0.01
snowpepsi: posts big blind $0.02
Spenc6666: sits out 
*** HOLE CARDS ***
Dealt to Dorex2007 [Ah 4s]
PsAikoS: calls $0.02
nesnahh: raises $0.06 to $0.08
k . A_063: folds 
Dorex2007: folds 
whitty1973: folds 
theweemon: folds 
criatura-AG: folds 
snowpepsi: folds 
PsAikoS: calls $0.06
*** FLOP *** [9c 4d 6d]
PsAikoS: checks 
nesnahh: bets $0.18
PsAikoS: folds 
Uncalled bet ($0.18) returned to nesnahh
nesnahh collected $0.18 from pot
nesnahh: doesn't show hand 
*** SUMMARY ***
Total pot $0.19 | Rake $0.01 
Board [9c 4d 6d]
Seat 1: Dorex2007 folded before Flop (didn't bet)
Seat 2: whitty1973 folded before Flop (didn't bet)
Seat 3: theweemon (button) folded before Flop (didn't bet)
Seat 4: criatura-AG (small blind) folded before Flop
Seat 5: snowpepsi (big blind) folded before Flop
Seat 6: PsAikoS folded on the Flop
Seat 7: nesnahh collected ($0.18)
Seat 9: k . A_063 folded before Flop (didn't bet)



PokerStars Hand #227358387370:  Hold'em No Limit ($0.01/$0.02 USD) - 2021/06/05 16:07:41 PT [2021/06/05 19:07:41 ET]
Table 'Echo' 9-max Seat #4 is the button
Seat 1: Dorex2007 ($1.97 in chips) 
Seat 2: whitty1973 ($2.39 in chips) 
Seat 3: theweemon ($1.58 in chips) 
Seat 4: criatura-AG ($0.97 in chips) 
Seat 5: snowpepsi ($3.63 in chips) 
Seat 6: PsAikoS ($1.55 in chips) 
Seat 7: nesnahh ($2.80 in chips) 
Seat 9: k . A_063 ($2.05 in chips) 
snowpepsi: posts small blind $0.01
PsAikoS: posts big blind $0.02
Spenc6666: sits out 
*** HOLE CARDS ***
Dealt to Dorex2007 [5c Kd]
nesnahh: folds 
k . A_063: folds 
Dorex2007: folds 
whitty1973: folds 
theweemon: folds 
criatura-AG: folds 
snowpepsi: folds 
Uncalled bet ($0.01) returned to PsAikoS
PsAikoS collected $0.02 from pot
*** SUMMARY ***
Total pot $0.02 | Rake $0 
Seat 1: Dorex2007 folded before Flop (didn't bet)
Seat 2: whitty1973 folded before Flop (didn't bet)
Seat 3: theweemon folded before Flop (didn't bet)
Seat 4: criatura-AG (button) folded before Flop (didn't bet)
Seat 5: snowpepsi (small blind) folded before Flop
Seat 6: PsAikoS (big blind) collected ($0.02)
Seat 7: nesnahh folded before Flop (didn't bet)
Seat 9: k . A_063 folded before Flop (didn't bet)



PokerStars Hand #227358393554:  Hold'em No Limit ($0.01/$0.02 USD) - 2021/06/05 16:07:58 PT [2021/06/05 19:07:58 ET]
Table 'Echo' 9-max Seat #5 is the button
Seat 1: Dorex2007 ($1.97 in chips) 
Seat 2: whitty1973 ($2.39 in chips) 
Seat 3: theweemon ($1.58 in chips) 
Seat 4: criatura-AG ($0.97 in chips) 
Seat 5: snowpepsi ($3.62 in chips) 
Seat 6: PsAikoS ($1.56 in chips) 
Seat 7: nesnahh ($2.80 in chips) 
Seat 9: k . A_063 ($2.05 in chips) 
PsAikoS: posts small blind $0.01
nesnahh: posts big blind $0.02
Spenc6666: sits out 
*** HOLE CARDS ***
Dealt to Dorex2007 [2d 4s]
k . A_063: folds 
Dorex2007: folds 
whitty1973: folds 
theweemon: folds 
criatura-AG: calls $0.02
snowpepsi: folds 
PsAikoS: folds 
nesnahh: checks 
*** FLOP *** [2s Ac Tc]
nesnahh: checks 
criatura-AG: checks 
*** TURN *** [2s Ac Tc] [8c]
nesnahh: bets $0.03
criatura-AG: raises $0.03 to $0.06
nesnahh: calls $0.03
*** RIVER *** [2s Ac Tc 8c] [Qd]
nesnahh: checks 
criatura-AG: bets $0.06
nesnahh: calls $0.06
*** SHOW DOWN ***
criatura-AG: shows [4c Jc] (a flush, Ace high)
nesnahh: mucks hand 
criatura-AG collected $0.28 from pot
*** SUMMARY ***
Total pot $0.29 | Rake $0.01 
Board [2s Ac Tc 8c Qd]
Seat 1: Dorex2007 folded before Flop (didn't bet)
Seat 2: whitty1973 folded before Flop (didn't bet)
Seat 3: theweemon folded before Flop (didn't bet)
Seat 4: criatura-AG showed [4c Jc] and won ($0.28) with a flush, Ace high
Seat 5: snowpepsi (button) folded before Flop (didn't bet)
Seat 6: PsAikoS (small blind) folded before Flop
Seat 7: nesnahh (big blind) mucked [As 5s]
Seat 9: k . A_063 folded before Flop (didn't bet)



PokerStars Hand #227358409028:  Hold'em No Limit ($0.01/$0.02 USD) - 2021/06/05 16:08:38 PT [2021/06/05 19:08:38 ET]
Table 'Echo' 9-max Seat #6 is the button
Seat 1: Dorex2007 ($1.97 in chips) 
Seat 2: whitty1973 ($2.39 in chips) 
Seat 3: theweemon ($1.58 in chips) 
Seat 4: criatura-AG ($1.11 in chips) 
Seat 5: snowpepsi ($3.62 in chips) 
Seat 6: PsAikoS ($1.55 in chips) 
Seat 7: nesnahh ($2.66 in chips) 
Seat 8: Spenc6666 ($2 in chips) 
Seat 9: k . A_063 ($2.05 in chips) 
nesnahh: posts small blind $0.01
Spenc6666: posts big blind $0.02
*** HOLE CARDS ***
Dealt to Dorex2007 [3d 9c]
k . A_063: folds 
Dorex2007: folds 
whitty1973: folds 
theweemon: folds 
criatura-AG: calls $0.02
snowpepsi: folds 
PsAikoS: folds 
nesnahh: folds 
Spenc6666: raises $0.06 to $0.08
criatura-AG: calls $0.06
*** FLOP *** [5d 4h Qh]
Spenc6666: bets $0.08
criatura-AG: calls $0.08
*** TURN *** [5d 4h Qh] [4s]
Spenc6666: checks 
criatura-AG: checks 
*** RIVER *** [5d 4h Qh 4s] [Kd]
Spenc6666: checks 
criatura-AG: checks 
*** SHOW DOWN ***
Spenc6666: shows [6d 6h] (two pair, Sixes and Fours)
criatura-AG: mucks hand 
Spenc6666 collected $0.32 from pot
*** SUMMARY ***
Total pot $0.33 | Rake $0.01 
Board [5d 4h Qh 4s Kd]
Seat 1: Dorex2007 folded before Flop (didn't bet)
Seat 2: whitty1973 folded before Flop (didn't bet)
Seat 3: theweemon folded before Flop (didn't bet)
Seat 4: criatura-AG mucked [Ah 7h]
Seat 5: snowpepsi folded before Flop (didn't bet)
Seat 6: PsAikoS (button) folded before Flop (didn't bet)
Seat 7: nesnahh (small blind) folded before Flop
Seat 8: Spenc6666 (big blind) showed [6d 6h] and won ($0.32) with two pair, Sixes and Fours
Seat 9: k . A_063 folded before Flop (didn't bet)



PokerStars Hand #227358430361:  Hold'em No Limit ($0.01/$0.02 USD) - 2021/06/05 16:09:34 PT [2021/06/05 19:09:34 ET]
Table 'Echo' 9-max Seat #7 is the button
Seat 1: Dorex2007 ($1.97 in chips) 
Seat 2: whitty1973 ($2.39 in chips) 
Seat 3: theweemon ($1.58 in chips) 
Seat 4: criatura-AG ($0.95 in chips) 
Seat 5: snowpepsi ($3.62 in chips) 
Seat 6: PsAikoS ($1.55 in chips) 
Seat 7: nesnahh ($2.65 in chips) 
Seat 8: Spenc6666 ($2.16 in chips) 
Seat 9: k . A_063 ($2.05 in chips) 
Spenc6666: posts small blind $0.01
k . A_063: posts big blind $0.02
*** HOLE CARDS ***
Dealt to Dorex2007 [2h 9h]
Dorex2007: folds 
whitty1973: raises $0.04 to $0.06
theweemon: folds 
criatura-AG: folds 
snowpepsi: folds 
PsAikoS: folds 
nesnahh: raises $0.14 to $0.20
Spenc6666: folds 
k . A_063: folds 
whitty1973: calls $0.14
*** FLOP *** [7s As 3h]
whitty1973: checks 
nesnahh: checks 
*** TURN *** [7s As 3h] [9c]
whitty1973: checks 
nesnahh: bets $0.20
whitty1973: folds 
Uncalled bet ($0.20) returned to nesnahh
nesnahh collected $0.41 from pot
nesnahh: doesn't show hand 
*** SUMMARY ***
Total pot $0.43 | Rake $0.02 
Board [7s As 3h 9c]
Seat 1: Dorex2007 folded before Flop (didn't bet)
Seat 2: whitty1973 folded on the Turn
Seat 3: theweemon folded before Flop (didn't bet)
Seat 4: criatura-AG folded before Flop (didn't bet)
Seat 5: snowpepsi folded before Flop (didn't bet)
Seat 6: PsAikoS folded before Flop (didn't bet)
Seat 7: nesnahh (button) collected ($0.41)
Seat 8: Spenc6666 (small blind) folded before Flop
Seat 9: k . A_063 (big blind) folded before Flop



PokerStars Hand #227358448822:  Hold'em No Limit ($0.01/$0.02 USD) - 2021/06/05 16:10:23 PT [2021/06/05 19:10:23 ET]
Table 'Echo' 9-max Seat #8 is the button
Seat 1: Dorex2007 ($1.97 in chips) 
Seat 2: whitty1973 ($2.19 in chips) 
Seat 3: theweemon ($1.58 in chips) 
Seat 4: criatura-AG ($0.95 in chips) 
Seat 5: snowpepsi ($3.62 in chips) 
Seat 6: PsAikoS ($1.55 in chips) 
Seat 7: nesnahh ($2.86 in chips) 
Seat 8: Spenc6666 ($2.15 in chips) 
Seat 9: k . A_063 ($2.03 in chips) 
k . A_063: posts small blind $0.01
Dorex2007: posts big blind $0.02
*** HOLE CARDS ***
Dealt to Dorex2007 [3d Kh]
whitty1973: folds 
theweemon: folds 
criatura-AG: folds 
snowpepsi: folds 
PsAikoS: calls $0.02
nesnahh: folds 
Spenc6666: folds 
k . A_063: raises $0.09 to $0.11
Dorex2007: folds 
PsAikoS: folds 
Uncalled bet ($0.09) returned to k . A_063
k . A_063 collected $0.06 from pot
*** SUMMARY ***
Total pot $0.06 | Rake $0 
Seat 1: Dorex2007 (big blind) folded before Flop
Seat 2: whitty1973 folded before Flop (didn't bet)
Seat 3: theweemon folded before Flop (didn't bet)
Seat 4: criatura-AG folded before Flop (didn't bet)
Seat 5: snowpepsi folded before Flop (didn't bet)
Seat 6: PsAikoS folded before Flop
Seat 7: nesnahh folded before Flop (didn't bet)
Seat 8: Spenc6666 (button) folded before Flop (didn't bet)
Seat 9: k . A_063 (small blind) collected ($0.06)



PokerStars Hand #227358456532:  Hold'em No Limit ($0.01/$0.02 USD) - 2021/06/05 16:10:43 PT [2021/06/05 19:10:43 ET]
Table 'Echo' 9-max Seat #9 is the button
Seat 1: Dorex2007 ($1.95 in chips) 
Seat 2: whitty1973 ($2.19 in chips) 
Seat 3: theweemon ($1.58 in chips) 
Seat 4: criatura-AG ($0.95 in chips) 
Seat 5: snowpepsi ($3.62 in chips) 
Seat 6: PsAikoS ($1.53 in chips) 
Seat 7: nesnahh ($2.86 in chips) 
Seat 8: Spenc6666 ($2.15 in chips) 
Seat 9: k . A_063 ($2.07 in chips) 
Dorex2007: posts small blind $0.01
whitty1973: posts big blind $0.02
*** HOLE CARDS ***
Dealt to Dorex2007 [2h 6h]
theweemon: folds 
criatura-AG: folds 
snowpepsi: folds 
PsAikoS: folds 
nesnahh: folds 
Spenc6666: folds 
k . A_063: folds 
Dorex2007: folds 
Uncalled bet ($0.01) returned to whitty1973
whitty1973 collected $0.02 from pot
whitty1973: doesn't show hand 
*** SUMMARY ***
Total pot $0.02 | Rake $0 
Seat 1: Dorex2007 (small blind) folded before Flop
Seat 2: whitty1973 (big blind) collected ($0.02)
Seat 3: theweemon folded before Flop (didn't bet)
Seat 4: criatura-AG folded before Flop (didn't bet)
Seat 5: snowpepsi folded before Flop (didn't bet)
Seat 6: PsAikoS folded before Flop (didn't bet)
Seat 7: nesnahh folded before Flop (didn't bet)
Seat 8: Spenc6666 folded before Flop (didn't bet)
Seat 9: k . A_063 (button) folded before Flop (didn't bet)



PokerStars Hand #227358460366:  Hold'em No Limit ($0.01/$0.02 USD) - 2021/06/05 16:10:54 PT [2021/06/05 19:10:54 ET]
Table 'Echo' 9-max Seat #1 is the button
Seat 1: Dorex2007 ($1.94 in chips) 
Seat 2: whitty1973 ($2.20 in chips) 
Seat 3: theweemon ($1.58 in chips) 
Seat 4: criatura-AG ($0.95 in chips) 
Seat 5: snowpepsi ($3.62 in chips) 
Seat 6: PsAikoS ($1.53 in chips) 
Seat 7: nesnahh ($2.86 in chips) 
Seat 8: Spenc6666 ($2.15 in chips) 
Seat 9: k . A_063 ($2.07 in chips) 
whitty1973: posts small blind $0.01
theweemon: posts big blind $0.02
*** HOLE CARDS ***
Dealt to Dorex2007 [4c Tc]
criatura-AG: folds 
snowpepsi: folds 
PsAikoS: calls $0.02
nesnahh: folds 
Spenc6666: folds 
k . A_063: folds 
Dorex2007: folds 
whitty1973: folds 
theweemon: checks 
*** FLOP *** [7s 5h Qh]
theweemon: checks 
PsAikoS: bets $0.06
theweemon: folds 
Uncalled bet ($0.06) returned to PsAikoS
PsAikoS collected $0.05 from pot
*** SUMMARY ***
Total pot $0.05 | Rake $0 
Board [7s 5h Qh]
Seat 1: Dorex2007 (button) folded before Flop (didn't bet)
Seat 2: whitty1973 (small blind) folded before Flop
Seat 3: theweemon (big blind) folded on the Flop
Seat 4: criatura-AG folded before Flop (didn't bet)
Seat 5: snowpepsi folded before Flop (didn't bet)
Seat 6: PsAikoS collected ($0.05)
Seat 7: nesnahh folded before Flop (didn't bet)
Seat 8: Spenc6666 folded before Flop (didn't bet)
Seat 9: k . A_063 folded before Flop (didn't bet)



PokerStars Hand #227358468182:  Hold'em No Limit ($0.01/$0.02 USD) - 2021/06/05 16:11:15 PT [2021/06/05 19:11:15 ET]
Table 'Echo' 9-max Seat #2 is the button
Seat 1: Dorex2007 ($1.94 in chips) 
Seat 2: whitty1973 ($2.19 in chips) 
Seat 3: theweemon ($1.56 in chips) 
Seat 4: criatura-AG ($0.95 in chips) 
Seat 5: snowpepsi ($3.62 in chips) 
Seat 6: PsAikoS ($1.56 in chips) 
Seat 7: nesnahh ($2.86 in chips) 
Seat 8: Spenc6666 ($2.15 in chips) 
Seat 9: k . A_063 ($2.07 in chips) 
theweemon: posts small blind $0.01
criatura-AG: posts big blind $0.02
*** HOLE CARDS ***
Dealt to Dorex2007 [As Kh]
snowpepsi: folds 
PsAikoS: folds 
nesnahh: folds 
Spenc6666: folds 
k . A_063: folds 
Dorex2007: raises $0.04 to $0.06
whitty1973: folds 
theweemon: folds 
criatura-AG: folds 
Uncalled bet ($0.04) returned to Dorex2007
Dorex2007 collected $0.05 from pot
Dorex2007: doesn't show hand 
*** SUMMARY ***
Total pot $0.05 | Rake $0 
Seat 1: Dorex2007 collected ($0.05)
Seat 2: whitty1973 (button) folded before Flop (didn't bet)
Seat 3: theweemon (small blind) folded before Flop
Seat 4: criatura-AG (big blind) folded before Flop
Seat 5: snowpepsi folded before Flop (didn't bet)
Seat 6: PsAikoS folded before Flop (didn't bet)
Seat 7: nesnahh folded before Flop (didn't bet)
Seat 8: Spenc6666 folded before Flop (didn't bet)
Seat 9: k . A_063 folded before Flop (didn't bet)



PokerStars Hand #227358474684:  Hold'em No Limit ($0.01/$0.02 USD) - 2021/06/05 16:11:32 PT [2021/06/05 19:11:32 ET]
Table 'Echo' 9-max Seat #3 is the button
Seat 1: Dorex2007 ($1.97 in chips) 
Seat 2: whitty1973 ($2.19 in chips) 
Seat 3: theweemon ($1.55 in chips) 
Seat 4: criatura-AG ($0.93 in chips) 
Seat 5: snowpepsi ($3.62 in chips) 
Seat 6: PsAikoS ($1.56 in chips) 
Seat 7: nesnahh ($2.86 in chips) 
Seat 8: Spenc6666 ($2.15 in chips) 
Seat 9: k . A_063 ($2.07 in chips) 
criatura-AG: posts small blind $0.01
snowpepsi: posts big blind $0.02
*** HOLE CARDS ***
Dealt to Dorex2007 [3h 6d]
PsAikoS: folds 
nesnahh: folds 
Spenc6666 has timed out
Spenc6666: folds 
k . A_063: raises $0.03 to $0.05
Dorex2007: calls $0.05
whitty1973: folds 
theweemon: folds 
criatura-AG: calls $0.04
snowpepsi: folds 
*** FLOP *** [Ah 6h 4d]
criatura-AG: checks 
k . A_063: bets $0.07
Dorex2007: folds 
criatura-AG: calls $0.07
*** TURN *** [Ah 6h 4d] [7s]
criatura-AG: checks 
k . A_063: checks 
*** RIVER *** [Ah 6h 4d 7s] [8d]
criatura-AG: checks 
k . A_063: checks 
*** SHOW DOWN ***
criatura-AG: shows [Kc Ks] (a pair of Kings)
k . A_063: mucks hand 
criatura-AG collected $0.30 from pot
*** SUMMARY ***
Total pot $0.31 | Rake $0.01 
Board [Ah 6h 4d 7s 8d]
Seat 1: Dorex2007 folded on the Flop
Seat 2: whitty1973 folded before Flop (didn't bet)
Seat 3: theweemon (button) folded before Flop (didn't bet)
Seat 4: criatura-AG (small blind) showed [Kc Ks] and won ($0.30) with a pair of Kings
Seat 5: snowpepsi (big blind) folded before Flop
Seat 6: PsAikoS folded before Flop (didn't bet)
Seat 7: nesnahh folded before Flop (didn't bet)
Seat 8: Spenc6666 folded before Flop (didn't bet)
Seat 9: k . A_063 mucked [Jh Kh]



PokerStars Hand #227358510332:  Hold'em No Limit ($0.01/$0.02 USD) - 2021/06/05 16:12:46 PT [2021/06/05 19:12:46 ET]
Table 'Echo' 9-max Seat #4 is the button
Seat 1: Dorex2007 ($1.92 in chips) 
Seat 2: whitty1973 ($2.19 in chips) 
Seat 3: theweemon ($1.55 in chips) 
Seat 4: criatura-AG ($1.11 in chips) 
Seat 5: snowpepsi ($3.60 in chips) 
Seat 6: PsAikoS ($1.56 in chips) 
Seat 7: nesnahh ($2.86 in chips) 
Seat 8: Spenc6666 ($2.15 in chips) 
Seat 9: k . A_063 ($2 in chips) 
snowpepsi: posts small blind $0.01
PsAikoS: posts big blind $0.02
*** HOLE CARDS ***
Dealt to Dorex2007 [3s 8s]
nesnahh: folds 
Spenc6666: folds 
k . A_063: folds 
Dorex2007: folds 
whitty1973: folds 
theweemon: calls $0.02
criatura-AG: folds 
snowpepsi: folds 
PsAikoS: checks 
*** FLOP *** [2h Qd 2c]
PsAikoS: checks 
theweemon: bets $0.02
PsAikoS: folds 
Uncalled bet ($0.02) returned to theweemon
theweemon collected $0.05 from pot
theweemon: doesn't show hand 
*** SUMMARY ***
Total pot $0.05 | Rake $0 
Board [2h Qd 2c]
Seat 1: Dorex2007 folded before Flop (didn't bet)
Seat 2: whitty1973 folded before Flop (didn't bet)
Seat 3: theweemon collected ($0.05)
Seat 4: criatura-AG (button) folded before Flop (didn't bet)
Seat 5: snowpepsi (small blind) folded before Flop
Seat 6: PsAikoS (big blind) folded on the Flop
Seat 7: nesnahh folded before Flop (didn't bet)
Seat 8: Spenc6666 folded before Flop (didn't bet)
Seat 9: k . A_063 folded before Flop (didn't bet)



PokerStars Hand #227358521346:  Hold'em No Limit ($0.01/$0.02 USD) - 2021/06/05 16:13:15 PT [2021/06/05 19:13:15 ET]
Table 'Echo' 9-max Seat #5 is the button
Seat 1: Dorex2007 ($1.92 in chips) 
Seat 2: whitty1973 ($2.19 in chips) 
Seat 3: theweemon ($1.58 in chips) 
Seat 4: criatura-AG ($1.11 in chips) 
Seat 5: snowpepsi ($3.59 in chips) 
Seat 6: PsAikoS ($1.54 in chips) 
Seat 7: nesnahh ($2.86 in chips) 
Seat 8: Spenc6666 ($2.15 in chips) 
Seat 9: k . A_063 ($2 in chips) 
PsAikoS: posts small blind $0.01
nesnahh: posts big blind $0.02
*** HOLE CARDS ***
Dealt to Dorex2007 [5c 7d]
Spenc6666: folds 
k . A_063: folds 
Dorex2007: folds 
whitty1973: folds 
theweemon: calls $0.02
criatura-AG: calls $0.02
snowpepsi: folds 
PsAikoS: calls $0.01
nesnahh: raises $0.12 to $0.14
theweemon: folds 
criatura-AG: folds 
PsAikoS: folds 
Uncalled bet ($0.12) returned to nesnahh
nesnahh collected $0.08 from pot
nesnahh: doesn't show hand 
*** SUMMARY ***
Total pot $0.08 | Rake $0 
Seat 1: Dorex2007 folded before Flop (didn't bet)
Seat 2: whitty1973 folded before Flop (didn't bet)
Seat 3: theweemon folded before Flop
Seat 4: criatura-AG folded before Flop
Seat 5: snowpepsi (button) folded before Flop (didn't bet)
Seat 6: PsAikoS (small blind) folded before Flop
Seat 7: nesnahh (big blind) collected ($0.08)
Seat 8: Spenc6666 folded before Flop (didn't bet)
Seat 9: k . A_063 folded before Flop (didn't bet)



PokerStars Hand #227358532164:  Hold'em No Limit ($0.01/$0.02 USD) - 2021/06/05 16:13:44 PT [2021/06/05 19:13:44 ET]
Table 'Echo' 9-max Seat #6 is the button
Seat 1: Dorex2007 ($1.92 in chips) 
Seat 2: whitty1973 ($2.19 in chips) 
Seat 3: theweemon ($1.56 in chips) 
Seat 4: criatura-AG ($1.09 in chips) 
Seat 5: snowpepsi ($3.59 in chips) 
Seat 6: PsAikoS ($1.52 in chips) 
Seat 7: nesnahh ($2.92 in chips) 
Seat 8: Spenc6666 ($2.15 in chips) 
Seat 9: k . A_063 ($2 in chips) 
nesnahh: posts small blind $0.01
Spenc6666: posts big blind $0.02
*** HOLE CARDS ***
Dealt to Dorex2007 [Tc 9d]
k . A_063: folds 
Dorex2007: folds 
whitty1973: folds 
theweemon: calls $0.02
criatura-AG: calls $0.02
snowpepsi: folds 
PsAikoS: folds 
nesnahh: calls $0.01
Spenc6666: checks 
*** FLOP *** [6s 3d Td]
nesnahh: checks 
Spenc6666: checks 
theweemon: bets $0.02
criatura-AG: calls $0.02
nesnahh: calls $0.02
Spenc6666: folds 
*** TURN *** [6s 3d Td] [Jd]
nesnahh: checks 
theweemon: bets $0.02
criatura-AG: calls $0.02
nesnahh: calls $0.02
*** RIVER *** [6s 3d Td Jd] [Kh]
nesnahh: checks 
theweemon: bets $0.06
criatura-AG: folds 
nesnahh: folds 
Uncalled bet ($0.06) returned to theweemon
theweemon collected $0.19 from pot
theweemon: doesn't show hand 
*** SUMMARY ***
Total pot $0.20 | Rake $0.01 
Board [6s 3d Td Jd Kh]
Seat 1: Dorex2007 folded before Flop (didn't bet)
Seat 2: whitty1973 folded before Flop (didn't bet)
Seat 3: theweemon collected ($0.19)
Seat 4: criatura-AG folded on the River
Seat 5: snowpepsi folded before Flop (didn't bet)
Seat 6: PsAikoS (button) folded before Flop (didn't bet)
Seat 7: nesnahh (small blind) folded on the River
Seat 8: Spenc6666 (big blind) folded on the Flop
Seat 9: k . A_063 folded before Flop (didn't bet)



PokerStars Hand #227358559784:  Hold'em No Limit ($0.01/$0.02 USD) - 2021/06/05 16:14:58 PT [2021/06/05 19:14:58 ET]
Table 'Echo' 9-max Seat #7 is the button
Seat 1: Dorex2007 ($1.92 in chips) 
Seat 2: whitty1973 ($2.19 in chips) 
Seat 3: theweemon ($1.69 in chips) 
Seat 4: criatura-AG ($1.03 in chips) 
Seat 5: snowpepsi ($3.59 in chips) 
Seat 6: PsAikoS ($1.52 in chips) 
Seat 7: nesnahh ($2.86 in chips) 
Seat 8: Spenc6666 ($2.13 in chips) 
Seat 9: k . A_063 ($2 in chips) 
Spenc6666: posts small blind $0.01
k . A_063: posts big blind $0.02
*** HOLE CARDS ***
Dealt to Dorex2007 [Ts Js]
Dorex2007: folds 
whitty1973: folds 
theweemon: folds 
criatura-AG: folds 
snowpepsi: folds 
PsAikoS: folds 
nesnahh: folds 
Spenc6666: folds 
Uncalled bet ($0.01) returned to k . A_063
k . A_063 collected $0.02 from pot
*** SUMMARY ***
Total pot $0.02 | Rake $0 
Seat 1: Dorex2007 folded before Flop (didn't bet)
Seat 2: whitty1973 folded before Flop (didn't bet)
Seat 3: theweemon folded before Flop (didn't bet)
Seat 4: criatura-AG folded before Flop (didn't bet)
Seat 5: snowpepsi folded before Flop (didn't bet)
Seat 6: PsAikoS folded before Flop (didn't bet)
Seat 7: nesnahh (button) folded before Flop (didn't bet)
Seat 8: Spenc6666 (small blind) folded before Flop
Seat 9: k . A_063 (big blind) collected ($0.02)



PokerStars Hand #227358563585:  Hold'em No Limit ($0.01/$0.02 USD) - 2021/06/05 16:15:09 PT [2021/06/05 19:15:09 ET]
Table 'Echo' 9-max Seat #8 is the button
Seat 1: Dorex2007 ($1.92 in chips) 
Seat 2: whitty1973 ($2.19 in chips) 
Seat 4: criatura-AG ($1.03 in chips) 
Seat 5: snowpepsi ($3.59 in chips) 
Seat 6: PsAikoS ($1.52 in chips) 
Seat 7: nesnahh ($2.86 in chips) 
Seat 8: Spenc6666 ($2.12 in chips) 
Seat 9: k . A_063 ($2.01 in chips) 
k . A_063: posts small blind $0.01
Dorex2007: posts big blind $0.02
*** HOLE CARDS ***
Dealt to Dorex2007 [7h Ad]
whitty1973: raises $0.03 to $0.05
criatura-AG: calls $0.05
snowpepsi: folds 
PsAikoS: folds 
nesnahh: folds 
Spenc6666: folds 
k . A_063: folds 
Dorex2007: folds 
*** FLOP *** [4h Ah 5s]
whitty1973: checks 
criatura-AG: checks 
*** TURN *** [4h Ah 5s] [Qs]
whitty1973: bets $0.10
criatura-AG: calls $0.10
*** RIVER *** [4h Ah 5s Qs] [4d]
whitty1973: checks 
criatura-AG: checks 
*** SHOW DOWN ***
whitty1973: shows [Jh Th] (a pair of Fours)
criatura-AG: shows [As Td] (two pair, Aces and Fours)
criatura-AG collected $0.32 from pot
*** SUMMARY ***
Total pot $0.33 | Rake $0.01 
Board [4h Ah 5s Qs 4d]
Seat 1: Dorex2007 (big blind) folded before Flop
Seat 2: whitty1973 showed [Jh Th] and lost with a pair of Fours
Seat 4: criatura-AG showed [As Td] and won ($0.32) with two pair, Aces and Fours
Seat 5: snowpepsi folded before Flop (didn't bet)
Seat 6: PsAikoS folded before Flop (didn't bet)
Seat 7: nesnahh folded before Flop (didn't bet)
Seat 8: Spenc6666 (button) folded before Flop (didn't bet)
Seat 9: k . A_063 (small blind) folded before Flop



PokerStars Hand #227358579703:  Hold'em No Limit ($0.01/$0.02 USD) - 2021/06/05 16:15:52 PT [2021/06/05 19:15:52 ET]
Table 'Echo' 9-max Seat #9 is the button
Seat 1: Dorex2007 ($1.90 in chips) 
Seat 4: criatura-AG ($1.20 in chips) 
Seat 5: snowpepsi ($3.59 in chips) 
Seat 6: PsAikoS ($1.52 in chips) 
Seat 7: nesnahh ($2.86 in chips) 
Seat 8: Spenc6666 ($2.12 in chips) 
Seat 9: k . A_063 ($2 in chips) 
Dorex2007: posts small blind $0.01
whitty1973: is sitting out 
criatura-AG: posts big blind $0.02
*** HOLE CARDS ***
Dealt to Dorex2007 [5s Jh]
whitty1973 leaves the table
snowpepsi: folds 
PsAikoS: folds 
zilligram555 joins the table at seat #2 
nesnahh is disconnected 
nesnahh has timed out while disconnected
nesnahh: folds 
Spenc6666: calls $0.02
k . A_063: folds 
Dorex2007: folds 
criatura-AG: checks 
*** FLOP *** [4h 3c Jd]
criatura-AG: checks 
Spenc6666: bets $0.02
criatura-AG: folds 
Uncalled bet ($0.02) returned to Spenc6666
Spenc6666 collected $0.05 from pot
Spenc6666: doesn't show hand 
*** SUMMARY ***
Total pot $0.05 | Rake $0 
Board [4h 3c Jd]
Seat 1: Dorex2007 (small blind) folded before Flop
Seat 4: criatura-AG (big blind) folded on the Flop
Seat 5: snowpepsi folded before Flop (didn't bet)
Seat 6: PsAikoS folded before Flop (didn't bet)
Seat 7: nesnahh folded before Flop (didn't bet)
Seat 8: Spenc6666 collected ($0.05)
Seat 9: k . A_063 (button) folded before Flop (didn't bet)



PokerStars Hand #227358593984:  Hold'em No Limit ($0.01/$0.02 USD) - 2021/06/05 16:16:30 PT [2021/06/05 19:16:30 ET]
Table 'Echo' 9-max Seat #1 is the button
Seat 1: Dorex2007 ($1.89 in chips) 
Seat 4: criatura-AG ($1.18 in chips) 
Seat 5: snowpepsi ($3.59 in chips) 
Seat 6: PsAikoS ($1.52 in chips) 
Seat 7: nesnahh ($2.86 in chips) 
Seat 8: Spenc6666 ($2.15 in chips) 
Seat 9: k . A_063 ($2 in chips) 
criatura-AG: posts small blind $0.01
snowpepsi: posts big blind $0.02
*** HOLE CARDS ***
Dealt to Dorex2007 [Jh 8c]
PsAikoS: folds 
nesnahh: folds 
Spenc6666: folds 
k . A_063: folds 
Dorex2007: folds 
criatura-AG: calls $0.01
snowpepsi: raises $0.04 to $0.06
criatura-AG: calls $0.04
*** FLOP *** [Kc 5h 6s]
criatura-AG: checks 
snowpepsi: bets $0.04
criatura-AG: folds 
Uncalled bet ($0.04) returned to snowpepsi
snowpepsi collected $0.12 from pot
snowpepsi: doesn't show hand 
*** SUMMARY ***
Total pot $0.12 | Rake $0 
Board [Kc 5h 6s]
Seat 1: Dorex2007 (button) folded before Flop (didn't bet)
Seat 4: criatura-AG (small blind) folded on the Flop
Seat 5: snowpepsi (big blind) collected ($0.12)
Seat 6: PsAikoS folded before Flop (didn't bet)
Seat 7: nesnahh folded before Flop (didn't bet)
Seat 8: Spenc6666 folded before Flop (didn't bet)
Seat 9: k . A_063 folded before Flop (didn't bet)



PokerStars Hand #227358606013:  Hold'em No Limit ($0.01/$0.02 USD) - 2021/06/05 16:17:03 PT [2021/06/05 19:17:03 ET]
Table 'Echo' 9-max Seat #4 is the button
Seat 1: Dorex2007 ($1.89 in chips) 
Seat 2: zilligram555 ($1.99 in chips) 
Seat 4: criatura-AG ($1.12 in chips) 
Seat 5: snowpepsi ($3.65 in chips) 
Seat 6: PsAikoS ($1.52 in chips) 
Seat 7: nesnahh ($2.86 in chips) 
Seat 8: Spenc6666 ($2.15 in chips) 
Seat 9: k . A_063 ($2 in chips) 
snowpepsi: posts small blind $0.01
PsAikoS: posts big blind $0.02
zilligram555: posts big blind $0.02
*** HOLE CARDS ***
Dealt to Dorex2007 [Qs 2c]
nesnahh: folds 
Spenc6666: folds 
k . A_063: folds 
Dorex2007: folds 
zilligram555: checks 
criatura-AG: calls $0.02
snowpepsi: folds 
PsAikoS: checks 
*** FLOP *** [Ks Kh Qc]
PsAikoS: checks 
zilligram555: checks 
criatura-AG: checks 
*** TURN *** [Ks Kh Qc] [5c]
PsAikoS: checks 
zilligram555: checks 
criatura-AG: checks 
*** RIVER *** [Ks Kh Qc 5c] [6h]
PsAikoS: checks 
zilligram555: checks 
criatura-AG: checks 
*** SHOW DOWN ***
PsAikoS: shows [3s 5s] (two pair, Kings and Fives)
zilligram555: mucks hand 
criatura-AG: mucks hand 
PsAikoS collected $0.07 from pot
*** SUMMARY ***
Total pot $0.07 | Rake $0 
Board [Ks Kh Qc 5c 6h]
Seat 1: Dorex2007 folded before Flop (didn't bet)
Seat 2: zilligram555 mucked [4d 9d]
Seat 4: criatura-AG (button) mucked [Ts Js]
Seat 5: snowpepsi (small blind) folded before Flop
Seat 6: PsAikoS (big blind) showed [3s 5s] and won ($0.07) with two pair, Kings and Fives
Seat 7: nesnahh folded before Flop (didn't bet)
Seat 8: Spenc6666 folded before Flop (didn't bet)
Seat 9: k . A_063 folded before Flop (didn't bet)



PokerStars Hand #227358619196:  Hold'em No Limit ($0.01/$0.02 USD) - 2021/06/05 16:17:30 PT [2021/06/05 19:17:30 ET]
Table 'Echo' 9-max Seat #5 is the button
Seat 1: Dorex2007 ($1.89 in chips) 
Seat 2: zilligram555 ($1.97 in chips) 
Seat 4: criatura-AG ($1.10 in chips) 
Seat 5: snowpepsi ($3.64 in chips) 
Seat 6: PsAikoS ($1.57 in chips) 
Seat 7: nesnahh ($2.86 in chips) 
Seat 8: Spenc6666 ($2.15 in chips) 
Seat 9: k . A_063 ($2 in chips) 
PsAikoS: posts small blind $0.01
nesnahh: posts big blind $0.02
*** HOLE CARDS ***
Dealt to Dorex2007 [2s Kd]
Spenc6666: folds 
k . A_063: folds 
Dorex2007: folds 
zilligram555: folds 
criatura-AG: folds 
snowpepsi: folds 
PsAikoS: folds 
Uncalled bet ($0.01) returned to nesnahh
nesnahh collected $0.02 from pot
nesnahh: doesn't show hand 
*** SUMMARY ***
Total pot $0.02 | Rake $0 
Seat 1: Dorex2007 folded before Flop (didn't bet)
Seat 2: zilligram555 folded before Flop (didn't bet)
Seat 4: criatura-AG folded before Flop (didn't bet)
Seat 5: snowpepsi (button) folded before Flop (didn't bet)
Seat 6: PsAikoS (small blind) folded before Flop
Seat 7: nesnahh (big blind) collected ($0.02)
Seat 8: Spenc6666 folded before Flop (didn't bet)
Seat 9: k . A_063 folded before Flop (didn't bet)



PokerStars Hand #227358624646:  Hold'em No Limit ($0.01/$0.02 USD) - 2021/06/05 16:17:45 PT [2021/06/05 19:17:45 ET]
Table 'Echo' 9-max Seat #6 is the button
Seat 1: Dorex2007 ($1.89 in chips) 
Seat 2: zilligram555 ($1.97 in chips) 
Seat 4: criatura-AG ($1.10 in chips) 
Seat 5: snowpepsi ($3.64 in chips) 
Seat 6: PsAikoS ($1.56 in chips) 
Seat 7: nesnahh ($2.87 in chips) 
Seat 8: Spenc6666 ($2.15 in chips) 
Seat 9: k . A_063 ($2 in chips) 
nesnahh: posts small blind $0.01
Spenc6666: posts big blind $0.02
*** HOLE CARDS ***
Dealt to Dorex2007 [6h Ad]
k . A_063: folds 
Dorex2007: folds 
zilligram555: folds 
criatura-AG: calls $0.02
snowpepsi: folds 
PsAikoS: folds 
nesnahh: folds 
Spenc6666: checks 
*** FLOP *** [4c 6d 2d]
Spenc6666: checks 
criatura-AG: checks 
*** TURN *** [4c 6d 2d] [5h]
Spenc6666: bets $0.05
criatura-AG: calls $0.05
*** RIVER *** [4c 6d 2d 5h] [7c]
Spenc6666: bets $0.14
criatura-AG: calls $0.14
*** SHOW DOWN ***
Spenc6666: shows [7s 3s] (a straight, Three to Seven)
criatura-AG: mucks hand 
Spenc6666 collected $0.41 from pot
*** SUMMARY ***
Total pot $0.43 | Rake $0.02 
Board [4c 6d 2d 5h 7c]
Seat 1: Dorex2007 folded before Flop (didn't bet)
Seat 2: zilligram555 folded before Flop (didn't bet)
Seat 4: criatura-AG mucked [5c 5d]
Seat 5: snowpepsi folded before Flop (didn't bet)
Seat 6: PsAikoS (button) folded before Flop (didn't bet)
Seat 7: nesnahh (small blind) folded before Flop
Seat 8: Spenc6666 (big blind) showed [7s 3s] and won ($0.41) with a straight, Three to Seven
Seat 9: k . A_063 folded before Flop (didn't bet)



PokerStars Hand #227358642872:  Hold'em No Limit ($0.01/$0.02 USD) - 2021/06/05 16:18:33 PT [2021/06/05 19:18:33 ET]
Table 'Echo' 9-max Seat #7 is the button
Seat 1: Dorex2007 ($1.89 in chips) 
Seat 2: zilligram555 ($1.97 in chips) 
Seat 4: criatura-AG ($0.89 in chips) 
Seat 5: snowpepsi ($3.64 in chips) 
Seat 6: PsAikoS ($1.56 in chips) 
Seat 7: nesnahh ($2.86 in chips) 
Seat 8: Spenc6666 ($2.35 in chips) 
Spenc6666: posts small blind $0.01
k . A_063: is sitting out 
Dorex2007: posts big blind $0.02
*** HOLE CARDS ***
Dealt to Dorex2007 [9c Kh]
k . A_063 leaves the table
zilligram555: calls $0.02
criatura-AG: calls $0.02
snowpepsi: folds 
PsAikoS: calls $0.02
nesnahh: folds 
Spenc6666: calls $0.01
Dorex2007: checks 
*** FLOP *** [9d 8c Qc]
Benzema787 joins the table at seat #9 
Spenc6666: checks 
Dorex2007: checks 
zilligram555: checks 
criatura-AG: checks 
PsAikoS: checks 
*** TURN *** [9d 8c Qc] [Tc]
Spenc6666: checks 
Dorex2007: checks 
zilligram555: checks 
criatura-AG: bets $0.10
PsAikoS: folds 
Spenc6666: folds 
Dorex2007: folds 
zilligram555: folds 
Uncalled bet ($0.10) returned to criatura-AG
criatura-AG collected $0.10 from pot
criatura-AG: doesn't show hand 
*** SUMMARY ***
Total pot $0.10 | Rake $0 
Board [9d 8c Qc Tc]
Seat 1: Dorex2007 (big blind) folded on the Turn
Seat 2: zilligram555 folded on the Turn
Seat 4: criatura-AG collected ($0.10)
Seat 5: snowpepsi folded before Flop (didn't bet)
Seat 6: PsAikoS folded on the Turn
Seat 7: nesnahh (button) folded before Flop (didn't bet)
Seat 8: Spenc6666 (small blind) folded on the Turn



PokerStars Hand #227358664624:  Hold'em No Limit ($0.01/$0.02 USD) - 2021/06/05 16:19:32 PT [2021/06/05 19:19:32 ET]
Table 'Echo' 9-max Seat #8 is the button
Seat 1: Dorex2007 ($1.87 in chips) 
Seat 2: zilligram555 ($1.95 in chips) 
Seat 3: theweemon ($1.69 in chips) 
Seat 4: criatura-AG ($0.97 in chips) 
Seat 5: snowpepsi ($3.64 in chips) 
Seat 6: PsAikoS ($1.54 in chips) 
Seat 7: nesnahh ($2.86 in chips) 
Seat 8: Spenc6666 ($2.33 in chips) 
Dorex2007: posts small blind $0.01
zilligram555: posts big blind $0.02
theweemon: posts small & big blinds $0.03
*** HOLE CARDS ***
Dealt to Dorex2007 [6d 7s]
theweemon: checks 
criatura-AG: calls $0.02
snowpepsi: folds 
PsAikoS: calls $0.02
nesnahh: raises $0.08 to $0.10
Spenc6666: folds 
Dorex2007: folds 
zilligram555: folds 
theweemon: folds 
criatura-AG: folds 
PsAikoS: folds 
Uncalled bet ($0.08) returned to nesnahh
nesnahh collected $0.12 from pot
nesnahh: doesn't show hand 
*** SUMMARY ***
Total pot $0.12 | Rake $0 
Seat 1: Dorex2007 (small blind) folded before Flop
Seat 2: zilligram555 (big blind) folded before Flop
Seat 3: theweemon folded before Flop (didn't bet)
Seat 4: criatura-AG folded before Flop
Seat 5: snowpepsi folded before Flop (didn't bet)
Seat 6: PsAikoS folded before Flop
Seat 7: nesnahh collected ($0.12)
Seat 8: Spenc6666 (button) folded before Flop (didn't bet)



PokerStars Hand #227358676982:  Hold'em No Limit ($0.01/$0.02 USD) - 2021/06/05 16:20:06 PT [2021/06/05 19:20:06 ET]
Table 'Echo' 9-max Seat #1 is the button
Seat 1: Dorex2007 ($1.86 in chips) 
Seat 2: zilligram555 ($1.93 in chips) 
Seat 3: theweemon ($1.66 in chips) 
Seat 4: criatura-AG ($0.95 in chips) 
Seat 5: snowpepsi ($3.64 in chips) 
Seat 6: PsAikoS ($1.52 in chips) 
Seat 7: nesnahh ($2.96 in chips) 
Seat 8: Spenc6666 ($2.33 in chips) 
Seat 9: Benzema787 ($0.80 in chips) 
zilligram555: posts small blind $0.01
theweemon: posts big blind $0.02
Benzema787: posts big blind $0.02
*** HOLE CARDS ***
Dealt to Dorex2007 [Kh Qs]
criatura-AG: folds 
snowpepsi: folds 
PsAikoS: folds 
nesnahh: folds 
Spenc6666: folds 
Benzema787: raises $0.02 to $0.04
Dorex2007: calls $0.04
zilligram555: folds 
theweemon: calls $0.02
*** FLOP *** [4c Jh 6s]
theweemon: checks 
Benzema787: checks 
Dorex2007: checks 
*** TURN *** [4c Jh 6s] [8c]
theweemon: checks 
Benzema787: checks 
Dorex2007: bets $0.09
theweemon: folds 
Benzema787: folds 
Uncalled bet ($0.09) returned to Dorex2007
Dorex2007 collected $0.13 from pot
Dorex2007: doesn't show hand 
*** SUMMARY ***
Total pot $0.13 | Rake $0 
Board [4c Jh 6s 8c]
Seat 1: Dorex2007 (button) collected ($0.13)
Seat 2: zilligram555 (small blind) folded before Flop
Seat 3: theweemon (big blind) folded on the Turn
Seat 4: criatura-AG folded before Flop (didn't bet)
Seat 5: snowpepsi folded before Flop (didn't bet)
Seat 6: PsAikoS folded before Flop (didn't bet)
Seat 7: nesnahh folded before Flop (didn't bet)
Seat 8: Spenc6666 folded before Flop (didn't bet)
Seat 9: Benzema787 folded on the Turn



PokerStars Hand #227358693285:  Hold'em No Limit ($0.01/$0.02 USD) - 2021/06/05 16:20:51 PT [2021/06/05 19:20:51 ET]
Table 'Echo' 9-max Seat #2 is the button
Seat 1: Dorex2007 ($1.95 in chips) 
Seat 2: zilligram555 ($1.92 in chips) 
Seat 3: theweemon ($1.62 in chips) 
Seat 4: criatura-AG ($0.95 in chips) 
Seat 5: snowpepsi ($3.64 in chips) 
Seat 6: PsAikoS ($1.52 in chips) 
Seat 7: nesnahh ($2.96 in chips) 
Seat 8: Spenc6666 ($2.33 in chips) 
Seat 9: Benzema787 ($0.76 in chips) 
theweemon: posts small blind $0.01
criatura-AG: posts big blind $0.02
*** HOLE CARDS ***
Dealt to Dorex2007 [Tc Ah]
snowpepsi: folds 
PsAikoS: calls $0.02
nesnahh: folds 
Spenc6666: folds 
Benzema787: calls $0.02
Dorex2007: folds 
zilligram555: folds 
theweemon: calls $0.01
criatura-AG: checks 
*** FLOP *** [9d Js Qd]
theweemon: checks 
criatura-AG: checks 
PsAikoS: checks 
Benzema787: checks 
*** TURN *** [9d Js Qd] [Kh]
theweemon: checks 
criatura-AG: checks 
PsAikoS: checks 
Benzema787: checks 
*** RIVER *** [9d Js Qd Kh] [8h]
theweemon: checks 
criatura-AG: checks 
PsAikoS: checks 
Benzema787: checks 
*** SHOW DOWN ***
theweemon: shows [8d Ks] (two pair, Kings and Eights)
criatura-AG: shows [Kd Jh] (two pair, Kings and Jacks)
PsAikoS: shows [Jd Kc] (two pair, Kings and Jacks)
Benzema787: mucks hand 
criatura-AG collected $0.04 from pot
PsAikoS collected $0.04 from pot
*** SUMMARY ***
Total pot $0.08 | Rake $0 
Board [9d Js Qd Kh 8h]
Seat 1: Dorex2007 folded before Flop (didn't bet)
Seat 2: zilligram555 (button) folded before Flop (didn't bet)
Seat 3: theweemon (small blind) showed [8d Ks] and lost with two pair, Kings and Eights
Seat 4: criatura-AG (big blind) showed [Kd Jh] and won ($0.04) with two pair, Kings and Jacks
Seat 5: snowpepsi folded before Flop (didn't bet)
Seat 6: PsAikoS showed [Jd Kc] and won ($0.04) with two pair, Kings and Jacks
Seat 7: nesnahh folded before Flop (didn't bet)
Seat 8: Spenc6666 folded before Flop (didn't bet)
Seat 9: Benzema787 mucked [7s 6d]



PokerStars Hand #227358710914:  Hold'em No Limit ($0.01/$0.02 USD) - 2021/06/05 16:21:40 PT [2021/06/05 19:21:40 ET]
Table 'Echo' 9-max Seat #3 is the button
Seat 1: Dorex2007 ($1.95 in chips) 
Seat 2: zilligram555 ($1.92 in chips) 
Seat 3: theweemon ($1.60 in chips) 
Seat 4: criatura-AG ($0.97 in chips) 
Seat 5: snowpepsi ($3.64 in chips) 
Seat 6: PsAikoS ($1.54 in chips) 
Seat 7: nesnahh ($2.96 in chips) 
Seat 8: Spenc6666 ($2.33 in chips) 
Seat 9: Benzema787 ($0.74 in chips) 
criatura-AG: posts small blind $0.01
snowpepsi: posts big blind $0.02
*** HOLE CARDS ***
Dealt to Dorex2007 [Td 9s]
PsAikoS: folds 
nesnahh: folds 
Spenc6666: folds 
Benzema787: raises $0.02 to $0.04
Dorex2007: folds 
zilligram555: folds 
theweemon: calls $0.04
criatura-AG: folds 
snowpepsi: folds 
*** FLOP *** [Ad Qd 7c]
Benzema787: bets $0.04
theweemon: folds 
Uncalled bet ($0.04) returned to Benzema787
Benzema787 collected $0.11 from pot
Benzema787: doesn't show hand 
*** SUMMARY ***
Total pot $0.11 | Rake $0 
Board [Ad Qd 7c]
Seat 1: Dorex2007 folded before Flop (didn't bet)
Seat 2: zilligram555 folded before Flop (didn't bet)
Seat 3: theweemon (button) folded on the Flop
Seat 4: criatura-AG (small blind) folded before Flop
Seat 5: snowpepsi (big blind) folded before Flop
Seat 6: PsAikoS folded before Flop (didn't bet)
Seat 7: nesnahh folded before Flop (didn't bet)
Seat 8: Spenc6666 folded before Flop (didn't bet)
Seat 9: Benzema787 collected ($0.11)



PokerStars Hand #227358723351:  Hold'em No Limit ($0.01/$0.02 USD) - 2021/06/05 16:22:14 PT [2021/06/05 19:22:14 ET]
Table 'Echo' 9-max Seat #4 is the button
Seat 1: Dorex2007 ($1.95 in chips) 
Seat 2: zilligram555 ($1.92 in chips) 
Seat 3: theweemon ($1.56 in chips) 
Seat 4: criatura-AG ($0.96 in chips) 
Seat 5: snowpepsi ($3.62 in chips) 
Seat 6: PsAikoS ($1.54 in chips) 
Seat 7: nesnahh ($2.96 in chips) 
Seat 8: Spenc6666 ($2.33 in chips) 
Seat 9: Benzema787 ($0.81 in chips) 
snowpepsi: posts small blind $0.01
PsAikoS: posts big blind $0.02
*** HOLE CARDS ***
Dealt to Dorex2007 [9h Qs]
nesnahh: raises $0.06 to $0.08
Spenc6666: folds 
Benzema787: calls $0.08
Dorex2007: folds 
zilligram555: raises $0.06 to $0.14
theweemon: folds 
criatura-AG: folds 
snowpepsi: folds 
PsAikoS: folds 
nesnahh: raises $0.16 to $0.30
Benzema787: calls $0.22
zilligram555: calls $0.16
*** FLOP *** [4d 4c 8c]
nesnahh: bets $0.45
Benzema787: raises $0.06 to $0.51 and is all-in
zilligram555: folds 
nesnahh: calls $0.06
*** TURN *** [4d 4c 8c] [Th]
*** RIVER *** [4d 4c 8c Th] [Jc]
*** SHOW DOWN ***
nesnahh: shows [Kd Ks] (two pair, Kings and Fours)
Benzema787: shows [5c 4s] (three of a kind, Fours)
Benzema787 collected $1.88 from pot
*** SUMMARY ***
Total pot $1.95 | Rake $0.07 
Board [4d 4c 8c Th Jc]
Seat 1: Dorex2007 folded before Flop (didn't bet)
Seat 2: zilligram555 folded on the Flop
Seat 3: theweemon folded before Flop (didn't bet)
Seat 4: criatura-AG (button) folded before Flop (didn't bet)
Seat 5: snowpepsi (small blind) folded before Flop
Seat 6: PsAikoS (big blind) folded before Flop
Seat 7: nesnahh showed [Kd Ks] and lost with two pair, Kings and Fours
Seat 8: Spenc6666 folded before Flop (didn't bet)
Seat 9: Benzema787 showed [5c 4s] and won ($1.88) with three of a kind, Fours



PokerStars Hand #227358743330:  Hold'em No Limit ($0.01/$0.02 USD) - 2021/06/05 16:23:09 PT [2021/06/05 19:23:09 ET]
Table 'Echo' 9-max Seat #5 is the button
Seat 1: Dorex2007 ($1.95 in chips) 
Seat 2: zilligram555 ($1.62 in chips) 
Seat 3: theweemon ($1.56 in chips) 
Seat 4: criatura-AG ($0.96 in chips) 
Seat 5: snowpepsi ($3.61 in chips) 
Seat 6: PsAikoS ($1.52 in chips) 
Seat 7: nesnahh ($2.15 in chips) 
Seat 8: Spenc6666 ($2.33 in chips) 
Seat 9: Benzema787 ($1.88 in chips) 
PsAikoS: posts small blind $0.01
nesnahh: posts big blind $0.02
*** HOLE CARDS ***
Dealt to Dorex2007 [7d 5d]
Spenc6666: folds 
Benzema787: calls $0.02
Dorex2007: folds 
zilligram555: calls $0.02
theweemon: calls $0.02
criatura-AG: folds 
snowpepsi: folds 
PsAikoS: calls $0.01
nesnahh: raises $0.10 to $0.12
Benzema787: calls $0.10
zilligram555: folds 
theweemon: folds 
PsAikoS: folds 
*** FLOP *** [Kh 3s 2h]
nesnahh: bets $0.15
Benzema787: calls $0.15
*** TURN *** [Kh 3s 2h] [8d]
nesnahh: checks 
Benzema787: checks 
*** RIVER *** [Kh 3s 2h 8d] [6s]
nesnahh: checks 
Benzema787: bets $0.02
nesnahh: calls $0.02
*** SHOW DOWN ***
Benzema787: shows [Td 5c] (high card King)
nesnahh: shows [Ah Qd] (high card Ace)
nesnahh collected $0.62 from pot
*** SUMMARY ***
Total pot $0.64 | Rake $0.02 
Board [Kh 3s 2h 8d 6s]
Seat 1: Dorex2007 folded before Flop (didn't bet)
Seat 2: zilligram555 folded before Flop
Seat 3: theweemon folded before Flop
Seat 4: criatura-AG folded before Flop (didn't bet)
Seat 5: snowpepsi (button) folded before Flop (didn't bet)
Seat 6: PsAikoS (small blind) folded before Flop
Seat 7: nesnahh (big blind) showed [Ah Qd] and won ($0.62) with high card Ace
Seat 8: Spenc6666 folded before Flop (didn't bet)
Seat 9: Benzema787 showed [Td 5c] and lost with high card King



PokerStars Hand #227358760718:  Hold'em No Limit ($0.01/$0.02 USD) - 2021/06/05 16:23:56 PT [2021/06/05 19:23:56 ET]
Table 'Echo' 9-max Seat #6 is the button
Seat 1: Dorex2007 ($1.95 in chips) 
Seat 2: zilligram555 ($1.60 in chips) 
Seat 3: theweemon ($1.54 in chips) 
Seat 4: criatura-AG ($0.96 in chips) 
Seat 5: snowpepsi ($3.61 in chips) 
Seat 6: PsAikoS ($1.50 in chips) 
Seat 7: nesnahh ($2.48 in chips) 
Seat 8: Spenc6666 ($2.33 in chips) 
Seat 9: Benzema787 ($1.59 in chips) 
nesnahh: posts small blind $0.01
Spenc6666: posts big blind $0.02
*** HOLE CARDS ***
Dealt to Dorex2007 [6s Ad]
Benzema787: calls $0.02
Dorex2007: folds 
zilligram555: calls $0.02
theweemon: calls $0.02
criatura-AG: folds 
snowpepsi: folds 
PsAikoS: calls $0.02
nesnahh: calls $0.01
Spenc6666: checks 
*** FLOP *** [4d Th 7d]
nesnahh: bets $0.06
Spenc6666: folds 
Benzema787: folds 
zilligram555: calls $0.06
theweemon: calls $0.06
PsAikoS: folds 
*** TURN *** [4d Th 7d] [9d]
nesnahh: checks 
zilligram555: checks 
theweemon: checks 
*** RIVER *** [4d Th 7d 9d] [8c]
nesnahh: checks 
zilligram555: checks 
theweemon: checks 
*** SHOW DOWN ***
nesnahh: shows [Ks Td] (a pair of Tens)
zilligram555: mucks hand 
theweemon: mucks hand 
nesnahh collected $0.29 from pot
*** SUMMARY ***
Total pot $0.30 | Rake $0.01 
Board [4d Th 7d 9d 8c]
Seat 1: Dorex2007 folded before Flop (didn't bet)
Seat 2: zilligram555 mucked [Kh 9c]
Seat 3: theweemon mucked [8h 5h]
Seat 4: criatura-AG folded before Flop (didn't bet)
Seat 5: snowpepsi folded before Flop (didn't bet)
Seat 6: PsAikoS (button) folded on the Flop
Seat 7: nesnahh (small blind) showed [Ks Td] and won ($0.29) with a pair of Tens
Seat 8: Spenc6666 (big blind) folded on the Flop
Seat 9: Benzema787 folded on the Flop



PokerStars Hand #227358787833:  Hold'em No Limit ($0.01/$0.02 USD) - 2021/06/05 16:24:52 PT [2021/06/05 19:24:52 ET]
Table 'Echo' 9-max Seat #7 is the button
Seat 1: Dorex2007 ($1.95 in chips) 
Seat 2: zilligram555 ($1.52 in chips) 
Seat 3: theweemon ($1.46 in chips) 
Seat 4: criatura-AG ($0.96 in chips) 
Seat 5: snowpepsi ($3.61 in chips) 
Seat 6: PsAikoS ($1.48 in chips) 
Seat 7: nesnahh ($2.69 in chips) 
Seat 8: Spenc6666 ($2.31 in chips) 
Seat 9: Benzema787 ($1.57 in chips) 
Spenc6666: posts small blind $0.01
Benzema787: posts big blind $0.02
*** HOLE CARDS ***
Dealt to Dorex2007 [4c 8d]
Dorex2007: folds 
zilligram555: folds 
theweemon: folds 
criatura-AG: calls $0.02
snowpepsi: raises $0.04 to $0.06
PsAikoS: folds 
nesnahh: folds 
Spenc6666: folds 
Benzema787: calls $0.04
criatura-AG: calls $0.04
*** FLOP *** [Ad Qh Ah]
Benzema787: checks 
criatura-AG: checks 
snowpepsi: bets $0.10
Benzema787: raises $0.10 to $0.20
criatura-AG: folds 
snowpepsi: calls $0.10
*** TURN *** [Ad Qh Ah] [7s]
Benzema787: bets $0.20
snowpepsi: calls $0.20
*** RIVER *** [Ad Qh Ah 7s] [6h]
Benzema787: bets $0.24
snowpepsi: calls $0.24
*** SHOW DOWN ***
Benzema787: shows [Ac 9c] (three of a kind, Aces)
snowpepsi: shows [Tc As] (three of a kind, Aces - Queen+Ten kicker)
snowpepsi collected $1.42 from pot
*** SUMMARY ***
Total pot $1.47 | Rake $0.05 
Board [Ad Qh Ah 7s 6h]
Seat 1: Dorex2007 folded before Flop (didn't bet)
Seat 2: zilligram555 folded before Flop (didn't bet)
Seat 3: theweemon folded before Flop (didn't bet)
Seat 4: criatura-AG folded on the Flop
Seat 5: snowpepsi showed [Tc As] and won ($1.42) with three of a kind, Aces
Seat 6: PsAikoS folded before Flop (didn't bet)
Seat 7: nesnahh (button) folded before Flop (didn't bet)
Seat 8: Spenc6666 (small blind) folded before Flop
Seat 9: Benzema787 (big blind) showed [Ac 9c] and lost with three of a kind, Aces



PokerStars Hand #227358811926:  Hold'em No Limit ($0.01/$0.02 USD) - 2021/06/05 16:25:59 PT [2021/06/05 19:25:59 ET]
Table 'Echo' 9-max Seat #8 is the button
Seat 1: Dorex2007 ($1.95 in chips) 
Seat 2: zilligram555 ($1.52 in chips) 
Seat 3: theweemon ($1.46 in chips) 
Seat 4: criatura-AG ($0.90 in chips) 
Seat 5: snowpepsi ($4.33 in chips) 
Seat 6: PsAikoS ($1.48 in chips) 
Seat 7: nesnahh ($2.69 in chips) 
Seat 8: Spenc6666 ($2.30 in chips) 
Seat 9: Benzema787 ($0.87 in chips) 
Benzema787: posts small blind $0.01
Dorex2007: posts big blind $0.02
*** HOLE CARDS ***
Dealt to Dorex2007 [Qh 3h]
zilligram555: folds 
theweemon: calls $0.02
criatura-AG: folds 
snowpepsi: folds 
PsAikoS: folds 
nesnahh: folds 
Spenc6666: raises $0.08 to $0.10
Benzema787: raises $0.08 to $0.18
Dorex2007: folds 
theweemon: folds 
Spenc6666: calls $0.08
*** FLOP *** [6s 8s 7c]
Benzema787: bets $0.10
Spenc6666: folds 
Uncalled bet ($0.10) returned to Benzema787
Benzema787 collected $0.39 from pot
Benzema787: doesn't show hand 
*** SUMMARY ***
Total pot $0.40 | Rake $0.01 
Board [6s 8s 7c]
Seat 1: Dorex2007 (big blind) folded before Flop
Seat 2: zilligram555 folded before Flop (didn't bet)
Seat 3: theweemon folded before Flop
Seat 4: criatura-AG folded before Flop (didn't bet)
Seat 5: snowpepsi folded before Flop (didn't bet)
Seat 6: PsAikoS folded before Flop (didn't bet)
Seat 7: nesnahh folded before Flop (didn't bet)
Seat 8: Spenc6666 (button) folded on the Flop
Seat 9: Benzema787 (small blind) collected ($0.39)



PokerStars Hand #227358836128:  Hold'em No Limit ($0.01/$0.02 USD) - 2021/06/05 16:27:07 PT [2021/06/05 19:27:07 ET]
Table 'Echo' 9-max Seat #9 is the button
Seat 1: Dorex2007 ($1.93 in chips) 
Seat 2: zilligram555 ($1.52 in chips) 
Seat 3: theweemon ($1.44 in chips) 
Seat 4: criatura-AG ($0.90 in chips) 
Seat 5: snowpepsi ($4.33 in chips) 
Seat 6: PsAikoS ($1.48 in chips) 
Seat 7: nesnahh ($2.69 in chips) 
Seat 8: Spenc6666 ($2.12 in chips) 
Seat 9: Benzema787 ($1.08 in chips) 
Dorex2007: posts small blind $0.01
zilligram555: posts big blind $0.02
*** HOLE CARDS ***
Dealt to Dorex2007 [6c 7h]
theweemon: folds 
criatura-AG: folds 
snowpepsi: raises $0.04 to $0.06
PsAikoS: folds 
nesnahh: folds 
Spenc6666: folds 
Benzema787: folds 
Dorex2007: folds 
zilligram555: calls $0.04
*** FLOP *** [Kd 4s 3s]
zilligram555: checks 
snowpepsi: checks 
*** TURN *** [Kd 4s 3s] [4c]
zilligram555: bets $0.02
snowpepsi: calls $0.02
*** RIVER *** [Kd 4s 3s 4c] [3c]
zilligram555: checks 
snowpepsi: checks 
*** SHOW DOWN ***
zilligram555: shows [Qh 3h] (a full house, Threes full of Fours)
snowpepsi: mucks hand 
zilligram555 collected $0.16 from pot
*** SUMMARY ***
Total pot $0.17 | Rake $0.01 
Board [Kd 4s 3s 4c 3c]
Seat 1: Dorex2007 (small blind) folded before Flop
Seat 2: zilligram555 (big blind) showed [Qh 3h] and won ($0.16) with a full house, Threes full of Fours
Seat 3: theweemon folded before Flop (didn't bet)
Seat 4: criatura-AG folded before Flop (didn't bet)
Seat 5: snowpepsi mucked [Jh Ad]
Seat 6: PsAikoS folded before Flop (didn't bet)
Seat 7: nesnahh folded before Flop (didn't bet)
Seat 8: Spenc6666 folded before Flop (didn't bet)
Seat 9: Benzema787 (button) folded before Flop (didn't bet)



PokerStars Hand #227358852422:  Hold'em No Limit ($0.01/$0.02 USD) - 2021/06/05 16:27:52 PT [2021/06/05 19:27:52 ET]
Table 'Echo' 9-max Seat #1 is the button
Seat 1: Dorex2007 ($1.92 in chips) 
Seat 2: zilligram555 ($1.60 in chips) 
Seat 3: theweemon ($1.44 in chips) 
Seat 4: criatura-AG ($0.90 in chips) 
Seat 5: snowpepsi ($4.25 in chips) 
Seat 6: PsAikoS ($1.48 in chips) 
Seat 7: nesnahh ($2.69 in chips) 
Seat 8: Spenc6666 ($2.12 in chips) 
Seat 9: Benzema787 ($1.08 in chips) 
zilligram555: posts small blind $0.01
theweemon: posts big blind $0.02
*** HOLE CARDS ***
Dealt to Dorex2007 [2d 8s]
criatura-AG: folds 
snowpepsi: folds 
PsAikoS: calls $0.02
nesnahh: folds 
Spenc6666: folds 
Benzema787: calls $0.02
Dorex2007: folds 
zilligram555: folds 
theweemon: checks 
*** FLOP *** [Js Jh 6h]
theweemon: checks 
PsAikoS: checks 
Benzema787: checks 
*** TURN *** [Js Jh 6h] [7s]
theweemon: checks 
PsAikoS: checks 
Benzema787: checks 
*** RIVER *** [Js Jh 6h 7s] [5c]
theweemon: checks 
PsAikoS: checks 
Benzema787: checks 
*** SHOW DOWN ***
theweemon: shows [9c Th] (a pair of Jacks)
PsAikoS: shows [Td Qd] (a pair of Jacks - Queen kicker)
Benzema787: shows [Ah Kh] (a pair of Jacks - Ace kicker)
Benzema787 collected $0.07 from pot
*** SUMMARY ***
Total pot $0.07 | Rake $0 
Board [Js Jh 6h 7s 5c]
Seat 1: Dorex2007 (button) folded before Flop (didn't bet)
Seat 2: zilligram555 (small blind) folded before Flop
Seat 3: theweemon (big blind) showed [9c Th] and lost with a pair of Jacks
Seat 4: criatura-AG folded before Flop (didn't bet)
Seat 5: snowpepsi folded before Flop (didn't bet)
Seat 6: PsAikoS showed [Td Qd] and lost with a pair of Jacks
Seat 7: nesnahh folded before Flop (didn't bet)
Seat 8: Spenc6666 folded before Flop (didn't bet)
Seat 9: Benzema787 showed [Ah Kh] and won ($0.07) with a pair of Jacks



PokerStars Hand #227358934983:  Hold'em No Limit ($0.01/$0.02 USD) - 2021/06/05 16:31:21 PT [2021/06/05 19:31:21 ET]
Table 'Echo' 9-max Seat #5 is the button
Seat 1: Dorex2007 ($1.92 in chips) 
Seat 3: theweemon ($1.26 in chips) 
Seat 4: criatura-AG ($1.83 in chips) 
Seat 5: snowpepsi ($3.55 in chips) 
Seat 6: PsAikoS ($1.36 in chips) 
Seat 7: nesnahh ($4.35 in chips) 
Seat 8: Spenc6666 ($2.12 in chips) 
Seat 9: Benzema787 ($0.91 in chips) 
PsAikoS: posts small blind $0.01
nesnahh: posts big blind $0.02
*** HOLE CARDS ***
Dealt to Dorex2007 [7d Kh]
Spenc6666: folds 
Benzema787: calls $0.02
synaps01 joins the table at seat #2 
Dorex2007: folds 
theweemon: calls $0.02
criatura-AG: calls $0.02
snowpepsi: raises $0.08 to $0.10
PsAikoS: folds 
nesnahh: folds 
Benzema787: calls $0.08
theweemon: folds 
criatura-AG: folds 
*** FLOP *** [Qc Ks 4d]
Benzema787: bets $0.02
snowpepsi: calls $0.02
*** TURN *** [Qc Ks 4d] [3c]
Benzema787: bets $0.79 and is all-in
snowpepsi: folds 
Uncalled bet ($0.79) returned to Benzema787
Benzema787 collected $0.30 from pot
Benzema787: doesn't show hand 
*** SUMMARY ***
Total pot $0.31 | Rake $0.01 
Board [Qc Ks 4d 3c]
Seat 1: Dorex2007 folded before Flop (didn't bet)
Seat 3: theweemon folded before Flop
Seat 4: criatura-AG folded before Flop
Seat 5: snowpepsi (button) folded on the Turn
Seat 6: PsAikoS (small blind) folded before Flop
Seat 7: nesnahh (big blind) folded before Flop
Seat 8: Spenc6666 folded before Flop (didn't bet)
Seat 9: Benzema787 collected ($0.30)



PokerStars Hand #227358962655:  Hold'em No Limit ($0.01/$0.02 USD) - 2021/06/05 16:32:40 PT [2021/06/05 19:32:40 ET]
Table 'Echo' 9-max Seat #6 is the button
Seat 1: Dorex2007 ($1.92 in chips) 
Seat 2: synaps01 ($0.80 in chips) 
Seat 3: theweemon ($1.24 in chips) 
Seat 4: criatura-AG ($1.81 in chips) 
Seat 5: snowpepsi ($3.43 in chips) 
Seat 6: PsAikoS ($1.35 in chips) 
Seat 7: nesnahh ($4.33 in chips) 
Seat 8: Spenc6666 ($2.12 in chips) 
Seat 9: Benzema787 ($1.09 in chips) 
nesnahh: posts small blind $0.01
Spenc6666: posts big blind $0.02
synaps01: posts big blind $0.02
*** HOLE CARDS ***
Dealt to Dorex2007 [6s 6d]
Benzema787: raises $0.02 to $0.04
Dorex2007: calls $0.04
synaps01: calls $0.02
theweemon: calls $0.04
criatura-AG: folds 
snowpepsi: folds 
PsAikoS: folds 
nesnahh: calls $0.03
Spenc6666: folds 
*** FLOP *** [2d 3d 3s]
nesnahh: bets $0.11
Benzema787: folds 
Dorex2007: folds 
synaps01: folds 
theweemon: folds 
Uncalled bet ($0.11) returned to nesnahh
nesnahh collected $0.21 from pot
nesnahh: doesn't show hand 
*** SUMMARY ***
Total pot $0.22 | Rake $0.01 
Board [2d 3d 3s]
Seat 1: Dorex2007 folded on the Flop
Seat 2: synaps01 folded on the Flop
Seat 3: theweemon folded on the Flop
Seat 4: criatura-AG folded before Flop (didn't bet)
Seat 5: snowpepsi folded before Flop (didn't bet)
Seat 6: PsAikoS (button) folded before Flop (didn't bet)
Seat 7: nesnahh (small blind) collected ($0.21)
Seat 8: Spenc6666 (big blind) folded before Flop
Seat 9: Benzema787 folded on the Flop



PokerStars Hand #227358976745:  Hold'em No Limit ($0.01/$0.02 USD) - 2021/06/05 16:33:20 PT [2021/06/05 19:33:20 ET]
Table 'Echo' 9-max Seat #7 is the button
Seat 1: Dorex2007 ($1.88 in chips) 
Seat 2: synaps01 ($0.76 in chips) 
Seat 3: theweemon ($1.20 in chips) 
Seat 4: criatura-AG ($1.81 in chips) 
Seat 5: snowpepsi ($3.43 in chips) 
Seat 6: PsAikoS ($1.35 in chips) 
Seat 7: nesnahh ($4.50 in chips) 
Seat 8: Spenc6666 ($2.10 in chips) 
Seat 9: Benzema787 ($1.05 in chips) 
Spenc6666: posts small blind $0.01
Benzema787: posts big blind $0.02
*** HOLE CARDS ***
Dealt to Dorex2007 [Jd Jc]
Dorex2007: raises $0.02 to $0.04
synaps01: calls $0.04
theweemon: folds 
criatura-AG: folds 
snowpepsi: folds 
PsAikoS: calls $0.04
nesnahh: folds 
Spenc6666: folds 
Benzema787: calls $0.02
*** FLOP *** [Ts 3d 2h]
Benzema787: checks 
Dorex2007: bets $0.16
synaps01: calls $0.16
PsAikoS: folds 
Benzema787: folds 
*** TURN *** [Ts 3d 2h] [2s]
Dorex2007: bets $1.68 and is all-in
synaps01: calls $0.56 and is all-in
Uncalled bet ($1.12) returned to Dorex2007
*** RIVER *** [Ts 3d 2h 2s] [4c]
*** SHOW DOWN ***
Dorex2007: shows [Jd Jc] (two pair, Jacks and Deuces)
synaps01: shows [Kh Tc] (two pair, Tens and Deuces)
Dorex2007 collected $1.55 from pot
*** SUMMARY ***
Total pot $1.61 | Rake $0.06 
Board [Ts 3d 2h 2s 4c]
Seat 1: Dorex2007 showed [Jd Jc] and won ($1.55) with two pair, Jacks and Deuces
Seat 2: synaps01 showed [Kh Tc] and lost with two pair, Tens and Deuces
Seat 3: theweemon folded before Flop (didn't bet)
Seat 4: criatura-AG folded before Flop (didn't bet)
Seat 5: snowpepsi folded before Flop (didn't bet)
Seat 6: PsAikoS folded on the Flop
Seat 7: nesnahh (button) folded before Flop (didn't bet)
Seat 8: Spenc6666 (small blind) folded before Flop
Seat 9: Benzema787 (big blind) folded on the Flop



PokerStars Hand #227359004945:  Hold'em No Limit ($0.01/$0.02 USD) - 2021/06/05 16:34:30 PT [2021/06/05 19:34:30 ET]
Table 'Echo' 9-max Seat #8 is the button
Seat 1: Dorex2007 ($2.67 in chips) 
Seat 3: theweemon ($1.20 in chips) 
Seat 4: criatura-AG ($1.81 in chips) 
Seat 5: snowpepsi ($3.43 in chips) 
Seat 6: PsAikoS ($1.31 in chips) 
Seat 7: nesnahh ($4.50 in chips) 
Seat 8: Spenc6666 ($2.09 in chips) 
Seat 9: Benzema787 ($1.01 in chips) 
Benzema787: posts small blind $0.01
Dorex2007: posts big blind $0.02
*** HOLE CARDS ***
Dealt to Dorex2007 [As 9s]
theweemon: calls $0.02
criatura-AG: folds 
snowpepsi: folds 
PsAikoS: folds 
nesnahh: raises $0.06 to $0.08
Spenc6666: folds 
Benzema787: calls $0.07
Dorex2007: folds 
theweemon: calls $0.06
*** FLOP *** [2c 6h Qd]
Benzema787: checks 
theweemon: checks 
nesnahh: checks 
*** TURN *** [2c 6h Qd] [Kh]
Benzema787: bets $0.02
theweemon: folds 
nesnahh: calls $0.02
*** RIVER *** [2c 6h Qd Kh] [9c]
Benzema787: bets $0.02
nesnahh: calls $0.02
*** SHOW DOWN ***
Benzema787: shows [Qs 6d] (two pair, Queens and Sixes)
nesnahh: mucks hand 
Benzema787 collected $0.33 from pot
*** SUMMARY ***
Total pot $0.34 | Rake $0.01 
Board [2c 6h Qd Kh 9c]
Seat 1: Dorex2007 (big blind) folded before Flop
Seat 3: theweemon folded on the Turn
Seat 4: criatura-AG folded before Flop (didn't bet)
Seat 5: snowpepsi folded before Flop (didn't bet)
Seat 6: PsAikoS folded before Flop (didn't bet)
Seat 7: nesnahh mucked [Ah Ts]
Seat 8: Spenc6666 (button) folded before Flop (didn't bet)
Seat 9: Benzema787 (small blind) showed [Qs 6d] and won ($0.33) with two pair, Queens and Sixes



PokerStars Hand #227359022144:  Hold'em No Limit ($0.01/$0.02 USD) - 2021/06/05 16:35:20 PT [2021/06/05 19:35:20 ET]
Table 'Echo' 9-max Seat #9 is the button
Seat 1: Dorex2007 ($2.65 in chips) 
Seat 2: synaps01 ($2 in chips) 
Seat 3: theweemon ($1.12 in chips) 
Seat 4: criatura-AG ($1.81 in chips) 
Seat 5: snowpepsi ($3.43 in chips) 
Seat 6: PsAikoS ($1.31 in chips) 
Seat 7: nesnahh ($4.38 in chips) 
Seat 8: Spenc6666 ($2.09 in chips) 
Seat 9: Benzema787 ($1.22 in chips) 
Dorex2007: posts small blind $0.01
synaps01: posts big blind $0.02
*** HOLE CARDS ***
Dealt to Dorex2007 [9h Qh]
theweemon: folds 
criatura-AG: folds 
snowpepsi: folds 
PsAikoS: folds 
nesnahh: raises $0.04 to $0.06
Spenc6666: folds 
Benzema787: raises $0.04 to $0.10
Dorex2007: folds 
synaps01: calls $0.08
nesnahh: calls $0.04
*** FLOP *** [2d 3s 2c]
synaps01: checks 
nesnahh: bets $0.15
Benzema787: raises $0.15 to $0.30
synaps01: folds 
nesnahh: folds 
Uncalled bet ($0.15) returned to Benzema787
Benzema787 collected $0.59 from pot
Benzema787: doesn't show hand 
*** SUMMARY ***
Total pot $0.61 | Rake $0.02 
Board [2d 3s 2c]
Seat 1: Dorex2007 (small blind) folded before Flop
Seat 2: synaps01 (big blind) folded on the Flop
Seat 3: theweemon folded before Flop (didn't bet)
Seat 4: criatura-AG folded before Flop (didn't bet)
Seat 5: snowpepsi folded before Flop (didn't bet)
Seat 6: PsAikoS folded before Flop (didn't bet)
Seat 7: nesnahh folded on the Flop
Seat 8: Spenc6666 folded before Flop (didn't bet)
Seat 9: Benzema787 (button) collected ($0.59)



PokerStars Hand #227359038192:  Hold'em No Limit ($0.01/$0.02 USD) - 2021/06/05 16:36:06 PT [2021/06/05 19:36:06 ET]
Table 'Echo' 9-max Seat #1 is the button
Seat 1: Dorex2007 ($2.64 in chips) 
Seat 2: synaps01 ($1.90 in chips) 
Seat 3: theweemon ($1.12 in chips) 
Seat 4: criatura-AG ($1.81 in chips) 
Seat 5: snowpepsi ($3.43 in chips) 
Seat 6: PsAikoS ($1.31 in chips) 
Seat 7: nesnahh ($4.13 in chips) 
Seat 8: Spenc6666 ($2.09 in chips) 
Seat 9: Benzema787 ($1.56 in chips) 
synaps01: posts small blind $0.01
theweemon: posts big blind $0.02
*** HOLE CARDS ***
Dealt to Dorex2007 [8c Qd]
criatura-AG: folds 
snowpepsi: folds 
PsAikoS: folds 
nesnahh: folds 
Spenc6666: folds 
Benzema787: calls $0.02
Dorex2007: folds 
synaps01: calls $0.01
theweemon: checks 
*** FLOP *** [4h 5h Tc]
synaps01: checks 
theweemon: bets $0.02
Benzema787: calls $0.02
synaps01: folds 
*** TURN *** [4h 5h Tc] [2d]
theweemon: bets $0.02
Benzema787: calls $0.02
*** RIVER *** [4h 5h Tc 2d] [Ks]
theweemon: bets $0.07
Benzema787: raises $0.07 to $0.14
criatura-AG leaves the table
theweemon: calls $0.07
*** SHOW DOWN ***
Benzema787: shows [Kh 8s] (a pair of Kings)
theweemon: shows [Td 2c] (two pair, Tens and Deuces)
theweemon collected $0.41 from pot
*** SUMMARY ***
Total pot $0.42 | Rake $0.01 
Board [4h 5h Tc 2d Ks]
Seat 1: Dorex2007 (button) folded before Flop (didn't bet)
Seat 2: synaps01 (small blind) folded on the Flop
Seat 3: theweemon (big blind) showed [Td 2c] and won ($0.41) with two pair, Tens and Deuces
Seat 4: criatura-AG folded before Flop (didn't bet)
Seat 5: snowpepsi folded before Flop (didn't bet)
Seat 6: PsAikoS folded before Flop (didn't bet)
Seat 7: nesnahh folded before Flop (didn't bet)
Seat 8: Spenc6666 folded before Flop (didn't bet)
Seat 9: Benzema787 showed [Kh 8s] and lost with a pair of Kings



PokerStars Hand #227359055208:  Hold'em No Limit ($0.01/$0.02 USD) - 2021/06/05 16:36:56 PT [2021/06/05 19:36:56 ET]
Table 'Echo' 9-max Seat #2 is the button
Seat 1: Dorex2007 ($2.64 in chips) 
Seat 2: synaps01 ($1.88 in chips) 
Seat 3: theweemon ($1.33 in chips) 
Seat 5: snowpepsi ($3.43 in chips) 
Seat 6: PsAikoS ($1.31 in chips) 
Seat 7: nesnahh ($4.13 in chips) 
Seat 8: Spenc6666 ($2.09 in chips) 
Seat 9: Benzema787 ($1.36 in chips) 
theweemon: posts small blind $0.01
snowpepsi: posts big blind $0.02
*** HOLE CARDS ***
Dealt to Dorex2007 [6d Jd]
PsAikoS: calls $0.02
nesnahh: folds 
Spenc6666: folds 
Benzema787: calls $0.02
Dorex2007: folds 
synaps01: calls $0.02
theweemon: calls $0.01
snowpepsi: checks 
*** FLOP *** [9c 4s 4d]
theweemon: checks 
Topeiratiko joins the table at seat #4 
snowpepsi: checks 
PsAikoS: checks 
Benzema787: checks 
synaps01: checks 
*** TURN *** [9c 4s 4d] [Ah]
theweemon: checks 
snowpepsi: checks 
PsAikoS: checks 
Benzema787: bets $0.02
synaps01: folds 
theweemon: folds 
snowpepsi: folds 
PsAikoS: folds 
Uncalled bet ($0.02) returned to Benzema787
Benzema787 collected $0.10 from pot
Benzema787: doesn't show hand 
*** SUMMARY ***
Total pot $0.10 | Rake $0 
Board [9c 4s 4d Ah]
Seat 1: Dorex2007 folded before Flop (didn't bet)
Seat 2: synaps01 (button) folded on the Turn
Seat 3: theweemon (small blind) folded on the Turn
Seat 5: snowpepsi (big blind) folded on the Turn
Seat 6: PsAikoS folded on the Turn
Seat 7: nesnahh folded before Flop (didn't bet)
Seat 8: Spenc6666 folded before Flop (didn't bet)
Seat 9: Benzema787 collected ($0.10)



PokerStars Hand #227359079461:  Hold'em No Limit ($0.01/$0.02 USD) - 2021/06/05 16:38:07 PT [2021/06/05 19:38:07 ET]
Table 'Echo' 9-max Seat #3 is the button
Seat 1: Dorex2007 ($2.64 in chips) 
Seat 2: synaps01 ($1.86 in chips) 
Seat 3: theweemon ($1.31 in chips) 
Seat 5: snowpepsi ($3.41 in chips) 
Seat 6: PsAikoS ($1.29 in chips) 
Seat 7: nesnahh ($4.13 in chips) 
Seat 8: Spenc6666 ($2.09 in chips) 
Seat 9: Benzema787 ($1.44 in chips) 
snowpepsi: posts small blind $0.01
PsAikoS: posts big blind $0.02
*** HOLE CARDS ***
Dealt to Dorex2007 [7d Tc]
nesnahh: folds 
Spenc6666: folds 
Benzema787: calls $0.02
Dorex2007: folds 
synaps01: calls $0.02
theweemon: calls $0.02
snowpepsi: folds 
PsAikoS: checks 
*** FLOP *** [7h 6h Th]
PsAikoS: checks 
Benzema787: bets $0.02
synaps01: folds 
theweemon: calls $0.02
PsAikoS: calls $0.02
*** TURN *** [7h 6h Th] [5d]
PsAikoS: checks 
Benzema787: checks 
theweemon: bets $0.06
PsAikoS: calls $0.06
Benzema787: calls $0.06
*** RIVER *** [7h 6h Th 5d] [Ks]
PsAikoS: bets $0.04
Benzema787: calls $0.04
theweemon: calls $0.04
*** SHOW DOWN ***
PsAikoS: shows [Kd Ah] (a pair of Kings)
Benzema787: mucks hand 
theweemon: shows [5s 7c] (two pair, Sevens and Fives)
theweemon collected $0.43 from pot
*** SUMMARY ***
Total pot $0.45 | Rake $0.02 
Board [7h 6h Th 5d Ks]
Seat 1: Dorex2007 folded before Flop (didn't bet)
Seat 2: synaps01 folded on the Flop
Seat 3: theweemon (button) showed [5s 7c] and won ($0.43) with two pair, Sevens and Fives
Seat 5: snowpepsi (small blind) folded before Flop
Seat 6: PsAikoS (big blind) showed [Kd Ah] and lost with a pair of Kings
Seat 7: nesnahh folded before Flop (didn't bet)
Seat 8: Spenc6666 folded before Flop (didn't bet)
Seat 9: Benzema787 mucked [9c Jh]



PokerStars Hand #227359096611:  Hold'em No Limit ($0.01/$0.02 USD) - 2021/06/05 16:38:57 PT [2021/06/05 19:38:57 ET]
Table 'Echo' 9-max Seat #5 is the button
Seat 1: Dorex2007 ($2.64 in chips) 
Seat 2: synaps01 ($1.84 in chips) 
Seat 3: theweemon ($1.60 in chips) 
Seat 4: Topeiratiko ($2 in chips) 
Seat 5: snowpepsi ($3.40 in chips) 
Seat 6: PsAikoS ($1.15 in chips) 
Seat 7: nesnahh ($4.13 in chips) 
Seat 8: Spenc6666 ($2.09 in chips) 
Seat 9: Benzema787 ($1.30 in chips) 
PsAikoS: posts small blind $0.01
nesnahh: posts big blind $0.02
Topeiratiko: posts big blind $0.02
*** HOLE CARDS ***
Dealt to Dorex2007 [Qh Ks]
Spenc6666: folds 
Benzema787: calls $0.02
Dorex2007: calls $0.02
Spenc6666 leaves the table
synaps01: folds 
theweemon: calls $0.02
Topeiratiko: checks 
snowpepsi: folds 
PsAikoS: calls $0.01
nesnahh: checks 
*** FLOP *** [As 3s 5d]
PsAikoS: bets $0.02
nesnahh: calls $0.02
Benzema787: calls $0.02
Dorex2007: folds 
theweemon: calls $0.02
Topeiratiko: folds 
*** TURN *** [As 3s 5d] [8d]
PsAikoS: bets $0.02
nesnahh: calls $0.02
Benzema787: calls $0.02
theweemon: folds 
*** RIVER *** [As 3s 5d 8d] [7s]
PsAikoS: bets $0.02
nesnahh: raises $0.29 to $0.31
Benzema787: folds 
PsAikoS: folds 
Uncalled bet ($0.29) returned to nesnahh
nesnahh collected $0.29 from pot
nesnahh: doesn't show hand 
*** SUMMARY ***
Total pot $0.30 | Rake $0.01 
Board [As 3s 5d 8d 7s]
Seat 1: Dorex2007 folded on the Flop
Seat 2: synaps01 folded before Flop (didn't bet)
Seat 3: theweemon folded on the Turn
Seat 4: Topeiratiko folded on the Flop (didn't bet)
Seat 5: snowpepsi (button) folded before Flop (didn't bet)
Seat 6: PsAikoS (small blind) folded on the River
Seat 7: nesnahh (big blind) collected ($0.29)
Seat 8: Spenc6666 folded before Flop (didn't bet)
Seat 9: Benzema787 folded on the River



PokerStars Hand #227359116752:  Hold'em No Limit ($0.01/$0.02 USD) - 2021/06/05 16:39:56 PT [2021/06/05 19:39:56 ET]
Table 'Echo' 9-max Seat #6 is the button
Seat 1: Dorex2007 ($2.62 in chips) 
Seat 2: synaps01 ($1.84 in chips) 
Seat 3: theweemon ($1.56 in chips) 
Seat 4: Topeiratiko ($1.98 in chips) 
Seat 5: snowpepsi ($3.40 in chips) 
Seat 6: PsAikoS ($1.07 in chips) 
Seat 7: nesnahh ($4.34 in chips) 
Seat 9: Benzema787 ($1.24 in chips) 
nesnahh: posts small blind $0.01
Benzema787: posts big blind $0.02
*** HOLE CARDS ***
Dealt to Dorex2007 [Qc Tc]
Dorex2007: folds 
synaps01: calls $0.02
theweemon: folds 
Topeiratiko has timed out
Topeiratiko: folds 
snowpepsi: folds 
PsAikoS: folds 
nesnahh: folds 
Benzema787: checks 
*** FLOP *** [7d Td 5d]
Benzema787: checks 
synaps01: checks 
*** TURN *** [7d Td 5d] [6h]
Benzema787: checks 
synaps01: checks 
*** RIVER *** [7d Td 5d 6h] [Ac]
Benzema787: bets $0.02
synaps01: calls $0.02
*** SHOW DOWN ***
Benzema787: shows [6d 9d] (a flush, Ten high)
synaps01: mucks hand 
Benzema787 collected $0.09 from pot
*** SUMMARY ***
Total pot $0.09 | Rake $0 
Board [7d Td 5d 6h Ac]
Seat 1: Dorex2007 folded before Flop (didn't bet)
Seat 2: synaps01 mucked [Qd 3c]
Seat 3: theweemon folded before Flop (didn't bet)
Seat 4: Topeiratiko folded before Flop (didn't bet)
Seat 5: snowpepsi folded before Flop (didn't bet)
Seat 6: PsAikoS (button) folded before Flop (didn't bet)
Seat 7: nesnahh (small blind) folded before Flop
Seat 9: Benzema787 (big blind) showed [6d 9d] and won ($0.09) with a flush, Ten high



PokerStars Hand #227359141046:  Hold'em No Limit ($0.01/$0.02 USD) - 2021/06/05 16:41:08 PT [2021/06/05 19:41:08 ET]
Table 'Echo' 9-max Seat #7 is the button
Seat 1: Dorex2007 ($2.62 in chips) 
Seat 2: synaps01 ($1.80 in chips) 
Seat 3: theweemon ($1.56 in chips) 
Seat 5: snowpepsi ($3.40 in chips) 
Seat 6: PsAikoS ($1.07 in chips) 
Seat 7: nesnahh ($4.33 in chips) 
Seat 9: Benzema787 ($1.29 in chips) 
Benzema787: posts small blind $0.01
Snicklefrits902 joins the table at seat #8 
Dorex2007: posts big blind $0.02
*** HOLE CARDS ***
Dealt to Dorex2007 [7d Js]
synaps01: folds 
theweemon: calls $0.02
snowpepsi: folds 
PsAikoS: calls $0.02
nesnahh: folds 
Benzema787: calls $0.01
Dorex2007: checks 
*** FLOP *** [9d Tc 8s]
Benzema787: checks 
Dorex2007: checks 
Snicklefrits902 leaves the table
theweemon: bets $0.02
PsAikoS: calls $0.02
synaps01 leaves the table
Benzema787: calls $0.02
Dorex2007: raises $0.11 to $0.13
theweemon: folds 
PsAikoS: folds 
Renasciturrr joins the table at seat #8 
Benzema787: calls $0.11
*** TURN *** [9d Tc 8s] [8c]
Benzema787: checks 
jmcdonough23 joins the table at seat #2 
Dorex2007: bets $0.37
Benzema787: raises $0.37 to $0.74
Dorex2007: calls $0.37
*** RIVER *** [9d Tc 8s 8c] [5d]
Benzema787: bets $0.40 and is all-in
Dorex2007: calls $0.40
*** SHOW DOWN ***
Benzema787: shows [As 8h] (three of a kind, Eights)
Dorex2007: shows [7d Js] (a straight, Seven to Jack)
Dorex2007 collected $2.57 from pot
*** SUMMARY ***
Total pot $2.66 | Rake $0.09 
Board [9d Tc 8s 8c 5d]
Seat 1: Dorex2007 (big blind) showed [7d Js] and won ($2.57) with a straight, Seven to Jack
Seat 2: synaps01 folded before Flop (didn't bet)
Seat 3: theweemon folded on the Flop
Seat 5: snowpepsi folded before Flop (didn't bet)
Seat 6: PsAikoS folded on the Flop
Seat 7: nesnahh (button) folded before Flop (didn't bet)
Seat 9: Benzema787 (small blind) showed [As 8h] and lost with three of a kind, Eights



PokerStars Hand #227359161981:  Hold'em No Limit ($0.01/$0.02 USD) - 2021/06/05 16:42:10 PT [2021/06/05 19:42:10 ET]
Table 'Echo' 9-max Seat #1 is the button
Seat 1: Dorex2007 ($3.90 in chips) 
Seat 3: theweemon ($1.52 in chips) 
Seat 4: Topeiratiko ($1.98 in chips) 
Seat 5: snowpepsi ($3.40 in chips) 
Seat 6: PsAikoS ($1.03 in chips) 
Seat 7: nesnahh ($4.33 in chips) 
Seat 8: Renasciturrr ($2 in chips) 
theweemon: posts small blind $0.01
Topeiratiko: posts big blind $0.02
Renasciturrr: posts big blind $0.02
*** HOLE CARDS ***
Dealt to Dorex2007 [Kc Ac]
snowpepsi: folds 
PsAikoS: folds 
nesnahh: folds 
Renasciturrr: checks 
Benzema787 leaves the table
Dorex2007: raises $0.04 to $0.06
bueninnN joins the table at seat #9 
theweemon: calls $0.05
Topeiratiko: calls $0.04
Renasciturrr: folds 
*** FLOP *** [2h Qs Ts]
theweemon: checks 
Topeiratiko: checks 
Dorex2007: bets $0.19
theweemon: folds 
Topeiratiko: folds 
Uncalled bet ($0.19) returned to Dorex2007
Dorex2007 collected $0.19 from pot
Dorex2007: doesn't show hand 
*** SUMMARY ***
Total pot $0.20 | Rake $0.01 
Board [2h Qs Ts]
Seat 1: Dorex2007 (button) collected ($0.19)
Seat 3: theweemon (small blind) folded on the Flop
Seat 4: Topeiratiko (big blind) folded on the Flop
Seat 5: snowpepsi folded before Flop (didn't bet)
Seat 6: PsAikoS folded before Flop (didn't bet)
Seat 7: nesnahh folded before Flop (didn't bet)
Seat 8: Renasciturrr folded before Flop (didn't bet)



PokerStars Hand #227359178813:  Hold'em No Limit ($0.01/$0.02 USD) - 2021/06/05 16:43:00 PT [2021/06/05 19:43:00 ET]
Table 'Echo' 9-max Seat #3 is the button
Seat 1: Dorex2007 ($4.03 in chips) 
Seat 2: jmcdonough23 ($0.96 in chips) 
Seat 3: theweemon ($1.46 in chips) 
Seat 4: Topeiratiko ($1.92 in chips) 
Seat 5: snowpepsi ($3.40 in chips) 
Seat 6: PsAikoS ($1.03 in chips) 
Seat 7: nesnahh ($4.33 in chips) 
Seat 8: Renasciturrr ($2 in chips) 
Seat 9: bueninnN ($2 in chips) 
Topeiratiko: posts small blind $0.01
snowpepsi: posts big blind $0.02
bueninnN: posts big blind $0.02
jmcdonough23: posts big blind $0.02
*** HOLE CARDS ***
Dealt to Dorex2007 [6s 5c]
PsAikoS: folds 
nesnahh: calls $0.02
Renasciturrr: calls $0.02
bueninnN: checks 
Dorex2007: folds 
jmcdonough23: checks 
theweemon: calls $0.02
Topeiratiko: calls $0.01
snowpepsi: checks 
*** FLOP *** [Ah 9c Qs]
Topeiratiko: checks 
snowpepsi: checks 
nesnahh: checks 
Renasciturrr: checks 
bueninnN: checks 
jmcdonough23: bets $0.02
theweemon: folds 
Topeiratiko: calls $0.02
snowpepsi: folds 
nesnahh: folds 
Renasciturrr: calls $0.02
bueninnN: folds 
*** TURN *** [Ah 9c Qs] [5h]
Topeiratiko: checks 
Renasciturrr: bets $0.21
jmcdonough23: calls $0.21
Topeiratiko: calls $0.21
*** RIVER *** [Ah 9c Qs 5h] [6d]
Topeiratiko: bets $0.27
Renasciturrr: folds 
jmcdonough23: raises $0.44 to $0.71 and is all-in
Topeiratiko: calls $0.44
*** SHOW DOWN ***
jmcdonough23: shows [As 6h] (two pair, Aces and Sixes)
Topeiratiko: shows [Ad 9h] (two pair, Aces and Nines)
Topeiratiko collected $2.17 from pot
*** SUMMARY ***
Total pot $2.25 | Rake $0.08 
Board [Ah 9c Qs 5h 6d]
Seat 1: Dorex2007 folded before Flop (didn't bet)
Seat 2: jmcdonough23 showed [As 6h] and lost with two pair, Aces and Sixes
Seat 3: theweemon (button) folded on the Flop
Seat 4: Topeiratiko (small blind) showed [Ad 9h] and won ($2.17) with two pair, Aces and Nines
Seat 5: snowpepsi (big blind) folded on the Flop
Seat 6: PsAikoS folded before Flop (didn't bet)
Seat 7: nesnahh folded on the Flop
Seat 8: Renasciturrr folded on the River
Seat 9: bueninnN folded on the Flop (didn't bet)



PokerStars Hand #227359210947:  Hold'em No Limit ($0.01/$0.02 USD) - 2021/06/05 16:44:25 PT [2021/06/05 19:44:25 ET]
Table 'Echo' 9-max Seat #4 is the button
Seat 1: Dorex2007 ($4.03 in chips) 
Seat 3: theweemon ($1.44 in chips) 
Seat 4: Topeiratiko ($3.13 in chips) 
Seat 5: snowpepsi ($3.38 in chips) 
Seat 6: PsAikoS ($1.03 in chips) 
Seat 7: nesnahh ($4.31 in chips) 
Seat 8: Renasciturrr ($2 in chips) 
Seat 9: bueninnN ($1.98 in chips) 
snowpepsi: posts small blind $0.01
PsAikoS: posts big blind $0.02
*** HOLE CARDS ***
Dealt to Dorex2007 [5h 2d]
nesnahh: folds 
Renasciturrr: folds 
bueninnN: folds 
Dorex2007: folds 
jmcdonough23 leaves the table
theweemon: calls $0.02
Topeiratiko: folds 
snowpepsi: folds 
PsAikoS: checks 
*** FLOP *** [6d 2h 4c]
PsAikoS: checks 
theweemon: bets $0.02
PsAikoS: folds 
Uncalled bet ($0.02) returned to theweemon
theweemon collected $0.05 from pot
theweemon: doesn't show hand 
*** SUMMARY ***
Total pot $0.05 | Rake $0 
Board [6d 2h 4c]
Seat 1: Dorex2007 folded before Flop (didn't bet)
Seat 3: theweemon collected ($0.05)
Seat 4: Topeiratiko (button) folded before Flop (didn't bet)
Seat 5: snowpepsi (small blind) folded before Flop
Seat 6: PsAikoS (big blind) folded on the Flop
Seat 7: nesnahh folded before Flop (didn't bet)
Seat 8: Renasciturrr folded before Flop (didn't bet)
Seat 9: bueninnN folded before Flop (didn't bet)



PokerStars Hand #227359217875:  Hold'em No Limit ($0.01/$0.02 USD) - 2021/06/05 16:44:46 PT [2021/06/05 19:44:46 ET]
Table 'Echo' 9-max Seat #5 is the button
Seat 1: Dorex2007 ($4.03 in chips) 
Seat 3: theweemon ($1.47 in chips) 
Seat 4: Topeiratiko ($3.13 in chips) 
Seat 5: snowpepsi ($3.37 in chips) 
Seat 6: PsAikoS ($1.01 in chips) 
Seat 7: nesnahh ($4.31 in chips) 
Seat 8: Renasciturrr ($2 in chips) 
Seat 9: bueninnN ($1.98 in chips) 
PsAikoS: posts small blind $0.01
nesnahh: posts big blind $0.02
*** HOLE CARDS ***
Dealt to Dorex2007 [Ac 4h]
Renasciturrr: folds 
bueninnN: folds 
Dorex2007: folds 
theweemon: folds 
Topeiratiko: folds 
snowpepsi: folds 
PsAikoS: folds 
Uncalled bet ($0.01) returned to nesnahh
nesnahh collected $0.02 from pot
nesnahh: doesn't show hand 
*** SUMMARY ***
Total pot $0.02 | Rake $0 
Seat 1: Dorex2007 folded before Flop (didn't bet)
Seat 3: theweemon folded before Flop (didn't bet)
Seat 4: Topeiratiko folded before Flop (didn't bet)
Seat 5: snowpepsi (button) folded before Flop (didn't bet)
Seat 6: PsAikoS (small blind) folded before Flop
Seat 7: nesnahh (big blind) collected ($0.02)
Seat 8: Renasciturrr folded before Flop (didn't bet)
Seat 9: bueninnN folded before Flop (didn't bet)



PokerStars Hand #227359222965:  Hold'em No Limit ($0.01/$0.02 USD) - 2021/06/05 16:45:01 PT [2021/06/05 19:45:01 ET]
Table 'Echo' 9-max Seat #6 is the button
Seat 1: Dorex2007 ($4.03 in chips) 
Seat 3: theweemon ($1.47 in chips) 
Seat 4: Topeiratiko ($3.13 in chips) 
Seat 5: snowpepsi ($3.37 in chips) 
Seat 6: PsAikoS ($1 in chips) 
Seat 7: nesnahh ($4.32 in chips) 
Seat 8: Renasciturrr ($2 in chips) 
Seat 9: bueninnN ($1.98 in chips) 
nesnahh: posts small blind $0.01
Renasciturrr: posts big blind $0.02
*** HOLE CARDS ***
Dealt to Dorex2007 [Kh 4c]
bueninnN: folds 
Dorex2007: folds 
theweemon: folds 
Topeiratiko: folds 
snowpepsi: folds 
PsAikoS: folds 
nesnahh: folds 
Uncalled bet ($0.01) returned to Renasciturrr
Renasciturrr collected $0.02 from pot
Renasciturrr: doesn't show hand 
*** SUMMARY ***
Total pot $0.02 | Rake $0 
Seat 1: Dorex2007 folded before Flop (didn't bet)
Seat 3: theweemon folded before Flop (didn't bet)
Seat 4: Topeiratiko folded before Flop (didn't bet)
Seat 5: snowpepsi folded before Flop (didn't bet)
Seat 6: PsAikoS (button) folded before Flop (didn't bet)
Seat 7: nesnahh (small blind) folded before Flop
Seat 8: Renasciturrr (big blind) collected ($0.02)
Seat 9: bueninnN folded before Flop (didn't bet)



PokerStars Hand #227359226369:  Hold'em No Limit ($0.01/$0.02 USD) - 2021/06/05 16:45:11 PT [2021/06/05 19:45:11 ET]
Table 'Echo' 9-max Seat #7 is the button
Seat 1: Dorex2007 ($4.03 in chips) 
Seat 3: theweemon ($1.47 in chips) 
Seat 4: Topeiratiko ($3.13 in chips) 
Seat 5: snowpepsi ($3.37 in chips) 
Seat 6: PsAikoS ($1 in chips) 
Seat 7: nesnahh ($4.31 in chips) 
Seat 8: Renasciturrr ($2.01 in chips) 
Seat 9: bueninnN ($1.98 in chips) 
Renasciturrr: posts small blind $0.01
bueninnN: posts big blind $0.02
*** HOLE CARDS ***
Dealt to Dorex2007 [Kd Jh]
Dorex2007 has timed out
Dorex2007: folds 
theweemon: folds 
Topeiratiko: folds 
snowpepsi: folds 
PsAikoS: folds 
nesnahh: folds 
Renasciturrr: raises $0.03 to $0.05
bueninnN: folds 
Uncalled bet ($0.03) returned to Renasciturrr
Renasciturrr collected $0.04 from pot
Renasciturrr: doesn't show hand 
*** SUMMARY ***
Total pot $0.04 | Rake $0 
Seat 1: Dorex2007 folded before Flop (didn't bet)
Seat 3: theweemon folded before Flop (didn't bet)
Seat 4: Topeiratiko folded before Flop (didn't bet)
Seat 5: snowpepsi folded before Flop (didn't bet)
Seat 6: PsAikoS folded before Flop (didn't bet)
Seat 7: nesnahh (button) folded before Flop (didn't bet)
Seat 8: Renasciturrr (small blind) collected ($0.04)
Seat 9: bueninnN (big blind) folded before Flop



PokerStars Hand #227359233069:  Hold'em No Limit ($0.01/$0.02 USD) - 2021/06/05 16:45:31 PT [2021/06/05 19:45:31 ET]
Table 'Echo' 9-max Seat #8 is the button
Seat 1: Dorex2007 ($4.03 in chips) 
Seat 3: theweemon ($1.47 in chips) 
Seat 4: Topeiratiko ($3.13 in chips) 
Seat 5: snowpepsi ($3.37 in chips) 
Seat 6: PsAikoS ($1 in chips) 
Seat 7: nesnahh ($4.31 in chips) 
Seat 8: Renasciturrr ($2.03 in chips) 
Seat 9: bueninnN ($1.96 in chips) 
bueninnN: posts small blind $0.01
Dorex2007: posts big blind $0.02
*** HOLE CARDS ***
Dealt to Dorex2007 [8h 8c]
theweemon: folds 
Topeiratiko: folds 
JP00001 joins the table at seat #2 
snowpepsi: folds 
PsAikoS: folds 
nesnahh: folds 
Renasciturrr: raises $0.04 to $0.06
bueninnN: calls $0.05
Dorex2007: calls $0.04
*** FLOP *** [5h Ac 2c]
bueninnN: checks 
Dorex2007: bets $0.09
Renasciturrr: folds 
bueninnN: folds 
Uncalled bet ($0.09) returned to Dorex2007
Dorex2007 collected $0.17 from pot
Dorex2007: doesn't show hand 
*** SUMMARY ***
Total pot $0.18 | Rake $0.01 
Board [5h Ac 2c]
Seat 1: Dorex2007 (big blind) collected ($0.17)
Seat 3: theweemon folded before Flop (didn't bet)
Seat 4: Topeiratiko folded before Flop (didn't bet)
Seat 5: snowpepsi folded before Flop (didn't bet)
Seat 6: PsAikoS folded before Flop (didn't bet)
Seat 7: nesnahh folded before Flop (didn't bet)
Seat 8: Renasciturrr (button) folded on the Flop
Seat 9: bueninnN (small blind) folded on the Flop



PokerStars Hand #227359245695:  Hold'em No Limit ($0.01/$0.02 USD) - 2021/06/05 16:46:09 PT [2021/06/05 19:46:09 ET]
Table 'Echo' 9-max Seat #9 is the button
Seat 1: Dorex2007 ($4.14 in chips) 
Seat 2: JP00001 ($1.26 in chips) 
Seat 3: theweemon ($1.47 in chips) 
Seat 4: Topeiratiko ($3.13 in chips) 
Seat 5: snowpepsi ($3.37 in chips) 
Seat 6: PsAikoS ($1 in chips) 
Seat 7: nesnahh ($4.31 in chips) 
Seat 8: Renasciturrr ($2 in chips) 
Seat 9: bueninnN ($1.90 in chips) 
Dorex2007: posts small blind $0.01
JP00001: posts big blind $0.02
*** HOLE CARDS ***
Dealt to Dorex2007 [Jd Jh]
theweemon: folds 
Topeiratiko: folds 
snowpepsi: folds 
PsAikoS: folds 
nesnahh: folds 
Renasciturrr: folds 
bueninnN: calls $0.02
Dorex2007: raises $0.04 to $0.06
JP00001: calls $0.04
bueninnN: calls $0.04
*** FLOP *** [5s Kd 4h]
Dorex2007: bets $0.09
JP00001: folds 
bueninnN: calls $0.09
*** TURN *** [5s Kd 4h] [8s]
Dorex2007: checks 
bueninnN: bets $0.08
Dorex2007: folds 
Uncalled bet ($0.08) returned to bueninnN
bueninnN collected $0.35 from pot
*** SUMMARY ***
Total pot $0.36 | Rake $0.01 
Board [5s Kd 4h 8s]
Seat 1: Dorex2007 (small blind) folded on the Turn
Seat 2: JP00001 (big blind) folded on the Flop
Seat 3: theweemon folded before Flop (didn't bet)
Seat 4: Topeiratiko folded before Flop (didn't bet)
Seat 5: snowpepsi folded before Flop (didn't bet)
Seat 6: PsAikoS folded before Flop (didn't bet)
Seat 7: nesnahh folded before Flop (didn't bet)
Seat 8: Renasciturrr folded before Flop (didn't bet)
Seat 9: bueninnN (button) collected ($0.35)



PokerStars Hand #227359257768:  Hold'em No Limit ($0.01/$0.02 USD) - 2021/06/05 16:46:45 PT [2021/06/05 19:46:45 ET]
Table 'Echo' 9-max Seat #1 is the button
Seat 1: Dorex2007 ($3.99 in chips) 
Seat 2: JP00001 ($1.20 in chips) 
Seat 3: theweemon ($1.47 in chips) 
Seat 4: Topeiratiko ($3.13 in chips) 
Seat 5: snowpepsi ($3.37 in chips) 
Seat 6: PsAikoS ($1 in chips) 
Seat 7: nesnahh ($4.31 in chips) 
Seat 8: Renasciturrr ($2 in chips) 
Seat 9: bueninnN ($2.10 in chips) 
JP00001: posts small blind $0.01
theweemon: posts big blind $0.02
*** HOLE CARDS ***
Dealt to Dorex2007 [Qc 4s]
Topeiratiko: raises $0.04 to $0.06
snowpepsi: folds 
PsAikoS: folds 
nesnahh: folds 
Renasciturrr: folds 
bueninnN: folds 
Dorex2007: folds 
JP00001: folds 
theweemon: folds 
Uncalled bet ($0.04) returned to Topeiratiko
Topeiratiko collected $0.05 from pot
Topeiratiko: doesn't show hand 
*** SUMMARY ***
Total pot $0.05 | Rake $0 
Seat 1: Dorex2007 (button) folded before Flop (didn't bet)
Seat 2: JP00001 (small blind) folded before Flop
Seat 3: theweemon (big blind) folded before Flop
Seat 4: Topeiratiko collected ($0.05)
Seat 5: snowpepsi folded before Flop (didn't bet)
Seat 6: PsAikoS folded before Flop (didn't bet)
Seat 7: nesnahh folded before Flop (didn't bet)
Seat 8: Renasciturrr folded before Flop (didn't bet)
Seat 9: bueninnN folded before Flop (didn't bet)



PokerStars Hand #227359262256:  Hold'em No Limit ($0.01/$0.02 USD) - 2021/06/05 16:46:59 PT [2021/06/05 19:46:59 ET]
Table 'Echo' 9-max Seat #2 is the button
Seat 1: Dorex2007 ($3.99 in chips) 
Seat 2: JP00001 ($1.19 in chips) 
Seat 3: theweemon ($1.45 in chips) 
Seat 4: Topeiratiko ($3.16 in chips) 
Seat 5: snowpepsi ($3.37 in chips) 
Seat 6: PsAikoS ($1 in chips) 
Seat 7: nesnahh ($4.31 in chips) 
Seat 8: Renasciturrr ($2 in chips) 
Seat 9: bueninnN ($2.10 in chips) 
theweemon: posts small blind $0.01
Topeiratiko: posts big blind $0.02
*** HOLE CARDS ***
Dealt to Dorex2007 [7h Ks]
snowpepsi: folds 
PsAikoS: folds 
nesnahh: folds 
Renasciturrr: folds 
bueninnN: folds 
Dorex2007: folds 
JP00001: calls $0.02
theweemon: calls $0.01
Topeiratiko: checks 
*** FLOP *** [Jc 9d Kd]
theweemon: checks 
Topeiratiko: bets $0.02
JP00001: calls $0.02
theweemon: calls $0.02
*** TURN *** [Jc 9d Kd] [5s]
theweemon: checks 
Topeiratiko: bets $0.09
JP00001: folds 
theweemon: folds 
Uncalled bet ($0.09) returned to Topeiratiko
Topeiratiko collected $0.12 from pot
Topeiratiko: doesn't show hand 
*** SUMMARY ***
Total pot $0.12 | Rake $0 
Board [Jc 9d Kd 5s]
Seat 1: Dorex2007 folded before Flop (didn't bet)
Seat 2: JP00001 (button) folded on the Turn
Seat 3: theweemon (small blind) folded on the Turn
Seat 4: Topeiratiko (big blind) collected ($0.12)
Seat 5: snowpepsi folded before Flop (didn't bet)
Seat 6: PsAikoS folded before Flop (didn't bet)
Seat 7: nesnahh folded before Flop (didn't bet)
Seat 8: Renasciturrr folded before Flop (didn't bet)
Seat 9: bueninnN folded before Flop (didn't bet)



PokerStars Hand #227359279476:  Hold'em No Limit ($0.01/$0.02 USD) - 2021/06/05 16:47:51 PT [2021/06/05 19:47:51 ET]
Table 'Echo' 9-max Seat #3 is the button
Seat 1: Dorex2007 ($3.99 in chips) 
Seat 2: JP00001 ($1.15 in chips) 
Seat 3: theweemon ($1.41 in chips) 
Seat 4: Topeiratiko ($3.24 in chips) 
Seat 5: snowpepsi ($3.37 in chips) 
Seat 6: PsAikoS ($1 in chips) 
Seat 7: nesnahh ($4.31 in chips) 
Seat 8: Renasciturrr ($2 in chips) 
Seat 9: bueninnN ($2.10 in chips) 
Topeiratiko: posts small blind $0.01
snowpepsi: posts big blind $0.02
*** HOLE CARDS ***
Dealt to Dorex2007 [5c Jc]
PsAikoS: folds 
nesnahh: folds 
Renasciturrr: folds 
PsAikoS leaves the table
Set Out joins the table at seat #6 
bueninnN has timed out
bueninnN: folds 
Dorex2007: folds 
JP00001: folds 
theweemon: calls $0.02
Topeiratiko: folds 
snowpepsi: checks 
*** FLOP *** [5d Kc 4c]
snowpepsi: checks 
theweemon: checks 
*** TURN *** [5d Kc 4c] [4d]
snowpepsi: checks 
theweemon: checks 
*** RIVER *** [5d Kc 4c 4d] [Tc]
snowpepsi: checks 
theweemon: checks 
*** SHOW DOWN ***
snowpepsi: shows [Qs Ts] (two pair, Tens and Fours)
theweemon: mucks hand 
snowpepsi collected $0.05 from pot
*** SUMMARY ***
Total pot $0.05 | Rake $0 
Board [5d Kc 4c 4d Tc]
Seat 1: Dorex2007 folded before Flop (didn't bet)
Seat 2: JP00001 folded before Flop (didn't bet)
Seat 3: theweemon (button) mucked [9d 6c]
Seat 4: Topeiratiko (small blind) folded before Flop
Seat 5: snowpepsi (big blind) showed [Qs Ts] and won ($0.05) with two pair, Tens and Fours
Seat 6: PsAikoS folded before Flop (didn't bet)
Seat 7: nesnahh folded before Flop (didn't bet)
Seat 8: Renasciturrr folded before Flop (didn't bet)
Seat 9: bueninnN folded before Flop (didn't bet)



PokerStars Hand #227359293955:  Hold'em No Limit ($0.01/$0.02 USD) - 2021/06/05 16:48:36 PT [2021/06/05 19:48:36 ET]
Table 'Echo' 9-max Seat #4 is the button
Seat 1: Dorex2007 ($3.99 in chips) 
Seat 2: JP00001 ($1.15 in chips) 
Seat 3: theweemon ($1.39 in chips) 
Seat 4: Topeiratiko ($3.23 in chips) 
Seat 5: snowpepsi ($3.40 in chips) 
Seat 6: Set Out ($2 in chips) 
Seat 7: nesnahh ($4.31 in chips) 
Seat 8: Renasciturrr ($2 in chips) 
Seat 9: bueninnN ($2.10 in chips) 
snowpepsi: posts small blind $0.01
Set Out: posts big blind $0.02
*** HOLE CARDS ***
Dealt to Dorex2007 [4c 8s]
nesnahh: folds 
Renasciturrr: folds 
bueninnN: folds 
Dorex2007: folds 
JP00001: folds 
theweemon: raises $0.02 to $0.04
Topeiratiko: folds 
snowpepsi: folds 
Set Out: folds 
Uncalled bet ($0.02) returned to theweemon
theweemon collected $0.05 from pot
theweemon: doesn't show hand 
*** SUMMARY ***
Total pot $0.05 | Rake $0 
Seat 1: Dorex2007 folded before Flop (didn't bet)
Seat 2: JP00001 folded before Flop (didn't bet)
Seat 3: theweemon collected ($0.05)
Seat 4: Topeiratiko (button) folded before Flop (didn't bet)
Seat 5: snowpepsi (small blind) folded before Flop
Seat 6: Set Out (big blind) folded before Flop
Seat 7: nesnahh folded before Flop (didn't bet)
Seat 8: Renasciturrr folded before Flop (didn't bet)
Seat 9: bueninnN folded before Flop (didn't bet)



PokerStars Hand #227359303156:  Hold'em No Limit ($0.01/$0.02 USD) - 2021/06/05 16:49:05 PT [2021/06/05 19:49:05 ET]
Table 'Echo' 9-max Seat #5 is the button
Seat 1: Dorex2007 ($3.99 in chips) 
Seat 2: JP00001 ($1.15 in chips) 
Seat 3: theweemon ($1.42 in chips) 
Seat 4: Topeiratiko ($3.23 in chips) 
Seat 5: snowpepsi ($3.39 in chips) 
Seat 6: Set Out ($2 in chips) 
Seat 7: nesnahh ($4.31 in chips) 
Seat 8: Renasciturrr ($2 in chips) 
Seat 9: bueninnN ($2.10 in chips) 
Set Out: posts small blind $0.01
nesnahh: posts big blind $0.02
*** HOLE CARDS ***
Dealt to Dorex2007 [Th 8c]
Renasciturrr: raises $0.02 to $0.04
bueninnN: folds 
Dorex2007: folds 
JP00001: calls $0.04
theweemon: folds 
Topeiratiko: folds 
snowpepsi: folds 
Set Out: folds 
nesnahh: calls $0.02
*** FLOP *** [9d 7s 3s]
nesnahh: checks 
Renasciturrr: checks 
JP00001: checks 
*** TURN *** [9d 7s 3s] [2h]
nesnahh: bets $0.13
Renasciturrr: folds 
JP00001: folds 
Uncalled bet ($0.13) returned to nesnahh
nesnahh collected $0.13 from pot
nesnahh: doesn't show hand 
*** SUMMARY ***
Total pot $0.13 | Rake $0 
Board [9d 7s 3s 2h]
Seat 1: Dorex2007 folded before Flop (didn't bet)
Seat 2: JP00001 folded on the Turn
Seat 3: theweemon folded before Flop (didn't bet)
Seat 4: Topeiratiko folded before Flop (didn't bet)
Seat 5: snowpepsi (button) folded before Flop (didn't bet)
Seat 6: Set Out (small blind) folded before Flop
Seat 7: nesnahh (big blind) collected ($0.13)
Seat 8: Renasciturrr folded on the Turn
Seat 9: bueninnN folded before Flop (didn't bet)



PokerStars Hand #227359314819:  Hold'em No Limit ($0.01/$0.02 USD) - 2021/06/05 16:49:41 PT [2021/06/05 19:49:41 ET]
Table 'Echo' 9-max Seat #6 is the button
Seat 1: Dorex2007 ($3.99 in chips) 
Seat 2: JP00001 ($1.11 in chips) 
Seat 3: theweemon ($1.42 in chips) 
Seat 4: Topeiratiko ($3.23 in chips) 
Seat 5: snowpepsi ($3.39 in chips) 
Seat 6: Set Out ($2 in chips) 
Seat 7: nesnahh ($4.40 in chips) 
Seat 8: Renasciturrr ($2 in chips) 
Seat 9: bueninnN ($2.10 in chips) 
nesnahh: posts small blind $0.01
Renasciturrr: posts big blind $0.02
*** HOLE CARDS ***
Dealt to Dorex2007 [Jc 4h]
bueninnN: folds 
Dorex2007: folds 
JP00001: calls $0.02
theweemon: calls $0.02
Topeiratiko: folds 
snowpepsi: folds 
Set Out: folds 
nesnahh: folds 
Renasciturrr: checks 
*** FLOP *** [7d 6h 2d]
Renasciturrr: checks 
JP00001: checks 
theweemon: checks 
*** TURN *** [7d 6h 2d] [2c]
Renasciturrr: bets $0.07
JP00001: folds 
theweemon: folds 
Uncalled bet ($0.07) returned to Renasciturrr
Renasciturrr collected $0.07 from pot
Renasciturrr: doesn't show hand 
*** SUMMARY ***
Total pot $0.07 | Rake $0 
Board [7d 6h 2d 2c]
Seat 1: Dorex2007 folded before Flop (didn't bet)
Seat 2: JP00001 folded on the Turn
Seat 3: theweemon folded on the Turn
Seat 4: Topeiratiko folded before Flop (didn't bet)
Seat 5: snowpepsi folded before Flop (didn't bet)
Seat 6: Set Out (button) folded before Flop (didn't bet)
Seat 7: nesnahh (small blind) folded before Flop
Seat 8: Renasciturrr (big blind) collected ($0.07)
Seat 9: bueninnN folded before Flop (didn't bet)



PokerStars Hand #227359325386:  Hold'em No Limit ($0.01/$0.02 USD) - 2021/06/05 16:50:13 PT [2021/06/05 19:50:13 ET]
Table 'Echo' 9-max Seat #7 is the button
Seat 1: Dorex2007 ($3.99 in chips) 
Seat 2: JP00001 ($1.09 in chips) 
Seat 3: theweemon ($1.40 in chips) 
Seat 4: Topeiratiko ($3.23 in chips) 
Seat 5: snowpepsi ($3.39 in chips) 
Seat 6: Set Out ($2 in chips) 
Seat 7: nesnahh ($4.39 in chips) 
Seat 8: Renasciturrr ($2.05 in chips) 
Seat 9: bueninnN ($2.10 in chips) 
Renasciturrr: posts small blind $0.01
bueninnN: posts big blind $0.02
*** HOLE CARDS ***
Dealt to Dorex2007 [Td 2s]
Dorex2007: folds 
JP00001: calls $0.02
theweemon: folds 
Topeiratiko: folds 
snowpepsi: folds 
Set Out: folds 
nesnahh: folds 
Renasciturrr: folds 
bueninnN: checks 
*** FLOP *** [Ad 4c Kd]
bueninnN: checks 
JP00001: checks 
*** TURN *** [Ad 4c Kd] [As]
bueninnN: checks 
JP00001: checks 
*** RIVER *** [Ad 4c Kd As] [9h]
bueninnN: checks 
JP00001: checks 
*** SHOW DOWN ***
bueninnN: shows [9d 5s] (two pair, Aces and Nines)
JP00001: mucks hand 
bueninnN collected $0.05 from pot
*** SUMMARY ***
Total pot $0.05 | Rake $0 
Board [Ad 4c Kd As 9h]
Seat 1: Dorex2007 folded before Flop (didn't bet)
Seat 2: JP00001 mucked [4h Qh]
Seat 3: theweemon folded before Flop (didn't bet)
Seat 4: Topeiratiko folded before Flop (didn't bet)
Seat 5: snowpepsi folded before Flop (didn't bet)
Seat 6: Set Out folded before Flop (didn't bet)
Seat 7: nesnahh (button) folded before Flop (didn't bet)
Seat 8: Renasciturrr (small blind) folded before Flop
Seat 9: bueninnN (big blind) showed [9d 5s] and won ($0.05) with two pair, Aces and Nines



PokerStars Hand #227359340445:  Hold'em No Limit ($0.01/$0.02 USD) - 2021/06/05 16:51:00 PT [2021/06/05 19:51:00 ET]
Table 'Echo' 9-max Seat #8 is the button
Seat 1: Dorex2007 ($3.99 in chips) 
Seat 2: JP00001 ($1.07 in chips) 
Seat 3: theweemon ($1.40 in chips) 
Seat 4: Topeiratiko ($3.23 in chips) 
Seat 5: snowpepsi ($3.39 in chips) 
Seat 6: Set Out ($2 in chips) 
Seat 7: nesnahh ($4.39 in chips) 
Seat 8: Renasciturrr ($2.04 in chips) 
Seat 9: bueninnN ($2.13 in chips) 
bueninnN: posts small blind $0.01
Dorex2007: posts big blind $0.02
*** HOLE CARDS ***
Dealt to Dorex2007 [3s 3d]
JP00001: folds 
theweemon: folds 
Topeiratiko: folds 
snowpepsi: raises $0.04 to $0.06
Set Out: folds 
nesnahh: raises $0.12 to $0.18
Renasciturrr: folds 
bueninnN: folds 
Dorex2007: folds 
snowpepsi: folds 
Uncalled bet ($0.12) returned to nesnahh
nesnahh collected $0.15 from pot
nesnahh: doesn't show hand 
*** SUMMARY ***
Total pot $0.15 | Rake $0 
Seat 1: Dorex2007 (big blind) folded before Flop
Seat 2: JP00001 folded before Flop (didn't bet)
Seat 3: theweemon folded before Flop (didn't bet)
Seat 4: Topeiratiko folded before Flop (didn't bet)
Seat 5: snowpepsi folded before Flop
Seat 6: Set Out folded before Flop (didn't bet)
Seat 7: nesnahh collected ($0.15)
Seat 8: Renasciturrr (button) folded before Flop (didn't bet)
Seat 9: bueninnN (small blind) folded before Flop



PokerStars Hand #227359350707:  Hold'em No Limit ($0.01/$0.02 USD) - 2021/06/05 16:51:31 PT [2021/06/05 19:51:31 ET]
Table 'Echo' 9-max Seat #9 is the button
Seat 1: Dorex2007 ($3.97 in chips) 
Seat 2: JP00001 ($1.07 in chips) 
Seat 3: theweemon ($1.40 in chips) 
Seat 4: Topeiratiko ($3.23 in chips) 
Seat 5: snowpepsi ($3.33 in chips) 
Seat 6: Set Out ($2 in chips) 
Seat 7: nesnahh ($4.48 in chips) 
Seat 8: Renasciturrr ($2.04 in chips) 
Seat 9: bueninnN ($2.12 in chips) 
Dorex2007: posts small blind $0.01
JP00001: posts big blind $0.02
*** HOLE CARDS ***
Dealt to Dorex2007 [Js 6c]
theweemon: calls $0.02
Topeiratiko: folds 
snowpepsi: folds 
Set Out: folds 
nesnahh: folds 
Renasciturrr: raises $0.12 to $0.14
bueninnN: folds 
Dorex2007: folds 
JP00001: calls $0.12
theweemon: calls $0.12
*** FLOP *** [Jh 5c Tc]
JP00001: checks 
theweemon: checks 
Renasciturrr: bets $0.40
JP00001: folds 
theweemon: folds 
Uncalled bet ($0.40) returned to Renasciturrr
Renasciturrr collected $0.41 from pot
Renasciturrr: doesn't show hand 
*** SUMMARY ***
Total pot $0.43 | Rake $0.02 
Board [Jh 5c Tc]
Seat 1: Dorex2007 (small blind) folded before Flop
Seat 2: JP00001 (big blind) folded on the Flop
Seat 3: theweemon folded on the Flop
Seat 4: Topeiratiko folded before Flop (didn't bet)
Seat 5: snowpepsi folded before Flop (didn't bet)
Seat 6: Set Out folded before Flop (didn't bet)
Seat 7: nesnahh folded before Flop (didn't bet)
Seat 8: Renasciturrr collected ($0.41)
Seat 9: bueninnN (button) folded before Flop (didn't bet)



PokerStars Hand #227359364361:  Hold'em No Limit ($0.01/$0.02 USD) - 2021/06/05 16:52:14 PT [2021/06/05 19:52:14 ET]
Table 'Echo' 9-max Seat #1 is the button
Seat 1: Dorex2007 ($3.96 in chips) 
Seat 2: JP00001 ($0.93 in chips) 
Seat 3: theweemon ($1.26 in chips) 
Seat 4: Topeiratiko ($3.23 in chips) 
Seat 5: snowpepsi ($3.33 in chips) 
Seat 6: Set Out ($2 in chips) 
Seat 7: nesnahh ($4.48 in chips) 
Seat 8: Renasciturrr ($2.31 in chips) 
Seat 9: bueninnN ($2.12 in chips) 
JP00001: posts small blind $0.01
theweemon: posts big blind $0.02
*** HOLE CARDS ***
Dealt to Dorex2007 [Qs 8h]
Topeiratiko: folds 
snowpepsi: folds 
Set Out: folds 
nesnahh: folds 
Renasciturrr: folds 
bueninnN: folds 
Dorex2007: folds 
JP00001: raises $0.06 to $0.08
theweemon: folds 
Uncalled bet ($0.06) returned to JP00001
JP00001 collected $0.04 from pot
*** SUMMARY ***
Total pot $0.04 | Rake $0 
Seat 1: Dorex2007 (button) folded before Flop (didn't bet)
Seat 2: JP00001 (small blind) collected ($0.04)
Seat 3: theweemon (big blind) folded before Flop
Seat 4: Topeiratiko folded before Flop (didn't bet)
Seat 5: snowpepsi folded before Flop (didn't bet)
Seat 6: Set Out folded before Flop (didn't bet)
Seat 7: nesnahh folded before Flop (didn't bet)
Seat 8: Renasciturrr folded before Flop (didn't bet)
Seat 9: bueninnN folded before Flop (didn't bet)



PokerStars Hand #227359370084:  Hold'em No Limit ($0.01/$0.02 USD) - 2021/06/05 16:52:32 PT [2021/06/05 19:52:32 ET]
Table 'Echo' 9-max Seat #2 is the button
Seat 1: Dorex2007 ($3.96 in chips) 
Seat 2: JP00001 ($0.95 in chips) 
Seat 3: theweemon ($1.24 in chips) 
Seat 4: Topeiratiko ($3.23 in chips) 
Seat 5: snowpepsi ($3.33 in chips) 
Seat 6: Set Out ($2 in chips) 
Seat 7: nesnahh ($4.48 in chips) 
Seat 8: Renasciturrr ($2.31 in chips) 
Seat 9: bueninnN ($2.12 in chips) 
theweemon: posts small blind $0.01
Topeiratiko: posts big blind $0.02
*** HOLE CARDS ***
Dealt to Dorex2007 [Jh 3c]
snowpepsi: raises $0.06 to $0.08
Set Out: folds 
nesnahh: folds 
Renasciturrr: folds 
bueninnN: folds 
Dorex2007: folds 
JP00001: calls $0.08
theweemon: calls $0.07
Topeiratiko: folds 
*** FLOP *** [7c 5h 4s]
theweemon: checks 
snowpepsi: bets $0.14
JP00001: folds 
theweemon: folds 
Uncalled bet ($0.14) returned to snowpepsi
snowpepsi collected $0.25 from pot
snowpepsi: doesn't show hand 
*** SUMMARY ***
Total pot $0.26 | Rake $0.01 
Board [7c 5h 4s]
Seat 1: Dorex2007 folded before Flop (didn't bet)
Seat 2: JP00001 (button) folded on the Flop
Seat 3: theweemon (small blind) folded on the Flop
Seat 4: Topeiratiko (big blind) folded before Flop
Seat 5: snowpepsi collected ($0.25)
Seat 6: Set Out folded before Flop (didn't bet)
Seat 7: nesnahh folded before Flop (didn't bet)
Seat 8: Renasciturrr folded before Flop (didn't bet)
Seat 9: bueninnN folded before Flop (didn't bet)



PokerStars Hand #227359379866:  Hold'em No Limit ($0.01/$0.02 USD) - 2021/06/05 16:53:02 PT [2021/06/05 19:53:02 ET]
Table 'Echo' 9-max Seat #3 is the button
Seat 1: Dorex2007 ($3.96 in chips) 
Seat 2: JP00001 ($0.87 in chips) 
Seat 3: theweemon ($1.16 in chips) 
Seat 4: Topeiratiko ($3.21 in chips) 
Seat 5: snowpepsi ($3.50 in chips) 
Seat 6: Set Out ($2 in chips) 
Seat 7: nesnahh ($4.48 in chips) 
Seat 8: Renasciturrr ($2.31 in chips) 
Seat 9: bueninnN ($2.12 in chips) 
Topeiratiko: posts small blind $0.01
snowpepsi: posts big blind $0.02
*** HOLE CARDS ***
Dealt to Dorex2007 [5d 8d]
Set Out: folds 
nesnahh: folds 
Renasciturrr: folds 
bueninnN: raises $0.04 to $0.06
Dorex2007: folds 
JP00001: folds 
theweemon: folds 
theweemon leaves the table
Topeiratiko: folds 
snowpepsi: folds 
Uncalled bet ($0.04) returned to bueninnN
bueninnN collected $0.05 from pot
*** SUMMARY ***
Total pot $0.05 | Rake $0 
Seat 1: Dorex2007 folded before Flop (didn't bet)
Seat 2: JP00001 folded before Flop (didn't bet)
Seat 3: theweemon (button) folded before Flop (didn't bet)
Seat 4: Topeiratiko (small blind) folded before Flop
Seat 5: snowpepsi (big blind) folded before Flop
Seat 6: Set Out folded before Flop (didn't bet)
Seat 7: nesnahh folded before Flop (didn't bet)
Seat 8: Renasciturrr folded before Flop (didn't bet)
Seat 9: bueninnN collected ($0.05)



PokerStars Hand #227359388405:  Hold'em No Limit ($0.01/$0.02 USD) - 2021/06/05 16:53:28 PT [2021/06/05 19:53:28 ET]
Table 'Echo' 9-max Seat #4 is the button
Seat 1: Dorex2007 ($3.96 in chips) 
Seat 2: JP00001 ($0.87 in chips) 
Seat 4: Topeiratiko ($3.20 in chips) 
Seat 5: snowpepsi ($3.48 in chips) 
Seat 7: nesnahh ($4.48 in chips) 
Seat 8: Renasciturrr ($2.31 in chips) 
Seat 9: bueninnN ($2.15 in chips) 
snowpepsi: posts small blind $0.01
Set Out: is sitting out 
nesnahh: posts big blind $0.02
*** HOLE CARDS ***
Dealt to Dorex2007 [Js 8h]
Set Out leaves the table
Renasciturrr: folds 
bueninnN: folds 
Dorex2007: folds 
JP00001: calls $0.02
Topeiratiko: folds 
snowpepsi: folds 
nesnahh: checks 
*** FLOP *** [5d 8d 7c]
Renasciturrr leaves the table
nesnahh: checks 
JP00001: checks 
*** TURN *** [5d 8d 7c] [5h]
nesnahh: bets $0.03
JP00001: folds 
Uncalled bet ($0.03) returned to nesnahh
nesnahh collected $0.05 from pot
nesnahh: doesn't show hand 
*** SUMMARY ***
Total pot $0.05 | Rake $0 
Board [5d 8d 7c 5h]
Seat 1: Dorex2007 folded before Flop (didn't bet)
Seat 2: JP00001 folded on the Turn
Seat 4: Topeiratiko (button) folded before Flop (didn't bet)
Seat 5: snowpepsi (small blind) folded before Flop
Seat 7: nesnahh (big blind) collected ($0.05)
Seat 8: Renasciturrr folded before Flop (didn't bet)
Seat 9: bueninnN folded before Flop (didn't bet)



PokerStars Hand #227359395464:  Hold'em No Limit ($0.01/$0.02 USD) - 2021/06/05 16:53:51 PT [2021/06/05 19:53:51 ET]
Table 'Echo' 9-max Seat #5 is the button
Seat 1: Dorex2007 ($3.96 in chips) 
Seat 2: JP00001 ($0.85 in chips) 
Seat 4: Topeiratiko ($3.20 in chips) 
Seat 5: snowpepsi ($3.47 in chips) 
Seat 7: nesnahh ($4.51 in chips) 
nesnahh: posts small blind $0.01
bueninnN: is sitting out 
Dorex2007: posts big blind $0.02
*** HOLE CARDS ***
Dealt to Dorex2007 [Ah 7d]
JP00001: calls $0.02
Topeiratiko: folds 
Renasciturrr joins the table at seat #3 
snowpepsi: folds 
nesnahh: calls $0.01
Renasciturrr leaves the table
Dorex2007: checks 
*** FLOP *** [5s Ad 4d]
nesnahh: checks 
Dorex2007: bets $0.06
JP00001: folds 
nesnahh: folds 
Uncalled bet ($0.06) returned to Dorex2007
Dorex2007 collected $0.06 from pot
Dorex2007: doesn't show hand 
*** SUMMARY ***
Total pot $0.06 | Rake $0 
Board [5s Ad 4d]
Seat 1: Dorex2007 (big blind) collected ($0.06)
Seat 2: JP00001 folded on the Flop
Seat 4: Topeiratiko folded before Flop (didn't bet)
Seat 5: snowpepsi (button) folded before Flop (didn't bet)
Seat 7: nesnahh (small blind) folded on the Flop



PokerStars Hand #227359402173:  Hold'em No Limit ($0.01/$0.02 USD) - 2021/06/05 16:54:12 PT [2021/06/05 19:54:12 ET]
Table 'Echo' 9-max Seat #7 is the button
Seat 1: Dorex2007 ($4 in chips) 
Seat 2: JP00001 ($0.83 in chips) 
Seat 4: Topeiratiko ($3.20 in chips) 
Seat 5: snowpepsi ($3.47 in chips) 
Seat 7: nesnahh ($4.49 in chips) 
Dorex2007: posts small blind $0.01
JP00001: posts big blind $0.02
*** HOLE CARDS ***
Dealt to Dorex2007 [Jc Jh]
bueninnN leaves the table
Topeiratiko: raises $0.04 to $0.06
snowpepsi: folds 
nesnahh: calls $0.06
Dorex2007: calls $0.05
JP00001: folds 
*** FLOP *** [8s 2h 2d]
Dorex2007: bets $0.19
Topeiratiko: calls $0.19
nesnahh: folds 
*** TURN *** [8s 2h 2d] [Kh]
Dorex2007: checks 
Topeiratiko: checks 
*** RIVER *** [8s 2h 2d Kh] [Ks]
Dorex2007: bets $0.28
Topeiratiko: folds 
Uncalled bet ($0.28) returned to Dorex2007
Dorex2007 collected $0.56 from pot
Dorex2007: doesn't show hand 
*** SUMMARY ***
Total pot $0.58 | Rake $0.02 
Board [8s 2h 2d Kh Ks]
Seat 1: Dorex2007 (small blind) collected ($0.56)
Seat 2: JP00001 (big blind) folded before Flop
Seat 4: Topeiratiko folded on the River
Seat 5: snowpepsi folded before Flop (didn't bet)
Seat 7: nesnahh (button) folded on the Flop



PokerStars Hand #227359424921:  Hold'em No Limit ($0.01/$0.02 USD) - 2021/06/05 16:55:12 PT [2021/06/05 19:55:12 ET]
Table 'Echo' 9-max Seat #1 is the button
Seat 1: Dorex2007 ($4.31 in chips) 
Seat 2: JP00001 ($0.81 in chips) 
Seat 4: Topeiratiko ($2.95 in chips) 
Seat 5: snowpepsi ($3.47 in chips) 
Seat 7: nesnahh ($4.43 in chips) 
JP00001: posts small blind $0.01
Topeiratiko: posts big blind $0.02
*** HOLE CARDS ***
Dealt to Dorex2007 [Kh 6h]
snowpepsi: folds 
nesnahh: raises $0.04 to $0.06
Dorex2007: folds 
JP00001: calls $0.05
Topeiratiko: folds 
*** FLOP *** [Td Qs 2h]
snowpepsi leaves the table
JP00001: checks 
nesnahh: bets $0.07
JP00001: calls $0.07
*** TURN *** [Td Qs 2h] [3h]
JP00001: checks 
nesnahh: checks 
*** RIVER *** [Td Qs 2h 3h] [2d]
JP00001: checks 
nesnahh: checks 
*** SHOW DOWN ***
JP00001: shows [8c 8h] (two pair, Eights and Deuces)
nesnahh: mucks hand 
Topeiratiko leaves the table
JP00001 collected $0.27 from pot
*** SUMMARY ***
Total pot $0.28 | Rake $0.01 
Board [Td Qs 2h 3h 2d]
Seat 1: Dorex2007 (button) folded before Flop (didn't bet)
Seat 2: JP00001 (small blind) showed [8c 8h] and won ($0.27) with two pair, Eights and Deuces
Seat 4: Topeiratiko (big blind) folded before Flop
Seat 5: snowpepsi folded before Flop (didn't bet)
Seat 7: nesnahh mucked [9s Ah]



PokerStars Hand #227359431865:  Hold'em No Limit ($0.01/$0.02 USD) - 2021/06/05 16:55:38 PT [2021/06/05 19:55:38 ET]
Table 'Echo' 9-max Seat #2 is the button
Seat 1: Dorex2007 ($4.31 in chips) 
Seat 2: JP00001 ($0.95 in chips) 
Seat 7: nesnahh ($4.30 in chips) 
nesnahh: posts small blind $0.01
Dorex2007: posts big blind $0.02
*** HOLE CARDS ***
Dealt to Dorex2007 [4d 8h]
JP00001: folds 
nesnahh: calls $0.01
Dorex2007: checks 
*** FLOP *** [8d 2s Ad]
nesnahh: checks 
Dorex2007: bets $0.03
nesnahh: folds 
Uncalled bet ($0.03) returned to Dorex2007
Dorex2007 collected $0.04 from pot
Dorex2007: doesn't show hand 
*** SUMMARY ***
Total pot $0.04 | Rake $0 
Board [8d 2s Ad]
Seat 1: Dorex2007 (big blind) collected ($0.04)
Seat 2: JP00001 (button) folded before Flop (didn't bet)
Seat 7: nesnahh (small blind) folded on the Flop



