PokerStars Hand #225217481707:  Hold'em No Limit ($0.01/$0.02 USD) - 2021/03/26 16:59:44 PT [2021/03/26 19:59:44 ET]
Table 'Hohensteina IV' 9-max Seat #6 is the button
Seat 1: sausagepanties ($2.29 in chips) 
Seat 2: maxito40 ($2.01 in chips) 
Seat 3: Deadpool_1225 ($2.64 in chips) 
Seat 4: AlexVV40 ($1.45 in chips) 
Seat 6: droctagon101 ($3.01 in chips) 
Seat 7: cosmo2608 ($1.76 in chips) 
Seat 8: Dorex2007 ($1.50 in chips) 
Seat 9: Jezebota ($1.10 in chips) 
cosmo2608: posts small blind $0.01
Dorex2007: posts big blind $0.02
*** HOLE CARDS ***
Dealt to Dorex2007 [2c Kd]
Jezebota has timed out
Jezebota: folds 
sausagepanties: folds 
maxito40: folds 
Deadpool_1225: calls $0.02
AlexVV40: folds 
droctagon101: folds 
cosmo2608: folds 
Dorex2007: checks 
*** FLOP *** [Qh Kc 8c]
Dorex2007: checks 
Deadpool_1225: checks 
*** TURN *** [Qh Kc 8c] [7h]
Dorex2007: bets $0.03
Deadpool_1225: calls $0.03
*** RIVER *** [Qh Kc 8c 7h] [Js]
Dorex2007: checks 
Deadpool_1225: bets $0.11
Dorex2007: folds 
Uncalled bet ($0.11) returned to Deadpool_1225
Deadpool_1225 collected $0.11 from pot
Deadpool_1225: doesn't show hand 
*** SUMMARY ***
Total pot $0.11 | Rake $0 
Board [Qh Kc 8c 7h Js]
Seat 1: sausagepanties folded before Flop (didn't bet)
Seat 2: maxito40 folded before Flop (didn't bet)
Seat 3: Deadpool_1225 collected ($0.11)
Seat 4: AlexVV40 folded before Flop (didn't bet)
Seat 6: droctagon101 (button) folded before Flop (didn't bet)
Seat 7: cosmo2608 (small blind) folded before Flop
Seat 8: Dorex2007 (big blind) folded on the River
Seat 9: Jezebota folded before Flop (didn't bet)



PokerStars Hand #225217498597:  Hold'em No Limit ($0.01/$0.02 USD) - 2021/03/26 17:00:25 PT [2021/03/26 20:00:25 ET]
Table 'Hohensteina IV' 9-max Seat #7 is the button
Seat 1: sausagepanties ($2.29 in chips) 
Seat 2: maxito40 ($2.01 in chips) 
Seat 3: Deadpool_1225 ($2.70 in chips) 
Seat 4: AlexVV40 ($1.45 in chips) 
Seat 6: droctagon101 ($3.01 in chips) 
Seat 7: cosmo2608 ($1.75 in chips) 
Seat 8: Dorex2007 ($1.45 in chips) 
Seat 9: Jezebota ($1.10 in chips) 
Dorex2007: posts small blind $0.01
Jezebota: posts big blind $0.02
*** HOLE CARDS ***
Dealt to Dorex2007 [Js Ah]
sausagepanties: folds 
maxito40: folds 
Deadpool_1225: calls $0.02
AlexVV40: folds 
droctagon101: folds 
cosmo2608: folds 
Dorex2007: calls $0.01
Jezebota: checks 
*** FLOP *** [3c Ts Jh]
Dorex2007: bets $0.06
Jezebota: calls $0.06
Deadpool_1225: calls $0.06
*** TURN *** [3c Ts Jh] [2c]
Dorex2007: bets $0.23
Jezebota: calls $0.23
Deadpool_1225: calls $0.23
*** RIVER *** [3c Ts Jh 2c] [6d]
Dorex2007: checks 
Jezebota: bets $0.68
Deadpool_1225: folds 
Dorex2007: calls $0.68
*** SHOW DOWN ***
Jezebota: shows [Kd Jc] (a pair of Jacks)
Dorex2007: shows [Js Ah] (a pair of Jacks - Ace kicker)
Dorex2007 collected $2.21 from pot
*** SUMMARY ***
Total pot $2.29 | Rake $0.08 
Board [3c Ts Jh 2c 6d]
Seat 1: sausagepanties folded before Flop (didn't bet)
Seat 2: maxito40 folded before Flop (didn't bet)
Seat 3: Deadpool_1225 folded on the River
Seat 4: AlexVV40 folded before Flop (didn't bet)
Seat 6: droctagon101 folded before Flop (didn't bet)
Seat 7: cosmo2608 (button) folded before Flop (didn't bet)
Seat 8: Dorex2007 (small blind) showed [Js Ah] and won ($2.21) with a pair of Jacks
Seat 9: Jezebota (big blind) showed [Kd Jc] and lost with a pair of Jacks



PokerStars Hand #225217533407:  Hold'em No Limit ($0.01/$0.02 USD) - 2021/03/26 17:01:41 PT [2021/03/26 20:01:41 ET]
Table 'Hohensteina IV' 9-max Seat #8 is the button
Seat 1: sausagepanties ($2.29 in chips) 
Seat 2: maxito40 ($2.01 in chips) 
Seat 3: Deadpool_1225 ($2.39 in chips) 
Seat 4: AlexVV40 ($1.45 in chips) 
Seat 6: droctagon101 ($3.01 in chips) 
Seat 7: cosmo2608 ($1.75 in chips) 
Seat 8: Dorex2007 ($2.67 in chips) 
Seat 9: Jezebota ($0.11 in chips) 
Jezebota: posts small blind $0.01
sausagepanties: posts big blind $0.02
*** HOLE CARDS ***
Dealt to Dorex2007 [Qd 8c]
maxito40: calls $0.02
Deadpool_1225: calls $0.02
AlexVV40: folds 
droctagon101: folds 
cosmo2608: folds 
Dorex2007: folds 
Jezebota: folds 
sausagepanties: checks 
*** FLOP *** [As 9s Qc]
sausagepanties: checks 
maxito40: bets $0.04
Deadpool_1225: calls $0.04
sausagepanties: folds 
*** TURN *** [As 9s Qc] [5c]
maxito40: bets $0.12
Deadpool_1225: calls $0.12
*** RIVER *** [As 9s Qc 5c] [Ah]
maxito40: bets $0.28
Deadpool_1225: folds 
Uncalled bet ($0.28) returned to maxito40
maxito40 collected $0.38 from pot
*** SUMMARY ***
Total pot $0.39 | Rake $0.01 
Board [As 9s Qc 5c Ah]
Seat 1: sausagepanties (big blind) folded on the Flop
Seat 2: maxito40 collected ($0.38)
Seat 3: Deadpool_1225 folded on the River
Seat 4: AlexVV40 folded before Flop (didn't bet)
Seat 6: droctagon101 folded before Flop (didn't bet)
Seat 7: cosmo2608 folded before Flop (didn't bet)
Seat 8: Dorex2007 (button) folded before Flop (didn't bet)
Seat 9: Jezebota (small blind) folded before Flop



PokerStars Hand #225217579098:  Hold'em No Limit ($0.01/$0.02 USD) - 2021/03/26 17:02:58 PT [2021/03/26 20:02:58 ET]
Table 'Hohensteina IV' 9-max Seat #9 is the button
Seat 1: sausagepanties ($2.27 in chips) 
Seat 2: maxito40 ($2.21 in chips) 
Seat 3: Deadpool_1225 ($2.21 in chips) 
Seat 4: AlexVV40 ($1.45 in chips) 
Seat 5: marlena6787 ($1.98 in chips) 
Seat 6: droctagon101 ($3.01 in chips) 
Seat 7: cosmo2608 ($1.75 in chips) 
Seat 8: Dorex2007 ($2.67 in chips) 
Seat 9: Jezebota ($0.10 in chips) 
sausagepanties: posts small blind $0.01
maxito40: posts big blind $0.02
*** HOLE CARDS ***
Dealt to Dorex2007 [Ah Kd]
Deadpool_1225: folds 
AlexVV40: raises $0.04 to $0.06
Deadpool_1225 leaves the table
marlena6787: folds 
droctagon101: calls $0.06
cosmo2608: folds 
Toppi888 joins the table at seat #3 
Dorex2007: raises $0.10 to $0.16
Jezebota: calls $0.10 and is all-in
sausagepanties: folds 
maxito40: folds 
AlexVV40: folds 
droctagon101: calls $0.10
*** FLOP *** [7c Kh 6h]
droctagon101: checks 
Dorex2007: bets $0.49
cosmo2608 leaves the table
droctagon101: folds 
Uncalled bet ($0.49) returned to Dorex2007
*** TURN *** [7c Kh 6h] [Ac]
*** RIVER *** [7c Kh 6h Ac] [7s]
*** SHOW DOWN ***
Dorex2007: shows [Ah Kd] (two pair, Aces and Kings)
Dorex2007 collected $0.11 from side pot
Jezebota: shows [5c 5d] (two pair, Sevens and Fives)
Dorex2007 collected $0.38 from main pot
*** SUMMARY ***
Total pot $0.51 Main pot $0.38. Side pot $0.11. | Rake $0.02 
Board [7c Kh 6h Ac 7s]
Seat 1: sausagepanties (small blind) folded before Flop
Seat 2: maxito40 (big blind) folded before Flop
Seat 3: Deadpool_1225 folded before Flop (didn't bet)
Seat 4: AlexVV40 folded before Flop
Seat 5: marlena6787 folded before Flop (didn't bet)
Seat 6: droctagon101 folded on the Flop
Seat 7: cosmo2608 folded before Flop (didn't bet)
Seat 8: Dorex2007 showed [Ah Kd] and won ($0.49) with two pair, Aces and Kings
Seat 9: Jezebota (button) showed [5c 5d] and lost with two pair, Sevens and Fives



PokerStars Hand #225217607044:  Hold'em No Limit ($0.01/$0.02 USD) - 2021/03/26 17:03:55 PT [2021/03/26 20:03:55 ET]
Table 'Hohensteina IV' 9-max Seat #1 is the button
Seat 1: sausagepanties ($2.26 in chips) 
Seat 2: maxito40 ($2.19 in chips) 
Seat 3: Toppi888 ($2 in chips) 
Seat 4: AlexVV40 ($1.39 in chips) 
Seat 5: marlena6787 ($1.98 in chips) 
Seat 6: droctagon101 ($2.85 in chips) 
Seat 8: Dorex2007 ($3 in chips) 
maxito40: posts small blind $0.01
Toppi888: posts big blind $0.02
*** HOLE CARDS ***
Dealt to Dorex2007 [5s Qc]
AlexVV40: raises $0.04 to $0.06
Jezebota leaves the table
marlena6787: folds 
droctagon101: folds 
Dorex2007: folds 
sausagepanties: folds 
maxito40: folds 
Toppi888 has timed out
Toppi888: folds 
Uncalled bet ($0.04) returned to AlexVV40
AlexVV40 collected $0.05 from pot
AlexVV40: doesn't show hand 
*** SUMMARY ***
Total pot $0.05 | Rake $0 
Seat 1: sausagepanties (button) folded before Flop (didn't bet)
Seat 2: maxito40 (small blind) folded before Flop
Seat 3: Toppi888 (big blind) folded before Flop
Seat 4: AlexVV40 collected ($0.05)
Seat 5: marlena6787 folded before Flop (didn't bet)
Seat 6: droctagon101 folded before Flop (didn't bet)
Seat 8: Dorex2007 folded before Flop (didn't bet)



PokerStars Hand #225217632924:  Hold'em No Limit ($0.01/$0.02 USD) - 2021/03/26 17:04:47 PT [2021/03/26 20:04:47 ET]
Table 'Hohensteina IV' 9-max Seat #2 is the button
Seat 1: sausagepanties ($2.26 in chips) 
Seat 2: maxito40 ($2.18 in chips) 
Seat 3: Toppi888 ($2 in chips) 
Seat 4: AlexVV40 ($1.42 in chips) 
Seat 5: marlena6787 ($1.98 in chips) 
Seat 6: droctagon101 ($2.85 in chips) 
Seat 8: Dorex2007 ($3 in chips) 
Toppi888: posts small blind $0.01
AlexVV40: posts big blind $0.02
*** HOLE CARDS ***
Dealt to Dorex2007 [Qh 5s]
marlena6787: calls $0.02
droctagon101: folds 
Dorex2007: folds 
sausagepanties: folds 
maxito40: folds 
Toppi888: calls $0.01
AlexVV40: checks 
*** FLOP *** [2h 5c Td]
Toppi888: checks 
AlexVV40: checks 
marlena6787: checks 
*** TURN *** [2h 5c Td] [9s]
Toppi888: checks 
AlexVV40: checks 
floriano1946 joins the table at seat #7 
marlena6787: checks 
*** RIVER *** [2h 5c Td 9s] [4h]
Toppi888: checks 
AlexVV40: checks 
marlena6787: checks 
*** SHOW DOWN ***
Toppi888: shows [6d 5d] (a pair of Fives)
AlexVV40: shows [5h 4s] (two pair, Fives and Fours)
marlena6787: mucks hand 
AlexVV40 collected $0.06 from pot
*** SUMMARY ***
Total pot $0.06 | Rake $0 
Board [2h 5c Td 9s 4h]
Seat 1: sausagepanties folded before Flop (didn't bet)
Seat 2: maxito40 (button) folded before Flop (didn't bet)
Seat 3: Toppi888 (small blind) showed [6d 5d] and lost with a pair of Fives
Seat 4: AlexVV40 (big blind) showed [5h 4s] and won ($0.06) with two pair, Fives and Fours
Seat 5: marlena6787 mucked [8s Js]
Seat 6: droctagon101 folded before Flop (didn't bet)
Seat 8: Dorex2007 folded before Flop (didn't bet)



PokerStars Hand #225217680469:  Hold'em No Limit ($0.01/$0.02 USD) - 2021/03/26 17:06:24 PT [2021/03/26 20:06:24 ET]
Table 'Hohensteina IV' 9-max Seat #3 is the button
Seat 1: sausagepanties ($2.26 in chips) 
Seat 3: Toppi888 ($2 in chips) 
Seat 4: AlexVV40 ($1.46 in chips) 
Seat 5: marlena6787 ($1.96 in chips) 
Seat 6: droctagon101 ($2.85 in chips) 
Seat 8: Dorex2007 ($3 in chips) 
AlexVV40: posts small blind $0.01
marlena6787: posts big blind $0.02
floriano1946: sits out 
*** HOLE CARDS ***
Dealt to Dorex2007 [Kc Ts]
droctagon101: folds 
Dorex2007: folds 
dankat23 joins the table at seat #9 
sausagepanties: folds 
Toppi888: folds 
AlexVV40: calls $0.01
marlena6787: checks 
*** FLOP *** [Tc 3h As]
AlexVV40: bets $0.04
marlena6787: raises $0.12 to $0.16
AlexVV40: folds 
Uncalled bet ($0.12) returned to marlena6787
marlena6787 collected $0.12 from pot
marlena6787: doesn't show hand 
*** SUMMARY ***
Total pot $0.12 | Rake $0 
Board [Tc 3h As]
Seat 1: sausagepanties folded before Flop (didn't bet)
Seat 3: Toppi888 (button) folded before Flop (didn't bet)
Seat 4: AlexVV40 (small blind) folded on the Flop
Seat 5: marlena6787 (big blind) collected ($0.12)
Seat 6: droctagon101 folded before Flop (didn't bet)
Seat 8: Dorex2007 folded before Flop (didn't bet)



PokerStars Hand #225217702019:  Hold'em No Limit ($0.01/$0.02 USD) - 2021/03/26 17:07:09 PT [2021/03/26 20:07:09 ET]
Table 'Hohensteina IV' 9-max Seat #4 is the button
Seat 1: sausagepanties ($2.26 in chips) 
Seat 3: Toppi888 ($2 in chips) 
Seat 4: AlexVV40 ($1.40 in chips) 
Seat 5: marlena6787 ($2.02 in chips) 
Seat 6: droctagon101 ($2.85 in chips) 
Seat 8: Dorex2007 ($3 in chips) 
Seat 9: dankat23 ($1.60 in chips) 
marlena6787: posts small blind $0.01
droctagon101: posts big blind $0.02
floriano1946: sits out 
dankat23: posts big blind $0.02
*** HOLE CARDS ***
Dealt to Dorex2007 [6h Ks]
Dorex2007: folds 
dankat23: checks 
sausagepanties: folds 
Toppi888: folds 
AlexVV40: folds 
marlena6787: folds 
droctagon101: checks 
*** FLOP *** [5c 4c 7d]
marlena6787 leaves the table
evelyne523 joins the table at seat #5 
droctagon101: checks 
dankat23: bets $0.02
droctagon101: folds 
Uncalled bet ($0.02) returned to dankat23
dankat23 collected $0.05 from pot
dankat23: doesn't show hand 
*** SUMMARY ***
Total pot $0.05 | Rake $0 
Board [5c 4c 7d]
Seat 1: sausagepanties folded before Flop (didn't bet)
Seat 3: Toppi888 folded before Flop (didn't bet)
Seat 4: AlexVV40 (button) folded before Flop (didn't bet)
Seat 5: marlena6787 (small blind) folded before Flop
Seat 6: droctagon101 (big blind) folded on the Flop
Seat 8: Dorex2007 folded before Flop (didn't bet)
Seat 9: dankat23 collected ($0.05)



PokerStars Hand #225217719186:  Hold'em No Limit ($0.01/$0.02 USD) - 2021/03/26 17:07:44 PT [2021/03/26 20:07:44 ET]
Table 'Hohensteina IV' 9-max Seat #6 is the button
Seat 1: sausagepanties ($2.26 in chips) 
Seat 3: Toppi888 ($2 in chips) 
Seat 4: AlexVV40 ($1.40 in chips) 
Seat 5: evelyne523 ($1.60 in chips) 
Seat 6: droctagon101 ($2.83 in chips) 
Seat 8: Dorex2007 ($3 in chips) 
Seat 9: dankat23 ($1.63 in chips) 
Dorex2007: posts small blind $0.01
dankat23: posts big blind $0.02
evelyne523: posts big blind $0.02
*** HOLE CARDS ***
Dealt to Dorex2007 [Kd 6c]
sausagepanties: folds 
Toppi888: folds 
AlexVV40: folds 
evelyne523: checks 
droctagon101: raises $0.06 to $0.08
Dorex2007: folds 
dankat23: folds 
evelyne523: calls $0.06
*** FLOP *** [Jc Qh 5s]
evelyne523: checks 
droctagon101: checks 
*** TURN *** [Jc Qh 5s] [Ts]
evelyne523: checks 
droctagon101: bets $0.12
evelyne523: raises $0.12 to $0.24
droctagon101: folds 
Uncalled bet ($0.12) returned to evelyne523
evelyne523 collected $0.41 from pot
evelyne523: doesn't show hand 
*** SUMMARY ***
Total pot $0.43 | Rake $0.02 
Board [Jc Qh 5s Ts]
Seat 1: sausagepanties folded before Flop (didn't bet)
Seat 3: Toppi888 folded before Flop (didn't bet)
Seat 4: AlexVV40 folded before Flop (didn't bet)
Seat 5: evelyne523 collected ($0.41)
Seat 6: droctagon101 (button) folded on the Turn
Seat 8: Dorex2007 (small blind) folded before Flop
Seat 9: dankat23 (big blind) folded before Flop



PokerStars Hand #225217753387:  Hold'em No Limit ($0.01/$0.02 USD) - 2021/03/26 17:08:44 PT [2021/03/26 20:08:44 ET]
Table 'Hohensteina IV' 9-max Seat #8 is the button
Seat 1: sausagepanties ($2.26 in chips) 
Seat 3: Toppi888 ($2 in chips) 
Seat 4: AlexVV40 ($1.40 in chips) 
Seat 5: evelyne523 ($1.81 in chips) 
Seat 6: droctagon101 ($2.63 in chips) 
Seat 7: floriano1946 ($2 in chips) 
Seat 8: Dorex2007 ($2.99 in chips) 
Seat 9: dankat23 ($1.61 in chips) 
dankat23: posts small blind $0.01
sausagepanties: posts big blind $0.02
floriano1946: posts big blind $0.02
*** HOLE CARDS ***
Dealt to Dorex2007 [7c 7h]
Toppi888: folds 
AlexVV40: calls $0.02
evelyne523: calls $0.02
droctagon101: folds 
floriano1946: checks 
Dorex2007: calls $0.02
dankat23: calls $0.01
sausagepanties: checks 
*** FLOP *** [2d Td 2h]
dankat23: bets $0.04
sausagepanties: calls $0.04
AlexVV40: folds 
evelyne523: folds 
floriano1946: folds 
Dorex2007: folds 
*** TURN *** [2d Td 2h] [Jd]
dankat23: checks 
sausagepanties: bets $0.06
dankat23: calls $0.06
*** RIVER *** [2d Td 2h Jd] [Ad]
dankat23: checks 
sausagepanties: bets $0.15
dankat23: folds 
Uncalled bet ($0.15) returned to sausagepanties
sausagepanties collected $0.31 from pot
sausagepanties: doesn't show hand 
*** SUMMARY ***
Total pot $0.32 | Rake $0.01 
Board [2d Td 2h Jd Ad]
Seat 1: sausagepanties (big blind) collected ($0.31)
Seat 3: Toppi888 folded before Flop (didn't bet)
Seat 4: AlexVV40 folded on the Flop
Seat 5: evelyne523 folded on the Flop
Seat 6: droctagon101 folded before Flop (didn't bet)
Seat 7: floriano1946 folded on the Flop (didn't bet)
Seat 8: Dorex2007 (button) folded on the Flop
Seat 9: dankat23 (small blind) folded on the River



PokerStars Hand #225217801468:  Hold'em No Limit ($0.01/$0.02 USD) - 2021/03/26 17:10:24 PT [2021/03/26 20:10:24 ET]
Table 'Hohensteina IV' 9-max Seat #9 is the button
Seat 1: sausagepanties ($2.45 in chips) 
Seat 3: Toppi888 ($2 in chips) 
Seat 4: AlexVV40 ($1.56 in chips) 
Seat 5: evelyne523 ($1.79 in chips) 
Seat 6: droctagon101 ($2.63 in chips) 
Seat 7: floriano1946 ($1.98 in chips) 
Seat 8: Dorex2007 ($2.97 in chips) 
Seat 9: dankat23 ($1.49 in chips) 
sausagepanties: posts small blind $0.01
Toppi888: posts big blind $0.02
*** HOLE CARDS ***
Dealt to Dorex2007 [4h Td]
AlexVV40: folds 
evelyne523: calls $0.02
droctagon101: folds 
floriano1946: folds 
Dorex2007: folds 
dankat23: raises $0.04 to $0.06
sausagepanties: folds 
Toppi888: folds 
evelyne523: calls $0.04
*** FLOP *** [9d 6h 4d]
evelyne523: checks 
dankat23: bets $0.07
Dorex2007 said, "sausagepanties...LOL great name"
evelyne523: calls $0.07
*** TURN *** [9d 6h 4d] [8d]
evelyne523: checks 
dankat23: bets $0.20
evelyne523: calls $0.20
*** RIVER *** [9d 6h 4d 8d] [8s]
evelyne523: checks 
dankat23: checks 
*** SHOW DOWN ***
evelyne523: shows [7c 6c] (two pair, Eights and Sixes)
dankat23: shows [Kd Ks] (two pair, Kings and Eights)
dankat23 collected $0.67 from pot
*** SUMMARY ***
Total pot $0.69 | Rake $0.02 
Board [9d 6h 4d 8d 8s]
Seat 1: sausagepanties (small blind) folded before Flop
Seat 3: Toppi888 (big blind) folded before Flop
Seat 4: AlexVV40 folded before Flop (didn't bet)
Seat 5: evelyne523 showed [7c 6c] and lost with two pair, Eights and Sixes
Seat 6: droctagon101 folded before Flop (didn't bet)
Seat 7: floriano1946 folded before Flop (didn't bet)
Seat 8: Dorex2007 folded before Flop (didn't bet)
Seat 9: dankat23 (button) showed [Kd Ks] and won ($0.67) with two pair, Kings and Eights



PokerStars Hand #225217824905:  Hold'em No Limit ($0.01/$0.02 USD) - 2021/03/26 17:11:13 PT [2021/03/26 20:11:13 ET]
Table 'Hohensteina IV' 9-max Seat #1 is the button
Seat 1: sausagepanties ($2.44 in chips) 
Seat 3: Toppi888 ($2 in chips) 
Seat 4: AlexVV40 ($1.56 in chips) 
Seat 5: evelyne523 ($1.46 in chips) 
Seat 6: droctagon101 ($2.63 in chips) 
Seat 7: floriano1946 ($1.98 in chips) 
Seat 8: Dorex2007 ($2.97 in chips) 
Seat 9: dankat23 ($1.83 in chips) 
Toppi888: posts small blind $0.01
AlexVV40: posts big blind $0.02
*** HOLE CARDS ***
Dealt to Dorex2007 [6h 7h]
evelyne523: calls $0.02
droctagon101: folds 
floriano1946: folds 
Dorex2007: folds 
dankat23: folds 
sausagepanties: folds 
Toppi888: folds 
AlexVV40: checks 
*** FLOP *** [2d 4h Js]
AlexVV40: checks 
evelyne523: bets $0.05
AlexVV40: folds 
Uncalled bet ($0.05) returned to evelyne523
evelyne523 collected $0.05 from pot
evelyne523: doesn't show hand 
*** SUMMARY ***
Total pot $0.05 | Rake $0 
Board [2d 4h Js]
Seat 1: sausagepanties (button) folded before Flop (didn't bet)
Seat 3: Toppi888 (small blind) folded before Flop
Seat 4: AlexVV40 (big blind) folded on the Flop
Seat 5: evelyne523 collected ($0.05)
Seat 6: droctagon101 folded before Flop (didn't bet)
Seat 7: floriano1946 folded before Flop (didn't bet)
Seat 8: Dorex2007 folded before Flop (didn't bet)
Seat 9: dankat23 folded before Flop (didn't bet)



PokerStars Hand #225217838762:  Hold'em No Limit ($0.01/$0.02 USD) - 2021/03/26 17:11:41 PT [2021/03/26 20:11:41 ET]
Table 'Hohensteina IV' 9-max Seat #3 is the button
Seat 1: sausagepanties ($2.44 in chips) 
Seat 3: Toppi888 ($2 in chips) 
Seat 4: AlexVV40 ($1.54 in chips) 
Seat 5: evelyne523 ($1.49 in chips) 
Seat 6: droctagon101 ($2.63 in chips) 
Seat 7: floriano1946 ($1.98 in chips) 
Seat 8: Dorex2007 ($2.97 in chips) 
Seat 9: dankat23 ($1.83 in chips) 
AlexVV40: posts small blind $0.01
evelyne523: posts big blind $0.02
maxito40: sits out 
*** HOLE CARDS ***
Dealt to Dorex2007 [Js 9h]
droctagon101: folds 
floriano1946: folds 
Dorex2007: folds 
dankat23: calls $0.02
sausagepanties: folds 
Toppi888: folds 
AlexVV40: calls $0.01
evelyne523: checks 
*** FLOP *** [9d Ac 2h]
AlexVV40: checks 
evelyne523: checks 
dankat23: checks 
*** TURN *** [9d Ac 2h] [Ad]
AlexVV40: checks 
evelyne523: bets $0.06
dankat23: folds 
AlexVV40: folds 
Uncalled bet ($0.06) returned to evelyne523
evelyne523 collected $0.06 from pot
evelyne523: doesn't show hand 
*** SUMMARY ***
Total pot $0.06 | Rake $0 
Board [9d Ac 2h Ad]
Seat 1: sausagepanties folded before Flop (didn't bet)
Seat 3: Toppi888 (button) folded before Flop (didn't bet)
Seat 4: AlexVV40 (small blind) folded on the Turn
Seat 5: evelyne523 (big blind) collected ($0.06)
Seat 6: droctagon101 folded before Flop (didn't bet)
Seat 7: floriano1946 folded before Flop (didn't bet)
Seat 8: Dorex2007 folded before Flop (didn't bet)
Seat 9: dankat23 folded on the Turn



PokerStars Hand #225217858228:  Hold'em No Limit ($0.01/$0.02 USD) - 2021/03/26 17:12:22 PT [2021/03/26 20:12:22 ET]
Table 'Hohensteina IV' 9-max Seat #4 is the button
Seat 1: sausagepanties ($2.44 in chips) 
Seat 3: Toppi888 ($2 in chips) 
Seat 4: AlexVV40 ($1.52 in chips) 
Seat 5: evelyne523 ($1.53 in chips) 
Seat 6: droctagon101 ($2.63 in chips) 
Seat 7: floriano1946 ($1.98 in chips) 
Seat 8: Dorex2007 ($2.97 in chips) 
Seat 9: dankat23 ($1.81 in chips) 
evelyne523: posts small blind $0.01
droctagon101: posts big blind $0.02
maxito40: sits out 
*** HOLE CARDS ***
Dealt to Dorex2007 [9s 8h]
floriano1946: folds 
Dorex2007: folds 
dankat23: folds 
sausagepanties: folds 
Toppi888: folds 
AlexVV40: raises $0.04 to $0.06
evelyne523: calls $0.05
droctagon101: folds 
*** FLOP *** [5d 6c Ah]
evelyne523: checks 
AlexVV40: checks 
*** TURN *** [5d 6c Ah] [5c]
evelyne523: checks 
AlexVV40: bets $0.08
evelyne523: folds 
Uncalled bet ($0.08) returned to AlexVV40
AlexVV40 collected $0.14 from pot
AlexVV40: doesn't show hand 
*** SUMMARY ***
Total pot $0.14 | Rake $0 
Board [5d 6c Ah 5c]
Seat 1: sausagepanties folded before Flop (didn't bet)
Seat 3: Toppi888 folded before Flop (didn't bet)
Seat 4: AlexVV40 (button) collected ($0.14)
Seat 5: evelyne523 (small blind) folded on the Turn
Seat 6: droctagon101 (big blind) folded before Flop
Seat 7: floriano1946 folded before Flop (didn't bet)
Seat 8: Dorex2007 folded before Flop (didn't bet)
Seat 9: dankat23 folded before Flop (didn't bet)



PokerStars Hand #225217872869:  Hold'em No Limit ($0.01/$0.02 USD) - 2021/03/26 17:12:53 PT [2021/03/26 20:12:53 ET]
Table 'Hohensteina IV' 9-max Seat #5 is the button
Seat 1: sausagepanties ($2.44 in chips) 
Seat 3: Toppi888 ($2 in chips) 
Seat 4: AlexVV40 ($1.60 in chips) 
Seat 5: evelyne523 ($1.47 in chips) 
Seat 6: droctagon101 ($2.61 in chips) 
Seat 7: floriano1946 ($1.98 in chips) 
Seat 8: Dorex2007 ($2.97 in chips) 
Seat 9: dankat23 ($1.81 in chips) 
droctagon101: posts small blind $0.01
floriano1946: posts big blind $0.02
maxito40: sits out 
*** HOLE CARDS ***
Dealt to Dorex2007 [6c 4h]
Dorex2007: folds 
dankat23: folds 
sausagepanties: folds 
Toppi888: folds 
AlexVV40: folds 
evelyne523: folds 
droctagon101: folds 
Uncalled bet ($0.01) returned to floriano1946
floriano1946 collected $0.02 from pot
floriano1946: doesn't show hand 
*** SUMMARY ***
Total pot $0.02 | Rake $0 
Seat 1: sausagepanties folded before Flop (didn't bet)
Seat 3: Toppi888 folded before Flop (didn't bet)
Seat 4: AlexVV40 folded before Flop (didn't bet)
Seat 5: evelyne523 (button) folded before Flop (didn't bet)
Seat 6: droctagon101 (small blind) folded before Flop
Seat 7: floriano1946 (big blind) collected ($0.02)
Seat 8: Dorex2007 folded before Flop (didn't bet)
Seat 9: dankat23 folded before Flop (didn't bet)



PokerStars Hand #225217882426:  Hold'em No Limit ($0.01/$0.02 USD) - 2021/03/26 17:13:13 PT [2021/03/26 20:13:13 ET]
Table 'Hohensteina IV' 9-max Seat #6 is the button
Seat 1: sausagepanties ($2.44 in chips) 
Seat 3: Toppi888 ($2 in chips) 
Seat 4: AlexVV40 ($1.60 in chips) 
Seat 5: evelyne523 ($1.47 in chips) 
Seat 6: droctagon101 ($2.60 in chips) 
Seat 7: floriano1946 ($1.99 in chips) 
Seat 8: Dorex2007 ($2.97 in chips) 
Seat 9: dankat23 ($1.81 in chips) 
floriano1946: posts small blind $0.01
Dorex2007: posts big blind $0.02
maxito40: sits out 
*** HOLE CARDS ***
Dealt to Dorex2007 [Ks 6d]
dankat23: folds 
sausagepanties: folds 
Toppi888: calls $0.02
AlexVV40: folds 
evelyne523: calls $0.02
droctagon101: folds 
floriano1946: calls $0.01
Dorex2007: checks 
*** FLOP *** [Jd 5s 5c]
floriano1946: checks 
Dorex2007: checks 
Toppi888: bets $0.06
evelyne523: folds 
floriano1946: folds 
Dorex2007: folds 
Uncalled bet ($0.06) returned to Toppi888
Toppi888 collected $0.08 from pot
Toppi888: doesn't show hand 
*** SUMMARY ***
Total pot $0.08 | Rake $0 
Board [Jd 5s 5c]
Seat 1: sausagepanties folded before Flop (didn't bet)
Seat 3: Toppi888 collected ($0.08)
Seat 4: AlexVV40 folded before Flop (didn't bet)
Seat 5: evelyne523 folded on the Flop
Seat 6: droctagon101 (button) folded before Flop (didn't bet)
Seat 7: floriano1946 (small blind) folded on the Flop
Seat 8: Dorex2007 (big blind) folded on the Flop
Seat 9: dankat23 folded before Flop (didn't bet)



PokerStars Hand #225217903343:  Hold'em No Limit ($0.01/$0.02 USD) - 2021/03/26 17:13:56 PT [2021/03/26 20:13:56 ET]
Table 'Hohensteina IV' 9-max Seat #7 is the button
Seat 1: sausagepanties ($2.44 in chips) 
Seat 3: Toppi888 ($2.06 in chips) 
Seat 4: AlexVV40 ($1.60 in chips) 
Seat 5: evelyne523 ($1.45 in chips) 
Seat 6: droctagon101 ($2.60 in chips) 
Seat 7: floriano1946 ($1.97 in chips) 
Seat 8: Dorex2007 ($2.95 in chips) 
Seat 9: dankat23 ($1.81 in chips) 
Dorex2007: posts small blind $0.01
dankat23: posts big blind $0.02
maxito40: sits out 
*** HOLE CARDS ***
Dealt to Dorex2007 [8s 2h]
sausagepanties: folds 
Toppi888: raises $0.04 to $0.06
AlexVV40: calls $0.06
evelyne523: calls $0.06
droctagon101: folds 
floriano1946: folds 
Dorex2007: folds 
dankat23: folds 
*** FLOP *** [Ts 7h Kh]
Toppi888: bets $0.10
AlexVV40: folds 
evelyne523: folds 
Uncalled bet ($0.10) returned to Toppi888
Toppi888 collected $0.20 from pot
Toppi888: doesn't show hand 
*** SUMMARY ***
Total pot $0.21 | Rake $0.01 
Board [Ts 7h Kh]
Seat 1: sausagepanties folded before Flop (didn't bet)
Seat 3: Toppi888 collected ($0.20)
Seat 4: AlexVV40 folded on the Flop
Seat 5: evelyne523 folded on the Flop
Seat 6: droctagon101 folded before Flop (didn't bet)
Seat 7: floriano1946 (button) folded before Flop (didn't bet)
Seat 8: Dorex2007 (small blind) folded before Flop
Seat 9: dankat23 (big blind) folded before Flop



PokerStars Hand #225217919759:  Hold'em No Limit ($0.01/$0.02 USD) - 2021/03/26 17:14:31 PT [2021/03/26 20:14:31 ET]
Table 'Hohensteina IV' 9-max Seat #8 is the button
Seat 1: sausagepanties ($2.44 in chips) 
Seat 3: Toppi888 ($2.20 in chips) 
Seat 4: AlexVV40 ($1.54 in chips) 
Seat 5: evelyne523 ($1.39 in chips) 
Seat 6: droctagon101 ($2.60 in chips) 
Seat 7: floriano1946 ($1.97 in chips) 
Seat 8: Dorex2007 ($2.94 in chips) 
Seat 9: dankat23 ($1.79 in chips) 
dankat23: posts small blind $0.01
sausagepanties: posts big blind $0.02
maxito40: sits out 
*** HOLE CARDS ***
Dealt to Dorex2007 [4h 7s]
Toppi888: folds 
AlexVV40: folds 
evelyne523: calls $0.02
droctagon101: folds 
floriano1946: folds 
Dorex2007: folds 
dankat23: calls $0.01
sausagepanties: checks 
*** FLOP *** [Ks 9s 3d]
dankat23: checks 
sausagepanties: bets $0.04
evelyne523: folds 
dankat23: folds 
Uncalled bet ($0.04) returned to sausagepanties
sausagepanties collected $0.06 from pot
sausagepanties: doesn't show hand 
*** SUMMARY ***
Total pot $0.06 | Rake $0 
Board [Ks 9s 3d]
Seat 1: sausagepanties (big blind) collected ($0.06)
Seat 3: Toppi888 folded before Flop (didn't bet)
Seat 4: AlexVV40 folded before Flop (didn't bet)
Seat 5: evelyne523 folded on the Flop
Seat 6: droctagon101 folded before Flop (didn't bet)
Seat 7: floriano1946 folded before Flop (didn't bet)
Seat 8: Dorex2007 (button) folded before Flop (didn't bet)
Seat 9: dankat23 (small blind) folded on the Flop



PokerStars Hand #225217942992:  Hold'em No Limit ($0.01/$0.02 USD) - 2021/03/26 17:15:04 PT [2021/03/26 20:15:04 ET]
Table 'Hohensteina IV' 9-max Seat #9 is the button
Seat 1: sausagepanties ($2.48 in chips) 
Seat 2: maxito40 ($2.18 in chips) 
Seat 3: Toppi888 ($2.20 in chips) 
Seat 4: AlexVV40 ($1.54 in chips) 
Seat 5: evelyne523 ($1.37 in chips) 
Seat 6: droctagon101 ($2.60 in chips) 
Seat 7: floriano1946 ($1.97 in chips) 
Seat 8: Dorex2007 ($2.94 in chips) 
Seat 9: dankat23 ($1.77 in chips) 
sausagepanties: posts small blind $0.01
maxito40: posts big blind $0.02
*** HOLE CARDS ***
Dealt to Dorex2007 [Qd 2h]
Toppi888: raises $0.04 to $0.06
AlexVV40: folds 
evelyne523: folds 
droctagon101: folds 
floriano1946: folds 
Dorex2007: folds 
dankat23: folds 
sausagepanties: calls $0.05
maxito40: raises $0.14 to $0.20
Toppi888: calls $0.14
sausagepanties: folds 
*** FLOP *** [Jc Jd 6h]
maxito40: bets $0.52
Toppi888: raises $1.48 to $2 and is all-in
maxito40: calls $1.46 and is all-in
Uncalled bet ($0.02) returned to Toppi888
*** TURN *** [Jc Jd 6h] [3s]
*** RIVER *** [Jc Jd 6h 3s] [4d]
*** SHOW DOWN ***
maxito40: shows [Kd Kh] (two pair, Kings and Jacks)
Toppi888: shows [Ad As] (two pair, Aces and Jacks)
Toppi888 cashed out the hand for $3.87 | Cash Out Fee $0.04
*** SUMMARY ***
Total pot $4.42 | Rake $0.15 
Board [Jc Jd 6h 3s 4d]
Seat 1: sausagepanties (small blind) folded before Flop
Seat 2: maxito40 (big blind) showed [Kd Kh] and lost with two pair, Kings and Jacks
Seat 3: Toppi888 showed [Ad As] and won ($4.27) with two pair, Aces and Jacks (pot not awarded as player cashed out)
Seat 4: AlexVV40 folded before Flop (didn't bet)
Seat 5: evelyne523 folded before Flop (didn't bet)
Seat 6: droctagon101 folded before Flop (didn't bet)
Seat 7: floriano1946 folded before Flop (didn't bet)
Seat 8: Dorex2007 folded before Flop (didn't bet)
Seat 9: dankat23 (button) folded before Flop (didn't bet)



PokerStars Hand #225217975279:  Hold'em No Limit ($0.01/$0.02 USD) - 2021/03/26 17:16:13 PT [2021/03/26 20:16:13 ET]
Table 'Hohensteina IV' 9-max Seat #1 is the button
Seat 1: sausagepanties ($2.42 in chips) 
Seat 2: maxito40 ($2 in chips) 
Seat 3: Toppi888 ($3.89 in chips) 
Seat 4: AlexVV40 ($1.54 in chips) 
Seat 5: evelyne523 ($1.37 in chips) 
Seat 6: droctagon101 ($2.60 in chips) 
Seat 7: floriano1946 ($1.97 in chips) 
Seat 8: Dorex2007 ($2.94 in chips) 
Seat 9: dankat23 ($1.77 in chips) 
maxito40: posts small blind $0.01
Toppi888: posts big blind $0.02
*** HOLE CARDS ***
Dealt to Dorex2007 [7h Qh]
AlexVV40: folds 
evelyne523: folds 
droctagon101: raises $0.04 to $0.06
floriano1946: folds 
Dorex2007: folds 
dankat23: folds 
sausagepanties: folds 
maxito40: folds 
Toppi888: folds 
Uncalled bet ($0.04) returned to droctagon101
droctagon101 collected $0.05 from pot
droctagon101: doesn't show hand 
*** SUMMARY ***
Total pot $0.05 | Rake $0 
Seat 1: sausagepanties (button) folded before Flop (didn't bet)
Seat 2: maxito40 (small blind) folded before Flop
Seat 3: Toppi888 (big blind) folded before Flop
Seat 4: AlexVV40 folded before Flop (didn't bet)
Seat 5: evelyne523 folded before Flop (didn't bet)
Seat 6: droctagon101 collected ($0.05)
Seat 7: floriano1946 folded before Flop (didn't bet)
Seat 8: Dorex2007 folded before Flop (didn't bet)
Seat 9: dankat23 folded before Flop (didn't bet)



PokerStars Hand #225217995400:  Hold'em No Limit ($0.01/$0.02 USD) - 2021/03/26 17:16:55 PT [2021/03/26 20:16:55 ET]
Table 'Hohensteina IV' 9-max Seat #2 is the button
Seat 1: sausagepanties ($2.42 in chips) 
Seat 2: maxito40 ($1.99 in chips) 
Seat 3: Toppi888 ($3.87 in chips) 
Seat 4: AlexVV40 ($1.54 in chips) 
Seat 5: evelyne523 ($1.37 in chips) 
Seat 6: droctagon101 ($2.63 in chips) 
Seat 7: floriano1946 ($1.97 in chips) 
Seat 8: Dorex2007 ($2.94 in chips) 
Seat 9: dankat23 ($1.77 in chips) 
Toppi888: posts small blind $0.01
AlexVV40: posts big blind $0.02
*** HOLE CARDS ***
Dealt to Dorex2007 [2c 2d]
evelyne523: calls $0.02
droctagon101: raises $0.06 to $0.08
floriano1946: calls $0.08
Dorex2007: folds 
dankat23: folds 
sausagepanties: folds 
maxito40: folds 
Toppi888: folds 
AlexVV40: folds 
evelyne523: calls $0.06
*** FLOP *** [6d Kd 6h]
evelyne523: checks 
droctagon101: checks 
floriano1946: bets $0.08
evelyne523: calls $0.08
droctagon101: folds 
*** TURN *** [6d Kd 6h] [5c]
evelyne523: checks 
floriano1946: bets $0.02
evelyne523: calls $0.02
*** RIVER *** [6d Kd 6h 5c] [9s]
evelyne523: checks 
floriano1946: bets $0.02
evelyne523: calls $0.02
*** SHOW DOWN ***
floriano1946: shows [Qc Qd] (two pair, Queens and Sixes)
evelyne523: mucks hand 
floriano1946 collected $0.49 from pot
*** SUMMARY ***
Total pot $0.51 | Rake $0.02 
Board [6d Kd 6h 5c 9s]
Seat 1: sausagepanties folded before Flop (didn't bet)
Seat 2: maxito40 (button) folded before Flop (didn't bet)
Seat 3: Toppi888 (small blind) folded before Flop
Seat 4: AlexVV40 (big blind) folded before Flop
Seat 5: evelyne523 mucked [Ah 8s]
Seat 6: droctagon101 folded on the Flop
Seat 7: floriano1946 showed [Qc Qd] and won ($0.49) with two pair, Queens and Sixes
Seat 8: Dorex2007 folded before Flop (didn't bet)
Seat 9: dankat23 folded before Flop (didn't bet)



PokerStars Hand #225218030230:  Hold'em No Limit ($0.01/$0.02 USD) - 2021/03/26 17:17:54 PT [2021/03/26 20:17:54 ET]
Table 'Hohensteina IV' 9-max Seat #3 is the button
Seat 1: sausagepanties ($2.42 in chips) 
Seat 3: Toppi888 ($3.86 in chips) 
Seat 4: AlexVV40 ($1.52 in chips) 
Seat 5: evelyne523 ($1.17 in chips) 
Seat 6: droctagon101 ($2.55 in chips) 
Seat 7: floriano1946 ($2.26 in chips) 
Seat 8: Dorex2007 ($2.94 in chips) 
Seat 9: dankat23 ($1.77 in chips) 
AlexVV40: posts small blind $0.01
evelyne523: posts big blind $0.02
*** HOLE CARDS ***
Dealt to Dorex2007 [Qc Js]
droctagon101: folds 
floriano1946: raises $0.02 to $0.04
Dorex2007: folds 
dankat23: folds 
sausagepanties: folds 
Toppi888: folds 
AlexVV40: calls $0.03
evelyne523: calls $0.02
*** FLOP *** [2d Ks 4h]
AlexVV40: checks 
evelyne523: checks 
floriano1946: checks 
*** TURN *** [2d Ks 4h] [6h]
AlexVV40: checks 
evelyne523: checks 
floriano1946: checks 
*** RIVER *** [2d Ks 4h 6h] [9d]
AlexVV40: checks 
evelyne523: bets $0.12
floriano1946: folds 
AlexVV40: folds 
Uncalled bet ($0.12) returned to evelyne523
evelyne523 collected $0.12 from pot
evelyne523: doesn't show hand 
*** SUMMARY ***
Total pot $0.12 | Rake $0 
Board [2d Ks 4h 6h 9d]
Seat 1: sausagepanties folded before Flop (didn't bet)
Seat 3: Toppi888 (button) folded before Flop (didn't bet)
Seat 4: AlexVV40 (small blind) folded on the River
Seat 5: evelyne523 (big blind) collected ($0.12)
Seat 6: droctagon101 folded before Flop (didn't bet)
Seat 7: floriano1946 folded on the River
Seat 8: Dorex2007 folded before Flop (didn't bet)
Seat 9: dankat23 folded before Flop (didn't bet)



PokerStars Hand #225218053768:  Hold'em No Limit ($0.01/$0.02 USD) - 2021/03/26 17:18:44 PT [2021/03/26 20:18:44 ET]
Table 'Hohensteina IV' 9-max Seat #4 is the button
Seat 1: sausagepanties ($2.42 in chips) 
Seat 3: Toppi888 ($3.86 in chips) 
Seat 4: AlexVV40 ($1.48 in chips) 
Seat 5: evelyne523 ($1.25 in chips) 
Seat 6: droctagon101 ($2.55 in chips) 
Seat 7: floriano1946 ($2.22 in chips) 
Seat 8: Dorex2007 ($2.94 in chips) 
Seat 9: dankat23 ($1.77 in chips) 
evelyne523: posts small blind $0.01
droctagon101: posts big blind $0.02
*** HOLE CARDS ***
Dealt to Dorex2007 [As 6d]
floriano1946: raises $0.10 to $0.12
Dorex2007: folds 
dankat23: folds 
sausagepanties: folds 
maxito40 leaves the table
Toppi888: folds 
AlexVV40: folds 
evelyne523: calls $0.11
droctagon101: folds 
*** FLOP *** [9d Js Qs]
evelyne523: checks 
floriano1946: bets $0.06
evelyne523: folds 
Uncalled bet ($0.06) returned to floriano1946
floriano1946 collected $0.25 from pot
floriano1946: doesn't show hand 
*** SUMMARY ***
Total pot $0.26 | Rake $0.01 
Board [9d Js Qs]
Seat 1: sausagepanties folded before Flop (didn't bet)
Seat 3: Toppi888 folded before Flop (didn't bet)
Seat 4: AlexVV40 (button) folded before Flop (didn't bet)
Seat 5: evelyne523 (small blind) folded on the Flop
Seat 6: droctagon101 (big blind) folded before Flop
Seat 7: floriano1946 collected ($0.25)
Seat 8: Dorex2007 folded before Flop (didn't bet)
Seat 9: dankat23 folded before Flop (didn't bet)



PokerStars Hand #225218074894:  Hold'em No Limit ($0.01/$0.02 USD) - 2021/03/26 17:19:19 PT [2021/03/26 20:19:19 ET]
Table 'Hohensteina IV' 9-max Seat #5 is the button
Seat 1: sausagepanties ($2.42 in chips) 
Seat 3: Toppi888 ($3.86 in chips) 
Seat 4: AlexVV40 ($1.48 in chips) 
Seat 5: evelyne523 ($1.13 in chips) 
Seat 6: droctagon101 ($2.53 in chips) 
Seat 7: floriano1946 ($2.35 in chips) 
Seat 8: Dorex2007 ($2.94 in chips) 
Seat 9: dankat23 ($1.77 in chips) 
droctagon101: posts small blind $0.01
floriano1946: posts big blind $0.02
*** HOLE CARDS ***
Dealt to Dorex2007 [Ts 8c]
Dorex2007: folds 
dankat23: folds 
sausagepanties: raises $0.04 to $0.06
Toppi888: folds 
AlexVV40: folds 
JONNYPOWER77 joins the table at seat #2 
evelyne523: calls $0.06
droctagon101: folds 
floriano1946: folds 
*** FLOP *** [3h 6s 4c]
floriano1946 leaves the table
sausagepanties: bets $0.04
evelyne523: calls $0.04
*** TURN *** [3h 6s 4c] [5h]
sausagepanties: bets $0.11
evelyne523: calls $0.11
*** RIVER *** [3h 6s 4c 5h] [7d]
sausagepanties: checks 
evelyne523: checks 
*** SHOW DOWN ***
sausagepanties: shows [Ks Kh] (a straight, Three to Seven)
evelyne523: shows [6h 6d] (a straight, Three to Seven)
sausagepanties collected $0.22 from pot
evelyne523 collected $0.21 from pot
*** SUMMARY ***
Total pot $0.45 | Rake $0.02 
Board [3h 6s 4c 5h 7d]
Seat 1: sausagepanties showed [Ks Kh] and won ($0.22) with a straight, Three to Seven
Seat 3: Toppi888 folded before Flop (didn't bet)
Seat 4: AlexVV40 folded before Flop (didn't bet)
Seat 5: evelyne523 (button) showed [6h 6d] and won ($0.21) with a straight, Three to Seven
Seat 6: droctagon101 (small blind) folded before Flop
Seat 7: floriano1946 (big blind) folded before Flop
Seat 8: Dorex2007 folded before Flop (didn't bet)
Seat 9: dankat23 folded before Flop (didn't bet)



PokerStars Hand #225218105710:  Hold'em No Limit ($0.01/$0.02 USD) - 2021/03/26 17:20:24 PT [2021/03/26 20:20:24 ET]
Table 'Hohensteina IV' 9-max Seat #6 is the button
Seat 1: sausagepanties ($2.43 in chips) 
Seat 2: JONNYPOWER77 ($2 in chips) 
Seat 3: Toppi888 ($3.86 in chips) 
Seat 4: AlexVV40 ($1.48 in chips) 
Seat 5: evelyne523 ($1.13 in chips) 
Seat 6: droctagon101 ($2.52 in chips) 
Seat 8: Dorex2007 ($2.94 in chips) 
Seat 9: dankat23 ($1.77 in chips) 
Dorex2007: posts small blind $0.01
dankat23: posts big blind $0.02
JONNYPOWER77: posts big blind $0.02
*** HOLE CARDS ***
Dealt to Dorex2007 [8s Jc]
sausagepanties: folds 
JONNYPOWER77: checks 
sausagepanties leaves the table
Toppi888: calls $0.02
AlexVV40: folds 
evelyne523: calls $0.02
droctagon101: folds 
Dorex2007: calls $0.01
dankat23: checks 
*** FLOP *** [8d 4s 4d]
Dorex2007: bets $0.10
dankat23: folds 
JONNYPOWER77: folds 
Toppi888: folds 
evelyne523: folds 
Uncalled bet ($0.10) returned to Dorex2007
Dorex2007 collected $0.10 from pot
Dorex2007: doesn't show hand 
*** SUMMARY ***
Total pot $0.10 | Rake $0 
Board [8d 4s 4d]
Seat 1: sausagepanties folded before Flop (didn't bet)
Seat 2: JONNYPOWER77 folded on the Flop (didn't bet)
Seat 3: Toppi888 folded on the Flop
Seat 4: AlexVV40 folded before Flop (didn't bet)
Seat 5: evelyne523 folded on the Flop
Seat 6: droctagon101 (button) folded before Flop (didn't bet)
Seat 8: Dorex2007 (small blind) collected ($0.10)
Seat 9: dankat23 (big blind) folded on the Flop



PokerStars Hand #225218122416:  Hold'em No Limit ($0.01/$0.02 USD) - 2021/03/26 17:21:00 PT [2021/03/26 20:21:00 ET]
Table 'Hohensteina IV' 9-max Seat #8 is the button
Seat 2: JONNYPOWER77 ($1.98 in chips) 
Seat 3: Toppi888 ($3.84 in chips) 
Seat 4: AlexVV40 ($1.48 in chips) 
Seat 5: evelyne523 ($1.11 in chips) 
Seat 6: droctagon101 ($2.52 in chips) 
Seat 8: Dorex2007 ($3.02 in chips) 
Seat 9: dankat23 ($1.75 in chips) 
dankat23: posts small blind $0.01
JONNYPOWER77: posts big blind $0.02
*** HOLE CARDS ***
Dealt to Dorex2007 [Ts Th]
Toppi888: folds 
AlexVV40: folds 
evelyne523: calls $0.02
droctagon101: folds 
SONIK_SH joins the table at seat #7 
Dorex2007: calls $0.02
dankat23: raises $0.04 to $0.06
JONNYPOWER77: folds 
evelyne523: calls $0.04
Dorex2007: raises $0.16 to $0.22
dankat23: calls $0.16
D0351T joins the table at seat #1 
evelyne523: calls $0.16
*** FLOP *** [4s 7c As]
dankat23: bets $0.20
evelyne523: folds 
Dorex2007: folds 
Uncalled bet ($0.20) returned to dankat23
dankat23 collected $0.66 from pot
dankat23: doesn't show hand 
*** SUMMARY ***
Total pot $0.68 | Rake $0.02 
Board [4s 7c As]
Seat 2: JONNYPOWER77 (big blind) folded before Flop
Seat 3: Toppi888 folded before Flop (didn't bet)
Seat 4: AlexVV40 folded before Flop (didn't bet)
Seat 5: evelyne523 folded on the Flop
Seat 6: droctagon101 folded before Flop (didn't bet)
Seat 8: Dorex2007 (button) folded on the Flop
Seat 9: dankat23 (small blind) collected ($0.66)



PokerStars Hand #225218148248:  Hold'em No Limit ($0.01/$0.02 USD) - 2021/03/26 17:21:55 PT [2021/03/26 20:21:55 ET]
Table 'Hohensteina IV' 9-max Seat #9 is the button
Seat 2: JONNYPOWER77 ($1.96 in chips) 
Seat 3: Toppi888 ($3.84 in chips) 
Seat 4: AlexVV40 ($1.48 in chips) 
Seat 5: evelyne523 ($0.89 in chips) 
Seat 6: droctagon101 ($2.52 in chips) 
Seat 8: Dorex2007 ($2.80 in chips) 
Seat 9: dankat23 ($2.19 in chips) 
JONNYPOWER77: posts small blind $0.01
Toppi888: posts big blind $0.02
SONIK_SH: sits out 
*** HOLE CARDS ***
Dealt to Dorex2007 [Jc Jd]
AlexVV40: folds 
evelyne523: raises $0.04 to $0.06
droctagon101: folds 
Dorex2007: calls $0.06
dankat23: folds 
JONNYPOWER77: folds 
Toppi888: folds 
*** FLOP *** [4d 4s 8c]
evelyne523: checks 
Dorex2007: bets $0.14
evelyne523: calls $0.14
*** TURN *** [4d 4s 8c] [Td]
evelyne523: checks 
Dorex2007: bets $0.70
evelyne523: calls $0.69 and is all-in
Uncalled bet ($0.01) returned to Dorex2007
*** RIVER *** [4d 4s 8c Td] [7d]
*** SHOW DOWN ***
evelyne523: shows [4h 4c] (four of a kind, Fours)
Dorex2007: shows [Jc Jd] (two pair, Jacks and Fours)
evelyne523 collected $1.75 from pot
*** SUMMARY ***
Total pot $1.81 | Rake $0.06 
Board [4d 4s 8c Td 7d]
Seat 2: JONNYPOWER77 (small blind) folded before Flop
Seat 3: Toppi888 (big blind) folded before Flop
Seat 4: AlexVV40 folded before Flop (didn't bet)
Seat 5: evelyne523 showed [4h 4c] and won ($1.75) with four of a kind, Fours
Seat 6: droctagon101 folded before Flop (didn't bet)
Seat 8: Dorex2007 showed [Jc Jd] and lost with two pair, Jacks and Fours
Seat 9: dankat23 (button) folded before Flop (didn't bet)



PokerStars Hand #225218172623:  Hold'em No Limit ($0.01/$0.02 USD) - 2021/03/26 17:22:47 PT [2021/03/26 20:22:47 ET]
Table 'Hohensteina IV' 9-max Seat #2 is the button
Seat 1: D0351T ($1.60 in chips) 
Seat 2: JONNYPOWER77 ($1.95 in chips) 
Seat 3: Toppi888 ($3.82 in chips) 
Seat 4: AlexVV40 ($1.48 in chips) 
Seat 5: evelyne523 ($1.75 in chips) 
Seat 6: droctagon101 ($2.52 in chips) 
Seat 8: Dorex2007 ($1.91 in chips) 
Seat 9: dankat23 ($2.19 in chips) 
Toppi888: posts small blind $0.01
AlexVV40: posts big blind $0.02
SONIK_SH: sits out 
D0351T: posts big blind $0.02
*** HOLE CARDS ***
Dealt to Dorex2007 [9d 9s]
evelyne523: folds 
droctagon101: folds 
Dorex2007 said, "sweet"
Dorex2007: calls $0.02
dankat23: folds 
D0351T: checks 
JONNYPOWER77: folds 
Toppi888: calls $0.01
AlexVV40: checks 
*** FLOP *** [6d Ts Qh]
Toppi888: checks 
evelyne523 said, "thx lucky"
AlexVV40: checks 
Dorex2007: checks 
D0351T: checks 
*** TURN *** [6d Ts Qh] [Jc]
Toppi888: checks 
AlexVV40: checks 
Dorex2007: checks 
D0351T: bets $0.02
Toppi888: folds 
AlexVV40: calls $0.02
Dorex2007: calls $0.02
*** RIVER *** [6d Ts Qh Jc] [9h]
AlexVV40: checks 
Dorex2007: checks 
D0351T: bets $0.14
AlexVV40: folds 
Dorex2007: calls $0.14
*** SHOW DOWN ***
D0351T: shows [Jh Kc] (a straight, Nine to King)
Dorex2007: mucks hand 
D0351T collected $0.41 from pot
*** SUMMARY ***
Total pot $0.42 | Rake $0.01 
Board [6d Ts Qh Jc 9h]
Seat 1: D0351T showed [Jh Kc] and won ($0.41) with a straight, Nine to King
Seat 2: JONNYPOWER77 (button) folded before Flop (didn't bet)
Seat 3: Toppi888 (small blind) folded on the Turn
Seat 4: AlexVV40 (big blind) folded on the River
Seat 5: evelyne523 folded before Flop (didn't bet)
Seat 6: droctagon101 folded before Flop (didn't bet)
Seat 8: Dorex2007 mucked [9d 9s]
Seat 9: dankat23 folded before Flop (didn't bet)



PokerStars Hand #225218217298:  Hold'em No Limit ($0.01/$0.02 USD) - 2021/03/26 17:24:22 PT [2021/03/26 20:24:22 ET]
Table 'Hohensteina IV' 9-max Seat #3 is the button
Seat 1: D0351T ($1.83 in chips) 
Seat 2: JONNYPOWER77 ($1.95 in chips) 
Seat 3: Toppi888 ($3.80 in chips) 
Seat 4: AlexVV40 ($1.44 in chips) 
Seat 5: evelyne523 ($1.75 in chips) 
Seat 6: droctagon101 ($2.52 in chips) 
Seat 8: Dorex2007 ($1.73 in chips) 
Seat 9: dankat23 ($2.19 in chips) 
AlexVV40: posts small blind $0.01
evelyne523: posts big blind $0.02
SONIK_SH: sits out 
*** HOLE CARDS ***
Dealt to Dorex2007 [Tc 9h]
droctagon101: folds 
Dorex2007: calls $0.02
dankat23: folds 
D0351T: calls $0.02
JONNYPOWER77: folds 
Toppi888: folds 
AlexVV40: folds 
evelyne523: checks 
*** FLOP *** [4h 8d Kh]
evelyne523: checks 
Dorex2007: checks 
D0351T: bets $0.04
evelyne523: calls $0.04
Dorex2007: folds 
*** TURN *** [4h 8d Kh] [7d]
evelyne523: checks 
D0351T: bets $0.14
evelyne523: calls $0.14
*** RIVER *** [4h 8d Kh 7d] [6d]
evelyne523: bets $0.20
D0351T: folds 
Uncalled bet ($0.20) returned to evelyne523
evelyne523 collected $0.41 from pot
evelyne523: doesn't show hand 
*** SUMMARY ***
Total pot $0.43 | Rake $0.02 
Board [4h 8d Kh 7d 6d]
Seat 1: D0351T folded on the River
Seat 2: JONNYPOWER77 folded before Flop (didn't bet)
Seat 3: Toppi888 (button) folded before Flop (didn't bet)
Seat 4: AlexVV40 (small blind) folded before Flop
Seat 5: evelyne523 (big blind) collected ($0.41)
Seat 6: droctagon101 folded before Flop (didn't bet)
Seat 8: Dorex2007 folded on the Flop
Seat 9: dankat23 folded before Flop (didn't bet)



PokerStars Hand #225218242630:  Hold'em No Limit ($0.01/$0.02 USD) - 2021/03/26 17:25:17 PT [2021/03/26 20:25:17 ET]
Table 'Hohensteina IV' 9-max Seat #4 is the button
Seat 1: D0351T ($1.63 in chips) 
Seat 2: JONNYPOWER77 ($1.95 in chips) 
Seat 3: Toppi888 ($3.80 in chips) 
Seat 4: AlexVV40 ($1.43 in chips) 
Seat 5: evelyne523 ($1.96 in chips) 
Seat 6: droctagon101 ($2.52 in chips) 
Seat 8: Dorex2007 ($1.71 in chips) 
Seat 9: dankat23 ($2.19 in chips) 
evelyne523: posts small blind $0.01
droctagon101: posts big blind $0.02
SONIK_SH: sits out 
*** HOLE CARDS ***
Dealt to Dorex2007 [9d Ts]
Dorex2007: folds 
dankat23: folds 
D0351T: folds 
JONNYPOWER77: raises $0.04 to $0.06
Toppi888: folds 
AlexVV40: calls $0.06
evelyne523: calls $0.05
droctagon101: folds 
*** FLOP *** [6c Ac 2s]
evelyne523: checks 
JONNYPOWER77: checks 
AlexVV40: bets $0.12
evelyne523: folds 
JONNYPOWER77: folds 
Uncalled bet ($0.12) returned to AlexVV40
AlexVV40 collected $0.19 from pot
AlexVV40: doesn't show hand 
*** SUMMARY ***
Total pot $0.20 | Rake $0.01 
Board [6c Ac 2s]
Seat 1: D0351T folded before Flop (didn't bet)
Seat 2: JONNYPOWER77 folded on the Flop
Seat 3: Toppi888 folded before Flop (didn't bet)
Seat 4: AlexVV40 (button) collected ($0.19)
Seat 5: evelyne523 (small blind) folded on the Flop
Seat 6: droctagon101 (big blind) folded before Flop
Seat 8: Dorex2007 folded before Flop (didn't bet)
Seat 9: dankat23 folded before Flop (didn't bet)



PokerStars Hand #225218259943:  Hold'em No Limit ($0.01/$0.02 USD) - 2021/03/26 17:25:54 PT [2021/03/26 20:25:54 ET]
Table 'Hohensteina IV' 9-max Seat #5 is the button
Seat 1: D0351T ($1.63 in chips) 
Seat 2: JONNYPOWER77 ($1.89 in chips) 
Seat 3: Toppi888 ($3.80 in chips) 
Seat 4: AlexVV40 ($1.56 in chips) 
Seat 5: evelyne523 ($1.90 in chips) 
Seat 6: droctagon101 ($2.50 in chips) 
Seat 7: SONIK_SH ($0.80 in chips) 
Seat 8: Dorex2007 ($1.71 in chips) 
Seat 9: dankat23 ($2.19 in chips) 
droctagon101: posts small blind $0.01
SONIK_SH: posts big blind $0.02
*** HOLE CARDS ***
Dealt to Dorex2007 [Kd Jc]
Dorex2007: folds 
dankat23: calls $0.02
D0351T: calls $0.02
JONNYPOWER77: raises $0.04 to $0.06
Toppi888: calls $0.06
AlexVV40: folds 
evelyne523: calls $0.06
droctagon101: folds 
SONIK_SH: folds 
dankat23: calls $0.04
D0351T: calls $0.04
*** FLOP *** [Ts 5h 3d]
dankat23: bets $0.05
D0351T: folds 
JONNYPOWER77: folds 
Toppi888: folds 
evelyne523: calls $0.05
*** TURN *** [Ts 5h 3d] [2c]
dankat23: checks 
evelyne523: checks 
*** RIVER *** [Ts 5h 3d 2c] [8h]
dankat23: bets $0.20
evelyne523: calls $0.20
*** SHOW DOWN ***
dankat23: shows [Jh Th] (a pair of Tens)
evelyne523: mucks hand 
dankat23 collected $0.80 from pot
*** SUMMARY ***
Total pot $0.83 | Rake $0.03 
Board [Ts 5h 3d 2c 8h]
Seat 1: D0351T folded on the Flop
Seat 2: JONNYPOWER77 folded on the Flop
Seat 3: Toppi888 folded on the Flop
Seat 4: AlexVV40 folded before Flop (didn't bet)
Seat 5: evelyne523 (button) mucked [7s 7d]
Seat 6: droctagon101 (small blind) folded before Flop
Seat 7: SONIK_SH (big blind) folded before Flop
Seat 8: Dorex2007 folded before Flop (didn't bet)
Seat 9: dankat23 showed [Jh Th] and won ($0.80) with a pair of Tens



PokerStars Hand #225218292677:  Hold'em No Limit ($0.01/$0.02 USD) - 2021/03/26 17:27:06 PT [2021/03/26 20:27:06 ET]
Table 'Hohensteina IV' 9-max Seat #6 is the button
Seat 1: D0351T ($1.57 in chips) 
Seat 2: JONNYPOWER77 ($1.83 in chips) 
Seat 3: Toppi888 ($3.74 in chips) 
Seat 4: AlexVV40 ($1.56 in chips) 
Seat 5: evelyne523 ($1.59 in chips) 
Seat 6: droctagon101 ($2.49 in chips) 
Seat 7: SONIK_SH ($0.78 in chips) 
Seat 8: Dorex2007 ($1.71 in chips) 
Seat 9: dankat23 ($2.68 in chips) 
SONIK_SH: posts small blind $0.01
Dorex2007: posts big blind $0.02
*** HOLE CARDS ***
Dealt to Dorex2007 [9c 5c]
dankat23: raises $0.04 to $0.06
D0351T: folds 
JONNYPOWER77: calls $0.06
Toppi888: folds 
AlexVV40: folds 
evelyne523: calls $0.06
droctagon101: folds 
SONIK_SH: folds 
Dorex2007: folds 
*** FLOP *** [Ah 5h Qd]
dankat23: checks 
JONNYPOWER77: bets $0.12
evelyne523: calls $0.12
dankat23: folds 
*** TURN *** [Ah 5h Qd] [2h]
JONNYPOWER77: bets $0.21
evelyne523: calls $0.21
*** RIVER *** [Ah 5h Qd 2h] [4c]
JONNYPOWER77: checks 
evelyne523: bets $0.84
JONNYPOWER77: calls $0.84
*** SHOW DOWN ***
evelyne523: shows [3d 4s] (a straight, Ace to Five)
JONNYPOWER77: mucks hand 
evelyne523 collected $2.46 from pot
*** SUMMARY ***
Total pot $2.55 | Rake $0.09 
Board [Ah 5h Qd 2h 4c]
Seat 1: D0351T folded before Flop (didn't bet)
Seat 2: JONNYPOWER77 mucked [Ad 2c]
Seat 3: Toppi888 folded before Flop (didn't bet)
Seat 4: AlexVV40 folded before Flop (didn't bet)
Seat 5: evelyne523 showed [3d 4s] and won ($2.46) with a straight, Ace to Five
Seat 6: droctagon101 (button) folded before Flop (didn't bet)
Seat 7: SONIK_SH (small blind) folded before Flop
Seat 8: Dorex2007 (big blind) folded before Flop
Seat 9: dankat23 folded on the Flop



PokerStars Hand #225218323165:  Hold'em No Limit ($0.01/$0.02 USD) - 2021/03/26 17:28:12 PT [2021/03/26 20:28:12 ET]
Table 'Hohensteina IV' 9-max Seat #7 is the button
Seat 1: D0351T ($1.57 in chips) 
Seat 2: JONNYPOWER77 ($0.60 in chips) 
Seat 3: Toppi888 ($3.74 in chips) 
Seat 4: AlexVV40 ($1.56 in chips) 
Seat 5: evelyne523 ($2.82 in chips) 
Seat 6: droctagon101 ($2.49 in chips) 
Seat 7: SONIK_SH ($0.77 in chips) 
Seat 8: Dorex2007 ($1.69 in chips) 
Seat 9: dankat23 ($2.62 in chips) 
Dorex2007: posts small blind $0.01
dankat23: posts big blind $0.02
*** HOLE CARDS ***
Dealt to Dorex2007 [2d 4d]
D0351T: calls $0.02
JONNYPOWER77: folds 
Toppi888: folds 
AlexVV40: folds 
evelyne523 has timed out
evelyne523: folds 
droctagon101: folds 
SONIK_SH: raises $0.07 to $0.09
Dorex2007: folds 
dankat23: folds 
D0351T: folds 
Uncalled bet ($0.07) returned to SONIK_SH
SONIK_SH collected $0.07 from pot
SONIK_SH: doesn't show hand 
*** SUMMARY ***
Total pot $0.07 | Rake $0 
Seat 1: D0351T folded before Flop
Seat 2: JONNYPOWER77 folded before Flop (didn't bet)
Seat 3: Toppi888 folded before Flop (didn't bet)
Seat 4: AlexVV40 folded before Flop (didn't bet)
Seat 5: evelyne523 folded before Flop (didn't bet)
Seat 6: droctagon101 folded before Flop (didn't bet)
Seat 7: SONIK_SH (button) collected ($0.07)
Seat 8: Dorex2007 (small blind) folded before Flop
Seat 9: dankat23 (big blind) folded before Flop



PokerStars Hand #225218345993:  Hold'em No Limit ($0.01/$0.02 USD) - 2021/03/26 17:28:52 PT [2021/03/26 20:28:52 ET]
Table 'Hohensteina IV' 9-max Seat #8 is the button
Seat 1: D0351T ($1.55 in chips) 
Seat 2: JONNYPOWER77 ($2 in chips) 
Seat 3: Toppi888 ($3.74 in chips) 
Seat 4: AlexVV40 ($1.56 in chips) 
Seat 5: evelyne523 ($2.82 in chips) 
Seat 6: droctagon101 ($2.49 in chips) 
Seat 7: SONIK_SH ($0.82 in chips) 
Seat 8: Dorex2007 ($1.68 in chips) 
Seat 9: dankat23 ($2.60 in chips) 
dankat23: posts small blind $0.01
D0351T: posts big blind $0.02
*** HOLE CARDS ***
Dealt to Dorex2007 [Jh 4d]
JONNYPOWER77: folds 
Toppi888: calls $0.02
AlexVV40: folds 
evelyne523: folds 
droctagon101: raises $0.06 to $0.08
SONIK_SH: calls $0.08
Dorex2007: folds 
dankat23: folds 
D0351T: folds 
Toppi888: folds 
*** FLOP *** [2c Tc 8h]
droctagon101: checks 
SONIK_SH: bets $0.08
droctagon101: folds 
Uncalled bet ($0.08) returned to SONIK_SH
SONIK_SH collected $0.20 from pot
SONIK_SH: doesn't show hand 
*** SUMMARY ***
Total pot $0.21 | Rake $0.01 
Board [2c Tc 8h]
Seat 1: D0351T (big blind) folded before Flop
Seat 2: JONNYPOWER77 folded before Flop (didn't bet)
Seat 3: Toppi888 folded before Flop
Seat 4: AlexVV40 folded before Flop (didn't bet)
Seat 5: evelyne523 folded before Flop (didn't bet)
Seat 6: droctagon101 folded on the Flop
Seat 7: SONIK_SH collected ($0.20)
Seat 8: Dorex2007 (button) folded before Flop (didn't bet)
Seat 9: dankat23 (small blind) folded before Flop



PokerStars Hand #225218372318:  Hold'em No Limit ($0.01/$0.02 USD) - 2021/03/26 17:29:35 PT [2021/03/26 20:29:35 ET]
Table 'Hohensteina IV' 9-max Seat #9 is the button
Seat 1: D0351T ($1.53 in chips) 
Seat 2: JONNYPOWER77 ($2 in chips) 
Seat 3: Toppi888 ($3.72 in chips) 
Seat 4: AlexVV40 ($1.56 in chips) 
Seat 5: evelyne523 ($2.82 in chips) 
Seat 6: droctagon101 ($2.41 in chips) 
Seat 7: SONIK_SH ($0.94 in chips) 
Seat 8: Dorex2007 ($1.68 in chips) 
Seat 9: dankat23 ($2.59 in chips) 
D0351T: posts small blind $0.01
JONNYPOWER77: posts big blind $0.02
*** HOLE CARDS ***
Dealt to Dorex2007 [4d 7d]
Toppi888: folds 
AlexVV40 has timed out
AlexVV40: folds 
evelyne523: calls $0.02
droctagon101: folds 
SONIK_SH: folds 
Dorex2007: folds 
dankat23: folds 
D0351T: calls $0.01
JONNYPOWER77: checks 
*** FLOP *** [Qc 3h 9d]
D0351T: checks 
JONNYPOWER77: checks 
evelyne523: checks 
*** TURN *** [Qc 3h 9d] [Th]
D0351T: checks 
JONNYPOWER77: checks 
evelyne523: checks 
*** RIVER *** [Qc 3h 9d Th] [5s]
D0351T: checks 
JONNYPOWER77: checks 
evelyne523: checks 
*** SHOW DOWN ***
D0351T: shows [Js 4h] (high card Queen)
JONNYPOWER77: shows [Kc 5h] (a pair of Fives)
evelyne523: mucks hand 
JONNYPOWER77 collected $0.06 from pot
*** SUMMARY ***
Total pot $0.06 | Rake $0 
Board [Qc 3h 9d Th 5s]
Seat 1: D0351T (small blind) showed [Js 4h] and lost with high card Queen
Seat 2: JONNYPOWER77 (big blind) showed [Kc 5h] and won ($0.06) with a pair of Fives
Seat 3: Toppi888 folded before Flop (didn't bet)
Seat 4: AlexVV40 folded before Flop (didn't bet)
Seat 5: evelyne523 mucked [Kd Ah]
Seat 6: droctagon101 folded before Flop (didn't bet)
Seat 7: SONIK_SH folded before Flop (didn't bet)
Seat 8: Dorex2007 folded before Flop (didn't bet)
Seat 9: dankat23 (button) folded before Flop (didn't bet)



PokerStars Hand #225218396139:  Hold'em No Limit ($0.01/$0.02 USD) - 2021/03/26 17:30:26 PT [2021/03/26 20:30:26 ET]
Table 'Hohensteina IV' 9-max Seat #1 is the button
Seat 1: D0351T ($1.51 in chips) 
Seat 2: JONNYPOWER77 ($2.04 in chips) 
Seat 3: Toppi888 ($3.72 in chips) 
Seat 4: AlexVV40 ($1.56 in chips) 
Seat 5: evelyne523 ($2.80 in chips) 
Seat 6: droctagon101 ($2.41 in chips) 
Seat 7: SONIK_SH ($0.94 in chips) 
Seat 8: Dorex2007 ($1.68 in chips) 
Seat 9: dankat23 ($2.59 in chips) 
JONNYPOWER77: posts small blind $0.01
Toppi888: posts big blind $0.02
*** HOLE CARDS ***
Dealt to Dorex2007 [9d 6s]
AlexVV40: folds 
evelyne523: calls $0.02
droctagon101: folds 
SONIK_SH: raises $0.07 to $0.09
Dorex2007: folds 
dankat23: folds 
D0351T: folds 
JONNYPOWER77: folds 
Toppi888: folds 
evelyne523: calls $0.07
*** FLOP *** [2s Ac Qh]
evelyne523: checks 
SONIK_SH: bets $0.06
evelyne523: folds 
Uncalled bet ($0.06) returned to SONIK_SH
SONIK_SH collected $0.20 from pot
SONIK_SH: doesn't show hand 
*** SUMMARY ***
Total pot $0.21 | Rake $0.01 
Board [2s Ac Qh]
Seat 1: D0351T (button) folded before Flop (didn't bet)
Seat 2: JONNYPOWER77 (small blind) folded before Flop
Seat 3: Toppi888 (big blind) folded before Flop
Seat 4: AlexVV40 folded before Flop (didn't bet)
Seat 5: evelyne523 folded on the Flop
Seat 6: droctagon101 folded before Flop (didn't bet)
Seat 7: SONIK_SH collected ($0.20)
Seat 8: Dorex2007 folded before Flop (didn't bet)
Seat 9: dankat23 folded before Flop (didn't bet)



PokerStars Hand #225218418496:  Hold'em No Limit ($0.01/$0.02 USD) - 2021/03/26 17:31:15 PT [2021/03/26 20:31:15 ET]
Table 'Hohensteina IV' 9-max Seat #2 is the button
Seat 1: D0351T ($1.51 in chips) 
Seat 2: JONNYPOWER77 ($2.03 in chips) 
Seat 3: Toppi888 ($3.70 in chips) 
Seat 4: AlexVV40 ($1.56 in chips) 
Seat 5: evelyne523 ($2.71 in chips) 
Seat 6: droctagon101 ($2.41 in chips) 
Seat 7: SONIK_SH ($1.05 in chips) 
Seat 8: Dorex2007 ($1.68 in chips) 
Seat 9: dankat23 ($2.59 in chips) 
Toppi888: posts small blind $0.01
AlexVV40: posts big blind $0.02
*** HOLE CARDS ***
Dealt to Dorex2007 [Ad 3s]
evelyne523: calls $0.02
droctagon101: folds 
SONIK_SH: raises $0.04 to $0.06
Dorex2007: folds 
dankat23: folds 
D0351T: folds 
JONNYPOWER77: calls $0.06
Toppi888: folds 
AlexVV40: folds 
evelyne523: calls $0.04
*** FLOP *** [Jh 6c 6h]
evelyne523: checks 
SONIK_SH: bets $0.06
JONNYPOWER77: folds 
evelyne523: calls $0.06
*** TURN *** [Jh 6c 6h] [Tc]
evelyne523: checks 
SONIK_SH: checks 
*** RIVER *** [Jh 6c 6h Tc] [5s]
evelyne523: bets $0.16
SONIK_SH: folds 
Uncalled bet ($0.16) returned to evelyne523
evelyne523 collected $0.32 from pot
evelyne523: doesn't show hand 
*** SUMMARY ***
Total pot $0.33 | Rake $0.01 
Board [Jh 6c 6h Tc 5s]
Seat 1: D0351T folded before Flop (didn't bet)
Seat 2: JONNYPOWER77 (button) folded on the Flop
Seat 3: Toppi888 (small blind) folded before Flop
Seat 4: AlexVV40 (big blind) folded before Flop
Seat 5: evelyne523 collected ($0.32)
Seat 6: droctagon101 folded before Flop (didn't bet)
Seat 7: SONIK_SH folded on the River
Seat 8: Dorex2007 folded before Flop (didn't bet)
Seat 9: dankat23 folded before Flop (didn't bet)



PokerStars Hand #225218448223:  Hold'em No Limit ($0.01/$0.02 USD) - 2021/03/26 17:32:20 PT [2021/03/26 20:32:20 ET]
Table 'Hohensteina IV' 9-max Seat #3 is the button
Seat 1: D0351T ($1.51 in chips) 
Seat 2: JONNYPOWER77 ($1.97 in chips) 
Seat 3: Toppi888 ($3.69 in chips) 
Seat 4: AlexVV40 ($1.54 in chips) 
Seat 5: evelyne523 ($2.91 in chips) 
Seat 6: droctagon101 ($2.41 in chips) 
Seat 7: SONIK_SH ($0.93 in chips) 
Seat 8: Dorex2007 ($1.68 in chips) 
Seat 9: dankat23 ($2.59 in chips) 
AlexVV40: posts small blind $0.01
evelyne523: posts big blind $0.02
*** HOLE CARDS ***
Dealt to Dorex2007 [5d Jh]
droctagon101: folds 
SONIK_SH: folds 
Dorex2007: folds 
dankat23: calls $0.02
D0351T: calls $0.02
JONNYPOWER77: folds 
Toppi888: folds 
AlexVV40: folds 
evelyne523: checks 
*** FLOP *** [Ac Th 2c]
evelyne523: checks 
dankat23: checks 
D0351T: bets $0.02
evelyne523: calls $0.02
dankat23: calls $0.02
*** TURN *** [Ac Th 2c] [Tc]
evelyne523: checks 
dankat23: checks 
D0351T: bets $0.02
evelyne523: calls $0.02
dankat23: folds 
*** RIVER *** [Ac Th 2c Tc] [5h]
evelyne523: checks 
D0351T: bets $0.08
evelyne523: folds 
Uncalled bet ($0.08) returned to D0351T
D0351T collected $0.16 from pot
D0351T: doesn't show hand 
*** SUMMARY ***
Total pot $0.17 | Rake $0.01 
Board [Ac Th 2c Tc 5h]
Seat 1: D0351T collected ($0.16)
Seat 2: JONNYPOWER77 folded before Flop (didn't bet)
Seat 3: Toppi888 (button) folded before Flop (didn't bet)
Seat 4: AlexVV40 (small blind) folded before Flop
Seat 5: evelyne523 (big blind) folded on the River
Seat 6: droctagon101 folded before Flop (didn't bet)
Seat 7: SONIK_SH folded before Flop (didn't bet)
Seat 8: Dorex2007 folded before Flop (didn't bet)
Seat 9: dankat23 folded on the Turn



