PokerStars Hand #230720606243:  Hold'em No Limit ($0.01/$0.02 USD) - 2021/10/18 23:11:06 PT [2021/10/19 2:11:06 ET]
Table 'Desdemona IV' 9-max Seat #7 is the button
Seat 1: gosha277 ($0.76 in chips) 
Seat 2: Gabriel.SMAA ($1.86 in chips) 
Seat 3: oblivionreX ($2.92 in chips) 
Seat 4: elmatador604 ($1.81 in chips) 
Seat 5: Dorex2007 ($2 in chips) 
Seat 7: KING DEMO691 ($3.55 in chips) 
Seat 8: George Grats ($3.39 in chips) 
Seat 9: pvd44443 ($2.33 in chips) 
George Grats: posts small blind $0.01
pvd44443: posts big blind $0.02
Dorex2007: posts big blind $0.02
bloody55hawk: sits out 
*** HOLE CARDS ***
Dealt to Dorex2007 [7d Ks]
gosha277: raises $0.02 to $0.04
Gabriel.SMAA: folds 
oblivionreX: folds 
elmatador604: folds 
Dorex2007: folds 
KING DEMO691: folds 
George Grats: folds 
pvd44443: folds 
Uncalled bet ($0.02) returned to gosha277
gosha277 collected $0.07 from pot
gosha277: doesn't show hand 
*** SUMMARY ***
Total pot $0.07 | Rake $0 
Seat 1: gosha277 collected ($0.07)
Seat 2: Gabriel.SMAA folded before Flop (didn't bet)
Seat 3: oblivionreX folded before Flop (didn't bet)
Seat 4: elmatador604 folded before Flop (didn't bet)
Seat 5: Dorex2007 folded before Flop (didn't bet)
Seat 7: KING DEMO691 (button) folded before Flop (didn't bet)
Seat 8: George Grats (small blind) folded before Flop
Seat 9: pvd44443 (big blind) folded before Flop



PokerStars Hand #230720608114:  Hold'em No Limit ($0.01/$0.02 USD) - 2021/10/18 23:11:22 PT [2021/10/19 2:11:22 ET]
Table 'Desdemona IV' 9-max Seat #8 is the button
Seat 1: gosha277 ($0.81 in chips) 
Seat 2: Gabriel.SMAA ($1.86 in chips) 
Seat 3: oblivionreX ($2.92 in chips) 
Seat 4: elmatador604 ($1.81 in chips) 
Seat 5: Dorex2007 ($2 in chips) 
Seat 7: KING DEMO691 ($3.55 in chips) 
Seat 8: George Grats ($3.38 in chips) 
Seat 9: pvd44443 ($2.31 in chips) 
pvd44443: posts small blind $0.01
gosha277: posts big blind $0.02
bloody55hawk: sits out 
*** HOLE CARDS ***
Dealt to Dorex2007 [8h 7s]
Gabriel.SMAA has timed out
Gabriel.SMAA: folds 
oblivionreX: folds 
elmatador604: calls $0.02
Dorex2007: folds 
KING DEMO691: folds 
George Grats: folds 
pvd44443: folds 
gosha277: checks 
*** FLOP *** [5h Kc Qc]
gosha277: checks 
elmatador604: bets $0.02
gosha277: folds 
Uncalled bet ($0.02) returned to elmatador604
elmatador604 collected $0.05 from pot
elmatador604: doesn't show hand 
*** SUMMARY ***
Total pot $0.05 | Rake $0 
Board [5h Kc Qc]
Seat 1: gosha277 (big blind) folded on the Flop
Seat 2: Gabriel.SMAA folded before Flop (didn't bet)
Seat 3: oblivionreX folded before Flop (didn't bet)
Seat 4: elmatador604 collected ($0.05)
Seat 5: Dorex2007 folded before Flop (didn't bet)
Seat 7: KING DEMO691 folded before Flop (didn't bet)
Seat 8: George Grats (button) folded before Flop (didn't bet)
Seat 9: pvd44443 (small blind) folded before Flop



PokerStars Hand #230720611675:  Hold'em No Limit ($0.01/$0.02 USD) - 2021/10/18 23:11:51 PT [2021/10/19 2:11:51 ET]
Table 'Desdemona IV' 9-max Seat #9 is the button
Seat 1: gosha277 ($0.79 in chips) 
Seat 2: Gabriel.SMAA ($1.86 in chips) 
Seat 3: oblivionreX ($2.92 in chips) 
Seat 4: elmatador604 ($1.84 in chips) 
Seat 5: Dorex2007 ($2 in chips) 
Seat 7: KING DEMO691 ($3.55 in chips) 
Seat 8: George Grats ($3.38 in chips) 
Seat 9: pvd44443 ($2.30 in chips) 
gosha277: posts small blind $0.01
Gabriel.SMAA: posts big blind $0.02
bloody55hawk: sits out 
*** HOLE CARDS ***
Dealt to Dorex2007 [Tc 4d]
oblivionreX: folds 
elmatador604: folds 
Dorex2007: folds 
KING DEMO691: folds 
George Grats: folds 
pvd44443: folds 
gosha277: calls $0.01
Gabriel.SMAA: checks 
*** FLOP *** [9h 8d 5s]
gosha277: bets $0.02
Gabriel.SMAA: folds 
Uncalled bet ($0.02) returned to gosha277
gosha277 collected $0.04 from pot
gosha277: doesn't show hand 
*** SUMMARY ***
Total pot $0.04 | Rake $0 
Board [9h 8d 5s]
Seat 1: gosha277 (small blind) collected ($0.04)
Seat 2: Gabriel.SMAA (big blind) folded on the Flop
Seat 3: oblivionreX folded before Flop (didn't bet)
Seat 4: elmatador604 folded before Flop (didn't bet)
Seat 5: Dorex2007 folded before Flop (didn't bet)
Seat 7: KING DEMO691 folded before Flop (didn't bet)
Seat 8: George Grats folded before Flop (didn't bet)
Seat 9: pvd44443 (button) folded before Flop (didn't bet)



PokerStars Hand #230720614596:  Hold'em No Limit ($0.01/$0.02 USD) - 2021/10/18 23:12:15 PT [2021/10/19 2:12:15 ET]
Table 'Desdemona IV' 9-max Seat #1 is the button
Seat 1: gosha277 ($0.81 in chips) 
Seat 2: Gabriel.SMAA ($1.84 in chips) 
Seat 3: oblivionreX ($2.92 in chips) 
Seat 4: elmatador604 ($1.84 in chips) 
Seat 5: Dorex2007 ($2 in chips) 
Seat 7: KING DEMO691 ($3.55 in chips) 
Seat 8: George Grats ($3.38 in chips) 
Seat 9: pvd44443 ($2.30 in chips) 
Gabriel.SMAA: posts small blind $0.01
oblivionreX: posts big blind $0.02
bloody55hawk: sits out 
*** HOLE CARDS ***
Dealt to Dorex2007 [3c 6c]
elmatador604: folds 
Dorex2007: folds 
KING DEMO691: folds 
George Grats: folds 
pvd44443: folds 
gosha277: folds 
Gabriel.SMAA: raises $0.06 to $0.08
oblivionreX: folds 
Uncalled bet ($0.06) returned to Gabriel.SMAA
Gabriel.SMAA collected $0.04 from pot
Gabriel.SMAA: doesn't show hand 
*** SUMMARY ***
Total pot $0.04 | Rake $0 
Seat 1: gosha277 (button) folded before Flop (didn't bet)
Seat 2: Gabriel.SMAA (small blind) collected ($0.04)
Seat 3: oblivionreX (big blind) folded before Flop
Seat 4: elmatador604 folded before Flop (didn't bet)
Seat 5: Dorex2007 folded before Flop (didn't bet)
Seat 7: KING DEMO691 folded before Flop (didn't bet)
Seat 8: George Grats folded before Flop (didn't bet)
Seat 9: pvd44443 folded before Flop (didn't bet)



PokerStars Hand #230720617140:  Hold'em No Limit ($0.01/$0.02 USD) - 2021/10/18 23:12:37 PT [2021/10/19 2:12:37 ET]
Table 'Desdemona IV' 9-max Seat #2 is the button
Seat 1: gosha277 ($0.81 in chips) 
Seat 2: Gabriel.SMAA ($1.86 in chips) 
Seat 3: oblivionreX ($2.90 in chips) 
Seat 4: elmatador604 ($1.84 in chips) 
Seat 5: Dorex2007 ($2 in chips) 
Seat 7: KING DEMO691 ($3.55 in chips) 
Seat 8: George Grats ($3.38 in chips) 
Seat 9: pvd44443 ($2.30 in chips) 
oblivionreX: posts small blind $0.01
elmatador604: posts big blind $0.02
bloody55hawk: sits out 
*** HOLE CARDS ***
Dealt to Dorex2007 [3h 6s]
Dorex2007: folds 
KING DEMO691: folds 
George Grats: folds 
pvd44443: folds 
gosha277: raises $0.02 to $0.04
Gabriel.SMAA: folds 
oblivionreX: folds 
elmatador604: calls $0.02
*** FLOP *** [Kh 9s Jd]
elmatador604: bets $0.02
gosha277: calls $0.02
*** TURN *** [Kh 9s Jd] [6c]
elmatador604: bets $0.04
gosha277: folds 
Uncalled bet ($0.04) returned to elmatador604
elmatador604 collected $0.13 from pot
elmatador604: doesn't show hand 
*** SUMMARY ***
Total pot $0.13 | Rake $0 
Board [Kh 9s Jd 6c]
Seat 1: gosha277 folded on the Turn
Seat 2: Gabriel.SMAA (button) folded before Flop (didn't bet)
Seat 3: oblivionreX (small blind) folded before Flop
Seat 4: elmatador604 (big blind) collected ($0.13)
Seat 5: Dorex2007 folded before Flop (didn't bet)
Seat 7: KING DEMO691 folded before Flop (didn't bet)
Seat 8: George Grats folded before Flop (didn't bet)
Seat 9: pvd44443 folded before Flop (didn't bet)



PokerStars Hand #230720622120:  Hold'em No Limit ($0.01/$0.02 USD) - 2021/10/18 23:13:17 PT [2021/10/19 2:13:17 ET]
Table 'Desdemona IV' 9-max Seat #3 is the button
Seat 1: gosha277 ($0.75 in chips) 
Seat 2: Gabriel.SMAA ($1.86 in chips) 
Seat 3: oblivionreX ($2.89 in chips) 
Seat 4: elmatador604 ($1.91 in chips) 
Seat 5: Dorex2007 ($2 in chips) 
Seat 7: KING DEMO691 ($3.55 in chips) 
Seat 8: George Grats ($3.38 in chips) 
Seat 9: pvd44443 ($2.30 in chips) 
elmatador604: posts small blind $0.01
Dorex2007: posts big blind $0.02
bloody55hawk: sits out 
*** HOLE CARDS ***
Dealt to Dorex2007 [3s 5d]
KING DEMO691: folds 
George Grats: folds 
pvd44443: folds 
gosha277: folds 
Gabriel.SMAA: folds 
oblivionreX: raises $0.04 to $0.06
elmatador604: folds 
Dorex2007: folds 
Uncalled bet ($0.04) returned to oblivionreX
oblivionreX collected $0.05 from pot
oblivionreX: doesn't show hand 
*** SUMMARY ***
Total pot $0.05 | Rake $0 
Seat 1: gosha277 folded before Flop (didn't bet)
Seat 2: Gabriel.SMAA folded before Flop (didn't bet)
Seat 3: oblivionreX (button) collected ($0.05)
Seat 4: elmatador604 (small blind) folded before Flop
Seat 5: Dorex2007 (big blind) folded before Flop
Seat 7: KING DEMO691 folded before Flop (didn't bet)
Seat 8: George Grats folded before Flop (didn't bet)
Seat 9: pvd44443 folded before Flop (didn't bet)



PokerStars Hand #230720625973:  Hold'em No Limit ($0.01/$0.02 USD) - 2021/10/18 23:13:49 PT [2021/10/19 2:13:49 ET]
Table 'Desdemona IV' 9-max Seat #4 is the button
Seat 1: gosha277 ($0.75 in chips) 
Seat 2: Gabriel.SMAA ($1.86 in chips) 
Seat 3: oblivionreX ($2.92 in chips) 
Seat 4: elmatador604 ($1.90 in chips) 
Seat 5: Dorex2007 ($2 in chips) 
Seat 6: bloody55hawk ($0.80 in chips) 
Seat 7: KING DEMO691 ($3.55 in chips) 
Seat 8: George Grats ($3.38 in chips) 
Seat 9: pvd44443 ($2.30 in chips) 
Dorex2007: posts small blind $0.01
bloody55hawk: posts big blind $0.02
*** HOLE CARDS ***
Dealt to Dorex2007 [7c 3s]
KING DEMO691: folds 
George Grats: folds 
pvd44443: folds 
gosha277: calls $0.02
Gabriel.SMAA: folds 
oblivionreX: folds 
elmatador604: calls $0.02
Dorex2007: folds 
bloody55hawk: checks 
*** FLOP *** [Kc Qc Jc]
bloody55hawk: checks 
gosha277: checks 
elmatador604: bets $0.02
bloody55hawk: folds 
gosha277: folds 
Uncalled bet ($0.02) returned to elmatador604
elmatador604 collected $0.07 from pot
elmatador604: doesn't show hand 
*** SUMMARY ***
Total pot $0.07 | Rake $0 
Board [Kc Qc Jc]
Seat 1: gosha277 folded on the Flop
Seat 2: Gabriel.SMAA folded before Flop (didn't bet)
Seat 3: oblivionreX folded before Flop (didn't bet)
Seat 4: elmatador604 (button) collected ($0.07)
Seat 5: Dorex2007 (small blind) folded before Flop
Seat 6: bloody55hawk (big blind) folded on the Flop
Seat 7: KING DEMO691 folded before Flop (didn't bet)
Seat 8: George Grats folded before Flop (didn't bet)
Seat 9: pvd44443 folded before Flop (didn't bet)



PokerStars Hand #230720629570:  Hold'em No Limit ($0.01/$0.02 USD) - 2021/10/18 23:14:18 PT [2021/10/19 2:14:18 ET]
Table 'Desdemona IV' 9-max Seat #5 is the button
Seat 1: gosha277 ($0.73 in chips) 
Seat 2: Gabriel.SMAA ($1.86 in chips) 
Seat 3: oblivionreX ($2.92 in chips) 
Seat 4: elmatador604 ($1.95 in chips) 
Seat 5: Dorex2007 ($2 in chips) 
Seat 6: bloody55hawk ($0.80 in chips) 
Seat 7: KING DEMO691 ($3.55 in chips) 
Seat 8: George Grats ($3.38 in chips) 
Seat 9: pvd44443 ($2.30 in chips) 
bloody55hawk: posts small blind $0.01
KING DEMO691: posts big blind $0.02
*** HOLE CARDS ***
Dealt to Dorex2007 [6c Ac]
George Grats: folds 
pvd44443: folds 
gosha277: calls $0.02
Gabriel.SMAA: folds 
oblivionreX: folds 
elmatador604: calls $0.02
Dorex2007: calls $0.02
bloody55hawk: raises $0.78 to $0.80 and is all-in
KING DEMO691: folds 
gosha277: folds 
elmatador604: folds 
Dorex2007: folds 
Uncalled bet ($0.78) returned to bloody55hawk
bloody55hawk collected $0.10 from pot
bloody55hawk: doesn't show hand 
*** SUMMARY ***
Total pot $0.10 | Rake $0 
Seat 1: gosha277 folded before Flop
Seat 2: Gabriel.SMAA folded before Flop (didn't bet)
Seat 3: oblivionreX folded before Flop (didn't bet)
Seat 4: elmatador604 folded before Flop
Seat 5: Dorex2007 (button) folded before Flop
Seat 6: bloody55hawk (small blind) collected ($0.10)
Seat 7: KING DEMO691 (big blind) folded before Flop
Seat 8: George Grats folded before Flop (didn't bet)
Seat 9: pvd44443 folded before Flop (didn't bet)



PokerStars Hand #230720633185:  Hold'em No Limit ($0.01/$0.02 USD) - 2021/10/18 23:14:48 PT [2021/10/19 2:14:48 ET]
Table 'Desdemona IV' 9-max Seat #6 is the button
Seat 1: gosha277 ($0.71 in chips) 
Seat 2: Gabriel.SMAA ($1.86 in chips) 
Seat 3: oblivionreX ($2.92 in chips) 
Seat 4: elmatador604 ($1.93 in chips) 
Seat 5: Dorex2007 ($2 in chips) 
Seat 6: bloody55hawk ($0.88 in chips) 
Seat 7: KING DEMO691 ($3.53 in chips) 
Seat 8: George Grats ($3.38 in chips) 
Seat 9: pvd44443 ($2.30 in chips) 
KING DEMO691: posts small blind $0.01
George Grats: posts big blind $0.02
*** HOLE CARDS ***
Dealt to Dorex2007 [8s Jc]
pvd44443: folds 
gosha277: folds 
Gabriel.SMAA: calls $0.02
oblivionreX: folds 
elmatador604: folds 
Dorex2007: folds 
bloody55hawk: folds 
KING DEMO691: folds 
George Grats: checks 
*** FLOP *** [Ts Ac 8c]
George Grats: checks 
Gabriel.SMAA: checks 
*** TURN *** [Ts Ac 8c] [4s]
George Grats: bets $0.02
Gabriel.SMAA: raises $0.18 to $0.20
George Grats: folds 
Uncalled bet ($0.18) returned to Gabriel.SMAA
Gabriel.SMAA collected $0.09 from pot
Gabriel.SMAA: doesn't show hand 
*** SUMMARY ***
Total pot $0.09 | Rake $0 
Board [Ts Ac 8c 4s]
Seat 1: gosha277 folded before Flop (didn't bet)
Seat 2: Gabriel.SMAA collected ($0.09)
Seat 3: oblivionreX folded before Flop (didn't bet)
Seat 4: elmatador604 folded before Flop (didn't bet)
Seat 5: Dorex2007 folded before Flop (didn't bet)
Seat 6: bloody55hawk (button) folded before Flop (didn't bet)
Seat 7: KING DEMO691 (small blind) folded before Flop
Seat 8: George Grats (big blind) folded on the Turn
Seat 9: pvd44443 folded before Flop (didn't bet)



PokerStars Hand #230720638817:  Hold'em No Limit ($0.01/$0.02 USD) - 2021/10/18 23:15:34 PT [2021/10/19 2:15:34 ET]
Table 'Desdemona IV' 9-max Seat #7 is the button
Seat 1: gosha277 ($0.71 in chips) 
Seat 2: Gabriel.SMAA ($1.91 in chips) 
Seat 3: oblivionreX ($2.92 in chips) 
Seat 4: elmatador604 ($1.93 in chips) 
Seat 5: Dorex2007 ($2 in chips) 
Seat 6: bloody55hawk ($0.88 in chips) 
Seat 7: KING DEMO691 ($3.52 in chips) 
Seat 8: George Grats ($3.34 in chips) 
Seat 9: pvd44443 ($2.30 in chips) 
George Grats: posts small blind $0.01
pvd44443: posts big blind $0.02
*** HOLE CARDS ***
Dealt to Dorex2007 [9d 7c]
gosha277: calls $0.02
Gabriel.SMAA has timed out
Gabriel.SMAA: folds 
oblivionreX: folds 
elmatador604: raises $0.04 to $0.06
Dorex2007: folds 
bloody55hawk: folds 
KING DEMO691: folds 
George Grats: folds 
pvd44443: folds 
gosha277: calls $0.04
*** FLOP *** [3c Jd Kh]
gosha277: checks 
elmatador604: bets $0.14
gosha277: folds 
Uncalled bet ($0.14) returned to elmatador604
elmatador604 collected $0.14 from pot
elmatador604: doesn't show hand 
*** SUMMARY ***
Total pot $0.15 | Rake $0.01 
Board [3c Jd Kh]
Seat 1: gosha277 folded on the Flop
Seat 2: Gabriel.SMAA folded before Flop (didn't bet)
Seat 3: oblivionreX folded before Flop (didn't bet)
Seat 4: elmatador604 collected ($0.14)
Seat 5: Dorex2007 folded before Flop (didn't bet)
Seat 6: bloody55hawk folded before Flop (didn't bet)
Seat 7: KING DEMO691 (button) folded before Flop (didn't bet)
Seat 8: George Grats (small blind) folded before Flop
Seat 9: pvd44443 (big blind) folded before Flop



PokerStars Hand #230720647025:  Hold'em No Limit ($0.01/$0.02 USD) - 2021/10/18 23:16:42 PT [2021/10/19 2:16:42 ET]
Table 'Desdemona IV' 9-max Seat #8 is the button
Seat 1: gosha277 ($0.65 in chips) 
Seat 2: Gabriel.SMAA ($1.91 in chips) 
Seat 3: oblivionreX ($2.92 in chips) 
Seat 4: elmatador604 ($2.01 in chips) 
Seat 5: Dorex2007 ($2 in chips) 
Seat 6: bloody55hawk ($0.88 in chips) 
Seat 7: KING DEMO691 ($3.52 in chips) 
Seat 8: George Grats ($3.33 in chips) 
Seat 9: pvd44443 ($2.28 in chips) 
pvd44443: posts small blind $0.01
gosha277: posts big blind $0.02
*** HOLE CARDS ***
Dealt to Dorex2007 [8d Qc]
Gabriel.SMAA: folds 
oblivionreX: folds 
elmatador604: calls $0.02
Dorex2007: folds 
bloody55hawk: folds 
KING DEMO691: folds 
George Grats: folds 
pvd44443: folds 
gosha277: checks 
*** FLOP *** [9s 2s Qh]
gosha277: checks 
elmatador604: bets $0.02
gosha277: calls $0.02
*** TURN *** [9s 2s Qh] [Ah]
gosha277: checks 
elmatador604: bets $0.04
gosha277: raises $0.16 to $0.20
elmatador604: folds 
Uncalled bet ($0.16) returned to gosha277
gosha277 collected $0.16 from pot
gosha277: doesn't show hand 
*** SUMMARY ***
Total pot $0.17 | Rake $0.01 
Board [9s 2s Qh Ah]
Seat 1: gosha277 (big blind) collected ($0.16)
Seat 2: Gabriel.SMAA folded before Flop (didn't bet)
Seat 3: oblivionreX folded before Flop (didn't bet)
Seat 4: elmatador604 folded on the Turn
Seat 5: Dorex2007 folded before Flop (didn't bet)
Seat 6: bloody55hawk folded before Flop (didn't bet)
Seat 7: KING DEMO691 folded before Flop (didn't bet)
Seat 8: George Grats (button) folded before Flop (didn't bet)
Seat 9: pvd44443 (small blind) folded before Flop



PokerStars Hand #230720655018:  Hold'em No Limit ($0.01/$0.02 USD) - 2021/10/18 23:17:47 PT [2021/10/19 2:17:47 ET]
Table 'Desdemona IV' 9-max Seat #9 is the button
Seat 1: gosha277 ($0.73 in chips) 
Seat 2: Gabriel.SMAA ($1.91 in chips) 
Seat 3: oblivionreX ($2.92 in chips) 
Seat 4: elmatador604 ($1.93 in chips) 
Seat 5: Dorex2007 ($2 in chips) 
Seat 6: bloody55hawk ($0.88 in chips) 
Seat 7: KING DEMO691 ($3.52 in chips) 
Seat 8: George Grats ($3.33 in chips) 
Seat 9: pvd44443 ($2.27 in chips) 
gosha277: posts small blind $0.01
Gabriel.SMAA: posts big blind $0.02
*** HOLE CARDS ***
Dealt to Dorex2007 [Kd 3c]
oblivionreX: folds 
elmatador604: calls $0.02
Dorex2007: folds 
bloody55hawk: raises $0.04 to $0.06
KING DEMO691: folds 
George Grats: folds 
pvd44443: folds 
gosha277: calls $0.05
Gabriel.SMAA: calls $0.04
elmatador604: folds 
*** FLOP *** [7c 9h 6d]
gosha277: checks 
Gabriel.SMAA: bets $0.19
bloody55hawk: folds 
gosha277: folds 
Uncalled bet ($0.19) returned to Gabriel.SMAA
Gabriel.SMAA collected $0.19 from pot
Gabriel.SMAA: doesn't show hand 
*** SUMMARY ***
Total pot $0.20 | Rake $0.01 
Board [7c 9h 6d]
Seat 1: gosha277 (small blind) folded on the Flop
Seat 2: Gabriel.SMAA (big blind) collected ($0.19)
Seat 3: oblivionreX folded before Flop (didn't bet)
Seat 4: elmatador604 folded before Flop
Seat 5: Dorex2007 folded before Flop (didn't bet)
Seat 6: bloody55hawk folded on the Flop
Seat 7: KING DEMO691 folded before Flop (didn't bet)
Seat 8: George Grats folded before Flop (didn't bet)
Seat 9: pvd44443 (button) folded before Flop (didn't bet)



PokerStars Hand #230720660248:  Hold'em No Limit ($0.01/$0.02 USD) - 2021/10/18 23:18:30 PT [2021/10/19 2:18:30 ET]
Table 'Desdemona IV' 9-max Seat #1 is the button
Seat 1: gosha277 ($0.67 in chips) 
Seat 2: Gabriel.SMAA ($2.04 in chips) 
Seat 3: oblivionreX ($2.92 in chips) 
Seat 4: elmatador604 ($1.91 in chips) 
Seat 5: Dorex2007 ($2 in chips) 
Seat 6: bloody55hawk ($0.82 in chips) 
Seat 7: KING DEMO691 ($3.52 in chips) 
Seat 8: George Grats ($3.33 in chips) 
Seat 9: pvd44443 ($2.27 in chips) 
Gabriel.SMAA: posts small blind $0.01
oblivionreX: posts big blind $0.02
*** HOLE CARDS ***
Dealt to Dorex2007 [7h 7s]
elmatador604: calls $0.02
Dorex2007: calls $0.02
bloody55hawk: folds 
KING DEMO691: folds 
George Grats: folds 
pvd44443: calls $0.02
gosha277: calls $0.02
Gabriel.SMAA: folds 
oblivionreX: checks 
*** FLOP *** [Kh 2s 3c]
oblivionreX: checks 
elmatador604: bets $0.02
Dorex2007: calls $0.02
pvd44443: folds 
gosha277: raises $0.04 to $0.06
oblivionreX: folds 
elmatador604: raises $0.08 to $0.14
Dorex2007: folds 
gosha277: calls $0.08
*** TURN *** [Kh 2s 3c] [Jh]
elmatador604: bets $0.10
gosha277: calls $0.10
*** RIVER *** [Kh 2s 3c Jh] [Qd]
elmatador604: checks 
gosha277: checks 
*** SHOW DOWN ***
elmatador604: shows [Ts Kc] (a pair of Kings)
gosha277: mucks hand 
elmatador604 collected $0.59 from pot
*** SUMMARY ***
Total pot $0.61 | Rake $0.02 
Board [Kh 2s 3c Jh Qd]
Seat 1: gosha277 (button) mucked [9s Ks]
Seat 2: Gabriel.SMAA (small blind) folded before Flop
Seat 3: oblivionreX (big blind) folded on the Flop
Seat 4: elmatador604 showed [Ts Kc] and won ($0.59) with a pair of Kings
Seat 5: Dorex2007 folded on the Flop
Seat 6: bloody55hawk folded before Flop (didn't bet)
Seat 7: KING DEMO691 folded before Flop (didn't bet)
Seat 8: George Grats folded before Flop (didn't bet)
Seat 9: pvd44443 folded on the Flop



PokerStars Hand #230720671631:  Hold'em No Limit ($0.01/$0.02 USD) - 2021/10/18 23:20:04 PT [2021/10/19 2:20:04 ET]
Table 'Desdemona IV' 9-max Seat #2 is the button
Seat 1: gosha277 ($0.41 in chips) 
Seat 2: Gabriel.SMAA ($2.03 in chips) 
Seat 3: oblivionreX ($2.90 in chips) 
Seat 4: elmatador604 ($2.24 in chips) 
Seat 5: Dorex2007 ($2 in chips) 
Seat 6: bloody55hawk ($0.82 in chips) 
Seat 7: KING DEMO691 ($3.52 in chips) 
Seat 8: George Grats ($3.33 in chips) 
Seat 9: pvd44443 ($2.25 in chips) 
oblivionreX: posts small blind $0.01
elmatador604: posts big blind $0.02
*** HOLE CARDS ***
Dealt to Dorex2007 [As 5d]
Dorex2007: folds 
bloody55hawk: raises $0.04 to $0.06
KING DEMO691: folds 
George Grats: folds 
pvd44443: folds 
gosha277: calls $0.06
Gabriel.SMAA: folds 
oblivionreX: folds 
elmatador604: calls $0.04
*** FLOP *** [9h Js 4d]
elmatador604: bets $0.02
bloody55hawk: calls $0.02
gosha277: raises $0.33 to $0.35 and is all-in
elmatador604: calls $0.33
bloody55hawk: folds 
*** TURN *** [9h Js 4d] [5s]
*** RIVER *** [9h Js 4d 5s] [Ah]
*** SHOW DOWN ***
elmatador604: shows [Jh 8s] (a pair of Jacks)
gosha277: shows [Td Qd] (high card Ace)
elmatador604 collected $0.88 from pot
*** SUMMARY ***
Total pot $0.91 | Rake $0.03 
Board [9h Js 4d 5s Ah]
Seat 1: gosha277 showed [Td Qd] and lost with high card Ace
Seat 2: Gabriel.SMAA (button) folded before Flop (didn't bet)
Seat 3: oblivionreX (small blind) folded before Flop
Seat 4: elmatador604 (big blind) showed [Jh 8s] and won ($0.88) with a pair of Jacks
Seat 5: Dorex2007 folded before Flop (didn't bet)
Seat 6: bloody55hawk folded on the Flop
Seat 7: KING DEMO691 folded before Flop (didn't bet)
Seat 8: George Grats folded before Flop (didn't bet)
Seat 9: pvd44443 folded before Flop (didn't bet)



PokerStars Hand #230720677542:  Hold'em No Limit ($0.01/$0.02 USD) - 2021/10/18 23:20:52 PT [2021/10/19 2:20:52 ET]
Table 'Desdemona IV' 9-max Seat #3 is the button
Seat 2: Gabriel.SMAA ($2.03 in chips) 
Seat 3: oblivionreX ($2.89 in chips) 
Seat 4: elmatador604 ($2.71 in chips) 
Seat 5: Dorex2007 ($2 in chips) 
Seat 6: bloody55hawk ($0.80 in chips) 
Seat 7: KING DEMO691 ($3.52 in chips) 
Seat 8: George Grats ($3.33 in chips) 
Seat 9: pvd44443 ($2.25 in chips) 
elmatador604: posts small blind $0.01
Dorex2007: posts big blind $0.02
*** HOLE CARDS ***
Dealt to Dorex2007 [7d 2d]
bloody55hawk: folds 
KING DEMO691: folds 
George Grats: raises $0.03 to $0.05
pvd44443: calls $0.05
gosha277 leaves the table
Gabriel.SMAA: folds 
oblivionreX: calls $0.05
elmatador604: calls $0.04
Dorex2007: folds 
*** FLOP *** [8h 4h 8d]
Nastysha184 joins the table at seat #1 
elmatador604: bets $0.02
George Grats: raises $0.08 to $0.10
pvd44443: folds 
oblivionreX: folds 
elmatador604: calls $0.08
*** TURN *** [8h 4h 8d] [6d]
elmatador604: checks 
George Grats: checks 
*** RIVER *** [8h 4h 8d 6d] [Ad]
elmatador604: bets $0.02
George Grats: raises $0.14 to $0.16
elmatador604: calls $0.14
*** SHOW DOWN ***
George Grats: shows [Kc Th] (a pair of Eights)
elmatador604: shows [7c Ac] (two pair, Aces and Eights)
elmatador604 collected $0.71 from pot
*** SUMMARY ***
Total pot $0.74 | Rake $0.03 
Board [8h 4h 8d 6d Ad]
Seat 2: Gabriel.SMAA folded before Flop (didn't bet)
Seat 3: oblivionreX (button) folded on the Flop
Seat 4: elmatador604 (small blind) showed [7c Ac] and won ($0.71) with two pair, Aces and Eights
Seat 5: Dorex2007 (big blind) folded before Flop
Seat 6: bloody55hawk folded before Flop (didn't bet)
Seat 7: KING DEMO691 folded before Flop (didn't bet)
Seat 8: George Grats showed [Kc Th] and lost with a pair of Eights
Seat 9: pvd44443 folded on the Flop



PokerStars Hand #230720683683:  Hold'em No Limit ($0.01/$0.02 USD) - 2021/10/18 23:21:44 PT [2021/10/19 2:21:44 ET]
Table 'Desdemona IV' 9-max Seat #4 is the button
Seat 2: Gabriel.SMAA ($2.03 in chips) 
Seat 3: oblivionreX ($2.84 in chips) 
Seat 4: elmatador604 ($3.11 in chips) 
Seat 5: Dorex2007 ($2 in chips) 
Seat 6: bloody55hawk ($0.80 in chips) 
Seat 7: KING DEMO691 ($3.52 in chips) 
Seat 8: George Grats ($3.02 in chips) 
Seat 9: pvd44443 ($2.20 in chips) 
Dorex2007: posts small blind $0.01
bloody55hawk: posts big blind $0.02
Nastysha184: sits out 
*** HOLE CARDS ***
Dealt to Dorex2007 [3s 2s]
KING DEMO691: folds 
George Grats: folds 
pvd44443: raises $0.02 to $0.04
Gabriel.SMAA: folds 
oblivionreX: folds 
elmatador604: folds 
Dorex2007: folds 
bloody55hawk: folds 
Uncalled bet ($0.02) returned to pvd44443
pvd44443 collected $0.05 from pot
*** SUMMARY ***
Total pot $0.05 | Rake $0 
Seat 2: Gabriel.SMAA folded before Flop (didn't bet)
Seat 3: oblivionreX folded before Flop (didn't bet)
Seat 4: elmatador604 (button) folded before Flop (didn't bet)
Seat 5: Dorex2007 (small blind) folded before Flop
Seat 6: bloody55hawk (big blind) folded before Flop
Seat 7: KING DEMO691 folded before Flop (didn't bet)
Seat 8: George Grats folded before Flop (didn't bet)
Seat 9: pvd44443 collected ($0.05)



PokerStars Hand #230720685792:  Hold'em No Limit ($0.01/$0.02 USD) - 2021/10/18 23:22:01 PT [2021/10/19 2:22:01 ET]
Table 'Desdemona IV' 9-max Seat #5 is the button
Seat 2: Gabriel.SMAA ($2.03 in chips) 
Seat 3: oblivionreX ($2.84 in chips) 
Seat 4: elmatador604 ($3.11 in chips) 
Seat 5: Dorex2007 ($2 in chips) 
Seat 6: bloody55hawk ($0.80 in chips) 
Seat 7: KING DEMO691 ($3.52 in chips) 
Seat 8: George Grats ($3.02 in chips) 
Seat 9: pvd44443 ($2.23 in chips) 
bloody55hawk: posts small blind $0.01
KING DEMO691: posts big blind $0.02
Nastysha184: sits out 
*** HOLE CARDS ***
Dealt to Dorex2007 [4c 7d]
George Grats: folds 
pvd44443: folds 
Gabriel.SMAA has timed out
Gabriel.SMAA: folds 
oblivionreX: folds 
elmatador604: folds 
Dorex2007: folds 
bloody55hawk: calls $0.01
KING DEMO691: checks 
*** FLOP *** [7s Js Ks]
bloody55hawk: bets $0.02
KING DEMO691: folds 
Uncalled bet ($0.02) returned to bloody55hawk
bloody55hawk collected $0.04 from pot
bloody55hawk: doesn't show hand 
*** SUMMARY ***
Total pot $0.04 | Rake $0 
Board [7s Js Ks]
Seat 2: Gabriel.SMAA folded before Flop (didn't bet)
Seat 3: oblivionreX folded before Flop (didn't bet)
Seat 4: elmatador604 folded before Flop (didn't bet)
Seat 5: Dorex2007 (button) folded before Flop (didn't bet)
Seat 6: bloody55hawk (small blind) collected ($0.04)
Seat 7: KING DEMO691 (big blind) folded on the Flop
Seat 8: George Grats folded before Flop (didn't bet)
Seat 9: pvd44443 folded before Flop (didn't bet)



PokerStars Hand #230720689870:  Hold'em No Limit ($0.01/$0.02 USD) - 2021/10/18 23:22:35 PT [2021/10/19 2:22:35 ET]
Table 'Desdemona IV' 9-max Seat #6 is the button
Seat 2: Gabriel.SMAA ($2.03 in chips) 
Seat 3: oblivionreX ($2.84 in chips) 
Seat 4: elmatador604 ($3.11 in chips) 
Seat 5: Dorex2007 ($2 in chips) 
Seat 6: bloody55hawk ($0.82 in chips) 
Seat 7: KING DEMO691 ($3.50 in chips) 
Seat 8: George Grats ($3.02 in chips) 
Seat 9: pvd44443 ($2.23 in chips) 
KING DEMO691: posts small blind $0.01
George Grats: posts big blind $0.02
Nastysha184: sits out 
*** HOLE CARDS ***
Dealt to Dorex2007 [2c Jc]
pvd44443: folds 
Gabriel.SMAA: folds 
oblivionreX: folds 
elmatador604: calls $0.02
Dorex2007: folds 
bloody55hawk: folds 
KING DEMO691: folds 
George Grats: checks 
*** FLOP *** [2d Ac 7c]
George Grats: checks 
elmatador604: bets $0.02
George Grats: folds 
Uncalled bet ($0.02) returned to elmatador604
elmatador604 collected $0.05 from pot
elmatador604: doesn't show hand 
*** SUMMARY ***
Total pot $0.05 | Rake $0 
Board [2d Ac 7c]
Seat 2: Gabriel.SMAA folded before Flop (didn't bet)
Seat 3: oblivionreX folded before Flop (didn't bet)
Seat 4: elmatador604 collected ($0.05)
Seat 5: Dorex2007 folded before Flop (didn't bet)
Seat 6: bloody55hawk (button) folded before Flop (didn't bet)
Seat 7: KING DEMO691 (small blind) folded before Flop
Seat 8: George Grats (big blind) folded on the Flop
Seat 9: pvd44443 folded before Flop (didn't bet)



PokerStars Hand #230720693427:  Hold'em No Limit ($0.01/$0.02 USD) - 2021/10/18 23:23:04 PT [2021/10/19 2:23:04 ET]
Table 'Desdemona IV' 9-max Seat #7 is the button
Seat 2: Gabriel.SMAA ($2.03 in chips) 
Seat 3: oblivionreX ($2.84 in chips) 
Seat 4: elmatador604 ($3.14 in chips) 
Seat 5: Dorex2007 ($2 in chips) 
Seat 6: bloody55hawk ($0.82 in chips) 
Seat 7: KING DEMO691 ($3.49 in chips) 
Seat 8: George Grats ($3 in chips) 
Seat 9: pvd44443 ($2.23 in chips) 
George Grats: posts small blind $0.01
pvd44443: posts big blind $0.02
Nastysha184: sits out 
*** HOLE CARDS ***
Dealt to Dorex2007 [Kh 2h]
Gabriel.SMAA: raises $0.05 to $0.07
oblivionreX: folds 
elmatador604: folds 
Dorex2007: folds 
bloody55hawk: folds 
KING DEMO691: folds 
George Grats: folds 
pvd44443: folds 
Uncalled bet ($0.05) returned to Gabriel.SMAA
Gabriel.SMAA collected $0.05 from pot
Gabriel.SMAA: doesn't show hand 
*** SUMMARY ***
Total pot $0.05 | Rake $0 
Seat 2: Gabriel.SMAA collected ($0.05)
Seat 3: oblivionreX folded before Flop (didn't bet)
Seat 4: elmatador604 folded before Flop (didn't bet)
Seat 5: Dorex2007 folded before Flop (didn't bet)
Seat 6: bloody55hawk folded before Flop (didn't bet)
Seat 7: KING DEMO691 (button) folded before Flop (didn't bet)
Seat 8: George Grats (small blind) folded before Flop
Seat 9: pvd44443 (big blind) folded before Flop



PokerStars Hand #230720696209:  Hold'em No Limit ($0.01/$0.02 USD) - 2021/10/18 23:23:27 PT [2021/10/19 2:23:27 ET]
Table 'Desdemona IV' 9-max Seat #8 is the button
Seat 1: Nastysha184 ($2 in chips) 
Seat 2: Gabriel.SMAA ($2.06 in chips) 
Seat 3: oblivionreX ($2.84 in chips) 
Seat 4: elmatador604 ($3.14 in chips) 
Seat 5: Dorex2007 ($2 in chips) 
Seat 6: bloody55hawk ($0.82 in chips) 
Seat 7: KING DEMO691 ($3.49 in chips) 
Seat 8: George Grats ($2.99 in chips) 
Seat 9: pvd44443 ($2.21 in chips) 
pvd44443: posts small blind $0.01
Nastysha184: posts big blind $0.02
*** HOLE CARDS ***
Dealt to Dorex2007 [2h Ad]
Gabriel.SMAA: folds 
oblivionreX: folds 
elmatador604: calls $0.02
Dorex2007: folds 
bloody55hawk: folds 
KING DEMO691: folds 
George Grats: folds 
pvd44443: calls $0.01
Nastysha184: checks 
*** FLOP *** [2c 8d 7d]
pvd44443: checks 
Nastysha184: checks 
elmatador604: bets $0.04
pvd44443: folds 
Nastysha184: calls $0.04
*** TURN *** [2c 8d 7d] [6h]
Nastysha184: checks 
elmatador604: bets $0.06
Nastysha184: calls $0.06
*** RIVER *** [2c 8d 7d 6h] [Jd]
Nastysha184: checks 
elmatador604: bets $0.26
Nastysha184: folds 
Uncalled bet ($0.26) returned to elmatador604
elmatador604 collected $0.25 from pot
elmatador604: doesn't show hand 
*** SUMMARY ***
Total pot $0.26 | Rake $0.01 
Board [2c 8d 7d 6h Jd]
Seat 1: Nastysha184 (big blind) folded on the River
Seat 2: Gabriel.SMAA folded before Flop (didn't bet)
Seat 3: oblivionreX folded before Flop (didn't bet)
Seat 4: elmatador604 collected ($0.25)
Seat 5: Dorex2007 folded before Flop (didn't bet)
Seat 6: bloody55hawk folded before Flop (didn't bet)
Seat 7: KING DEMO691 folded before Flop (didn't bet)
Seat 8: George Grats (button) folded before Flop (didn't bet)
Seat 9: pvd44443 (small blind) folded on the Flop



PokerStars Hand #230720704395:  Hold'em No Limit ($0.01/$0.02 USD) - 2021/10/18 23:24:34 PT [2021/10/19 2:24:34 ET]
Table 'Desdemona IV' 9-max Seat #9 is the button
Seat 1: Nastysha184 ($1.88 in chips) 
Seat 2: Gabriel.SMAA ($2.06 in chips) 
Seat 3: oblivionreX ($2.84 in chips) 
Seat 4: elmatador604 ($3.27 in chips) 
Seat 5: Dorex2007 ($2 in chips) 
Seat 6: bloody55hawk ($0.82 in chips) 
Seat 7: KING DEMO691 ($3.49 in chips) 
Seat 8: George Grats ($2.99 in chips) 
Seat 9: pvd44443 ($2.19 in chips) 
Nastysha184: posts small blind $0.01
Gabriel.SMAA: posts big blind $0.02
*** HOLE CARDS ***
Dealt to Dorex2007 [9h 5h]
oblivionreX: folds 
elmatador604: folds 
Dorex2007: folds 
bloody55hawk: raises $0.04 to $0.06
KING DEMO691: folds 
George Grats: folds 
pvd44443: folds 
Nastysha184: folds 
Gabriel.SMAA: calls $0.04
*** FLOP *** [4s Jh 5s]
Gabriel.SMAA: bets $0.02
bloody55hawk: calls $0.02
*** TURN *** [4s Jh 5s] [As]
Gabriel.SMAA: bets $0.04
bloody55hawk: calls $0.04
*** RIVER *** [4s Jh 5s As] [7s]
Gabriel.SMAA: checks 
bloody55hawk: bets $0.12
Gabriel.SMAA: folds 
Uncalled bet ($0.12) returned to bloody55hawk
bloody55hawk collected $0.24 from pot
bloody55hawk: doesn't show hand 
*** SUMMARY ***
Total pot $0.25 | Rake $0.01 
Board [4s Jh 5s As 7s]
Seat 1: Nastysha184 (small blind) folded before Flop
Seat 2: Gabriel.SMAA (big blind) folded on the River
Seat 3: oblivionreX folded before Flop (didn't bet)
Seat 4: elmatador604 folded before Flop (didn't bet)
Seat 5: Dorex2007 folded before Flop (didn't bet)
Seat 6: bloody55hawk collected ($0.24)
Seat 7: KING DEMO691 folded before Flop (didn't bet)
Seat 8: George Grats folded before Flop (didn't bet)
Seat 9: pvd44443 (button) folded before Flop (didn't bet)



PokerStars Hand #230720716752:  Hold'em No Limit ($0.01/$0.02 USD) - 2021/10/18 23:25:33 PT [2021/10/19 2:25:33 ET]
Table 'Desdemona IV' 9-max Seat #1 is the button
Seat 1: Nastysha184 ($1.87 in chips) 
Seat 2: Gabriel.SMAA ($1.94 in chips) 
Seat 3: oblivionreX ($2.84 in chips) 
Seat 4: elmatador604 ($3.27 in chips) 
Seat 5: Dorex2007 ($2 in chips) 
Seat 6: bloody55hawk ($0.94 in chips) 
Seat 7: KING DEMO691 ($3.49 in chips) 
Seat 8: George Grats ($2.99 in chips) 
Seat 9: pvd44443 ($2.19 in chips) 
Gabriel.SMAA: posts small blind $0.01
oblivionreX: posts big blind $0.02
*** HOLE CARDS ***
Dealt to Dorex2007 [6s 4c]
elmatador604: calls $0.02
Dorex2007: folds 
bloody55hawk: folds 
KING DEMO691: calls $0.02
George Grats: folds 
pvd44443: folds 
Nastysha184: folds 
Gabriel.SMAA: folds 
oblivionreX: checks 
*** FLOP *** [4d 8h 2d]
oblivionreX: checks 
elmatador604: bets $0.04
KING DEMO691: folds 
oblivionreX: folds 
Uncalled bet ($0.04) returned to elmatador604
elmatador604 collected $0.07 from pot
elmatador604: doesn't show hand 
*** SUMMARY ***
Total pot $0.07 | Rake $0 
Board [4d 8h 2d]
Seat 1: Nastysha184 (button) folded before Flop (didn't bet)
Seat 2: Gabriel.SMAA (small blind) folded before Flop
Seat 3: oblivionreX (big blind) folded on the Flop
Seat 4: elmatador604 collected ($0.07)
Seat 5: Dorex2007 folded before Flop (didn't bet)
Seat 6: bloody55hawk folded before Flop (didn't bet)
Seat 7: KING DEMO691 folded on the Flop
Seat 8: George Grats folded before Flop (didn't bet)
Seat 9: pvd44443 folded before Flop (didn't bet)



PokerStars Hand #230720720366:  Hold'em No Limit ($0.01/$0.02 USD) - 2021/10/18 23:26:02 PT [2021/10/19 2:26:02 ET]
Table 'Desdemona IV' 9-max Seat #2 is the button
Seat 1: Nastysha184 ($1.87 in chips) 
Seat 2: Gabriel.SMAA ($1.93 in chips) 
Seat 3: oblivionreX ($2.82 in chips) 
Seat 4: elmatador604 ($3.32 in chips) 
Seat 5: Dorex2007 ($2 in chips) 
Seat 6: bloody55hawk ($0.94 in chips) 
Seat 7: KING DEMO691 ($3.47 in chips) 
Seat 8: George Grats ($2.99 in chips) 
Seat 9: pvd44443 ($2.19 in chips) 
oblivionreX: posts small blind $0.01
elmatador604: posts big blind $0.02
*** HOLE CARDS ***
Dealt to Dorex2007 [4d 9s]
Dorex2007: folds 
bloody55hawk: folds 
KING DEMO691: folds 
George Grats: folds 
pvd44443: folds 
Nastysha184: raises $0.02 to $0.04
Gabriel.SMAA: folds 
oblivionreX: raises $0.12 to $0.16
elmatador604: folds 
Nastysha184: folds 
Uncalled bet ($0.12) returned to oblivionreX
oblivionreX collected $0.10 from pot
oblivionreX: doesn't show hand 
*** SUMMARY ***
Total pot $0.10 | Rake $0 
Seat 1: Nastysha184 folded before Flop
Seat 2: Gabriel.SMAA (button) folded before Flop (didn't bet)
Seat 3: oblivionreX (small blind) collected ($0.10)
Seat 4: elmatador604 (big blind) folded before Flop
Seat 5: Dorex2007 folded before Flop (didn't bet)
Seat 6: bloody55hawk folded before Flop (didn't bet)
Seat 7: KING DEMO691 folded before Flop (didn't bet)
Seat 8: George Grats folded before Flop (didn't bet)
Seat 9: pvd44443 folded before Flop (didn't bet)



PokerStars Hand #230720724301:  Hold'em No Limit ($0.01/$0.02 USD) - 2021/10/18 23:26:33 PT [2021/10/19 2:26:33 ET]
Table 'Desdemona IV' 9-max Seat #3 is the button
Seat 1: Nastysha184 ($1.83 in chips) 
Seat 2: Gabriel.SMAA ($1.93 in chips) 
Seat 3: oblivionreX ($2.88 in chips) 
Seat 4: elmatador604 ($3.30 in chips) 
Seat 5: Dorex2007 ($2 in chips) 
Seat 6: bloody55hawk ($0.94 in chips) 
Seat 7: KING DEMO691 ($3.47 in chips) 
Seat 8: George Grats ($2.99 in chips) 
Seat 9: pvd44443 ($2.19 in chips) 
elmatador604: posts small blind $0.01
Dorex2007: posts big blind $0.02
*** HOLE CARDS ***
Dealt to Dorex2007 [9h 3h]
bloody55hawk: folds 
KING DEMO691: folds 
George Grats: folds 
pvd44443: folds 
Nastysha184: folds 
Gabriel.SMAA: calls $0.02
oblivionreX: raises $0.05 to $0.07
elmatador604: folds 
Dorex2007: folds 
Gabriel.SMAA: folds 
Uncalled bet ($0.05) returned to oblivionreX
oblivionreX collected $0.07 from pot
oblivionreX: doesn't show hand 
*** SUMMARY ***
Total pot $0.07 | Rake $0 
Seat 1: Nastysha184 folded before Flop (didn't bet)
Seat 2: Gabriel.SMAA folded before Flop
Seat 3: oblivionreX (button) collected ($0.07)
Seat 4: elmatador604 (small blind) folded before Flop
Seat 5: Dorex2007 (big blind) folded before Flop
Seat 6: bloody55hawk folded before Flop (didn't bet)
Seat 7: KING DEMO691 folded before Flop (didn't bet)
Seat 8: George Grats folded before Flop (didn't bet)
Seat 9: pvd44443 folded before Flop (didn't bet)



PokerStars Hand #230720727768:  Hold'em No Limit ($0.01/$0.02 USD) - 2021/10/18 23:27:01 PT [2021/10/19 2:27:01 ET]
Table 'Desdemona IV' 9-max Seat #4 is the button
Seat 1: Nastysha184 ($1.83 in chips) 
Seat 2: Gabriel.SMAA ($1.91 in chips) 
Seat 3: oblivionreX ($2.93 in chips) 
Seat 4: elmatador604 ($3.29 in chips) 
Seat 5: Dorex2007 ($2 in chips) 
Seat 6: bloody55hawk ($0.94 in chips) 
Seat 7: KING DEMO691 ($3.47 in chips) 
Seat 8: George Grats ($2.99 in chips) 
Seat 9: pvd44443 ($2.19 in chips) 
Dorex2007: posts small blind $0.01
bloody55hawk: posts big blind $0.02
*** HOLE CARDS ***
Dealt to Dorex2007 [8d 7d]
KING DEMO691: folds 
George Grats: folds 
pvd44443: folds 
Nastysha184: folds 
Gabriel.SMAA: folds 
oblivionreX: folds 
elmatador604: calls $0.02
Dorex2007: calls $0.01
bloody55hawk: checks 
*** FLOP *** [Ah 4c 8h]
Dorex2007: checks 
bloody55hawk: checks 
elmatador604: bets $0.02
Dorex2007: calls $0.02
bloody55hawk: folds 
*** TURN *** [Ah 4c 8h] [6s]
Dorex2007: checks 
elmatador604: bets $0.02
Dorex2007: calls $0.02
*** RIVER *** [Ah 4c 8h 6s] [Tc]
Dorex2007: checks 
elmatador604: bets $0.06
Dorex2007: folds 
Uncalled bet ($0.06) returned to elmatador604
elmatador604 collected $0.14 from pot
elmatador604: doesn't show hand 
*** SUMMARY ***
Total pot $0.14 | Rake $0 
Board [Ah 4c 8h 6s Tc]
Seat 1: Nastysha184 folded before Flop (didn't bet)
Seat 2: Gabriel.SMAA folded before Flop (didn't bet)
Seat 3: oblivionreX folded before Flop (didn't bet)
Seat 4: elmatador604 (button) collected ($0.14)
Seat 5: Dorex2007 (small blind) folded on the River
Seat 6: bloody55hawk (big blind) folded on the Flop
Seat 7: KING DEMO691 folded before Flop (didn't bet)
Seat 8: George Grats folded before Flop (didn't bet)
Seat 9: pvd44443 folded before Flop (didn't bet)



PokerStars Hand #230720735746:  Hold'em No Limit ($0.01/$0.02 USD) - 2021/10/18 23:28:05 PT [2021/10/19 2:28:05 ET]
Table 'Desdemona IV' 9-max Seat #5 is the button
Seat 1: Nastysha184 ($1.83 in chips) 
Seat 2: Gabriel.SMAA ($1.91 in chips) 
Seat 3: oblivionreX ($2.93 in chips) 
Seat 4: elmatador604 ($3.37 in chips) 
Seat 5: Dorex2007 ($2 in chips) 
Seat 6: bloody55hawk ($0.92 in chips) 
Seat 7: KING DEMO691 ($3.47 in chips) 
Seat 8: George Grats ($2.99 in chips) 
Seat 9: pvd44443 ($2.19 in chips) 
bloody55hawk: posts small blind $0.01
KING DEMO691: posts big blind $0.02
*** HOLE CARDS ***
Dealt to Dorex2007 [5h 4s]
George Grats: folds 
pvd44443: folds 
Nastysha184: folds 
Gabriel.SMAA: folds 
oblivionreX: folds 
elmatador604: raises $0.02 to $0.04
Dorex2007: folds 
bloody55hawk: raises $0.88 to $0.92 and is all-in
KING DEMO691: folds 
elmatador604: calls $0.88
*** FLOP *** [4h Qd 9h]
*** TURN *** [4h Qd 9h] [2c]
*** RIVER *** [4h Qd 9h 2c] [Th]
*** SHOW DOWN ***
bloody55hawk: shows [As Ks] (high card Ace)
elmatador604: shows [Ah Jc] (high card Ace - lower kicker)
bloody55hawk cashed out the hand for $1.34 | Cash Out Fee $0.01
*** SUMMARY ***
Total pot $1.86 | Rake $0.07 
Board [4h Qd 9h 2c Th]
Seat 1: Nastysha184 folded before Flop (didn't bet)
Seat 2: Gabriel.SMAA folded before Flop (didn't bet)
Seat 3: oblivionreX folded before Flop (didn't bet)
Seat 4: elmatador604 showed [Ah Jc] and lost with high card Ace
Seat 5: Dorex2007 (button) folded before Flop (didn't bet)
Seat 6: bloody55hawk (small blind) showed [As Ks] and won ($1.79) with high card Ace (pot not awarded as player cashed out)
Seat 7: KING DEMO691 (big blind) folded before Flop
Seat 8: George Grats folded before Flop (didn't bet)
Seat 9: pvd44443 folded before Flop (didn't bet)



PokerStars Hand #230720741184:  Hold'em No Limit ($0.01/$0.02 USD) - 2021/10/18 23:28:49 PT [2021/10/19 2:28:49 ET]
Table 'Desdemona IV' 9-max Seat #6 is the button
Seat 1: Nastysha184 ($1.83 in chips) 
Seat 2: Gabriel.SMAA ($1.91 in chips) 
Seat 3: oblivionreX ($2.93 in chips) 
Seat 4: elmatador604 ($2.45 in chips) 
Seat 5: Dorex2007 ($2 in chips) 
Seat 6: bloody55hawk ($1.34 in chips) 
Seat 7: KING DEMO691 ($3.45 in chips) 
Seat 8: George Grats ($2.99 in chips) 
Seat 9: pvd44443 ($2.19 in chips) 
KING DEMO691: posts small blind $0.01
George Grats: posts big blind $0.02
*** HOLE CARDS ***
Dealt to Dorex2007 [Ac Qd]
pvd44443: folds 
Nastysha184: folds 
Gabriel.SMAA: folds 
oblivionreX: raises $0.04 to $0.06
elmatador604: folds 
Dorex2007: calls $0.06
bloody55hawk: folds 
KING DEMO691: folds 
George Grats: calls $0.04
*** FLOP *** [4d 5d 3s]
George Grats: checks 
oblivionreX: bets $0.09
Dorex2007: folds 
George Grats: folds 
Uncalled bet ($0.09) returned to oblivionreX
oblivionreX collected $0.18 from pot
oblivionreX: doesn't show hand 
*** SUMMARY ***
Total pot $0.19 | Rake $0.01 
Board [4d 5d 3s]
Seat 1: Nastysha184 folded before Flop (didn't bet)
Seat 2: Gabriel.SMAA folded before Flop (didn't bet)
Seat 3: oblivionreX collected ($0.18)
Seat 4: elmatador604 folded before Flop (didn't bet)
Seat 5: Dorex2007 folded on the Flop
Seat 6: bloody55hawk (button) folded before Flop (didn't bet)
Seat 7: KING DEMO691 (small blind) folded before Flop
Seat 8: George Grats (big blind) folded on the Flop
Seat 9: pvd44443 folded before Flop (didn't bet)



PokerStars Hand #230720745365:  Hold'em No Limit ($0.01/$0.02 USD) - 2021/10/18 23:29:22 PT [2021/10/19 2:29:22 ET]
Table 'Desdemona IV' 9-max Seat #7 is the button
Seat 1: Nastysha184 ($1.83 in chips) 
Seat 2: Gabriel.SMAA ($1.91 in chips) 
Seat 3: oblivionreX ($3.05 in chips) 
Seat 4: elmatador604 ($2.45 in chips) 
Seat 5: Dorex2007 ($2 in chips) 
Seat 6: bloody55hawk ($1.34 in chips) 
Seat 7: KING DEMO691 ($3.44 in chips) 
Seat 8: George Grats ($2.93 in chips) 
Seat 9: pvd44443 ($2.19 in chips) 
George Grats: posts small blind $0.01
pvd44443: posts big blind $0.02
*** HOLE CARDS ***
Dealt to Dorex2007 [Kc 2c]
Nastysha184: folds 
Gabriel.SMAA: raises $0.10 to $0.12
oblivionreX: calls $0.12
elmatador604: folds 
Dorex2007: folds 
bloody55hawk: folds 
KING DEMO691: folds 
George Grats: folds 
pvd44443: folds 
*** FLOP *** [As Jd 9h]
Gabriel.SMAA: bets $0.08
oblivionreX: calls $0.08
*** TURN *** [As Jd 9h] [Th]
Gabriel.SMAA: bets $0.14
oblivionreX: calls $0.14
*** RIVER *** [As Jd 9h Th] [Jc]
Gabriel.SMAA: bets $0.14
oblivionreX: calls $0.14
*** SHOW DOWN ***
Gabriel.SMAA: shows [Ks Ad] (two pair, Aces and Jacks)
oblivionreX: shows [Ac Kd] (two pair, Aces and Jacks)
Gabriel.SMAA collected $0.48 from pot
oblivionreX collected $0.48 from pot
*** SUMMARY ***
Total pot $0.99 | Rake $0.03 
Board [As Jd 9h Th Jc]
Seat 1: Nastysha184 folded before Flop (didn't bet)
Seat 2: Gabriel.SMAA showed [Ks Ad] and won ($0.48) with two pair, Aces and Jacks
Seat 3: oblivionreX showed [Ac Kd] and won ($0.48) with two pair, Aces and Jacks
Seat 4: elmatador604 folded before Flop (didn't bet)
Seat 5: Dorex2007 folded before Flop (didn't bet)
Seat 6: bloody55hawk folded before Flop (didn't bet)
Seat 7: KING DEMO691 (button) folded before Flop (didn't bet)
Seat 8: George Grats (small blind) folded before Flop
Seat 9: pvd44443 (big blind) folded before Flop



PokerStars Hand #230720750907:  Hold'em No Limit ($0.01/$0.02 USD) - 2021/10/18 23:30:06 PT [2021/10/19 2:30:06 ET]
Table 'Desdemona IV' 9-max Seat #8 is the button
Seat 1: Nastysha184 ($1.83 in chips) 
Seat 2: Gabriel.SMAA ($1.91 in chips) 
Seat 3: oblivionreX ($3.05 in chips) 
Seat 4: elmatador604 ($2.45 in chips) 
Seat 5: Dorex2007 ($2 in chips) 
Seat 6: bloody55hawk ($1.34 in chips) 
Seat 7: KING DEMO691 ($3.44 in chips) 
Seat 8: George Grats ($2.92 in chips) 
Seat 9: pvd44443 ($2.17 in chips) 
pvd44443: posts small blind $0.01
Nastysha184: posts big blind $0.02
*** HOLE CARDS ***
Dealt to Dorex2007 [7c 6d]
Gabriel.SMAA has timed out
Gabriel.SMAA: folds 
oblivionreX: folds 
elmatador604: calls $0.02
Dorex2007: folds 
bloody55hawk: folds 
KING DEMO691: folds 
George Grats: raises $0.06 to $0.08
pvd44443: folds 
Nastysha184: folds 
elmatador604: calls $0.06
*** FLOP *** [6s 2s 3d]
elmatador604: bets $0.18
George Grats: folds 
Uncalled bet ($0.18) returned to elmatador604
elmatador604 collected $0.18 from pot
elmatador604: doesn't show hand 
*** SUMMARY ***
Total pot $0.19 | Rake $0.01 
Board [6s 2s 3d]
Seat 1: Nastysha184 (big blind) folded before Flop
Seat 2: Gabriel.SMAA folded before Flop (didn't bet)
Seat 3: oblivionreX folded before Flop (didn't bet)
Seat 4: elmatador604 collected ($0.18)
Seat 5: Dorex2007 folded before Flop (didn't bet)
Seat 6: bloody55hawk folded before Flop (didn't bet)
Seat 7: KING DEMO691 folded before Flop (didn't bet)
Seat 8: George Grats (button) folded on the Flop
Seat 9: pvd44443 (small blind) folded before Flop



PokerStars Hand #230720756709:  Hold'em No Limit ($0.01/$0.02 USD) - 2021/10/18 23:30:52 PT [2021/10/19 2:30:52 ET]
Table 'Desdemona IV' 9-max Seat #9 is the button
Seat 1: Nastysha184 ($1.81 in chips) 
Seat 3: oblivionreX ($3.05 in chips) 
Seat 4: elmatador604 ($2.55 in chips) 
Seat 5: Dorex2007 ($2 in chips) 
Seat 6: bloody55hawk ($1.34 in chips) 
Seat 7: KING DEMO691 ($3.44 in chips) 
Seat 8: George Grats ($2.84 in chips) 
Seat 9: pvd44443 ($2.16 in chips) 
Nastysha184: posts small blind $0.01
oblivionreX: posts big blind $0.02
*** HOLE CARDS ***
Dealt to Dorex2007 [5d 9h]
elmatador604: calls $0.02
Dorex2007: folds 
bloody55hawk: folds 
KING DEMO691: folds 
George Grats: folds 
pvd44443: folds 
Nastysha184: calls $0.01
oblivionreX: checks 
*** FLOP *** [As 6d 6s]
Nastysha184: checks 
oblivionreX: checks 
elmatador604: bets $0.06
Nastysha184: folds 
oblivionreX: raises $0.12 to $0.18
elmatador604: folds 
Uncalled bet ($0.12) returned to oblivionreX
oblivionreX collected $0.17 from pot
oblivionreX: doesn't show hand 
*** SUMMARY ***
Total pot $0.18 | Rake $0.01 
Board [As 6d 6s]
Seat 1: Nastysha184 (small blind) folded on the Flop
Seat 3: oblivionreX (big blind) collected ($0.17)
Seat 4: elmatador604 folded on the Flop
Seat 5: Dorex2007 folded before Flop (didn't bet)
Seat 6: bloody55hawk folded before Flop (didn't bet)
Seat 7: KING DEMO691 folded before Flop (didn't bet)
Seat 8: George Grats folded before Flop (didn't bet)
Seat 9: pvd44443 (button) folded before Flop (didn't bet)



PokerStars Hand #230720761640:  Hold'em No Limit ($0.01/$0.02 USD) - 2021/10/18 23:31:31 PT [2021/10/19 2:31:31 ET]
Table 'Desdemona IV' 9-max Seat #1 is the button
Seat 1: Nastysha184 ($1.79 in chips) 
Seat 3: oblivionreX ($3.14 in chips) 
Seat 4: elmatador604 ($2.47 in chips) 
Seat 5: Dorex2007 ($2 in chips) 
Seat 6: bloody55hawk ($1.34 in chips) 
Seat 7: KING DEMO691 ($3.44 in chips) 
Seat 8: George Grats ($2.84 in chips) 
Seat 9: pvd44443 ($2.16 in chips) 
oblivionreX: posts small blind $0.01
elmatador604: posts big blind $0.02
*** HOLE CARDS ***
Dealt to Dorex2007 [8s Ts]
Dorex2007: folds 
bloody55hawk: folds 
KING DEMO691: folds 
George Grats: folds 
pvd44443: folds 
Nastysha184: raises $0.02 to $0.04
oblivionreX: folds 
elmatador604: calls $0.02
*** FLOP *** [9c 5s Qs]
elmatador604: bets $0.02
Nastysha184: calls $0.02
*** TURN *** [9c 5s Qs] [5d]
elmatador604: bets $0.02
Nastysha184: calls $0.02
*** RIVER *** [9c 5s Qs 5d] [6d]
elmatador604: bets $0.08
Nastysha184: raises $0.14 to $0.22
elmatador604: calls $0.14
*** SHOW DOWN ***
Nastysha184: shows [6c 6h] (a full house, Sixes full of Fives)
elmatador604: mucks hand 
Nastysha184 collected $0.59 from pot
*** SUMMARY ***
Total pot $0.61 | Rake $0.02 
Board [9c 5s Qs 5d 6d]
Seat 1: Nastysha184 (button) showed [6c 6h] and won ($0.59) with a full house, Sixes full of Fives
Seat 3: oblivionreX (small blind) folded before Flop
Seat 4: elmatador604 (big blind) mucked [6s Ks]
Seat 5: Dorex2007 folded before Flop (didn't bet)
Seat 6: bloody55hawk folded before Flop (didn't bet)
Seat 7: KING DEMO691 folded before Flop (didn't bet)
Seat 8: George Grats folded before Flop (didn't bet)
Seat 9: pvd44443 folded before Flop (didn't bet)



PokerStars Hand #230720769405:  Hold'em No Limit ($0.01/$0.02 USD) - 2021/10/18 23:32:32 PT [2021/10/19 2:32:32 ET]
Table 'Desdemona IV' 9-max Seat #3 is the button
Seat 1: Nastysha184 ($2.08 in chips) 
Seat 3: oblivionreX ($3.13 in chips) 
Seat 4: elmatador604 ($2.17 in chips) 
Seat 5: Dorex2007 ($2 in chips) 
Seat 6: bloody55hawk ($1.34 in chips) 
Seat 7: KING DEMO691 ($3.44 in chips) 
Seat 8: George Grats ($2.84 in chips) 
Seat 9: pvd44443 ($2.16 in chips) 
elmatador604: posts small blind $0.01
Dorex2007: posts big blind $0.02
*** HOLE CARDS ***
Dealt to Dorex2007 [9s 8s]
bloody55hawk: folds 
KING DEMO691: calls $0.02
George Grats: raises $0.06 to $0.08
pvd44443: folds 
Nastysha184: folds 
oblivionreX: folds 
elmatador604: raises $0.06 to $0.14
Dorex2007: folds 
KING DEMO691: folds 
George Grats: calls $0.06
*** FLOP *** [3h 3d Ac]
elmatador604: bets $0.02
George Grats: calls $0.02
*** TURN *** [3h 3d Ac] [7h]
elmatador604: bets $0.02
George Grats: calls $0.02
*** RIVER *** [3h 3d Ac 7h] [Tc]
elmatador604: bets $0.14
George Grats: calls $0.14
*** SHOW DOWN ***
elmatador604: shows [Js Jc] (two pair, Jacks and Threes)
George Grats: shows [Jh Jd] (two pair, Jacks and Threes)
elmatador604 collected $0.33 from pot
George Grats collected $0.33 from pot
*** SUMMARY ***
Total pot $0.68 | Rake $0.02 
Board [3h 3d Ac 7h Tc]
Seat 1: Nastysha184 folded before Flop (didn't bet)
Seat 3: oblivionreX (button) folded before Flop (didn't bet)
Seat 4: elmatador604 (small blind) showed [Js Jc] and won ($0.33) with two pair, Jacks and Threes
Seat 5: Dorex2007 (big blind) folded before Flop
Seat 6: bloody55hawk folded before Flop (didn't bet)
Seat 7: KING DEMO691 folded before Flop
Seat 8: George Grats showed [Jh Jd] and won ($0.33) with two pair, Jacks and Threes
Seat 9: pvd44443 folded before Flop (didn't bet)



PokerStars Hand #230720775963:  Hold'em No Limit ($0.01/$0.02 USD) - 2021/10/18 23:33:23 PT [2021/10/19 2:33:23 ET]
Table 'Desdemona IV' 9-max Seat #4 is the button
Seat 1: Nastysha184 ($2.08 in chips) 
Seat 3: oblivionreX ($3.13 in chips) 
Seat 4: elmatador604 ($2.18 in chips) 
Seat 5: Dorex2007 ($2 in chips) 
Seat 7: KING DEMO691 ($3.42 in chips) 
Seat 8: George Grats ($2.85 in chips) 
Seat 9: pvd44443 ($2.16 in chips) 
Dorex2007: posts small blind $0.01
bloody55hawk: is sitting out 
KING DEMO691: posts big blind $0.02
*** HOLE CARDS ***
Dealt to Dorex2007 [5s 3s]
George Grats: folds 
pvd44443: folds 
bloody55hawk leaves the table
Nastysha184: folds 
oblivionreX: raises $0.04 to $0.06
elmatador604: folds 
Dorex2007: folds 
KING DEMO691: folds 
Uncalled bet ($0.04) returned to oblivionreX
oblivionreX collected $0.05 from pot
oblivionreX: doesn't show hand 
*** SUMMARY ***
Total pot $0.05 | Rake $0 
Seat 1: Nastysha184 folded before Flop (didn't bet)
Seat 3: oblivionreX collected ($0.05)
Seat 4: elmatador604 (button) folded before Flop (didn't bet)
Seat 5: Dorex2007 (small blind) folded before Flop
Seat 7: KING DEMO691 (big blind) folded before Flop
Seat 8: George Grats folded before Flop (didn't bet)
Seat 9: pvd44443 folded before Flop (didn't bet)



PokerStars Hand #230720778903:  Hold'em No Limit ($0.01/$0.02 USD) - 2021/10/18 23:33:47 PT [2021/10/19 2:33:47 ET]
Table 'Desdemona IV' 9-max Seat #5 is the button
Seat 1: Nastysha184 ($2.08 in chips) 
Seat 3: oblivionreX ($3.16 in chips) 
Seat 4: elmatador604 ($2.18 in chips) 
Seat 5: Dorex2007 ($2 in chips) 
Seat 7: KING DEMO691 ($3.40 in chips) 
Seat 8: George Grats ($2.85 in chips) 
Seat 9: pvd44443 ($2.16 in chips) 
KING DEMO691: posts small blind $0.01
George Grats: posts big blind $0.02
*** HOLE CARDS ***
Dealt to Dorex2007 [7c 3h]
pvd44443: folds 
Nastysha184: raises $0.04 to $0.06
oblivionreX: folds 
elmatador604: folds 
Dorex2007: folds 
KING DEMO691: folds 
George Grats: calls $0.04
*** FLOP *** [6d 3d 8s]
George Grats: bets $0.06
Nastysha184: calls $0.06
*** TURN *** [6d 3d 8s] [Jh]
silentubiq joins the table at seat #6 
George Grats: bets $0.36
Nastysha184: folds 
Uncalled bet ($0.36) returned to George Grats
George Grats collected $0.24 from pot
George Grats: doesn't show hand 
*** SUMMARY ***
Total pot $0.25 | Rake $0.01 
Board [6d 3d 8s Jh]
Seat 1: Nastysha184 folded on the Turn
Seat 3: oblivionreX folded before Flop (didn't bet)
Seat 4: elmatador604 folded before Flop (didn't bet)
Seat 5: Dorex2007 (button) folded before Flop (didn't bet)
Seat 7: KING DEMO691 (small blind) folded before Flop
Seat 8: George Grats (big blind) collected ($0.24)
Seat 9: pvd44443 folded before Flop (didn't bet)



PokerStars Hand #230720782922:  Hold'em No Limit ($0.01/$0.02 USD) - 2021/10/18 23:34:18 PT [2021/10/19 2:34:18 ET]
Table 'Desdemona IV' 9-max Seat #7 is the button
Seat 1: Nastysha184 ($1.96 in chips) 
Seat 3: oblivionreX ($3.16 in chips) 
Seat 4: elmatador604 ($2.18 in chips) 
Seat 5: Dorex2007 ($2 in chips) 
Seat 7: KING DEMO691 ($3.39 in chips) 
Seat 8: George Grats ($2.97 in chips) 
Seat 9: pvd44443 ($2.16 in chips) 
George Grats: posts small blind $0.01
pvd44443: posts big blind $0.02
silentubiq: sits out 
*** HOLE CARDS ***
Dealt to Dorex2007 [Qc Qd]
Nastysha184: folds 
Nastysha184 leaves the table
oblivionreX: folds 
elmatador604: calls $0.02
Dorex2007: raises $0.06 to $0.08
KING DEMO691: folds 
George Grats: folds 
pvd44443: folds 
elmatador604: calls $0.06
*** FLOP *** [Js 9c 8d]
elmatador604: checks 
Dorex2007: bets $0.18
elmatador604: raises $0.18 to $0.36
pinbotani joins the table at seat #1 
Dorex2007: raises $1.56 to $1.92 and is all-in
elmatador604: calls $1.56
*** TURN *** [Js 9c 8d] [Ac]
*** RIVER *** [Js 9c 8d Ac] [7d]
*** SHOW DOWN ***
elmatador604: shows [9s 9h] (three of a kind, Nines)
Dorex2007: shows [Qc Qd] (a pair of Queens)
elmatador604 collected $3.89 from pot
*** SUMMARY ***
Total pot $4.03 | Rake $0.14 
Board [Js 9c 8d Ac 7d]
Seat 1: Nastysha184 folded before Flop (didn't bet)
Seat 3: oblivionreX folded before Flop (didn't bet)
Seat 4: elmatador604 showed [9s 9h] and won ($3.89) with three of a kind, Nines
Seat 5: Dorex2007 showed [Qc Qd] and lost with a pair of Queens
Seat 7: KING DEMO691 (button) folded before Flop (didn't bet)
Seat 8: George Grats (small blind) folded before Flop
Seat 9: pvd44443 (big blind) folded before Flop



PokerStars Hand #230720789543:  Hold'em No Limit ($0.01/$0.02 USD) - 2021/10/18 23:35:11 PT [2021/10/19 2:35:11 ET]
Table 'Desdemona IV' 9-max Seat #8 is the button
Seat 1: pinbotani ($2 in chips) 
Seat 3: oblivionreX ($3.16 in chips) 
Seat 4: elmatador604 ($4.07 in chips) 
Seat 5: Dorex2007 ($2 in chips) 
Seat 7: KING DEMO691 ($3.39 in chips) 
Seat 8: George Grats ($2.96 in chips) 
Seat 9: pvd44443 ($2.14 in chips) 
pvd44443: posts small blind $0.01
pinbotani: posts big blind $0.02
silentubiq: sits out 
*** HOLE CARDS ***
Dealt to Dorex2007 [Kh 7c]
oblivionreX: folds 
elmatador604: folds 
Dorex2007: folds 
KING DEMO691: folds 
George Grats: raises $0.03 to $0.05
pvd44443: folds 
pinbotani: folds 
Uncalled bet ($0.03) returned to George Grats
George Grats collected $0.05 from pot
George Grats: doesn't show hand 
*** SUMMARY ***
Total pot $0.05 | Rake $0 
Seat 1: pinbotani (big blind) folded before Flop
Seat 3: oblivionreX folded before Flop (didn't bet)
Seat 4: elmatador604 folded before Flop (didn't bet)
Seat 5: Dorex2007 folded before Flop (didn't bet)
Seat 7: KING DEMO691 folded before Flop (didn't bet)
Seat 8: George Grats (button) collected ($0.05)
Seat 9: pvd44443 (small blind) folded before Flop



PokerStars Hand #230720792017:  Hold'em No Limit ($0.01/$0.02 USD) - 2021/10/18 23:35:31 PT [2021/10/19 2:35:31 ET]
Table 'Desdemona IV' 9-max Seat #9 is the button
Seat 1: pinbotani ($2 in chips) 
Seat 3: oblivionreX ($3.16 in chips) 
Seat 4: elmatador604 ($4.07 in chips) 
Seat 5: Dorex2007 ($2 in chips) 
Seat 7: KING DEMO691 ($3.39 in chips) 
Seat 8: George Grats ($2.99 in chips) 
Seat 9: pvd44443 ($2.13 in chips) 
pinbotani: posts small blind $0.01
oblivionreX: posts big blind $0.02
silentubiq: sits out 
*** HOLE CARDS ***
Dealt to Dorex2007 [Jc 4d]
elmatador604: calls $0.02
Dorex2007: folds 
KING DEMO691: folds 
George Grats: raises $0.06 to $0.08
pvd44443: folds 
pinbotani: folds 
oblivionreX: calls $0.06
elmatador604: folds 
*** FLOP *** [7s Kh Qc]
oblivionreX: checks 
George Grats: checks 
*** TURN *** [7s Kh Qc] [7h]
oblivionreX: bets $0.07
George Grats: folds 
Uncalled bet ($0.07) returned to oblivionreX
oblivionreX collected $0.18 from pot
oblivionreX: doesn't show hand 
*** SUMMARY ***
Total pot $0.19 | Rake $0.01 
Board [7s Kh Qc 7h]
Seat 1: pinbotani (small blind) folded before Flop
Seat 3: oblivionreX (big blind) collected ($0.18)
Seat 4: elmatador604 folded before Flop
Seat 5: Dorex2007 folded before Flop (didn't bet)
Seat 7: KING DEMO691 folded before Flop (didn't bet)
Seat 8: George Grats folded on the Turn
Seat 9: pvd44443 (button) folded before Flop (didn't bet)



PokerStars Hand #230720796234:  Hold'em No Limit ($0.01/$0.02 USD) - 2021/10/18 23:36:04 PT [2021/10/19 2:36:04 ET]
Table 'Desdemona IV' 9-max Seat #1 is the button
Seat 1: pinbotani ($2 in chips) 
Seat 3: oblivionreX ($3.26 in chips) 
Seat 4: elmatador604 ($4.05 in chips) 
Seat 5: Dorex2007 ($2 in chips) 
Seat 7: KING DEMO691 ($3.39 in chips) 
Seat 8: George Grats ($2.91 in chips) 
Seat 9: pvd44443 ($2.13 in chips) 
oblivionreX: posts small blind $0.01
elmatador604: posts big blind $0.02
silentubiq: sits out 
*** HOLE CARDS ***
Dealt to Dorex2007 [8c Qd]
Dorex2007: folds 
KING DEMO691: folds 
George Grats: folds 
pvd44443: folds 
pinbotani: raises $0.04 to $0.06
oblivionreX: calls $0.05
elmatador604: calls $0.04
*** FLOP *** [9h Ks 5h]
oblivionreX: checks 
elmatador604: bets $0.02
pinbotani: calls $0.02
oblivionreX: calls $0.02
*** TURN *** [9h Ks 5h] [Jh]
oblivionreX: checks 
elmatador604: bets $0.08
pinbotani: folds 
oblivionreX: folds 
Uncalled bet ($0.08) returned to elmatador604
elmatador604 collected $0.23 from pot
elmatador604: doesn't show hand 
*** SUMMARY ***
Total pot $0.24 | Rake $0.01 
Board [9h Ks 5h Jh]
Seat 1: pinbotani (button) folded on the Turn
Seat 3: oblivionreX (small blind) folded on the Turn
Seat 4: elmatador604 (big blind) collected ($0.23)
Seat 5: Dorex2007 folded before Flop (didn't bet)
Seat 7: KING DEMO691 folded before Flop (didn't bet)
Seat 8: George Grats folded before Flop (didn't bet)
Seat 9: pvd44443 folded before Flop (didn't bet)



PokerStars Hand #230720802616:  Hold'em No Limit ($0.01/$0.02 USD) - 2021/10/18 23:36:54 PT [2021/10/19 2:36:54 ET]
Table 'Desdemona IV' 9-max Seat #3 is the button
Seat 1: pinbotani ($2 in chips) 
Seat 3: oblivionreX ($3.18 in chips) 
Seat 5: Dorex2007 ($2 in chips) 
Seat 6: silentubiq ($2 in chips) 
Seat 7: KING DEMO691 ($3.39 in chips) 
Seat 8: George Grats ($2.91 in chips) 
Seat 9: pvd44443 ($2.13 in chips) 
Dorex2007: posts small blind $0.01
silentubiq: posts big blind $0.02
*** HOLE CARDS ***
Dealt to Dorex2007 [3c Kh]
KING DEMO691: folds 
George Grats: folds 
pvd44443: folds 
pinbotani: folds 
oblivionreX: folds 
Dorex2007: calls $0.01
silentubiq: raises $0.02 to $0.04
Dorex2007: folds 
Uncalled bet ($0.02) returned to silentubiq
silentubiq collected $0.04 from pot
silentubiq: doesn't show hand 
*** SUMMARY ***
Total pot $0.04 | Rake $0 
Seat 1: pinbotani folded before Flop (didn't bet)
Seat 3: oblivionreX (button) folded before Flop (didn't bet)
Seat 5: Dorex2007 (small blind) folded before Flop
Seat 6: silentubiq (big blind) collected ($0.04)
Seat 7: KING DEMO691 folded before Flop (didn't bet)
Seat 8: George Grats folded before Flop (didn't bet)
Seat 9: pvd44443 folded before Flop (didn't bet)



PokerStars Hand #230720804599:  Hold'em No Limit ($0.01/$0.02 USD) - 2021/10/18 23:37:10 PT [2021/10/19 2:37:10 ET]
Table 'Desdemona IV' 9-max Seat #5 is the button
Seat 1: pinbotani ($2 in chips) 
Seat 3: oblivionreX ($3.18 in chips) 
Seat 4: elmatador604 ($4.20 in chips) 
Seat 5: Dorex2007 ($2 in chips) 
Seat 6: silentubiq ($2.02 in chips) 
Seat 7: KING DEMO691 ($3.39 in chips) 
Seat 8: George Grats ($2.91 in chips) 
Seat 9: pvd44443 ($2.13 in chips) 
silentubiq: posts small blind $0.01
KING DEMO691: posts big blind $0.02
elmatador604: posts small blind $0.01
*** HOLE CARDS ***
Dealt to Dorex2007 [7c Jc]
George Grats: folds 
pvd44443: folds 
pinbotani: folds 
oblivionreX: folds 
elmatador604: folds 
Dorex2007: raises $0.04 to $0.06
silentubiq: folds 
KING DEMO691: raises $0.04 to $0.10
Dorex2007: calls $0.04
*** FLOP *** [8h Ts 6h]
KING DEMO691: checks 
Dorex2007: bets $0.21
KING DEMO691: folds 
Uncalled bet ($0.21) returned to Dorex2007
Dorex2007 collected $0.21 from pot
Dorex2007: doesn't show hand 
*** SUMMARY ***
Total pot $0.22 | Rake $0.01 
Board [8h Ts 6h]
Seat 1: pinbotani folded before Flop (didn't bet)
Seat 3: oblivionreX folded before Flop (didn't bet)
Seat 4: elmatador604 folded before Flop (didn't bet)
Seat 5: Dorex2007 (button) collected ($0.21)
Seat 6: silentubiq (small blind) folded before Flop
Seat 7: KING DEMO691 (big blind) folded on the Flop
Seat 8: George Grats folded before Flop (didn't bet)
Seat 9: pvd44443 folded before Flop (didn't bet)



PokerStars Hand #230720808318:  Hold'em No Limit ($0.01/$0.02 USD) - 2021/10/18 23:37:39 PT [2021/10/19 2:37:39 ET]
Table 'Desdemona IV' 9-max Seat #6 is the button
Seat 1: pinbotani ($2 in chips) 
Seat 3: oblivionreX ($3.18 in chips) 
Seat 4: elmatador604 ($4.19 in chips) 
Seat 5: Dorex2007 ($2.11 in chips) 
Seat 6: silentubiq ($2.01 in chips) 
Seat 7: KING DEMO691 ($3.29 in chips) 
Seat 8: George Grats ($2.91 in chips) 
Seat 9: pvd44443 ($2.13 in chips) 
KING DEMO691: posts small blind $0.01
George Grats: posts big blind $0.02
*** HOLE CARDS ***
Dealt to Dorex2007 [Ks Qd]
pvd44443: folds 
pinbotani: folds 
oblivionreX: folds 
elmatador604: calls $0.02
Dorex2007: raises $0.04 to $0.06
silentubiq: folds 
KING DEMO691: calls $0.05
George Grats: calls $0.04
elmatador604: calls $0.04
*** FLOP *** [3h Td Ah]
KING DEMO691: checks 
George Grats: checks 
elmatador604: bets $0.02
Dorex2007: calls $0.02
KING DEMO691: raises $0.15 to $0.17
George Grats: folds 
elmatador604: calls $0.15
Dorex2007: folds 
*** TURN *** [3h Td Ah] [Kc]
KING DEMO691: bets $0.58
elmatador604: folds 
Uncalled bet ($0.58) returned to KING DEMO691
KING DEMO691 collected $0.58 from pot
KING DEMO691: doesn't show hand 
*** SUMMARY ***
Total pot $0.60 | Rake $0.02 
Board [3h Td Ah Kc]
Seat 1: pinbotani folded before Flop (didn't bet)
Seat 3: oblivionreX folded before Flop (didn't bet)
Seat 4: elmatador604 folded on the Turn
Seat 5: Dorex2007 folded on the Flop
Seat 6: silentubiq (button) folded before Flop (didn't bet)
Seat 7: KING DEMO691 (small blind) collected ($0.58)
Seat 8: George Grats (big blind) folded on the Flop
Seat 9: pvd44443 folded before Flop (didn't bet)



PokerStars Hand #230720815832:  Hold'em No Limit ($0.01/$0.02 USD) - 2021/10/18 23:38:38 PT [2021/10/19 2:38:38 ET]
Table 'Desdemona IV' 9-max Seat #7 is the button
Seat 1: pinbotani ($2 in chips) 
Seat 3: oblivionreX ($3.18 in chips) 
Seat 4: elmatador604 ($3.96 in chips) 
Seat 5: Dorex2007 ($2.03 in chips) 
Seat 6: silentubiq ($2.01 in chips) 
Seat 7: KING DEMO691 ($3.64 in chips) 
Seat 8: George Grats ($2.85 in chips) 
Seat 9: pvd44443 ($2.13 in chips) 
George Grats: posts small blind $0.01
pvd44443: posts big blind $0.02
*** HOLE CARDS ***
Dealt to Dorex2007 [2c 5c]
pinbotani: folds 
oblivionreX: raises $0.04 to $0.06
elmatador604: folds 
Dorex2007: folds 
silentubiq: calls $0.06
KING DEMO691: folds 
George Grats: folds 
pvd44443: folds 
*** FLOP *** [2s 3h 8s]
oblivionreX: checks 
silentubiq: checks 
*** TURN *** [2s 3h 8s] [As]
oblivionreX: checks 
silentubiq: checks 
*** RIVER *** [2s 3h 8s As] [Ad]
oblivionreX: checks 
silentubiq: checks 
*** SHOW DOWN ***
oblivionreX: shows [Kc Tc] (a pair of Aces)
silentubiq: mucks hand 
oblivionreX collected $0.14 from pot
*** SUMMARY ***
Total pot $0.15 | Rake $0.01 
Board [2s 3h 8s As Ad]
Seat 1: pinbotani folded before Flop (didn't bet)
Seat 3: oblivionreX showed [Kc Tc] and won ($0.14) with a pair of Aces
Seat 4: elmatador604 folded before Flop (didn't bet)
Seat 5: Dorex2007 folded before Flop (didn't bet)
Seat 6: silentubiq mucked [Kh 7h]
Seat 7: KING DEMO691 (button) folded before Flop (didn't bet)
Seat 8: George Grats (small blind) folded before Flop
Seat 9: pvd44443 (big blind) folded before Flop



PokerStars Hand #230720820293:  Hold'em No Limit ($0.01/$0.02 USD) - 2021/10/18 23:39:13 PT [2021/10/19 2:39:13 ET]
Table 'Desdemona IV' 9-max Seat #8 is the button
Seat 1: pinbotani ($2 in chips) 
Seat 3: oblivionreX ($3.26 in chips) 
Seat 4: elmatador604 ($3.96 in chips) 
Seat 5: Dorex2007 ($2.03 in chips) 
Seat 6: silentubiq ($1.95 in chips) 
Seat 7: KING DEMO691 ($3.64 in chips) 
Seat 8: George Grats ($2.84 in chips) 
Seat 9: pvd44443 ($2.11 in chips) 
pvd44443: posts small blind $0.01
pinbotani: posts big blind $0.02
*** HOLE CARDS ***
Dealt to Dorex2007 [3c 9c]
oblivionreX: folds 
elmatador604: calls $0.02
Dorex2007: folds 
silentubiq: folds 
KING DEMO691: folds 
George Grats has timed out
George Grats: folds 
pvd44443: folds 
pinbotani: raises $0.06 to $0.08
elmatador604: folds 
Uncalled bet ($0.06) returned to pinbotani
pinbotani collected $0.05 from pot
pinbotani: doesn't show hand 
*** SUMMARY ***
Total pot $0.05 | Rake $0 
Seat 1: pinbotani (big blind) collected ($0.05)
Seat 3: oblivionreX folded before Flop (didn't bet)
Seat 4: elmatador604 folded before Flop
Seat 5: Dorex2007 folded before Flop (didn't bet)
Seat 6: silentubiq folded before Flop (didn't bet)
Seat 7: KING DEMO691 folded before Flop (didn't bet)
Seat 8: George Grats (button) folded before Flop (didn't bet)
Seat 9: pvd44443 (small blind) folded before Flop



PokerStars Hand #230720824730:  Hold'em No Limit ($0.01/$0.02 USD) - 2021/10/18 23:39:48 PT [2021/10/19 2:39:48 ET]
Table 'Desdemona IV' 9-max Seat #9 is the button
Seat 1: pinbotani ($2.03 in chips) 
Seat 3: oblivionreX ($3.26 in chips) 
Seat 4: elmatador604 ($3.94 in chips) 
Seat 5: Dorex2007 ($2.03 in chips) 
Seat 6: silentubiq ($1.95 in chips) 
Seat 7: KING DEMO691 ($3.64 in chips) 
Seat 8: George Grats ($2.84 in chips) 
Seat 9: pvd44443 ($2.10 in chips) 
pinbotani: posts small blind $0.01
oblivionreX: posts big blind $0.02
*** HOLE CARDS ***
Dealt to Dorex2007 [6d 9s]
elmatador604: folds 
Dorex2007: folds 
silentubiq: raises $0.04 to $0.06
KING DEMO691: folds 
George Grats: folds 
pvd44443: folds 
pinbotani: folds 
oblivionreX: calls $0.04
*** FLOP *** [8c Ad 7c]
oblivionreX: checks 
silentubiq: checks 
*** TURN *** [8c Ad 7c] [Qd]
oblivionreX: checks 
silentubiq: bets $0.02
oblivionreX: folds 
Uncalled bet ($0.02) returned to silentubiq
silentubiq collected $0.13 from pot
silentubiq: doesn't show hand 
*** SUMMARY ***
Total pot $0.13 | Rake $0 
Board [8c Ad 7c Qd]
Seat 1: pinbotani (small blind) folded before Flop
Seat 3: oblivionreX (big blind) folded on the Turn
Seat 4: elmatador604 folded before Flop (didn't bet)
Seat 5: Dorex2007 folded before Flop (didn't bet)
Seat 6: silentubiq collected ($0.13)
Seat 7: KING DEMO691 folded before Flop (didn't bet)
Seat 8: George Grats folded before Flop (didn't bet)
Seat 9: pvd44443 (button) folded before Flop (didn't bet)



PokerStars Hand #230720828081:  Hold'em No Limit ($0.01/$0.02 USD) - 2021/10/18 23:40:14 PT [2021/10/19 2:40:14 ET]
Table 'Desdemona IV' 9-max Seat #1 is the button
Seat 1: pinbotani ($2.02 in chips) 
Seat 3: oblivionreX ($3.20 in chips) 
Seat 5: Dorex2007 ($2.03 in chips) 
Seat 6: silentubiq ($2.02 in chips) 
Seat 7: KING DEMO691 ($3.64 in chips) 
Seat 8: George Grats ($2.84 in chips) 
Seat 9: pvd44443 ($2.10 in chips) 
oblivionreX: posts small blind $0.01
elmatador604: is sitting out 
Dorex2007: posts big blind $0.02
*** HOLE CARDS ***
Dealt to Dorex2007 [9h Kc]
silentubiq: calls $0.02
KING DEMO691: folds 
George Grats: folds 
pvd44443: folds 
pinbotani: raises $0.06 to $0.08
oblivionreX: folds 
Dorex2007: folds 
silentubiq: folds 
Uncalled bet ($0.06) returned to pinbotani
pinbotani collected $0.07 from pot
pinbotani: doesn't show hand 
*** SUMMARY ***
Total pot $0.07 | Rake $0 
Seat 1: pinbotani (button) collected ($0.07)
Seat 3: oblivionreX (small blind) folded before Flop
Seat 5: Dorex2007 (big blind) folded before Flop
Seat 6: silentubiq folded before Flop
Seat 7: KING DEMO691 folded before Flop (didn't bet)
Seat 8: George Grats folded before Flop (didn't bet)
Seat 9: pvd44443 folded before Flop (didn't bet)



PokerStars Hand #230720831087:  Hold'em No Limit ($0.01/$0.02 USD) - 2021/10/18 23:40:37 PT [2021/10/19 2:40:37 ET]
Table 'Desdemona IV' 9-max Seat #3 is the button
Seat 1: pinbotani ($2.07 in chips) 
Seat 3: oblivionreX ($3.19 in chips) 
Seat 5: Dorex2007 ($2.01 in chips) 
Seat 6: silentubiq ($2 in chips) 
Seat 7: KING DEMO691 ($3.64 in chips) 
Seat 8: George Grats ($2.84 in chips) 
Seat 9: pvd44443 ($2.10 in chips) 
Dorex2007: posts small blind $0.01
silentubiq: posts big blind $0.02
*** HOLE CARDS ***
Dealt to Dorex2007 [4c 6s]
KING DEMO691: folds 
George Grats: folds 
pvd44443: folds 
pinbotani: folds 
oblivionreX: folds 
Dorex2007: raises $0.04 to $0.06
silentubiq: raises $0.04 to $0.10
Dorex2007: calls $0.04
*** FLOP *** [Jd Js Ts]
Dorex2007: checks 
silentubiq: bets $1.90 and is all-in
Dorex2007: folds 
Uncalled bet ($1.90) returned to silentubiq
silentubiq collected $0.19 from pot
silentubiq: doesn't show hand 
*** SUMMARY ***
Total pot $0.20 | Rake $0.01 
Board [Jd Js Ts]
Seat 1: pinbotani folded before Flop (didn't bet)
Seat 3: oblivionreX (button) folded before Flop (didn't bet)
Seat 5: Dorex2007 (small blind) folded on the Flop
Seat 6: silentubiq (big blind) collected ($0.19)
Seat 7: KING DEMO691 folded before Flop (didn't bet)
Seat 8: George Grats folded before Flop (didn't bet)
Seat 9: pvd44443 folded before Flop (didn't bet)



PokerStars Hand #230720834733:  Hold'em No Limit ($0.01/$0.02 USD) - 2021/10/18 23:41:06 PT [2021/10/19 2:41:06 ET]
Table 'Desdemona IV' 9-max Seat #5 is the button
Seat 1: pinbotani ($2.07 in chips) 
Seat 3: oblivionreX ($3.19 in chips) 
Seat 4: elmatador604 ($3.94 in chips) 
Seat 5: Dorex2007 ($2 in chips) 
Seat 6: silentubiq ($2.09 in chips) 
Seat 7: KING DEMO691 ($3.64 in chips) 
Seat 8: George Grats ($2.84 in chips) 
Seat 9: pvd44443 ($2.10 in chips) 
silentubiq: posts small blind $0.01
KING DEMO691: posts big blind $0.02
elmatador604: posts small & big blinds $0.03
*** HOLE CARDS ***
Dealt to Dorex2007 [Qh 3h]
George Grats: folds 
pvd44443: folds 
pinbotani: folds 
oblivionreX: raises $0.05 to $0.07
elmatador604: folds 
Dorex2007: folds 
silentubiq: raises $0.05 to $0.12
KING DEMO691: folds 
oblivionreX: raises $0.16 to $0.28
silentubiq: calls $0.16
*** FLOP *** [9h 7h 3c]
silentubiq: checks 
oblivionreX: bets $0.24
silentubiq: calls $0.24
*** TURN *** [9h 7h 3c] [Qs]
silentubiq: checks 
oblivionreX: bets $0.69
silentubiq: folds 
Uncalled bet ($0.69) returned to oblivionreX
oblivionreX collected $1.05 from pot
oblivionreX: doesn't show hand 
*** SUMMARY ***
Total pot $1.09 | Rake $0.04 
Board [9h 7h 3c Qs]
Seat 1: pinbotani folded before Flop (didn't bet)
Seat 3: oblivionreX collected ($1.05)
Seat 4: elmatador604 folded before Flop (didn't bet)
Seat 5: Dorex2007 (button) folded before Flop (didn't bet)
Seat 6: silentubiq (small blind) folded on the Turn
Seat 7: KING DEMO691 (big blind) folded before Flop
Seat 8: George Grats folded before Flop (didn't bet)
Seat 9: pvd44443 folded before Flop (didn't bet)



PokerStars Hand #230720840778:  Hold'em No Limit ($0.01/$0.02 USD) - 2021/10/18 23:41:52 PT [2021/10/19 2:41:52 ET]
Table 'Desdemona IV' 9-max Seat #6 is the button
Seat 1: pinbotani ($2.07 in chips) 
Seat 3: oblivionreX ($3.72 in chips) 
Seat 4: elmatador604 ($3.91 in chips) 
Seat 5: Dorex2007 ($2 in chips) 
Seat 6: silentubiq ($1.57 in chips) 
Seat 7: KING DEMO691 ($3.62 in chips) 
Seat 8: George Grats ($2.84 in chips) 
Seat 9: pvd44443 ($2.10 in chips) 
KING DEMO691: posts small blind $0.01
George Grats: posts big blind $0.02
*** HOLE CARDS ***
Dealt to Dorex2007 [Th 4s]
pvd44443: folds 
pinbotani: folds 
oblivionreX: folds 
elmatador604: folds 
Dorex2007: folds 
silentubiq: calls $0.02
KING DEMO691: raises $0.04 to $0.06
George Grats: raises $0.14 to $0.20
silentubiq: folds 
KING DEMO691: calls $0.14
*** FLOP *** [7d 8d Jh]
KING DEMO691: checks 
George Grats: bets $0.18
KING DEMO691: calls $0.18
*** TURN *** [7d 8d Jh] [9s]
KING DEMO691: checks 
George Grats: bets $0.56
KING DEMO691: folds 
Uncalled bet ($0.56) returned to George Grats
George Grats collected $0.75 from pot
George Grats: doesn't show hand 
*** SUMMARY ***
Total pot $0.78 | Rake $0.03 
Board [7d 8d Jh 9s]
Seat 1: pinbotani folded before Flop (didn't bet)
Seat 3: oblivionreX folded before Flop (didn't bet)
Seat 4: elmatador604 folded before Flop (didn't bet)
Seat 5: Dorex2007 folded before Flop (didn't bet)
Seat 6: silentubiq (button) folded before Flop
Seat 7: KING DEMO691 (small blind) folded on the Turn
Seat 8: George Grats (big blind) collected ($0.75)
Seat 9: pvd44443 folded before Flop (didn't bet)



PokerStars Hand #230720849484:  Hold'em No Limit ($0.01/$0.02 USD) - 2021/10/18 23:43:00 PT [2021/10/19 2:43:00 ET]
Table 'Desdemona IV' 9-max Seat #7 is the button
Seat 1: pinbotani ($2.07 in chips) 
Seat 3: oblivionreX ($3.72 in chips) 
Seat 4: elmatador604 ($3.91 in chips) 
Seat 5: Dorex2007 ($2 in chips) 
Seat 6: silentubiq ($1.55 in chips) 
Seat 7: KING DEMO691 ($3.24 in chips) 
Seat 8: George Grats ($3.21 in chips) 
Seat 9: pvd44443 ($2.10 in chips) 
George Grats: posts small blind $0.01
pvd44443: posts big blind $0.02
*** HOLE CARDS ***
Dealt to Dorex2007 [6c 2c]
pinbotani: folds 
oblivionreX: folds 
elmatador604: calls $0.02
Dorex2007: folds 
silentubiq: raises $0.04 to $0.06
KING DEMO691: folds 
George Grats: folds 
pvd44443: folds 
elmatador604: calls $0.04
*** FLOP *** [Ah 7d 9c]
elmatador604: bets $0.02
silentubiq: calls $0.02
*** TURN *** [Ah 7d 9c] [6s]
elmatador604: bets $0.18
silentubiq: calls $0.18
*** RIVER *** [Ah 7d 9c 6s] [4d]
elmatador604: bets $0.46
silentubiq: folds 
Uncalled bet ($0.46) returned to elmatador604
elmatador604 collected $0.53 from pot
elmatador604: doesn't show hand 
*** SUMMARY ***
Total pot $0.55 | Rake $0.02 
Board [Ah 7d 9c 6s 4d]
Seat 1: pinbotani folded before Flop (didn't bet)
Seat 3: oblivionreX folded before Flop (didn't bet)
Seat 4: elmatador604 collected ($0.53)
Seat 5: Dorex2007 folded before Flop (didn't bet)
Seat 6: silentubiq folded on the River
Seat 7: KING DEMO691 (button) folded before Flop (didn't bet)
Seat 8: George Grats (small blind) folded before Flop
Seat 9: pvd44443 (big blind) folded before Flop



PokerStars Hand #230720855847:  Hold'em No Limit ($0.01/$0.02 USD) - 2021/10/18 23:43:50 PT [2021/10/19 2:43:50 ET]
Table 'Desdemona IV' 9-max Seat #8 is the button
Seat 1: pinbotani ($2.07 in chips) 
Seat 3: oblivionreX ($3.72 in chips) 
Seat 4: elmatador604 ($4.18 in chips) 
Seat 5: Dorex2007 ($2 in chips) 
Seat 6: silentubiq ($1.29 in chips) 
Seat 7: KING DEMO691 ($3.24 in chips) 
Seat 8: George Grats ($3.20 in chips) 
Seat 9: pvd44443 ($2.08 in chips) 
pvd44443: posts small blind $0.01
pinbotani: posts big blind $0.02
*** HOLE CARDS ***
Dealt to Dorex2007 [3d 9d]
oblivionreX: folds 
elmatador604: calls $0.02
Dorex2007: folds 
silentubiq: raises $0.04 to $0.06
KING DEMO691: folds 
George Grats: folds 
pvd44443: folds 
pinbotani: folds 
elmatador604: calls $0.04
*** FLOP *** [3c Th 3h]
elmatador604: bets $0.02
silentubiq: raises $0.02 to $0.04
elmatador604: calls $0.02
*** TURN *** [3c Th 3h] [7s]
elmatador604: bets $0.02
silentubiq: raises $1.17 to $1.19 and is all-in
elmatador604: folds 
Uncalled bet ($1.17) returned to silentubiq
silentubiq collected $0.26 from pot
silentubiq: doesn't show hand 
*** SUMMARY ***
Total pot $0.27 | Rake $0.01 
Board [3c Th 3h 7s]
Seat 1: pinbotani (big blind) folded before Flop
Seat 3: oblivionreX folded before Flop (didn't bet)
Seat 4: elmatador604 folded on the Turn
Seat 5: Dorex2007 folded before Flop (didn't bet)
Seat 6: silentubiq collected ($0.26)
Seat 7: KING DEMO691 folded before Flop (didn't bet)
Seat 8: George Grats (button) folded before Flop (didn't bet)
Seat 9: pvd44443 (small blind) folded before Flop



PokerStars Hand #230720861897:  Hold'em No Limit ($0.01/$0.02 USD) - 2021/10/18 23:44:37 PT [2021/10/19 2:44:37 ET]
Table 'Desdemona IV' 9-max Seat #9 is the button
Seat 1: pinbotani ($2.05 in chips) 
Seat 3: oblivionreX ($3.72 in chips) 
Seat 4: elmatador604 ($4.06 in chips) 
Seat 5: Dorex2007 ($2 in chips) 
Seat 6: silentubiq ($1.43 in chips) 
Seat 7: KING DEMO691 ($3.24 in chips) 
Seat 8: George Grats ($3.20 in chips) 
Seat 9: pvd44443 ($2.07 in chips) 
pinbotani: posts small blind $0.01
oblivionreX: posts big blind $0.02
*** HOLE CARDS ***
Dealt to Dorex2007 [2c Jh]
elmatador604: calls $0.02
Dorex2007: folds 
silentubiq: raises $0.04 to $0.06
KING DEMO691: raises $0.17 to $0.23
George Grats: folds 
pvd44443: folds 
pinbotani: folds 
oblivionreX: folds 
elmatador604: folds 
silentubiq: calls $0.17
*** FLOP *** [4h 8c 6h]
silentubiq: checks 
KING DEMO691: bets $0.24
silentubiq: calls $0.24
*** TURN *** [4h 8c 6h] [Js]
silentubiq: checks 
KING DEMO691: checks 
*** RIVER *** [4h 8c 6h Js] [8d]
silentubiq: checks 
KING DEMO691: checks 
*** SHOW DOWN ***
silentubiq: shows [Kd Qh] (a pair of Eights)
KING DEMO691: shows [Kc Ac] (a pair of Eights - Ace kicker)
KING DEMO691 collected $0.96 from pot
Gabriel.SMAA leaves the table
*** SUMMARY ***
Total pot $0.99 | Rake $0.03 
Board [4h 8c 6h Js 8d]
Seat 1: pinbotani (small blind) folded before Flop
Seat 3: oblivionreX (big blind) folded before Flop
Seat 4: elmatador604 folded before Flop
Seat 5: Dorex2007 folded before Flop (didn't bet)
Seat 6: silentubiq showed [Kd Qh] and lost with a pair of Eights
Seat 7: KING DEMO691 showed [Kc Ac] and won ($0.96) with a pair of Eights
Seat 8: George Grats folded before Flop (didn't bet)
Seat 9: pvd44443 (button) folded before Flop (didn't bet)



PokerStars Hand #230720867423:  Hold'em No Limit ($0.01/$0.02 USD) - 2021/10/18 23:45:19 PT [2021/10/19 2:45:19 ET]
Table 'Desdemona IV' 9-max Seat #1 is the button
Seat 1: pinbotani ($2.04 in chips) 
Seat 3: oblivionreX ($3.70 in chips) 
Seat 4: elmatador604 ($4.04 in chips) 
Seat 5: Dorex2007 ($2 in chips) 
Seat 6: silentubiq ($0.96 in chips) 
Seat 7: KING DEMO691 ($3.73 in chips) 
Seat 8: George Grats ($3.20 in chips) 
Seat 9: pvd44443 ($2.07 in chips) 
oblivionreX: posts small blind $0.01
elmatador604: posts big blind $0.02
*** HOLE CARDS ***
Dealt to Dorex2007 [Ah 5d]
Dorex2007: folds 
silentubiq: raises $0.02 to $0.04
KING DEMO691: folds 
George Grats: folds 
pvd44443: folds 
pinbotani: folds 
oblivionreX: folds 
elmatador604: calls $0.02
*** FLOP *** [4h As 3s]
elmatador604: bets $0.02
silentubiq: calls $0.02
*** TURN *** [4h As 3s] [3c]
nadokesh joins the table at seat #2 
elmatador604: bets $0.08
silentubiq: folds 
Uncalled bet ($0.08) returned to elmatador604
elmatador604 collected $0.13 from pot
elmatador604: doesn't show hand 
*** SUMMARY ***
Total pot $0.13 | Rake $0 
Board [4h As 3s 3c]
Seat 1: pinbotani (button) folded before Flop (didn't bet)
Seat 3: oblivionreX (small blind) folded before Flop
Seat 4: elmatador604 (big blind) collected ($0.13)
Seat 5: Dorex2007 folded before Flop (didn't bet)
Seat 6: silentubiq folded on the Turn
Seat 7: KING DEMO691 folded before Flop (didn't bet)
Seat 8: George Grats folded before Flop (didn't bet)
Seat 9: pvd44443 folded before Flop (didn't bet)



PokerStars Hand #230720872030:  Hold'em No Limit ($0.01/$0.02 USD) - 2021/10/18 23:45:54 PT [2021/10/19 2:45:54 ET]
Table 'Desdemona IV' 9-max Seat #3 is the button
Seat 1: pinbotani ($2.04 in chips) 
Seat 3: oblivionreX ($3.69 in chips) 
Seat 4: elmatador604 ($4.11 in chips) 
Seat 5: Dorex2007 ($2 in chips) 
Seat 6: silentubiq ($0.90 in chips) 
Seat 7: KING DEMO691 ($3.73 in chips) 
Seat 8: George Grats ($3.20 in chips) 
Seat 9: pvd44443 ($2.07 in chips) 
elmatador604: posts small blind $0.01
Dorex2007: posts big blind $0.02
nadokesh: sits out 
*** HOLE CARDS ***
Dealt to Dorex2007 [5c 4s]
silentubiq: folds 
KING DEMO691: folds 
George Grats: folds 
pvd44443: folds 
pinbotani: raises $0.04 to $0.06
oblivionreX: folds 
elmatador604: calls $0.05
KING DEMO691 leaves the table
Dorex2007: folds 
*** FLOP *** [Kh 3h 7d]
elmatador604: bets $0.02
vechesss1985 joins the table at seat #7 
pinbotani: raises $0.06 to $0.08
elmatador604: folds 
Uncalled bet ($0.06) returned to pinbotani
pinbotani collected $0.17 from pot
pinbotani: doesn't show hand 
*** SUMMARY ***
Total pot $0.18 | Rake $0.01 
Board [Kh 3h 7d]
Seat 1: pinbotani collected ($0.17)
Seat 3: oblivionreX (button) folded before Flop (didn't bet)
Seat 4: elmatador604 (small blind) folded on the Flop
Seat 5: Dorex2007 (big blind) folded before Flop
Seat 6: silentubiq folded before Flop (didn't bet)
Seat 7: KING DEMO691 folded before Flop (didn't bet)
Seat 8: George Grats folded before Flop (didn't bet)
Seat 9: pvd44443 folded before Flop (didn't bet)



PokerStars Hand #230720875674:  Hold'em No Limit ($0.01/$0.02 USD) - 2021/10/18 23:46:23 PT [2021/10/19 2:46:23 ET]
Table 'Desdemona IV' 9-max Seat #4 is the button
Seat 1: pinbotani ($2.13 in chips) 
Seat 3: oblivionreX ($3.69 in chips) 
Seat 4: elmatador604 ($4.03 in chips) 
Seat 5: Dorex2007 ($2 in chips) 
Seat 6: silentubiq ($0.90 in chips) 
Seat 8: George Grats ($3.20 in chips) 
Seat 9: pvd44443 ($2.07 in chips) 
Dorex2007: posts small blind $0.01
silentubiq: posts big blind $0.02
vechesss1985: sits out 
nadokesh: sits out 
*** HOLE CARDS ***
Dealt to Dorex2007 [9d Td]
George Grats: folds 
pvd44443: folds 
pinbotani: raises $0.06 to $0.08
oblivionreX: folds 
elmatador604: folds 
Dorex2007: folds 
silentubiq: folds 
Uncalled bet ($0.06) returned to pinbotani
silentubiq leaves the table
pinbotani collected $0.05 from pot
pinbotani: doesn't show hand 
*** SUMMARY ***
Total pot $0.05 | Rake $0 
Seat 1: pinbotani collected ($0.05)
Seat 3: oblivionreX folded before Flop (didn't bet)
Seat 4: elmatador604 (button) folded before Flop (didn't bet)
Seat 5: Dorex2007 (small blind) folded before Flop
Seat 6: silentubiq (big blind) folded before Flop
Seat 8: George Grats folded before Flop (didn't bet)
Seat 9: pvd44443 folded before Flop (didn't bet)



PokerStars Hand #230720877805:  Hold'em No Limit ($0.01/$0.02 USD) - 2021/10/18 23:46:40 PT [2021/10/19 2:46:40 ET]
Table 'Desdemona IV' 9-max Seat #5 is the button
Seat 1: pinbotani ($2.16 in chips) 
Seat 3: oblivionreX ($3.69 in chips) 
Seat 4: elmatador604 ($4.03 in chips) 
Seat 5: Dorex2007 ($2 in chips) 
Seat 8: George Grats ($3.20 in chips) 
Seat 9: pvd44443 ($2.07 in chips) 
George Grats: posts small blind $0.01
pvd44443: posts big blind $0.02
nadokesh: sits out 
*** HOLE CARDS ***
Dealt to Dorex2007 [3c Jh]
pinbotani: raises $0.04 to $0.06
oblivionreX: folds 
elmatador604: folds 
RealLerxst joins the table at seat #6 
Dorex2007: folds 
George Grats: folds 
pvd44443: folds 
Uncalled bet ($0.04) returned to pinbotani
pinbotani collected $0.05 from pot
pinbotani: doesn't show hand 
*** SUMMARY ***
Total pot $0.05 | Rake $0 
Seat 1: pinbotani collected ($0.05)
Seat 3: oblivionreX folded before Flop (didn't bet)
Seat 4: elmatador604 folded before Flop (didn't bet)
Seat 5: Dorex2007 (button) folded before Flop (didn't bet)
Seat 8: George Grats (small blind) folded before Flop
Seat 9: pvd44443 (big blind) folded before Flop



PokerStars Hand #230720879956:  Hold'em No Limit ($0.01/$0.02 USD) - 2021/10/18 23:46:56 PT [2021/10/19 2:46:56 ET]
Table 'Desdemona IV' 9-max Seat #8 is the button
Seat 1: pinbotani ($2.19 in chips) 
Seat 3: oblivionreX ($3.69 in chips) 
Seat 4: elmatador604 ($4.03 in chips) 
Seat 5: Dorex2007 ($2 in chips) 
Seat 7: vechesss1985 ($0.80 in chips) 
Seat 8: George Grats ($3.19 in chips) 
Seat 9: pvd44443 ($2.05 in chips) 
pvd44443: posts small blind $0.01
pinbotani: posts big blind $0.02
nadokesh: sits out 
RealLerxst: sits out 
vechesss1985: posts big blind $0.02
*** HOLE CARDS ***
Dealt to Dorex2007 [9h 8s]
oblivionreX: folds 
elmatador604: folds 
Dorex2007: folds 
vechesss1985: checks 
George Grats: folds 
pvd44443: folds 
pinbotani: raises $0.08 to $0.10
vechesss1985: folds 
Uncalled bet ($0.08) returned to pinbotani
pinbotani collected $0.05 from pot
pinbotani: doesn't show hand 
*** SUMMARY ***
Total pot $0.05 | Rake $0 
Seat 1: pinbotani (big blind) collected ($0.05)
Seat 3: oblivionreX folded before Flop (didn't bet)
Seat 4: elmatador604 folded before Flop (didn't bet)
Seat 5: Dorex2007 folded before Flop (didn't bet)
Seat 7: vechesss1985 folded before Flop (didn't bet)
Seat 8: George Grats (button) folded before Flop (didn't bet)
Seat 9: pvd44443 (small blind) folded before Flop



PokerStars Hand #230720883095:  Hold'em No Limit ($0.01/$0.02 USD) - 2021/10/18 23:47:20 PT [2021/10/19 2:47:20 ET]
Table 'Desdemona IV' 9-max Seat #9 is the button
Seat 1: pinbotani ($2.22 in chips) 
Seat 2: nadokesh ($2 in chips) 
Seat 3: oblivionreX ($3.69 in chips) 
Seat 4: elmatador604 ($4.03 in chips) 
Seat 5: Dorex2007 ($2 in chips) 
Seat 6: RealLerxst ($2 in chips) 
Seat 7: vechesss1985 ($0.78 in chips) 
Seat 8: George Grats ($3.19 in chips) 
Seat 9: pvd44443 ($2.04 in chips) 
pinbotani: posts small blind $0.01
nadokesh: posts big blind $0.02
RealLerxst: posts big blind $0.02
*** HOLE CARDS ***
Dealt to Dorex2007 [9d 3h]
oblivionreX: folds 
elmatador604: calls $0.02
Dorex2007: folds 
RealLerxst: raises $0.02 to $0.04
vechesss1985: folds 
George Grats: raises $0.14 to $0.18
pvd44443: folds 
pinbotani: folds 
nadokesh: folds 
elmatador604: folds 
RealLerxst: calls $0.14
*** FLOP *** [6h 5c 2h]
RealLerxst: bets $0.20
George Grats: raises $0.40 to $0.60
RealLerxst: calls $0.40
*** TURN *** [6h 5c 2h] [Js]
RealLerxst: checks 
George Grats: bets $2.33
RealLerxst: calls $1.22 and is all-in
Uncalled bet ($1.11) returned to George Grats
*** RIVER *** [6h 5c 2h Js] [6c]
*** SHOW DOWN ***
RealLerxst: shows [Kc As] (a pair of Sixes)
George Grats: shows [Jh Qh] (two pair, Jacks and Sixes)
George Grats collected $3.91 from pot
*** SUMMARY ***
Total pot $4.05 | Rake $0.14 
Board [6h 5c 2h Js 6c]
Seat 1: pinbotani (small blind) folded before Flop
Seat 2: nadokesh (big blind) folded before Flop
Seat 3: oblivionreX folded before Flop (didn't bet)
Seat 4: elmatador604 folded before Flop
Seat 5: Dorex2007 folded before Flop (didn't bet)
Seat 6: RealLerxst showed [Kc As] and lost with a pair of Sixes
Seat 7: vechesss1985 folded before Flop (didn't bet)
Seat 8: George Grats showed [Jh Qh] and won ($3.91) with two pair, Jacks and Sixes
Seat 9: pvd44443 (button) folded before Flop (didn't bet)



PokerStars Hand #230720891675:  Hold'em No Limit ($0.01/$0.02 USD) - 2021/10/18 23:48:26 PT [2021/10/19 2:48:26 ET]
Table 'Desdemona IV' 9-max Seat #1 is the button
Seat 1: pinbotani ($2.21 in chips) 
Seat 2: nadokesh ($2 in chips) 
Seat 3: oblivionreX ($3.69 in chips) 
Seat 4: elmatador604 ($4.01 in chips) 
Seat 5: Dorex2007 ($2 in chips) 
Seat 7: vechesss1985 ($0.78 in chips) 
Seat 8: George Grats ($5.10 in chips) 
Seat 9: pvd44443 ($2.04 in chips) 
nadokesh: posts small blind $0.01
oblivionreX: posts big blind $0.02
*** HOLE CARDS ***
Dealt to Dorex2007 [Ts Kd]
elmatador604: calls $0.02
Dorex2007: raises $0.02 to $0.04
vechesss1985: folds 
George Grats: folds 
pvd44443: folds 
pinbotani: folds 
nadokesh: folds 
oblivionreX: calls $0.02
elmatador604: calls $0.02
*** FLOP *** [6d 7s 8c]
oblivionreX: checks 
elmatador604: bets $0.02
Dorex2007: calls $0.02
oblivionreX: raises $0.15 to $0.17
elmatador604: folds 
Dorex2007: folds 
Uncalled bet ($0.15) returned to oblivionreX
oblivionreX collected $0.18 from pot
oblivionreX: doesn't show hand 
*** SUMMARY ***
Total pot $0.19 | Rake $0.01 
Board [6d 7s 8c]
Seat 1: pinbotani (button) folded before Flop (didn't bet)
Seat 2: nadokesh (small blind) folded before Flop
Seat 3: oblivionreX (big blind) collected ($0.18)
Seat 4: elmatador604 folded on the Flop
Seat 5: Dorex2007 folded on the Flop
Seat 7: vechesss1985 folded before Flop (didn't bet)
Seat 8: George Grats folded before Flop (didn't bet)
Seat 9: pvd44443 folded before Flop (didn't bet)



PokerStars Hand #230720897663:  Hold'em No Limit ($0.01/$0.02 USD) - 2021/10/18 23:49:12 PT [2021/10/19 2:49:12 ET]
Table 'Desdemona IV' 9-max Seat #2 is the button
Seat 1: pinbotani ($2.21 in chips) 
Seat 2: nadokesh ($2 in chips) 
Seat 3: oblivionreX ($3.81 in chips) 
Seat 4: elmatador604 ($3.95 in chips) 
Seat 5: Dorex2007 ($2 in chips) 
Seat 6: RealLerxst ($2 in chips) 
Seat 7: vechesss1985 ($0.78 in chips) 
Seat 8: George Grats ($5.10 in chips) 
Seat 9: pvd44443 ($2.04 in chips) 
oblivionreX: posts small blind $0.01
elmatador604: posts big blind $0.02
*** HOLE CARDS ***
Dealt to Dorex2007 [Ad 2h]
Dorex2007: folds 
RealLerxst: folds 
vechesss1985: calls $0.02
George Grats: raises $0.06 to $0.08
pvd44443: folds 
pinbotani: folds 
nadokesh: folds 
oblivionreX: folds 
elmatador604: folds 
vechesss1985: calls $0.06
*** FLOP *** [3c 7c 2d]
vechesss1985: bets $0.04
George Grats: calls $0.04
*** TURN *** [3c 7c 2d] [8c]
vechesss1985: bets $0.10
George Grats: calls $0.10
*** RIVER *** [3c 7c 2d 8c] [9s]
vechesss1985: bets $0.10
George Grats: calls $0.10
*** SHOW DOWN ***
vechesss1985: shows [8h 9d] (two pair, Nines and Eights)
George Grats: mucks hand 
vechesss1985 collected $0.65 from pot
*** SUMMARY ***
Total pot $0.67 | Rake $0.02 
Board [3c 7c 2d 8c 9s]
Seat 1: pinbotani folded before Flop (didn't bet)
Seat 2: nadokesh (button) folded before Flop (didn't bet)
Seat 3: oblivionreX (small blind) folded before Flop
Seat 4: elmatador604 (big blind) folded before Flop
Seat 5: Dorex2007 folded before Flop (didn't bet)
Seat 6: RealLerxst folded before Flop (didn't bet)
Seat 7: vechesss1985 showed [8h 9d] and won ($0.65) with two pair, Nines and Eights
Seat 8: George Grats mucked [Kc Qh]
Seat 9: pvd44443 folded before Flop (didn't bet)



PokerStars Hand #230720904700:  Hold'em No Limit ($0.01/$0.02 USD) - 2021/10/18 23:50:05 PT [2021/10/19 2:50:05 ET]
Table 'Desdemona IV' 9-max Seat #3 is the button
Seat 1: pinbotani ($2.21 in chips) 
Seat 2: nadokesh ($2 in chips) 
Seat 3: oblivionreX ($3.80 in chips) 
Seat 4: elmatador604 ($3.93 in chips) 
Seat 5: Dorex2007 ($2 in chips) 
Seat 6: RealLerxst ($2 in chips) 
Seat 7: vechesss1985 ($1.11 in chips) 
Seat 8: George Grats ($4.78 in chips) 
Seat 9: pvd44443 ($2.04 in chips) 
elmatador604: posts small blind $0.01
Dorex2007: posts big blind $0.02
*** HOLE CARDS ***
Dealt to Dorex2007 [6d 6c]
RealLerxst: raises $0.02 to $0.04
vechesss1985: folds 
George Grats: folds 
pvd44443: folds 
pinbotani: calls $0.04
nadokesh: calls $0.04
oblivionreX: calls $0.04
elmatador604: calls $0.03
Dorex2007: calls $0.02
*** FLOP *** [3c 2d 5c]
elmatador604: checks 
Dorex2007: checks 
RealLerxst: checks 
pinbotani: checks 
nadokesh: checks 
oblivionreX: bets $0.15
elmatador604: calls $0.15
George Grats leaves the table
Dorex2007: calls $0.15
RealLerxst: calls $0.15
pinbotani: folds 
nadokesh: calls $0.15
*** TURN *** [3c 2d 5c] [Th]
elmatador604: checks 
Dorex2007: checks 
RealLerxst: checks 
nadokesh: checks 
oblivionreX: bets $0.66
elmatador604: folds 
Dorex2007: calls $0.66
RealLerxst: folds 
nadokesh: folds 
*** RIVER *** [3c 2d 5c Th] [Td]
Dorex2007: bets $1.15 and is all-in
oblivionreX: calls $1.15
*** SHOW DOWN ***
Dorex2007: shows [6d 6c] (two pair, Tens and Sixes)
oblivionreX: shows [Ad 4d] (a straight, Ace to Five)
oblivionreX collected $4.45 from pot
*** SUMMARY ***
Total pot $4.61 | Rake $0.16 
Board [3c 2d 5c Th Td]
Seat 1: pinbotani folded on the Flop
Seat 2: nadokesh folded on the Turn
Seat 3: oblivionreX (button) showed [Ad 4d] and won ($4.45) with a straight, Ace to Five
Seat 4: elmatador604 (small blind) folded on the Turn
Seat 5: Dorex2007 (big blind) showed [6d 6c] and lost with two pair, Tens and Sixes
Seat 6: RealLerxst folded on the Turn
Seat 7: vechesss1985 folded before Flop (didn't bet)
Seat 8: George Grats folded before Flop (didn't bet)
Seat 9: pvd44443 folded before Flop (didn't bet)



PokerStars Hand #230720916373:  Hold'em No Limit ($0.01/$0.02 USD) - 2021/10/18 23:51:33 PT [2021/10/19 2:51:33 ET]
Table 'Desdemona IV' 9-max Seat #4 is the button
Seat 1: pinbotani ($2.17 in chips) 
Seat 2: nadokesh ($2 in chips) 
Seat 3: oblivionreX ($6.25 in chips) 
Seat 4: elmatador604 ($3.74 in chips) 
Seat 5: Dorex2007 ($2 in chips) 
Seat 6: RealLerxst ($1.81 in chips) 
Seat 7: vechesss1985 ($1.11 in chips) 
Seat 9: pvd44443 ($2.04 in chips) 
Dorex2007: posts small blind $0.01
RealLerxst: posts big blind $0.02
*** HOLE CARDS ***
Dealt to Dorex2007 [9s Ac]
vechesss1985: calls $0.02
pvd44443: calls $0.02
pinbotani: folds 
nadokesh: folds 
oblivionreX: folds 
elmatador604: calls $0.02
Dorex2007: calls $0.01
RealLerxst: checks 
*** FLOP *** [Ad 6s 9c]
vangicos1 joins the table at seat #8 
Dorex2007: bets $0.07
RealLerxst: folds 
vechesss1985: raises $0.07 to $0.14
pvd44443: raises $0.45 to $0.59
elmatador604: folds 
Dorex2007: raises $0.57 to $1.16
vechesss1985: folds 
pvd44443: raises $0.57 to $1.73
Dorex2007: raises $0.25 to $1.98 and is all-in
pvd44443: calls $0.25
*** TURN *** [Ad 6s 9c] [Ks]
*** RIVER *** [Ad 6s 9c Ks] [Qd]
*** SHOW DOWN ***
Dorex2007: shows [9s Ac] (two pair, Aces and Nines)
pvd44443: shows [6h 6c] (three of a kind, Sixes)
pvd44443 cashed out the hand for $3.34 | Cash Out Fee $0.03
*** SUMMARY ***
Total pot $4.20 | Rake $0.15 
Board [Ad 6s 9c Ks Qd]
Seat 1: pinbotani folded before Flop (didn't bet)
Seat 2: nadokesh folded before Flop (didn't bet)
Seat 3: oblivionreX folded before Flop (didn't bet)
Seat 4: elmatador604 (button) folded on the Flop
Seat 5: Dorex2007 (small blind) showed [9s Ac] and lost with two pair, Aces and Nines
Seat 6: RealLerxst (big blind) folded on the Flop
Seat 7: vechesss1985 folded on the Flop
Seat 9: pvd44443 showed [6h 6c] and won ($4.05) with three of a kind, Sixes (pot not awarded as player cashed out)



PokerStars Hand #230720925304:  Hold'em No Limit ($0.01/$0.02 USD) - 2021/10/18 23:52:41 PT [2021/10/19 2:52:41 ET]
Table 'Desdemona IV' 9-max Seat #5 is the button
Seat 1: pinbotani ($2.17 in chips) 
Seat 2: nadokesh ($2 in chips) 
Seat 3: oblivionreX ($6.25 in chips) 
Seat 4: elmatador604 ($3.72 in chips) 
Seat 5: Dorex2007 ($2 in chips) 
Seat 6: RealLerxst ($1.79 in chips) 
Seat 7: vechesss1985 ($0.95 in chips) 
Seat 8: vangicos1 ($1.60 in chips) 
Seat 9: pvd44443 ($3.38 in chips) 
RealLerxst: posts small blind $0.01
vechesss1985: posts big blind $0.02
vangicos1: posts big blind $0.02
*** HOLE CARDS ***
Dealt to Dorex2007 [Jd Kc]
vangicos1: checks 
pvd44443: raises $0.10 to $0.12
pinbotani: folds 
nadokesh: folds 
oblivionreX: folds 
elmatador604: folds 
Dorex2007: calls $0.12
RealLerxst: folds 
vechesss1985: calls $0.10
vangicos1: folds 
*** FLOP *** [8c Jh Td]
vechesss1985: bets $0.16
pvd44443: raises $0.70 to $0.86
Dorex2007: raises $1.02 to $1.88 and is all-in
vechesss1985: calls $0.67 and is all-in
pvd44443: calls $1.02
*** TURN *** [8c Jh Td] [Ad]
*** RIVER *** [8c Jh Td Ad] [Kd]
*** SHOW DOWN ***
pvd44443: shows [Ac Ah] (three of a kind, Aces)
Dorex2007: shows [Jd Kc] (two pair, Kings and Jacks)
vechesss1985: shows [4h 4c] (a pair of Fours)
pvd44443 cashed out the hand for $3.53 | Cash Out Fee $0.04
*** SUMMARY ***
Total pot $4.98 Main pot $2.78. Side pot $2.03. | Rake $0.17 
Board [8c Jh Td Ad Kd]
Seat 1: pinbotani folded before Flop (didn't bet)
Seat 2: nadokesh folded before Flop (didn't bet)
Seat 3: oblivionreX folded before Flop (didn't bet)
Seat 4: elmatador604 folded before Flop (didn't bet)
Seat 5: Dorex2007 (button) showed [Jd Kc] and lost with two pair, Kings and Jacks
Seat 6: RealLerxst (small blind) folded before Flop
Seat 7: vechesss1985 (big blind) showed [4h 4c] and lost with a pair of Fours
Seat 8: vangicos1 folded before Flop (didn't bet)
Seat 9: pvd44443 showed [Ac Ah] and won ($4.81) with three of a kind, Aces (pot not awarded as player cashed out)



