PokerStars Hand #232165865711:  Hold'em No Limit ($0.01/$0.02 USD) - 2021/12/12 12:39:40 PT [2021/12/12 15:39:40 ET]
Table 'Luce' 9-max Seat #6 is the button
Seat 1: rjeg333 ($2.52 in chips) 
Seat 2: Mycartonfish ($1.81 in chips) 
Seat 3: shadyslms ($0.78 in chips) 
Seat 4: Closed535 ($2.04 in chips) 
Seat 5: Dorex2007 ($2 in chips) 
Seat 6: Axxxxx588 ($2.40 in chips) 
Seat 7: andrewsarhus ($4.94 in chips) 
Seat 8: Gkalmpinos365 ($0.80 in chips) 
Seat 9: jackalfull ($1.84 in chips) 
andrewsarhus: posts small blind $0.01
Gkalmpinos365: posts big blind $0.02
Dorex2007: posts big blind $0.02
*** HOLE CARDS ***
Dealt to Dorex2007 [As Ks]
jackalfull: folds 
rjeg333: folds 
Mycartonfish: folds 
shadyslms: folds 
Closed535: folds 
Dorex2007: raises $0.06 to $0.08
Axxxxx588: folds 
andrewsarhus: folds 
Gkalmpinos365: folds 
Uncalled bet ($0.06) returned to Dorex2007
Dorex2007 collected $0.05 from pot
Dorex2007: doesn't show hand 
*** SUMMARY ***
Total pot $0.05 | Rake $0 
Seat 1: rjeg333 folded before Flop (didn't bet)
Seat 2: Mycartonfish folded before Flop (didn't bet)
Seat 3: shadyslms folded before Flop (didn't bet)
Seat 4: Closed535 folded before Flop (didn't bet)
Seat 5: Dorex2007 collected ($0.05)
Seat 6: Axxxxx588 (button) folded before Flop (didn't bet)
Seat 7: andrewsarhus (small blind) folded before Flop
Seat 8: Gkalmpinos365 (big blind) folded before Flop
Seat 9: jackalfull folded before Flop (didn't bet)



PokerStars Hand #232165874764:  Hold'em No Limit ($0.01/$0.02 USD) - 2021/12/12 12:39:55 PT [2021/12/12 15:39:55 ET]
Table 'Luce' 9-max Seat #7 is the button
Seat 1: rjeg333 ($2.52 in chips) 
Seat 2: Mycartonfish ($1.81 in chips) 
Seat 3: shadyslms ($0.78 in chips) 
Seat 4: Closed535 ($2.04 in chips) 
Seat 5: Dorex2007 ($2.03 in chips) 
Seat 6: Axxxxx588 ($2.40 in chips) 
Seat 7: andrewsarhus ($4.93 in chips) 
Seat 8: Gkalmpinos365 ($0.78 in chips) 
Seat 9: jackalfull ($1.84 in chips) 
Gkalmpinos365: posts small blind $0.01
jackalfull: posts big blind $0.02
*** HOLE CARDS ***
Dealt to Dorex2007 [6h Ks]
rjeg333: folds 
Mycartonfish: folds 
shadyslms: folds 
Closed535: folds 
Dorex2007: folds 
Axxxxx588: folds 
andrewsarhus: folds 
Gkalmpinos365: calls $0.01
jackalfull: checks 
*** FLOP *** [Kd 9h 8s]
Gkalmpinos365: checks 
jackalfull: checks 
*** TURN *** [Kd 9h 8s] [9s]
Gkalmpinos365: bets $0.02
jackalfull: folds 
Uncalled bet ($0.02) returned to Gkalmpinos365
Gkalmpinos365 collected $0.04 from pot
Gkalmpinos365: doesn't show hand 
*** SUMMARY ***
Total pot $0.04 | Rake $0 
Board [Kd 9h 8s 9s]
Seat 1: rjeg333 folded before Flop (didn't bet)
Seat 2: Mycartonfish folded before Flop (didn't bet)
Seat 3: shadyslms folded before Flop (didn't bet)
Seat 4: Closed535 folded before Flop (didn't bet)
Seat 5: Dorex2007 folded before Flop (didn't bet)
Seat 6: Axxxxx588 folded before Flop (didn't bet)
Seat 7: andrewsarhus (button) folded before Flop (didn't bet)
Seat 8: Gkalmpinos365 (small blind) collected ($0.04)
Seat 9: jackalfull (big blind) folded on the Turn



PokerStars Hand #232165889916:  Hold'em No Limit ($0.01/$0.02 USD) - 2021/12/12 12:40:19 PT [2021/12/12 15:40:19 ET]
Table 'Luce' 9-max Seat #8 is the button
Seat 1: rjeg333 ($2.52 in chips) 
Seat 2: Mycartonfish ($1.81 in chips) 
Seat 3: shadyslms ($0.78 in chips) 
Seat 4: Closed535 ($2.04 in chips) 
Seat 5: Dorex2007 ($2.03 in chips) 
Seat 6: Axxxxx588 ($2.40 in chips) 
Seat 7: andrewsarhus ($4.93 in chips) 
Seat 8: Gkalmpinos365 ($0.80 in chips) 
Seat 9: jackalfull ($1.82 in chips) 
jackalfull: posts small blind $0.01
rjeg333: posts big blind $0.02
*** HOLE CARDS ***
Dealt to Dorex2007 [Qd 8s]
Mycartonfish: calls $0.02
shadyslms: folds 
Closed535: folds 
Dorex2007: folds 
Axxxxx588: folds 
andrewsarhus: folds 
Gkalmpinos365: folds 
jackalfull: folds 
rjeg333: raises $0.04 to $0.06
Mycartonfish: calls $0.04
*** FLOP *** [4s 7c Ts]
rjeg333: checks 
Mycartonfish: checks 
*** TURN *** [4s 7c Ts] [5c]
rjeg333: bets $0.07
Mycartonfish: calls $0.07
*** RIVER *** [4s 7c Ts 5c] [Js]
rjeg333: checks 
Mycartonfish: checks 
*** SHOW DOWN ***
rjeg333: shows [9c Kc] (high card King)
Mycartonfish: shows [Kd Ah] (high card Ace)
Mycartonfish collected $0.26 from pot
*** SUMMARY ***
Total pot $0.27 | Rake $0.01 
Board [4s 7c Ts 5c Js]
Seat 1: rjeg333 (big blind) showed [9c Kc] and lost with high card King
Seat 2: Mycartonfish showed [Kd Ah] and won ($0.26) with high card Ace
Seat 3: shadyslms folded before Flop (didn't bet)
Seat 4: Closed535 folded before Flop (didn't bet)
Seat 5: Dorex2007 folded before Flop (didn't bet)
Seat 6: Axxxxx588 folded before Flop (didn't bet)
Seat 7: andrewsarhus folded before Flop (didn't bet)
Seat 8: Gkalmpinos365 (button) folded before Flop (didn't bet)
Seat 9: jackalfull (small blind) folded before Flop



PokerStars Hand #232165919089:  Hold'em No Limit ($0.01/$0.02 USD) - 2021/12/12 12:41:08 PT [2021/12/12 15:41:08 ET]
Table 'Luce' 9-max Seat #9 is the button
Seat 1: rjeg333 ($2.39 in chips) 
Seat 2: Mycartonfish ($1.94 in chips) 
Seat 3: shadyslms ($0.78 in chips) 
Seat 4: Closed535 ($2.04 in chips) 
Seat 5: Dorex2007 ($2.03 in chips) 
Seat 6: Axxxxx588 ($2.40 in chips) 
Seat 7: andrewsarhus ($4.93 in chips) 
Seat 8: Gkalmpinos365 ($0.80 in chips) 
Seat 9: jackalfull ($1.81 in chips) 
rjeg333: posts small blind $0.01
Mycartonfish: posts big blind $0.02
*** HOLE CARDS ***
Dealt to Dorex2007 [Ac 5d]
shadyslms: calls $0.02
Closed535: folds 
Dorex2007: folds 
Axxxxx588: folds 
andrewsarhus: folds 
Gkalmpinos365: folds 
jackalfull: calls $0.02
rjeg333: folds 
Mycartonfish: checks 
*** FLOP *** [2h 8d 9h]
Mycartonfish: bets $0.04
shadyslms: calls $0.04
jackalfull: folds 
*** TURN *** [2h 8d 9h] [3c]
Mycartonfish: bets $0.07
shadyslms: folds 
Uncalled bet ($0.07) returned to Mycartonfish
Mycartonfish collected $0.14 from pot
*** SUMMARY ***
Total pot $0.15 | Rake $0.01 
Board [2h 8d 9h 3c]
Seat 1: rjeg333 (small blind) folded before Flop
Seat 2: Mycartonfish (big blind) collected ($0.14)
Seat 3: shadyslms folded on the Turn
Seat 4: Closed535 folded before Flop (didn't bet)
Seat 5: Dorex2007 folded before Flop (didn't bet)
Seat 6: Axxxxx588 folded before Flop (didn't bet)
Seat 7: andrewsarhus folded before Flop (didn't bet)
Seat 8: Gkalmpinos365 folded before Flop (didn't bet)
Seat 9: jackalfull (button) folded on the Flop



PokerStars Hand #232165939252:  Hold'em No Limit ($0.01/$0.02 USD) - 2021/12/12 12:41:41 PT [2021/12/12 15:41:41 ET]
Table 'Luce' 9-max Seat #1 is the button
Seat 1: rjeg333 ($2.38 in chips) 
Seat 2: Mycartonfish ($2.02 in chips) 
Seat 3: shadyslms ($0.72 in chips) 
Seat 4: Closed535 ($2.04 in chips) 
Seat 5: Dorex2007 ($2.03 in chips) 
Seat 6: Axxxxx588 ($2.40 in chips) 
Seat 7: andrewsarhus ($4.93 in chips) 
Seat 8: Gkalmpinos365 ($0.80 in chips) 
Seat 9: jackalfull ($1.79 in chips) 
Mycartonfish: posts small blind $0.01
shadyslms: posts big blind $0.02
*** HOLE CARDS ***
Dealt to Dorex2007 [8c 7d]
Closed535: raises $0.04 to $0.06
Dorex2007: folds 
Axxxxx588: folds 
andrewsarhus: folds 
Gkalmpinos365: folds 
jackalfull: folds 
rjeg333: folds 
Mycartonfish: folds 
shadyslms: folds 
Uncalled bet ($0.04) returned to Closed535
Closed535 collected $0.05 from pot
Closed535: doesn't show hand 
*** SUMMARY ***
Total pot $0.05 | Rake $0 
Seat 1: rjeg333 (button) folded before Flop (didn't bet)
Seat 2: Mycartonfish (small blind) folded before Flop
Seat 3: shadyslms (big blind) folded before Flop
Seat 4: Closed535 collected ($0.05)
Seat 5: Dorex2007 folded before Flop (didn't bet)
Seat 6: Axxxxx588 folded before Flop (didn't bet)
Seat 7: andrewsarhus folded before Flop (didn't bet)
Seat 8: Gkalmpinos365 folded before Flop (didn't bet)
Seat 9: jackalfull folded before Flop (didn't bet)



PokerStars Hand #232165951248:  Hold'em No Limit ($0.01/$0.02 USD) - 2021/12/12 12:42:01 PT [2021/12/12 15:42:01 ET]
Table 'Luce' 9-max Seat #2 is the button
Seat 1: rjeg333 ($2.38 in chips) 
Seat 2: Mycartonfish ($2.01 in chips) 
Seat 3: shadyslms ($0.70 in chips) 
Seat 4: Closed535 ($2.07 in chips) 
Seat 5: Dorex2007 ($2.03 in chips) 
Seat 6: Axxxxx588 ($2.40 in chips) 
Seat 7: andrewsarhus ($4.93 in chips) 
Seat 8: Gkalmpinos365 ($0.80 in chips) 
Seat 9: jackalfull ($1.79 in chips) 
shadyslms: posts small blind $0.01
Closed535: posts big blind $0.02
*** HOLE CARDS ***
Dealt to Dorex2007 [Ts 2c]
Dorex2007: folds 
Axxxxx588: folds 
andrewsarhus: folds 
Gkalmpinos365: folds 
jackalfull: folds 
rjeg333: folds 
Mycartonfish: calls $0.02
shadyslms: calls $0.01
Closed535: raises $0.08 to $0.10
Mycartonfish: folds 
shadyslms: calls $0.08
*** FLOP *** [8d 5c 6c]
shadyslms: checks 
Closed535: bets $0.12
shadyslms: calls $0.12
*** TURN *** [8d 5c 6c] [8c]
shadyslms: checks 
Closed535: bets $0.46
shadyslms: folds 
Uncalled bet ($0.46) returned to Closed535
Closed535 collected $0.44 from pot
Closed535: doesn't show hand 
*** SUMMARY ***
Total pot $0.46 | Rake $0.02 
Board [8d 5c 6c 8c]
Seat 1: rjeg333 folded before Flop (didn't bet)
Seat 2: Mycartonfish (button) folded before Flop
Seat 3: shadyslms (small blind) folded on the Turn
Seat 4: Closed535 (big blind) collected ($0.44)
Seat 5: Dorex2007 folded before Flop (didn't bet)
Seat 6: Axxxxx588 folded before Flop (didn't bet)
Seat 7: andrewsarhus folded before Flop (didn't bet)
Seat 8: Gkalmpinos365 folded before Flop (didn't bet)
Seat 9: jackalfull folded before Flop (didn't bet)



PokerStars Hand #232165981972:  Hold'em No Limit ($0.01/$0.02 USD) - 2021/12/12 12:42:51 PT [2021/12/12 15:42:51 ET]
Table 'Luce' 9-max Seat #3 is the button
Seat 1: rjeg333 ($2.38 in chips) 
Seat 2: Mycartonfish ($1.99 in chips) 
Seat 3: shadyslms ($0.48 in chips) 
Seat 4: Closed535 ($2.29 in chips) 
Seat 5: Dorex2007 ($2.03 in chips) 
Seat 6: Axxxxx588 ($2.40 in chips) 
Seat 7: andrewsarhus ($4.93 in chips) 
Seat 8: Gkalmpinos365 ($0.80 in chips) 
Seat 9: jackalfull ($1.79 in chips) 
Closed535: posts small blind $0.01
Dorex2007: posts big blind $0.02
*** HOLE CARDS ***
Dealt to Dorex2007 [Kh Qs]
Axxxxx588: folds 
andrewsarhus: raises $0.04 to $0.06
Axxxxx588 leaves the table
Gkalmpinos365: folds 
jackalfull: folds 
rjeg333: folds 
Mycartonfish: folds 
Skumme joins the table at seat #6 
shadyslms: calls $0.06
Closed535: folds 
Dorex2007: calls $0.04
*** FLOP *** [2d 4s 8s]
Dorex2007: checks 
andrewsarhus: checks 
shadyslms: checks 
*** TURN *** [2d 4s 8s] [Ks]
Dorex2007: checks 
andrewsarhus: bets $0.08
shadyslms: calls $0.08
Dorex2007: calls $0.08
*** RIVER *** [2d 4s 8s Ks] [4d]
Dorex2007: bets $0.21
andrewsarhus: calls $0.21
shadyslms: calls $0.21
*** SHOW DOWN ***
Dorex2007: shows [Kh Qs] (two pair, Kings and Fours)
andrewsarhus: shows [6s 7s] (a flush, King high)
shadyslms: mucks hand 
andrewsarhus collected $1.02 from pot
*** SUMMARY ***
Total pot $1.06 | Rake $0.04 
Board [2d 4s 8s Ks 4d]
Seat 1: rjeg333 folded before Flop (didn't bet)
Seat 2: Mycartonfish folded before Flop (didn't bet)
Seat 3: shadyslms (button) mucked [Kc 5s]
Seat 4: Closed535 (small blind) folded before Flop
Seat 5: Dorex2007 (big blind) showed [Kh Qs] and lost with two pair, Kings and Fours
Seat 6: Axxxxx588 folded before Flop (didn't bet)
Seat 7: andrewsarhus showed [6s 7s] and won ($1.02) with a flush, King high
Seat 8: Gkalmpinos365 folded before Flop (didn't bet)
Seat 9: jackalfull folded before Flop (didn't bet)



PokerStars Hand #232166028860:  Hold'em No Limit ($0.01/$0.02 USD) - 2021/12/12 12:43:56 PT [2021/12/12 15:43:56 ET]
Table 'Luce' 9-max Seat #4 is the button
Seat 1: rjeg333 ($2.38 in chips) 
Seat 2: Mycartonfish ($1.99 in chips) 
Seat 3: shadyslms ($0.13 in chips) 
Seat 4: Closed535 ($2.28 in chips) 
Seat 5: Dorex2007 ($2 in chips) 
Seat 6: Skumme ($1 in chips) 
Seat 7: andrewsarhus ($5.60 in chips) 
Seat 8: Gkalmpinos365 ($0.80 in chips) 
Seat 9: jackalfull ($1.79 in chips) 
Dorex2007: posts small blind $0.01
Skumme: posts big blind $0.02
*** HOLE CARDS ***
Dealt to Dorex2007 [6d Ad]
andrewsarhus: folds 
Gkalmpinos365: calls $0.02
jackalfull: folds 
rjeg333: folds 
Mycartonfish: folds 
shadyslms: calls $0.02
Closed535: folds 
Dorex2007: calls $0.01
Skumme: checks 
*** FLOP *** [Th 7d Qc]
Dorex2007: checks 
Skumme: checks 
Gkalmpinos365: bets $0.02
shadyslms: raises $0.09 to $0.11 and is all-in
Dorex2007: folds 
Skumme: folds 
Gkalmpinos365: calls $0.09
*** TURN *** [Th 7d Qc] [2s]
*** RIVER *** [Th 7d Qc 2s] [4d]
*** SHOW DOWN ***
Gkalmpinos365: shows [9s Js] (high card Queen)
shadyslms: shows [Td 8c] (a pair of Tens)
shadyslms collected $0.29 from pot
Gkalmpinos365 cashed out the hand for $0.11
*** SUMMARY ***
Total pot $0.30 | Rake $0.01 
Board [Th 7d Qc 2s 4d]
Seat 1: rjeg333 folded before Flop (didn't bet)
Seat 2: Mycartonfish folded before Flop (didn't bet)
Seat 3: shadyslms showed [Td 8c] and won ($0.29) with a pair of Tens
Seat 4: Closed535 (button) folded before Flop (didn't bet)
Seat 5: Dorex2007 (small blind) folded on the Flop
Seat 6: Skumme (big blind) folded on the Flop
Seat 7: andrewsarhus folded before Flop (didn't bet)
Seat 8: Gkalmpinos365 showed [9s Js] and lost with high card Queen (cashed out).
Seat 9: jackalfull folded before Flop (didn't bet)



PokerStars Hand #232166065084:  Hold'em No Limit ($0.01/$0.02 USD) - 2021/12/12 12:44:55 PT [2021/12/12 15:44:55 ET]
Table 'Luce' 9-max Seat #5 is the button
Seat 1: rjeg333 ($2.38 in chips) 
Seat 2: Mycartonfish ($1.99 in chips) 
Seat 3: shadyslms ($0.29 in chips) 
Seat 4: Closed535 ($2.28 in chips) 
Seat 5: Dorex2007 ($2 in chips) 
Seat 6: Skumme ($0.98 in chips) 
Seat 7: andrewsarhus ($5.60 in chips) 
Seat 8: Gkalmpinos365 ($0.78 in chips) 
Seat 9: jackalfull ($1.79 in chips) 
Skumme: posts small blind $0.01
andrewsarhus: posts big blind $0.02
*** HOLE CARDS ***
Dealt to Dorex2007 [3d 9c]
Gkalmpinos365: calls $0.02
jackalfull: folds 
rjeg333: folds 
Mycartonfish: folds 
shadyslms: folds 
Closed535: folds 
Dorex2007: folds 
Skumme: calls $0.01
andrewsarhus: checks 
*** FLOP *** [Kd 8d Ah]
Skumme: checks 
andrewsarhus: checks 
Gkalmpinos365: checks 
*** TURN *** [Kd 8d Ah] [Ac]
Skumme: checks 
andrewsarhus: bets $0.04
Gkalmpinos365: folds 
Skumme: folds 
Uncalled bet ($0.04) returned to andrewsarhus
andrewsarhus collected $0.06 from pot
andrewsarhus: doesn't show hand 
*** SUMMARY ***
Total pot $0.06 | Rake $0 
Board [Kd 8d Ah Ac]
Seat 1: rjeg333 folded before Flop (didn't bet)
Seat 2: Mycartonfish folded before Flop (didn't bet)
Seat 3: shadyslms folded before Flop (didn't bet)
Seat 4: Closed535 folded before Flop (didn't bet)
Seat 5: Dorex2007 (button) folded before Flop (didn't bet)
Seat 6: Skumme (small blind) folded on the Turn
Seat 7: andrewsarhus (big blind) collected ($0.06)
Seat 8: Gkalmpinos365 folded on the Turn
Seat 9: jackalfull folded before Flop (didn't bet)



PokerStars Hand #232166084571:  Hold'em No Limit ($0.01/$0.02 USD) - 2021/12/12 12:45:27 PT [2021/12/12 15:45:27 ET]
Table 'Luce' 9-max Seat #6 is the button
Seat 1: rjeg333 ($2.38 in chips) 
Seat 2: Mycartonfish ($1.99 in chips) 
Seat 3: shadyslms ($0.29 in chips) 
Seat 4: Closed535 ($2.28 in chips) 
Seat 5: Dorex2007 ($2 in chips) 
Seat 6: Skumme ($0.96 in chips) 
Seat 7: andrewsarhus ($5.64 in chips) 
Seat 8: Gkalmpinos365 ($0.76 in chips) 
Seat 9: jackalfull ($1.79 in chips) 
andrewsarhus: posts small blind $0.01
Gkalmpinos365: posts big blind $0.02
*** HOLE CARDS ***
Dealt to Dorex2007 [Th 6s]
jackalfull: folds 
rjeg333: folds 
Mycartonfish: folds 
shadyslms: raises $0.27 to $0.29 and is all-in
Closed535: folds 
Dorex2007: folds 
Skumme: folds 
andrewsarhus: folds 
Gkalmpinos365: folds 
Uncalled bet ($0.27) returned to shadyslms
shadyslms collected $0.05 from pot
shadyslms: doesn't show hand 
*** SUMMARY ***
Total pot $0.05 | Rake $0 
Seat 1: rjeg333 folded before Flop (didn't bet)
Seat 2: Mycartonfish folded before Flop (didn't bet)
Seat 3: shadyslms collected ($0.05)
Seat 4: Closed535 folded before Flop (didn't bet)
Seat 5: Dorex2007 folded before Flop (didn't bet)
Seat 6: Skumme (button) folded before Flop (didn't bet)
Seat 7: andrewsarhus (small blind) folded before Flop
Seat 8: Gkalmpinos365 (big blind) folded before Flop
Seat 9: jackalfull folded before Flop (didn't bet)



PokerStars Hand #232166093335:  Hold'em No Limit ($0.01/$0.02 USD) - 2021/12/12 12:45:42 PT [2021/12/12 15:45:42 ET]
Table 'Luce' 9-max Seat #7 is the button
Seat 1: rjeg333 ($2.38 in chips) 
Seat 2: Mycartonfish ($1.99 in chips) 
Seat 3: shadyslms ($0.32 in chips) 
Seat 4: Closed535 ($2.28 in chips) 
Seat 5: Dorex2007 ($2 in chips) 
Seat 6: Skumme ($0.96 in chips) 
Seat 7: andrewsarhus ($5.63 in chips) 
Seat 8: Gkalmpinos365 ($0.74 in chips) 
Gkalmpinos365: posts small blind $0.01
jackalfull: is sitting out 
rjeg333: posts big blind $0.02
*** HOLE CARDS ***
Dealt to Dorex2007 [5c 8c]
Mycartonfish: folds 
shadyslms: folds 
Closed535: folds 
Dorex2007: folds 
jackalfull leaves the table
Skumme: calls $0.02
andrewsarhus: raises $0.06 to $0.08
Gkalmpinos365: folds 
rjeg333: folds 
Skumme: calls $0.06
*** FLOP *** [2s 6s 9c]
Skumme: bets $0.06
andrewsarhus: calls $0.06
*** TURN *** [2s 6s 9c] [4d]
Skumme: bets $0.08
andrewsarhus: calls $0.08
*** RIVER *** [2s 6s 9c 4d] [Jd]
Skumme: checks 
andrewsarhus: bets $0.18
Skumme: folds 
Uncalled bet ($0.18) returned to andrewsarhus
andrewsarhus collected $0.45 from pot
andrewsarhus: doesn't show hand 
*** SUMMARY ***
Total pot $0.47 | Rake $0.02 
Board [2s 6s 9c 4d Jd]
Seat 1: rjeg333 (big blind) folded before Flop
Seat 2: Mycartonfish folded before Flop (didn't bet)
Seat 3: shadyslms folded before Flop (didn't bet)
Seat 4: Closed535 folded before Flop (didn't bet)
Seat 5: Dorex2007 folded before Flop (didn't bet)
Seat 6: Skumme folded on the River
Seat 7: andrewsarhus (button) collected ($0.45)
Seat 8: Gkalmpinos365 (small blind) folded before Flop



PokerStars Hand #232166136497:  Hold'em No Limit ($0.01/$0.02 USD) - 2021/12/12 12:46:53 PT [2021/12/12 15:46:53 ET]
Table 'Luce' 9-max Seat #8 is the button
Seat 1: rjeg333 ($2.36 in chips) 
Seat 2: Mycartonfish ($1.99 in chips) 
Seat 3: shadyslms ($0.32 in chips) 
Seat 4: Closed535 ($2.28 in chips) 
Seat 5: Dorex2007 ($2 in chips) 
Seat 6: Skumme ($0.74 in chips) 
Seat 7: andrewsarhus ($5.86 in chips) 
Seat 8: Gkalmpinos365 ($0.73 in chips) 
rjeg333: posts small blind $0.01
Mycartonfish: posts big blind $0.02
*** HOLE CARDS ***
Dealt to Dorex2007 [2s Kc]
mastersashas joins the table at seat #9 
shadyslms: folds 
Closed535: folds 
Dorex2007: folds 
Skumme: calls $0.02
andrewsarhus: folds 
Gkalmpinos365: calls $0.02
rjeg333: folds 
Mycartonfish: checks 
*** FLOP *** [Qc Ac 4d]
Mycartonfish: checks 
Skumme: checks 
Gkalmpinos365: bets $0.04
Mycartonfish: folds 
Skumme: folds 
Uncalled bet ($0.04) returned to Gkalmpinos365
Gkalmpinos365 collected $0.07 from pot
Gkalmpinos365: doesn't show hand 
*** SUMMARY ***
Total pot $0.07 | Rake $0 
Board [Qc Ac 4d]
Seat 1: rjeg333 (small blind) folded before Flop
Seat 2: Mycartonfish (big blind) folded on the Flop
Seat 3: shadyslms folded before Flop (didn't bet)
Seat 4: Closed535 folded before Flop (didn't bet)
Seat 5: Dorex2007 folded before Flop (didn't bet)
Seat 6: Skumme folded on the Flop
Seat 7: andrewsarhus folded before Flop (didn't bet)
Seat 8: Gkalmpinos365 (button) collected ($0.07)



PokerStars Hand #232166154054:  Hold'em No Limit ($0.01/$0.02 USD) - 2021/12/12 12:47:22 PT [2021/12/12 15:47:22 ET]
Table 'Luce' 9-max Seat #1 is the button
Seat 1: rjeg333 ($2.35 in chips) 
Seat 2: Mycartonfish ($1.97 in chips) 
Seat 3: shadyslms ($0.32 in chips) 
Seat 4: Closed535 ($2.28 in chips) 
Seat 5: Dorex2007 ($2 in chips) 
Seat 6: Skumme ($0.72 in chips) 
Seat 7: andrewsarhus ($5.86 in chips) 
Seat 8: Gkalmpinos365 ($0.78 in chips) 
Mycartonfish: posts small blind $0.01
shadyslms: posts big blind $0.02
mastersashas: sits out 
*** HOLE CARDS ***
Dealt to Dorex2007 [Ad Kd]
Closed535: folds 
Dorex2007: raises $0.02 to $0.04
Skumme: folds 
andrewsarhus: folds 
Gkalmpinos365: folds 
rjeg333: folds 
Mycartonfish: folds 
shadyslms: calls $0.02
*** FLOP *** [Ks Ac Tc]
shadyslms: checks 
Dorex2007: bets $0.06
shadyslms: calls $0.06
*** TURN *** [Ks Ac Tc] [7s]
shadyslms: checks 
Dorex2007: bets $0.13
shadyslms: calls $0.13
*** RIVER *** [Ks Ac Tc 7s] [8s]
shadyslms: bets $0.09 and is all-in
Dorex2007: calls $0.09
*** SHOW DOWN ***
shadyslms: shows [8c 7c] (two pair, Eights and Sevens)
Dorex2007: shows [Ad Kd] (two pair, Aces and Kings)
Dorex2007 collected $0.63 from pot
*** SUMMARY ***
Total pot $0.65 | Rake $0.02 
Board [Ks Ac Tc 7s 8s]
Seat 1: rjeg333 (button) folded before Flop (didn't bet)
Seat 2: Mycartonfish (small blind) folded before Flop
Seat 3: shadyslms (big blind) showed [8c 7c] and lost with two pair, Eights and Sevens
Seat 4: Closed535 folded before Flop (didn't bet)
Seat 5: Dorex2007 showed [Ad Kd] and won ($0.63) with two pair, Aces and Kings
Seat 6: Skumme folded before Flop (didn't bet)
Seat 7: andrewsarhus folded before Flop (didn't bet)
Seat 8: Gkalmpinos365 folded before Flop (didn't bet)



PokerStars Hand #232166178836:  Hold'em No Limit ($0.01/$0.02 USD) - 2021/12/12 12:48:03 PT [2021/12/12 15:48:03 ET]
Table 'Luce' 9-max Seat #2 is the button
Seat 1: rjeg333 ($2.35 in chips) 
Seat 2: Mycartonfish ($1.96 in chips) 
Seat 4: Closed535 ($2.28 in chips) 
Seat 5: Dorex2007 ($2.31 in chips) 
Seat 6: Skumme ($0.72 in chips) 
Seat 7: andrewsarhus ($5.86 in chips) 
Seat 8: Gkalmpinos365 ($0.78 in chips) 
Closed535: posts small blind $0.01
Dorex2007: posts big blind $0.02
mastersashas: sits out 
*** HOLE CARDS ***
Dealt to Dorex2007 [7c 3s]
Skumme: raises $0.02 to $0.04
shadyslms is disconnected 
andrewsarhus: folds 
Gkalmpinos365: folds 
rjeg333: folds 
Mycartonfish: folds 
Closed535: folds 
Dorex2007: folds 
Uncalled bet ($0.02) returned to Skumme
Skumme collected $0.05 from pot
Skumme: doesn't show hand 
*** SUMMARY ***
Total pot $0.05 | Rake $0 
Seat 1: rjeg333 folded before Flop (didn't bet)
Seat 2: Mycartonfish (button) folded before Flop (didn't bet)
Seat 4: Closed535 (small blind) folded before Flop
Seat 5: Dorex2007 (big blind) folded before Flop
Seat 6: Skumme collected ($0.05)
Seat 7: andrewsarhus folded before Flop (didn't bet)
Seat 8: Gkalmpinos365 folded before Flop (didn't bet)



PokerStars Hand #232166192351:  Hold'em No Limit ($0.01/$0.02 USD) - 2021/12/12 12:48:17 PT [2021/12/12 15:48:17 ET]
Table 'Luce' 9-max Seat #4 is the button
Seat 1: rjeg333 ($2.35 in chips) 
Seat 2: Mycartonfish ($1.96 in chips) 
Seat 4: Closed535 ($2.27 in chips) 
Seat 5: Dorex2007 ($2.29 in chips) 
Seat 6: Skumme ($0.75 in chips) 
Seat 7: andrewsarhus ($5.86 in chips) 
Seat 8: Gkalmpinos365 ($0.78 in chips) 
Dorex2007: posts small blind $0.01
Skumme: posts big blind $0.02
mastersashas: sits out 
*** HOLE CARDS ***
Dealt to Dorex2007 [8s 6h]
andrewsarhus: raises $0.04 to $0.06
Gkalmpinos365: folds 
rjeg333: folds 
Mycartonfish: folds 
Closed535: folds 
Dorex2007: folds 
Skumme: calls $0.04
*** FLOP *** [As 7d 5s]
Skumme: bets $0.06
andrewsarhus: raises $0.06 to $0.12
Skumme: calls $0.06
*** TURN *** [As 7d 5s] [Kh]
Skumme: bets $0.18
andrewsarhus: calls $0.18
*** RIVER *** [As 7d 5s Kh] [Js]
Skumme: bets $0.39 and is all-in
andrewsarhus: calls $0.39
*** SHOW DOWN ***
Skumme: shows [9h Ac] (a pair of Aces)
andrewsarhus: shows [Kd Ad] (two pair, Aces and Kings)
andrewsarhus collected $1.46 from pot
*** SUMMARY ***
Total pot $1.51 | Rake $0.05 
Board [As 7d 5s Kh Js]
Seat 1: rjeg333 folded before Flop (didn't bet)
Seat 2: Mycartonfish folded before Flop (didn't bet)
Seat 4: Closed535 (button) folded before Flop (didn't bet)
Seat 5: Dorex2007 (small blind) folded before Flop
Seat 6: Skumme (big blind) showed [9h Ac] and lost with a pair of Aces
Seat 7: andrewsarhus showed [Kd Ad] and won ($1.46) with two pair, Aces and Kings
Seat 8: Gkalmpinos365 folded before Flop (didn't bet)



PokerStars Hand #232166230911:  Hold'em No Limit ($0.01/$0.02 USD) - 2021/12/12 12:49:21 PT [2021/12/12 15:49:21 ET]
Table 'Luce' 9-max Seat #5 is the button
Seat 1: rjeg333 ($2.35 in chips) 
Seat 2: Mycartonfish ($1.96 in chips) 
Seat 4: Closed535 ($2.27 in chips) 
Seat 5: Dorex2007 ($2.28 in chips) 
Seat 7: andrewsarhus ($6.57 in chips) 
Seat 8: Gkalmpinos365 ($0.78 in chips) 
Seat 9: mastersashas ($2 in chips) 
andrewsarhus: posts small blind $0.01
Gkalmpinos365: posts big blind $0.02
mastersashas: posts big blind $0.02
*** HOLE CARDS ***
Dealt to Dorex2007 [9c As]
mastersashas: checks 
rjeg333: folds 
Skumme is disconnected 
Mycartonfish: folds 
Closed535: raises $0.06 to $0.08
Dorex2007: folds 
andrewsarhus: folds 
Gkalmpinos365: folds 
mastersashas: folds 
Uncalled bet ($0.06) returned to Closed535
Closed535 collected $0.07 from pot
Closed535: doesn't show hand 
*** SUMMARY ***
Total pot $0.07 | Rake $0 
Seat 1: rjeg333 folded before Flop (didn't bet)
Seat 2: Mycartonfish folded before Flop (didn't bet)
Seat 4: Closed535 collected ($0.07)
Seat 5: Dorex2007 (button) folded before Flop (didn't bet)
Seat 7: andrewsarhus (small blind) folded before Flop
Seat 8: Gkalmpinos365 (big blind) folded before Flop
Seat 9: mastersashas folded before Flop (didn't bet)



PokerStars Hand #232166245363:  Hold'em No Limit ($0.01/$0.02 USD) - 2021/12/12 12:49:45 PT [2021/12/12 15:49:45 ET]
Table 'Luce' 9-max Seat #7 is the button
Seat 1: rjeg333 ($2.35 in chips) 
Seat 2: Mycartonfish ($1.96 in chips) 
Seat 4: Closed535 ($2.32 in chips) 
Seat 5: Dorex2007 ($2.28 in chips) 
Seat 7: andrewsarhus ($6.56 in chips) 
Seat 8: Gkalmpinos365 ($0.76 in chips) 
Seat 9: mastersashas ($1.98 in chips) 
Gkalmpinos365: posts small blind $0.01
mastersashas: posts big blind $0.02
*** HOLE CARDS ***
Dealt to Dorex2007 [Jc Qd]
rjeg333: folds 
Mycartonfish: folds 
Closed535: folds 
Dorex2007: raises $0.04 to $0.06
andrewsarhus: folds 
Gkalmpinos365: folds 
mastersashas: folds 
Uncalled bet ($0.04) returned to Dorex2007
Dorex2007 collected $0.05 from pot
Dorex2007: doesn't show hand 
*** SUMMARY ***
Total pot $0.05 | Rake $0 
Seat 1: rjeg333 folded before Flop (didn't bet)
Seat 2: Mycartonfish folded before Flop (didn't bet)
Seat 4: Closed535 folded before Flop (didn't bet)
Seat 5: Dorex2007 collected ($0.05)
Seat 7: andrewsarhus (button) folded before Flop (didn't bet)
Seat 8: Gkalmpinos365 (small blind) folded before Flop
Seat 9: mastersashas (big blind) folded before Flop



PokerStars Hand #232166256463:  Hold'em No Limit ($0.01/$0.02 USD) - 2021/12/12 12:50:03 PT [2021/12/12 15:50:03 ET]
Table 'Luce' 9-max Seat #8 is the button
Seat 1: rjeg333 ($2.35 in chips) 
Seat 2: Mycartonfish ($1.96 in chips) 
Seat 4: Closed535 ($2.32 in chips) 
Seat 5: Dorex2007 ($2.31 in chips) 
Seat 7: andrewsarhus ($6.56 in chips) 
Seat 8: Gkalmpinos365 ($0.75 in chips) 
Seat 9: mastersashas ($1.96 in chips) 
mastersashas: posts small blind $0.01
rjeg333: posts big blind $0.02
*** HOLE CARDS ***
Dealt to Dorex2007 [4c 6c]
Mycartonfish: folds 
Closed535: folds 
Dorex2007: folds 
andrewsarhus: raises $0.03 to $0.05
Gkalmpinos365: folds 
mastersashas: calls $0.04
rjeg333: folds 
*** FLOP *** [Jd Kc 8d]
mastersashas: bets $0.04
andrewsarhus: folds 
Uncalled bet ($0.04) returned to mastersashas
mastersashas collected $0.12 from pot
mastersashas: doesn't show hand 
*** SUMMARY ***
Total pot $0.12 | Rake $0 
Board [Jd Kc 8d]
Seat 1: rjeg333 (big blind) folded before Flop
Seat 2: Mycartonfish folded before Flop (didn't bet)
Seat 4: Closed535 folded before Flop (didn't bet)
Seat 5: Dorex2007 folded before Flop (didn't bet)
Seat 7: andrewsarhus folded on the Flop
Seat 8: Gkalmpinos365 (button) folded before Flop (didn't bet)
Seat 9: mastersashas (small blind) collected ($0.12)



PokerStars Hand #232166278698:  Hold'em No Limit ($0.01/$0.02 USD) - 2021/12/12 12:50:41 PT [2021/12/12 15:50:41 ET]
Table 'Luce' 9-max Seat #9 is the button
Seat 1: rjeg333 ($2.33 in chips) 
Seat 2: Mycartonfish ($1.96 in chips) 
Seat 4: Closed535 ($2.32 in chips) 
Seat 5: Dorex2007 ($2.31 in chips) 
Seat 7: andrewsarhus ($6.51 in chips) 
Seat 8: Gkalmpinos365 ($0.75 in chips) 
Seat 9: mastersashas ($2.03 in chips) 
rjeg333: posts small blind $0.01
Mycartonfish: posts big blind $0.02
*** HOLE CARDS ***
Dealt to Dorex2007 [4h 9d]
Closed535: folds 
Dorex2007: folds 
andrewsarhus: folds 
Gkalmpinos365: folds 
mastersashas has timed out
mastersashas: folds 
rjeg333: folds 
Uncalled bet ($0.01) returned to Mycartonfish
Mycartonfish collected $0.02 from pot
*** SUMMARY ***
Total pot $0.02 | Rake $0 
Seat 1: rjeg333 (small blind) folded before Flop
Seat 2: Mycartonfish (big blind) collected ($0.02)
Seat 4: Closed535 folded before Flop (didn't bet)
Seat 5: Dorex2007 folded before Flop (didn't bet)
Seat 7: andrewsarhus folded before Flop (didn't bet)
Seat 8: Gkalmpinos365 folded before Flop (didn't bet)
Seat 9: mastersashas (button) folded before Flop (didn't bet)



PokerStars Hand #232166297857:  Hold'em No Limit ($0.01/$0.02 USD) - 2021/12/12 12:51:13 PT [2021/12/12 15:51:13 ET]
Table 'Luce' 9-max Seat #1 is the button
Seat 1: rjeg333 ($2.32 in chips) 
Seat 2: Mycartonfish ($1.97 in chips) 
Seat 4: Closed535 ($2.32 in chips) 
Seat 5: Dorex2007 ($2.31 in chips) 
Seat 7: andrewsarhus ($6.51 in chips) 
Seat 8: Gkalmpinos365 ($0.75 in chips) 
Seat 9: mastersashas ($2.03 in chips) 
Mycartonfish: posts small blind $0.01
Closed535: posts big blind $0.02
*** HOLE CARDS ***
Dealt to Dorex2007 [Ts 3d]
Dorex2007: folds 
andrewsarhus: folds 
Gkalmpinos365: calls $0.02
mastersashas has timed out
mastersashas: folds 
rjeg333: folds 
Mycartonfish: folds 
Closed535: checks 
*** FLOP *** [Kd 2d 9h]
Closed535: checks 
Gkalmpinos365: bets $0.02
Closed535: folds 
Uncalled bet ($0.02) returned to Gkalmpinos365
Gkalmpinos365 collected $0.05 from pot
Gkalmpinos365: doesn't show hand 
*** SUMMARY ***
Total pot $0.05 | Rake $0 
Board [Kd 2d 9h]
Seat 1: rjeg333 (button) folded before Flop (didn't bet)
Seat 2: Mycartonfish (small blind) folded before Flop
Seat 4: Closed535 (big blind) folded on the Flop
Seat 5: Dorex2007 folded before Flop (didn't bet)
Seat 7: andrewsarhus folded before Flop (didn't bet)
Seat 8: Gkalmpinos365 collected ($0.05)
Seat 9: mastersashas folded before Flop (didn't bet)



PokerStars Hand #232166316161:  Hold'em No Limit ($0.01/$0.02 USD) - 2021/12/12 12:51:43 PT [2021/12/12 15:51:43 ET]
Table 'Luce' 9-max Seat #2 is the button
Seat 1: rjeg333 ($2.32 in chips) 
Seat 2: Mycartonfish ($1.96 in chips) 
Seat 4: Closed535 ($2.30 in chips) 
Seat 5: Dorex2007 ($2.31 in chips) 
Seat 7: andrewsarhus ($6.51 in chips) 
Seat 8: Gkalmpinos365 ($0.78 in chips) 
Closed535: posts small blind $0.01
Dorex2007: posts big blind $0.02
*** HOLE CARDS ***
Dealt to Dorex2007 [Ac 4d]
andrewsarhus: folds 
Gkalmpinos365: folds 
rjeg333: folds 
Mycartonfish: calls $0.02
Closed535: folds 
Dorex2007: checks 
*** FLOP *** [5d 4h 9d]
Dorex2007: checks 
Mycartonfish: checks 
*** TURN *** [5d 4h 9d] [7c]
Dorex2007: bets $0.05
Mycartonfish: calls $0.05
*** RIVER *** [5d 4h 9d 7c] [Jh]
Dorex2007: checks 
Mycartonfish: checks 
*** SHOW DOWN ***
Dorex2007: shows [Ac 4d] (a pair of Fours)
Mycartonfish: shows [Ah 7h] (a pair of Sevens)
Mycartonfish collected $0.14 from pot
*** SUMMARY ***
Total pot $0.15 | Rake $0.01 
Board [5d 4h 9d 7c Jh]
Seat 1: rjeg333 folded before Flop (didn't bet)
Seat 2: Mycartonfish (button) showed [Ah 7h] and won ($0.14) with a pair of Sevens
Seat 4: Closed535 (small blind) folded before Flop
Seat 5: Dorex2007 (big blind) showed [Ac 4d] and lost with a pair of Fours
Seat 7: andrewsarhus folded before Flop (didn't bet)
Seat 8: Gkalmpinos365 folded before Flop (didn't bet)



PokerStars Hand #232166333895:  Hold'em No Limit ($0.01/$0.02 USD) - 2021/12/12 12:52:13 PT [2021/12/12 15:52:13 ET]
Table 'Luce' 9-max Seat #4 is the button
Seat 1: rjeg333 ($2.32 in chips) 
Seat 2: Mycartonfish ($2.03 in chips) 
Seat 4: Closed535 ($2.29 in chips) 
Seat 5: Dorex2007 ($2.24 in chips) 
Seat 7: andrewsarhus ($6.51 in chips) 
Seat 8: Gkalmpinos365 ($0.78 in chips) 
Dorex2007: posts small blind $0.01
andrewsarhus: posts big blind $0.02
*** HOLE CARDS ***
Dealt to Dorex2007 [Ad 4d]
Gkalmpinos365: calls $0.02
rjeg333: folds 
Mycartonfish: folds 
Closed535: raises $0.06 to $0.08
Dorex2007: calls $0.07
andrewsarhus: calls $0.06
Gkalmpinos365: folds 
*** FLOP *** [3c 2c 8h]
Dorex2007: bets $0.17
andrewsarhus: folds 
Closed535: folds 
Uncalled bet ($0.17) returned to Dorex2007
Dorex2007 collected $0.25 from pot
Dorex2007: doesn't show hand 
*** SUMMARY ***
Total pot $0.26 | Rake $0.01 
Board [3c 2c 8h]
Seat 1: rjeg333 folded before Flop (didn't bet)
Seat 2: Mycartonfish folded before Flop (didn't bet)
Seat 4: Closed535 (button) folded on the Flop
Seat 5: Dorex2007 (small blind) collected ($0.25)
Seat 7: andrewsarhus (big blind) folded on the Flop
Seat 8: Gkalmpinos365 folded before Flop



PokerStars Hand #232166354112:  Hold'em No Limit ($0.01/$0.02 USD) - 2021/12/12 12:52:48 PT [2021/12/12 15:52:48 ET]
Table 'Luce' 9-max Seat #5 is the button
Seat 1: rjeg333 ($2.32 in chips) 
Seat 2: Mycartonfish ($2.03 in chips) 
Seat 4: Closed535 ($2.21 in chips) 
Seat 5: Dorex2007 ($2.41 in chips) 
Seat 7: andrewsarhus ($6.43 in chips) 
Seat 8: Gkalmpinos365 ($0.76 in chips) 
andrewsarhus: posts small blind $0.01
Gkalmpinos365: posts big blind $0.02
*** HOLE CARDS ***
Dealt to Dorex2007 [Th Kd]
rjeg333: folds 
Mycartonfish: folds 
Closed535: raises $0.04 to $0.06
Dorex2007: calls $0.06
andrewsarhus: folds 
Gkalmpinos365: calls $0.04
*** FLOP *** [7d 2h As]
Gkalmpinos365: checks 
Closed535: bets $0.08
Dorex2007: folds 
Gkalmpinos365: folds 
Uncalled bet ($0.08) returned to Closed535
Closed535 collected $0.18 from pot
Closed535: doesn't show hand 
*** SUMMARY ***
Total pot $0.19 | Rake $0.01 
Board [7d 2h As]
Seat 1: rjeg333 folded before Flop (didn't bet)
Seat 2: Mycartonfish folded before Flop (didn't bet)
Seat 4: Closed535 collected ($0.18)
Seat 5: Dorex2007 (button) folded on the Flop
Seat 7: andrewsarhus (small blind) folded before Flop
Seat 8: Gkalmpinos365 (big blind) folded on the Flop



PokerStars Hand #232166374212:  Hold'em No Limit ($0.01/$0.02 USD) - 2021/12/12 12:53:22 PT [2021/12/12 15:53:22 ET]
Table 'Luce' 9-max Seat #7 is the button
Seat 1: rjeg333 ($2.32 in chips) 
Seat 2: Mycartonfish ($2.03 in chips) 
Seat 4: Closed535 ($2.33 in chips) 
Seat 5: Dorex2007 ($2.35 in chips) 
Seat 7: andrewsarhus ($6.42 in chips) 
Seat 8: Gkalmpinos365 ($0.70 in chips) 
Gkalmpinos365: posts small blind $0.01
rjeg333: posts big blind $0.02
*** HOLE CARDS ***
Dealt to Dorex2007 [7d Ks]
Mycartonfish: folds 
Closed535: folds 
Dorex2007: folds 
andrewsarhus: raises $0.03 to $0.05
Gkalmpinos365: folds 
rjeg333: folds 
Uncalled bet ($0.03) returned to andrewsarhus
andrewsarhus collected $0.05 from pot
andrewsarhus: doesn't show hand 
*** SUMMARY ***
Total pot $0.05 | Rake $0 
Seat 1: rjeg333 (big blind) folded before Flop
Seat 2: Mycartonfish folded before Flop (didn't bet)
Seat 4: Closed535 folded before Flop (didn't bet)
Seat 5: Dorex2007 folded before Flop (didn't bet)
Seat 7: andrewsarhus (button) collected ($0.05)
Seat 8: Gkalmpinos365 (small blind) folded before Flop



PokerStars Hand #232166408224:  Hold'em No Limit ($0.01/$0.02 USD) - 2021/12/12 12:54:19 PT [2021/12/12 15:54:19 ET]
Table 'Luce' 9-max Seat #8 is the button
Seat 1: rjeg333 ($2.30 in chips) 
Seat 2: Mycartonfish ($2.03 in chips) 
Seat 4: Closed535 ($2.33 in chips) 
Seat 5: Dorex2007 ($2.35 in chips) 
Seat 7: andrewsarhus ($6.45 in chips) 
Seat 8: Gkalmpinos365 ($0.69 in chips) 
rjeg333: posts small blind $0.01
Mycartonfish: posts big blind $0.02
*** HOLE CARDS ***
Dealt to Dorex2007 [Kd As]
Closed535: folds 
Dorex2007: raises $0.04 to $0.06
andrewsarhus: folds 
Gkalmpinos365: folds 
rjeg333: folds 
Mycartonfish: folds 
Uncalled bet ($0.04) returned to Dorex2007
Dorex2007 collected $0.05 from pot
Dorex2007: doesn't show hand 
*** SUMMARY ***
Total pot $0.05 | Rake $0 
Seat 1: rjeg333 (small blind) folded before Flop
Seat 2: Mycartonfish (big blind) folded before Flop
Seat 4: Closed535 folded before Flop (didn't bet)
Seat 5: Dorex2007 collected ($0.05)
Seat 7: andrewsarhus folded before Flop (didn't bet)
Seat 8: Gkalmpinos365 (button) folded before Flop (didn't bet)



PokerStars Hand #232166419972:  Hold'em No Limit ($0.01/$0.02 USD) - 2021/12/12 12:54:39 PT [2021/12/12 15:54:39 ET]
Table 'Luce' 9-max Seat #1 is the button
Seat 1: rjeg333 ($2.29 in chips) 
Seat 2: Mycartonfish ($2.01 in chips) 
Seat 4: Closed535 ($2.33 in chips) 
Seat 5: Dorex2007 ($2.38 in chips) 
Seat 7: andrewsarhus ($6.45 in chips) 
Seat 8: Gkalmpinos365 ($0.69 in chips) 
Mycartonfish: posts small blind $0.01
Closed535: posts big blind $0.02
*** HOLE CARDS ***
Dealt to Dorex2007 [Jd 3s]
Dorex2007: folds 
andrewsarhus: folds 
Gkalmpinos365: calls $0.02
rjeg333: folds 
Mycartonfish: calls $0.01
Closed535: checks 
*** FLOP *** [Jc 7c 7s]
Mycartonfish: checks 
Closed535: checks 
Gkalmpinos365: checks 
*** TURN *** [Jc 7c 7s] [Tc]
Mycartonfish: bets $0.03
Closed535: folds 
Gkalmpinos365: calls $0.03
*** RIVER *** [Jc 7c 7s Tc] [Ac]
Mycartonfish: bets $0.12
Gkalmpinos365: calls $0.12
*** SHOW DOWN ***
Mycartonfish: shows [Ad Qc] (a flush, Ace high)
Gkalmpinos365: mucks hand 
Mycartonfish collected $0.35 from pot
*** SUMMARY ***
Total pot $0.36 | Rake $0.01 
Board [Jc 7c 7s Tc Ac]
Seat 1: rjeg333 (button) folded before Flop (didn't bet)
Seat 2: Mycartonfish (small blind) showed [Ad Qc] and won ($0.35) with a flush, Ace high
Seat 4: Closed535 (big blind) folded on the Turn
Seat 5: Dorex2007 folded before Flop (didn't bet)
Seat 7: andrewsarhus folded before Flop (didn't bet)
Seat 8: Gkalmpinos365 mucked [Qs 9c]



PokerStars Hand #232166442189:  Hold'em No Limit ($0.01/$0.02 USD) - 2021/12/12 12:55:22 PT [2021/12/12 15:55:22 ET]
Table 'Luce' 9-max Seat #2 is the button
Seat 1: rjeg333 ($2.29 in chips) 
Seat 2: Mycartonfish ($2.19 in chips) 
Seat 4: Closed535 ($2.31 in chips) 
Seat 5: Dorex2007 ($2.38 in chips) 
Seat 7: andrewsarhus ($6.45 in chips) 
Seat 8: Gkalmpinos365 ($0.52 in chips) 
Closed535: posts small blind $0.01
Dorex2007: posts big blind $0.02
*** HOLE CARDS ***
Dealt to Dorex2007 [Td 8d]
andrewsarhus: raises $0.04 to $0.06
Gkalmpinos365: folds 
rjeg333: folds 
Mycartonfish: folds 
Closed535: folds 
Dorex2007: folds 
Uncalled bet ($0.04) returned to andrewsarhus
andrewsarhus collected $0.05 from pot
andrewsarhus: doesn't show hand 
*** SUMMARY ***
Total pot $0.05 | Rake $0 
Seat 1: rjeg333 folded before Flop (didn't bet)
Seat 2: Mycartonfish (button) folded before Flop (didn't bet)
Seat 4: Closed535 (small blind) folded before Flop
Seat 5: Dorex2007 (big blind) folded before Flop
Seat 7: andrewsarhus collected ($0.05)
Seat 8: Gkalmpinos365 folded before Flop (didn't bet)



PokerStars Hand #232166447700:  Hold'em No Limit ($0.01/$0.02 USD) - 2021/12/12 12:55:37 PT [2021/12/12 15:55:37 ET]
Table 'Luce' 9-max Seat #4 is the button
Seat 1: rjeg333 ($2.29 in chips) 
Seat 2: Mycartonfish ($2.19 in chips) 
Seat 4: Closed535 ($2.30 in chips) 
Seat 5: Dorex2007 ($2.36 in chips) 
Seat 7: andrewsarhus ($6.48 in chips) 
Seat 8: Gkalmpinos365 ($0.52 in chips) 
Dorex2007: posts small blind $0.01
andrewsarhus: posts big blind $0.02
*** HOLE CARDS ***
Dealt to Dorex2007 [5h 2s]
Gkalmpinos365: calls $0.02
rjeg333: folds 
Mycartonfish: calls $0.02
Closed535: folds 
Dorex2007: folds 
andrewsarhus: checks 
*** FLOP *** [9s 2h Ts]
andrewsarhus: checks 
Gkalmpinos365: bets $0.02
Mycartonfish: raises $0.06 to $0.08
andrewsarhus: calls $0.08
Gkalmpinos365: calls $0.06
*** TURN *** [9s 2h Ts] [Td]
andrewsarhus: checks 
Gkalmpinos365: checks 
Mycartonfish: bets $0.15
andrewsarhus: folds 
Gkalmpinos365: raises $0.27 to $0.42 and is all-in
Mycartonfish: calls $0.27
*** RIVER *** [9s 2h Ts Td] [4c]
*** SHOW DOWN ***
Gkalmpinos365: shows [7h Th] (three of a kind, Tens)
Mycartonfish: shows [Js Jh] (two pair, Jacks and Tens)
Gkalmpinos365 cashed out the hand for $1.05 | Cash Out Fee $0.01
*** SUMMARY ***
Total pot $1.15 | Rake $0.04 
Board [9s 2h Ts Td 4c]
Seat 1: rjeg333 folded before Flop (didn't bet)
Seat 2: Mycartonfish showed [Js Jh] and lost with two pair, Jacks and Tens
Seat 4: Closed535 (button) folded before Flop (didn't bet)
Seat 5: Dorex2007 (small blind) folded before Flop
Seat 7: andrewsarhus (big blind) folded on the Turn
Seat 8: Gkalmpinos365 showed [7h Th] and won ($1.11) with three of a kind, Tens (pot not awarded as player cashed out)



PokerStars Hand #232166470781:  Hold'em No Limit ($0.01/$0.02 USD) - 2021/12/12 12:56:38 PT [2021/12/12 15:56:38 ET]
Table 'Luce' 9-max Seat #5 is the button
Seat 1: rjeg333 ($2.29 in chips) 
Seat 2: Mycartonfish ($1.67 in chips) 
Seat 4: Closed535 ($2.30 in chips) 
Seat 5: Dorex2007 ($2.35 in chips) 
Seat 7: andrewsarhus ($6.38 in chips) 
Seat 8: Gkalmpinos365 ($1.05 in chips) 
andrewsarhus: posts small blind $0.01
Gkalmpinos365: posts big blind $0.02
*** HOLE CARDS ***
Dealt to Dorex2007 [8d 2s]
rjeg333: folds 
Mycartonfish: raises $0.04 to $0.06
Closed535: folds 
Dorex2007: folds 
andrewsarhus: folds 
Gkalmpinos365: folds 
Uncalled bet ($0.04) returned to Mycartonfish
Mycartonfish collected $0.05 from pot
*** SUMMARY ***
Total pot $0.05 | Rake $0 
Seat 1: rjeg333 folded before Flop (didn't bet)
Seat 2: Mycartonfish collected ($0.05)
Seat 4: Closed535 folded before Flop (didn't bet)
Seat 5: Dorex2007 (button) folded before Flop (didn't bet)
Seat 7: andrewsarhus (small blind) folded before Flop
Seat 8: Gkalmpinos365 (big blind) folded before Flop



PokerStars Hand #232166478692:  Hold'em No Limit ($0.01/$0.02 USD) - 2021/12/12 12:56:59 PT [2021/12/12 15:56:59 ET]
Table 'Luce' 9-max Seat #7 is the button
Seat 1: rjeg333 ($2.29 in chips) 
Seat 2: Mycartonfish ($1.70 in chips) 
Seat 4: Closed535 ($2.30 in chips) 
Seat 5: Dorex2007 ($2.35 in chips) 
Seat 7: andrewsarhus ($6.37 in chips) 
Seat 8: Gkalmpinos365 ($1.03 in chips) 
Gkalmpinos365: posts small blind $0.01
rjeg333: posts big blind $0.02
*** HOLE CARDS ***
Dealt to Dorex2007 [6h 3d]
Mycartonfish: folds 
Closed535: folds 
Dorex2007: folds 
andrewsarhus: folds 
Gkalmpinos365: calls $0.01
rjeg333: checks 
*** FLOP *** [4s 7s 9c]
Gkalmpinos365: bets $0.02
rjeg333: calls $0.02
*** TURN *** [4s 7s 9c] [Js]
Gkalmpinos365: bets $0.02
rjeg333: folds 
Uncalled bet ($0.02) returned to Gkalmpinos365
Gkalmpinos365 collected $0.08 from pot
Gkalmpinos365: doesn't show hand 
*** SUMMARY ***
Total pot $0.08 | Rake $0 
Board [4s 7s 9c Js]
Seat 1: rjeg333 (big blind) folded on the Turn
Seat 2: Mycartonfish folded before Flop (didn't bet)
Seat 4: Closed535 folded before Flop (didn't bet)
Seat 5: Dorex2007 folded before Flop (didn't bet)
Seat 7: andrewsarhus (button) folded before Flop (didn't bet)
Seat 8: Gkalmpinos365 (small blind) collected ($0.08)



PokerStars Hand #232166494126:  Hold'em No Limit ($0.01/$0.02 USD) - 2021/12/12 12:57:40 PT [2021/12/12 15:57:40 ET]
Table 'Luce' 9-max Seat #8 is the button
Seat 1: rjeg333 ($2.25 in chips) 
Seat 2: Mycartonfish ($1.70 in chips) 
Seat 4: Closed535 ($2.30 in chips) 
Seat 5: Dorex2007 ($2.35 in chips) 
Seat 7: andrewsarhus ($6.37 in chips) 
Seat 8: Gkalmpinos365 ($1.07 in chips) 
rjeg333: posts small blind $0.01
Mycartonfish: posts big blind $0.02
*** HOLE CARDS ***
Dealt to Dorex2007 [2d 7s]
Closed535: folds 
Dorex2007: folds 
andrewsarhus: folds 
Gkalmpinos365: calls $0.02
rjeg333: folds 
Mycartonfish: checks 
*** FLOP *** [3h As Kc]
Mycartonfish: checks 
Gkalmpinos365: checks 
*** TURN *** [3h As Kc] [3s]
Mycartonfish: checks 
Gkalmpinos365: checks 
*** RIVER *** [3h As Kc 3s] [Ts]
Mycartonfish: checks 
Gkalmpinos365: checks 
*** SHOW DOWN ***
Mycartonfish: shows [4h 9h] (a pair of Threes)
Gkalmpinos365: shows [7h Qh] (a pair of Threes - Ace+King+Queen kicker)
Gkalmpinos365 collected $0.05 from pot
*** SUMMARY ***
Total pot $0.05 | Rake $0 
Board [3h As Kc 3s Ts]
Seat 1: rjeg333 (small blind) folded before Flop
Seat 2: Mycartonfish (big blind) showed [4h 9h] and lost with a pair of Threes
Seat 4: Closed535 folded before Flop (didn't bet)
Seat 5: Dorex2007 folded before Flop (didn't bet)
Seat 7: andrewsarhus folded before Flop (didn't bet)
Seat 8: Gkalmpinos365 (button) showed [7h Qh] and won ($0.05) with a pair of Threes



PokerStars Hand #232166502460:  Hold'em No Limit ($0.01/$0.02 USD) - 2021/12/12 12:58:02 PT [2021/12/12 15:58:02 ET]
Table 'Luce' 9-max Seat #1 is the button
Seat 1: rjeg333 ($2.24 in chips) 
Seat 2: Mycartonfish ($1.68 in chips) 
Seat 4: Closed535 ($2.30 in chips) 
Seat 5: Dorex2007 ($2.35 in chips) 
Seat 7: andrewsarhus ($6.37 in chips) 
Seat 8: Gkalmpinos365 ($1.10 in chips) 
Mycartonfish: posts small blind $0.01
Closed535: posts big blind $0.02
*** HOLE CARDS ***
Dealt to Dorex2007 [2c 6s]
Dorex2007: folds 
andrewsarhus: folds 
Gkalmpinos365: calls $0.02
shadyslms leaves the table
rjeg333: folds 
Mycartonfish: folds 
Closed535: checks 
*** FLOP *** [4h 7s Kc]
Closed535: checks 
Gkalmpinos365: checks 
*** TURN *** [4h 7s Kc] [7c]
Closed535: checks 
Gkalmpinos365: bets $0.02
Closed535: folds 
Uncalled bet ($0.02) returned to Gkalmpinos365
pokereule754 joins the table at seat #3 
Gkalmpinos365 collected $0.05 from pot
Gkalmpinos365: doesn't show hand 
*** SUMMARY ***
Total pot $0.05 | Rake $0 
Board [4h 7s Kc 7c]
Seat 1: rjeg333 (button) folded before Flop (didn't bet)
Seat 2: Mycartonfish (small blind) folded before Flop
Seat 4: Closed535 (big blind) folded on the Turn
Seat 5: Dorex2007 folded before Flop (didn't bet)
Seat 7: andrewsarhus folded before Flop (didn't bet)
Seat 8: Gkalmpinos365 collected ($0.05)



PokerStars Hand #232166512394:  Hold'em No Limit ($0.01/$0.02 USD) - 2021/12/12 12:58:28 PT [2021/12/12 15:58:28 ET]
Table 'Luce' 9-max Seat #2 is the button
Seat 1: rjeg333 ($2.24 in chips) 
Seat 2: Mycartonfish ($1.67 in chips) 
Seat 4: Closed535 ($2.28 in chips) 
Seat 5: Dorex2007 ($2.35 in chips) 
Seat 7: andrewsarhus ($6.37 in chips) 
Seat 8: Gkalmpinos365 ($1.13 in chips) 
Closed535: posts small blind $0.01
Dorex2007: posts big blind $0.02
*** HOLE CARDS ***
Dealt to Dorex2007 [7s 8s]
andrewsarhus: folds 
Gkalmpinos365: folds 
rjeg333: folds 
Mycartonfish: folds 
Closed535: folds 
Uncalled bet ($0.01) returned to Dorex2007
Dorex2007 collected $0.02 from pot
Dorex2007: doesn't show hand 
*** SUMMARY ***
Total pot $0.02 | Rake $0 
Seat 1: rjeg333 folded before Flop (didn't bet)
Seat 2: Mycartonfish (button) folded before Flop (didn't bet)
Seat 4: Closed535 (small blind) folded before Flop
Seat 5: Dorex2007 (big blind) collected ($0.02)
Seat 7: andrewsarhus folded before Flop (didn't bet)
Seat 8: Gkalmpinos365 folded before Flop (didn't bet)



PokerStars Hand #232166516806:  Hold'em No Limit ($0.01/$0.02 USD) - 2021/12/12 12:58:40 PT [2021/12/12 15:58:40 ET]
Table 'Luce' 9-max Seat #4 is the button
Seat 1: rjeg333 ($2.24 in chips) 
Seat 2: Mycartonfish ($1.67 in chips) 
Seat 4: Closed535 ($2.27 in chips) 
Seat 5: Dorex2007 ($2.36 in chips) 
Seat 7: andrewsarhus ($6.37 in chips) 
Seat 8: Gkalmpinos365 ($1.13 in chips) 
Dorex2007: posts small blind $0.01
andrewsarhus: posts big blind $0.02
pokereule754: sits out 
*** HOLE CARDS ***
Dealt to Dorex2007 [2c Ad]
Gkalmpinos365 has timed out
Gkalmpinos365: folds 
rjeg333: folds 
Mycartonfish: calls $0.02
Closed535: folds 
Dorex2007: calls $0.01
andrewsarhus: checks 
*** FLOP *** [9d 5d 9c]
Dorex2007: checks 
andrewsarhus: bets $0.04
Mycartonfish: folds 
Dorex2007: folds 
Uncalled bet ($0.04) returned to andrewsarhus
andrewsarhus collected $0.06 from pot
Skumme leaves the table
andrewsarhus: doesn't show hand 
*** SUMMARY ***
Total pot $0.06 | Rake $0 
Board [9d 5d 9c]
Seat 1: rjeg333 folded before Flop (didn't bet)
Seat 2: Mycartonfish folded on the Flop
Seat 4: Closed535 (button) folded before Flop (didn't bet)
Seat 5: Dorex2007 (small blind) folded on the Flop
Seat 7: andrewsarhus (big blind) collected ($0.06)
Seat 8: Gkalmpinos365 folded before Flop (didn't bet)



PokerStars Hand #232166531286:  Hold'em No Limit ($0.01/$0.02 USD) - 2021/12/12 12:59:18 PT [2021/12/12 15:59:18 ET]
Table 'Luce' 9-max Seat #5 is the button
Seat 1: rjeg333 ($2.24 in chips) 
Seat 2: Mycartonfish ($1.65 in chips) 
Seat 4: Closed535 ($2.27 in chips) 
Seat 5: Dorex2007 ($2.34 in chips) 
Seat 7: andrewsarhus ($6.41 in chips) 
Seat 8: Gkalmpinos365 ($1.13 in chips) 
andrewsarhus: posts small blind $0.01
Gkalmpinos365: posts big blind $0.02
pokereule754: sits out 
*** HOLE CARDS ***
Dealt to Dorex2007 [3h 8c]
mastersashas is disconnected 
rjeg333: raises $0.02 to $0.04
Mycartonfish: folds 
Closed535: calls $0.04
Dorex2007: folds 
andrewsarhus: folds 
Gkalmpinos365: calls $0.02
*** FLOP *** [Td 6d 8s]
Gkalmpinos365: bets $0.02
rjeg333: folds 
Closed535: folds 
Uncalled bet ($0.02) returned to Gkalmpinos365
Gkalmpinos365 collected $0.13 from pot
Gkalmpinos365: doesn't show hand 
*** SUMMARY ***
Total pot $0.13 | Rake $0 
Board [Td 6d 8s]
Seat 1: rjeg333 folded on the Flop
Seat 2: Mycartonfish folded before Flop (didn't bet)
Seat 4: Closed535 folded on the Flop
Seat 5: Dorex2007 (button) folded before Flop (didn't bet)
Seat 7: andrewsarhus (small blind) folded before Flop
Seat 8: Gkalmpinos365 (big blind) collected ($0.13)



PokerStars Hand #232166541865:  Hold'em No Limit ($0.01/$0.02 USD) - 2021/12/12 12:59:47 PT [2021/12/12 15:59:47 ET]
Table 'Luce' 9-max Seat #7 is the button
Seat 1: rjeg333 ($2.20 in chips) 
Seat 2: Mycartonfish ($1.65 in chips) 
Seat 4: Closed535 ($2.23 in chips) 
Seat 5: Dorex2007 ($2.34 in chips) 
Seat 7: andrewsarhus ($6.40 in chips) 
Seat 8: Gkalmpinos365 ($1.22 in chips) 
Gkalmpinos365: posts small blind $0.01
rjeg333: posts big blind $0.02
pokereule754: sits out 
*** HOLE CARDS ***
Dealt to Dorex2007 [Tc 5h]
Mycartonfish: folds 
Closed535: folds 
Dorex2007: folds 
andrewsarhus: raises $0.03 to $0.05
Gkalmpinos365: folds 
rjeg333: folds 
Uncalled bet ($0.03) returned to andrewsarhus
andrewsarhus collected $0.05 from pot
andrewsarhus: doesn't show hand 
*** SUMMARY ***
Total pot $0.05 | Rake $0 
Seat 1: rjeg333 (big blind) folded before Flop
Seat 2: Mycartonfish folded before Flop (didn't bet)
Seat 4: Closed535 folded before Flop (didn't bet)
Seat 5: Dorex2007 folded before Flop (didn't bet)
Seat 7: andrewsarhus (button) collected ($0.05)
Seat 8: Gkalmpinos365 (small blind) folded before Flop



PokerStars Hand #232166546983:  Hold'em No Limit ($0.01/$0.02 USD) - 2021/12/12 13:00:00 PT [2021/12/12 16:00:00 ET]
Table 'Luce' 9-max Seat #8 is the button
Seat 1: rjeg333 ($2.18 in chips) 
Seat 2: Mycartonfish ($1.65 in chips) 
Seat 4: Closed535 ($2.23 in chips) 
Seat 5: Dorex2007 ($2.34 in chips) 
Seat 7: andrewsarhus ($6.43 in chips) 
Seat 8: Gkalmpinos365 ($1.21 in chips) 
rjeg333: posts small blind $0.01
Mycartonfish: posts big blind $0.02
pokereule754: sits out 
*** HOLE CARDS ***
Dealt to Dorex2007 [Qd 9s]
Closed535: folds 
Dorex2007: folds 
andrewsarhus: raises $0.03 to $0.05
sebcirco joins the table at seat #6 
Gkalmpinos365: folds 
rjeg333: folds 
Mycartonfish: raises $0.05 to $0.10
andrewsarhus: calls $0.05
*** FLOP *** [3c Qh Th]
Mycartonfish: bets $0.20
andrewsarhus: folds 
Uncalled bet ($0.20) returned to Mycartonfish
Mycartonfish collected $0.20 from pot
*** SUMMARY ***
Total pot $0.21 | Rake $0.01 
Board [3c Qh Th]
Seat 1: rjeg333 (small blind) folded before Flop
Seat 2: Mycartonfish (big blind) collected ($0.20)
Seat 4: Closed535 folded before Flop (didn't bet)
Seat 5: Dorex2007 folded before Flop (didn't bet)
Seat 7: andrewsarhus folded on the Flop
Seat 8: Gkalmpinos365 (button) folded before Flop (didn't bet)



PokerStars Hand #232166561272:  Hold'em No Limit ($0.01/$0.02 USD) - 2021/12/12 13:00:36 PT [2021/12/12 16:00:36 ET]
Table 'Luce' 9-max Seat #1 is the button
Seat 1: rjeg333 ($2.17 in chips) 
Seat 2: Mycartonfish ($1.75 in chips) 
Seat 3: pokereule754 ($2 in chips) 
Seat 4: Closed535 ($2.23 in chips) 
Seat 5: Dorex2007 ($2.34 in chips) 
Seat 6: sebcirco ($2 in chips) 
Seat 7: andrewsarhus ($6.33 in chips) 
Seat 8: Gkalmpinos365 ($1.21 in chips) 
Mycartonfish: posts small blind $0.01
pokereule754: posts big blind $0.02
sebcirco: posts big blind $0.02
*** HOLE CARDS ***
Dealt to Dorex2007 [5s 5c]
Closed535: folds 
Dorex2007: calls $0.02
sebcirco: checks 
andrewsarhus: folds 
Gkalmpinos365: folds 
rjeg333: folds 
Mycartonfish: folds 
pokereule754: checks 
*** FLOP *** [2h Ts 4c]
pokereule754: checks 
Dorex2007: checks 
sebcirco: checks 
*** TURN *** [2h Ts 4c] [Ks]
pokereule754: checks 
Dorex2007: checks 
sebcirco: checks 
*** RIVER *** [2h Ts 4c Ks] [Js]
pokereule754: checks 
Dorex2007: checks 
sebcirco: checks 
*** SHOW DOWN ***
pokereule754: shows [9d Jd] (a pair of Jacks)
Dorex2007: mucks hand 
sebcirco: mucks hand 
pokereule754 collected $0.07 from pot
*** SUMMARY ***
Total pot $0.07 | Rake $0 
Board [2h Ts 4c Ks Js]
Seat 1: rjeg333 (button) folded before Flop (didn't bet)
Seat 2: Mycartonfish (small blind) folded before Flop
Seat 3: pokereule754 (big blind) showed [9d Jd] and won ($0.07) with a pair of Jacks
Seat 4: Closed535 folded before Flop (didn't bet)
Seat 5: Dorex2007 mucked [5s 5c]
Seat 6: sebcirco mucked [6h 7d]
Seat 7: andrewsarhus folded before Flop (didn't bet)
Seat 8: Gkalmpinos365 folded before Flop (didn't bet)



PokerStars Hand #232166596663:  Hold'em No Limit ($0.01/$0.02 USD) - 2021/12/12 13:01:33 PT [2021/12/12 16:01:33 ET]
Table 'Luce' 9-max Seat #2 is the button
Seat 1: rjeg333 ($2.17 in chips) 
Seat 2: Mycartonfish ($1.74 in chips) 
Seat 3: pokereule754 ($2.05 in chips) 
Seat 4: Closed535 ($2.23 in chips) 
Seat 5: Dorex2007 ($2.32 in chips) 
Seat 6: sebcirco ($1.98 in chips) 
Seat 7: andrewsarhus ($6.33 in chips) 
Seat 8: Gkalmpinos365 ($1.21 in chips) 
pokereule754: posts small blind $0.01
Closed535: posts big blind $0.02
*** HOLE CARDS ***
Dealt to Dorex2007 [Qs Jh]
Dorex2007: folds 
sebcirco: folds 
andrewsarhus: folds 
Gkalmpinos365: calls $0.02
rjeg333: raises $0.02 to $0.04
Mycartonfish: folds 
pokereule754: folds 
Closed535: folds 
Gkalmpinos365: calls $0.02
*** FLOP *** [As 2c 7d]
Gkalmpinos365: checks 
rjeg333: checks 
*** TURN *** [As 2c 7d] [7h]
Gkalmpinos365: bets $0.02
rjeg333: calls $0.02
*** RIVER *** [As 2c 7d 7h] [Qc]
Gkalmpinos365: checks 
rjeg333: bets $0.07
Gkalmpinos365: folds 
Uncalled bet ($0.07) returned to rjeg333
rjeg333 collected $0.14 from pot
*** SUMMARY ***
Total pot $0.15 | Rake $0.01 
Board [As 2c 7d 7h Qc]
Seat 1: rjeg333 collected ($0.14)
Seat 2: Mycartonfish (button) folded before Flop (didn't bet)
Seat 3: pokereule754 (small blind) folded before Flop
Seat 4: Closed535 (big blind) folded before Flop
Seat 5: Dorex2007 folded before Flop (didn't bet)
Seat 6: sebcirco folded before Flop (didn't bet)
Seat 7: andrewsarhus folded before Flop (didn't bet)
Seat 8: Gkalmpinos365 folded on the River



PokerStars Hand #232166621022:  Hold'em No Limit ($0.01/$0.02 USD) - 2021/12/12 13:02:19 PT [2021/12/12 16:02:19 ET]
Table 'Luce' 9-max Seat #3 is the button
Seat 1: rjeg333 ($2.25 in chips) 
Seat 2: Mycartonfish ($1.74 in chips) 
Seat 3: pokereule754 ($2.04 in chips) 
Seat 4: Closed535 ($2.21 in chips) 
Seat 5: Dorex2007 ($2.32 in chips) 
Seat 6: sebcirco ($1.98 in chips) 
Seat 7: andrewsarhus ($6.33 in chips) 
Seat 8: Gkalmpinos365 ($1.15 in chips) 
Closed535: posts small blind $0.01
Dorex2007: posts big blind $0.02
*** HOLE CARDS ***
Dealt to Dorex2007 [4s Ad]
sebcirco: folds 
andrewsarhus: folds 
Gkalmpinos365: calls $0.02
rjeg333: folds 
Mycartonfish: folds 
pokereule754: folds 
Closed535: calls $0.01
Dorex2007: checks 
*** FLOP *** [Ac Td 4h]
Closed535: checks 
Dorex2007: checks 
Gkalmpinos365: checks 
*** TURN *** [Ac Td 4h] [Js]
Closed535: checks 
Dorex2007: checks 
Gkalmpinos365: checks 
*** RIVER *** [Ac Td 4h Js] [8s]
Closed535: checks 
Dorex2007: bets $0.06
Gkalmpinos365: raises $0.09 to $0.15
Closed535: folds 
Dorex2007: calls $0.09
*** SHOW DOWN ***
Gkalmpinos365: shows [9d Qc] (a straight, Eight to Queen)
Dorex2007: mucks hand 
Gkalmpinos365 collected $0.35 from pot
*** SUMMARY ***
Total pot $0.36 | Rake $0.01 
Board [Ac Td 4h Js 8s]
Seat 1: rjeg333 folded before Flop (didn't bet)
Seat 2: Mycartonfish folded before Flop (didn't bet)
Seat 3: pokereule754 (button) folded before Flop (didn't bet)
Seat 4: Closed535 (small blind) folded on the River
Seat 5: Dorex2007 (big blind) mucked [4s Ad]
Seat 6: sebcirco folded before Flop (didn't bet)
Seat 7: andrewsarhus folded before Flop (didn't bet)
Seat 8: Gkalmpinos365 showed [9d Qc] and won ($0.35) with a straight, Eight to Queen



PokerStars Hand #232166648979:  Hold'em No Limit ($0.01/$0.02 USD) - 2021/12/12 13:03:09 PT [2021/12/12 16:03:09 ET]
Table 'Luce' 9-max Seat #4 is the button
Seat 1: rjeg333 ($2.25 in chips) 
Seat 2: Mycartonfish ($1.74 in chips) 
Seat 3: pokereule754 ($2.04 in chips) 
Seat 4: Closed535 ($2.19 in chips) 
Seat 5: Dorex2007 ($2.15 in chips) 
Seat 6: sebcirco ($1.98 in chips) 
Seat 7: andrewsarhus ($6.33 in chips) 
Seat 8: Gkalmpinos365 ($1.33 in chips) 
Dorex2007: posts small blind $0.01
sebcirco: posts big blind $0.02
*** HOLE CARDS ***
Dealt to Dorex2007 [6c 6h]
andrewsarhus: folds 
andrewsarhus leaves the table
Gkalmpinos365: folds 
rjeg333: raises $0.04 to $0.06
Mycartonfish: folds 
pokereule754: calls $0.06
Closed535: folds 
Dorex2007: calls $0.05
sebcirco: folds 
*** FLOP *** [3h 4s Ks]
Dorex2007: checks 
rjeg333: checks 
pokereule754: checks 
*** TURN *** [3h 4s Ks] [Js]
Dorex2007: checks 
rjeg333: bets $0.10
pokereule754: calls $0.10
Dorex2007: folds 
*** RIVER *** [3h 4s Ks Js] [2s]
rjeg333: checks 
pokereule754: checks 
*** SHOW DOWN ***
rjeg333: shows [Ah Kd] (a pair of Kings)
pokereule754: shows [Ts 9s] (a flush, King high)
pokereule754 collected $0.39 from pot
*** SUMMARY ***
Total pot $0.40 | Rake $0.01 
Board [3h 4s Ks Js 2s]
Seat 1: rjeg333 showed [Ah Kd] and lost with a pair of Kings
Seat 2: Mycartonfish folded before Flop (didn't bet)
Seat 3: pokereule754 showed [Ts 9s] and won ($0.39) with a flush, King high
Seat 4: Closed535 (button) folded before Flop (didn't bet)
Seat 5: Dorex2007 (small blind) folded on the Turn
Seat 6: sebcirco (big blind) folded before Flop
Seat 7: andrewsarhus folded before Flop (didn't bet)
Seat 8: Gkalmpinos365 folded before Flop (didn't bet)



PokerStars Hand #232166682287:  Hold'em No Limit ($0.01/$0.02 USD) - 2021/12/12 13:04:05 PT [2021/12/12 16:04:05 ET]
Table 'Luce' 9-max Seat #5 is the button
Seat 1: rjeg333 ($2.09 in chips) 
Seat 2: Mycartonfish ($1.74 in chips) 
Seat 3: pokereule754 ($2.27 in chips) 
Seat 4: Closed535 ($2.19 in chips) 
Seat 5: Dorex2007 ($2.09 in chips) 
Seat 6: sebcirco ($1.96 in chips) 
Seat 8: Gkalmpinos365 ($1.33 in chips) 
sebcirco: posts small blind $0.01
Gkalmpinos365: posts big blind $0.02
*** HOLE CARDS ***
Dealt to Dorex2007 [Qc 4s]
rjeg333: raises $0.04 to $0.06
Mycartonfish: folds 
pokereule754: folds 
Closed535: folds 
Dorex2007: folds 
sebcirco: calls $0.05
Gkalmpinos365: calls $0.04
*** FLOP *** [3h 6s Jh]
sebcirco: bets $0.02
Gkalmpinos365: calls $0.02
rjeg333: calls $0.02
*** TURN *** [3h 6s Jh] [8d]
sebcirco: bets $0.02
Gkalmpinos365: raises $0.04 to $0.06
rjeg333: folds 
sebcirco: calls $0.04
*** RIVER *** [3h 6s Jh 8d] [5c]
sebcirco: bets $0.02
Gkalmpinos365: raises $0.04 to $0.06
sebcirco: calls $0.04
*** SHOW DOWN ***
Gkalmpinos365: shows [Jc Qs] (a pair of Jacks)
sebcirco: mucks hand 
Gkalmpinos365 collected $0.46 from pot
*** SUMMARY ***
Total pot $0.48 | Rake $0.02 
Board [3h 6s Jh 8d 5c]
Seat 1: rjeg333 folded on the Turn
Seat 2: Mycartonfish folded before Flop (didn't bet)
Seat 3: pokereule754 folded before Flop (didn't bet)
Seat 4: Closed535 folded before Flop (didn't bet)
Seat 5: Dorex2007 (button) folded before Flop (didn't bet)
Seat 6: sebcirco (small blind) mucked [3d 4d]
Seat 8: Gkalmpinos365 (big blind) showed [Jc Qs] and won ($0.46) with a pair of Jacks



PokerStars Hand #232166710829:  Hold'em No Limit ($0.01/$0.02 USD) - 2021/12/12 13:04:54 PT [2021/12/12 16:04:54 ET]
Table 'Luce' 9-max Seat #6 is the button
Seat 1: rjeg333 ($2.01 in chips) 
Seat 2: Mycartonfish ($1.74 in chips) 
Seat 3: pokereule754 ($2.27 in chips) 
Seat 4: Closed535 ($2.19 in chips) 
Seat 5: Dorex2007 ($2.09 in chips) 
Seat 6: sebcirco ($1.76 in chips) 
Seat 8: Gkalmpinos365 ($1.59 in chips) 
Gkalmpinos365: posts small blind $0.01
rjeg333: posts big blind $0.02
*** HOLE CARDS ***
Dealt to Dorex2007 [5c 3s]
Mycartonfish: calls $0.02
pokereule754: folds 
Closed535: raises $0.06 to $0.08
Dorex2007: folds 
sebcirco: folds 
Gkalmpinos365: folds 
rjeg333: calls $0.06
Mycartonfish: calls $0.06
*** FLOP *** [Qs 2d Qh]
rjeg333: checks 
Mycartonfish: checks 
Closed535: checks 
*** TURN *** [Qs 2d Qh] [Td]
rjeg333: checks 
Mycartonfish: checks 
Closed535: checks 
*** RIVER *** [Qs 2d Qh Td] [4h]
rjeg333: checks 
Mycartonfish: checks 
Closed535: checks 
*** SHOW DOWN ***
rjeg333: shows [8d 8h] (two pair, Queens and Eights)
Mycartonfish: mucks hand 
Closed535: mucks hand 
rjeg333 collected $0.24 from pot
mastersashas leaves the table
*** SUMMARY ***
Total pot $0.25 | Rake $0.01 
Board [Qs 2d Qh Td 4h]
Seat 1: rjeg333 (big blind) showed [8d 8h] and won ($0.24) with two pair, Queens and Eights
Seat 2: Mycartonfish mucked [6c Ac]
Seat 3: pokereule754 folded before Flop (didn't bet)
Seat 4: Closed535 mucked [As Jc]
Seat 5: Dorex2007 folded before Flop (didn't bet)
Seat 6: sebcirco (button) folded before Flop (didn't bet)
Seat 8: Gkalmpinos365 (small blind) folded before Flop



PokerStars Hand #232166739919:  Hold'em No Limit ($0.01/$0.02 USD) - 2021/12/12 13:05:43 PT [2021/12/12 16:05:43 ET]
Table 'Luce' 9-max Seat #8 is the button
Seat 1: rjeg333 ($2.17 in chips) 
Seat 2: Mycartonfish ($1.66 in chips) 
Seat 3: pokereule754 ($2.27 in chips) 
Seat 4: Closed535 ($2.11 in chips) 
Seat 5: Dorex2007 ($2.09 in chips) 
Seat 6: sebcirco ($1.76 in chips) 
Seat 8: Gkalmpinos365 ($1.58 in chips) 
rjeg333: posts small blind $0.01
Mycartonfish: posts big blind $0.02
*** HOLE CARDS ***
Dealt to Dorex2007 [4c Jc]
pokereule754: folds 
Closed535: folds 
Dorex2007: folds 
sebcirco: calls $0.02
Gkalmpinos365: folds 
rjeg333: folds 
Mycartonfish: checks 
*** FLOP *** [2h 8s Ts]
Mycartonfish: checks 
sebcirco: checks 
*** TURN *** [2h 8s Ts] [9s]
Mycartonfish: bets $0.03
sebcirco: raises $0.03 to $0.06
Mycartonfish: calls $0.03
*** RIVER *** [2h 8s Ts 9s] [8c]
TheFusa2003 joins the table at seat #7 
Mycartonfish: checks 
sebcirco: bets $0.02
Mycartonfish: folds 
Uncalled bet ($0.02) returned to sebcirco
sebcirco collected $0.16 from pot
sebcirco: doesn't show hand 
*** SUMMARY ***
Total pot $0.17 | Rake $0.01 
Board [2h 8s Ts 9s 8c]
Seat 1: rjeg333 (small blind) folded before Flop
Seat 2: Mycartonfish (big blind) folded on the River
Seat 3: pokereule754 folded before Flop (didn't bet)
Seat 4: Closed535 folded before Flop (didn't bet)
Seat 5: Dorex2007 folded before Flop (didn't bet)
Seat 6: sebcirco collected ($0.16)
Seat 8: Gkalmpinos365 (button) folded before Flop (didn't bet)



PokerStars Hand #232166763897:  Hold'em No Limit ($0.01/$0.02 USD) - 2021/12/12 13:06:24 PT [2021/12/12 16:06:24 ET]
Table 'Luce' 9-max Seat #1 is the button
Seat 1: rjeg333 ($2.16 in chips) 
Seat 2: Mycartonfish ($1.58 in chips) 
Seat 3: pokereule754 ($2.27 in chips) 
Seat 4: Closed535 ($2.11 in chips) 
Seat 5: Dorex2007 ($2.09 in chips) 
Seat 6: sebcirco ($1.84 in chips) 
Seat 8: Gkalmpinos365 ($1.58 in chips) 
Mycartonfish: posts small blind $0.01
pokereule754: posts big blind $0.02
TheFusa2003: sits out 
*** HOLE CARDS ***
Dealt to Dorex2007 [6s 5c]
Closed535: folds 
Dorex2007: folds 
sebcirco: folds 
Gkalmpinos365: calls $0.02
rjeg333: folds 
Mycartonfish: folds 
pokereule754: checks 
*** FLOP *** [Ac 3h 5h]
pokereule754: checks 
Gkalmpinos365: bets $0.02
pokereule754: calls $0.02
*** TURN *** [Ac 3h 5h] [Tc]
pokereule754: checks 
Gkalmpinos365: checks 
*** RIVER *** [Ac 3h 5h Tc] [Jh]
8CeMapzJI6 joins the table at seat #9 
pokereule754: bets $0.07
Gkalmpinos365: folds 
Uncalled bet ($0.07) returned to pokereule754
pokereule754 collected $0.09 from pot
*** SUMMARY ***
Total pot $0.09 | Rake $0 
Board [Ac 3h 5h Tc Jh]
Seat 1: rjeg333 (button) folded before Flop (didn't bet)
Seat 2: Mycartonfish (small blind) folded before Flop
Seat 3: pokereule754 (big blind) collected ($0.09)
Seat 4: Closed535 folded before Flop (didn't bet)
Seat 5: Dorex2007 folded before Flop (didn't bet)
Seat 6: sebcirco folded before Flop (didn't bet)
Seat 8: Gkalmpinos365 folded on the River



PokerStars Hand #232166787891:  Hold'em No Limit ($0.01/$0.02 USD) - 2021/12/12 13:07:05 PT [2021/12/12 16:07:05 ET]
Table 'Luce' 9-max Seat #2 is the button
Seat 1: rjeg333 ($2.16 in chips) 
Seat 2: Mycartonfish ($1.57 in chips) 
Seat 3: pokereule754 ($2.32 in chips) 
Seat 4: Closed535 ($2.11 in chips) 
Seat 5: Dorex2007 ($2.09 in chips) 
Seat 6: sebcirco ($1.84 in chips) 
Seat 8: Gkalmpinos365 ($1.54 in chips) 
pokereule754: posts small blind $0.01
Closed535: posts big blind $0.02
TheFusa2003: sits out 
8CeMapzJI6: sits out 
*** HOLE CARDS ***
Dealt to Dorex2007 [Kd Jh]
Dorex2007: folds 
sebcirco: folds 
Gkalmpinos365: calls $0.02
rjeg333: folds 
Mycartonfish: calls $0.02
pokereule754: calls $0.01
Closed535: checks 
*** FLOP *** [Ks Jd 6d]
pokereule754: checks 
Closed535: checks 
Gkalmpinos365: checks 
Mycartonfish: bets $0.04
pokereule754: folds 
Closed535: folds 
Gkalmpinos365: calls $0.04
*** TURN *** [Ks Jd 6d] [2d]
Gkalmpinos365: checks 
Mycartonfish: bets $0.18
Gkalmpinos365: folds 
Uncalled bet ($0.18) returned to Mycartonfish
Mycartonfish collected $0.15 from pot
*** SUMMARY ***
Total pot $0.16 | Rake $0.01 
Board [Ks Jd 6d 2d]
Seat 1: rjeg333 folded before Flop (didn't bet)
Seat 2: Mycartonfish (button) collected ($0.15)
Seat 3: pokereule754 (small blind) folded on the Flop
Seat 4: Closed535 (big blind) folded on the Flop
Seat 5: Dorex2007 folded before Flop (didn't bet)
Seat 6: sebcirco folded before Flop (didn't bet)
Seat 8: Gkalmpinos365 folded on the Turn



PokerStars Hand #232166823508:  Hold'em No Limit ($0.01/$0.02 USD) - 2021/12/12 13:08:06 PT [2021/12/12 16:08:06 ET]
Table 'Luce' 9-max Seat #3 is the button
Seat 1: rjeg333 ($2.16 in chips) 
Seat 2: Mycartonfish ($1.66 in chips) 
Seat 3: pokereule754 ($2.30 in chips) 
Seat 4: Closed535 ($2.09 in chips) 
Seat 5: Dorex2007 ($2.09 in chips) 
Seat 6: sebcirco ($1.84 in chips) 
Seat 8: Gkalmpinos365 ($1.48 in chips) 
Closed535: posts small blind $0.01
Dorex2007: posts big blind $0.02
TheFusa2003: sits out 
8CeMapzJI6: sits out 
*** HOLE CARDS ***
Dealt to Dorex2007 [Ad 6s]
sebcirco: folds 
Gkalmpinos365: folds 
rjeg333: folds 
Mycartonfish: raises $0.04 to $0.06
pokereule754: folds 
Closed535: folds 
Dorex2007: folds 
Uncalled bet ($0.04) returned to Mycartonfish
Mycartonfish collected $0.05 from pot
*** SUMMARY ***
Total pot $0.05 | Rake $0 
Seat 1: rjeg333 folded before Flop (didn't bet)
Seat 2: Mycartonfish collected ($0.05)
Seat 3: pokereule754 (button) folded before Flop (didn't bet)
Seat 4: Closed535 (small blind) folded before Flop
Seat 5: Dorex2007 (big blind) folded before Flop
Seat 6: sebcirco folded before Flop (didn't bet)
Seat 8: Gkalmpinos365 folded before Flop (didn't bet)



PokerStars Hand #232166835908:  Hold'em No Limit ($0.01/$0.02 USD) - 2021/12/12 13:08:27 PT [2021/12/12 16:08:27 ET]
Table 'Luce' 9-max Seat #4 is the button
Seat 1: rjeg333 ($2.16 in chips) 
Seat 2: Mycartonfish ($1.69 in chips) 
Seat 3: pokereule754 ($2.30 in chips) 
Seat 4: Closed535 ($2.08 in chips) 
Seat 5: Dorex2007 ($2.07 in chips) 
Seat 6: sebcirco ($1.84 in chips) 
Seat 8: Gkalmpinos365 ($1.48 in chips) 
Dorex2007: posts small blind $0.01
sebcirco: posts big blind $0.02
TheFusa2003: sits out 
8CeMapzJI6: sits out 
*** HOLE CARDS ***
Dealt to Dorex2007 [7h 4s]
Gkalmpinos365: folds 
rjeg333: folds 
Mycartonfish: folds 
pokereule754: calls $0.02
Closed535: folds 
Dorex2007: folds 
sebcirco: checks 
*** FLOP *** [3s 4c 7d]
sebcirco: checks 
pokereule754: checks 
*** TURN *** [3s 4c 7d] [8d]
sebcirco: checks 
pokereule754: checks 
*** RIVER *** [3s 4c 7d 8d] [7c]
sebcirco: checks 
pokereule754: checks 
*** SHOW DOWN ***
sebcirco: shows [9d Js] (a pair of Sevens)
pokereule754: shows [Ah Qc] (a pair of Sevens - Ace kicker)
pokereule754 collected $0.05 from pot
*** SUMMARY ***
Total pot $0.05 | Rake $0 
Board [3s 4c 7d 8d 7c]
Seat 1: rjeg333 folded before Flop (didn't bet)
Seat 2: Mycartonfish folded before Flop (didn't bet)
Seat 3: pokereule754 showed [Ah Qc] and won ($0.05) with a pair of Sevens
Seat 4: Closed535 (button) folded before Flop (didn't bet)
Seat 5: Dorex2007 (small blind) folded before Flop
Seat 6: sebcirco (big blind) showed [9d Js] and lost with a pair of Sevens
Seat 8: Gkalmpinos365 folded before Flop (didn't bet)



PokerStars Hand #232166865336:  Hold'em No Limit ($0.01/$0.02 USD) - 2021/12/12 13:09:18 PT [2021/12/12 16:09:18 ET]
Table 'Luce' 9-max Seat #5 is the button
Seat 1: rjeg333 ($2.16 in chips) 
Seat 2: Mycartonfish ($1.69 in chips) 
Seat 3: pokereule754 ($2.33 in chips) 
Seat 4: Closed535 ($2.08 in chips) 
Seat 5: Dorex2007 ($2.06 in chips) 
Seat 6: sebcirco ($1.82 in chips) 
Seat 7: TheFusa2003 ($2 in chips) 
Seat 8: Gkalmpinos365 ($1.48 in chips) 
sebcirco: posts small blind $0.01
TheFusa2003: posts big blind $0.02
8CeMapzJI6: sits out 
*** HOLE CARDS ***
Dealt to Dorex2007 [5h 7s]
Gkalmpinos365: folds 
rjeg333: raises $0.04 to $0.06
Mycartonfish: folds 
pokereule754: folds 
Closed535: folds 
Dorex2007: folds 
sebcirco: folds 
TheFusa2003: folds 
Uncalled bet ($0.04) returned to rjeg333
rjeg333 collected $0.05 from pot
*** SUMMARY ***
Total pot $0.05 | Rake $0 
Seat 1: rjeg333 collected ($0.05)
Seat 2: Mycartonfish folded before Flop (didn't bet)
Seat 3: pokereule754 folded before Flop (didn't bet)
Seat 4: Closed535 folded before Flop (didn't bet)
Seat 5: Dorex2007 (button) folded before Flop (didn't bet)
Seat 6: sebcirco (small blind) folded before Flop
Seat 7: TheFusa2003 (big blind) folded before Flop
Seat 8: Gkalmpinos365 folded before Flop (didn't bet)



PokerStars Hand #232166883168:  Hold'em No Limit ($0.01/$0.02 USD) - 2021/12/12 13:09:45 PT [2021/12/12 16:09:45 ET]
Table 'Luce' 9-max Seat #6 is the button
Seat 1: rjeg333 ($2.19 in chips) 
Seat 2: Mycartonfish ($1.69 in chips) 
Seat 3: pokereule754 ($2.33 in chips) 
Seat 4: Closed535 ($2.08 in chips) 
Seat 5: Dorex2007 ($2.06 in chips) 
Seat 6: sebcirco ($1.81 in chips) 
Seat 7: TheFusa2003 ($1.98 in chips) 
Seat 8: Gkalmpinos365 ($1.48 in chips) 
TheFusa2003: posts small blind $0.01
Gkalmpinos365: posts big blind $0.02
8CeMapzJI6: sits out 
*** HOLE CARDS ***
Dealt to Dorex2007 [Qc 4d]
rjeg333: raises $0.02 to $0.04
Mycartonfish: folds 
pokereule754: folds 
Closed535: folds 
Dorex2007: folds 
sebcirco: calls $0.04
TheFusa2003: folds 
Gkalmpinos365: calls $0.02
*** FLOP *** [Kc Tc 6h]
Gkalmpinos365: checks 
rjeg333: checks 
sebcirco: checks 
*** TURN *** [Kc Tc 6h] [6s]
Gkalmpinos365: checks 
rjeg333: checks 
sebcirco: checks 
*** RIVER *** [Kc Tc 6h 6s] [Jh]
Gkalmpinos365: checks 
rjeg333: checks 
sebcirco: checks 
*** SHOW DOWN ***
Gkalmpinos365: shows [5c 7s] (a pair of Sixes)
rjeg333: shows [2c 2d] (two pair, Sixes and Deuces)
sebcirco: mucks hand 
rjeg333 collected $0.13 from pot
*** SUMMARY ***
Total pot $0.13 | Rake $0 
Board [Kc Tc 6h 6s Jh]
Seat 1: rjeg333 showed [2c 2d] and won ($0.13) with two pair, Sixes and Deuces
Seat 2: Mycartonfish folded before Flop (didn't bet)
Seat 3: pokereule754 folded before Flop (didn't bet)
Seat 4: Closed535 folded before Flop (didn't bet)
Seat 5: Dorex2007 folded before Flop (didn't bet)
Seat 6: sebcirco (button) mucked [9s 4s]
Seat 7: TheFusa2003 (small blind) folded before Flop
Seat 8: Gkalmpinos365 (big blind) showed [5c 7s] and lost with a pair of Sixes



PokerStars Hand #232166923971:  Hold'em No Limit ($0.01/$0.02 USD) - 2021/12/12 13:10:44 PT [2021/12/12 16:10:44 ET]
Table 'Luce' 9-max Seat #7 is the button
Seat 1: rjeg333 ($2.28 in chips) 
Seat 2: Mycartonfish ($1.69 in chips) 
Seat 3: pokereule754 ($2.33 in chips) 
Seat 4: Closed535 ($2.08 in chips) 
Seat 5: Dorex2007 ($2.06 in chips) 
Seat 6: sebcirco ($1.77 in chips) 
Seat 7: TheFusa2003 ($1.97 in chips) 
Seat 8: Gkalmpinos365 ($1.44 in chips) 
Seat 9: 8CeMapzJI6 ($2 in chips) 
Gkalmpinos365: posts small blind $0.01
8CeMapzJI6: posts big blind $0.02
*** HOLE CARDS ***
Dealt to Dorex2007 [6d 3h]
rjeg333: folds 
Mycartonfish: calls $0.02
pokereule754: folds 
Closed535: folds 
Dorex2007: folds 
sebcirco: folds 
TheFusa2003: raises $0.04 to $0.06
Gkalmpinos365: folds 
8CeMapzJI6: folds 
Mycartonfish: calls $0.04
*** FLOP *** [5c 4d 9d]
Mycartonfish: bets $0.07
TheFusa2003: folds 
Uncalled bet ($0.07) returned to Mycartonfish
Mycartonfish collected $0.14 from pot
*** SUMMARY ***
Total pot $0.15 | Rake $0.01 
Board [5c 4d 9d]
Seat 1: rjeg333 folded before Flop (didn't bet)
Seat 2: Mycartonfish collected ($0.14)
Seat 3: pokereule754 folded before Flop (didn't bet)
Seat 4: Closed535 folded before Flop (didn't bet)
Seat 5: Dorex2007 folded before Flop (didn't bet)
Seat 6: sebcirco folded before Flop (didn't bet)
Seat 7: TheFusa2003 (button) folded on the Flop
Seat 8: Gkalmpinos365 (small blind) folded before Flop
Seat 9: 8CeMapzJI6 (big blind) folded before Flop



PokerStars Hand #232166965614:  Hold'em No Limit ($0.01/$0.02 USD) - 2021/12/12 13:11:56 PT [2021/12/12 16:11:56 ET]
Table 'Luce' 9-max Seat #8 is the button
Seat 1: rjeg333 ($2.28 in chips) 
Seat 2: Mycartonfish ($1.77 in chips) 
Seat 3: pokereule754 ($2.33 in chips) 
Seat 4: Closed535 ($2.08 in chips) 
Seat 5: Dorex2007 ($2.06 in chips) 
Seat 6: sebcirco ($1.77 in chips) 
Seat 7: TheFusa2003 ($1.91 in chips) 
Seat 8: Gkalmpinos365 ($1.43 in chips) 
Seat 9: 8CeMapzJI6 ($2 in chips) 
8CeMapzJI6: posts small blind $0.01
rjeg333: posts big blind $0.02
*** HOLE CARDS ***
Dealt to Dorex2007 [Qd 2h]
Mycartonfish: folds 
pokereule754: folds 
Mycartonfish leaves the table
Closed535: folds 
Dorex2007: folds 
sebcirco: folds 
TheFusa2003: raises $0.02 to $0.04
Gkalmpinos365: folds 
Mogol-Mogol joins the table at seat #2 
8CeMapzJI6: folds 
rjeg333: folds 
Uncalled bet ($0.02) returned to TheFusa2003
TheFusa2003 collected $0.05 from pot
TheFusa2003: doesn't show hand 
*** SUMMARY ***
Total pot $0.05 | Rake $0 
Seat 1: rjeg333 (big blind) folded before Flop
Seat 2: Mycartonfish folded before Flop (didn't bet)
Seat 3: pokereule754 folded before Flop (didn't bet)
Seat 4: Closed535 folded before Flop (didn't bet)
Seat 5: Dorex2007 folded before Flop (didn't bet)
Seat 6: sebcirco folded before Flop (didn't bet)
Seat 7: TheFusa2003 collected ($0.05)
Seat 8: Gkalmpinos365 (button) folded before Flop (didn't bet)
Seat 9: 8CeMapzJI6 (small blind) folded before Flop



PokerStars Hand #232166984128:  Hold'em No Limit ($0.01/$0.02 USD) - 2021/12/12 13:12:28 PT [2021/12/12 16:12:28 ET]
Table 'Luce' 9-max Seat #9 is the button
Seat 1: rjeg333 ($2.26 in chips) 
Seat 2: Mogol-Mogol ($0.80 in chips) 
Seat 3: pokereule754 ($2.33 in chips) 
Seat 4: Closed535 ($2.08 in chips) 
Seat 5: Dorex2007 ($2.06 in chips) 
Seat 6: sebcirco ($1.77 in chips) 
Seat 7: TheFusa2003 ($1.94 in chips) 
Seat 8: Gkalmpinos365 ($1.43 in chips) 
Seat 9: 8CeMapzJI6 ($2 in chips) 
rjeg333: posts small blind $0.01
Mogol-Mogol: posts big blind $0.02
*** HOLE CARDS ***
Dealt to Dorex2007 [3h 2d]
pokereule754: folds 
Closed535: folds 
Dorex2007: folds 
sebcirco: calls $0.02
TheFusa2003: folds 
Gkalmpinos365: calls $0.02
8CeMapzJI6: folds 
rjeg333: folds 
Mogol-Mogol: checks 
*** FLOP *** [Jd 8d Ad]
Mogol-Mogol: checks 
sebcirco: bets $0.02
Gkalmpinos365: calls $0.02
Mogol-Mogol: calls $0.02
*** TURN *** [Jd 8d Ad] [Kd]
Mogol-Mogol: checks 
sebcirco: bets $0.02
Gkalmpinos365: calls $0.02
Mogol-Mogol: folds 
*** RIVER *** [Jd 8d Ad Kd] [Ac]
sebcirco: bets $0.02
Gkalmpinos365: raises $0.28 to $0.30
sebcirco: folds 
Uncalled bet ($0.28) returned to Gkalmpinos365
Gkalmpinos365 collected $0.20 from pot
Gkalmpinos365: doesn't show hand 
*** SUMMARY ***
Total pot $0.21 | Rake $0.01 
Board [Jd 8d Ad Kd Ac]
Seat 1: rjeg333 (small blind) folded before Flop
Seat 2: Mogol-Mogol (big blind) folded on the Turn
Seat 3: pokereule754 folded before Flop (didn't bet)
Seat 4: Closed535 folded before Flop (didn't bet)
Seat 5: Dorex2007 folded before Flop (didn't bet)
Seat 6: sebcirco folded on the River
Seat 7: TheFusa2003 folded before Flop (didn't bet)
Seat 8: Gkalmpinos365 collected ($0.20)
Seat 9: 8CeMapzJI6 (button) folded before Flop (didn't bet)



PokerStars Hand #232167020998:  Hold'em No Limit ($0.01/$0.02 USD) - 2021/12/12 13:13:31 PT [2021/12/12 16:13:31 ET]
Table 'Luce' 9-max Seat #1 is the button
Seat 1: rjeg333 ($2.25 in chips) 
Seat 2: Mogol-Mogol ($0.76 in chips) 
Seat 3: pokereule754 ($2.33 in chips) 
Seat 4: Closed535 ($2.08 in chips) 
Seat 5: Dorex2007 ($2.06 in chips) 
Seat 6: sebcirco ($1.69 in chips) 
Seat 7: TheFusa2003 ($1.94 in chips) 
Seat 8: Gkalmpinos365 ($1.55 in chips) 
Seat 9: 8CeMapzJI6 ($2 in chips) 
Mogol-Mogol: posts small blind $0.01
pokereule754: posts big blind $0.02
*** HOLE CARDS ***
Dealt to Dorex2007 [Th As]
Closed535: folds 
Dorex2007: folds 
sebcirco: calls $0.02
TheFusa2003: folds 
Gkalmpinos365: folds 
8CeMapzJI6: raises $0.05 to $0.07
rjeg333: folds 
Mogol-Mogol: calls $0.06
pokereule754: folds 
sebcirco: calls $0.05
*** FLOP *** [Kh 3s Tc]
Mogol-Mogol: checks 
sebcirco: bets $0.02
8CeMapzJI6: calls $0.02
Mogol-Mogol: calls $0.02
*** TURN *** [Kh 3s Tc] [9c]
Mogol-Mogol: checks 
sebcirco: bets $0.02
8CeMapzJI6: calls $0.02
Mogol-Mogol: calls $0.02
*** RIVER *** [Kh 3s Tc 9c] [Kd]
Mogol-Mogol: checks 
sebcirco: bets $0.02
8CeMapzJI6: calls $0.02
Mogol-Mogol: calls $0.02
*** SHOW DOWN ***
sebcirco: shows [Ah 4h] (a pair of Kings)
8CeMapzJI6: shows [6h 6s] (two pair, Kings and Sixes)
Mogol-Mogol: mucks hand 
8CeMapzJI6 collected $0.40 from pot
*** SUMMARY ***
Total pot $0.41 | Rake $0.01 
Board [Kh 3s Tc 9c Kd]
Seat 1: rjeg333 (button) folded before Flop (didn't bet)
Seat 2: Mogol-Mogol (small blind) mucked [Ad 5d]
Seat 3: pokereule754 (big blind) folded before Flop
Seat 4: Closed535 folded before Flop (didn't bet)
Seat 5: Dorex2007 folded before Flop (didn't bet)
Seat 6: sebcirco showed [Ah 4h] and lost with a pair of Kings
Seat 7: TheFusa2003 folded before Flop (didn't bet)
Seat 8: Gkalmpinos365 folded before Flop (didn't bet)
Seat 9: 8CeMapzJI6 showed [6h 6s] and won ($0.40) with two pair, Kings and Sixes



PokerStars Hand #232167061790:  Hold'em No Limit ($0.01/$0.02 USD) - 2021/12/12 13:14:41 PT [2021/12/12 16:14:41 ET]
Table 'Luce' 9-max Seat #2 is the button
Seat 1: rjeg333 ($2.25 in chips) 
Seat 2: Mogol-Mogol ($0.63 in chips) 
Seat 3: pokereule754 ($2.31 in chips) 
Seat 5: Dorex2007 ($2.06 in chips) 
Seat 6: sebcirco ($1.56 in chips) 
Seat 7: TheFusa2003 ($1.94 in chips) 
Seat 8: Gkalmpinos365 ($1.55 in chips) 
Seat 9: 8CeMapzJI6 ($2.27 in chips) 
pokereule754: posts small blind $0.01
Closed535: is sitting out 
Closed535 leaves the table
Dorex2007: posts big blind $0.02
*** HOLE CARDS ***
Dealt to Dorex2007 [2d 3h]
sebcirco: folds 
TheFusa2003: raises $0.02 to $0.04
Gkalmpinos365: calls $0.04
8CeMapzJI6: folds 
rjeg333: folds 
Mogol-Mogol: folds 
pokereule754: folds 
Dorex2007: folds 
*** FLOP *** [4d Ad Js]
TheFusa2003: bets $0.06
sebcirco leaves the table
Gkalmpinos365: folds 
Uncalled bet ($0.06) returned to TheFusa2003
TheFusa2003 collected $0.11 from pot
TheFusa2003: doesn't show hand 
*** SUMMARY ***
Total pot $0.11 | Rake $0 
Board [4d Ad Js]
Seat 1: rjeg333 folded before Flop (didn't bet)
Seat 2: Mogol-Mogol (button) folded before Flop (didn't bet)
Seat 3: pokereule754 (small blind) folded before Flop
Seat 5: Dorex2007 (big blind) folded before Flop
Seat 6: sebcirco folded before Flop (didn't bet)
Seat 7: TheFusa2003 collected ($0.11)
Seat 8: Gkalmpinos365 folded on the Flop
Seat 9: 8CeMapzJI6 folded before Flop (didn't bet)



PokerStars Hand #232167083817:  Hold'em No Limit ($0.01/$0.02 USD) - 2021/12/12 13:15:19 PT [2021/12/12 16:15:19 ET]
Table 'Luce' 9-max Seat #3 is the button
Seat 1: rjeg333 ($2.25 in chips) 
Seat 2: Mogol-Mogol ($0.63 in chips) 
Seat 3: pokereule754 ($2.30 in chips) 
Seat 5: Dorex2007 ($2.04 in chips) 
Seat 7: TheFusa2003 ($2.01 in chips) 
Seat 8: Gkalmpinos365 ($1.51 in chips) 
Seat 9: 8CeMapzJI6 ($2.27 in chips) 
Dorex2007: posts small blind $0.01
TheFusa2003: posts big blind $0.02
*** HOLE CARDS ***
Dealt to Dorex2007 [4c Kh]
Gkalmpinos365: folds 
8CeMapzJI6: folds 
rjeg333: raises $0.04 to $0.06
Mogol-Mogol: calls $0.06
pokereule754: folds 
Dorex2007: folds 
TheFusa2003: folds 
*** FLOP *** [3d 8s 8h]
rjeg333: checks 
Mogol-Mogol: bets $0.06
rjeg333: calls $0.06
*** TURN *** [3d 8s 8h] [5h]
rjeg333: checks 
Mogol-Mogol: bets $0.12
rjeg333: calls $0.12
*** RIVER *** [3d 8s 8h 5h] [Qd]
rjeg333: bets $0.12
Mogol-Mogol: folds 
Uncalled bet ($0.12) returned to rjeg333
rjeg333 collected $0.49 from pot
*** SUMMARY ***
Total pot $0.51 | Rake $0.02 
Board [3d 8s 8h 5h Qd]
Seat 1: rjeg333 collected ($0.49)
Seat 2: Mogol-Mogol folded on the River
Seat 3: pokereule754 (button) folded before Flop (didn't bet)
Seat 5: Dorex2007 (small blind) folded before Flop
Seat 7: TheFusa2003 (big blind) folded before Flop
Seat 8: Gkalmpinos365 folded before Flop (didn't bet)
Seat 9: 8CeMapzJI6 folded before Flop (didn't bet)



PokerStars Hand #232167117121:  Hold'em No Limit ($0.01/$0.02 USD) - 2021/12/12 13:16:16 PT [2021/12/12 16:16:16 ET]
Table 'Luce' 9-max Seat #5 is the button
Seat 1: rjeg333 ($2.50 in chips) 
Seat 2: Mogol-Mogol ($0.39 in chips) 
Seat 3: pokereule754 ($2.30 in chips) 
Seat 5: Dorex2007 ($2.03 in chips) 
Seat 7: TheFusa2003 ($1.99 in chips) 
Seat 8: Gkalmpinos365 ($1.51 in chips) 
Seat 9: 8CeMapzJI6 ($2.27 in chips) 
TheFusa2003: posts small blind $0.01
brandi_97 joins the table at seat #4 
Gkalmpinos365: posts big blind $0.02
*** HOLE CARDS ***
Dealt to Dorex2007 [7h 7c]
8CeMapzJI6: folds 
rjeg333: folds 
Mogol-Mogol: calls $0.02
pokereule754: folds 
Dorex2007: raises $0.02 to $0.04
TheFusa2003: folds 
Gkalmpinos365: calls $0.02
Mogol-Mogol: calls $0.02
*** FLOP *** [Ts 5c Td]
Gkalmpinos365: checks 
Mogol-Mogol: checks 
Dorex2007: checks 
*** TURN *** [Ts 5c Td] [As]
Gkalmpinos365: checks 
Mogol-Mogol: bets $0.02
Dorex2007: folds 
Gkalmpinos365: calls $0.02
*** RIVER *** [Ts 5c Td As] [7s]
Gkalmpinos365: checks 
Mogol-Mogol: bets $0.06
Gkalmpinos365: folds 
Uncalled bet ($0.06) returned to Mogol-Mogol
Mogol-Mogol collected $0.16 from pot
Mogol-Mogol: doesn't show hand 
*** SUMMARY ***
Total pot $0.17 | Rake $0.01 
Board [Ts 5c Td As 7s]
Seat 1: rjeg333 folded before Flop (didn't bet)
Seat 2: Mogol-Mogol collected ($0.16)
Seat 3: pokereule754 folded before Flop (didn't bet)
Seat 5: Dorex2007 (button) folded on the Turn
Seat 7: TheFusa2003 (small blind) folded before Flop
Seat 8: Gkalmpinos365 (big blind) folded on the River
Seat 9: 8CeMapzJI6 folded before Flop (didn't bet)



PokerStars Hand #232167153249:  Hold'em No Limit ($0.01/$0.02 USD) - 2021/12/12 13:17:14 PT [2021/12/12 16:17:14 ET]
Table 'Luce' 9-max Seat #7 is the button
Seat 1: rjeg333 ($2.50 in chips) 
Seat 2: Mogol-Mogol ($0.49 in chips) 
Seat 3: pokereule754 ($2.30 in chips) 
Seat 5: Dorex2007 ($2 in chips) 
Seat 7: TheFusa2003 ($1.98 in chips) 
Seat 8: Gkalmpinos365 ($1.45 in chips) 
Seat 9: 8CeMapzJI6 ($2.27 in chips) 
Gkalmpinos365: posts small blind $0.01
8CeMapzJI6: posts big blind $0.02
brandi_97: sits out 
*** HOLE CARDS ***
Dealt to Dorex2007 [6h 2c]
margolin777 joins the table at seat #6 
rjeg333: folds 
Mogol-Mogol: folds 
pokereule754: folds 
Dorex2007: folds 
TheFusa2003: folds 
Gkalmpinos365: calls $0.01
8CeMapzJI6: raises $0.05 to $0.07
Gkalmpinos365: folds 
Uncalled bet ($0.05) returned to 8CeMapzJI6
8CeMapzJI6 collected $0.04 from pot
8CeMapzJI6: doesn't show hand 
*** SUMMARY ***
Total pot $0.04 | Rake $0 
Seat 1: rjeg333 folded before Flop (didn't bet)
Seat 2: Mogol-Mogol folded before Flop (didn't bet)
Seat 3: pokereule754 folded before Flop (didn't bet)
Seat 5: Dorex2007 folded before Flop (didn't bet)
Seat 7: TheFusa2003 (button) folded before Flop (didn't bet)
Seat 8: Gkalmpinos365 (small blind) folded before Flop
Seat 9: 8CeMapzJI6 (big blind) collected ($0.04)



PokerStars Hand #232167167143:  Hold'em No Limit ($0.01/$0.02 USD) - 2021/12/12 13:17:38 PT [2021/12/12 16:17:38 ET]
Table 'Luce' 9-max Seat #8 is the button
Seat 1: rjeg333 ($2.50 in chips) 
Seat 2: Mogol-Mogol ($0.49 in chips) 
Seat 3: pokereule754 ($2.30 in chips) 
Seat 5: Dorex2007 ($2 in chips) 
Seat 6: margolin777 ($0.92 in chips) 
Seat 7: TheFusa2003 ($1.98 in chips) 
Seat 8: Gkalmpinos365 ($1.43 in chips) 
Seat 9: 8CeMapzJI6 ($2.29 in chips) 
8CeMapzJI6: posts small blind $0.01
rjeg333: posts big blind $0.02
brandi_97: sits out 
margolin777: posts big blind $0.02
*** HOLE CARDS ***
Dealt to Dorex2007 [5d 2c]
Mogol-Mogol: calls $0.02
pokereule754: folds 
Dorex2007: folds 
margolin777: checks 
TheFusa2003: calls $0.02
Gkalmpinos365: calls $0.02
8CeMapzJI6: folds 
rjeg333: checks 
*** FLOP *** [5s 8s 7d]
rjeg333: checks 
Mogol-Mogol: bets $0.02
margolin777: folds 
TheFusa2003: folds 
Gkalmpinos365: calls $0.02
rjeg333: calls $0.02
*** TURN *** [5s 8s 7d] [Tc]
rjeg333: checks 
Mogol-Mogol: bets $0.02
Gkalmpinos365: raises $0.04 to $0.06
rjeg333: folds 
Mogol-Mogol: calls $0.04
*** RIVER *** [5s 8s 7d Tc] [2s]
Mogol-Mogol: checks 
Gkalmpinos365: checks 
*** SHOW DOWN ***
Mogol-Mogol: shows [8c Qh] (a pair of Eights)
Gkalmpinos365: shows [9c Td] (a pair of Tens)
Gkalmpinos365 collected $0.28 from pot
*** SUMMARY ***
Total pot $0.29 | Rake $0.01 
Board [5s 8s 7d Tc 2s]
Seat 1: rjeg333 (big blind) folded on the Turn
Seat 2: Mogol-Mogol showed [8c Qh] and lost with a pair of Eights
Seat 3: pokereule754 folded before Flop (didn't bet)
Seat 5: Dorex2007 folded before Flop (didn't bet)
Seat 6: margolin777 folded on the Flop (didn't bet)
Seat 7: TheFusa2003 folded on the Flop
Seat 8: Gkalmpinos365 (button) showed [9c Td] and won ($0.28) with a pair of Tens
Seat 9: 8CeMapzJI6 (small blind) folded before Flop



PokerStars Hand #232167210900:  Hold'em No Limit ($0.01/$0.02 USD) - 2021/12/12 13:18:52 PT [2021/12/12 16:18:52 ET]
Table 'Luce' 9-max Seat #9 is the button
Seat 1: rjeg333 ($2.46 in chips) 
Seat 2: Mogol-Mogol ($0.39 in chips) 
Seat 3: pokereule754 ($2.30 in chips) 
Seat 5: Dorex2007 ($2 in chips) 
Seat 6: margolin777 ($0.90 in chips) 
Seat 7: TheFusa2003 ($1.96 in chips) 
Seat 8: Gkalmpinos365 ($1.61 in chips) 
Seat 9: 8CeMapzJI6 ($2.28 in chips) 
rjeg333: posts small blind $0.01
Mogol-Mogol: posts big blind $0.02
brandi_97: sits out 
*** HOLE CARDS ***
Dealt to Dorex2007 [Kd 2d]
pokereule754: folds 
Dorex2007: folds 
margolin777: calls $0.02
TheFusa2003: raises $0.04 to $0.06
Gkalmpinos365: folds 
8CeMapzJI6: folds 
rjeg333: folds 
Mogol-Mogol: folds 
margolin777: calls $0.04
*** FLOP *** [Qd 8s As]
margolin777: checks 
TheFusa2003: bets $0.07
margolin777: folds 
Uncalled bet ($0.07) returned to TheFusa2003
TheFusa2003 collected $0.14 from pot
TheFusa2003: doesn't show hand 
*** SUMMARY ***
Total pot $0.15 | Rake $0.01 
Board [Qd 8s As]
Seat 1: rjeg333 (small blind) folded before Flop
Seat 2: Mogol-Mogol (big blind) folded before Flop
Seat 3: pokereule754 folded before Flop (didn't bet)
Seat 5: Dorex2007 folded before Flop (didn't bet)
Seat 6: margolin777 folded on the Flop
Seat 7: TheFusa2003 collected ($0.14)
Seat 8: Gkalmpinos365 folded before Flop (didn't bet)
Seat 9: 8CeMapzJI6 (button) folded before Flop (didn't bet)



PokerStars Hand #232167230855:  Hold'em No Limit ($0.01/$0.02 USD) - 2021/12/12 13:19:26 PT [2021/12/12 16:19:26 ET]
Table 'Luce' 9-max Seat #1 is the button
Seat 1: rjeg333 ($2.45 in chips) 
Seat 2: Mogol-Mogol ($0.37 in chips) 
Seat 3: pokereule754 ($2.30 in chips) 
Seat 5: Dorex2007 ($2 in chips) 
Seat 6: margolin777 ($0.84 in chips) 
Seat 7: TheFusa2003 ($2.04 in chips) 
Seat 8: Gkalmpinos365 ($1.61 in chips) 
Seat 9: 8CeMapzJI6 ($2.28 in chips) 
Mogol-Mogol: posts small blind $0.01
pokereule754: posts big blind $0.02
brandi_97: sits out 
*** HOLE CARDS ***
Dealt to Dorex2007 [5d Td]
Dorex2007: folds 
margolin777: calls $0.02
TheFusa2003: folds 
Gkalmpinos365: calls $0.02
8CeMapzJI6: folds 
rjeg333: folds 
Mogol-Mogol: calls $0.01
pokereule754: checks 
*** FLOP *** [2s Th 8c]
Mogol-Mogol: bets $0.02
pokereule754: folds 
margolin777: calls $0.02
Gkalmpinos365: folds 
*** TURN *** [2s Th 8c] [As]
Mogol-Mogol: bets $0.06
margolin777: folds 
Uncalled bet ($0.06) returned to Mogol-Mogol
Mogol-Mogol collected $0.12 from pot
Mogol-Mogol: doesn't show hand 
*** SUMMARY ***
Total pot $0.12 | Rake $0 
Board [2s Th 8c As]
Seat 1: rjeg333 (button) folded before Flop (didn't bet)
Seat 2: Mogol-Mogol (small blind) collected ($0.12)
Seat 3: pokereule754 (big blind) folded on the Flop
Seat 5: Dorex2007 folded before Flop (didn't bet)
Seat 6: margolin777 folded on the Turn
Seat 7: TheFusa2003 folded before Flop (didn't bet)
Seat 8: Gkalmpinos365 folded on the Flop
Seat 9: 8CeMapzJI6 folded before Flop (didn't bet)



PokerStars Hand #232167258793:  Hold'em No Limit ($0.01/$0.02 USD) - 2021/12/12 13:20:14 PT [2021/12/12 16:20:14 ET]
Table 'Luce' 9-max Seat #2 is the button
Seat 1: rjeg333 ($2.45 in chips) 
Seat 2: Mogol-Mogol ($0.45 in chips) 
Seat 3: pokereule754 ($2.28 in chips) 
Seat 4: brandi_97 ($2 in chips) 
Seat 5: Dorex2007 ($2 in chips) 
Seat 6: margolin777 ($0.80 in chips) 
Seat 7: TheFusa2003 ($2.04 in chips) 
Seat 8: Gkalmpinos365 ($1.59 in chips) 
Seat 9: 8CeMapzJI6 ($2.28 in chips) 
pokereule754: posts small blind $0.01
brandi_97: posts big blind $0.02
*** HOLE CARDS ***
Dealt to Dorex2007 [Tc 6d]
Dorex2007: folds 
margolin777: calls $0.02
TheFusa2003: calls $0.02
Gkalmpinos365: folds 
8CeMapzJI6: folds 
rjeg333: folds 
Mogol-Mogol: folds 
pokereule754: calls $0.01
brandi_97: checks 
*** FLOP *** [6h 2d As]
pokereule754: checks 
brandi_97: checks 
margolin777: bets $0.08
TheFusa2003: folds 
pokereule754: calls $0.08
brandi_97: folds 
*** TURN *** [6h 2d As] [9c]
pokereule754: checks 
margolin777: bets $0.23
pokereule754: calls $0.23
*** RIVER *** [6h 2d As 9c] [Td]
pokereule754: checks 
margolin777: bets $0.47 and is all-in
pokereule754: folds 
Uncalled bet ($0.47) returned to margolin777
margolin777 collected $0.68 from pot
margolin777: doesn't show hand 
*** SUMMARY ***
Total pot $0.70 | Rake $0.02 
Board [6h 2d As 9c Td]
Seat 1: rjeg333 folded before Flop (didn't bet)
Seat 2: Mogol-Mogol (button) folded before Flop (didn't bet)
Seat 3: pokereule754 (small blind) folded on the River
Seat 4: brandi_97 (big blind) folded on the Flop
Seat 5: Dorex2007 folded before Flop (didn't bet)
Seat 6: margolin777 collected ($0.68)
Seat 7: TheFusa2003 folded on the Flop
Seat 8: Gkalmpinos365 folded before Flop (didn't bet)
Seat 9: 8CeMapzJI6 folded before Flop (didn't bet)



PokerStars Hand #232167289626:  Hold'em No Limit ($0.01/$0.02 USD) - 2021/12/12 13:21:07 PT [2021/12/12 16:21:07 ET]
Table 'Luce' 9-max Seat #3 is the button
Seat 1: rjeg333 ($2.45 in chips) 
Seat 2: Mogol-Mogol ($0.45 in chips) 
Seat 3: pokereule754 ($2 in chips) 
Seat 4: brandi_97 ($1.98 in chips) 
Seat 5: Dorex2007 ($2 in chips) 
Seat 6: margolin777 ($1.15 in chips) 
Seat 7: TheFusa2003 ($2.02 in chips) 
Seat 8: Gkalmpinos365 ($1.59 in chips) 
Seat 9: 8CeMapzJI6 ($2.28 in chips) 
brandi_97: posts small blind $0.01
Dorex2007: posts big blind $0.02
*** HOLE CARDS ***
Dealt to Dorex2007 [5c As]
margolin777: calls $0.02
TheFusa2003: folds 
Gkalmpinos365: folds 
8CeMapzJI6: folds 
rjeg333: folds 
Mogol-Mogol: folds 
pokereule754: folds 
brandi_97: folds 
Dorex2007: checks 
*** FLOP *** [Ah Td Kc]
Dorex2007: checks 
margolin777: bets $0.02
Dorex2007: calls $0.02
*** TURN *** [Ah Td Kc] [Ad]
Dorex2007: checks 
margolin777: checks 
*** RIVER *** [Ah Td Kc Ad] [5h]
Dorex2007: bets $0.18
margolin777: folds 
Uncalled bet ($0.18) returned to Dorex2007
Dorex2007 collected $0.09 from pot
Dorex2007: doesn't show hand 
*** SUMMARY ***
Total pot $0.09 | Rake $0 
Board [Ah Td Kc Ad 5h]
Seat 1: rjeg333 folded before Flop (didn't bet)
Seat 2: Mogol-Mogol folded before Flop (didn't bet)
Seat 3: pokereule754 (button) folded before Flop (didn't bet)
Seat 4: brandi_97 (small blind) folded before Flop
Seat 5: Dorex2007 (big blind) collected ($0.09)
Seat 6: margolin777 folded on the River
Seat 7: TheFusa2003 folded before Flop (didn't bet)
Seat 8: Gkalmpinos365 folded before Flop (didn't bet)
Seat 9: 8CeMapzJI6 folded before Flop (didn't bet)



PokerStars Hand #232167335430:  Hold'em No Limit ($0.01/$0.02 USD) - 2021/12/12 13:22:25 PT [2021/12/12 16:22:25 ET]
Table 'Luce' 9-max Seat #4 is the button
Seat 1: rjeg333 ($2.45 in chips) 
Seat 2: Mogol-Mogol ($0.45 in chips) 
Seat 3: pokereule754 ($2 in chips) 
Seat 4: brandi_97 ($1.97 in chips) 
Seat 5: Dorex2007 ($2.05 in chips) 
Seat 6: margolin777 ($1.11 in chips) 
Seat 7: TheFusa2003 ($2.02 in chips) 
Seat 8: Gkalmpinos365 ($1.59 in chips) 
Seat 9: 8CeMapzJI6 ($2.28 in chips) 
Dorex2007: posts small blind $0.01
margolin777: posts big blind $0.02
*** HOLE CARDS ***
Dealt to Dorex2007 [9d 3s]
TheFusa2003: raises $0.02 to $0.04
Gkalmpinos365: calls $0.04
8CeMapzJI6: folds 
rjeg333: folds 
Mogol-Mogol: folds 
pokereule754: folds 
brandi_97: calls $0.04
Dorex2007: folds 
margolin777: calls $0.02
*** FLOP *** [Kd 2d Ts]
margolin777: bets $0.16
TheFusa2003: folds 
Gkalmpinos365: folds 
brandi_97: calls $0.16
*** TURN *** [Kd 2d Ts] [Qc]
margolin777: bets $0.47
brandi_97: folds 
Uncalled bet ($0.47) returned to margolin777
margolin777 collected $0.47 from pot
margolin777: doesn't show hand 
*** SUMMARY ***
Total pot $0.49 | Rake $0.02 
Board [Kd 2d Ts Qc]
Seat 1: rjeg333 folded before Flop (didn't bet)
Seat 2: Mogol-Mogol folded before Flop (didn't bet)
Seat 3: pokereule754 folded before Flop (didn't bet)
Seat 4: brandi_97 (button) folded on the Turn
Seat 5: Dorex2007 (small blind) folded before Flop
Seat 6: margolin777 (big blind) collected ($0.47)
Seat 7: TheFusa2003 folded on the Flop
Seat 8: Gkalmpinos365 folded on the Flop
Seat 9: 8CeMapzJI6 folded before Flop (didn't bet)



PokerStars Hand #232167379011:  Hold'em No Limit ($0.01/$0.02 USD) - 2021/12/12 13:23:22 PT [2021/12/12 16:23:22 ET]
Table 'Luce' 9-max Seat #5 is the button
Seat 1: rjeg333 ($2.45 in chips) 
Seat 2: Mogol-Mogol ($0.45 in chips) 
Seat 3: pokereule754 ($2 in chips) 
Seat 4: brandi_97 ($1.77 in chips) 
Seat 5: Dorex2007 ($2.04 in chips) 
Seat 6: margolin777 ($1.38 in chips) 
Seat 7: TheFusa2003 ($1.98 in chips) 
Seat 8: Gkalmpinos365 ($1.55 in chips) 
Seat 9: 8CeMapzJI6 ($2.28 in chips) 
margolin777: posts small blind $0.01
TheFusa2003: posts big blind $0.02
*** HOLE CARDS ***
Dealt to Dorex2007 [9d 5h]
Gkalmpinos365: folds 
Gkalmpinos365 leaves the table
8CeMapzJI6: folds 
Bronko94 joins the table at seat #8 
rjeg333: folds 
Mogol-Mogol: calls $0.02
pokereule754: folds 
brandi_97: raises $0.03 to $0.05
Dorex2007: folds 
margolin777: calls $0.04
TheFusa2003: folds 
Mogol-Mogol: calls $0.03
*** FLOP *** [Jh 4s 4c]
margolin777: checks 
Mogol-Mogol: bets $0.02
brandi_97: folds 
margolin777: folds 
Uncalled bet ($0.02) returned to Mogol-Mogol
Mogol-Mogol collected $0.16 from pot
Mogol-Mogol: doesn't show hand 
*** SUMMARY ***
Total pot $0.17 | Rake $0.01 
Board [Jh 4s 4c]
Seat 1: rjeg333 folded before Flop (didn't bet)
Seat 2: Mogol-Mogol collected ($0.16)
Seat 3: pokereule754 folded before Flop (didn't bet)
Seat 4: brandi_97 folded on the Flop
Seat 5: Dorex2007 (button) folded before Flop (didn't bet)
Seat 6: margolin777 (small blind) folded on the Flop
Seat 7: TheFusa2003 (big blind) folded before Flop
Seat 8: Gkalmpinos365 folded before Flop (didn't bet)
Seat 9: 8CeMapzJI6 folded before Flop (didn't bet)



PokerStars Hand #232167413278:  Hold'em No Limit ($0.01/$0.02 USD) - 2021/12/12 13:24:21 PT [2021/12/12 16:24:21 ET]
Table 'Luce' 9-max Seat #6 is the button
Seat 1: rjeg333 ($2.45 in chips) 
Seat 2: Mogol-Mogol ($0.56 in chips) 
Seat 3: pokereule754 ($2 in chips) 
Seat 4: brandi_97 ($1.72 in chips) 
Seat 5: Dorex2007 ($2.04 in chips) 
Seat 6: margolin777 ($1.33 in chips) 
Seat 7: TheFusa2003 ($1.96 in chips) 
Seat 8: Bronko94 ($0.80 in chips) 
Seat 9: 8CeMapzJI6 ($2.28 in chips) 
TheFusa2003: posts small blind $0.01
Bronko94: posts big blind $0.02
*** HOLE CARDS ***
Dealt to Dorex2007 [Qs 6c]
8CeMapzJI6: folds 
rjeg333: folds 
Mogol-Mogol: calls $0.02
pokereule754: folds 
pokereule754 leaves the table
brandi_97: folds 
brandi_97 leaves the table
Dorex2007: folds 
8CeMapzJI6 leaves the table
margolin777: calls $0.02
TheFusa2003: folds 
Bronko94: checks 
*** FLOP *** [Kc Ts 8d]
Bronko94: checks 
Mogol-Mogol: bets $0.02
margolin777: folds 
Bronko94: folds 
Uncalled bet ($0.02) returned to Mogol-Mogol
Mogol-Mogol collected $0.07 from pot
Mogol-Mogol: doesn't show hand 
*** SUMMARY ***
Total pot $0.07 | Rake $0 
Board [Kc Ts 8d]
Seat 1: rjeg333 folded before Flop (didn't bet)
Seat 2: Mogol-Mogol collected ($0.07)
Seat 3: pokereule754 folded before Flop (didn't bet)
Seat 4: brandi_97 folded before Flop (didn't bet)
Seat 5: Dorex2007 folded before Flop (didn't bet)
Seat 6: margolin777 (button) folded on the Flop
Seat 7: TheFusa2003 (small blind) folded before Flop
Seat 8: Bronko94 (big blind) folded on the Flop
Seat 9: 8CeMapzJI6 folded before Flop (didn't bet)



PokerStars Hand #232167434900:  Hold'em No Limit ($0.01/$0.02 USD) - 2021/12/12 13:24:58 PT [2021/12/12 16:24:58 ET]
Table 'Luce' 9-max Seat #7 is the button
Seat 1: rjeg333 ($2.45 in chips) 
Seat 2: Mogol-Mogol ($0.61 in chips) 
Seat 5: Dorex2007 ($2.04 in chips) 
Seat 6: margolin777 ($1.31 in chips) 
Seat 7: TheFusa2003 ($1.95 in chips) 
Seat 8: Bronko94 ($0.78 in chips) 
Bronko94: posts small blind $0.01
rjeg333: posts big blind $0.02
*** HOLE CARDS ***
Dealt to Dorex2007 [4s Ts]
gio7scarpelli joins the table at seat #3 
Mogol-Mogol: calls $0.02
Dorex2007: folds 
margolin777: calls $0.02
chavezbao joins the table at seat #4 
TheFusa2003: folds 
Bronko94: folds 
rjeg333: raises $0.07 to $0.09
Mogol-Mogol: folds 
margolin777: calls $0.07
*** FLOP *** [2s Kc 9c]
rjeg333: checks 
margolin777: checks 
*** TURN *** [2s Kc 9c] [Qc]
MatveiMax joins the table at seat #9 
rjeg333: bets $0.10
margolin777: calls $0.10
*** RIVER *** [2s Kc 9c Qc] [Js]
rjeg333: checks 
margolin777: checks 
*** SHOW DOWN ***
rjeg333: shows [Kd Qh] (two pair, Kings and Queens)
margolin777: mucks hand 
rjeg333 collected $0.40 from pot
*** SUMMARY ***
Total pot $0.41 | Rake $0.01 
Board [2s Kc 9c Qc Js]
Seat 1: rjeg333 (big blind) showed [Kd Qh] and won ($0.40) with two pair, Kings and Queens
Seat 2: Mogol-Mogol folded before Flop
Seat 5: Dorex2007 folded before Flop (didn't bet)
Seat 6: margolin777 mucked [3d Qd]
Seat 7: TheFusa2003 (button) folded before Flop (didn't bet)
Seat 8: Bronko94 (small blind) folded before Flop



PokerStars Hand #232167463876:  Hold'em No Limit ($0.01/$0.02 USD) - 2021/12/12 13:25:48 PT [2021/12/12 16:25:48 ET]
Table 'Luce' 9-max Seat #8 is the button
Seat 1: rjeg333 ($2.66 in chips) 
Seat 2: Mogol-Mogol ($0.59 in chips) 
Seat 3: gio7scarpelli ($0.80 in chips) 
Seat 5: Dorex2007 ($2.04 in chips) 
Seat 6: margolin777 ($1.12 in chips) 
Seat 7: TheFusa2003 ($1.95 in chips) 
Seat 8: Bronko94 ($0.77 in chips) 
rjeg333: posts small blind $0.01
Mogol-Mogol: posts big blind $0.02
gio7scarpelli: posts big blind $0.02
chavezbao: sits out 
*** HOLE CARDS ***
Dealt to Dorex2007 [7s Jd]
gio7scarpelli: checks 
Dorex2007: folds 
margolin777: calls $0.02
TheFusa2003: folds 
Bronko94: folds 
rjeg333: folds 
Mogol-Mogol: checks 
*** FLOP *** [9c 7d Kd]
Mogol-Mogol: bets $0.02
gio7scarpelli: calls $0.02
margolin777: folds 
*** TURN *** [9c 7d Kd] [6h]
Mogol-Mogol: bets $0.06
gio7scarpelli: folds 
Uncalled bet ($0.06) returned to Mogol-Mogol
Mogol-Mogol collected $0.11 from pot
Mogol-Mogol: doesn't show hand 
*** SUMMARY ***
Total pot $0.11 | Rake $0 
Board [9c 7d Kd 6h]
Seat 1: rjeg333 (small blind) folded before Flop
Seat 2: Mogol-Mogol (big blind) collected ($0.11)
Seat 3: gio7scarpelli folded on the Turn
Seat 5: Dorex2007 folded before Flop (didn't bet)
Seat 6: margolin777 folded on the Flop
Seat 7: TheFusa2003 folded before Flop (didn't bet)
Seat 8: Bronko94 (button) folded before Flop (didn't bet)



PokerStars Hand #232167483736:  Hold'em No Limit ($0.01/$0.02 USD) - 2021/12/12 13:26:23 PT [2021/12/12 16:26:23 ET]
Table 'Luce' 9-max Seat #1 is the button
Seat 1: rjeg333 ($2.65 in chips) 
Seat 2: Mogol-Mogol ($0.66 in chips) 
Seat 3: gio7scarpelli ($0.76 in chips) 
Seat 5: Dorex2007 ($2.04 in chips) 
Seat 6: margolin777 ($1.10 in chips) 
Seat 7: TheFusa2003 ($1.95 in chips) 
Seat 8: Bronko94 ($0.77 in chips) 
Mogol-Mogol: posts small blind $0.01
gio7scarpelli: posts big blind $0.02
chavezbao: sits out 
MatveiMax: sits out 
*** HOLE CARDS ***
Dealt to Dorex2007 [7c 5d]
Dorex2007: folds 
margolin777: raises $0.05 to $0.07
TheFusa2003: calls $0.07
Bronko94: folds 
rjeg333: calls $0.07
Mogol-Mogol: folds 
gio7scarpelli: folds 
*** FLOP *** [Th Kc 8c]
margolin777: bets $0.02
TheFusa2003: folds 
rjeg333: calls $0.02
*** TURN *** [Th Kc 8c] [4h]
margolin777: bets $0.02
rjeg333: calls $0.02
*** RIVER *** [Th Kc 8c 4h] [Ah]
margolin777: bets $0.02
rjeg333: calls $0.02
*** SHOW DOWN ***
margolin777: shows [Ac Qc] (a pair of Aces)
rjeg333: mucks hand 
margolin777 collected $0.35 from pot
*** SUMMARY ***
Total pot $0.36 | Rake $0.01 
Board [Th Kc 8c 4h Ah]
Seat 1: rjeg333 (button) mucked [Ts Js]
Seat 2: Mogol-Mogol (small blind) folded before Flop
Seat 3: gio7scarpelli (big blind) folded before Flop
Seat 5: Dorex2007 folded before Flop (didn't bet)
Seat 6: margolin777 showed [Ac Qc] and won ($0.35) with a pair of Aces
Seat 7: TheFusa2003 folded on the Flop
Seat 8: Bronko94 folded before Flop (didn't bet)



PokerStars Hand #232167512472:  Hold'em No Limit ($0.01/$0.02 USD) - 2021/12/12 13:27:13 PT [2021/12/12 16:27:13 ET]
Table 'Luce' 9-max Seat #2 is the button
Seat 1: rjeg333 ($2.52 in chips) 
Seat 2: Mogol-Mogol ($0.65 in chips) 
Seat 3: gio7scarpelli ($0.74 in chips) 
Seat 4: chavezbao ($2 in chips) 
Seat 5: Dorex2007 ($2.04 in chips) 
Seat 6: margolin777 ($1.32 in chips) 
Seat 7: TheFusa2003 ($1.88 in chips) 
Seat 8: Bronko94 ($0.77 in chips) 
gio7scarpelli: posts small blind $0.01
chavezbao: posts big blind $0.02
MatveiMax: sits out 
*** HOLE CARDS ***
Dealt to Dorex2007 [7d 5h]
Dorex2007: folds 
margolin777: raises $0.05 to $0.07
TheFusa2003: folds 
Bronko94: folds 
rjeg333: folds 
Mogol-Mogol: folds 
gio7scarpelli: folds 
chavezbao: folds 
Uncalled bet ($0.05) returned to margolin777
margolin777 collected $0.05 from pot
*** SUMMARY ***
Total pot $0.05 | Rake $0 
Seat 1: rjeg333 folded before Flop (didn't bet)
Seat 2: Mogol-Mogol (button) folded before Flop (didn't bet)
Seat 3: gio7scarpelli (small blind) folded before Flop
Seat 4: chavezbao (big blind) folded before Flop
Seat 5: Dorex2007 folded before Flop (didn't bet)
Seat 6: margolin777 collected ($0.05)
Seat 7: TheFusa2003 folded before Flop (didn't bet)
Seat 8: Bronko94 folded before Flop (didn't bet)



PokerStars Hand #232167521401:  Hold'em No Limit ($0.01/$0.02 USD) - 2021/12/12 13:27:29 PT [2021/12/12 16:27:29 ET]
Table 'Luce' 9-max Seat #3 is the button
Seat 1: rjeg333 ($2.52 in chips) 
Seat 2: Mogol-Mogol ($0.65 in chips) 
Seat 3: gio7scarpelli ($0.73 in chips) 
Seat 4: chavezbao ($2 in chips) 
Seat 5: Dorex2007 ($2.04 in chips) 
Seat 6: margolin777 ($1.35 in chips) 
Seat 7: TheFusa2003 ($1.88 in chips) 
Seat 8: Bronko94 ($0.77 in chips) 
chavezbao: posts small blind $0.01
Dorex2007: posts big blind $0.02
MatveiMax: sits out 
*** HOLE CARDS ***
Dealt to Dorex2007 [Kd 2h]
margolin777: calls $0.02
TheFusa2003: folds 
Bronko94: folds 
rjeg333: folds 
Mogol-Mogol: folds 
gio7scarpelli: calls $0.02
chavezbao: folds 
Dorex2007: checks 
*** FLOP *** [As 7c 9h]
Dorex2007: checks 
margolin777: checks 
gio7scarpelli: checks 
*** TURN *** [As 7c 9h] [6c]
Dorex2007: checks 
margolin777: checks 
gio7scarpelli: checks 
*** RIVER *** [As 7c 9h 6c] [3h]
Dorex2007: checks 
margolin777: checks 
gio7scarpelli: checks 
*** SHOW DOWN ***
Dorex2007: shows [Kd 2h] (high card Ace)
margolin777: shows [4h 3c] (a pair of Threes)
gio7scarpelli: shows [8d 8c] (a pair of Eights)
gio7scarpelli collected $0.07 from pot
*** SUMMARY ***
Total pot $0.07 | Rake $0 
Board [As 7c 9h 6c 3h]
Seat 1: rjeg333 folded before Flop (didn't bet)
Seat 2: Mogol-Mogol folded before Flop (didn't bet)
Seat 3: gio7scarpelli (button) showed [8d 8c] and won ($0.07) with a pair of Eights
Seat 4: chavezbao (small blind) folded before Flop
Seat 5: Dorex2007 (big blind) showed [Kd 2h] and lost with high card Ace
Seat 6: margolin777 showed [4h 3c] and lost with a pair of Threes
Seat 7: TheFusa2003 folded before Flop (didn't bet)
Seat 8: Bronko94 folded before Flop (didn't bet)



PokerStars Hand #232167554006:  Hold'em No Limit ($0.01/$0.02 USD) - 2021/12/12 13:28:26 PT [2021/12/12 16:28:26 ET]
Table 'Luce' 9-max Seat #4 is the button
Seat 1: rjeg333 ($2.52 in chips) 
Seat 2: Mogol-Mogol ($0.65 in chips) 
Seat 3: gio7scarpelli ($0.78 in chips) 
Seat 4: chavezbao ($2 in chips) 
Seat 5: Dorex2007 ($2.02 in chips) 
Seat 6: margolin777 ($1.33 in chips) 
Seat 7: TheFusa2003 ($1.88 in chips) 
Seat 8: Bronko94 ($0.77 in chips) 
Dorex2007: posts small blind $0.01
margolin777: posts big blind $0.02
MatveiMax: sits out 
*** HOLE CARDS ***
Dealt to Dorex2007 [3c Jd]
TheFusa2003: folds 
Bronko94: folds 
rjeg333: raises $0.04 to $0.06
Mogol-Mogol: folds 
gio7scarpelli: calls $0.06
chavezbao: folds 
Dorex2007: folds 
margolin777: raises $1.27 to $1.33 and is all-in
rjeg333: folds 
gio7scarpelli: calls $0.72 and is all-in
Uncalled bet ($0.55) returned to margolin777
*** FLOP *** [8h 7s 6s]
*** TURN *** [8h 7s 6s] [Js]
*** RIVER *** [8h 7s 6s Js] [8s]
*** SHOW DOWN ***
margolin777: shows [Qd Qs] (a flush, Queen high)
gio7scarpelli: shows [Kh Th] (a pair of Eights)
margolin777 cashed out the hand for $1.05 | Cash Out Fee $0.01
*** SUMMARY ***
Total pot $1.63 | Rake $0.06 
Board [8h 7s 6s Js 8s]
Seat 1: rjeg333 folded before Flop
Seat 2: Mogol-Mogol folded before Flop (didn't bet)
Seat 3: gio7scarpelli showed [Kh Th] and lost with a pair of Eights
Seat 4: chavezbao (button) folded before Flop (didn't bet)
Seat 5: Dorex2007 (small blind) folded before Flop
Seat 6: margolin777 (big blind) showed [Qd Qs] and won ($1.57) with a flush, Queen high (pot not awarded as player cashed out)
Seat 7: TheFusa2003 folded before Flop (didn't bet)
Seat 8: Bronko94 folded before Flop (didn't bet)



PokerStars Hand #232167579346:  Hold'em No Limit ($0.01/$0.02 USD) - 2021/12/12 13:29:11 PT [2021/12/12 16:29:11 ET]
Table 'Luce' 9-max Seat #5 is the button
Seat 1: rjeg333 ($2.46 in chips) 
Seat 2: Mogol-Mogol ($0.65 in chips) 
Seat 4: chavezbao ($2 in chips) 
Seat 5: Dorex2007 ($2.01 in chips) 
Seat 6: margolin777 ($1.60 in chips) 
Seat 7: TheFusa2003 ($1.88 in chips) 
Seat 8: Bronko94 ($0.77 in chips) 
margolin777: posts small blind $0.01
TheFusa2003: posts big blind $0.02
MatveiMax: sits out 
*** HOLE CARDS ***
Dealt to Dorex2007 [4s Kh]
Bronko94: folds 
rjeg333: folds 
Mogol-Mogol: calls $0.02
chavezbao: folds 
Dorex2007: folds 
gio7scarpelli leaves the table
kgray85 joins the table at seat #3 
margolin777: calls $0.01
TheFusa2003: checks 
*** FLOP *** [Jh Tc 3h]
margolin777: checks 
TheFusa2003: checks 
Mogol-Mogol: checks 
*** TURN *** [Jh Tc 3h] [8c]
margolin777: checks 
TheFusa2003: bets $0.04
Mogol-Mogol: calls $0.04
margolin777: calls $0.04
*** RIVER *** [Jh Tc 3h 8c] [3s]
margolin777: checks 
TheFusa2003: bets $1.82 and is all-in
Mogol-Mogol: folds 
margolin777: folds 
Uncalled bet ($1.82) returned to TheFusa2003
TheFusa2003 collected $0.17 from pot
TheFusa2003: doesn't show hand 
*** SUMMARY ***
Total pot $0.18 | Rake $0.01 
Board [Jh Tc 3h 8c 3s]
Seat 1: rjeg333 folded before Flop (didn't bet)
Seat 2: Mogol-Mogol folded on the River
Seat 4: chavezbao folded before Flop (didn't bet)
Seat 5: Dorex2007 (button) folded before Flop (didn't bet)
Seat 6: margolin777 (small blind) folded on the River
Seat 7: TheFusa2003 (big blind) collected ($0.17)
Seat 8: Bronko94 folded before Flop (didn't bet)



PokerStars Hand #232167627194:  Hold'em No Limit ($0.01/$0.02 USD) - 2021/12/12 13:30:35 PT [2021/12/12 16:30:35 ET]
Table 'Luce' 9-max Seat #6 is the button
Seat 1: rjeg333 ($2.46 in chips) 
Seat 2: Mogol-Mogol ($0.59 in chips) 
Seat 4: chavezbao ($2 in chips) 
Seat 5: Dorex2007 ($2.01 in chips) 
Seat 6: margolin777 ($1.54 in chips) 
Seat 7: TheFusa2003 ($1.99 in chips) 
Seat 8: Bronko94 ($0.77 in chips) 
TheFusa2003: posts small blind $0.01
Bronko94: posts big blind $0.02
MatveiMax: sits out 
kgray85: sits out 
*** HOLE CARDS ***
Dealt to Dorex2007 [Ts 3s]
rjeg333: folds 
Mogol-Mogol: calls $0.02
chavezbao: folds 
Dorex2007: folds 
margolin777: calls $0.02
TheFusa2003: folds 
Bronko94: checks 
*** FLOP *** [2d 7c 3h]
Bronko94: checks 
Mogol-Mogol: checks 
margolin777: checks 
*** TURN *** [2d 7c 3h] [7s]
Bronko94: checks 
Mogol-Mogol: checks 
margolin777: checks 
*** RIVER *** [2d 7c 3h 7s] [Ah]
Bronko94: checks 
Mogol-Mogol: bets $0.04
margolin777: folds 
margolin777 leaves the table
Bronko94: folds 
Uncalled bet ($0.04) returned to Mogol-Mogol
Mogol-Mogol collected $0.07 from pot
Mogol-Mogol: doesn't show hand 
*** SUMMARY ***
Total pot $0.07 | Rake $0 
Board [2d 7c 3h 7s Ah]
Seat 1: rjeg333 folded before Flop (didn't bet)
Seat 2: Mogol-Mogol collected ($0.07)
Seat 4: chavezbao folded before Flop (didn't bet)
Seat 5: Dorex2007 folded before Flop (didn't bet)
Seat 6: margolin777 (button) folded on the River
Seat 7: TheFusa2003 (small blind) folded before Flop
Seat 8: Bronko94 (big blind) folded on the River



PokerStars Hand #232167665931:  Hold'em No Limit ($0.01/$0.02 USD) - 2021/12/12 13:31:43 PT [2021/12/12 16:31:43 ET]
Table 'Luce' 9-max Seat #7 is the button
Seat 1: rjeg333 ($2.46 in chips) 
Seat 2: Mogol-Mogol ($0.64 in chips) 
Seat 4: chavezbao ($2 in chips) 
Seat 5: Dorex2007 ($2.01 in chips) 
Seat 7: TheFusa2003 ($1.98 in chips) 
Seat 8: Bronko94 ($0.75 in chips) 
Seat 9: MatveiMax ($2 in chips) 
Bronko94: posts small blind $0.01
MatveiMax: posts big blind $0.02
kgray85: sits out 
*** HOLE CARDS ***
Dealt to Dorex2007 [4s 4c]
rjeg333: folds 
Mogol-Mogol: folds 
chavezbao: folds 
Dorex2007: raises $0.02 to $0.04
TheFusa2003: folds 
Bronko94: folds 
natasha535 joins the table at seat #6 
MatveiMax: folds 
Uncalled bet ($0.02) returned to Dorex2007
Dorex2007 collected $0.05 from pot
Dorex2007: doesn't show hand 
*** SUMMARY ***
Total pot $0.05 | Rake $0 
Seat 1: rjeg333 folded before Flop (didn't bet)
Seat 2: Mogol-Mogol folded before Flop (didn't bet)
Seat 4: chavezbao folded before Flop (didn't bet)
Seat 5: Dorex2007 collected ($0.05)
Seat 7: TheFusa2003 (button) folded before Flop (didn't bet)
Seat 8: Bronko94 (small blind) folded before Flop
Seat 9: MatveiMax (big blind) folded before Flop



PokerStars Hand #232167685639:  Hold'em No Limit ($0.01/$0.02 USD) - 2021/12/12 13:32:18 PT [2021/12/12 16:32:18 ET]
Table 'Luce' 9-max Seat #8 is the button
Seat 1: rjeg333 ($2.46 in chips) 
Seat 2: Mogol-Mogol ($0.64 in chips) 
Seat 4: chavezbao ($2 in chips) 
Seat 5: Dorex2007 ($2.04 in chips) 
Seat 7: TheFusa2003 ($1.98 in chips) 
Seat 8: Bronko94 ($0.74 in chips) 
Seat 9: MatveiMax ($2 in chips) 
MatveiMax: posts small blind $0.01
rjeg333: posts big blind $0.02
kgray85: sits out 
natasha535: sits out 
*** HOLE CARDS ***
Dealt to Dorex2007 [2s 9h]
Mogol-Mogol: folds 
chavezbao: folds 
Dorex2007: folds 
TheFusa2003: raises $0.02 to $0.04
Bronko94: folds 
MatveiMax: raises $0.12 to $0.16
rjeg333: folds 
TheFusa2003: calls $0.12
*** FLOP *** [Ts Jd 7h]
MatveiMax: checks 
TheFusa2003: checks 
*** TURN *** [Ts Jd 7h] [Js]
MatveiMax: bets $0.25
TheFusa2003: folds 
Uncalled bet ($0.25) returned to MatveiMax
MatveiMax collected $0.33 from pot
MatveiMax: doesn't show hand 
*** SUMMARY ***
Total pot $0.34 | Rake $0.01 
Board [Ts Jd 7h Js]
Seat 1: rjeg333 (big blind) folded before Flop
Seat 2: Mogol-Mogol folded before Flop (didn't bet)
Seat 4: chavezbao folded before Flop (didn't bet)
Seat 5: Dorex2007 folded before Flop (didn't bet)
Seat 7: TheFusa2003 folded on the Turn
Seat 8: Bronko94 (button) folded before Flop (didn't bet)
Seat 9: MatveiMax (small blind) collected ($0.33)



PokerStars Hand #232167716701:  Hold'em No Limit ($0.01/$0.02 USD) - 2021/12/12 13:33:12 PT [2021/12/12 16:33:12 ET]
Table 'Luce' 9-max Seat #9 is the button
Seat 1: rjeg333 ($2.44 in chips) 
Seat 2: Mogol-Mogol ($0.64 in chips) 
Seat 4: chavezbao ($2 in chips) 
Seat 5: Dorex2007 ($2.04 in chips) 
Seat 7: TheFusa2003 ($1.82 in chips) 
Seat 8: Bronko94 ($0.74 in chips) 
Seat 9: MatveiMax ($2.17 in chips) 
rjeg333: posts small blind $0.01
Mogol-Mogol: posts big blind $0.02
kgray85: sits out 
natasha535: sits out 
*** HOLE CARDS ***
Dealt to Dorex2007 [7c 2h]
chavezbao: raises $0.03 to $0.05
Dorex2007: folds 
TheFusa2003: folds 
Bronko94: folds 
MatveiMax: folds 
rjeg333: folds 
Mogol-Mogol: calls $0.03
*** FLOP *** [Tc 6c 6s]
Mogol-Mogol: bets $0.02
chavezbao: calls $0.02
*** TURN *** [Tc 6c 6s] [5d]
Mogol-Mogol: bets $0.02
chavezbao: calls $0.02
*** RIVER *** [Tc 6c 6s 5d] [6d]
Mogol-Mogol: bets $0.02
chavezbao: calls $0.02
*** SHOW DOWN ***
Mogol-Mogol: shows [9s 8c] (three of a kind, Sixes)
chavezbao: shows [Kh Ad] (three of a kind, Sixes - Ace kicker)
chavezbao collected $0.22 from pot
*** SUMMARY ***
Total pot $0.23 | Rake $0.01 
Board [Tc 6c 6s 5d 6d]
Seat 1: rjeg333 (small blind) folded before Flop
Seat 2: Mogol-Mogol (big blind) showed [9s 8c] and lost with three of a kind, Sixes
Seat 4: chavezbao showed [Kh Ad] and won ($0.22) with three of a kind, Sixes
Seat 5: Dorex2007 folded before Flop (didn't bet)
Seat 7: TheFusa2003 folded before Flop (didn't bet)
Seat 8: Bronko94 folded before Flop (didn't bet)
Seat 9: MatveiMax (button) folded before Flop (didn't bet)



PokerStars Hand #232167741514:  Hold'em No Limit ($0.01/$0.02 USD) - 2021/12/12 13:33:56 PT [2021/12/12 16:33:56 ET]
Table 'Luce' 9-max Seat #1 is the button
Seat 1: rjeg333 ($2.43 in chips) 
Seat 2: Mogol-Mogol ($0.53 in chips) 
Seat 3: kgray85 ($2 in chips) 
Seat 4: chavezbao ($2.11 in chips) 
Seat 5: Dorex2007 ($2.04 in chips) 
Seat 7: TheFusa2003 ($1.82 in chips) 
Seat 8: Bronko94 ($0.74 in chips) 
Seat 9: MatveiMax ($2.17 in chips) 
Mogol-Mogol: posts small blind $0.01
kgray85: posts big blind $0.02
natasha535: sits out 
*** HOLE CARDS ***
Dealt to Dorex2007 [4h 8s]
chavezbao: folds 
Dorex2007: calls $0.02
TheFusa2003: folds 
Bronko94: raises $0.06 to $0.08
MatveiMax: calls $0.08
rjeg333: folds 
Mogol-Mogol: folds 
kgray85: folds 
Dorex2007: folds 
*** FLOP *** [4d 8h Tc]
Bronko94: bets $0.10
MatveiMax: folds 
Uncalled bet ($0.10) returned to Bronko94
Bronko94 collected $0.20 from pot
Bronko94: doesn't show hand 
*** SUMMARY ***
Total pot $0.21 | Rake $0.01 
Board [4d 8h Tc]
Seat 1: rjeg333 (button) folded before Flop (didn't bet)
Seat 2: Mogol-Mogol (small blind) folded before Flop
Seat 3: kgray85 (big blind) folded before Flop
Seat 4: chavezbao folded before Flop (didn't bet)
Seat 5: Dorex2007 folded before Flop
Seat 7: TheFusa2003 folded before Flop (didn't bet)
Seat 8: Bronko94 collected ($0.20)
Seat 9: MatveiMax folded on the Flop



PokerStars Hand #232167765454:  Hold'em No Limit ($0.01/$0.02 USD) - 2021/12/12 13:34:38 PT [2021/12/12 16:34:38 ET]
Table 'Luce' 9-max Seat #2 is the button
Seat 1: rjeg333 ($2.43 in chips) 
Seat 2: Mogol-Mogol ($0.52 in chips) 
Seat 3: kgray85 ($2 in chips) 
Seat 4: chavezbao ($2.11 in chips) 
Seat 5: Dorex2007 ($2.02 in chips) 
Seat 7: TheFusa2003 ($1.82 in chips) 
Seat 8: Bronko94 ($0.86 in chips) 
Seat 9: MatveiMax ($2.09 in chips) 
kgray85: posts small blind $0.01
chavezbao: posts big blind $0.02
natasha535: sits out 
*** HOLE CARDS ***
Dealt to Dorex2007 [Td 7s]
Dorex2007: folds 
TheFusa2003: folds 
Bronko94: folds 
MatveiMax: folds 
rjeg333: raises $0.04 to $0.06
Mogol-Mogol: calls $0.06
kgray85: folds 
chavezbao: folds 
*** FLOP *** [9d Kc Jd]
rjeg333: checks 
Mogol-Mogol: bets $0.06
rjeg333: folds 
Uncalled bet ($0.06) returned to Mogol-Mogol
Mogol-Mogol collected $0.14 from pot
Mogol-Mogol: doesn't show hand 
*** SUMMARY ***
Total pot $0.15 | Rake $0.01 
Board [9d Kc Jd]
Seat 1: rjeg333 folded on the Flop
Seat 2: Mogol-Mogol (button) collected ($0.14)
Seat 3: kgray85 (small blind) folded before Flop
Seat 4: chavezbao (big blind) folded before Flop
Seat 5: Dorex2007 folded before Flop (didn't bet)
Seat 7: TheFusa2003 folded before Flop (didn't bet)
Seat 8: Bronko94 folded before Flop (didn't bet)
Seat 9: MatveiMax folded before Flop (didn't bet)



PokerStars Hand #232167788168:  Hold'em No Limit ($0.01/$0.02 USD) - 2021/12/12 13:35:09 PT [2021/12/12 16:35:09 ET]
Table 'Luce' 9-max Seat #3 is the button
Seat 1: rjeg333 ($2.37 in chips) 
Seat 2: Mogol-Mogol ($0.60 in chips) 
Seat 3: kgray85 ($2 in chips) 
Seat 4: chavezbao ($2.09 in chips) 
Seat 5: Dorex2007 ($2.02 in chips) 
Seat 7: TheFusa2003 ($1.82 in chips) 
Seat 8: Bronko94 ($0.86 in chips) 
Seat 9: MatveiMax ($2.09 in chips) 
chavezbao: posts small blind $0.01
Dorex2007: posts big blind $0.02
natasha535: sits out 
*** HOLE CARDS ***
Dealt to Dorex2007 [4d Jh]
TheFusa2003: folds 
Bronko94: folds 
MatveiMax: folds 
rjeg333: folds 
Mogol-Mogol: calls $0.02
kgray85: folds 
chavezbao: folds 
Dorex2007: checks 
*** FLOP *** [3c Jd As]
Dorex2007: checks 
Mogol-Mogol: bets $0.02
Dorex2007: calls $0.02
*** TURN *** [3c Jd As] [8s]
Dorex2007: checks 
Mogol-Mogol: bets $0.04
Dorex2007: calls $0.04
*** RIVER *** [3c Jd As 8s] [7d]
Dorex2007: checks 
Mogol-Mogol: bets $0.08
Dorex2007: calls $0.08
*** SHOW DOWN ***
Mogol-Mogol: shows [7h Ah] (two pair, Aces and Sevens)
Dorex2007: mucks hand 
Mogol-Mogol collected $0.32 from pot
*** SUMMARY ***
Total pot $0.33 | Rake $0.01 
Board [3c Jd As 8s 7d]
Seat 1: rjeg333 folded before Flop (didn't bet)
Seat 2: Mogol-Mogol showed [7h Ah] and won ($0.32) with two pair, Aces and Sevens
Seat 3: kgray85 (button) folded before Flop (didn't bet)
Seat 4: chavezbao (small blind) folded before Flop
Seat 5: Dorex2007 (big blind) mucked [4d Jh]
Seat 7: TheFusa2003 folded before Flop (didn't bet)
Seat 8: Bronko94 folded before Flop (didn't bet)
Seat 9: MatveiMax folded before Flop (didn't bet)



PokerStars Hand #232167819704:  Hold'em No Limit ($0.01/$0.02 USD) - 2021/12/12 13:36:04 PT [2021/12/12 16:36:04 ET]
Table 'Luce' 9-max Seat #4 is the button
Seat 1: rjeg333 ($2.37 in chips) 
Seat 2: Mogol-Mogol ($0.76 in chips) 
Seat 3: kgray85 ($2 in chips) 
Seat 4: chavezbao ($2.08 in chips) 
Seat 5: Dorex2007 ($2 in chips) 
Seat 6: natasha535 ($0.80 in chips) 
Seat 7: TheFusa2003 ($1.82 in chips) 
Seat 8: Bronko94 ($0.86 in chips) 
Seat 9: MatveiMax ($2.09 in chips) 
Dorex2007: posts small blind $0.01
natasha535: posts big blind $0.02
*** HOLE CARDS ***
Dealt to Dorex2007 [4s 5s]
TheFusa2003: folds 
Bronko94: folds 
MatveiMax: raises $0.06 to $0.08
rjeg333: folds 
Mogol-Mogol: folds 
kgray85: folds 
chavezbao: folds 
Dorex2007: calls $0.07
natasha535: folds 
*** FLOP *** [Kh Qs 3h]
Dorex2007: checks 
MatveiMax: bets $0.13
Dorex2007: folds 
Uncalled bet ($0.13) returned to MatveiMax
MatveiMax collected $0.17 from pot
MatveiMax: doesn't show hand 
*** SUMMARY ***
Total pot $0.18 | Rake $0.01 
Board [Kh Qs 3h]
Seat 1: rjeg333 folded before Flop (didn't bet)
Seat 2: Mogol-Mogol folded before Flop (didn't bet)
Seat 3: kgray85 folded before Flop (didn't bet)
Seat 4: chavezbao (button) folded before Flop (didn't bet)
Seat 5: Dorex2007 (small blind) folded on the Flop
Seat 6: natasha535 (big blind) folded before Flop
Seat 7: TheFusa2003 folded before Flop (didn't bet)
Seat 8: Bronko94 folded before Flop (didn't bet)
Seat 9: MatveiMax collected ($0.17)



PokerStars Hand #232167844735:  Hold'em No Limit ($0.01/$0.02 USD) - 2021/12/12 13:36:49 PT [2021/12/12 16:36:49 ET]
Table 'Luce' 9-max Seat #5 is the button
Seat 1: rjeg333 ($2.37 in chips) 
Seat 2: Mogol-Mogol ($0.76 in chips) 
Seat 3: kgray85 ($2 in chips) 
Seat 4: chavezbao ($2.08 in chips) 
Seat 5: Dorex2007 ($2 in chips) 
Seat 6: natasha535 ($0.78 in chips) 
Seat 7: TheFusa2003 ($1.82 in chips) 
Seat 8: Bronko94 ($0.86 in chips) 
Seat 9: MatveiMax ($2.18 in chips) 
natasha535: posts small blind $0.01
TheFusa2003: posts big blind $0.02
*** HOLE CARDS ***
Dealt to Dorex2007 [7d 5h]
Bronko94: folds 
MatveiMax: folds 
rjeg333: folds 
Mogol-Mogol: folds 
kgray85: folds 
chavezbao: folds 
Dorex2007: folds 
natasha535: folds 
Uncalled bet ($0.01) returned to TheFusa2003
TheFusa2003 collected $0.02 from pot
TheFusa2003: doesn't show hand 
*** SUMMARY ***
Total pot $0.02 | Rake $0 
Seat 1: rjeg333 folded before Flop (didn't bet)
Seat 2: Mogol-Mogol folded before Flop (didn't bet)
Seat 3: kgray85 folded before Flop (didn't bet)
Seat 4: chavezbao folded before Flop (didn't bet)
Seat 5: Dorex2007 (button) folded before Flop (didn't bet)
Seat 6: natasha535 (small blind) folded before Flop
Seat 7: TheFusa2003 (big blind) collected ($0.02)
Seat 8: Bronko94 folded before Flop (didn't bet)
Seat 9: MatveiMax folded before Flop (didn't bet)



PokerStars Hand #232167857886:  Hold'em No Limit ($0.01/$0.02 USD) - 2021/12/12 13:37:13 PT [2021/12/12 16:37:13 ET]
Table 'Luce' 9-max Seat #6 is the button
Seat 1: rjeg333 ($2.37 in chips) 
Seat 2: Mogol-Mogol ($0.76 in chips) 
Seat 3: kgray85 ($2 in chips) 
Seat 4: chavezbao ($2.08 in chips) 
Seat 5: Dorex2007 ($2 in chips) 
Seat 6: natasha535 ($0.77 in chips) 
Seat 7: TheFusa2003 ($1.83 in chips) 
Seat 8: Bronko94 ($0.86 in chips) 
Seat 9: MatveiMax ($2.18 in chips) 
TheFusa2003: posts small blind $0.01
Bronko94: posts big blind $0.02
*** HOLE CARDS ***
Dealt to Dorex2007 [9c 3h]
MatveiMax: folds 
rjeg333: folds 
Mogol-Mogol: folds 
kgray85: raises $0.04 to $0.06
chavezbao: folds 
Dorex2007: folds 
natasha535: folds 
TheFusa2003: folds 
Bronko94: folds 
Uncalled bet ($0.04) returned to kgray85
kgray85 collected $0.05 from pot
kgray85: doesn't show hand 
*** SUMMARY ***
Total pot $0.05 | Rake $0 
Seat 1: rjeg333 folded before Flop (didn't bet)
Seat 2: Mogol-Mogol folded before Flop (didn't bet)
Seat 3: kgray85 collected ($0.05)
Seat 4: chavezbao folded before Flop (didn't bet)
Seat 5: Dorex2007 folded before Flop (didn't bet)
Seat 6: natasha535 (button) folded before Flop (didn't bet)
Seat 7: TheFusa2003 (small blind) folded before Flop
Seat 8: Bronko94 (big blind) folded before Flop
Seat 9: MatveiMax folded before Flop (didn't bet)



PokerStars Hand #232167872205:  Hold'em No Limit ($0.01/$0.02 USD) - 2021/12/12 13:37:38 PT [2021/12/12 16:37:38 ET]
Table 'Luce' 9-max Seat #7 is the button
Seat 1: rjeg333 ($2.37 in chips) 
Seat 2: Mogol-Mogol ($0.76 in chips) 
Seat 3: kgray85 ($2.03 in chips) 
Seat 4: chavezbao ($2.08 in chips) 
Seat 5: Dorex2007 ($2 in chips) 
Seat 6: natasha535 ($0.77 in chips) 
Seat 7: TheFusa2003 ($1.82 in chips) 
Seat 8: Bronko94 ($0.84 in chips) 
Seat 9: MatveiMax ($2.18 in chips) 
Bronko94: posts small blind $0.01
MatveiMax: posts big blind $0.02
*** HOLE CARDS ***
Dealt to Dorex2007 [7d 8d]
rjeg333: folds 
Mogol-Mogol: folds 
kgray85: folds 
chavezbao: folds 
Dorex2007: calls $0.02
natasha535: folds 
TheFusa2003: calls $0.02
Bronko94: raises $0.10 to $0.12
MatveiMax: folds 
Dorex2007: folds 
TheFusa2003: folds 
Uncalled bet ($0.10) returned to Bronko94
Bronko94 collected $0.08 from pot
Bronko94: doesn't show hand 
*** SUMMARY ***
Total pot $0.08 | Rake $0 
Seat 1: rjeg333 folded before Flop (didn't bet)
Seat 2: Mogol-Mogol folded before Flop (didn't bet)
Seat 3: kgray85 folded before Flop (didn't bet)
Seat 4: chavezbao folded before Flop (didn't bet)
Seat 5: Dorex2007 folded before Flop
Seat 6: natasha535 folded before Flop (didn't bet)
Seat 7: TheFusa2003 (button) folded before Flop
Seat 8: Bronko94 (small blind) collected ($0.08)
Seat 9: MatveiMax (big blind) folded before Flop



PokerStars Hand #232167892514:  Hold'em No Limit ($0.01/$0.02 USD) - 2021/12/12 13:38:14 PT [2021/12/12 16:38:14 ET]
Table 'Luce' 9-max Seat #8 is the button
Seat 1: rjeg333 ($2.37 in chips) 
Seat 2: Mogol-Mogol ($0.76 in chips) 
Seat 3: kgray85 ($2.03 in chips) 
Seat 4: chavezbao ($2.08 in chips) 
Seat 5: Dorex2007 ($2 in chips) 
Seat 6: natasha535 ($0.77 in chips) 
Seat 7: TheFusa2003 ($1.80 in chips) 
Seat 8: Bronko94 ($0.90 in chips) 
Seat 9: MatveiMax ($2.16 in chips) 
MatveiMax: posts small blind $0.01
rjeg333: posts big blind $0.02
*** HOLE CARDS ***
Dealt to Dorex2007 [Kh Ts]
Mogol-Mogol: folds 
kgray85: folds 
chavezbao: folds 
Dorex2007: folds 
natasha535: folds 
TheFusa2003: raises $0.02 to $0.04
Bronko94: folds 
MatveiMax: folds 
rjeg333: folds 
Uncalled bet ($0.02) returned to TheFusa2003
TheFusa2003 collected $0.05 from pot
TheFusa2003: doesn't show hand 
*** SUMMARY ***
Total pot $0.05 | Rake $0 
Seat 1: rjeg333 (big blind) folded before Flop
Seat 2: Mogol-Mogol folded before Flop (didn't bet)
Seat 3: kgray85 folded before Flop (didn't bet)
Seat 4: chavezbao folded before Flop (didn't bet)
Seat 5: Dorex2007 folded before Flop (didn't bet)
Seat 6: natasha535 folded before Flop (didn't bet)
Seat 7: TheFusa2003 collected ($0.05)
Seat 8: Bronko94 (button) folded before Flop (didn't bet)
Seat 9: MatveiMax (small blind) folded before Flop



PokerStars Hand #232167903902:  Hold'em No Limit ($0.01/$0.02 USD) - 2021/12/12 13:38:35 PT [2021/12/12 16:38:35 ET]
Table 'Luce' 9-max Seat #9 is the button
Seat 1: rjeg333 ($2.35 in chips) 
Seat 2: Mogol-Mogol ($0.76 in chips) 
Seat 3: kgray85 ($2.03 in chips) 
Seat 4: chavezbao ($2.08 in chips) 
Seat 5: Dorex2007 ($2 in chips) 
Seat 6: natasha535 ($0.77 in chips) 
Seat 7: TheFusa2003 ($1.83 in chips) 
Seat 8: Bronko94 ($0.90 in chips) 
Seat 9: MatveiMax ($2.15 in chips) 
rjeg333: posts small blind $0.01
Mogol-Mogol: posts big blind $0.02
*** HOLE CARDS ***
Dealt to Dorex2007 [4d Ad]
kgray85: raises $0.02 to $0.04
chavezbao: folds 
Dorex2007: calls $0.04
natasha535: folds 
TheFusa2003: folds 
Bronko94: folds 
MatveiMax: folds 
rjeg333: folds 
Mogol-Mogol: calls $0.02
*** FLOP *** [Tc 9d Jd]
Mogol-Mogol: checks 
kgray85: checks 
Dorex2007: bets $0.13
Mogol-Mogol: calls $0.13
kgray85: folds 
*** TURN *** [Tc 9d Jd] [8h]
Mogol-Mogol: bets $0.02
Dorex2007: calls $0.02
*** RIVER *** [Tc 9d Jd 8h] [Qs]
Mogol-Mogol: bets $0.20
Dorex2007: folds 
Uncalled bet ($0.20) returned to Mogol-Mogol
Mogol-Mogol collected $0.41 from pot
Mogol-Mogol: doesn't show hand 
*** SUMMARY ***
Total pot $0.43 | Rake $0.02 
Board [Tc 9d Jd 8h Qs]
Seat 1: rjeg333 (small blind) folded before Flop
Seat 2: Mogol-Mogol (big blind) collected ($0.41)
Seat 3: kgray85 folded on the Flop
Seat 4: chavezbao folded before Flop (didn't bet)
Seat 5: Dorex2007 folded on the River
Seat 6: natasha535 folded before Flop (didn't bet)
Seat 7: TheFusa2003 folded before Flop (didn't bet)
Seat 8: Bronko94 folded before Flop (didn't bet)
Seat 9: MatveiMax (button) folded before Flop (didn't bet)



PokerStars Hand #232167938634:  Hold'em No Limit ($0.01/$0.02 USD) - 2021/12/12 13:39:37 PT [2021/12/12 16:39:37 ET]
Table 'Luce' 9-max Seat #1 is the button
Seat 1: rjeg333 ($2.34 in chips) 
Seat 2: Mogol-Mogol ($0.98 in chips) 
Seat 3: kgray85 ($2 in chips) 
Seat 4: chavezbao ($2.08 in chips) 
Seat 5: Dorex2007 ($2 in chips) 
Seat 6: natasha535 ($0.77 in chips) 
Seat 7: TheFusa2003 ($2 in chips) 
Seat 8: Bronko94 ($0.90 in chips) 
Seat 9: MatveiMax ($2.15 in chips) 
Mogol-Mogol: posts small blind $0.01
kgray85: posts big blind $0.02
*** HOLE CARDS ***
Dealt to Dorex2007 [4d 4h]
chavezbao: folds 
Dorex2007: calls $0.02
natasha535: raises $0.75 to $0.77 and is all-in
TheFusa2003: folds 
Bronko94: folds 
MatveiMax: folds 
rjeg333: folds 
Mogol-Mogol: folds 
kgray85: folds 
Dorex2007: folds 
Uncalled bet ($0.75) returned to natasha535
natasha535 collected $0.07 from pot
*** SUMMARY ***
Total pot $0.07 | Rake $0 
Seat 1: rjeg333 (button) folded before Flop (didn't bet)
Seat 2: Mogol-Mogol (small blind) folded before Flop
Seat 3: kgray85 (big blind) folded before Flop
Seat 4: chavezbao folded before Flop (didn't bet)
Seat 5: Dorex2007 folded before Flop
Seat 6: natasha535 collected ($0.07)
Seat 7: TheFusa2003 folded before Flop (didn't bet)
Seat 8: Bronko94 folded before Flop (didn't bet)
Seat 9: MatveiMax folded before Flop (didn't bet)



PokerStars Hand #232167955794:  Hold'em No Limit ($0.01/$0.02 USD) - 2021/12/12 13:40:08 PT [2021/12/12 16:40:08 ET]
Table 'Luce' 9-max Seat #2 is the button
Seat 1: rjeg333 ($2.34 in chips) 
Seat 2: Mogol-Mogol ($0.97 in chips) 
Seat 3: kgray85 ($2 in chips) 
Seat 4: chavezbao ($2.08 in chips) 
Seat 5: Dorex2007 ($2 in chips) 
Seat 6: natasha535 ($0.82 in chips) 
Seat 7: TheFusa2003 ($2 in chips) 
Seat 8: Bronko94 ($0.90 in chips) 
Seat 9: MatveiMax ($2.15 in chips) 
kgray85: posts small blind $0.01
chavezbao: posts big blind $0.02
*** HOLE CARDS ***
Dealt to Dorex2007 [Kh Jh]
Dorex2007: raises $0.02 to $0.04
natasha535: folds 
TheFusa2003: calls $0.04
Bronko94: folds 
MatveiMax: folds 
rjeg333: folds 
Mogol-Mogol: calls $0.04
kgray85: folds 
chavezbao: folds 
*** FLOP *** [6d Ks 9s]
Dorex2007: bets $0.14
TheFusa2003: calls $0.14
Mogol-Mogol: calls $0.14
*** TURN *** [6d Ks 9s] [Jc]
Dorex2007: bets $0.28
TheFusa2003: folds 
Mogol-Mogol: calls $0.28
*** RIVER *** [6d Ks 9s Jc] [7h]
Dorex2007: bets $0.55
Mogol-Mogol: calls $0.51 and is all-in
Uncalled bet ($0.04) returned to Dorex2007
*** SHOW DOWN ***
Dorex2007: shows [Kh Jh] (two pair, Kings and Jacks)
Mogol-Mogol: shows [Kc Ac] (a pair of Kings)
Dorex2007 collected $2.07 from pot
*** SUMMARY ***
Total pot $2.15 | Rake $0.08 
Board [6d Ks 9s Jc 7h]
Seat 1: rjeg333 folded before Flop (didn't bet)
Seat 2: Mogol-Mogol (button) showed [Kc Ac] and lost with a pair of Kings
Seat 3: kgray85 (small blind) folded before Flop
Seat 4: chavezbao (big blind) folded before Flop
Seat 5: Dorex2007 showed [Kh Jh] and won ($2.07) with two pair, Kings and Jacks
Seat 6: natasha535 folded before Flop (didn't bet)
Seat 7: TheFusa2003 folded on the Turn
Seat 8: Bronko94 folded before Flop (didn't bet)
Seat 9: MatveiMax folded before Flop (didn't bet)



PokerStars Hand #232168004955:  Hold'em No Limit ($0.01/$0.02 USD) - 2021/12/12 13:41:37 PT [2021/12/12 16:41:37 ET]
Table 'Luce' 9-max Seat #3 is the button
Seat 1: rjeg333 ($2.34 in chips) 
Seat 3: kgray85 ($2 in chips) 
Seat 4: chavezbao ($2.06 in chips) 
Seat 5: Dorex2007 ($3.10 in chips) 
Seat 6: natasha535 ($0.82 in chips) 
Seat 7: TheFusa2003 ($2 in chips) 
Seat 8: Bronko94 ($0.90 in chips) 
Seat 9: MatveiMax ($2.15 in chips) 
chavezbao: posts small blind $0.01
Dorex2007: posts big blind $0.02
*** HOLE CARDS ***
Dealt to Dorex2007 [Qs Jc]
natasha535: folds 
TheFusa2003: folds 
Bronko94: folds 
MatveiMax: folds 
rjeg333: folds 
kgray85: raises $0.04 to $0.06
chavezbao: folds 
Dorex2007: calls $0.04
*** FLOP *** [3s 4c Qd]
Dorex2007: checks 
kgray85: bets $0.06
Dorex2007: calls $0.06
*** TURN *** [3s 4c Qd] [As]
Dorex2007: checks 
kgray85: bets $0.16
Dorex2007: calls $0.16
*** RIVER *** [3s 4c Qd As] [Js]
Dorex2007: checks 
kgray85: bets $0.31
Dorex2007: calls $0.31
*** SHOW DOWN ***
kgray85: shows [4h 3h] (two pair, Fours and Threes)
Dorex2007: shows [Qs Jc] (two pair, Queens and Jacks)
Dorex2007 collected $1.15 from pot
*** SUMMARY ***
Total pot $1.19 | Rake $0.04 
Board [3s 4c Qd As Js]
Seat 1: rjeg333 folded before Flop (didn't bet)
Seat 3: kgray85 (button) showed [4h 3h] and lost with two pair, Fours and Threes
Seat 4: chavezbao (small blind) folded before Flop
Seat 5: Dorex2007 (big blind) showed [Qs Jc] and won ($1.15) with two pair, Queens and Jacks
Seat 6: natasha535 folded before Flop (didn't bet)
Seat 7: TheFusa2003 folded before Flop (didn't bet)
Seat 8: Bronko94 folded before Flop (didn't bet)
Seat 9: MatveiMax folded before Flop (didn't bet)



PokerStars Hand #232168042253:  Hold'em No Limit ($0.01/$0.02 USD) - 2021/12/12 13:42:45 PT [2021/12/12 16:42:45 ET]
Table 'Luce' 9-max Seat #4 is the button
Seat 2: Mogol-Mogol ($0.80 in chips) 
Seat 3: kgray85 ($2 in chips) 
Seat 4: chavezbao ($2.05 in chips) 
Seat 5: Dorex2007 ($3.66 in chips) 
Seat 6: natasha535 ($0.82 in chips) 
Seat 7: TheFusa2003 ($2 in chips) 
Seat 8: Bronko94 ($0.90 in chips) 
Seat 9: MatveiMax ($2.15 in chips) 
Dorex2007: posts small blind $0.01
natasha535: posts big blind $0.02
*** HOLE CARDS ***
Dealt to Dorex2007 [Qh 7d]
TheFusa2003: folds 
Bronko94: folds 
MatveiMax: raises $0.06 to $0.08
Mogol-Mogol: folds 
kgray85: folds 
chavezbao: folds 
Dorex2007: folds 
natasha535: folds 
Uncalled bet ($0.06) returned to MatveiMax
MatveiMax collected $0.05 from pot
MatveiMax: doesn't show hand 
*** SUMMARY ***
Total pot $0.05 | Rake $0 
Seat 2: Mogol-Mogol folded before Flop (didn't bet)
Seat 3: kgray85 folded before Flop (didn't bet)
Seat 4: chavezbao (button) folded before Flop (didn't bet)
Seat 5: Dorex2007 (small blind) folded before Flop
Seat 6: natasha535 (big blind) folded before Flop
Seat 7: TheFusa2003 folded before Flop (didn't bet)
Seat 8: Bronko94 folded before Flop (didn't bet)
Seat 9: MatveiMax collected ($0.05)



PokerStars Hand #232168056736:  Hold'em No Limit ($0.01/$0.02 USD) - 2021/12/12 13:43:12 PT [2021/12/12 16:43:12 ET]
Table 'Luce' 9-max Seat #5 is the button
Seat 2: Mogol-Mogol ($0.80 in chips) 
Seat 3: kgray85 ($2 in chips) 
Seat 4: chavezbao ($2.05 in chips) 
Seat 5: Dorex2007 ($3.65 in chips) 
Seat 6: natasha535 ($0.80 in chips) 
Seat 7: TheFusa2003 ($2 in chips) 
Seat 8: Bronko94 ($0.90 in chips) 
Seat 9: MatveiMax ($2.18 in chips) 
natasha535: posts small blind $0.01
TheFusa2003: posts big blind $0.02
*** HOLE CARDS ***
Dealt to Dorex2007 [Jd 6d]
Bronko94: folds 
MatveiMax: raises $0.08 to $0.10
Mogol-Mogol: calls $0.10
kgray85: folds 
chavezbao: folds 
Dorex2007: folds 
natasha535: folds 
TheFusa2003: folds 
*** FLOP *** [2d Qh 7c]
MatveiMax: checks 
Mogol-Mogol: bets $0.10
MatveiMax: calls $0.10
*** TURN *** [2d Qh 7c] [As]
MatveiMax: checks 
Mogol-Mogol: bets $0.10
MatveiMax: calls $0.10
*** RIVER *** [2d Qh 7c As] [Kd]
MatveiMax: checks 
Mogol-Mogol: bets $0.10
MatveiMax: calls $0.10
*** SHOW DOWN ***
Mogol-Mogol: shows [Qc Qs] (three of a kind, Queens)
MatveiMax: mucks hand 
Mogol-Mogol collected $0.80 from pot
*** SUMMARY ***
Total pot $0.83 | Rake $0.03 
Board [2d Qh 7c As Kd]
Seat 2: Mogol-Mogol showed [Qc Qs] and won ($0.80) with three of a kind, Queens
Seat 3: kgray85 folded before Flop (didn't bet)
Seat 4: chavezbao folded before Flop (didn't bet)
Seat 5: Dorex2007 (button) folded before Flop (didn't bet)
Seat 6: natasha535 (small blind) folded before Flop
Seat 7: TheFusa2003 (big blind) folded before Flop
Seat 8: Bronko94 folded before Flop (didn't bet)
Seat 9: MatveiMax mucked [Td Tc]



PokerStars Hand #232168100606:  Hold'em No Limit ($0.01/$0.02 USD) - 2021/12/12 13:44:32 PT [2021/12/12 16:44:32 ET]
Table 'Luce' 9-max Seat #6 is the button
Seat 2: Mogol-Mogol ($1.20 in chips) 
Seat 3: kgray85 ($2 in chips) 
Seat 4: chavezbao ($2.05 in chips) 
Seat 5: Dorex2007 ($3.65 in chips) 
Seat 6: natasha535 ($0.79 in chips) 
Seat 7: TheFusa2003 ($1.98 in chips) 
Seat 8: Bronko94 ($0.90 in chips) 
Seat 9: MatveiMax ($2 in chips) 
TheFusa2003: posts small blind $0.01
Bronko94: posts big blind $0.02
*** HOLE CARDS ***
Dealt to Dorex2007 [Qc 3d]
MatveiMax: folds 
Mogol-Mogol: folds 
kgray85: folds 
chavezbao: raises $0.02 to $0.04
Dorex2007: folds 
natasha535: calls $0.04
TheFusa2003: folds 
Bronko94: folds 
*** FLOP *** [Jc 7c 6s]
chavezbao: checks 
natasha535: checks 
*** TURN *** [Jc 7c 6s] [4c]
chavezbao: bets $0.04
natasha535: raises $0.04 to $0.08
chavezbao: calls $0.04
*** RIVER *** [Jc 7c 6s 4c] [As]
chavezbao: checks 
natasha535: bets $0.13
chavezbao: calls $0.13
*** SHOW DOWN ***
natasha535: shows [3c Ac] (a flush, Ace high)
chavezbao: mucks hand 
natasha535 collected $0.51 from pot
*** SUMMARY ***
Total pot $0.53 | Rake $0.02 
Board [Jc 7c 6s 4c As]
Seat 2: Mogol-Mogol folded before Flop (didn't bet)
Seat 3: kgray85 folded before Flop (didn't bet)
Seat 4: chavezbao mucked [7s 7h]
Seat 5: Dorex2007 folded before Flop (didn't bet)
Seat 6: natasha535 (button) showed [3c Ac] and won ($0.51) with a flush, Ace high
Seat 7: TheFusa2003 (small blind) folded before Flop
Seat 8: Bronko94 (big blind) folded before Flop
Seat 9: MatveiMax folded before Flop (didn't bet)



PokerStars Hand #232168128943:  Hold'em No Limit ($0.01/$0.02 USD) - 2021/12/12 13:45:24 PT [2021/12/12 16:45:24 ET]
Table 'Luce' 9-max Seat #7 is the button
Seat 2: Mogol-Mogol ($1.20 in chips) 
Seat 3: kgray85 ($2 in chips) 
Seat 4: chavezbao ($2 in chips) 
Seat 5: Dorex2007 ($3.65 in chips) 
Seat 6: natasha535 ($1.05 in chips) 
Seat 7: TheFusa2003 ($1.97 in chips) 
Seat 8: Bronko94 ($0.88 in chips) 
Seat 9: MatveiMax ($2 in chips) 
Bronko94: posts small blind $0.01
MatveiMax: posts big blind $0.02
*** HOLE CARDS ***
Dealt to Dorex2007 [Qd 4h]
Mogol-Mogol: calls $0.02
kgray85: folds 
chavezbao: folds 
Dorex2007: folds 
natasha535: folds 
TheFusa2003: raises $0.02 to $0.04
Bronko94: folds 
MatveiMax: calls $0.02
Mogol-Mogol: calls $0.02
*** FLOP *** [2h Kh 6s]
MatveiMax: checks 
Mogol-Mogol: bets $0.02
TheFusa2003: calls $0.02
MatveiMax: folds 
*** TURN *** [2h Kh 6s] [2d]
Mogol-Mogol: bets $0.06
TheFusa2003: folds 
Uncalled bet ($0.06) returned to Mogol-Mogol
Mogol-Mogol collected $0.16 from pot
Mogol-Mogol: doesn't show hand 
*** SUMMARY ***
Total pot $0.17 | Rake $0.01 
Board [2h Kh 6s 2d]
Seat 2: Mogol-Mogol collected ($0.16)
Seat 3: kgray85 folded before Flop (didn't bet)
Seat 4: chavezbao folded before Flop (didn't bet)
Seat 5: Dorex2007 folded before Flop (didn't bet)
Seat 6: natasha535 folded before Flop (didn't bet)
Seat 7: TheFusa2003 (button) folded on the Turn
Seat 8: Bronko94 (small blind) folded before Flop
Seat 9: MatveiMax (big blind) folded on the Flop



PokerStars Hand #232168152990:  Hold'em No Limit ($0.01/$0.02 USD) - 2021/12/12 13:46:08 PT [2021/12/12 16:46:08 ET]
Table 'Luce' 9-max Seat #8 is the button
Seat 2: Mogol-Mogol ($1.30 in chips) 
Seat 3: kgray85 ($2 in chips) 
Seat 4: chavezbao ($2 in chips) 
Seat 5: Dorex2007 ($3.65 in chips) 
Seat 6: natasha535 ($1.05 in chips) 
Seat 7: TheFusa2003 ($1.91 in chips) 
Seat 8: Bronko94 ($0.87 in chips) 
Seat 9: MatveiMax ($2 in chips) 
MatveiMax: posts small blind $0.01
Mogol-Mogol: posts big blind $0.02
*** HOLE CARDS ***
Dealt to Dorex2007 [Kd 2h]
kgray85: folds 
chavezbao: folds 
Dorex2007: folds 
kgray85 leaves the table
natasha535: calls $0.02
TheFusa2003: calls $0.02
rjeg333 leaves the table
Bronko94: folds 
MatveiMax: folds 
Mogol-Mogol: checks 
*** FLOP *** [5h Js Kh]
Mogol-Mogol: checks 
natasha535: checks 
TheFusa2003: checks 
*** TURN *** [5h Js Kh] [7h]
Mogol-Mogol: checks 
natasha535: checks 
TheFusa2003: checks 
*** RIVER *** [5h Js Kh 7h] [Td]
Mogol-Mogol: checks 
natasha535: checks 
TheFusa2003: checks 
*** SHOW DOWN ***
Mogol-Mogol: shows [4h 8c] (high card King)
natasha535: shows [9c Tc] (a pair of Tens)
TheFusa2003: mucks hand 
natasha535 collected $0.07 from pot
*** SUMMARY ***
Total pot $0.07 | Rake $0 
Board [5h Js Kh 7h Td]
Seat 2: Mogol-Mogol (big blind) showed [4h 8c] and lost with high card King
Seat 3: kgray85 folded before Flop (didn't bet)
Seat 4: chavezbao folded before Flop (didn't bet)
Seat 5: Dorex2007 folded before Flop (didn't bet)
Seat 6: natasha535 showed [9c Tc] and won ($0.07) with a pair of Tens
Seat 7: TheFusa2003 mucked [3d 3h]
Seat 8: Bronko94 (button) folded before Flop (didn't bet)
Seat 9: MatveiMax (small blind) folded before Flop



PokerStars Hand #232168178414:  Hold'em No Limit ($0.01/$0.02 USD) - 2021/12/12 13:46:54 PT [2021/12/12 16:46:54 ET]
Table 'Luce' 9-max Seat #9 is the button
Seat 2: Mogol-Mogol ($1.28 in chips) 
Seat 4: chavezbao ($2 in chips) 
Seat 5: Dorex2007 ($3.65 in chips) 
Seat 6: natasha535 ($1.10 in chips) 
Seat 7: TheFusa2003 ($1.89 in chips) 
Seat 8: Bronko94 ($0.87 in chips) 
Seat 9: MatveiMax ($2 in chips) 
Mogol-Mogol: posts small blind $0.01
chavezbao: posts big blind $0.02
*** HOLE CARDS ***
Dealt to Dorex2007 [9d 3c]
Dorex2007: folds 
natasha535: raises $0.04 to $0.06
TheFusa2003: folds 
Bronko94: folds 
MatveiMax: folds 
Mogol-Mogol: folds 
chavezbao: folds 
Uncalled bet ($0.04) returned to natasha535
natasha535 collected $0.05 from pot
*** SUMMARY ***
Total pot $0.05 | Rake $0 
Seat 2: Mogol-Mogol (small blind) folded before Flop
Seat 4: chavezbao (big blind) folded before Flop
Seat 5: Dorex2007 folded before Flop (didn't bet)
Seat 6: natasha535 collected ($0.05)
Seat 7: TheFusa2003 folded before Flop (didn't bet)
Seat 8: Bronko94 folded before Flop (didn't bet)
Seat 9: MatveiMax (button) folded before Flop (didn't bet)



PokerStars Hand #232168193528:  Hold'em No Limit ($0.01/$0.02 USD) - 2021/12/12 13:47:22 PT [2021/12/12 16:47:22 ET]
Table 'Luce' 9-max Seat #2 is the button
Seat 2: Mogol-Mogol ($1.27 in chips) 
Seat 4: chavezbao ($2 in chips) 
Seat 5: Dorex2007 ($3.65 in chips) 
Seat 6: natasha535 ($1.13 in chips) 
Seat 7: TheFusa2003 ($1.89 in chips) 
Seat 8: Bronko94 ($0.87 in chips) 
Seat 9: MatveiMax ($2 in chips) 
chavezbao: posts small blind $0.01
Dorex2007: posts big blind $0.02
*** HOLE CARDS ***
Dealt to Dorex2007 [2d 9c]
natasha535: folds 
TheFusa2003: raises $0.02 to $0.04
Bronko94: folds 
MatveiMax: folds 
Mogol-Mogol: calls $0.04
chavezbao: calls $0.03
Dorex2007: folds 
*** FLOP *** [5s 3s 6d]
chavezbao: checks 
TheFusa2003: bets $0.02
Mogol-Mogol: calls $0.02
chavezbao: calls $0.02
*** TURN *** [5s 3s 6d] [Kh]
chavezbao: checks 
natasha535 leaves the table
TheFusa2003: checks 
Mogol-Mogol: bets $0.02
chavezbao: calls $0.02
TheFusa2003: calls $0.02
*** RIVER *** [5s 3s 6d Kh] [Qc]
chavezbao: checks 
TheFusa2003: checks 
Mogol-Mogol: bets $0.06
chavezbao: calls $0.06
TheFusa2003: folds 
*** SHOW DOWN ***
Mogol-Mogol: shows [Tc Kd] (a pair of Kings)
chavezbao: mucks hand 
Mogol-Mogol collected $0.37 from pot
*** SUMMARY ***
Total pot $0.38 | Rake $0.01 
Board [5s 3s 6d Kh Qc]
Seat 2: Mogol-Mogol (button) showed [Tc Kd] and won ($0.37) with a pair of Kings
Seat 4: chavezbao (small blind) mucked [Ac Qs]
Seat 5: Dorex2007 (big blind) folded before Flop
Seat 6: natasha535 folded before Flop (didn't bet)
Seat 7: TheFusa2003 folded on the River
Seat 8: Bronko94 folded before Flop (didn't bet)
Seat 9: MatveiMax folded before Flop (didn't bet)



PokerStars Hand #232168229820:  Hold'em No Limit ($0.01/$0.02 USD) - 2021/12/12 13:48:28 PT [2021/12/12 16:48:28 ET]
Table 'Luce' 9-max Seat #4 is the button
Seat 2: Mogol-Mogol ($1.50 in chips) 
Seat 4: chavezbao ($2 in chips) 
Seat 5: Dorex2007 ($3.63 in chips) 
Seat 7: TheFusa2003 ($1.81 in chips) 
Seat 8: Bronko94 ($0.87 in chips) 
Seat 9: MatveiMax ($2 in chips) 
Dorex2007: posts small blind $0.01
TheFusa2003: posts big blind $0.02
*** HOLE CARDS ***
Dealt to Dorex2007 [5s 9h]
TehChronic joins the table at seat #1 
Bronko94: folds 
MatveiMax: raises $0.06 to $0.08
Mogol-Mogol: folds 
chavezbao: folds 
Dorex2007: folds 
TheFusa2003: folds 
Uncalled bet ($0.06) returned to MatveiMax
MatveiMax collected $0.05 from pot
MatveiMax: doesn't show hand 
*** SUMMARY ***
Total pot $0.05 | Rake $0 
Seat 2: Mogol-Mogol folded before Flop (didn't bet)
Seat 4: chavezbao (button) folded before Flop (didn't bet)
Seat 5: Dorex2007 (small blind) folded before Flop
Seat 7: TheFusa2003 (big blind) folded before Flop
Seat 8: Bronko94 folded before Flop (didn't bet)
Seat 9: MatveiMax collected ($0.05)



PokerStars Hand #232168242334:  Hold'em No Limit ($0.01/$0.02 USD) - 2021/12/12 13:48:51 PT [2021/12/12 16:48:51 ET]
Table 'Luce' 9-max Seat #5 is the button
Seat 2: Mogol-Mogol ($1.50 in chips) 
Seat 4: chavezbao ($2 in chips) 
Seat 5: Dorex2007 ($3.62 in chips) 
Seat 7: TheFusa2003 ($1.79 in chips) 
Seat 8: Bronko94 ($0.87 in chips) 
Seat 9: MatveiMax ($2.03 in chips) 
TheFusa2003: posts small blind $0.01
Bronko94: posts big blind $0.02
TehChronic: sits out 
*** HOLE CARDS ***
Dealt to Dorex2007 [5c 3c]
MatveiMax: folds 
Mogol-Mogol: folds 
chavezbao: folds 
Dorex2007: raises $0.02 to $0.04
TheFusa2003: folds 
Bronko94: raises $0.10 to $0.14
Dorex2007: folds 
Uncalled bet ($0.10) returned to Bronko94
Bronko94 collected $0.09 from pot
Bronko94: doesn't show hand 
*** SUMMARY ***
Total pot $0.09 | Rake $0 
Seat 2: Mogol-Mogol folded before Flop (didn't bet)
Seat 4: chavezbao folded before Flop (didn't bet)
Seat 5: Dorex2007 (button) folded before Flop
Seat 7: TheFusa2003 (small blind) folded before Flop
Seat 8: Bronko94 (big blind) collected ($0.09)
Seat 9: MatveiMax folded before Flop (didn't bet)



PokerStars Hand #232168258597:  Hold'em No Limit ($0.01/$0.02 USD) - 2021/12/12 13:49:20 PT [2021/12/12 16:49:20 ET]
Table 'Luce' 9-max Seat #7 is the button
Seat 1: TehChronic ($2 in chips) 
Seat 2: Mogol-Mogol ($1.50 in chips) 
Seat 4: chavezbao ($2 in chips) 
Seat 5: Dorex2007 ($3.58 in chips) 
Seat 7: TheFusa2003 ($1.78 in chips) 
Seat 8: Bronko94 ($0.92 in chips) 
Bronko94: posts small blind $0.01
MatveiMax: is sitting out 
TehChronic: posts big blind $0.02
*** HOLE CARDS ***
Dealt to Dorex2007 [5d 6s]
Mogol-Mogol: folds 
chavezbao: raises $0.02 to $0.04
Dorex2007: folds 
TheFusa2003: folds 
Bronko94: folds 
TehChronic: calls $0.02
*** FLOP *** [Jc 4h Ad]
TehChronic: checks 
chavezbao: checks 
*** TURN *** [Jc 4h Ad] [Jd]
MatveiMax leaves the table
TehChronic: checks 
chavezbao: bets $0.03
TehChronic: folds 
Uncalled bet ($0.03) returned to chavezbao
chavezbao collected $0.09 from pot
chavezbao: doesn't show hand 
*** SUMMARY ***
Total pot $0.09 | Rake $0 
Board [Jc 4h Ad Jd]
Seat 1: TehChronic (big blind) folded on the Turn
Seat 2: Mogol-Mogol folded before Flop (didn't bet)
Seat 4: chavezbao collected ($0.09)
Seat 5: Dorex2007 folded before Flop (didn't bet)
Seat 7: TheFusa2003 (button) folded before Flop (didn't bet)
Seat 8: Bronko94 (small blind) folded before Flop



PokerStars Hand #232168278825:  Hold'em No Limit ($0.01/$0.02 USD) - 2021/12/12 13:49:57 PT [2021/12/12 16:49:57 ET]
Table 'Luce' 9-max Seat #8 is the button
Seat 1: TehChronic ($1.96 in chips) 
Seat 2: Mogol-Mogol ($1.50 in chips) 
Seat 4: chavezbao ($2.05 in chips) 
Seat 5: Dorex2007 ($3.58 in chips) 
Seat 7: TheFusa2003 ($1.78 in chips) 
Seat 8: Bronko94 ($0.91 in chips) 
TehChronic: posts small blind $0.01
Mogol-Mogol: posts big blind $0.02
*** HOLE CARDS ***
Dealt to Dorex2007 [Td 2s]
chavezbao: folds 
Dorex2007: folds 
TheFusa2003: folds 
Bronko94: folds 
TehChronic: folds 
Uncalled bet ($0.01) returned to Mogol-Mogol
TehChronic leaves the table
Mogol-Mogol collected $0.02 from pot
Mogol-Mogol: doesn't show hand 
*** SUMMARY ***
Total pot $0.02 | Rake $0 
Seat 1: TehChronic (small blind) folded before Flop
Seat 2: Mogol-Mogol (big blind) collected ($0.02)
Seat 4: chavezbao folded before Flop (didn't bet)
Seat 5: Dorex2007 folded before Flop (didn't bet)
Seat 7: TheFusa2003 folded before Flop (didn't bet)
Seat 8: Bronko94 (button) folded before Flop (didn't bet)



PokerStars Hand #232168288170:  Hold'em No Limit ($0.01/$0.02 USD) - 2021/12/12 13:50:15 PT [2021/12/12 16:50:15 ET]
Table 'Luce' 9-max Seat #2 is the button
Seat 2: Mogol-Mogol ($1.51 in chips) 
Seat 4: chavezbao ($2.05 in chips) 
Seat 5: Dorex2007 ($3.58 in chips) 
Seat 7: TheFusa2003 ($1.78 in chips) 
Seat 8: Bronko94 ($0.91 in chips) 
chavezbao: posts small blind $0.01
Dorex2007: posts big blind $0.02
*** HOLE CARDS ***
Dealt to Dorex2007 [4h 6s]
TheFusa2003: folds 
Bronko94: folds 
Mogol-Mogol: calls $0.02
chavezbao: calls $0.01
Dorex2007: checks 
*** FLOP *** [6d 6h 2h]
chavezbao: checks 
Dorex2007: bets $0.06
Mogol-Mogol: calls $0.06
chavezbao: folds 
*** TURN *** [6d 6h 2h] [Qs]
Dorex2007: bets $0.17
Mogol-Mogol: calls $0.17
*** RIVER *** [6d 6h 2h Qs] [Td]
Dorex2007: checks 
Mogol-Mogol: bets $0.12
Dorex2007: raises $3.21 to $3.33 and is all-in
Mogol-Mogol: folds 
Uncalled bet ($3.21) returned to Dorex2007
Dorex2007 collected $0.73 from pot
Dorex2007: doesn't show hand 
*** SUMMARY ***
Total pot $0.76 | Rake $0.03 
Board [6d 6h 2h Qs Td]
Seat 2: Mogol-Mogol (button) folded on the River
Seat 4: chavezbao (small blind) folded on the Flop
Seat 5: Dorex2007 (big blind) collected ($0.73)
Seat 7: TheFusa2003 folded before Flop (didn't bet)
Seat 8: Bronko94 folded before Flop (didn't bet)



PokerStars Hand #232168323245:  Hold'em No Limit ($0.01/$0.02 USD) - 2021/12/12 13:51:20 PT [2021/12/12 16:51:20 ET]
Table 'Luce' 9-max Seat #4 is the button
Seat 2: Mogol-Mogol ($1.14 in chips) 
Seat 4: chavezbao ($2.03 in chips) 
Seat 5: Dorex2007 ($3.94 in chips) 
Seat 7: TheFusa2003 ($1.78 in chips) 
Seat 8: Bronko94 ($0.91 in chips) 
Dorex2007: posts small blind $0.01
TheFusa2003: posts big blind $0.02
*** HOLE CARDS ***
Dealt to Dorex2007 [Jc Jd]
Bronko94: folds 
Mogol-Mogol: calls $0.02
chavezbao: folds 
Dorex2007: calls $0.01
TheFusa2003: raises $0.02 to $0.04
Mogol-Mogol: calls $0.02
PokiArc joins the table at seat #3 
Dorex2007: calls $0.02
*** FLOP *** [4d 8d 3s]
Dorex2007: checks 
TheFusa2003: checks 
Mogol-Mogol: bets $0.04
Dorex2007: raises $3.86 to $3.90 and is all-in
TheFusa2003: folds 
Mogol-Mogol: folds 
Uncalled bet ($3.86) returned to Dorex2007
Dorex2007 collected $0.19 from pot
Dorex2007: doesn't show hand 
*** SUMMARY ***
Total pot $0.20 | Rake $0.01 
Board [4d 8d 3s]
Seat 2: Mogol-Mogol folded on the Flop
Seat 4: chavezbao (button) folded before Flop (didn't bet)
Seat 5: Dorex2007 (small blind) collected ($0.19)
Seat 7: TheFusa2003 (big blind) folded on the Flop
Seat 8: Bronko94 folded before Flop (didn't bet)



PokerStars Hand #232168354793:  Hold'em No Limit ($0.01/$0.02 USD) - 2021/12/12 13:52:19 PT [2021/12/12 16:52:19 ET]
Table 'Luce' 9-max Seat #5 is the button
Seat 2: Mogol-Mogol ($1.06 in chips) 
Seat 4: chavezbao ($2.03 in chips) 
Seat 5: Dorex2007 ($4.05 in chips) 
Seat 7: TheFusa2003 ($1.74 in chips) 
Seat 8: Bronko94 ($0.91 in chips) 
TheFusa2003: posts small blind $0.01
Bronko94: posts big blind $0.02
PokiArc: sits out 
*** HOLE CARDS ***
Dealt to Dorex2007 [9d Js]
Mogol-Mogol: folds 
chavezbao: folds 
Dorex2007: folds 
TheFusa2003: calls $0.01
Bronko94: checks 
*** FLOP *** [6d Kc 3d]
TheFusa2003: checks 
Bronko94: checks 
*** TURN *** [6d Kc 3d] [8s]
TheFusa2003: checks 
Bronko94: checks 
*** RIVER *** [6d Kc 3d 8s] [3h]
mastersashas joins the table at seat #1 
rrodriguuez183 joins the table at seat #6 
TheFusa2003: checks 
Bronko94: checks 
*** SHOW DOWN ***
TheFusa2003: shows [9h Th] (a pair of Threes)
Bronko94: shows [9c Ac] (a pair of Threes - Ace kicker)
Bronko94 collected $0.04 from pot
*** SUMMARY ***
Total pot $0.04 | Rake $0 
Board [6d Kc 3d 8s 3h]
Seat 2: Mogol-Mogol folded before Flop (didn't bet)
Seat 4: chavezbao folded before Flop (didn't bet)
Seat 5: Dorex2007 (button) folded before Flop (didn't bet)
Seat 7: TheFusa2003 (small blind) showed [9h Th] and lost with a pair of Threes
Seat 8: Bronko94 (big blind) showed [9c Ac] and won ($0.04) with a pair of Threes



PokerStars Hand #232168394263:  Hold'em No Limit ($0.01/$0.02 USD) - 2021/12/12 13:53:33 PT [2021/12/12 16:53:33 ET]
Table 'Luce' 9-max Seat #7 is the button
Seat 1: mastersashas ($2.03 in chips) 
Seat 2: Mogol-Mogol ($1.06 in chips) 
Seat 4: chavezbao ($2.03 in chips) 
Seat 5: Dorex2007 ($4.05 in chips) 
Seat 7: TheFusa2003 ($1.72 in chips) 
Seat 8: Bronko94 ($0.93 in chips) 
Bronko94: posts small blind $0.01
mastersashas: posts big blind $0.02
PokiArc: sits out 
rrodriguuez183: sits out 
*** HOLE CARDS ***
Dealt to Dorex2007 [Jh 7d]
Mogol-Mogol: calls $0.02
chavezbao: folds 
Dorex2007: folds 
chavezbao leaves the table
Mikmaq Caper joins the table at seat #9 
TheFusa2003: folds 
Bronko94: folds 
mastersashas: checks 
*** FLOP *** [5s 6h Jc]
mastersashas: checks 
Mogol-Mogol: bets $0.04
5258pb joins the table at seat #4 
mastersashas: calls $0.04
*** TURN *** [5s 6h Jc] [7c]
mastersashas: bets $0.04
Mogol-Mogol: raises $0.04 to $0.08
mastersashas: folds 
Uncalled bet ($0.04) returned to Mogol-Mogol
Mogol-Mogol collected $0.20 from pot
Mogol-Mogol: doesn't show hand 
*** SUMMARY ***
Total pot $0.21 | Rake $0.01 
Board [5s 6h Jc 7c]
Seat 1: mastersashas (big blind) folded on the Turn
Seat 2: Mogol-Mogol collected ($0.20)
Seat 4: chavezbao folded before Flop (didn't bet)
Seat 5: Dorex2007 folded before Flop (didn't bet)
Seat 7: TheFusa2003 (button) folded before Flop (didn't bet)
Seat 8: Bronko94 (small blind) folded before Flop



PokerStars Hand #232168420378:  Hold'em No Limit ($0.01/$0.02 USD) - 2021/12/12 13:54:08 PT [2021/12/12 16:54:08 ET]
Table 'Luce' 9-max Seat #8 is the button
Seat 1: mastersashas ($1.93 in chips) 
Seat 2: Mogol-Mogol ($1.16 in chips) 
Seat 4: 5258pb ($0.80 in chips) 
Seat 5: Dorex2007 ($4.05 in chips) 
Seat 6: rrodriguuez183 ($0.80 in chips) 
Seat 7: TheFusa2003 ($1.72 in chips) 
Seat 8: Bronko94 ($0.92 in chips) 
mastersashas: posts small blind $0.01
Mogol-Mogol: posts big blind $0.02
PokiArc: sits out 
5258pb: posts big blind $0.02
rrodriguuez183: posts big blind $0.02
*** HOLE CARDS ***
Dealt to Dorex2007 [Jc 3c]
5258pb has timed out
5258pb: checks 
Dorex2007: folds 
rrodriguuez183: folds 
TheFusa2003: folds 
Bronko94: folds 
mastersashas: folds 
Mogol-Mogol: checks 
*** FLOP *** [7s 8s Qs]
rrodriguuez183 leaves the table
Mogol-Mogol: bets $0.02
5258pb: raises $0.11 to $0.13
Mogol-Mogol: raises $0.17 to $0.30
5258pb: calls $0.17
*** TURN *** [7s 8s Qs] [8h]
J@hR@st@f@ri joins the table at seat #6 
Mikmaq Caper is disconnected 
Mogol-Mogol: bets $0.48
Bronko94 leaves the table
5258pb: calls $0.48 and is all-in
megazanos joins the table at seat #8 
*** RIVER *** [7s 8s Qs 8h] [4d]
*** SHOW DOWN ***
Mogol-Mogol: shows [Js 3s] (a flush, Queen high)
5258pb: shows [Qc Jh] (two pair, Queens and Eights)
Mogol-Mogol cashed out the hand for $1.42 | Cash Out Fee $0.01
*** SUMMARY ***
Total pot $1.63 | Rake $0.06 
Board [7s 8s Qs 8h 4d]
Seat 1: mastersashas (small blind) folded before Flop
Seat 2: Mogol-Mogol (big blind) showed [Js 3s] and won ($1.57) with a flush, Queen high (pot not awarded as player cashed out)
Seat 4: 5258pb showed [Qc Jh] and lost with two pair, Queens and Eights
Seat 5: Dorex2007 folded before Flop (didn't bet)
Seat 6: rrodriguuez183 folded before Flop (didn't bet)
Seat 7: TheFusa2003 folded before Flop (didn't bet)
Seat 8: Bronko94 (button) folded before Flop (didn't bet)



PokerStars Hand #232168485265:  Hold'em No Limit ($0.01/$0.02 USD) - 2021/12/12 13:56:31 PT [2021/12/12 16:56:31 ET]
Table 'Luce' 9-max Seat #1 is the button
Seat 1: mastersashas ($1.92 in chips) 
Seat 2: Mogol-Mogol ($1.78 in chips) 
Seat 3: PokiArc ($2 in chips) 
Seat 5: Dorex2007 ($4.05 in chips) 
Seat 6: J@hR@st@f@ri ($0.80 in chips) 
Seat 7: TheFusa2003 ($1.72 in chips) 
Mogol-Mogol: posts small blind $0.01
PokiArc: posts big blind $0.02
J@hR@st@f@ri: posts big blind $0.02
megazanos: sits out 
Mikmaq Caper: sits out 
*** HOLE CARDS ***
Dealt to Dorex2007 [Td 2h]
Dorex2007: folds 
J@hR@st@f@ri: checks 
TheFusa2003: folds 
mastersashas: folds 
Mogol-Mogol: calls $0.01
PokiArc: checks 
*** FLOP *** [2d Qd Jc]
Mogol-Mogol: checks 
PokiArc: bets $0.02
J@hR@st@f@ri: calls $0.02
Mogol-Mogol: folds 
*** TURN *** [2d Qd Jc] [2c]
PokiArc: bets $0.10
J@hR@st@f@ri: calls $0.10
*** RIVER *** [2d Qd Jc 2c] [Jd]
PokiArc: bets $0.15
J@hR@st@f@ri: raises $0.21 to $0.36
PokiArc: calls $0.21
*** SHOW DOWN ***
J@hR@st@f@ri: shows [Qh 4s] (two pair, Queens and Jacks)
PokiArc: shows [2s Kh] (a full house, Deuces full of Jacks)
PokiArc collected $0.98 from pot
*** SUMMARY ***
Total pot $1.02 | Rake $0.04 
Board [2d Qd Jc 2c Jd]
Seat 1: mastersashas (button) folded before Flop (didn't bet)
Seat 2: Mogol-Mogol (small blind) folded on the Flop
Seat 3: PokiArc (big blind) showed [2s Kh] and won ($0.98) with a full house, Deuces full of Jacks
Seat 5: Dorex2007 folded before Flop (didn't bet)
Seat 6: J@hR@st@f@ri showed [Qh 4s] and lost with two pair, Queens and Jacks
Seat 7: TheFusa2003 folded before Flop (didn't bet)



PokerStars Hand #232168517547:  Hold'em No Limit ($0.01/$0.02 USD) - 2021/12/12 13:57:42 PT [2021/12/12 16:57:42 ET]
Table 'Luce' 9-max Seat #2 is the button
Seat 1: mastersashas ($1.92 in chips) 
Seat 2: Mogol-Mogol ($1.76 in chips) 
Seat 3: PokiArc ($2.48 in chips) 
Seat 4: 5258pb ($0.80 in chips) 
Seat 5: Dorex2007 ($4.05 in chips) 
Seat 6: J@hR@st@f@ri ($0.30 in chips) 
Seat 7: TheFusa2003 ($1.72 in chips) 
PokiArc: posts small blind $0.01
5258pb: posts big blind $0.02
megazanos: sits out 
Mikmaq Caper: sits out 
*** HOLE CARDS ***
Dealt to Dorex2007 [Jh Qh]
Dorex2007: raises $0.02 to $0.04
J@hR@st@f@ri: folds 
TheFusa2003: folds 
mastersashas: calls $0.04
Mogol-Mogol: calls $0.04
PokiArc: folds 
5258pb: calls $0.02
*** FLOP *** [9c Ac Td]
5258pb: checks 
Dorex2007: bets $0.08
mastersashas: calls $0.08
Mogol-Mogol: calls $0.08
5258pb: calls $0.08
*** TURN *** [9c Ac Td] [2d]
5258pb: checks 
Dorex2007: checks 
mastersashas: checks 
Mogol-Mogol: bets $0.10
5258pb: folds 
Dorex2007: folds 
mastersashas: calls $0.10
*** RIVER *** [9c Ac Td 2d] [5c]
mastersashas: bets $0.33
Mogol-Mogol: calls $0.33
*** SHOW DOWN ***
mastersashas: shows [Qc Kc] (a flush, Ace high)
Mikmaq Caper is disconnected 
Mogol-Mogol: mucks hand 
mastersashas collected $1.30 from pot
*** SUMMARY ***
Total pot $1.35 | Rake $0.05 
Board [9c Ac Td 2d 5c]
Seat 1: mastersashas showed [Qc Kc] and won ($1.30) with a flush, Ace high
Seat 2: Mogol-Mogol (button) mucked [8c Ah]
Seat 3: PokiArc (small blind) folded before Flop
Seat 4: 5258pb (big blind) folded on the Turn
Seat 5: Dorex2007 folded on the Turn
Seat 6: J@hR@st@f@ri folded before Flop (didn't bet)
Seat 7: TheFusa2003 folded before Flop (didn't bet)



PokerStars Hand #232168550692:  Hold'em No Limit ($0.01/$0.02 USD) - 2021/12/12 13:59:15 PT [2021/12/12 16:59:15 ET]
Table 'Luce' 9-max Seat #3 is the button
Seat 1: mastersashas ($2.67 in chips) 
Seat 2: Mogol-Mogol ($1.21 in chips) 
Seat 3: PokiArc ($2.47 in chips) 
Seat 4: 5258pb ($0.68 in chips) 
Seat 5: Dorex2007 ($3.93 in chips) 
Seat 6: J@hR@st@f@ri ($0.30 in chips) 
Seat 7: TheFusa2003 ($1.72 in chips) 
5258pb: posts small blind $0.01
Dorex2007: posts big blind $0.02
megazanos: sits out 
Mikmaq Caper is connected 
Mikmaq Caper: sits out 
*** HOLE CARDS ***
Dealt to Dorex2007 [3d Ah]
J@hR@st@f@ri: calls $0.02
TheFusa2003 has timed out
TheFusa2003: folds 
mastersashas: folds 
Mogol-Mogol: folds 
PokiArc: folds 
5258pb has timed out
5258pb: folds 
Dorex2007: checks 
*** FLOP *** [Tc 7s 8d]
Dorex2007: checks 
Mikmaq Caper is disconnected 
J@hR@st@f@ri: bets $0.06
Dorex2007: folds 
Uncalled bet ($0.06) returned to J@hR@st@f@ri
J@hR@st@f@ri collected $0.05 from pot
J@hR@st@f@ri: doesn't show hand 
*** SUMMARY ***
Total pot $0.05 | Rake $0 
Board [Tc 7s 8d]
Seat 1: mastersashas folded before Flop (didn't bet)
Seat 2: Mogol-Mogol folded before Flop (didn't bet)
Seat 3: PokiArc (button) folded before Flop (didn't bet)
Seat 4: 5258pb (small blind) folded before Flop
Seat 5: Dorex2007 (big blind) folded on the Flop
Seat 6: J@hR@st@f@ri collected ($0.05)
Seat 7: TheFusa2003 folded before Flop (didn't bet)



PokerStars Hand #232168568552:  Hold'em No Limit ($0.01/$0.02 USD) - 2021/12/12 14:00:05 PT [2021/12/12 17:00:05 ET]
Table 'Luce' 9-max Seat #4 is the button
Seat 1: mastersashas ($2.67 in chips) 
Seat 2: Mogol-Mogol ($1.21 in chips) 
Seat 3: PokiArc ($2.47 in chips) 
Seat 4: 5258pb ($0.67 in chips) 
Seat 5: Dorex2007 ($3.91 in chips) 
Seat 6: J@hR@st@f@ri ($0.33 in chips) 
Dorex2007: posts small blind $0.01
J@hR@st@f@ri: posts big blind $0.02
megazanos: sits out 
Mikmaq Caper has timed out while disconnected
Mikmaq Caper: is sitting out 
*** HOLE CARDS ***
Dealt to Dorex2007 [Qs 4h]
mastersashas has timed out
mastersashas: folds 
Mogol-Mogol: folds 
PokiArc: folds 
5258pb: calls $0.02
Dorex2007: calls $0.01
J@hR@st@f@ri: checks 
*** FLOP *** [As 8s 7h]
Dorex2007: checks 
J@hR@st@f@ri: bets $0.03
5258pb: calls $0.03
Dorex2007: folds 
*** TURN *** [As 8s 7h] [5h]
J@hR@st@f@ri: bets $0.12
5258pb: folds 
Uncalled bet ($0.12) returned to J@hR@st@f@ri
J@hR@st@f@ri collected $0.12 from pot
J@hR@st@f@ri: doesn't show hand 
*** SUMMARY ***
Total pot $0.12 | Rake $0 
Board [As 8s 7h 5h]
Seat 1: mastersashas folded before Flop (didn't bet)
Seat 2: Mogol-Mogol folded before Flop (didn't bet)
Seat 3: PokiArc folded before Flop (didn't bet)
Seat 4: 5258pb (button) folded on the Turn
Seat 5: Dorex2007 (small blind) folded on the Flop
Seat 6: J@hR@st@f@ri (big blind) collected ($0.12)



PokerStars Hand #232168593540:  Hold'em No Limit ($0.01/$0.02 USD) - 2021/12/12 14:01:08 PT [2021/12/12 17:01:08 ET]
Table 'Luce' 9-max Seat #5 is the button
Seat 1: mastersashas ($2.67 in chips) 
Seat 2: Mogol-Mogol ($1.21 in chips) 
Seat 3: PokiArc ($2.47 in chips) 
Seat 4: 5258pb ($0.62 in chips) 
Seat 5: Dorex2007 ($3.89 in chips) 
Seat 6: J@hR@st@f@ri ($0.40 in chips) 
Seat 8: megazanos ($2 in chips) 
J@hR@st@f@ri: posts small blind $0.01
megazanos: posts big blind $0.02
Mikmaq Caper: sits out 
*** HOLE CARDS ***
Dealt to Dorex2007 [4s Jd]
Mogol-Mogol is disconnected 
mastersashas has timed out
mastersashas: folds 
Mogol-Mogol has timed out while disconnected
Mogol-Mogol: folds 
PokiArc: raises $0.04 to $0.06
5258pb: raises $0.08 to $0.14
Dorex2007: folds 
J@hR@st@f@ri: raises $0.26 to $0.40 and is all-in
megazanos: folds 
PokiArc: folds 
5258pb: calls $0.26
J@hR@st@f@ri has timed out
*** FLOP *** [4c Ad 5d]
*** TURN *** [4c Ad 5d] [Td]
*** RIVER *** [4c Ad 5d Td] [Ts]
*** SHOW DOWN ***
J@hR@st@f@ri: shows [Kh Ks] (two pair, Kings and Tens)
5258pb: shows [9c 9h] (two pair, Tens and Nines)
J@hR@st@f@ri collected $0.85 from pot
*** SUMMARY ***
Total pot $0.88 | Rake $0.03 
Board [4c Ad 5d Td Ts]
Seat 1: mastersashas folded before Flop (didn't bet)
Seat 2: Mogol-Mogol folded before Flop (didn't bet)
Seat 3: PokiArc folded before Flop
Seat 4: 5258pb showed [9c 9h] and lost with two pair, Tens and Nines
Seat 5: Dorex2007 (button) folded before Flop (didn't bet)
Seat 6: J@hR@st@f@ri (small blind) showed [Kh Ks] and won ($0.85) with two pair, Kings and Tens
Seat 8: megazanos (big blind) folded before Flop



PokerStars Hand #232168625180:  Hold'em No Limit ($0.01/$0.02 USD) - 2021/12/12 14:02:15 PT [2021/12/12 17:02:15 ET]
Table 'Luce' 9-max Seat #6 is the button
Seat 1: mastersashas ($2.67 in chips) 
Seat 3: PokiArc ($2.41 in chips) 
Seat 4: 5258pb ($0.22 in chips) 
Seat 5: Dorex2007 ($3.89 in chips) 
Seat 6: J@hR@st@f@ri ($0.85 in chips) 
Seat 8: megazanos ($2 in chips) 
Seat 9: Mikmaq Caper ($0.80 in chips) 
megazanos: posts small blind $0.01
Mikmaq Caper: posts big blind $0.02
*** HOLE CARDS ***
Dealt to Dorex2007 [Td 3d]
mastersashas: folds 
PokiArc: folds 
5258pb: calls $0.02
Dorex2007: folds 
J@hR@st@f@ri: calls $0.02
megazanos: folds 
Mikmaq Caper: checks 
*** FLOP *** [Kd 5d 4d]
5258pb said, "zzzzzzzzzzzzzzzzzzzzzzzzz"
Mikmaq Caper has timed out
Mikmaq Caper: checks 
5258pb: checks 
J@hR@st@f@ri: checks 
*** TURN *** [Kd 5d 4d] [3s]
Mikmaq Caper: bets $0.03
5258pb: raises $0.17 to $0.20 and is all-in
J@hR@st@f@ri: folds 
Mikmaq Caper: calls $0.17
*** RIVER *** [Kd 5d 4d 3s] [3c]
*** SHOW DOWN ***
Mikmaq Caper: shows [7d Kc] (two pair, Kings and Threes)
5258pb: shows [3h 2h] (three of a kind, Threes)
5258pb collected $0.45 from pot
*** SUMMARY ***
Total pot $0.47 | Rake $0.02 
Board [Kd 5d 4d 3s 3c]
Seat 1: mastersashas folded before Flop (didn't bet)
Seat 3: PokiArc folded before Flop (didn't bet)
Seat 4: 5258pb showed [3h 2h] and won ($0.45) with three of a kind, Threes
Seat 5: Dorex2007 folded before Flop (didn't bet)
Seat 6: J@hR@st@f@ri (button) folded on the Turn
Seat 8: megazanos (small blind) folded before Flop
Seat 9: Mikmaq Caper (big blind) showed [7d Kc] and lost with two pair, Kings and Threes



PokerStars Hand #232168670171:  Hold'em No Limit ($0.01/$0.02 USD) - 2021/12/12 14:03:40 PT [2021/12/12 17:03:40 ET]
Table 'Luce' 9-max Seat #8 is the button
Seat 1: mastersashas ($2.67 in chips) 
Seat 2: Mogol-Mogol ($1.21 in chips) 
Seat 3: PokiArc ($2.41 in chips) 
Seat 4: 5258pb ($0.45 in chips) 
Seat 5: Dorex2007 ($3.89 in chips) 
Seat 6: J@hR@st@f@ri ($0.83 in chips) 
Seat 8: megazanos ($2 in chips) 
Seat 9: Mikmaq Caper ($0.58 in chips) 
Mikmaq Caper: posts small blind $0.01
mastersashas: posts big blind $0.02
TheFusa2003: sits out 
*** HOLE CARDS ***
Dealt to Dorex2007 [4s Jc]
Mogol-Mogol: folds 
PokiArc: folds 
Mikmaq Caper said, "mavic"
5258pb has timed out
5258pb: folds 
Dorex2007: folds 
J@hR@st@f@ri: folds 
megazanos: folds 
Mikmaq Caper: folds 
Uncalled bet ($0.01) returned to mastersashas
mastersashas collected $0.02 from pot
mastersashas: doesn't show hand 
*** SUMMARY ***
Total pot $0.02 | Rake $0 
Seat 1: mastersashas (big blind) collected ($0.02)
Seat 2: Mogol-Mogol folded before Flop (didn't bet)
Seat 3: PokiArc folded before Flop (didn't bet)
Seat 4: 5258pb folded before Flop (didn't bet)
Seat 5: Dorex2007 folded before Flop (didn't bet)
Seat 6: J@hR@st@f@ri folded before Flop (didn't bet)
Seat 8: megazanos (button) folded before Flop (didn't bet)
Seat 9: Mikmaq Caper (small blind) folded before Flop



PokerStars Hand #232168682366:  Hold'em No Limit ($0.01/$0.02 USD) - 2021/12/12 14:04:03 PT [2021/12/12 17:04:03 ET]
Table 'Luce' 9-max Seat #9 is the button
Seat 1: mastersashas ($2.68 in chips) 
Seat 2: Mogol-Mogol ($1.21 in chips) 
Seat 3: PokiArc ($2.41 in chips) 
Seat 5: Dorex2007 ($3.89 in chips) 
Seat 6: J@hR@st@f@ri ($0.83 in chips) 
Seat 8: megazanos ($2 in chips) 
Seat 9: Mikmaq Caper ($0.57 in chips) 
mastersashas: posts small blind $0.01
Mogol-Mogol: posts big blind $0.02
TheFusa2003: sits out 
*** HOLE CARDS ***
Dealt to Dorex2007 [8d 2h]
PokiArc: folds 
Dorex2007: folds 
J@hR@st@f@ri: folds 
megazanos: folds 
Mikmaq Caper: calls $0.02
mastersashas: calls $0.01
Mogol-Mogol: checks 
*** FLOP *** [7c 6c Kh]
mastersashas: checks 
Mogol-Mogol: checks 
Mikmaq Caper: bets $0.03
mastersashas: folds 
Mogol-Mogol: folds 
Uncalled bet ($0.03) returned to Mikmaq Caper
Mikmaq Caper collected $0.06 from pot
*** SUMMARY ***
Total pot $0.06 | Rake $0 
Board [7c 6c Kh]
Seat 1: mastersashas (small blind) folded on the Flop
Seat 2: Mogol-Mogol (big blind) folded on the Flop
Seat 3: PokiArc folded before Flop (didn't bet)
Seat 5: Dorex2007 folded before Flop (didn't bet)
Seat 6: J@hR@st@f@ri folded before Flop (didn't bet)
Seat 8: megazanos folded before Flop (didn't bet)
Seat 9: Mikmaq Caper (button) collected ($0.06)



PokerStars Hand #232168702810:  Hold'em No Limit ($0.01/$0.02 USD) - 2021/12/12 14:04:41 PT [2021/12/12 17:04:41 ET]
Table 'Luce' 9-max Seat #1 is the button
Seat 1: mastersashas ($2.66 in chips) 
Seat 2: Mogol-Mogol ($1.19 in chips) 
Seat 3: PokiArc ($2.41 in chips) 
Seat 5: Dorex2007 ($3.89 in chips) 
Seat 6: J@hR@st@f@ri ($0.83 in chips) 
Seat 8: megazanos ($2 in chips) 
Seat 9: Mikmaq Caper ($0.61 in chips) 
Mogol-Mogol: posts small blind $0.01
PokiArc: posts big blind $0.02
TheFusa2003: sits out 
*** HOLE CARDS ***
Dealt to Dorex2007 [Qd Th]
Dorex2007: folds 
J@hR@st@f@ri: folds 
megazanos: folds 
Mikmaq Caper: calls $0.02
mastersashas: folds 
Mogol-Mogol: calls $0.01
PokiArc: raises $0.04 to $0.06
Mikmaq Caper: calls $0.04
Mogol-Mogol: folds 
*** FLOP *** [3d Jh 7c]
PokiArc: bets $0.07
Mikmaq Caper: folds 
Uncalled bet ($0.07) returned to PokiArc
PokiArc collected $0.14 from pot
*** SUMMARY ***
Total pot $0.14 | Rake $0 
Board [3d Jh 7c]
Seat 1: mastersashas (button) folded before Flop (didn't bet)
Seat 2: Mogol-Mogol (small blind) folded before Flop
Seat 3: PokiArc (big blind) collected ($0.14)
Seat 5: Dorex2007 folded before Flop (didn't bet)
Seat 6: J@hR@st@f@ri folded before Flop (didn't bet)
Seat 8: megazanos folded before Flop (didn't bet)
Seat 9: Mikmaq Caper folded on the Flop



PokerStars Hand #232168720210:  Hold'em No Limit ($0.01/$0.02 USD) - 2021/12/12 14:05:14 PT [2021/12/12 17:05:14 ET]
Table 'Luce' 9-max Seat #2 is the button
Seat 1: mastersashas ($2.66 in chips) 
Seat 2: Mogol-Mogol ($1.17 in chips) 
Seat 3: PokiArc ($2.49 in chips) 
Seat 5: Dorex2007 ($3.89 in chips) 
Seat 6: J@hR@st@f@ri ($0.83 in chips) 
Seat 7: TheFusa2003 ($2 in chips) 
Seat 8: megazanos ($2 in chips) 
Seat 9: Mikmaq Caper ($0.55 in chips) 
PokiArc: posts small blind $0.01
Dorex2007: posts big blind $0.02
TheFusa2003: posts small & big blinds $0.03
*** HOLE CARDS ***
Dealt to Dorex2007 [9h 5d]
J@hR@st@f@ri: calls $0.02
TheFusa2003: checks 
megazanos: calls $0.02
Mikmaq Caper: folds 
mastersashas: raises $0.02 to $0.04
Mogol-Mogol: folds 
PokiArc: folds 
Dorex2007: folds 
J@hR@st@f@ri: calls $0.02
TheFusa2003: calls $0.02
megazanos: calls $0.02
*** FLOP *** [6c 7h 5h]
J@hR@st@f@ri: checks 
TheFusa2003: checks 
megazanos: bets $0.13
mastersashas: folds 
J@hR@st@f@ri: folds 
mastersashas leaves the table
TheFusa2003: folds 
Uncalled bet ($0.13) returned to megazanos
megazanos collected $0.19 from pot
megazanos: doesn't show hand 
*** SUMMARY ***
Total pot $0.20 | Rake $0.01 
Board [6c 7h 5h]
Seat 1: mastersashas folded on the Flop
Seat 2: Mogol-Mogol (button) folded before Flop (didn't bet)
Seat 3: PokiArc (small blind) folded before Flop
Seat 5: Dorex2007 (big blind) folded before Flop
Seat 6: J@hR@st@f@ri folded on the Flop
Seat 7: TheFusa2003 folded on the Flop
Seat 8: megazanos collected ($0.19)
Seat 9: Mikmaq Caper folded before Flop (didn't bet)



PokerStars Hand #232168776612:  Hold'em No Limit ($0.01/$0.02 USD) - 2021/12/12 14:06:59 PT [2021/12/12 17:06:59 ET]
Table 'Luce' 9-max Seat #3 is the button
Seat 2: Mogol-Mogol ($1.17 in chips) 
Seat 3: PokiArc ($2.48 in chips) 
Seat 5: Dorex2007 ($3.87 in chips) 
Seat 6: J@hR@st@f@ri ($0.79 in chips) 
Seat 7: TheFusa2003 ($1.95 in chips) 
Seat 8: megazanos ($2.15 in chips) 
Seat 9: Mikmaq Caper ($0.55 in chips) 
Dorex2007: posts small blind $0.01
J@hR@st@f@ri: posts big blind $0.02
*** HOLE CARDS ***
Dealt to Dorex2007 [4h 6c]
TheFusa2003: folds 
megazanos: folds 
Mikmaq Caper has timed out
Mikmaq Caper: folds 
Mogol-Mogol: calls $0.02
PokiArc: raises $0.04 to $0.06
Dorex2007: folds 
J@hR@st@f@ri: calls $0.04
Mogol-Mogol: calls $0.04
*** FLOP *** [Td 2s 6s]
J@hR@st@f@ri: checks 
Mogol-Mogol: checks 
PokiArc: bets $0.09
J@hR@st@f@ri: calls $0.09
Mogol-Mogol: folds 
*** TURN *** [Td 2s 6s] [Jh]
J@hR@st@f@ri: checks 
PokiArc: bets $0.18
J@hR@st@f@ri: folds 
Uncalled bet ($0.18) returned to PokiArc
PokiArc collected $0.36 from pot
*** SUMMARY ***
Total pot $0.37 | Rake $0.01 
Board [Td 2s 6s Jh]
Seat 2: Mogol-Mogol folded on the Flop
Seat 3: PokiArc (button) collected ($0.36)
Seat 5: Dorex2007 (small blind) folded before Flop
Seat 6: J@hR@st@f@ri (big blind) folded on the Turn
Seat 7: TheFusa2003 folded before Flop (didn't bet)
Seat 8: megazanos folded before Flop (didn't bet)
Seat 9: Mikmaq Caper folded before Flop (didn't bet)



PokerStars Hand #232168810794:  Hold'em No Limit ($0.01/$0.02 USD) - 2021/12/12 14:08:03 PT [2021/12/12 17:08:03 ET]
Table 'Luce' 9-max Seat #5 is the button
Seat 2: Mogol-Mogol ($1.11 in chips) 
Seat 3: PokiArc ($2.69 in chips) 
Seat 5: Dorex2007 ($3.86 in chips) 
Seat 6: J@hR@st@f@ri ($0.64 in chips) 
Seat 7: TheFusa2003 ($1.95 in chips) 
Seat 8: megazanos ($2.15 in chips) 
Seat 9: Mikmaq Caper ($0.55 in chips) 
J@hR@st@f@ri: posts small blind $0.01
TheFusa2003: posts big blind $0.02
*** HOLE CARDS ***
Dealt to Dorex2007 [8c 3d]
megazanos: folds 
Mikmaq Caper: calls $0.02
Mogol-Mogol: calls $0.02
PokiArc: folds 
Dorex2007: folds 
J@hR@st@f@ri: calls $0.01
TheFusa2003: checks 
*** FLOP *** [2h Ks Td]
J@hR@st@f@ri: checks 
TheFusa2003: checks 
Mikmaq Caper: bets $0.04
Mogol-Mogol: calls $0.04
J@hR@st@f@ri: folds 
TheFusa2003: folds 
*** TURN *** [2h Ks Td] [Tc]
Mikmaq Caper: bets $0.15
Mogol-Mogol: calls $0.15
*** RIVER *** [2h Ks Td Tc] [Qh]
Mikmaq Caper: bets $0.34 and is all-in
Mogol-Mogol: calls $0.34
*** SHOW DOWN ***
Mikmaq Caper: shows [4s Ts] (three of a kind, Tens)
Mogol-Mogol: shows [Qs Js] (two pair, Queens and Tens)
Mikmaq Caper collected $1.10 from pot
*** SUMMARY ***
Total pot $1.14 | Rake $0.04 
Board [2h Ks Td Tc Qh]
Seat 2: Mogol-Mogol showed [Qs Js] and lost with two pair, Queens and Tens
Seat 3: PokiArc folded before Flop (didn't bet)
Seat 5: Dorex2007 (button) folded before Flop (didn't bet)
Seat 6: J@hR@st@f@ri (small blind) folded on the Flop
Seat 7: TheFusa2003 (big blind) folded on the Flop
Seat 8: megazanos folded before Flop (didn't bet)
Seat 9: Mikmaq Caper showed [4s Ts] and won ($1.10) with three of a kind, Tens



PokerStars Hand #232168870066:  Hold'em No Limit ($0.01/$0.02 USD) - 2021/12/12 14:09:37 PT [2021/12/12 17:09:37 ET]
Table 'Luce' 9-max Seat #6 is the button
Seat 2: Mogol-Mogol ($0.56 in chips) 
Seat 3: PokiArc ($2.69 in chips) 
Seat 5: Dorex2007 ($3.86 in chips) 
Seat 6: J@hR@st@f@ri ($0.62 in chips) 
Seat 7: TheFusa2003 ($1.93 in chips) 
Seat 8: megazanos ($2.15 in chips) 
Seat 9: Mikmaq Caper ($1.10 in chips) 
TheFusa2003: posts small blind $0.01
megazanos: posts big blind $0.02
*** HOLE CARDS ***
Dealt to Dorex2007 [Td 7h]
Mikmaq Caper: folds 
Mogol-Mogol: calls $0.02
PokiArc: folds 
Dorex2007: folds 
J@hR@st@f@ri: calls $0.02
TheFusa2003: folds 
megazanos: checks 
*** FLOP *** [2h 7d Ac]
Artiom198 joins the table at seat #1 
megazanos: checks 
Mogol-Mogol: checks 
J@hR@st@f@ri: bets $0.04
megazanos: folds 
Mogol-Mogol: calls $0.04
*** TURN *** [2h 7d Ac] [8s]
Mogol-Mogol: checks 
J@hR@st@f@ri: bets $0.06
Mogol-Mogol: calls $0.06
*** RIVER *** [2h 7d Ac 8s] [Jd]
Mogol-Mogol: checks 
J@hR@st@f@ri: bets $0.18
Mogol-Mogol: folds 
Uncalled bet ($0.18) returned to J@hR@st@f@ri
J@hR@st@f@ri collected $0.26 from pot
J@hR@st@f@ri: doesn't show hand 
*** SUMMARY ***
Total pot $0.27 | Rake $0.01 
Board [2h 7d Ac 8s Jd]
Seat 2: Mogol-Mogol folded on the River
Seat 3: PokiArc folded before Flop (didn't bet)
Seat 5: Dorex2007 folded before Flop (didn't bet)
Seat 6: J@hR@st@f@ri (button) collected ($0.26)
Seat 7: TheFusa2003 (small blind) folded before Flop
Seat 8: megazanos (big blind) folded on the Flop
Seat 9: Mikmaq Caper folded before Flop (didn't bet)



PokerStars Hand #232168908082:  Hold'em No Limit ($0.01/$0.02 USD) - 2021/12/12 14:10:49 PT [2021/12/12 17:10:49 ET]
Table 'Luce' 9-max Seat #7 is the button
Seat 2: Mogol-Mogol ($0.44 in chips) 
Seat 3: PokiArc ($2.69 in chips) 
Seat 5: Dorex2007 ($3.86 in chips) 
Seat 6: J@hR@st@f@ri ($0.76 in chips) 
Seat 7: TheFusa2003 ($1.92 in chips) 
Seat 8: megazanos ($2.13 in chips) 
Seat 9: Mikmaq Caper ($1.10 in chips) 
megazanos: posts small blind $0.01
Mikmaq Caper: posts big blind $0.02
*** HOLE CARDS ***
Dealt to Dorex2007 [Jd Ah]
Mogol-Mogol: calls $0.02
PokiArc: folds 
Dorex2007: calls $0.02
J@hR@st@f@ri: calls $0.02
TheFusa2003: folds 
megazanos: folds 
Mikmaq Caper: checks 
*** FLOP *** [2h 5c 7h]
Mikmaq Caper: checks 
Mogol-Mogol: checks 
Dorex2007: checks 
J@hR@st@f@ri: bets $0.04
Mikmaq Caper: folds 
Mogol-Mogol: calls $0.04
Dorex2007: folds 
*** TURN *** [2h 5c 7h] [Ts]
Mogol-Mogol: checks 
J@hR@st@f@ri: bets $0.06
Mogol-Mogol: calls $0.06
*** RIVER *** [2h 5c 7h Ts] [4d]
Mogol-Mogol: checks 
J@hR@st@f@ri: bets $0.14
Mogol-Mogol: folds 
Uncalled bet ($0.14) returned to J@hR@st@f@ri
J@hR@st@f@ri collected $0.28 from pot
J@hR@st@f@ri: doesn't show hand 
*** SUMMARY ***
Total pot $0.29 | Rake $0.01 
Board [2h 5c 7h Ts 4d]
Seat 2: Mogol-Mogol folded on the River
Seat 3: PokiArc folded before Flop (didn't bet)
Seat 5: Dorex2007 folded on the Flop
Seat 6: J@hR@st@f@ri collected ($0.28)
Seat 7: TheFusa2003 (button) folded before Flop (didn't bet)
Seat 8: megazanos (small blind) folded before Flop
Seat 9: Mikmaq Caper (big blind) folded on the Flop



PokerStars Hand #232168936751:  Hold'em No Limit ($0.01/$0.02 USD) - 2021/12/12 14:11:43 PT [2021/12/12 17:11:43 ET]
Table 'Luce' 9-max Seat #8 is the button
Seat 2: Mogol-Mogol ($0.32 in chips) 
Seat 3: PokiArc ($2.69 in chips) 
Seat 5: Dorex2007 ($3.84 in chips) 
Seat 6: J@hR@st@f@ri ($0.92 in chips) 
Seat 7: TheFusa2003 ($1.92 in chips) 
Seat 8: megazanos ($2.12 in chips) 
Seat 9: Mikmaq Caper ($1.08 in chips) 
Mikmaq Caper: posts small blind $0.01
Mogol-Mogol: posts big blind $0.02
*** HOLE CARDS ***
Dealt to Dorex2007 [9h 8h]
PokiArc: folds 
Dorex2007: calls $0.02
J@hR@st@f@ri: calls $0.02
TheFusa2003: calls $0.02
megazanos: folds 
Mikmaq Caper: calls $0.01
Mogol-Mogol: checks 
*** FLOP *** [As 5d 2s]
Mikmaq Caper: bets $0.02
Mogol-Mogol: calls $0.02
Dorex2007: folds 
J@hR@st@f@ri: calls $0.02
TheFusa2003: folds 
*** TURN *** [As 5d 2s] [5c]
Mikmaq Caper: checks 
Mogol-Mogol: checks 
J@hR@st@f@ri: bets $0.08
Mikmaq Caper: calls $0.08
Mogol-Mogol: folds 
*** RIVER *** [As 5d 2s 5c] [Ah]
Mikmaq Caper: checks 
J@hR@st@f@ri: bets $0.31
Mikmaq Caper: calls $0.31
*** SHOW DOWN ***
J@hR@st@f@ri: shows [6s Ad] (a full house, Aces full of Fives)
Mikmaq Caper: mucks hand 
J@hR@st@f@ri collected $0.91 from pot
*** SUMMARY ***
Total pot $0.94 | Rake $0.03 
Board [As 5d 2s 5c Ah]
Seat 2: Mogol-Mogol (big blind) folded on the Turn
Seat 3: PokiArc folded before Flop (didn't bet)
Seat 5: Dorex2007 folded on the Flop
Seat 6: J@hR@st@f@ri showed [6s Ad] and won ($0.91) with a full house, Aces full of Fives
Seat 7: TheFusa2003 folded on the Flop
Seat 8: megazanos (button) folded before Flop (didn't bet)
Seat 9: Mikmaq Caper (small blind) mucked [4c 5h]



PokerStars Hand #232168972578:  Hold'em No Limit ($0.01/$0.02 USD) - 2021/12/12 14:12:52 PT [2021/12/12 17:12:52 ET]
Table 'Luce' 9-max Seat #9 is the button
Seat 2: Mogol-Mogol ($0.28 in chips) 
Seat 3: PokiArc ($2.69 in chips) 
Seat 5: Dorex2007 ($3.82 in chips) 
Seat 6: J@hR@st@f@ri ($1.40 in chips) 
Seat 7: TheFusa2003 ($1.90 in chips) 
Seat 8: megazanos ($2.12 in chips) 
Seat 9: Mikmaq Caper ($0.65 in chips) 
Mogol-Mogol: posts small blind $0.01
PokiArc: posts big blind $0.02
*** HOLE CARDS ***
Dealt to Dorex2007 [Jc 2c]
Dorex2007: folds 
J@hR@st@f@ri: calls $0.02
TheFusa2003 has timed out
TheFusa2003: folds 
megazanos: folds 
Mikmaq Caper: calls $0.02
Mogol-Mogol: calls $0.01
PokiArc: checks 
*** FLOP *** [2d Qc Td]
Mogol-Mogol: checks 
PokiArc: bets $0.08
J@hR@st@f@ri: folds 
Mikmaq Caper: calls $0.08
Mogol-Mogol: calls $0.08
*** TURN *** [2d Qc Td] [5s]
Mogol-Mogol: checks 
PokiArc: bets $0.31
Mikmaq Caper: raises $0.24 to $0.55 and is all-in
Mogol-Mogol: folds 
PokiArc: calls $0.24
*** RIVER *** [2d Qc Td 5s] [7s]
*** SHOW DOWN ***
PokiArc: shows [Qd Ts] (two pair, Queens and Tens)
Mikmaq Caper: shows [8d Ad] (high card Ace)
PokiArc collected $1.37 from pot
*** SUMMARY ***
Total pot $1.42 | Rake $0.05 
Board [2d Qc Td 5s 7s]
Seat 2: Mogol-Mogol (small blind) folded on the Turn
Seat 3: PokiArc (big blind) showed [Qd Ts] and won ($1.37) with two pair, Queens and Tens
Seat 5: Dorex2007 folded before Flop (didn't bet)
Seat 6: J@hR@st@f@ri folded on the Flop
Seat 7: TheFusa2003 folded before Flop (didn't bet)
Seat 8: megazanos folded before Flop (didn't bet)
Seat 9: Mikmaq Caper (button) showed [8d Ad] and lost with high card Ace



PokerStars Hand #232169009065:  Hold'em No Limit ($0.01/$0.02 USD) - 2021/12/12 14:14:02 PT [2021/12/12 17:14:02 ET]
Table 'Luce' 9-max Seat #2 is the button
Seat 1: Artiom198 ($2 in chips) 
Seat 2: Mogol-Mogol ($0.18 in chips) 
Seat 3: PokiArc ($3.41 in chips) 
Seat 5: Dorex2007 ($3.82 in chips) 
Seat 6: J@hR@st@f@ri ($1.38 in chips) 
Seat 7: TheFusa2003 ($1.90 in chips) 
Seat 8: megazanos ($2.12 in chips) 
PokiArc: posts small blind $0.01
Dorex2007: posts big blind $0.02
Artiom198: posts big blind $0.02
*** HOLE CARDS ***
Dealt to Dorex2007 [6d Jd]
J@hR@st@f@ri: calls $0.02
TheFusa2003: raises $0.02 to $0.04
megazanos: folds 
Artiom198: calls $0.02
Mogol-Mogol: calls $0.04
Mikmaq Caper said, "tough table "
PokiArc: raises $0.10 to $0.14
Dorex2007: folds 
J@hR@st@f@ri: folds 
Mikmaq Caper leaves the table
TheFusa2003: calls $0.10
Artiom198: folds 
Mogol-Mogol: folds 
*** FLOP *** [4d Td 2h]
PokiArc: bets $0.20
TheFusa2003: folds 
Uncalled bet ($0.20) returned to PokiArc
PokiArc collected $0.39 from pot
*** SUMMARY ***
Total pot $0.40 | Rake $0.01 
Board [4d Td 2h]
Seat 1: Artiom198 folded before Flop
Seat 2: Mogol-Mogol (button) folded before Flop
Seat 3: PokiArc (small blind) collected ($0.39)
Seat 5: Dorex2007 (big blind) folded before Flop
Seat 6: J@hR@st@f@ri folded before Flop
Seat 7: TheFusa2003 folded on the Flop
Seat 8: megazanos folded before Flop (didn't bet)



PokerStars Hand #232169037597:  Hold'em No Limit ($0.01/$0.02 USD) - 2021/12/12 14:14:58 PT [2021/12/12 17:14:58 ET]
Table 'Luce' 9-max Seat #3 is the button
Seat 1: Artiom198 ($2 in chips) 
Seat 2: Mogol-Mogol ($0.14 in chips) 
Seat 3: PokiArc ($3.66 in chips) 
Seat 5: Dorex2007 ($3.80 in chips) 
Seat 6: J@hR@st@f@ri ($1.36 in chips) 
Seat 7: TheFusa2003 ($1.76 in chips) 
Seat 8: megazanos ($2.12 in chips) 
Dorex2007: posts small blind $0.01
J@hR@st@f@ri: posts big blind $0.02
*** HOLE CARDS ***
Dealt to Dorex2007 [Jh 9c]
TheFusa2003: folds 
megazanos: folds 
Artiom198: folds 
Mogol-Mogol: calls $0.02
PokiArc: raises $0.04 to $0.06
Dorex2007: folds 
J@hR@st@f@ri: folds 
Mogol-Mogol: calls $0.04
*** FLOP *** [7h Jc 5h]
Mogol-Mogol: checks 
PokiArc: checks 
*** TURN *** [7h Jc 5h] [9d]
Mogol-Mogol: checks 
Gregory_Paz1994 joins the table at seat #9 
PokiArc: checks 
*** RIVER *** [7h Jc 5h 9d] [4c]
Mogol-Mogol: checks 
PokiArc: checks 
*** SHOW DOWN ***
Mogol-Mogol: shows [8d Kh] (high card King)
PokiArc: shows [Kc Tc] (high card King - Jack+Ten kicker)
PokiArc collected $0.14 from pot
*** SUMMARY ***
Total pot $0.15 | Rake $0.01 
Board [7h Jc 5h 9d 4c]
Seat 1: Artiom198 folded before Flop (didn't bet)
Seat 2: Mogol-Mogol showed [8d Kh] and lost with high card King
Seat 3: PokiArc (button) showed [Kc Tc] and won ($0.14) with high card King
Seat 5: Dorex2007 (small blind) folded before Flop
Seat 6: J@hR@st@f@ri (big blind) folded before Flop
Seat 7: TheFusa2003 folded before Flop (didn't bet)
Seat 8: megazanos folded before Flop (didn't bet)



PokerStars Hand #232169064842:  Hold'em No Limit ($0.01/$0.02 USD) - 2021/12/12 14:15:50 PT [2021/12/12 17:15:50 ET]
Table 'Luce' 9-max Seat #5 is the button
Seat 1: Artiom198 ($2 in chips) 
Seat 2: Mogol-Mogol ($0.08 in chips) 
Seat 3: PokiArc ($3.74 in chips) 
Seat 5: Dorex2007 ($3.79 in chips) 
Seat 6: J@hR@st@f@ri ($1.34 in chips) 
Seat 7: TheFusa2003 ($1.76 in chips) 
Seat 8: megazanos ($2.12 in chips) 
J@hR@st@f@ri: posts small blind $0.01
TheFusa2003: posts big blind $0.02
Gregory_Paz1994: sits out 
*** HOLE CARDS ***
Dealt to Dorex2007 [4h Ts]
megazanos: folds 
Artiom198: folds 
Mogol-Mogol: calls $0.02
PokiArc: folds 
Dorex2007: folds 
J@hR@st@f@ri: calls $0.01
TheFusa2003: checks 
*** FLOP *** [2c 5c 6s]
J@hR@st@f@ri: bets $0.04
TheFusa2003: folds 
Mogol-Mogol: raises $0.02 to $0.06 and is all-in
J@hR@st@f@ri: calls $0.02
*** TURN *** [2c 5c 6s] [As]
*** RIVER *** [2c 5c 6s As] [4c]
*** SHOW DOWN ***
J@hR@st@f@ri: shows [Kh 4s] (a pair of Fours)
Mogol-Mogol: shows [2s 3s] (a straight, Deuce to Six)
Mogol-Mogol cashed out the hand for $0.12
*** SUMMARY ***
Total pot $0.18 | Rake $0.01 
Board [2c 5c 6s As 4c]
Seat 1: Artiom198 folded before Flop (didn't bet)
Seat 2: Mogol-Mogol showed [2s 3s] and won ($0.17) with a straight, Deuce to Six (pot not awarded as player cashed out)
Seat 3: PokiArc folded before Flop (didn't bet)
Seat 5: Dorex2007 (button) folded before Flop (didn't bet)
Seat 6: J@hR@st@f@ri (small blind) showed [Kh 4s] and lost with a pair of Fours
Seat 7: TheFusa2003 (big blind) folded on the Flop
Seat 8: megazanos folded before Flop (didn't bet)



PokerStars Hand #232169093474:  Hold'em No Limit ($0.01/$0.02 USD) - 2021/12/12 14:16:46 PT [2021/12/12 17:16:46 ET]
Table 'Luce' 9-max Seat #6 is the button
Seat 1: Artiom198 ($2 in chips) 
Seat 2: Mogol-Mogol ($0.12 in chips) 
Seat 3: PokiArc ($3.74 in chips) 
Seat 5: Dorex2007 ($3.79 in chips) 
Seat 6: J@hR@st@f@ri ($1.26 in chips) 
Seat 7: TheFusa2003 ($1.98 in chips) 
Seat 8: megazanos ($2.12 in chips) 
Seat 9: Gregory_Paz1994 ($0.80 in chips) 
TheFusa2003: posts small blind $0.01
megazanos: posts big blind $0.02
Gregory_Paz1994: posts big blind $0.02
*** HOLE CARDS ***
Dealt to Dorex2007 [Ac Qs]
Gregory_Paz1994: checks 
Artiom198: folds 
Mogol-Mogol: folds 
PokiArc: raises $0.04 to $0.06
Dorex2007: calls $0.06
J@hR@st@f@ri: folds 
TheFusa2003: folds 
megazanos: folds 
Gregory_Paz1994: folds 
*** FLOP *** [8h 3c Jd]
PokiArc: bets $0.16
Dorex2007: folds 
Uncalled bet ($0.16) returned to PokiArc
PokiArc collected $0.16 from pot
*** SUMMARY ***
Total pot $0.17 | Rake $0.01 
Board [8h 3c Jd]
Seat 1: Artiom198 folded before Flop (didn't bet)
Seat 2: Mogol-Mogol folded before Flop (didn't bet)
Seat 3: PokiArc collected ($0.16)
Seat 5: Dorex2007 folded on the Flop
Seat 6: J@hR@st@f@ri (button) folded before Flop (didn't bet)
Seat 7: TheFusa2003 (small blind) folded before Flop
Seat 8: megazanos (big blind) folded before Flop
Seat 9: Gregory_Paz1994 folded before Flop (didn't bet)



PokerStars Hand #232169116313:  Hold'em No Limit ($0.01/$0.02 USD) - 2021/12/12 14:17:30 PT [2021/12/12 17:17:30 ET]
Table 'Luce' 9-max Seat #7 is the button
Seat 1: Artiom198 ($2 in chips) 
Seat 2: Mogol-Mogol ($0.12 in chips) 
Seat 3: PokiArc ($3.84 in chips) 
Seat 5: Dorex2007 ($3.73 in chips) 
Seat 6: J@hR@st@f@ri ($1.26 in chips) 
Seat 7: TheFusa2003 ($1.97 in chips) 
Seat 8: megazanos ($2.10 in chips) 
Seat 9: Gregory_Paz1994 ($0.78 in chips) 
megazanos: posts small blind $0.01
Gregory_Paz1994: posts big blind $0.02
*** HOLE CARDS ***
Dealt to Dorex2007 [Kc Js]
Artiom198: folds 
Mogol-Mogol: calls $0.02
PokiArc: raises $0.04 to $0.06
Dorex2007: folds 
J@hR@st@f@ri: folds 
TheFusa2003: folds 
megazanos: folds 
Gregory_Paz1994: folds 
Mogol-Mogol: calls $0.04
*** FLOP *** [Kh 3s 2h]
Mogol-Mogol: bets $0.02
PokiArc: raises $0.02 to $0.04
Mogol-Mogol: calls $0.02
*** TURN *** [Kh 3s 2h] [8h]
Mogol-Mogol: bets $0.02 and is all-in
PokiArc: calls $0.02
*** RIVER *** [Kh 3s 2h 8h] [6c]
*** SHOW DOWN ***
Mogol-Mogol: shows [Td Qh] (high card King)
PokiArc: shows [4h 4c] (a pair of Fours)
PokiArc collected $0.26 from pot
Mogol-Mogol cashed out the hand for $0.08
*** SUMMARY ***
Total pot $0.27 | Rake $0.01 
Board [Kh 3s 2h 8h 6c]
Seat 1: Artiom198 folded before Flop (didn't bet)
Seat 2: Mogol-Mogol showed [Td Qh] and lost with high card King (cashed out).
Seat 3: PokiArc showed [4h 4c] and won ($0.26) with a pair of Fours
Seat 5: Dorex2007 folded before Flop (didn't bet)
Seat 6: J@hR@st@f@ri folded before Flop (didn't bet)
Seat 7: TheFusa2003 (button) folded before Flop (didn't bet)
Seat 8: megazanos (small blind) folded before Flop
Seat 9: Gregory_Paz1994 (big blind) folded before Flop



PokerStars Hand #232169182480:  Hold'em No Limit ($0.01/$0.02 USD) - 2021/12/12 14:19:28 PT [2021/12/12 17:19:28 ET]
Table 'Luce' 9-max Seat #9 is the button
Seat 1: Artiom198 ($2 in chips) 
Seat 2: Mogol-Mogol ($0.08 in chips) 
Seat 3: PokiArc ($3.82 in chips) 
Seat 5: Dorex2007 ($3.73 in chips) 
Seat 6: J@hR@st@f@ri ($1.26 in chips) 
Seat 7: TheFusa2003 ($2.28 in chips) 
Seat 8: megazanos ($2.09 in chips) 
Seat 9: Gregory_Paz1994 ($0.75 in chips) 
Artiom198: posts small blind $0.01
Mogol-Mogol: posts big blind $0.02
*** HOLE CARDS ***
Dealt to Dorex2007 [Qh Kc]
PokiArc: folds 
Dorex2007: raises $0.04 to $0.06
J@hR@st@f@ri: folds 
TheFusa2003: folds 
megazanos has timed out
megazanos: folds 
Gregory_Paz1994: folds 
Artiom198: calls $0.05
Mogol-Mogol: folds 
*** FLOP *** [7s 6d Ad]
Artiom198: checks 
Dorex2007: bets $0.07
Artiom198: folds 
Uncalled bet ($0.07) returned to Dorex2007
Dorex2007 collected $0.14 from pot
Dorex2007: doesn't show hand 
*** SUMMARY ***
Total pot $0.14 | Rake $0 
Board [7s 6d Ad]
Seat 1: Artiom198 (small blind) folded on the Flop
Seat 2: Mogol-Mogol (big blind) folded before Flop
Seat 3: PokiArc folded before Flop (didn't bet)
Seat 5: Dorex2007 collected ($0.14)
Seat 6: J@hR@st@f@ri folded before Flop (didn't bet)
Seat 7: TheFusa2003 folded before Flop (didn't bet)
Seat 8: megazanos folded before Flop (didn't bet)
Seat 9: Gregory_Paz1994 (button) folded before Flop (didn't bet)



PokerStars Hand #232169205984:  Hold'em No Limit ($0.01/$0.02 USD) - 2021/12/12 14:20:14 PT [2021/12/12 17:20:14 ET]
Table 'Luce' 9-max Seat #1 is the button
Seat 1: Artiom198 ($2 in chips) 
Seat 2: Mogol-Mogol ($0.06 in chips) 
Seat 3: PokiArc ($3.82 in chips) 
Seat 5: Dorex2007 ($3.81 in chips) 
Seat 6: J@hR@st@f@ri ($1.26 in chips) 
Seat 7: TheFusa2003 ($2.28 in chips) 
Seat 8: megazanos ($2.09 in chips) 
Seat 9: Gregory_Paz1994 ($0.75 in chips) 
Mogol-Mogol: posts small blind $0.01
PokiArc: posts big blind $0.02
*** HOLE CARDS ***
Dealt to Dorex2007 [3c 7c]
Dorex2007: folds 
J@hR@st@f@ri: folds 
TheFusa2003: folds 
megazanos: folds 
Gregory_Paz1994: folds 
Artiom198: folds 
Mogol-Mogol: folds 
Uncalled bet ($0.01) returned to PokiArc
PokiArc collected $0.02 from pot
*** SUMMARY ***
Total pot $0.02 | Rake $0 
Seat 1: Artiom198 (button) folded before Flop (didn't bet)
Seat 2: Mogol-Mogol (small blind) folded before Flop
Seat 3: PokiArc (big blind) collected ($0.02)
Seat 5: Dorex2007 folded before Flop (didn't bet)
Seat 6: J@hR@st@f@ri folded before Flop (didn't bet)
Seat 7: TheFusa2003 folded before Flop (didn't bet)
Seat 8: megazanos folded before Flop (didn't bet)
Seat 9: Gregory_Paz1994 folded before Flop (didn't bet)



PokerStars Hand #232169217600:  Hold'em No Limit ($0.01/$0.02 USD) - 2021/12/12 14:20:37 PT [2021/12/12 17:20:37 ET]
Table 'Luce' 9-max Seat #2 is the button
Seat 1: Artiom198 ($2 in chips) 
Seat 2: Mogol-Mogol ($0.05 in chips) 
Seat 3: PokiArc ($3.83 in chips) 
Seat 5: Dorex2007 ($3.81 in chips) 
Seat 6: J@hR@st@f@ri ($1.26 in chips) 
Seat 7: TheFusa2003 ($2.28 in chips) 
Seat 8: megazanos ($2.09 in chips) 
Seat 9: Gregory_Paz1994 ($0.75 in chips) 
PokiArc: posts small blind $0.01
Dorex2007: posts big blind $0.02
*** HOLE CARDS ***
Dealt to Dorex2007 [4c 9s]
J@hR@st@f@ri: calls $0.02
TheFusa2003: calls $0.02
megazanos: folds 
Gregory_Paz1994: folds 
Artiom198: folds 
Mogol-Mogol: raises $0.03 to $0.05 and is all-in
PokiArc: calls $0.04
Dorex2007: folds 
J@hR@st@f@ri: calls $0.03
TheFusa2003: calls $0.03
*** FLOP *** [7h Kd Td]
PokiArc: checks 
J@hR@st@f@ri: checks 
TheFusa2003: checks 
*** TURN *** [7h Kd Td] [Js]
PokiArc: checks 
J@hR@st@f@ri: bets $0.06
TheFusa2003: folds 
PokiArc: calls $0.06
*** RIVER *** [7h Kd Td Js] [Jc]
PokiArc: checks 
J@hR@st@f@ri: bets $0.12
PokiArc: folds 
Uncalled bet ($0.12) returned to J@hR@st@f@ri
*** SHOW DOWN ***
J@hR@st@f@ri: shows [3h As] (a pair of Jacks)
J@hR@st@f@ri collected $0.12 from side pot
Mogol-Mogol: shows [Jd Tc] (a full house, Jacks full of Tens)
Mogol-Mogol collected $0.21 from main pot
*** SUMMARY ***
Total pot $0.34 Main pot $0.21. Side pot $0.12. | Rake $0.01 
Board [7h Kd Td Js Jc]
Seat 1: Artiom198 folded before Flop (didn't bet)
Seat 2: Mogol-Mogol (button) showed [Jd Tc] and won ($0.21) with a full house, Jacks full of Tens
Seat 3: PokiArc (small blind) folded on the River
Seat 5: Dorex2007 (big blind) folded before Flop
Seat 6: J@hR@st@f@ri showed [3h As] and won ($0.12) with a pair of Jacks
Seat 7: TheFusa2003 folded on the Turn
Seat 8: megazanos folded before Flop (didn't bet)
Seat 9: Gregory_Paz1994 folded before Flop (didn't bet)



PokerStars Hand #232169275444:  Hold'em No Limit ($0.01/$0.02 USD) - 2021/12/12 14:22:30 PT [2021/12/12 17:22:30 ET]
Table 'Luce' 9-max Seat #3 is the button
Seat 1: Artiom198 ($2 in chips) 
Seat 2: Mogol-Mogol ($0.21 in chips) 
Seat 3: PokiArc ($3.72 in chips) 
Seat 5: Dorex2007 ($3.79 in chips) 
Seat 6: J@hR@st@f@ri ($1.27 in chips) 
Seat 7: TheFusa2003 ($2.23 in chips) 
Seat 8: megazanos ($2.09 in chips) 
Seat 9: Gregory_Paz1994 ($0.75 in chips) 
Dorex2007: posts small blind $0.01
J@hR@st@f@ri: posts big blind $0.02
*** HOLE CARDS ***
Dealt to Dorex2007 [Th Ks]
TheFusa2003: folds 
megazanos: folds 
Gregory_Paz1994: folds 
Artiom198: folds 
Mogol-Mogol: folds 
PokiArc: raises $0.04 to $0.06
Dorex2007: folds 
J@hR@st@f@ri: folds 
Uncalled bet ($0.04) returned to PokiArc
PokiArc collected $0.05 from pot
*** SUMMARY ***
Total pot $0.05 | Rake $0 
Seat 1: Artiom198 folded before Flop (didn't bet)
Seat 2: Mogol-Mogol folded before Flop (didn't bet)
Seat 3: PokiArc (button) collected ($0.05)
Seat 5: Dorex2007 (small blind) folded before Flop
Seat 6: J@hR@st@f@ri (big blind) folded before Flop
Seat 7: TheFusa2003 folded before Flop (didn't bet)
Seat 8: megazanos folded before Flop (didn't bet)
Seat 9: Gregory_Paz1994 folded before Flop (didn't bet)



PokerStars Hand #232169290939:  Hold'em No Limit ($0.01/$0.02 USD) - 2021/12/12 14:23:01 PT [2021/12/12 17:23:01 ET]
Table 'Luce' 9-max Seat #5 is the button
Seat 1: Artiom198 ($2 in chips) 
Seat 2: Mogol-Mogol ($0.21 in chips) 
Seat 3: PokiArc ($3.75 in chips) 
Seat 5: Dorex2007 ($3.78 in chips) 
Seat 6: J@hR@st@f@ri ($1.25 in chips) 
Seat 7: TheFusa2003 ($2.23 in chips) 
Seat 8: megazanos ($2.09 in chips) 
Seat 9: Gregory_Paz1994 ($0.75 in chips) 
J@hR@st@f@ri: posts small blind $0.01
TheFusa2003: posts big blind $0.02
*** HOLE CARDS ***
Dealt to Dorex2007 [9s 3s]
megazanos: folds 
Gregory_Paz1994: folds 
Artiom198: calls $0.02
Mogol-Mogol: calls $0.02
PokiArc: folds 
Dorex2007: folds 
J@hR@st@f@ri: calls $0.01
TheFusa2003: checks 
*** FLOP *** [Qc 2h 6d]
J@hR@st@f@ri: checks 
TheFusa2003: checks 
Artiom198: checks 
Mogol-Mogol: checks 
*** TURN *** [Qc 2h 6d] [6s]
J@hR@st@f@ri: checks 
TheFusa2003: checks 
Artiom198: bets $0.02
Mogol-Mogol: calls $0.02
J@hR@st@f@ri: raises $0.06 to $0.08
TheFusa2003: folds 
Artiom198: folds 
Mogol-Mogol: folds 
Uncalled bet ($0.06) returned to J@hR@st@f@ri
J@hR@st@f@ri collected $0.14 from pot
J@hR@st@f@ri: doesn't show hand 
*** SUMMARY ***
Total pot $0.14 | Rake $0 
Board [Qc 2h 6d 6s]
Seat 1: Artiom198 folded on the Turn
Seat 2: Mogol-Mogol folded on the Turn
Seat 3: PokiArc folded before Flop (didn't bet)
Seat 5: Dorex2007 (button) folded before Flop (didn't bet)
Seat 6: J@hR@st@f@ri (small blind) collected ($0.14)
Seat 7: TheFusa2003 (big blind) folded on the Turn
Seat 8: megazanos folded before Flop (didn't bet)
Seat 9: Gregory_Paz1994 folded before Flop (didn't bet)



PokerStars Hand #232169360203:  Hold'em No Limit ($0.01/$0.02 USD) - 2021/12/12 14:25:17 PT [2021/12/12 17:25:17 ET]
Table 'Luce' 9-max Seat #6 is the button
Seat 1: Artiom198 ($2 in chips) 
Seat 2: Mogol-Mogol ($0.17 in chips) 
Seat 3: PokiArc ($3.75 in chips) 
Seat 5: Dorex2007 ($3.78 in chips) 
Seat 6: J@hR@st@f@ri ($1.35 in chips) 
Seat 7: TheFusa2003 ($2.21 in chips) 
Seat 8: megazanos ($2.09 in chips) 
Seat 9: Gregory_Paz1994 ($0.75 in chips) 
TheFusa2003: posts small blind $0.01
megazanos: posts big blind $0.02
*** HOLE CARDS ***
Dealt to Dorex2007 [9c 5c]
Gregory_Paz1994: folds 
Artiom198: folds 
Mogol-Mogol: folds 
PokiArc: raises $0.04 to $0.06
Dorex2007: folds 
J@hR@st@f@ri: calls $0.06
TheFusa2003: folds 
megazanos: folds 
*** FLOP *** [6s Ad Kd]
PokiArc: checks 
J@hR@st@f@ri: bets $0.04
PokiArc: calls $0.04
*** TURN *** [6s Ad Kd] [9d]
PokiArc: checks 
J@hR@st@f@ri: bets $0.18
PokiArc: folds 
Uncalled bet ($0.18) returned to J@hR@st@f@ri
J@hR@st@f@ri collected $0.22 from pot
J@hR@st@f@ri: doesn't show hand 
*** SUMMARY ***
Total pot $0.23 | Rake $0.01 
Board [6s Ad Kd 9d]
Seat 1: Artiom198 folded before Flop (didn't bet)
Seat 2: Mogol-Mogol folded before Flop (didn't bet)
Seat 3: PokiArc folded on the Turn
Seat 5: Dorex2007 folded before Flop (didn't bet)
Seat 6: J@hR@st@f@ri (button) collected ($0.22)
Seat 7: TheFusa2003 (small blind) folded before Flop
Seat 8: megazanos (big blind) folded before Flop
Seat 9: Gregory_Paz1994 folded before Flop (didn't bet)



PokerStars Hand #232169389140:  Hold'em No Limit ($0.01/$0.02 USD) - 2021/12/12 14:26:14 PT [2021/12/12 17:26:14 ET]
Table 'Luce' 9-max Seat #7 is the button
Seat 1: Artiom198 ($2 in chips) 
Seat 2: Mogol-Mogol ($0.17 in chips) 
Seat 3: PokiArc ($3.65 in chips) 
Seat 5: Dorex2007 ($3.78 in chips) 
Seat 6: J@hR@st@f@ri ($1.47 in chips) 
Seat 7: TheFusa2003 ($2.20 in chips) 
Seat 8: megazanos ($2.07 in chips) 
Seat 9: Gregory_Paz1994 ($0.75 in chips) 
megazanos: posts small blind $0.01
Gregory_Paz1994: posts big blind $0.02
*** HOLE CARDS ***
Dealt to Dorex2007 [Tc Jd]
Artiom198: folds 
Mogol-Mogol: folds 
PokiArc: folds 
Dorex2007: folds 
J@hR@st@f@ri: calls $0.02
TheFusa2003: folds 
megazanos: raises $0.06 to $0.08
Gregory_Paz1994: folds 
J@hR@st@f@ri: calls $0.06
*** FLOP *** [8c Qh 7s]
megazanos: checks 
J@hR@st@f@ri: checks 
*** TURN *** [8c Qh 7s] [Ac]
megazanos: bets $0.11
J@hR@st@f@ri: folds 
Uncalled bet ($0.11) returned to megazanos
megazanos collected $0.17 from pot
megazanos: doesn't show hand 
*** SUMMARY ***
Total pot $0.18 | Rake $0.01 
Board [8c Qh 7s Ac]
Seat 1: Artiom198 folded before Flop (didn't bet)
Seat 2: Mogol-Mogol folded before Flop (didn't bet)
Seat 3: PokiArc folded before Flop (didn't bet)
Seat 5: Dorex2007 folded before Flop (didn't bet)
Seat 6: J@hR@st@f@ri folded on the Turn
Seat 7: TheFusa2003 (button) folded before Flop (didn't bet)
Seat 8: megazanos (small blind) collected ($0.17)
Seat 9: Gregory_Paz1994 (big blind) folded before Flop



PokerStars Hand #232169424215:  Hold'em No Limit ($0.01/$0.02 USD) - 2021/12/12 14:27:25 PT [2021/12/12 17:27:25 ET]
Table 'Luce' 9-max Seat #8 is the button
Seat 1: Artiom198 ($2 in chips) 
Seat 2: Mogol-Mogol ($0.17 in chips) 
Seat 3: PokiArc ($3.65 in chips) 
Seat 5: Dorex2007 ($3.78 in chips) 
Seat 6: J@hR@st@f@ri ($1.39 in chips) 
Seat 7: TheFusa2003 ($2.20 in chips) 
Seat 8: megazanos ($2.16 in chips) 
Seat 9: Gregory_Paz1994 ($0.73 in chips) 
Gregory_Paz1994: posts small blind $0.01
Artiom198: posts big blind $0.02
*** HOLE CARDS ***
Dealt to Dorex2007 [5h As]
Mogol-Mogol: folds 
PokiArc: folds 
Dorex2007: folds 
J@hR@st@f@ri: calls $0.02
TheFusa2003: folds 
megazanos: folds 
Gregory_Paz1994: calls $0.01
Artiom198: checks 
*** FLOP *** [6h 3c Js]
Gregory_Paz1994: checks 
Artiom198: checks 
J@hR@st@f@ri: bets $0.04
Gregory_Paz1994: folds 
Artiom198: folds 
Uncalled bet ($0.04) returned to J@hR@st@f@ri
J@hR@st@f@ri collected $0.06 from pot
J@hR@st@f@ri: doesn't show hand 
*** SUMMARY ***
Total pot $0.06 | Rake $0 
Board [6h 3c Js]
Seat 1: Artiom198 (big blind) folded on the Flop
Seat 2: Mogol-Mogol folded before Flop (didn't bet)
Seat 3: PokiArc folded before Flop (didn't bet)
Seat 5: Dorex2007 folded before Flop (didn't bet)
Seat 6: J@hR@st@f@ri collected ($0.06)
Seat 7: TheFusa2003 folded before Flop (didn't bet)
Seat 8: megazanos (button) folded before Flop (didn't bet)
Seat 9: Gregory_Paz1994 (small blind) folded on the Flop



PokerStars Hand #232169454303:  Hold'em No Limit ($0.01/$0.02 USD) - 2021/12/12 14:28:25 PT [2021/12/12 17:28:25 ET]
Table 'Luce' 9-max Seat #9 is the button
Seat 1: Artiom198 ($2 in chips) 
Seat 2: Mogol-Mogol ($0.17 in chips) 
Seat 3: PokiArc ($3.65 in chips) 
Seat 5: Dorex2007 ($3.78 in chips) 
Seat 6: J@hR@st@f@ri ($1.43 in chips) 
Seat 7: TheFusa2003 ($2.20 in chips) 
Seat 8: megazanos ($2.16 in chips) 
Seat 9: Gregory_Paz1994 ($0.71 in chips) 
Artiom198: posts small blind $0.01
Mogol-Mogol: posts big blind $0.02
*** HOLE CARDS ***
Dealt to Dorex2007 [Ks 9h]
PokiArc: raises $0.04 to $0.06
Dorex2007: folds 
J@hR@st@f@ri: calls $0.06
TheFusa2003: folds 
megazanos: folds 
Gregory_Paz1994: folds 
Artiom198: folds 
Mogol-Mogol: calls $0.04
*** FLOP *** [4c 2c 6s]
Mogol-Mogol: checks 
PokiArc: bets $0.18
J@hR@st@f@ri: folds 
Mogol-Mogol: folds 
Uncalled bet ($0.18) returned to PokiArc
PokiArc collected $0.18 from pot
*** SUMMARY ***
Total pot $0.19 | Rake $0.01 
Board [4c 2c 6s]
Seat 1: Artiom198 (small blind) folded before Flop
Seat 2: Mogol-Mogol (big blind) folded on the Flop
Seat 3: PokiArc collected ($0.18)
Seat 5: Dorex2007 folded before Flop (didn't bet)
Seat 6: J@hR@st@f@ri folded on the Flop
Seat 7: TheFusa2003 folded before Flop (didn't bet)
Seat 8: megazanos folded before Flop (didn't bet)
Seat 9: Gregory_Paz1994 (button) folded before Flop (didn't bet)



