PokerStars Hand #232179403596:  Hold'em No Limit ($0.01/$0.02 USD) - 2021/12/13 2:51:17 PT [2021/12/13 5:51:17 ET]
Table 'Attica II' 9-max Seat #9 is the button
Seat 1: 60mnchen ($2 in chips) 
Seat 2: VitoRUS54 ($3.01 in chips) 
Seat 3: Shreyu ($2.18 in chips) 
Seat 4: PaulEKB ($2.13 in chips) 
Seat 5: OntheFlop171 ($1.40 in chips) 
Seat 6: bugymugy ($2.39 in chips) 
Seat 7: droctagon101 ($2.90 in chips) 
Seat 8: Dorex2007 ($2 in chips) 
Seat 9: prv71 ($1.73 in chips) 
60mnchen: posts small blind $0.01
VitoRUS54: posts big blind $0.02
Dorex2007: posts big blind $0.02
*** HOLE CARDS ***
Dealt to Dorex2007 [8d 3h]
Shreyu: folds 
PaulEKB: folds 
OntheFlop171: calls $0.02
bugymugy: calls $0.02
droctagon101: folds 
Dorex2007: checks 
prv71: calls $0.02
60mnchen: calls $0.01
VitoRUS54: checks 
*** FLOP *** [Js 8c 9h]
60mnchen: checks 
VitoRUS54: checks 
OntheFlop171: bets $0.12
bugymugy: folds 
Dorex2007: folds 
prv71: raises $0.20 to $0.32
60mnchen: calls $0.32
VitoRUS54: folds 
OntheFlop171: calls $0.20
*** TURN *** [Js 8c 9h] [2h]
60mnchen: checks 
OntheFlop171: bets $1.04
prv71: calls $1.04
60mnchen: folds 
*** RIVER *** [Js 8c 9h 2h] [Tc]
OntheFlop171: bets $0.02 and is all-in
prv71: calls $0.02
*** SHOW DOWN ***
OntheFlop171: shows [Jc 8h] (two pair, Jacks and Eights)
prv71: shows [Jd Ks] (a pair of Jacks)
OntheFlop171 collected $3.06 from pot
*** SUMMARY ***
Total pot $3.20 | Rake $0.14 
Board [Js 8c 9h 2h Tc]
Seat 1: 60mnchen (small blind) folded on the Turn
Seat 2: VitoRUS54 (big blind) folded on the Flop
Seat 3: Shreyu folded before Flop (didn't bet)
Seat 4: PaulEKB folded before Flop (didn't bet)
Seat 5: OntheFlop171 showed [Jc 8h] and won ($3.06) with two pair, Jacks and Eights
Seat 6: bugymugy folded on the Flop
Seat 7: droctagon101 folded before Flop (didn't bet)
Seat 8: Dorex2007 folded on the Flop (didn't bet)
Seat 9: prv71 (button) showed [Jd Ks] and lost with a pair of Jacks



PokerStars Hand #232179424876:  Hold'em No Limit ($0.01/$0.02 USD) - 2021/12/13 2:52:58 PT [2021/12/13 5:52:58 ET]
Table 'Attica II' 9-max Seat #1 is the button
Seat 1: 60mnchen ($2 in chips) 
Seat 2: VitoRUS54 ($2.99 in chips) 
Seat 3: Shreyu ($2.18 in chips) 
Seat 4: PaulEKB ($2.13 in chips) 
Seat 5: OntheFlop171 ($3.06 in chips) 
Seat 6: bugymugy ($2.37 in chips) 
Seat 7: droctagon101 ($2.90 in chips) 
Seat 8: Dorex2007 ($2 in chips) 
Seat 9: prv71 ($0.33 in chips) 
VitoRUS54: posts small blind $0.01
Shreyu: posts big blind $0.02
*** HOLE CARDS ***
Dealt to Dorex2007 [4c Kd]
PaulEKB: folds 
OntheFlop171: folds 
bugymugy: folds 
droctagon101: folds 
Dorex2007: folds 
prv71: folds 
60mnchen: folds 
VitoRUS54: folds 
Uncalled bet ($0.01) returned to Shreyu
Shreyu collected $0.02 from pot
*** SUMMARY ***
Total pot $0.02 | Rake $0 
Seat 1: 60mnchen (button) folded before Flop (didn't bet)
Seat 2: VitoRUS54 (small blind) folded before Flop
Seat 3: Shreyu (big blind) collected ($0.02)
Seat 4: PaulEKB folded before Flop (didn't bet)
Seat 5: OntheFlop171 folded before Flop (didn't bet)
Seat 6: bugymugy folded before Flop (didn't bet)
Seat 7: droctagon101 folded before Flop (didn't bet)
Seat 8: Dorex2007 folded before Flop (didn't bet)
Seat 9: prv71 folded before Flop (didn't bet)



PokerStars Hand #232179430184:  Hold'em No Limit ($0.01/$0.02 USD) - 2021/12/13 2:53:24 PT [2021/12/13 5:53:24 ET]
Table 'Attica II' 9-max Seat #2 is the button
Seat 1: 60mnchen ($2 in chips) 
Seat 2: VitoRUS54 ($2.98 in chips) 
Seat 3: Shreyu ($2.19 in chips) 
Seat 4: PaulEKB ($2.13 in chips) 
Seat 5: OntheFlop171 ($3.06 in chips) 
Seat 6: bugymugy ($2.37 in chips) 
Seat 7: droctagon101 ($2.90 in chips) 
Seat 8: Dorex2007 ($2 in chips) 
Seat 9: prv71 ($0.33 in chips) 
Shreyu: posts small blind $0.01
PaulEKB: posts big blind $0.02
*** HOLE CARDS ***
Dealt to Dorex2007 [2h 5c]
OntheFlop171: folds 
bugymugy: folds 
droctagon101: folds 
Dorex2007: folds 
prv71 has timed out
prv71: folds 
60mnchen: folds 
VitoRUS54: raises $0.04 to $0.06
Shreyu: folds 
PaulEKB: calls $0.04
*** FLOP *** [6s Kd Td]
PaulEKB: bets $0.06
VitoRUS54: calls $0.06
*** TURN *** [6s Kd Td] [7h]
PaulEKB: bets $0.12
VitoRUS54: calls $0.12
*** RIVER *** [6s Kd Td 7h] [2c]
PaulEKB: checks 
VitoRUS54: checks 
*** SHOW DOWN ***
PaulEKB: shows [Qd Tc] (a pair of Tens)
VitoRUS54: mucks hand 
PaulEKB collected $0.47 from pot
*** SUMMARY ***
Total pot $0.49 | Rake $0.02 
Board [6s Kd Td 7h 2c]
Seat 1: 60mnchen folded before Flop (didn't bet)
Seat 2: VitoRUS54 (button) mucked [3d Ad]
Seat 3: Shreyu (small blind) folded before Flop
Seat 4: PaulEKB (big blind) showed [Qd Tc] and won ($0.47) with a pair of Tens
Seat 5: OntheFlop171 folded before Flop (didn't bet)
Seat 6: bugymugy folded before Flop (didn't bet)
Seat 7: droctagon101 folded before Flop (didn't bet)
Seat 8: Dorex2007 folded before Flop (didn't bet)
Seat 9: prv71 folded before Flop (didn't bet)



PokerStars Hand #232179447620:  Hold'em No Limit ($0.01/$0.02 USD) - 2021/12/13 2:54:18 PT [2021/12/13 5:54:18 ET]
Table 'Attica II' 9-max Seat #3 is the button
Seat 1: 60mnchen ($2 in chips) 
Seat 2: VitoRUS54 ($2.74 in chips) 
Seat 3: Shreyu ($2.18 in chips) 
Seat 4: PaulEKB ($2.36 in chips) 
Seat 5: OntheFlop171 ($3.06 in chips) 
Seat 6: bugymugy ($2.37 in chips) 
Seat 7: droctagon101 ($2.90 in chips) 
Seat 8: Dorex2007 ($2 in chips) 
Seat 9: prv71 ($0.33 in chips) 
PaulEKB: posts small blind $0.01
OntheFlop171: posts big blind $0.02
*** HOLE CARDS ***
Dealt to Dorex2007 [5s Kh]
bugymugy: folds 
droctagon101: raises $0.04 to $0.06
Dorex2007: folds 
prv71: raises $0.26 to $0.32
60mnchen: folds 
VitoRUS54: folds 
Shreyu: folds 
PaulEKB: folds 
OntheFlop171: calls $0.30
droctagon101: folds 
*** FLOP *** [Qs 9s 2c]
OntheFlop171: checks 
prv71: bets $0.01 and is all-in
OntheFlop171: calls $0.01
*** TURN *** [Qs 9s 2c] [6s]
*** RIVER *** [Qs 9s 2c 6s] [3d]
*** SHOW DOWN ***
OntheFlop171: shows [8d Ad] (high card Ace)
prv71: shows [Ah 9h] (a pair of Nines)
prv71 collected $0.70 from pot
*** SUMMARY ***
Total pot $0.73 | Rake $0.03 
Board [Qs 9s 2c 6s 3d]
Seat 1: 60mnchen folded before Flop (didn't bet)
Seat 2: VitoRUS54 folded before Flop (didn't bet)
Seat 3: Shreyu (button) folded before Flop (didn't bet)
Seat 4: PaulEKB (small blind) folded before Flop
Seat 5: OntheFlop171 (big blind) showed [8d Ad] and lost with high card Ace
Seat 6: bugymugy folded before Flop (didn't bet)
Seat 7: droctagon101 folded before Flop
Seat 8: Dorex2007 folded before Flop (didn't bet)
Seat 9: prv71 showed [Ah 9h] and won ($0.70) with a pair of Nines



PokerStars Hand #232179458046:  Hold'em No Limit ($0.01/$0.02 USD) - 2021/12/13 2:55:07 PT [2021/12/13 5:55:07 ET]
Table 'Attica II' 9-max Seat #4 is the button
Seat 1: 60mnchen ($2 in chips) 
Seat 2: VitoRUS54 ($2.74 in chips) 
Seat 3: Shreyu ($2.18 in chips) 
Seat 4: PaulEKB ($2.35 in chips) 
Seat 5: OntheFlop171 ($2.73 in chips) 
Seat 6: bugymugy ($2.37 in chips) 
Seat 7: droctagon101 ($2.84 in chips) 
Seat 8: Dorex2007 ($2 in chips) 
Seat 9: prv71 ($0.70 in chips) 
OntheFlop171: posts small blind $0.01
bugymugy: posts big blind $0.02
*** HOLE CARDS ***
Dealt to Dorex2007 [Ad 6d]
droctagon101: folds 
Dorex2007: calls $0.02
prv71: folds 
60mnchen: folds 
VitoRUS54 has timed out
VitoRUS54: folds 
Shreyu: folds 
PaulEKB: folds 
OntheFlop171: folds 
bugymugy: checks 
*** FLOP *** [7d Ks 8h]
bugymugy: checks 
Dorex2007: checks 
*** TURN *** [7d Ks 8h] [Ah]
bugymugy: checks 
Dorex2007: checks 
*** RIVER *** [7d Ks 8h Ah] [6c]
bugymugy: checks 
Dorex2007: bets $0.10
bugymugy: calls $0.10
*** SHOW DOWN ***
Dorex2007: shows [Ad 6d] (two pair, Aces and Sixes)
bugymugy: mucks hand 
Dorex2007 collected $0.24 from pot
*** SUMMARY ***
Total pot $0.25 | Rake $0.01 
Board [7d Ks 8h Ah 6c]
Seat 1: 60mnchen folded before Flop (didn't bet)
Seat 2: VitoRUS54 folded before Flop (didn't bet)
Seat 3: Shreyu folded before Flop (didn't bet)
Seat 4: PaulEKB (button) folded before Flop (didn't bet)
Seat 5: OntheFlop171 (small blind) folded before Flop
Seat 6: bugymugy (big blind) mucked [3s 7c]
Seat 7: droctagon101 folded before Flop (didn't bet)
Seat 8: Dorex2007 showed [Ad 6d] and won ($0.24) with two pair, Aces and Sixes
Seat 9: prv71 folded before Flop (didn't bet)



PokerStars Hand #232179469515:  Hold'em No Limit ($0.01/$0.02 USD) - 2021/12/13 2:56:09 PT [2021/12/13 5:56:09 ET]
Table 'Attica II' 9-max Seat #5 is the button
Seat 1: 60mnchen ($2 in chips) 
Seat 2: VitoRUS54 ($2.74 in chips) 
Seat 3: Shreyu ($2.18 in chips) 
Seat 4: PaulEKB ($2.35 in chips) 
Seat 5: OntheFlop171 ($2.72 in chips) 
Seat 6: bugymugy ($2.25 in chips) 
Seat 7: droctagon101 ($2.84 in chips) 
Seat 8: Dorex2007 ($2.12 in chips) 
Seat 9: prv71 ($0.70 in chips) 
bugymugy: posts small blind $0.01
droctagon101: posts big blind $0.02
*** HOLE CARDS ***
Dealt to Dorex2007 [9h 8d]
Dorex2007: folds 
prv71: folds 
60mnchen: folds 
VitoRUS54: folds 
Shreyu: folds 
PaulEKB: folds 
OntheFlop171: folds 
bugymugy: folds 
Uncalled bet ($0.01) returned to droctagon101
droctagon101 collected $0.02 from pot
droctagon101: doesn't show hand 
*** SUMMARY ***
Total pot $0.02 | Rake $0 
Seat 1: 60mnchen folded before Flop (didn't bet)
Seat 2: VitoRUS54 folded before Flop (didn't bet)
Seat 3: Shreyu folded before Flop (didn't bet)
Seat 4: PaulEKB folded before Flop (didn't bet)
Seat 5: OntheFlop171 (button) folded before Flop (didn't bet)
Seat 6: bugymugy (small blind) folded before Flop
Seat 7: droctagon101 (big blind) collected ($0.02)
Seat 8: Dorex2007 folded before Flop (didn't bet)
Seat 9: prv71 folded before Flop (didn't bet)



PokerStars Hand #232179474364:  Hold'em No Limit ($0.01/$0.02 USD) - 2021/12/13 2:56:35 PT [2021/12/13 5:56:35 ET]
Table 'Attica II' 9-max Seat #6 is the button
Seat 1: 60mnchen ($2 in chips) 
Seat 2: VitoRUS54 ($2.74 in chips) 
Seat 3: Shreyu ($2.18 in chips) 
Seat 4: PaulEKB ($2.35 in chips) 
Seat 5: OntheFlop171 ($2.72 in chips) 
Seat 6: bugymugy ($2.24 in chips) 
Seat 7: droctagon101 ($2.85 in chips) 
Seat 8: Dorex2007 ($2.12 in chips) 
Seat 9: prv71 ($0.70 in chips) 
droctagon101: posts small blind $0.01
Dorex2007: posts big blind $0.02
*** HOLE CARDS ***
Dealt to Dorex2007 [Qd Qc]
prv71: folds 
60mnchen: folds 
VitoRUS54: folds 
Shreyu: folds 
PaulEKB: folds 
OntheFlop171: calls $0.02
bugymugy: folds 
droctagon101: folds 
Dorex2007: raises $0.04 to $0.06
OntheFlop171: calls $0.04
*** FLOP *** [9c 8d 2h]
Dorex2007: bets $0.13
OntheFlop171: folds 
Uncalled bet ($0.13) returned to Dorex2007
Dorex2007 collected $0.13 from pot
Dorex2007: doesn't show hand 
*** SUMMARY ***
Total pot $0.13 | Rake $0 
Board [9c 8d 2h]
Seat 1: 60mnchen folded before Flop (didn't bet)
Seat 2: VitoRUS54 folded before Flop (didn't bet)
Seat 3: Shreyu folded before Flop (didn't bet)
Seat 4: PaulEKB folded before Flop (didn't bet)
Seat 5: OntheFlop171 folded on the Flop
Seat 6: bugymugy (button) folded before Flop (didn't bet)
Seat 7: droctagon101 (small blind) folded before Flop
Seat 8: Dorex2007 (big blind) collected ($0.13)
Seat 9: prv71 folded before Flop (didn't bet)



PokerStars Hand #232179479600:  Hold'em No Limit ($0.01/$0.02 USD) - 2021/12/13 2:57:03 PT [2021/12/13 5:57:03 ET]
Table 'Attica II' 9-max Seat #7 is the button
Seat 1: 60mnchen ($2 in chips) 
Seat 2: VitoRUS54 ($2.74 in chips) 
Seat 3: Shreyu ($2.18 in chips) 
Seat 4: PaulEKB ($2.35 in chips) 
Seat 5: OntheFlop171 ($2.66 in chips) 
Seat 6: bugymugy ($2.24 in chips) 
Seat 7: droctagon101 ($2.84 in chips) 
Seat 8: Dorex2007 ($2.19 in chips) 
Seat 9: prv71 ($0.70 in chips) 
Dorex2007: posts small blind $0.01
prv71: posts big blind $0.02
*** HOLE CARDS ***
Dealt to Dorex2007 [Td 8s]
60mnchen: folds 
VitoRUS54: calls $0.02
Shreyu: folds 
PaulEKB: folds 
OntheFlop171: raises $0.04 to $0.06
bugymugy: folds 
droctagon101: folds 
Dorex2007: folds 
prv71: folds 
VitoRUS54: calls $0.04
*** FLOP *** [3c Ac Jh]
VitoRUS54: bets $0.14
OntheFlop171: raises $0.14 to $0.28
VitoRUS54: calls $0.14
*** TURN *** [3c Ac Jh] [5c]
VitoRUS54: checks 
OntheFlop171: bets $0.35
VitoRUS54: calls $0.35
*** RIVER *** [3c Ac Jh 5c] [9s]
VitoRUS54: checks 
OntheFlop171: bets $0.68
VitoRUS54: calls $0.68
*** SHOW DOWN ***
OntheFlop171: shows [Ad Jd] (two pair, Aces and Jacks)
VitoRUS54: mucks hand 
OntheFlop171 collected $2.65 from pot
*** SUMMARY ***
Total pot $2.77 | Rake $0.12 
Board [3c Ac Jh 5c 9s]
Seat 1: 60mnchen folded before Flop (didn't bet)
Seat 2: VitoRUS54 mucked [As 3s]
Seat 3: Shreyu folded before Flop (didn't bet)
Seat 4: PaulEKB folded before Flop (didn't bet)
Seat 5: OntheFlop171 showed [Ad Jd] and won ($2.65) with two pair, Aces and Jacks
Seat 6: bugymugy folded before Flop (didn't bet)
Seat 7: droctagon101 (button) folded before Flop (didn't bet)
Seat 8: Dorex2007 (small blind) folded before Flop
Seat 9: prv71 (big blind) folded before Flop



PokerStars Hand #232179488413:  Hold'em No Limit ($0.01/$0.02 USD) - 2021/12/13 2:57:50 PT [2021/12/13 5:57:50 ET]
Table 'Attica II' 9-max Seat #8 is the button
Seat 1: 60mnchen ($2 in chips) 
Seat 2: VitoRUS54 ($1.37 in chips) 
Seat 3: Shreyu ($2.18 in chips) 
Seat 4: PaulEKB ($2.35 in chips) 
Seat 5: OntheFlop171 ($3.94 in chips) 
Seat 6: bugymugy ($2.24 in chips) 
Seat 7: droctagon101 ($2.84 in chips) 
Seat 8: Dorex2007 ($2.18 in chips) 
Seat 9: prv71 ($0.68 in chips) 
prv71: posts small blind $0.01
60mnchen: posts big blind $0.02
*** HOLE CARDS ***
Dealt to Dorex2007 [7h Tc]
VitoRUS54: calls $0.02
Shreyu: folds 
PaulEKB: folds 
OntheFlop171: folds 
bugymugy: folds 
droctagon101: folds 
Dorex2007: folds 
prv71: calls $0.01
60mnchen: checks 
*** FLOP *** [8s Ks 9s]
prv71: checks 
60mnchen: checks 
VitoRUS54: bets $0.06
prv71: folds 
60mnchen: folds 
Uncalled bet ($0.06) returned to VitoRUS54
VitoRUS54 collected $0.06 from pot
VitoRUS54: doesn't show hand 
*** SUMMARY ***
Total pot $0.06 | Rake $0 
Board [8s Ks 9s]
Seat 1: 60mnchen (big blind) folded on the Flop
Seat 2: VitoRUS54 collected ($0.06)
Seat 3: Shreyu folded before Flop (didn't bet)
Seat 4: PaulEKB folded before Flop (didn't bet)
Seat 5: OntheFlop171 folded before Flop (didn't bet)
Seat 6: bugymugy folded before Flop (didn't bet)
Seat 7: droctagon101 folded before Flop (didn't bet)
Seat 8: Dorex2007 (button) folded before Flop (didn't bet)
Seat 9: prv71 (small blind) folded on the Flop



PokerStars Hand #232179493205:  Hold'em No Limit ($0.01/$0.02 USD) - 2021/12/13 2:58:15 PT [2021/12/13 5:58:15 ET]
Table 'Attica II' 9-max Seat #9 is the button
Seat 1: 60mnchen ($2 in chips) 
Seat 2: VitoRUS54 ($1.41 in chips) 
Seat 3: Shreyu ($2.18 in chips) 
Seat 4: PaulEKB ($2.35 in chips) 
Seat 5: OntheFlop171 ($3.94 in chips) 
Seat 6: bugymugy ($2.24 in chips) 
Seat 7: droctagon101 ($2.84 in chips) 
Seat 8: Dorex2007 ($2.18 in chips) 
Seat 9: prv71 ($0.66 in chips) 
60mnchen: posts small blind $0.01
VitoRUS54: posts big blind $0.02
*** HOLE CARDS ***
Dealt to Dorex2007 [7h 4s]
Shreyu: folds 
PaulEKB: folds 
OntheFlop171: raises $0.04 to $0.06
bugymugy: folds 
droctagon101: folds 
Dorex2007: folds 
prv71: folds 
60mnchen: calls $0.05
VitoRUS54: folds 
*** FLOP *** [Ac 2s 3h]
60mnchen: checks 
OntheFlop171: checks 
*** TURN *** [Ac 2s 3h] [7d]
60mnchen: bets $0.07
OntheFlop171: folds 
Uncalled bet ($0.07) returned to 60mnchen
60mnchen collected $0.14 from pot
60mnchen: doesn't show hand 
*** SUMMARY ***
Total pot $0.14 | Rake $0 
Board [Ac 2s 3h 7d]
Seat 1: 60mnchen (small blind) collected ($0.14)
Seat 2: VitoRUS54 (big blind) folded before Flop
Seat 3: Shreyu folded before Flop (didn't bet)
Seat 4: PaulEKB folded before Flop (didn't bet)
Seat 5: OntheFlop171 folded on the Turn
Seat 6: bugymugy folded before Flop (didn't bet)
Seat 7: droctagon101 folded before Flop (didn't bet)
Seat 8: Dorex2007 folded before Flop (didn't bet)
Seat 9: prv71 (button) folded before Flop (didn't bet)



PokerStars Hand #232179500171:  Hold'em No Limit ($0.01/$0.02 USD) - 2021/12/13 2:58:53 PT [2021/12/13 5:58:53 ET]
Table 'Attica II' 9-max Seat #1 is the button
Seat 1: 60mnchen ($2.08 in chips) 
Seat 2: VitoRUS54 ($1.39 in chips) 
Seat 3: Shreyu ($2.18 in chips) 
Seat 4: PaulEKB ($2.35 in chips) 
Seat 5: OntheFlop171 ($3.88 in chips) 
Seat 6: bugymugy ($2.24 in chips) 
Seat 7: droctagon101 ($2.84 in chips) 
Seat 8: Dorex2007 ($2.18 in chips) 
Seat 9: prv71 ($0.66 in chips) 
VitoRUS54: posts small blind $0.01
Shreyu: posts big blind $0.02
*** HOLE CARDS ***
Dealt to Dorex2007 [9h Jh]
PaulEKB: folds 
OntheFlop171: folds 
bugymugy: folds 
droctagon101: folds 
Dorex2007: calls $0.02
prv71: folds 
60mnchen: folds 
VitoRUS54: raises $0.06 to $0.08
Shreyu: folds 
Dorex2007: folds 
Uncalled bet ($0.06) returned to VitoRUS54
VitoRUS54 collected $0.06 from pot
VitoRUS54: doesn't show hand 
*** SUMMARY ***
Total pot $0.06 | Rake $0 
Seat 1: 60mnchen (button) folded before Flop (didn't bet)
Seat 2: VitoRUS54 (small blind) collected ($0.06)
Seat 3: Shreyu (big blind) folded before Flop
Seat 4: PaulEKB folded before Flop (didn't bet)
Seat 5: OntheFlop171 folded before Flop (didn't bet)
Seat 6: bugymugy folded before Flop (didn't bet)
Seat 7: droctagon101 folded before Flop (didn't bet)
Seat 8: Dorex2007 folded before Flop
Seat 9: prv71 folded before Flop (didn't bet)



PokerStars Hand #232179504802:  Hold'em No Limit ($0.01/$0.02 USD) - 2021/12/13 2:59:18 PT [2021/12/13 5:59:18 ET]
Table 'Attica II' 9-max Seat #2 is the button
Seat 1: 60mnchen ($2.08 in chips) 
Seat 2: VitoRUS54 ($1.43 in chips) 
Seat 3: Shreyu ($2.16 in chips) 
Seat 4: PaulEKB ($2.35 in chips) 
Seat 5: OntheFlop171 ($3.88 in chips) 
Seat 6: bugymugy ($2.24 in chips) 
Seat 7: droctagon101 ($2.84 in chips) 
Seat 8: Dorex2007 ($2.16 in chips) 
Seat 9: prv71 ($0.66 in chips) 
Shreyu: posts small blind $0.01
PaulEKB: posts big blind $0.02
*** HOLE CARDS ***
Dealt to Dorex2007 [8c 4s]
OntheFlop171: raises $0.04 to $0.06
bugymugy: folds 
droctagon101: folds 
Dorex2007: folds 
prv71: folds 
60mnchen: folds 
VitoRUS54: folds 
Shreyu: folds 
PaulEKB: folds 
Uncalled bet ($0.04) returned to OntheFlop171
OntheFlop171 collected $0.05 from pot
*** SUMMARY ***
Total pot $0.05 | Rake $0 
Seat 1: 60mnchen folded before Flop (didn't bet)
Seat 2: VitoRUS54 (button) folded before Flop (didn't bet)
Seat 3: Shreyu (small blind) folded before Flop
Seat 4: PaulEKB (big blind) folded before Flop
Seat 5: OntheFlop171 collected ($0.05)
Seat 6: bugymugy folded before Flop (didn't bet)
Seat 7: droctagon101 folded before Flop (didn't bet)
Seat 8: Dorex2007 folded before Flop (didn't bet)
Seat 9: prv71 folded before Flop (didn't bet)



PokerStars Hand #232179507688:  Hold'em No Limit ($0.01/$0.02 USD) - 2021/12/13 2:59:33 PT [2021/12/13 5:59:33 ET]
Table 'Attica II' 9-max Seat #3 is the button
Seat 1: 60mnchen ($2.08 in chips) 
Seat 2: VitoRUS54 ($1.43 in chips) 
Seat 3: Shreyu ($2.15 in chips) 
Seat 4: PaulEKB ($2.33 in chips) 
Seat 5: OntheFlop171 ($3.91 in chips) 
Seat 6: bugymugy ($2.24 in chips) 
Seat 7: droctagon101 ($2.84 in chips) 
Seat 8: Dorex2007 ($2.16 in chips) 
Seat 9: prv71 ($0.66 in chips) 
PaulEKB: posts small blind $0.01
OntheFlop171: posts big blind $0.02
*** HOLE CARDS ***
Dealt to Dorex2007 [6s Jc]
bugymugy: folds 
droctagon101: folds 
Dorex2007: folds 
prv71: folds 
60mnchen: folds 
VitoRUS54: calls $0.02
Shreyu has timed out
Shreyu: folds 
PaulEKB: folds 
OntheFlop171: raises $0.04 to $0.06
VitoRUS54: folds 
Uncalled bet ($0.04) returned to OntheFlop171
OntheFlop171 collected $0.05 from pot
*** SUMMARY ***
Total pot $0.05 | Rake $0 
Seat 1: 60mnchen folded before Flop (didn't bet)
Seat 2: VitoRUS54 folded before Flop
Seat 3: Shreyu (button) folded before Flop (didn't bet)
Seat 4: PaulEKB (small blind) folded before Flop
Seat 5: OntheFlop171 (big blind) collected ($0.05)
Seat 6: bugymugy folded before Flop (didn't bet)
Seat 7: droctagon101 folded before Flop (didn't bet)
Seat 8: Dorex2007 folded before Flop (didn't bet)
Seat 9: prv71 folded before Flop (didn't bet)



PokerStars Hand #232179514731:  Hold'em No Limit ($0.01/$0.02 USD) - 2021/12/13 3:00:11 PT [2021/12/13 6:00:11 ET]
Table 'Attica II' 9-max Seat #4 is the button
Seat 1: 60mnchen ($2.08 in chips) 
Seat 2: VitoRUS54 ($1.41 in chips) 
Seat 3: Shreyu ($2.15 in chips) 
Seat 4: PaulEKB ($2.32 in chips) 
Seat 5: OntheFlop171 ($3.94 in chips) 
Seat 6: bugymugy ($2.24 in chips) 
Seat 7: droctagon101 ($2.84 in chips) 
Seat 8: Dorex2007 ($2.16 in chips) 
Seat 9: prv71 ($0.66 in chips) 
OntheFlop171: posts small blind $0.01
bugymugy: posts big blind $0.02
*** HOLE CARDS ***
Dealt to Dorex2007 [Jd 9d]
droctagon101: folds 
Dorex2007: calls $0.02
prv71: raises $0.04 to $0.06
60mnchen: folds 
VitoRUS54: calls $0.06
Shreyu: folds 
PaulEKB: folds 
OntheFlop171: folds 
bugymugy: folds 
Dorex2007: calls $0.04
*** FLOP *** [Js 7s 4h]
Dorex2007: checks 
prv71: bets $0.16
VitoRUS54: folds 
Dorex2007: calls $0.16
*** TURN *** [Js 7s 4h] [Tc]
Dorex2007: checks 
prv71: bets $0.40
Dorex2007: calls $0.40
*** RIVER *** [Js 7s 4h Tc] [3c]
Dorex2007: bets $0.04
prv71: calls $0.04 and is all-in
*** SHOW DOWN ***
Dorex2007: shows [Jd 9d] (a pair of Jacks)
prv71: shows [Kh Kc] (a pair of Kings)
prv71 collected $1.36 from pot
*** SUMMARY ***
Total pot $1.41 | Rake $0.05 
Board [Js 7s 4h Tc 3c]
Seat 1: 60mnchen folded before Flop (didn't bet)
Seat 2: VitoRUS54 folded on the Flop
Seat 3: Shreyu folded before Flop (didn't bet)
Seat 4: PaulEKB (button) folded before Flop (didn't bet)
Seat 5: OntheFlop171 (small blind) folded before Flop
Seat 6: bugymugy (big blind) folded before Flop
Seat 7: droctagon101 folded before Flop (didn't bet)
Seat 8: Dorex2007 showed [Jd 9d] and lost with a pair of Jacks
Seat 9: prv71 showed [Kh Kc] and won ($1.36) with a pair of Kings



PokerStars Hand #232179526963:  Hold'em No Limit ($0.01/$0.02 USD) - 2021/12/13 3:01:13 PT [2021/12/13 6:01:13 ET]
Table 'Attica II' 9-max Seat #5 is the button
Seat 1: 60mnchen ($2.08 in chips) 
Seat 2: VitoRUS54 ($1.35 in chips) 
Seat 3: Shreyu ($2.15 in chips) 
Seat 4: PaulEKB ($2.32 in chips) 
Seat 5: OntheFlop171 ($3.93 in chips) 
Seat 6: bugymugy ($2.22 in chips) 
Seat 7: droctagon101 ($2.84 in chips) 
Seat 8: Dorex2007 ($2 in chips) 
Seat 9: prv71 ($1.36 in chips) 
bugymugy: posts small blind $0.01
droctagon101: posts big blind $0.02
*** HOLE CARDS ***
Dealt to Dorex2007 [3d 4s]
Dorex2007: folds 
prv71: folds 
60mnchen: folds 
VitoRUS54: raises $0.04 to $0.06
Shreyu: calls $0.06
PaulEKB: folds 
OntheFlop171: calls $0.06
bugymugy: folds 
droctagon101: folds 
*** FLOP *** [Kh Ac Kd]
VitoRUS54: bets $0.10
Shreyu: calls $0.10
OntheFlop171: calls $0.10
*** TURN *** [Kh Ac Kd] [8h]
VitoRUS54: bets $1.19 and is all-in
Shreyu: folds 
OntheFlop171: folds 
Uncalled bet ($1.19) returned to VitoRUS54
VitoRUS54 collected $0.49 from pot
VitoRUS54: doesn't show hand 
*** SUMMARY ***
Total pot $0.51 | Rake $0.02 
Board [Kh Ac Kd 8h]
Seat 1: 60mnchen folded before Flop (didn't bet)
Seat 2: VitoRUS54 collected ($0.49)
Seat 3: Shreyu folded on the Turn
Seat 4: PaulEKB folded before Flop (didn't bet)
Seat 5: OntheFlop171 (button) folded on the Turn
Seat 6: bugymugy (small blind) folded before Flop
Seat 7: droctagon101 (big blind) folded before Flop
Seat 8: Dorex2007 folded before Flop (didn't bet)
Seat 9: prv71 folded before Flop (didn't bet)



PokerStars Hand #232179537625:  Hold'em No Limit ($0.01/$0.02 USD) - 2021/12/13 3:02:03 PT [2021/12/13 6:02:03 ET]
Table 'Attica II' 9-max Seat #6 is the button
Seat 1: 60mnchen ($2.08 in chips) 
Seat 2: VitoRUS54 ($1.68 in chips) 
Seat 3: Shreyu ($1.99 in chips) 
Seat 4: PaulEKB ($2.32 in chips) 
Seat 5: OntheFlop171 ($3.77 in chips) 
Seat 6: bugymugy ($2.21 in chips) 
Seat 7: droctagon101 ($2.82 in chips) 
Seat 8: Dorex2007 ($2 in chips) 
Seat 9: prv71 ($1.36 in chips) 
droctagon101: posts small blind $0.01
Dorex2007: posts big blind $0.02
*** HOLE CARDS ***
Dealt to Dorex2007 [Td 7h]
prv71: folds 
60mnchen: folds 
VitoRUS54: folds 
Shreyu: folds 
PaulEKB: raises $0.02 to $0.04
OntheFlop171: calls $0.04
bugymugy: calls $0.04
droctagon101: folds 
Dorex2007: folds 
*** FLOP *** [Ts 6h 6c]
PaulEKB: bets $0.07
OntheFlop171: folds 
bugymugy: calls $0.07
*** TURN *** [Ts 6h 6c] [As]
PaulEKB: checks 
bugymugy: checks 
*** RIVER *** [Ts 6h 6c As] [Qc]
PaulEKB: bets $0.08
bugymugy: folds 
Uncalled bet ($0.08) returned to PaulEKB
PaulEKB collected $0.28 from pot
PaulEKB: doesn't show hand 
*** SUMMARY ***
Total pot $0.29 | Rake $0.01 
Board [Ts 6h 6c As Qc]
Seat 1: 60mnchen folded before Flop (didn't bet)
Seat 2: VitoRUS54 folded before Flop (didn't bet)
Seat 3: Shreyu folded before Flop (didn't bet)
Seat 4: PaulEKB collected ($0.28)
Seat 5: OntheFlop171 folded on the Flop
Seat 6: bugymugy (button) folded on the River
Seat 7: droctagon101 (small blind) folded before Flop
Seat 8: Dorex2007 (big blind) folded before Flop
Seat 9: prv71 folded before Flop (didn't bet)



PokerStars Hand #232179548535:  Hold'em No Limit ($0.01/$0.02 USD) - 2021/12/13 3:02:55 PT [2021/12/13 6:02:55 ET]
Table 'Attica II' 9-max Seat #7 is the button
Seat 1: 60mnchen ($2.08 in chips) 
Seat 2: VitoRUS54 ($1.68 in chips) 
Seat 3: Shreyu ($1.99 in chips) 
Seat 4: PaulEKB ($2.49 in chips) 
Seat 5: OntheFlop171 ($3.73 in chips) 
Seat 6: bugymugy ($2.10 in chips) 
Seat 7: droctagon101 ($2.81 in chips) 
Seat 8: Dorex2007 ($2 in chips) 
Seat 9: prv71 ($1.36 in chips) 
Dorex2007: posts small blind $0.01
prv71: posts big blind $0.02
*** HOLE CARDS ***
Dealt to Dorex2007 [5h 2c]
60mnchen: folds 
VitoRUS54: folds 
Shreyu: folds 
PaulEKB: raises $0.02 to $0.04
OntheFlop171: folds 
bugymugy: folds 
droctagon101: folds 
Dorex2007: folds 
prv71: folds 
Uncalled bet ($0.02) returned to PaulEKB
PaulEKB collected $0.05 from pot
PaulEKB: doesn't show hand 
*** SUMMARY ***
Total pot $0.05 | Rake $0 
Seat 1: 60mnchen folded before Flop (didn't bet)
Seat 2: VitoRUS54 folded before Flop (didn't bet)
Seat 3: Shreyu folded before Flop (didn't bet)
Seat 4: PaulEKB collected ($0.05)
Seat 5: OntheFlop171 folded before Flop (didn't bet)
Seat 6: bugymugy folded before Flop (didn't bet)
Seat 7: droctagon101 (button) folded before Flop (didn't bet)
Seat 8: Dorex2007 (small blind) folded before Flop
Seat 9: prv71 (big blind) folded before Flop



PokerStars Hand #232179552839:  Hold'em No Limit ($0.01/$0.02 USD) - 2021/12/13 3:03:16 PT [2021/12/13 6:03:16 ET]
Table 'Attica II' 9-max Seat #8 is the button
Seat 1: 60mnchen ($2.08 in chips) 
Seat 2: VitoRUS54 ($1.68 in chips) 
Seat 3: Shreyu ($1.99 in chips) 
Seat 4: PaulEKB ($2.52 in chips) 
Seat 5: OntheFlop171 ($3.73 in chips) 
Seat 6: bugymugy ($2.10 in chips) 
Seat 7: droctagon101 ($2.81 in chips) 
Seat 8: Dorex2007 ($2 in chips) 
Seat 9: prv71 ($1.34 in chips) 
prv71: posts small blind $0.01
60mnchen: posts big blind $0.02
*** HOLE CARDS ***
Dealt to Dorex2007 [2d Kc]
VitoRUS54: folds 
Shreyu: folds 
PaulEKB: folds 
OntheFlop171: calls $0.02
bugymugy: folds 
droctagon101: folds 
Dorex2007: folds 
prv71: folds 
60mnchen: checks 
*** FLOP *** [6h Ks 7d]
60mnchen: checks 
OntheFlop171: checks 
*** TURN *** [6h Ks 7d] [3s]
60mnchen: checks 
OntheFlop171: checks 
*** RIVER *** [6h Ks 7d 3s] [Qh]
60mnchen: checks 
OntheFlop171: checks 
*** SHOW DOWN ***
60mnchen: shows [Jh 8h] (high card King)
OntheFlop171: mucks hand 
60mnchen collected $0.05 from pot
*** SUMMARY ***
Total pot $0.05 | Rake $0 
Board [6h Ks 7d 3s Qh]
Seat 1: 60mnchen (big blind) showed [Jh 8h] and won ($0.05) with high card King
Seat 2: VitoRUS54 folded before Flop (didn't bet)
Seat 3: Shreyu folded before Flop (didn't bet)
Seat 4: PaulEKB folded before Flop (didn't bet)
Seat 5: OntheFlop171 mucked [9s Th]
Seat 6: bugymugy folded before Flop (didn't bet)
Seat 7: droctagon101 folded before Flop (didn't bet)
Seat 8: Dorex2007 (button) folded before Flop (didn't bet)
Seat 9: prv71 (small blind) folded before Flop



PokerStars Hand #232179559670:  Hold'em No Limit ($0.01/$0.02 USD) - 2021/12/13 3:03:48 PT [2021/12/13 6:03:48 ET]
Table 'Attica II' 9-max Seat #9 is the button
Seat 1: 60mnchen ($2.11 in chips) 
Seat 2: VitoRUS54 ($1.68 in chips) 
Seat 3: Shreyu ($1.99 in chips) 
Seat 4: PaulEKB ($2.52 in chips) 
Seat 5: OntheFlop171 ($3.71 in chips) 
Seat 6: bugymugy ($2.10 in chips) 
Seat 7: droctagon101 ($2.81 in chips) 
Seat 8: Dorex2007 ($2 in chips) 
Seat 9: prv71 ($1.33 in chips) 
60mnchen: posts small blind $0.01
VitoRUS54: posts big blind $0.02
*** HOLE CARDS ***
Dealt to Dorex2007 [5h 5d]
Shreyu: folds 
PaulEKB has timed out
PaulEKB: folds 
OntheFlop171: raises $0.02 to $0.04
bugymugy: raises $0.04 to $0.08
droctagon101: folds 
Dorex2007: folds 
prv71: folds 
60mnchen: folds 
VitoRUS54: folds 
OntheFlop171: calls $0.04
*** FLOP *** [Jd 8s 2s]
OntheFlop171: checks 
bugymugy: bets $0.10
OntheFlop171: folds 
Uncalled bet ($0.10) returned to bugymugy
bugymugy collected $0.18 from pot
bugymugy: doesn't show hand 
*** SUMMARY ***
Total pot $0.19 | Rake $0.01 
Board [Jd 8s 2s]
Seat 1: 60mnchen (small blind) folded before Flop
Seat 2: VitoRUS54 (big blind) folded before Flop
Seat 3: Shreyu folded before Flop (didn't bet)
Seat 4: PaulEKB folded before Flop (didn't bet)
Seat 5: OntheFlop171 folded on the Flop
Seat 6: bugymugy collected ($0.18)
Seat 7: droctagon101 folded before Flop (didn't bet)
Seat 8: Dorex2007 folded before Flop (didn't bet)
Seat 9: prv71 (button) folded before Flop (didn't bet)



PokerStars Hand #232179569013:  Hold'em No Limit ($0.01/$0.02 USD) - 2021/12/13 3:04:32 PT [2021/12/13 6:04:32 ET]
Table 'Attica II' 9-max Seat #1 is the button
Seat 1: 60mnchen ($2.10 in chips) 
Seat 2: VitoRUS54 ($1.66 in chips) 
Seat 3: Shreyu ($1.99 in chips) 
Seat 4: PaulEKB ($2.52 in chips) 
Seat 5: OntheFlop171 ($3.63 in chips) 
Seat 6: bugymugy ($2.20 in chips) 
Seat 7: droctagon101 ($2.81 in chips) 
Seat 8: Dorex2007 ($2 in chips) 
Seat 9: prv71 ($1.33 in chips) 
VitoRUS54: posts small blind $0.01
Shreyu: posts big blind $0.02
*** HOLE CARDS ***
Dealt to Dorex2007 [Tc Qc]
PaulEKB: folds 
OntheFlop171: calls $0.02
bugymugy: folds 
droctagon101: folds 
Dorex2007: raises $0.02 to $0.04
prv71: calls $0.04
60mnchen: folds 
VitoRUS54: folds 
Shreyu: calls $0.02
OntheFlop171: calls $0.02
*** FLOP *** [2c 8h Ac]
Shreyu: checks 
OntheFlop171: checks 
Dorex2007: bets $0.08
prv71: calls $0.08
Shreyu: calls $0.08
OntheFlop171: folds 
*** TURN *** [2c 8h Ac] [7d]
Shreyu: checks 
Dorex2007: checks 
prv71: checks 
*** RIVER *** [2c 8h Ac 7d] [5d]
Shreyu: bets $0.28
Dorex2007: folds 
prv71: calls $0.28
*** SHOW DOWN ***
Shreyu: shows [Js Ts] (high card Ace)
prv71: shows [3d Ad] (a pair of Aces)
prv71 collected $0.94 from pot
*** SUMMARY ***
Total pot $0.97 | Rake $0.03 
Board [2c 8h Ac 7d 5d]
Seat 1: 60mnchen (button) folded before Flop (didn't bet)
Seat 2: VitoRUS54 (small blind) folded before Flop
Seat 3: Shreyu (big blind) showed [Js Ts] and lost with high card Ace
Seat 4: PaulEKB folded before Flop (didn't bet)
Seat 5: OntheFlop171 folded on the Flop
Seat 6: bugymugy folded before Flop (didn't bet)
Seat 7: droctagon101 folded before Flop (didn't bet)
Seat 8: Dorex2007 folded on the River
Seat 9: prv71 showed [3d Ad] and won ($0.94) with a pair of Aces



PokerStars Hand #232179582903:  Hold'em No Limit ($0.01/$0.02 USD) - 2021/12/13 3:05:38 PT [2021/12/13 6:05:38 ET]
Table 'Attica II' 9-max Seat #2 is the button
Seat 1: 60mnchen ($2.10 in chips) 
Seat 2: VitoRUS54 ($1.65 in chips) 
Seat 3: Shreyu ($1.59 in chips) 
Seat 4: PaulEKB ($2.52 in chips) 
Seat 5: OntheFlop171 ($3.59 in chips) 
Seat 6: bugymugy ($2.20 in chips) 
Seat 7: droctagon101 ($2.81 in chips) 
Seat 8: Dorex2007 ($2 in chips) 
Seat 9: prv71 ($1.87 in chips) 
Shreyu: posts small blind $0.01
PaulEKB: posts big blind $0.02
*** HOLE CARDS ***
Dealt to Dorex2007 [3d 5c]
OntheFlop171: calls $0.02
bugymugy: folds 
droctagon101: folds 
Dorex2007: folds 
prv71: raises $0.04 to $0.06
60mnchen: folds 
VitoRUS54: folds 
Shreyu: folds 
PaulEKB: folds 
OntheFlop171: calls $0.04
*** FLOP *** [Ah Tc Ac]
OntheFlop171: checks 
prv71: checks 
*** TURN *** [Ah Tc Ac] [Th]
OntheFlop171: checks 
prv71: bets $0.06
OntheFlop171: calls $0.06
*** RIVER *** [Ah Tc Ac Th] [7d]
OntheFlop171: checks 
prv71: bets $0.16
OntheFlop171: folds 
Uncalled bet ($0.16) returned to prv71
prv71 collected $0.26 from pot
prv71: doesn't show hand 
*** SUMMARY ***
Total pot $0.27 | Rake $0.01 
Board [Ah Tc Ac Th 7d]
Seat 1: 60mnchen folded before Flop (didn't bet)
Seat 2: VitoRUS54 (button) folded before Flop (didn't bet)
Seat 3: Shreyu (small blind) folded before Flop
Seat 4: PaulEKB (big blind) folded before Flop
Seat 5: OntheFlop171 folded on the River
Seat 6: bugymugy folded before Flop (didn't bet)
Seat 7: droctagon101 folded before Flop (didn't bet)
Seat 8: Dorex2007 folded before Flop (didn't bet)
Seat 9: prv71 collected ($0.26)



PokerStars Hand #232179595889:  Hold'em No Limit ($0.01/$0.02 USD) - 2021/12/13 3:06:40 PT [2021/12/13 6:06:40 ET]
Table 'Attica II' 9-max Seat #3 is the button
Seat 1: 60mnchen ($2.10 in chips) 
Seat 2: VitoRUS54 ($1.65 in chips) 
Seat 3: Shreyu ($1.58 in chips) 
Seat 4: PaulEKB ($2.50 in chips) 
Seat 5: OntheFlop171 ($3.47 in chips) 
Seat 6: bugymugy ($2.20 in chips) 
Seat 7: droctagon101 ($2.81 in chips) 
Seat 8: Dorex2007 ($2 in chips) 
Seat 9: prv71 ($2.01 in chips) 
PaulEKB: posts small blind $0.01
OntheFlop171: posts big blind $0.02
*** HOLE CARDS ***
Dealt to Dorex2007 [7h 4c]
bugymugy: folds 
droctagon101: raises $0.04 to $0.06
Dorex2007: folds 
prv71: folds 
60mnchen: folds 
VitoRUS54: raises $0.15 to $0.21
Shreyu: folds 
PaulEKB: folds 
OntheFlop171: folds 
droctagon101: folds 
Uncalled bet ($0.15) returned to VitoRUS54
VitoRUS54 collected $0.15 from pot
VitoRUS54: doesn't show hand 
*** SUMMARY ***
Total pot $0.15 | Rake $0 
Seat 1: 60mnchen folded before Flop (didn't bet)
Seat 2: VitoRUS54 collected ($0.15)
Seat 3: Shreyu (button) folded before Flop (didn't bet)
Seat 4: PaulEKB (small blind) folded before Flop
Seat 5: OntheFlop171 (big blind) folded before Flop
Seat 6: bugymugy folded before Flop (didn't bet)
Seat 7: droctagon101 folded before Flop
Seat 8: Dorex2007 folded before Flop (didn't bet)
Seat 9: prv71 folded before Flop (didn't bet)



PokerStars Hand #232179602178:  Hold'em No Limit ($0.01/$0.02 USD) - 2021/12/13 3:07:10 PT [2021/12/13 6:07:10 ET]
Table 'Attica II' 9-max Seat #4 is the button
Seat 1: 60mnchen ($2.10 in chips) 
Seat 2: VitoRUS54 ($1.74 in chips) 
Seat 3: Shreyu ($1.58 in chips) 
Seat 4: PaulEKB ($2.49 in chips) 
Seat 5: OntheFlop171 ($3.45 in chips) 
Seat 6: bugymugy ($2.20 in chips) 
Seat 7: droctagon101 ($2.75 in chips) 
Seat 8: Dorex2007 ($2 in chips) 
Seat 9: prv71 ($2.01 in chips) 
OntheFlop171: posts small blind $0.01
bugymugy: posts big blind $0.02
*** HOLE CARDS ***
Dealt to Dorex2007 [4h 8d]
droctagon101: folds 
Dorex2007: folds 
prv71: folds 
60mnchen: folds 
VitoRUS54: calls $0.02
Shreyu: folds 
PaulEKB: folds 
OntheFlop171: calls $0.01
bugymugy: checks 
*** FLOP *** [Qc Th Js]
OntheFlop171: checks 
bugymugy: checks 
VitoRUS54: bets $0.06
OntheFlop171: folds 
bugymugy: folds 
Uncalled bet ($0.06) returned to VitoRUS54
VitoRUS54 collected $0.06 from pot
VitoRUS54: doesn't show hand 
*** SUMMARY ***
Total pot $0.06 | Rake $0 
Board [Qc Th Js]
Seat 1: 60mnchen folded before Flop (didn't bet)
Seat 2: VitoRUS54 collected ($0.06)
Seat 3: Shreyu folded before Flop (didn't bet)
Seat 4: PaulEKB (button) folded before Flop (didn't bet)
Seat 5: OntheFlop171 (small blind) folded on the Flop
Seat 6: bugymugy (big blind) folded on the Flop
Seat 7: droctagon101 folded before Flop (didn't bet)
Seat 8: Dorex2007 folded before Flop (didn't bet)
Seat 9: prv71 folded before Flop (didn't bet)



PokerStars Hand #232179610410:  Hold'em No Limit ($0.01/$0.02 USD) - 2021/12/13 3:07:50 PT [2021/12/13 6:07:50 ET]
Table 'Attica II' 9-max Seat #5 is the button
Seat 1: 60mnchen ($2.10 in chips) 
Seat 2: VitoRUS54 ($1.78 in chips) 
Seat 3: Shreyu ($1.58 in chips) 
Seat 4: PaulEKB ($2.49 in chips) 
Seat 5: OntheFlop171 ($3.43 in chips) 
Seat 6: bugymugy ($2.18 in chips) 
Seat 7: droctagon101 ($2.75 in chips) 
Seat 8: Dorex2007 ($2 in chips) 
Seat 9: prv71 ($2.01 in chips) 
bugymugy: posts small blind $0.01
droctagon101: posts big blind $0.02
*** HOLE CARDS ***
Dealt to Dorex2007 [Td 9s]
Dorex2007: folds 
prv71: folds 
60mnchen: folds 
VitoRUS54: folds 
Shreyu: folds 
PaulEKB: raises $0.04 to $0.06
OntheFlop171: folds 
bugymugy: folds 
droctagon101: folds 
Uncalled bet ($0.04) returned to PaulEKB
PaulEKB collected $0.05 from pot
PaulEKB: doesn't show hand 
*** SUMMARY ***
Total pot $0.05 | Rake $0 
Seat 1: 60mnchen folded before Flop (didn't bet)
Seat 2: VitoRUS54 folded before Flop (didn't bet)
Seat 3: Shreyu folded before Flop (didn't bet)
Seat 4: PaulEKB collected ($0.05)
Seat 5: OntheFlop171 (button) folded before Flop (didn't bet)
Seat 6: bugymugy (small blind) folded before Flop
Seat 7: droctagon101 (big blind) folded before Flop
Seat 8: Dorex2007 folded before Flop (didn't bet)
Seat 9: prv71 folded before Flop (didn't bet)



PokerStars Hand #232179614747:  Hold'em No Limit ($0.01/$0.02 USD) - 2021/12/13 3:08:10 PT [2021/12/13 6:08:10 ET]
Table 'Attica II' 9-max Seat #6 is the button
Seat 1: 60mnchen ($2.10 in chips) 
Seat 2: VitoRUS54 ($1.78 in chips) 
Seat 3: Shreyu ($1.58 in chips) 
Seat 4: PaulEKB ($2.52 in chips) 
Seat 5: OntheFlop171 ($3.43 in chips) 
Seat 6: bugymugy ($2.17 in chips) 
Seat 7: droctagon101 ($2.73 in chips) 
Seat 8: Dorex2007 ($2 in chips) 
Seat 9: prv71 ($2.01 in chips) 
droctagon101: posts small blind $0.01
Dorex2007: posts big blind $0.02
*** HOLE CARDS ***
Dealt to Dorex2007 [Th 9d]
prv71: folds 
60mnchen: folds 
VitoRUS54: raises $0.04 to $0.06
Shreyu: folds 
PaulEKB: folds 
OntheFlop171: folds 
bugymugy: folds 
droctagon101: folds 
Dorex2007: folds 
Uncalled bet ($0.04) returned to VitoRUS54
VitoRUS54 collected $0.05 from pot
VitoRUS54: doesn't show hand 
*** SUMMARY ***
Total pot $0.05 | Rake $0 
Seat 1: 60mnchen folded before Flop (didn't bet)
Seat 2: VitoRUS54 collected ($0.05)
Seat 3: Shreyu folded before Flop (didn't bet)
Seat 4: PaulEKB folded before Flop (didn't bet)
Seat 5: OntheFlop171 folded before Flop (didn't bet)
Seat 6: bugymugy (button) folded before Flop (didn't bet)
Seat 7: droctagon101 (small blind) folded before Flop
Seat 8: Dorex2007 (big blind) folded before Flop
Seat 9: prv71 folded before Flop (didn't bet)



PokerStars Hand #232179619534:  Hold'em No Limit ($0.01/$0.02 USD) - 2021/12/13 3:08:33 PT [2021/12/13 6:08:33 ET]
Table 'Attica II' 9-max Seat #7 is the button
Seat 1: 60mnchen ($2.10 in chips) 
Seat 2: VitoRUS54 ($1.81 in chips) 
Seat 3: Shreyu ($1.58 in chips) 
Seat 4: PaulEKB ($2.52 in chips) 
Seat 6: bugymugy ($2.17 in chips) 
Seat 7: droctagon101 ($2.72 in chips) 
Seat 8: Dorex2007 ($2 in chips) 
Seat 9: prv71 ($2.01 in chips) 
Dorex2007: posts small blind $0.01
prv71: posts big blind $0.02
*** HOLE CARDS ***
Dealt to Dorex2007 [Qd 6d]
60mnchen: folds 
VitoRUS54: folds 
Shreyu: folds 
PaulEKB: folds 
bugymugy: folds 
droctagon101: raises $0.04 to $0.06
Dorex2007: folds 
prv71: folds 
Uncalled bet ($0.04) returned to droctagon101
droctagon101 collected $0.05 from pot
droctagon101: doesn't show hand 
*** SUMMARY ***
Total pot $0.05 | Rake $0 
Seat 1: 60mnchen folded before Flop (didn't bet)
Seat 2: VitoRUS54 folded before Flop (didn't bet)
Seat 3: Shreyu folded before Flop (didn't bet)
Seat 4: PaulEKB folded before Flop (didn't bet)
Seat 6: bugymugy folded before Flop (didn't bet)
Seat 7: droctagon101 (button) collected ($0.05)
Seat 8: Dorex2007 (small blind) folded before Flop
Seat 9: prv71 (big blind) folded before Flop



PokerStars Hand #232179624135:  Hold'em No Limit ($0.01/$0.02 USD) - 2021/12/13 3:08:55 PT [2021/12/13 6:08:55 ET]
Table 'Attica II' 9-max Seat #8 is the button
Seat 1: 60mnchen ($2.10 in chips) 
Seat 2: VitoRUS54 ($1.81 in chips) 
Seat 3: Shreyu ($1.58 in chips) 
Seat 4: PaulEKB ($2.52 in chips) 
Seat 6: bugymugy ($2.17 in chips) 
Seat 7: droctagon101 ($2.75 in chips) 
Seat 8: Dorex2007 ($2 in chips) 
Seat 9: prv71 ($1.99 in chips) 
prv71: posts small blind $0.01
60mnchen: posts big blind $0.02
*** HOLE CARDS ***
Dealt to Dorex2007 [6h Jc]
VitoRUS54: folds 
VitoRUS54 leaves the table
Shreyu: folds 
PaulEKB: folds 
bugymugy: folds 
droctagon101: folds 
Dorex2007: folds 
prv71: folds 
Uncalled bet ($0.01) returned to 60mnchen
60mnchen collected $0.02 from pot
60mnchen: doesn't show hand 
*** SUMMARY ***
Total pot $0.02 | Rake $0 
Seat 1: 60mnchen (big blind) collected ($0.02)
Seat 2: VitoRUS54 folded before Flop (didn't bet)
Seat 3: Shreyu folded before Flop (didn't bet)
Seat 4: PaulEKB folded before Flop (didn't bet)
Seat 6: bugymugy folded before Flop (didn't bet)
Seat 7: droctagon101 folded before Flop (didn't bet)
Seat 8: Dorex2007 (button) folded before Flop (didn't bet)
Seat 9: prv71 (small blind) folded before Flop



PokerStars Hand #232179628231:  Hold'em No Limit ($0.01/$0.02 USD) - 2021/12/13 3:09:14 PT [2021/12/13 6:09:14 ET]
Table 'Attica II' 9-max Seat #9 is the button
Seat 1: 60mnchen ($2.11 in chips) 
Seat 3: Shreyu ($1.58 in chips) 
Seat 4: PaulEKB ($2.52 in chips) 
Seat 6: bugymugy ($2.17 in chips) 
Seat 7: droctagon101 ($2.75 in chips) 
Seat 8: Dorex2007 ($2 in chips) 
Seat 9: prv71 ($1.98 in chips) 
60mnchen: posts small blind $0.01
Shreyu: posts big blind $0.02
*** HOLE CARDS ***
Dealt to Dorex2007 [Qh Ks]
PaulEKB: folds 
bugymugy: folds 
droctagon101: folds 
Dorex2007: raises $0.04 to $0.06
prv71: calls $0.06
60mnchen: folds 
Shreyu: raises $0.14 to $0.20
Dorex2007: folds 
prv71: raises $0.60 to $0.80
viktormihalych joins the table at seat #2 
Shreyu: raises $0.78 to $1.58 and is all-in
PaulEKB is disconnected 
prv71: calls $0.78
*** FLOP *** [8d Th 5h]
*** TURN *** [8d Th 5h] [5c]
*** RIVER *** [8d Th 5h 5c] [8h]
*** SHOW DOWN ***
Shreyu: shows [7d 7h] (two pair, Eights and Sevens)
prv71: shows [Td Jc] (two pair, Tens and Eights)
prv71 cashed out the hand for $1.48 | Cash Out Fee $0.02
*** SUMMARY ***
Total pot $3.23 | Rake $0.11 
Board [8d Th 5h 5c 8h]
Seat 1: 60mnchen (small blind) folded before Flop
Seat 3: Shreyu (big blind) showed [7d 7h] and lost with two pair, Eights and Sevens
Seat 4: PaulEKB folded before Flop (didn't bet)
Seat 6: bugymugy folded before Flop (didn't bet)
Seat 7: droctagon101 folded before Flop (didn't bet)
Seat 8: Dorex2007 folded before Flop
Seat 9: prv71 (button) showed [Td Jc] and won ($3.12) with two pair, Tens and Eights (pot not awarded as player cashed out)



PokerStars Hand #232179645215:  Hold'em No Limit ($0.01/$0.02 USD) - 2021/12/13 3:10:34 PT [2021/12/13 6:10:34 ET]
Table 'Attica II' 9-max Seat #1 is the button
Seat 1: 60mnchen ($2.10 in chips) 
Seat 3: Shreyu ($2 in chips) 
Seat 4: PaulEKB ($2.52 in chips) 
Seat 6: bugymugy ($2.17 in chips) 
Seat 7: droctagon101 ($2.75 in chips) 
Seat 8: Dorex2007 ($2 in chips) 
Seat 9: prv71 ($1.88 in chips) 
Shreyu: posts small blind $0.01
PaulEKB: posts big blind $0.02
*** HOLE CARDS ***
Dealt to Dorex2007 [6s Kd]
bugymugy: folds 
droctagon101: folds 
Dorex2007: folds 
prv71: folds 
prv71 leaves the table
60mnchen: folds 
Shreyu: folds 
Uncalled bet ($0.01) returned to PaulEKB
PaulEKB collected $0.02 from pot
PaulEKB: doesn't show hand 
*** SUMMARY ***
Total pot $0.02 | Rake $0 
Seat 1: 60mnchen (button) folded before Flop (didn't bet)
Seat 3: Shreyu (small blind) folded before Flop
Seat 4: PaulEKB (big blind) collected ($0.02)
Seat 6: bugymugy folded before Flop (didn't bet)
Seat 7: droctagon101 folded before Flop (didn't bet)
Seat 8: Dorex2007 folded before Flop (didn't bet)
Seat 9: prv71 folded before Flop (didn't bet)



PokerStars Hand #232179647722:  Hold'em No Limit ($0.01/$0.02 USD) - 2021/12/13 3:10:46 PT [2021/12/13 6:10:46 ET]
Table 'Attica II' 9-max Seat #3 is the button
Seat 1: 60mnchen ($2.10 in chips) 
Seat 2: viktormihalych ($0.80 in chips) 
Seat 3: Shreyu ($1.99 in chips) 
Seat 4: PaulEKB ($2.53 in chips) 
Seat 6: bugymugy ($2.17 in chips) 
Seat 7: droctagon101 ($2.75 in chips) 
Seat 8: Dorex2007 ($2 in chips) 
PaulEKB: posts small blind $0.01
bugymugy: posts big blind $0.02
viktormihalych: posts big blind $0.02
*** HOLE CARDS ***
Dealt to Dorex2007 [9d 9h]
droctagon101: folds 
Dorex2007 has timed out
Dorex2007: folds 
60mnchen: folds 
viktormihalych: checks 
Shreyu: folds 
Shreyu leaves the table
PaulEKB: calls $0.01
bugymugy: checks 
*** FLOP *** [5c 8d Tc]
PaulEKB: checks 
bugymugy: checks 
viktormihalych: checks 
*** TURN *** [5c 8d Tc] [Ah]
PaulEKB: checks 
bugymugy: checks 
viktormihalych: checks 
*** RIVER *** [5c 8d Tc Ah] [Ks]
PaulEKB: checks 
bugymugy: checks 
viktormihalych: checks 
*** SHOW DOWN ***
PaulEKB: shows [4d 6d] (high card Ace)
bugymugy: shows [Jd 7s] (high card Ace - King+Jack kicker)
viktormihalych: shows [Th 3s] (a pair of Tens)
viktormihalych collected $0.06 from pot
*** SUMMARY ***
Total pot $0.06 | Rake $0 
Board [5c 8d Tc Ah Ks]
Seat 1: 60mnchen folded before Flop (didn't bet)
Seat 2: viktormihalych showed [Th 3s] and won ($0.06) with a pair of Tens
Seat 3: Shreyu (button) folded before Flop (didn't bet)
Seat 4: PaulEKB (small blind) showed [4d 6d] and lost with high card Ace
Seat 6: bugymugy (big blind) showed [Jd 7s] and lost with high card Ace
Seat 7: droctagon101 folded before Flop (didn't bet)
Seat 8: Dorex2007 folded before Flop (didn't bet)



PokerStars Hand #232179659431:  Hold'em No Limit ($0.01/$0.02 USD) - 2021/12/13 3:11:41 PT [2021/12/13 6:11:41 ET]
Table 'Attica II' 9-max Seat #4 is the button
Seat 1: 60mnchen ($2.10 in chips) 
Seat 2: viktormihalych ($0.84 in chips) 
Seat 4: PaulEKB ($2.51 in chips) 
Seat 6: bugymugy ($2.15 in chips) 
Seat 7: droctagon101 ($2.75 in chips) 
Seat 8: Dorex2007 ($2 in chips) 
bugymugy: posts small blind $0.01
droctagon101: posts big blind $0.02
*** HOLE CARDS ***
Dealt to Dorex2007 [5h 8s]
Dorex2007: folds 
60mnchen: folds 
viktormihalych: folds 
PaulEKB: folds 
bugymugy: raises $0.04 to $0.06
droctagon101: calls $0.04
*** FLOP *** [5c 6d Jc]
bugymugy: bets $0.09
droctagon101: calls $0.09
*** TURN *** [5c 6d Jc] [4h]
bugymugy: checks 
droctagon101: checks 
*** RIVER *** [5c 6d Jc 4h] [Qd]
bugymugy: checks 
droctagon101: checks 
*** SHOW DOWN ***
bugymugy: shows [Ah Kc] (high card Ace)
droctagon101: mucks hand 
bugymugy collected $0.29 from pot
*** SUMMARY ***
Total pot $0.30 | Rake $0.01 
Board [5c 6d Jc 4h Qd]
Seat 1: 60mnchen folded before Flop (didn't bet)
Seat 2: viktormihalych folded before Flop (didn't bet)
Seat 4: PaulEKB (button) folded before Flop (didn't bet)
Seat 6: bugymugy (small blind) showed [Ah Kc] and won ($0.29) with high card Ace
Seat 7: droctagon101 (big blind) mucked [7d Ad]
Seat 8: Dorex2007 folded before Flop (didn't bet)



PokerStars Hand #232179670891:  Hold'em No Limit ($0.01/$0.02 USD) - 2021/12/13 3:12:35 PT [2021/12/13 6:12:35 ET]
Table 'Attica II' 9-max Seat #6 is the button
Seat 1: 60mnchen ($2.10 in chips) 
Seat 2: viktormihalych ($0.84 in chips) 
Seat 4: PaulEKB ($2.51 in chips) 
Seat 6: bugymugy ($2.29 in chips) 
Seat 7: droctagon101 ($2.60 in chips) 
Seat 8: Dorex2007 ($2 in chips) 
droctagon101: posts small blind $0.01
Dorex2007: posts big blind $0.02
*** HOLE CARDS ***
Dealt to Dorex2007 [Ts Ad]
60mnchen: calls $0.02
arsenyaspbsb joins the table at seat #9 
viktormihalych: folds 
PaulEKB: raises $0.04 to $0.06
bugymugy: folds 
droctagon101: folds 
Dorex2007: calls $0.04
60mnchen: calls $0.04
*** FLOP *** [6s 2c 3h]
Dorex2007: checks 
BR00RB joins the table at seat #3 
60mnchen: checks 
PaulEKB: checks 
*** TURN *** [6s 2c 3h] [Qh]
Dorex2007: bets $0.09
60mnchen: calls $0.09
PaulEKB: calls $0.09
*** RIVER *** [6s 2c 3h Qh] [3d]
Dorex2007: checks 
60mnchen: checks 
PaulEKB: checks 
*** SHOW DOWN ***
Dorex2007: shows [Ts Ad] (a pair of Threes)
60mnchen: shows [4s 4c] (two pair, Fours and Threes)
PaulEKB: mucks hand 
60mnchen collected $0.44 from pot
*** SUMMARY ***
Total pot $0.46 | Rake $0.02 
Board [6s 2c 3h Qh 3d]
Seat 1: 60mnchen showed [4s 4c] and won ($0.44) with two pair, Fours and Threes
Seat 2: viktormihalych folded before Flop (didn't bet)
Seat 4: PaulEKB mucked [Kd Ac]
Seat 6: bugymugy (button) folded before Flop (didn't bet)
Seat 7: droctagon101 (small blind) folded before Flop
Seat 8: Dorex2007 (big blind) showed [Ts Ad] and lost with a pair of Threes



PokerStars Hand #232179681624:  Hold'em No Limit ($0.01/$0.02 USD) - 2021/12/13 3:13:26 PT [2021/12/13 6:13:26 ET]
Table 'Attica II' 9-max Seat #7 is the button
Seat 1: 60mnchen ($2.39 in chips) 
Seat 2: viktormihalych ($0.84 in chips) 
Seat 3: BR00RB ($0.80 in chips) 
Seat 4: PaulEKB ($2.36 in chips) 
Seat 6: bugymugy ($2.29 in chips) 
Seat 7: droctagon101 ($2.59 in chips) 
Seat 8: Dorex2007 ($2 in chips) 
Seat 9: arsenyaspbsb ($2 in chips) 
Dorex2007: posts small blind $0.01
arsenyaspbsb: posts big blind $0.02
BR00RB: posts big blind $0.02
*** HOLE CARDS ***
Dealt to Dorex2007 [5h 3s]
60mnchen: folds 
viktormihalych: folds 
BR00RB: checks 
PaulEKB: folds 
bugymugy: folds 
droctagon101: folds 
Dorex2007: folds 
arsenyaspbsb: checks 
*** FLOP *** [As 9d Qs]
arsenyaspbsb: checks 
BR00RB: checks 
*** TURN *** [As 9d Qs] [8s]
arsenyaspbsb: bets $0.03
BR00RB: folds 
Uncalled bet ($0.03) returned to arsenyaspbsb
arsenyaspbsb collected $0.05 from pot
arsenyaspbsb: doesn't show hand 
*** SUMMARY ***
Total pot $0.05 | Rake $0 
Board [As 9d Qs 8s]
Seat 1: 60mnchen folded before Flop (didn't bet)
Seat 2: viktormihalych folded before Flop (didn't bet)
Seat 3: BR00RB folded on the Turn (didn't bet)
Seat 4: PaulEKB folded before Flop (didn't bet)
Seat 6: bugymugy folded before Flop (didn't bet)
Seat 7: droctagon101 (button) folded before Flop (didn't bet)
Seat 8: Dorex2007 (small blind) folded before Flop
Seat 9: arsenyaspbsb (big blind) collected ($0.05)



PokerStars Hand #232179687456:  Hold'em No Limit ($0.01/$0.02 USD) - 2021/12/13 3:13:53 PT [2021/12/13 6:13:53 ET]
Table 'Attica II' 9-max Seat #8 is the button
Seat 1: 60mnchen ($2.39 in chips) 
Seat 2: viktormihalych ($0.84 in chips) 
Seat 3: BR00RB ($0.78 in chips) 
Seat 4: PaulEKB ($2.36 in chips) 
Seat 6: bugymugy ($2.29 in chips) 
Seat 7: droctagon101 ($2.59 in chips) 
Seat 8: Dorex2007 ($2 in chips) 
Seat 9: arsenyaspbsb ($2.03 in chips) 
arsenyaspbsb: posts small blind $0.01
60mnchen: posts big blind $0.02
*** HOLE CARDS ***
Dealt to Dorex2007 [Ac 6h]
viktormihalych: raises $0.04 to $0.06
BR00RB: folds 
PaulEKB: folds 
bugymugy: folds 
droctagon101: folds 
Dorex2007: folds 
arsenyaspbsb: folds 
60mnchen: folds 
Uncalled bet ($0.04) returned to viktormihalych
viktormihalych collected $0.05 from pot
viktormihalych: doesn't show hand 
*** SUMMARY ***
Total pot $0.05 | Rake $0 
Seat 1: 60mnchen (big blind) folded before Flop
Seat 2: viktormihalych collected ($0.05)
Seat 3: BR00RB folded before Flop (didn't bet)
Seat 4: PaulEKB folded before Flop (didn't bet)
Seat 6: bugymugy folded before Flop (didn't bet)
Seat 7: droctagon101 folded before Flop (didn't bet)
Seat 8: Dorex2007 (button) folded before Flop (didn't bet)
Seat 9: arsenyaspbsb (small blind) folded before Flop



PokerStars Hand #232179693969:  Hold'em No Limit ($0.01/$0.02 USD) - 2021/12/13 3:14:20 PT [2021/12/13 6:14:20 ET]
Table 'Attica II' 9-max Seat #9 is the button
Seat 1: 60mnchen ($2.37 in chips) 
Seat 2: viktormihalych ($0.87 in chips) 
Seat 3: BR00RB ($0.78 in chips) 
Seat 4: PaulEKB ($2.36 in chips) 
Seat 6: bugymugy ($2.29 in chips) 
Seat 7: droctagon101 ($2.59 in chips) 
Seat 8: Dorex2007 ($2 in chips) 
Seat 9: arsenyaspbsb ($2.02 in chips) 
60mnchen: posts small blind $0.01
viktormihalych: posts big blind $0.02
*** HOLE CARDS ***
Dealt to Dorex2007 [Qs 3d]
BR00RB: calls $0.02
PaulEKB: folds 
bugymugy: raises $0.04 to $0.06
droctagon101: folds 
Dorex2007: folds 
arsenyaspbsb: folds 
60mnchen: calls $0.05
viktormihalych: folds 
BR00RB: folds 
*** FLOP *** [3c 8c 9s]
60mnchen: checks 
bugymugy: checks 
*** TURN *** [3c 8c 9s] [Qh]
60mnchen: checks 
bugymugy: bets $0.11
60mnchen: folds 
Uncalled bet ($0.11) returned to bugymugy
bugymugy collected $0.15 from pot
bugymugy: doesn't show hand 
*** SUMMARY ***
Total pot $0.16 | Rake $0.01 
Board [3c 8c 9s Qh]
Seat 1: 60mnchen (small blind) folded on the Turn
Seat 2: viktormihalych (big blind) folded before Flop
Seat 3: BR00RB folded before Flop
Seat 4: PaulEKB folded before Flop (didn't bet)
Seat 6: bugymugy collected ($0.15)
Seat 7: droctagon101 folded before Flop (didn't bet)
Seat 8: Dorex2007 folded before Flop (didn't bet)
Seat 9: arsenyaspbsb (button) folded before Flop (didn't bet)



PokerStars Hand #232179707320:  Hold'em No Limit ($0.01/$0.02 USD) - 2021/12/13 3:15:24 PT [2021/12/13 6:15:24 ET]
Table 'Attica II' 9-max Seat #1 is the button
Seat 1: 60mnchen ($2.31 in chips) 
Seat 2: viktormihalych ($0.85 in chips) 
Seat 3: BR00RB ($0.76 in chips) 
Seat 4: PaulEKB ($2.36 in chips) 
Seat 6: bugymugy ($2.38 in chips) 
Seat 7: droctagon101 ($2.59 in chips) 
Seat 8: Dorex2007 ($2 in chips) 
Seat 9: arsenyaspbsb ($2.02 in chips) 
viktormihalych: posts small blind $0.01
BR00RB: posts big blind $0.02
*** HOLE CARDS ***
Dealt to Dorex2007 [9d Th]
PaulEKB: raises $0.04 to $0.06
bugymugy: folds 
droctagon101: folds 
Dorex2007: folds 
arsenyaspbsb: folds 
60mnchen: folds 
viktormihalych: folds 
BR00RB: folds 
Uncalled bet ($0.04) returned to PaulEKB
PaulEKB collected $0.05 from pot
PaulEKB: doesn't show hand 
*** SUMMARY ***
Total pot $0.05 | Rake $0 
Seat 1: 60mnchen (button) folded before Flop (didn't bet)
Seat 2: viktormihalych (small blind) folded before Flop
Seat 3: BR00RB (big blind) folded before Flop
Seat 4: PaulEKB collected ($0.05)
Seat 6: bugymugy folded before Flop (didn't bet)
Seat 7: droctagon101 folded before Flop (didn't bet)
Seat 8: Dorex2007 folded before Flop (didn't bet)
Seat 9: arsenyaspbsb folded before Flop (didn't bet)



PokerStars Hand #232179710993:  Hold'em No Limit ($0.01/$0.02 USD) - 2021/12/13 3:15:41 PT [2021/12/13 6:15:41 ET]
Table 'Attica II' 9-max Seat #2 is the button
Seat 1: 60mnchen ($2.31 in chips) 
Seat 2: viktormihalych ($0.84 in chips) 
Seat 3: BR00RB ($0.74 in chips) 
Seat 4: PaulEKB ($2.39 in chips) 
Seat 6: bugymugy ($2.38 in chips) 
Seat 7: droctagon101 ($2.59 in chips) 
Seat 8: Dorex2007 ($2 in chips) 
Seat 9: arsenyaspbsb ($2.02 in chips) 
BR00RB: posts small blind $0.01
PaulEKB: posts big blind $0.02
*** HOLE CARDS ***
Dealt to Dorex2007 [Jd 8c]
bugymugy: folds 
droctagon101: folds 
Dorex2007: folds 
arsenyaspbsb: folds 
60mnchen: folds 
viktormihalych has timed out
viktormihalych: folds 
BR00RB: calls $0.01
PaulEKB: checks 
*** FLOP *** [2h 4h 9d]
BR00RB: bets $0.02
PaulEKB: calls $0.02
*** TURN *** [2h 4h 9d] [Qd]
BR00RB: bets $0.04
PaulEKB: folds 
Uncalled bet ($0.04) returned to BR00RB
BR00RB collected $0.08 from pot
*** SUMMARY ***
Total pot $0.08 | Rake $0 
Board [2h 4h 9d Qd]
Seat 1: 60mnchen folded before Flop (didn't bet)
Seat 2: viktormihalych (button) folded before Flop (didn't bet)
Seat 3: BR00RB (small blind) collected ($0.08)
Seat 4: PaulEKB (big blind) folded on the Turn
Seat 6: bugymugy folded before Flop (didn't bet)
Seat 7: droctagon101 folded before Flop (didn't bet)
Seat 8: Dorex2007 folded before Flop (didn't bet)
Seat 9: arsenyaspbsb folded before Flop (didn't bet)



PokerStars Hand #232179720406:  Hold'em No Limit ($0.01/$0.02 USD) - 2021/12/13 3:16:25 PT [2021/12/13 6:16:25 ET]
Table 'Attica II' 9-max Seat #3 is the button
Seat 1: 60mnchen ($2.31 in chips) 
Seat 3: BR00RB ($0.78 in chips) 
Seat 4: PaulEKB ($2.35 in chips) 
Seat 6: bugymugy ($2.38 in chips) 
Seat 7: droctagon101 ($2.59 in chips) 
Seat 8: Dorex2007 ($2 in chips) 
Seat 9: arsenyaspbsb ($2.02 in chips) 
PaulEKB: posts small blind $0.01
bugymugy: posts big blind $0.02
*** HOLE CARDS ***
Dealt to Dorex2007 [Kh Kd]
droctagon101: folds 
Dorex2007 has timed out
Dorex2007: folds 
arsenyaspbsb: folds 
60mnchen: folds 
BR00RB: folds 
PaulEKB: raises $0.02 to $0.04
bugymugy: calls $0.02
*** FLOP *** [7s 3c 2c]
PaulEKB: bets $0.04
bugymugy: raises $0.08 to $0.12
PaulEKB: folds 
Uncalled bet ($0.08) returned to bugymugy
bugymugy collected $0.15 from pot
bugymugy: doesn't show hand 
*** SUMMARY ***
Total pot $0.16 | Rake $0.01 
Board [7s 3c 2c]
Seat 1: 60mnchen folded before Flop (didn't bet)
Seat 3: BR00RB (button) folded before Flop (didn't bet)
Seat 4: PaulEKB (small blind) folded on the Flop
Seat 6: bugymugy (big blind) collected ($0.15)
Seat 7: droctagon101 folded before Flop (didn't bet)
Seat 8: Dorex2007 folded before Flop (didn't bet)
Seat 9: arsenyaspbsb folded before Flop (didn't bet)



PokerStars Hand #232179728920:  Hold'em No Limit ($0.01/$0.02 USD) - 2021/12/13 3:17:05 PT [2021/12/13 6:17:05 ET]
Table 'Attica II' 9-max Seat #4 is the button
Seat 1: 60mnchen ($2.31 in chips) 
Seat 3: BR00RB ($0.78 in chips) 
Seat 4: PaulEKB ($2.27 in chips) 
Seat 6: bugymugy ($2.45 in chips) 
Seat 7: droctagon101 ($2.59 in chips) 
Seat 8: Dorex2007 ($2 in chips) 
Seat 9: arsenyaspbsb ($2.02 in chips) 
bugymugy: posts small blind $0.01
droctagon101: posts big blind $0.02
*** HOLE CARDS ***
Dealt to Dorex2007 [7c Kc]
Dorex2007: calls $0.02
arsenyaspbsb: folds 
60mnchen: folds 
BR00RB: raises $0.04 to $0.06
PaulEKB: folds 
bugymugy: folds 
droctagon101: folds 
Dorex2007: calls $0.04
*** FLOP *** [5d Ah 8h]
Dorex2007: checks 
BR00RB: bets $0.07
Dorex2007: folds 
Uncalled bet ($0.07) returned to BR00RB
BR00RB collected $0.14 from pot
*** SUMMARY ***
Total pot $0.15 | Rake $0.01 
Board [5d Ah 8h]
Seat 1: 60mnchen folded before Flop (didn't bet)
Seat 3: BR00RB collected ($0.14)
Seat 4: PaulEKB (button) folded before Flop (didn't bet)
Seat 6: bugymugy (small blind) folded before Flop
Seat 7: droctagon101 (big blind) folded before Flop
Seat 8: Dorex2007 folded on the Flop
Seat 9: arsenyaspbsb folded before Flop (didn't bet)



PokerStars Hand #232179735194:  Hold'em No Limit ($0.01/$0.02 USD) - 2021/12/13 3:17:35 PT [2021/12/13 6:17:35 ET]
Table 'Attica II' 9-max Seat #6 is the button
Seat 1: 60mnchen ($2.31 in chips) 
Seat 3: BR00RB ($0.86 in chips) 
Seat 4: PaulEKB ($2.27 in chips) 
Seat 5: OntheFlop171 ($3.43 in chips) 
Seat 6: bugymugy ($2.44 in chips) 
Seat 7: droctagon101 ($2.57 in chips) 
Seat 8: Dorex2007 ($2 in chips) 
Seat 9: arsenyaspbsb ($2.02 in chips) 
droctagon101: posts small blind $0.01
Dorex2007: posts big blind $0.02
OntheFlop171: posts small & big blinds $0.03
*** HOLE CARDS ***
Dealt to Dorex2007 [3d Kh]
arsenyaspbsb: folds 
60mnchen: folds 
BR00RB: calls $0.02
PaulEKB: raises $0.04 to $0.06
OntheFlop171: calls $0.04
bugymugy: folds 
droctagon101: folds 
Dorex2007: folds 
BR00RB: calls $0.04
*** FLOP *** [5c 7h Td]
BR00RB: bets $0.02
PaulEKB: raises $0.06 to $0.08
OntheFlop171: calls $0.08
BR00RB: calls $0.06
*** TURN *** [5c 7h Td] [6c]
BR00RB: checks 
PaulEKB: checks 
OntheFlop171: checks 
*** RIVER *** [5c 7h Td 6c] [Th]
BR00RB: checks 
PaulEKB: checks 
OntheFlop171: checks 
*** SHOW DOWN ***
BR00RB: shows [5d Kd] (two pair, Tens and Fives)
PaulEKB: mucks hand 
OntheFlop171: shows [6d 8h] (two pair, Tens and Sixes)
OntheFlop171 collected $0.44 from pot
*** SUMMARY ***
Total pot $0.46 | Rake $0.02 
Board [5c 7h Td 6c Th]
Seat 1: 60mnchen folded before Flop (didn't bet)
Seat 3: BR00RB showed [5d Kd] and lost with two pair, Tens and Fives
Seat 4: PaulEKB mucked [Ad Js]
Seat 5: OntheFlop171 showed [6d 8h] and won ($0.44) with two pair, Tens and Sixes
Seat 6: bugymugy (button) folded before Flop (didn't bet)
Seat 7: droctagon101 (small blind) folded before Flop
Seat 8: Dorex2007 (big blind) folded before Flop
Seat 9: arsenyaspbsb folded before Flop (didn't bet)



PokerStars Hand #232179748793:  Hold'em No Limit ($0.01/$0.02 USD) - 2021/12/13 3:18:38 PT [2021/12/13 6:18:38 ET]
Table 'Attica II' 9-max Seat #7 is the button
Seat 1: 60mnchen ($2.31 in chips) 
Seat 3: BR00RB ($0.72 in chips) 
Seat 4: PaulEKB ($2.13 in chips) 
Seat 5: OntheFlop171 ($3.72 in chips) 
Seat 6: bugymugy ($2.44 in chips) 
Seat 7: droctagon101 ($2.56 in chips) 
Seat 8: Dorex2007 ($2 in chips) 
Seat 9: arsenyaspbsb ($2.02 in chips) 
Dorex2007: posts small blind $0.01
arsenyaspbsb: posts big blind $0.02
*** HOLE CARDS ***
Dealt to Dorex2007 [Qc 6s]
60mnchen: folds 
BR00RB: folds 
PaulEKB: folds 
OntheFlop171: raises $0.02 to $0.04
bugymugy: folds 
droctagon101: folds 
Dorex2007: folds 
arsenyaspbsb: calls $0.02
*** FLOP *** [5d Td 7c]
arsenyaspbsb: checks 
OntheFlop171: checks 
*** TURN *** [5d Td 7c] [Jc]
arsenyaspbsb: checks 
OntheFlop171: bets $0.02
arsenyaspbsb: calls $0.02
*** RIVER *** [5d Td 7c Jc] [5s]
arsenyaspbsb: checks 
OntheFlop171: bets $0.02
arsenyaspbsb: calls $0.02
*** SHOW DOWN ***
OntheFlop171: shows [Qh Js] (two pair, Jacks and Fives)
arsenyaspbsb: mucks hand 
OntheFlop171 collected $0.16 from pot
*** SUMMARY ***
Total pot $0.17 | Rake $0.01 
Board [5d Td 7c Jc 5s]
Seat 1: 60mnchen folded before Flop (didn't bet)
Seat 3: BR00RB folded before Flop (didn't bet)
Seat 4: PaulEKB folded before Flop (didn't bet)
Seat 5: OntheFlop171 showed [Qh Js] and won ($0.16) with two pair, Jacks and Fives
Seat 6: bugymugy folded before Flop (didn't bet)
Seat 7: droctagon101 (button) folded before Flop (didn't bet)
Seat 8: Dorex2007 (small blind) folded before Flop
Seat 9: arsenyaspbsb (big blind) mucked [As 8h]



PokerStars Hand #232179759860:  Hold'em No Limit ($0.01/$0.02 USD) - 2021/12/13 3:19:29 PT [2021/12/13 6:19:29 ET]
Table 'Attica II' 9-max Seat #8 is the button
Seat 1: 60mnchen ($2.31 in chips) 
Seat 3: BR00RB ($0.72 in chips) 
Seat 4: PaulEKB ($2.13 in chips) 
Seat 5: OntheFlop171 ($3.80 in chips) 
Seat 6: bugymugy ($2.44 in chips) 
Seat 7: droctagon101 ($2.56 in chips) 
Seat 8: Dorex2007 ($2 in chips) 
Seat 9: arsenyaspbsb ($2 in chips) 
arsenyaspbsb: posts small blind $0.01
60mnchen: posts big blind $0.02
*** HOLE CARDS ***
Dealt to Dorex2007 [5s Th]
BR00RB: folds 
PaulEKB: folds 
OntheFlop171: calls $0.02
bugymugy: folds 
droctagon101: folds 
Dorex2007: folds 
arsenyaspbsb: folds 
60mnchen: checks 
*** FLOP *** [As 6s 4s]
60mnchen: checks 
OntheFlop171: checks 
*** TURN *** [As 6s 4s] [8c]
60mnchen: checks 
OntheFlop171: checks 
*** RIVER *** [As 6s 4s 8c] [2h]
60mnchen: checks 
OntheFlop171: checks 
*** SHOW DOWN ***
60mnchen: shows [Qs 5d] (high card Ace)
OntheFlop171: mucks hand 
60mnchen collected $0.05 from pot
*** SUMMARY ***
Total pot $0.05 | Rake $0 
Board [As 6s 4s 8c 2h]
Seat 1: 60mnchen (big blind) showed [Qs 5d] and won ($0.05) with high card Ace
Seat 3: BR00RB folded before Flop (didn't bet)
Seat 4: PaulEKB folded before Flop (didn't bet)
Seat 5: OntheFlop171 mucked [9c Tc]
Seat 6: bugymugy folded before Flop (didn't bet)
Seat 7: droctagon101 folded before Flop (didn't bet)
Seat 8: Dorex2007 (button) folded before Flop (didn't bet)
Seat 9: arsenyaspbsb (small blind) folded before Flop



PokerStars Hand #232179765587:  Hold'em No Limit ($0.01/$0.02 USD) - 2021/12/13 3:19:56 PT [2021/12/13 6:19:56 ET]
Table 'Attica II' 9-max Seat #9 is the button
Seat 1: 60mnchen ($2.34 in chips) 
Seat 2: viktormihalych ($0.84 in chips) 
Seat 3: BR00RB ($0.72 in chips) 
Seat 4: PaulEKB ($2.13 in chips) 
Seat 5: OntheFlop171 ($3.78 in chips) 
Seat 6: bugymugy ($2.44 in chips) 
Seat 7: droctagon101 ($2.56 in chips) 
Seat 8: Dorex2007 ($2 in chips) 
Seat 9: arsenyaspbsb ($2 in chips) 
60mnchen: posts small blind $0.01
viktormihalych: posts big blind $0.02
*** HOLE CARDS ***
Dealt to Dorex2007 [5s 4s]
BR00RB: folds 
PaulEKB: folds 
OntheFlop171: calls $0.02
bugymugy: folds 
droctagon101: folds 
Dorex2007: calls $0.02
arsenyaspbsb: calls $0.02
60mnchen: calls $0.01
viktormihalych: checks 
*** FLOP *** [9c Kd Ah]
60mnchen: checks 
viktormihalych: checks 
OntheFlop171: checks 
Dorex2007: checks 
arsenyaspbsb: bets $0.06
60mnchen: folds 
viktormihalych: folds 
OntheFlop171: folds 
Dorex2007: folds 
Uncalled bet ($0.06) returned to arsenyaspbsb
arsenyaspbsb collected $0.10 from pot
arsenyaspbsb: doesn't show hand 
*** SUMMARY ***
Total pot $0.10 | Rake $0 
Board [9c Kd Ah]
Seat 1: 60mnchen (small blind) folded on the Flop
Seat 2: viktormihalych (big blind) folded on the Flop
Seat 3: BR00RB folded before Flop (didn't bet)
Seat 4: PaulEKB folded before Flop (didn't bet)
Seat 5: OntheFlop171 folded on the Flop
Seat 6: bugymugy folded before Flop (didn't bet)
Seat 7: droctagon101 folded before Flop (didn't bet)
Seat 8: Dorex2007 folded on the Flop
Seat 9: arsenyaspbsb (button) collected ($0.10)



PokerStars Hand #232179773711:  Hold'em No Limit ($0.01/$0.02 USD) - 2021/12/13 3:20:34 PT [2021/12/13 6:20:34 ET]
Table 'Attica II' 9-max Seat #1 is the button
Seat 1: 60mnchen ($2.32 in chips) 
Seat 2: viktormihalych ($0.82 in chips) 
Seat 3: BR00RB ($0.72 in chips) 
Seat 4: PaulEKB ($2.13 in chips) 
Seat 5: OntheFlop171 ($3.76 in chips) 
Seat 6: bugymugy ($2.44 in chips) 
Seat 7: droctagon101 ($2.56 in chips) 
Seat 8: Dorex2007 ($2 in chips) 
Seat 9: arsenyaspbsb ($2.08 in chips) 
viktormihalych: posts small blind $0.01
BR00RB: posts big blind $0.02
*** HOLE CARDS ***
Dealt to Dorex2007 [Qd 9c]
PaulEKB: folds 
OntheFlop171: raises $0.02 to $0.04
bugymugy: folds 
droctagon101: folds 
Dorex2007: folds 
arsenyaspbsb: folds 
60mnchen: folds 
viktormihalych: calls $0.03
BR00RB: calls $0.02
*** FLOP *** [4d 3c 4s]
viktormihalych: checks 
BR00RB: checks 
OntheFlop171: checks 
*** TURN *** [4d 3c 4s] [Ac]
viktormihalych: checks 
BR00RB: bets $0.06
OntheFlop171: calls $0.06
viktormihalych: folds 
*** RIVER *** [4d 3c 4s Ac] [Qs]
BR00RB: bets $0.02
OntheFlop171: raises $0.14 to $0.16
BR00RB: folds 
Uncalled bet ($0.14) returned to OntheFlop171
OntheFlop171 collected $0.27 from pot
*** SUMMARY ***
Total pot $0.28 | Rake $0.01 
Board [4d 3c 4s Ac Qs]
Seat 1: 60mnchen (button) folded before Flop (didn't bet)
Seat 2: viktormihalych (small blind) folded on the Turn
Seat 3: BR00RB (big blind) folded on the River
Seat 4: PaulEKB folded before Flop (didn't bet)
Seat 5: OntheFlop171 collected ($0.27)
Seat 6: bugymugy folded before Flop (didn't bet)
Seat 7: droctagon101 folded before Flop (didn't bet)
Seat 8: Dorex2007 folded before Flop (didn't bet)
Seat 9: arsenyaspbsb folded before Flop (didn't bet)



PokerStars Hand #232179788135:  Hold'em No Limit ($0.01/$0.02 USD) - 2021/12/13 3:21:41 PT [2021/12/13 6:21:41 ET]
Table 'Attica II' 9-max Seat #2 is the button
Seat 1: 60mnchen ($2.32 in chips) 
Seat 2: viktormihalych ($0.78 in chips) 
Seat 3: BR00RB ($0.60 in chips) 
Seat 4: PaulEKB ($2.13 in chips) 
Seat 5: OntheFlop171 ($3.91 in chips) 
Seat 6: bugymugy ($2.44 in chips) 
Seat 7: droctagon101 ($2.56 in chips) 
Seat 8: Dorex2007 ($2 in chips) 
Seat 9: arsenyaspbsb ($2.08 in chips) 
BR00RB: posts small blind $0.01
PaulEKB: posts big blind $0.02
*** HOLE CARDS ***
Dealt to Dorex2007 [Kh 4c]
OntheFlop171: calls $0.02
bugymugy: folds 
droctagon101: folds 
Dorex2007: folds 
arsenyaspbsb: folds 
60mnchen: folds 
viktormihalych: folds 
BR00RB: calls $0.01
PaulEKB: checks 
*** FLOP *** [5d 8h Qc]
BR00RB: checks 
PaulEKB: checks 
OntheFlop171: checks 
*** TURN *** [5d 8h Qc] [8c]
BR00RB: bets $0.02
PaulEKB: folds 
OntheFlop171: raises $0.02 to $0.04
BR00RB: calls $0.02
*** RIVER *** [5d 8h Qc 8c] [4h]
BR00RB: checks 
OntheFlop171: bets $0.07
BR00RB: folds 
Uncalled bet ($0.07) returned to OntheFlop171
OntheFlop171 collected $0.14 from pot
*** SUMMARY ***
Total pot $0.14 | Rake $0 
Board [5d 8h Qc 8c 4h]
Seat 1: 60mnchen folded before Flop (didn't bet)
Seat 2: viktormihalych (button) folded before Flop (didn't bet)
Seat 3: BR00RB (small blind) folded on the River
Seat 4: PaulEKB (big blind) folded on the Turn
Seat 5: OntheFlop171 collected ($0.14)
Seat 6: bugymugy folded before Flop (didn't bet)
Seat 7: droctagon101 folded before Flop (didn't bet)
Seat 8: Dorex2007 folded before Flop (didn't bet)
Seat 9: arsenyaspbsb folded before Flop (didn't bet)



PokerStars Hand #232179805611:  Hold'em No Limit ($0.01/$0.02 USD) - 2021/12/13 3:23:02 PT [2021/12/13 6:23:02 ET]
Table 'Attica II' 9-max Seat #3 is the button
Seat 1: 60mnchen ($2.32 in chips) 
Seat 2: viktormihalych ($0.78 in chips) 
Seat 3: BR00RB ($0.54 in chips) 
Seat 4: PaulEKB ($2.11 in chips) 
Seat 5: OntheFlop171 ($3.99 in chips) 
Seat 6: bugymugy ($2.44 in chips) 
Seat 7: droctagon101 ($2.56 in chips) 
Seat 8: Dorex2007 ($2 in chips) 
Seat 9: arsenyaspbsb ($2.08 in chips) 
PaulEKB: posts small blind $0.01
OntheFlop171: posts big blind $0.02
*** HOLE CARDS ***
Dealt to Dorex2007 [Td 6s]
bugymugy: folds 
droctagon101: folds 
Dorex2007: folds 
arsenyaspbsb: folds 
60mnchen: folds 
viktormihalych: raises $0.04 to $0.06
BR00RB: folds 
PaulEKB: folds 
OntheFlop171: calls $0.04
*** FLOP *** [6d 7c 8s]
OntheFlop171: checks 
viktormihalych: bets $0.07
OntheFlop171: folds 
Uncalled bet ($0.07) returned to viktormihalych
viktormihalych collected $0.13 from pot
viktormihalych: doesn't show hand 
*** SUMMARY ***
Total pot $0.13 | Rake $0 
Board [6d 7c 8s]
Seat 1: 60mnchen folded before Flop (didn't bet)
Seat 2: viktormihalych collected ($0.13)
Seat 3: BR00RB (button) folded before Flop (didn't bet)
Seat 4: PaulEKB (small blind) folded before Flop
Seat 5: OntheFlop171 (big blind) folded on the Flop
Seat 6: bugymugy folded before Flop (didn't bet)
Seat 7: droctagon101 folded before Flop (didn't bet)
Seat 8: Dorex2007 folded before Flop (didn't bet)
Seat 9: arsenyaspbsb folded before Flop (didn't bet)



PokerStars Hand #232179814315:  Hold'em No Limit ($0.01/$0.02 USD) - 2021/12/13 3:23:42 PT [2021/12/13 6:23:42 ET]
Table 'Attica II' 9-max Seat #4 is the button
Seat 1: 60mnchen ($2.32 in chips) 
Seat 2: viktormihalych ($0.85 in chips) 
Seat 3: BR00RB ($0.54 in chips) 
Seat 4: PaulEKB ($2.10 in chips) 
Seat 5: OntheFlop171 ($3.93 in chips) 
Seat 6: bugymugy ($2.44 in chips) 
Seat 7: droctagon101 ($2.56 in chips) 
Seat 8: Dorex2007 ($2 in chips) 
Seat 9: arsenyaspbsb ($2.08 in chips) 
OntheFlop171: posts small blind $0.01
bugymugy: posts big blind $0.02
*** HOLE CARDS ***
Dealt to Dorex2007 [5c 6h]
droctagon101: folds 
Dorex2007: folds 
arsenyaspbsb: folds 
60mnchen: folds 
viktormihalych: folds 
BR00RB: folds 
PaulEKB: folds 
OntheFlop171: calls $0.01
bugymugy: checks 
*** FLOP *** [8s 2d 8h]
OntheFlop171: checks 
bugymugy: bets $0.04
OntheFlop171: folds 
Uncalled bet ($0.04) returned to bugymugy
bugymugy collected $0.04 from pot
bugymugy: doesn't show hand 
*** SUMMARY ***
Total pot $0.04 | Rake $0 
Board [8s 2d 8h]
Seat 1: 60mnchen folded before Flop (didn't bet)
Seat 2: viktormihalych folded before Flop (didn't bet)
Seat 3: BR00RB folded before Flop (didn't bet)
Seat 4: PaulEKB (button) folded before Flop (didn't bet)
Seat 5: OntheFlop171 (small blind) folded on the Flop
Seat 6: bugymugy (big blind) collected ($0.04)
Seat 7: droctagon101 folded before Flop (didn't bet)
Seat 8: Dorex2007 folded before Flop (didn't bet)
Seat 9: arsenyaspbsb folded before Flop (didn't bet)



PokerStars Hand #232179821742:  Hold'em No Limit ($0.01/$0.02 USD) - 2021/12/13 3:24:15 PT [2021/12/13 6:24:15 ET]
Table 'Attica II' 9-max Seat #5 is the button
Seat 1: 60mnchen ($2.32 in chips) 
Seat 2: viktormihalych ($0.85 in chips) 
Seat 3: BR00RB ($0.54 in chips) 
Seat 4: PaulEKB ($2.10 in chips) 
Seat 5: OntheFlop171 ($3.91 in chips) 
Seat 6: bugymugy ($2.46 in chips) 
Seat 7: droctagon101 ($2.56 in chips) 
Seat 8: Dorex2007 ($2 in chips) 
Seat 9: arsenyaspbsb ($2.08 in chips) 
bugymugy: posts small blind $0.01
droctagon101: posts big blind $0.02
*** HOLE CARDS ***
Dealt to Dorex2007 [3h 3s]
Dorex2007: calls $0.02
arsenyaspbsb: folds 
60mnchen: folds 
viktormihalych: folds 
BR00RB: calls $0.02
PaulEKB: calls $0.02
OntheFlop171: raises $0.06 to $0.08
bugymugy: folds 
droctagon101: folds 
Dorex2007: calls $0.06
BR00RB: folds 
PaulEKB: calls $0.06
*** FLOP *** [Kh Qc 7d]
Dorex2007: checks 
PaulEKB: checks 
OntheFlop171: checks 
*** TURN *** [Kh Qc 7d] [Ah]
Dorex2007: checks 
PaulEKB: checks 
OntheFlop171: checks 
*** RIVER *** [Kh Qc 7d Ah] [7s]
Dorex2007: checks 
PaulEKB: checks 
OntheFlop171: checks 
*** SHOW DOWN ***
Dorex2007: shows [3h 3s] (two pair, Sevens and Threes)
PaulEKB: shows [5h 5c] (two pair, Sevens and Fives)
OntheFlop171: shows [Th Tc] (two pair, Tens and Sevens)
OntheFlop171 collected $0.28 from pot
*** SUMMARY ***
Total pot $0.29 | Rake $0.01 
Board [Kh Qc 7d Ah 7s]
Seat 1: 60mnchen folded before Flop (didn't bet)
Seat 2: viktormihalych folded before Flop (didn't bet)
Seat 3: BR00RB folded before Flop
Seat 4: PaulEKB showed [5h 5c] and lost with two pair, Sevens and Fives
Seat 5: OntheFlop171 (button) showed [Th Tc] and won ($0.28) with two pair, Tens and Sevens
Seat 6: bugymugy (small blind) folded before Flop
Seat 7: droctagon101 (big blind) folded before Flop
Seat 8: Dorex2007 showed [3h 3s] and lost with two pair, Sevens and Threes
Seat 9: arsenyaspbsb folded before Flop (didn't bet)



PokerStars Hand #232179835461:  Hold'em No Limit ($0.01/$0.02 USD) - 2021/12/13 3:25:18 PT [2021/12/13 6:25:18 ET]
Table 'Attica II' 9-max Seat #6 is the button
Seat 1: 60mnchen ($2.32 in chips) 
Seat 2: viktormihalych ($0.85 in chips) 
Seat 3: BR00RB ($0.52 in chips) 
Seat 4: PaulEKB ($2.02 in chips) 
Seat 5: OntheFlop171 ($4.11 in chips) 
Seat 6: bugymugy ($2.45 in chips) 
Seat 7: droctagon101 ($2.54 in chips) 
Seat 8: Dorex2007 ($2 in chips) 
Seat 9: arsenyaspbsb ($2.08 in chips) 
droctagon101: posts small blind $0.01
Dorex2007: posts big blind $0.02
*** HOLE CARDS ***
Dealt to Dorex2007 [6d 8h]
arsenyaspbsb: folds 
60mnchen: folds 
viktormihalych: folds 
BR00RB: folds 
PaulEKB: folds 
PaulEKB leaves the table
OntheFlop171: raises $0.02 to $0.04
Marci0085 joins the table at seat #4 
bugymugy: folds 
droctagon101: folds 
Dorex2007: folds 
Uncalled bet ($0.02) returned to OntheFlop171
OntheFlop171 collected $0.05 from pot
*** SUMMARY ***
Total pot $0.05 | Rake $0 
Seat 1: 60mnchen folded before Flop (didn't bet)
Seat 2: viktormihalych folded before Flop (didn't bet)
Seat 3: BR00RB folded before Flop (didn't bet)
Seat 4: PaulEKB folded before Flop (didn't bet)
Seat 5: OntheFlop171 collected ($0.05)
Seat 6: bugymugy (button) folded before Flop (didn't bet)
Seat 7: droctagon101 (small blind) folded before Flop
Seat 8: Dorex2007 (big blind) folded before Flop
Seat 9: arsenyaspbsb folded before Flop (didn't bet)



PokerStars Hand #232179840408:  Hold'em No Limit ($0.01/$0.02 USD) - 2021/12/13 3:25:41 PT [2021/12/13 6:25:41 ET]
Table 'Attica II' 9-max Seat #7 is the button
Seat 1: 60mnchen ($2.32 in chips) 
Seat 2: viktormihalych ($0.85 in chips) 
Seat 3: BR00RB ($0.52 in chips) 
Seat 5: OntheFlop171 ($4.14 in chips) 
Seat 6: bugymugy ($2.45 in chips) 
Seat 7: droctagon101 ($2.53 in chips) 
Seat 8: Dorex2007 ($2 in chips) 
Seat 9: arsenyaspbsb ($2.08 in chips) 
Dorex2007: posts small blind $0.01
arsenyaspbsb: posts big blind $0.02
Marci0085: sits out 
*** HOLE CARDS ***
Dealt to Dorex2007 [Qh 7s]
60mnchen: folds 
viktormihalych: folds 
BR00RB: folds 
OntheFlop171: raises $0.02 to $0.04
bugymugy: folds 
droctagon101: folds 
Dorex2007: folds 
arsenyaspbsb: folds 
Uncalled bet ($0.02) returned to OntheFlop171
OntheFlop171 collected $0.05 from pot
*** SUMMARY ***
Total pot $0.05 | Rake $0 
Seat 1: 60mnchen folded before Flop (didn't bet)
Seat 2: viktormihalych folded before Flop (didn't bet)
Seat 3: BR00RB folded before Flop (didn't bet)
Seat 5: OntheFlop171 collected ($0.05)
Seat 6: bugymugy folded before Flop (didn't bet)
Seat 7: droctagon101 (button) folded before Flop (didn't bet)
Seat 8: Dorex2007 (small blind) folded before Flop
Seat 9: arsenyaspbsb (big blind) folded before Flop



PokerStars Hand #232179844111:  Hold'em No Limit ($0.01/$0.02 USD) - 2021/12/13 3:25:58 PT [2021/12/13 6:25:58 ET]
Table 'Attica II' 9-max Seat #8 is the button
Seat 1: 60mnchen ($2.32 in chips) 
Seat 2: viktormihalych ($0.85 in chips) 
Seat 3: BR00RB ($0.52 in chips) 
Seat 4: Marci0085 ($0.96 in chips) 
Seat 5: OntheFlop171 ($4.17 in chips) 
Seat 6: bugymugy ($2.45 in chips) 
Seat 7: droctagon101 ($2.53 in chips) 
Seat 8: Dorex2007 ($2 in chips) 
Seat 9: arsenyaspbsb ($2.06 in chips) 
arsenyaspbsb: posts small blind $0.01
60mnchen: posts big blind $0.02
Marci0085: posts big blind $0.02
*** HOLE CARDS ***
Dealt to Dorex2007 [Jc Ks]
viktormihalych: folds 
BR00RB: folds 
Marci0085: checks 
OntheFlop171: calls $0.02
bugymugy: folds 
droctagon101: folds 
Dorex2007: calls $0.02
arsenyaspbsb: folds 
60mnchen: checks 
*** FLOP *** [3d As 7s]
60mnchen: checks 
Marci0085: bets $0.09
OntheFlop171: folds 
Dorex2007: folds 
60mnchen: folds 
Uncalled bet ($0.09) returned to Marci0085
Marci0085 collected $0.09 from pot
Marci0085: doesn't show hand 
*** SUMMARY ***
Total pot $0.09 | Rake $0 
Board [3d As 7s]
Seat 1: 60mnchen (big blind) folded on the Flop
Seat 2: viktormihalych folded before Flop (didn't bet)
Seat 3: BR00RB folded before Flop (didn't bet)
Seat 4: Marci0085 collected ($0.09)
Seat 5: OntheFlop171 folded on the Flop
Seat 6: bugymugy folded before Flop (didn't bet)
Seat 7: droctagon101 folded before Flop (didn't bet)
Seat 8: Dorex2007 (button) folded on the Flop
Seat 9: arsenyaspbsb (small blind) folded before Flop



PokerStars Hand #232179850964:  Hold'em No Limit ($0.01/$0.02 USD) - 2021/12/13 3:26:29 PT [2021/12/13 6:26:29 ET]
Table 'Attica II' 9-max Seat #9 is the button
Seat 1: 60mnchen ($2.30 in chips) 
Seat 2: viktormihalych ($0.85 in chips) 
Seat 3: BR00RB ($0.52 in chips) 
Seat 4: Marci0085 ($1.03 in chips) 
Seat 5: OntheFlop171 ($4.15 in chips) 
Seat 6: bugymugy ($2.45 in chips) 
Seat 7: droctagon101 ($2.53 in chips) 
Seat 8: Dorex2007 ($2 in chips) 
Seat 9: arsenyaspbsb ($2.05 in chips) 
60mnchen: posts small blind $0.01
viktormihalych: posts big blind $0.02
*** HOLE CARDS ***
Dealt to Dorex2007 [2d 5c]
BR00RB has timed out
BR00RB: folds 
Marci0085: folds 
OntheFlop171: calls $0.02
bugymugy: folds 
droctagon101: folds 
Dorex2007: folds 
arsenyaspbsb: folds 
60mnchen: folds 
viktormihalych: checks 
*** FLOP *** [5d Jc 2c]
viktormihalych: checks 
OntheFlop171: checks 
*** TURN *** [5d Jc 2c] [8s]
viktormihalych: checks 
OntheFlop171: checks 
*** RIVER *** [5d Jc 2c 8s] [Th]
viktormihalych: checks 
OntheFlop171: checks 
*** SHOW DOWN ***
viktormihalych: shows [Qc Kc] (high card King)
OntheFlop171: shows [9c 8h] (a pair of Eights)
OntheFlop171 collected $0.05 from pot
*** SUMMARY ***
Total pot $0.05 | Rake $0 
Board [5d Jc 2c 8s Th]
Seat 1: 60mnchen (small blind) folded before Flop
Seat 2: viktormihalych (big blind) showed [Qc Kc] and lost with high card King
Seat 3: BR00RB folded before Flop (didn't bet)
Seat 4: Marci0085 folded before Flop (didn't bet)
Seat 5: OntheFlop171 showed [9c 8h] and won ($0.05) with a pair of Eights
Seat 6: bugymugy folded before Flop (didn't bet)
Seat 7: droctagon101 folded before Flop (didn't bet)
Seat 8: Dorex2007 folded before Flop (didn't bet)
Seat 9: arsenyaspbsb (button) folded before Flop (didn't bet)



PokerStars Hand #232179862772:  Hold'em No Limit ($0.01/$0.02 USD) - 2021/12/13 3:27:22 PT [2021/12/13 6:27:22 ET]
Table 'Attica II' 9-max Seat #1 is the button
Seat 1: 60mnchen ($2.29 in chips) 
Seat 2: viktormihalych ($0.83 in chips) 
Seat 3: BR00RB ($0.52 in chips) 
Seat 4: Marci0085 ($1.03 in chips) 
Seat 5: OntheFlop171 ($4.18 in chips) 
Seat 6: bugymugy ($2.45 in chips) 
Seat 7: droctagon101 ($2.53 in chips) 
Seat 8: Dorex2007 ($2 in chips) 
Seat 9: arsenyaspbsb ($2.05 in chips) 
viktormihalych: posts small blind $0.01
BR00RB: posts big blind $0.02
*** HOLE CARDS ***
Dealt to Dorex2007 [4h 9h]
Marci0085: folds 
OntheFlop171: folds 
bugymugy: folds 
droctagon101: folds 
Dorex2007: folds 
arsenyaspbsb: folds 
60mnchen: raises $0.05 to $0.07
viktormihalych: folds 
BR00RB: folds 
Uncalled bet ($0.05) returned to 60mnchen
60mnchen collected $0.05 from pot
60mnchen: doesn't show hand 
*** SUMMARY ***
Total pot $0.05 | Rake $0 
Seat 1: 60mnchen (button) collected ($0.05)
Seat 2: viktormihalych (small blind) folded before Flop
Seat 3: BR00RB (big blind) folded before Flop
Seat 4: Marci0085 folded before Flop (didn't bet)
Seat 5: OntheFlop171 folded before Flop (didn't bet)
Seat 6: bugymugy folded before Flop (didn't bet)
Seat 7: droctagon101 folded before Flop (didn't bet)
Seat 8: Dorex2007 folded before Flop (didn't bet)
Seat 9: arsenyaspbsb folded before Flop (didn't bet)



PokerStars Hand #232179867776:  Hold'em No Limit ($0.01/$0.02 USD) - 2021/12/13 3:27:44 PT [2021/12/13 6:27:44 ET]
Table 'Attica II' 9-max Seat #2 is the button
Seat 1: 60mnchen ($2.32 in chips) 
Seat 2: viktormihalych ($0.82 in chips) 
Seat 3: BR00RB ($0.50 in chips) 
Seat 4: Marci0085 ($1.03 in chips) 
Seat 5: OntheFlop171 ($4.18 in chips) 
Seat 6: bugymugy ($2.45 in chips) 
Seat 7: droctagon101 ($2.53 in chips) 
Seat 8: Dorex2007 ($2 in chips) 
Seat 9: arsenyaspbsb ($2.05 in chips) 
BR00RB: posts small blind $0.01
Marci0085: posts big blind $0.02
*** HOLE CARDS ***
Dealt to Dorex2007 [Kh Ts]
OntheFlop171: raises $0.02 to $0.04
bugymugy: folds 
droctagon101: folds 
Dorex2007: folds 
arsenyaspbsb: folds 
60mnchen: folds 
viktormihalych: calls $0.04
BR00RB: calls $0.03
Marci0085: calls $0.02
*** FLOP *** [7c Th Ah]
BR00RB: checks 
Marci0085: checks 
OntheFlop171: bets $0.02
viktormihalych: calls $0.02
BR00RB: calls $0.02
Marci0085: calls $0.02
*** TURN *** [7c Th Ah] [7d]
BR00RB: checks 
Marci0085: checks 
OntheFlop171: bets $0.04
viktormihalych: calls $0.04
BR00RB: calls $0.04
Marci0085: calls $0.04
*** RIVER *** [7c Th Ah 7d] [4s]
BR00RB: bets $0.02
Marci0085: raises $0.43 to $0.45
OntheFlop171: folds 
viktormihalych: raises $0.27 to $0.72 and is all-in
BR00RB: folds 
Marci0085: calls $0.27
*** SHOW DOWN ***
viktormihalych: shows [Jh Ad] (two pair, Aces and Sevens)
Marci0085: shows [Qs 7s] (three of a kind, Sevens)
Marci0085 collected $1.79 from pot
*** SUMMARY ***
Total pot $1.86 | Rake $0.07 
Board [7c Th Ah 7d 4s]
Seat 1: 60mnchen folded before Flop (didn't bet)
Seat 2: viktormihalych (button) showed [Jh Ad] and lost with two pair, Aces and Sevens
Seat 3: BR00RB (small blind) folded on the River
Seat 4: Marci0085 (big blind) showed [Qs 7s] and won ($1.79) with three of a kind, Sevens
Seat 5: OntheFlop171 folded on the River
Seat 6: bugymugy folded before Flop (didn't bet)
Seat 7: droctagon101 folded before Flop (didn't bet)
Seat 8: Dorex2007 folded before Flop (didn't bet)
Seat 9: arsenyaspbsb folded before Flop (didn't bet)



PokerStars Hand #232179892108:  Hold'em No Limit ($0.01/$0.02 USD) - 2021/12/13 3:29:36 PT [2021/12/13 6:29:36 ET]
Table 'Attica II' 9-max Seat #3 is the button
Seat 1: 60mnchen ($2.32 in chips) 
Seat 3: BR00RB ($0.38 in chips) 
Seat 4: Marci0085 ($2 in chips) 
Seat 5: OntheFlop171 ($4.08 in chips) 
Seat 6: bugymugy ($2.45 in chips) 
Seat 7: droctagon101 ($2.53 in chips) 
Seat 8: Dorex2007 ($2 in chips) 
Marci0085: posts small blind $0.01
OntheFlop171: posts big blind $0.02
*** HOLE CARDS ***
Dealt to Dorex2007 [Ks Ad]
bugymugy: folds 
droctagon101: folds 
Dorex2007: raises $0.04 to $0.06
60mnchen: folds 
viktormihalych leaves the table
BR00RB: folds 
Marci0085: calls $0.05
OntheFlop171: calls $0.04
*** FLOP *** [Qc 5c 5s]
Marci0085: checks 
OntheFlop171: checks 
Dorex2007: bets $0.11
Marci0085: folds 
OntheFlop171: folds 
Uncalled bet ($0.11) returned to Dorex2007
Dorex2007 collected $0.17 from pot
Dorex2007: doesn't show hand 
*** SUMMARY ***
Total pot $0.18 | Rake $0.01 
Board [Qc 5c 5s]
Seat 1: 60mnchen folded before Flop (didn't bet)
Seat 3: BR00RB (button) folded before Flop (didn't bet)
Seat 4: Marci0085 (small blind) folded on the Flop
Seat 5: OntheFlop171 (big blind) folded on the Flop
Seat 6: bugymugy folded before Flop (didn't bet)
Seat 7: droctagon101 folded before Flop (didn't bet)
Seat 8: Dorex2007 collected ($0.17)



PokerStars Hand #232179898367:  Hold'em No Limit ($0.01/$0.02 USD) - 2021/12/13 3:30:07 PT [2021/12/13 6:30:07 ET]
Table 'Attica II' 9-max Seat #4 is the button
Seat 1: 60mnchen ($2.32 in chips) 
Seat 3: BR00RB ($0.38 in chips) 
Seat 4: Marci0085 ($1.94 in chips) 
Seat 5: OntheFlop171 ($4.02 in chips) 
Seat 6: bugymugy ($2.45 in chips) 
Seat 7: droctagon101 ($2.53 in chips) 
Seat 8: Dorex2007 ($2.11 in chips) 
OntheFlop171: posts small blind $0.01
bugymugy: posts big blind $0.02
*** HOLE CARDS ***
Dealt to Dorex2007 [Kh 3h]
droctagon101: folds 
Dorex2007: folds 
60mnchen: folds 
BR00RB: folds 
Marci0085: calls $0.02
OntheFlop171: calls $0.01
bugymugy: checks 
*** FLOP *** [6c 7d 9c]
OntheFlop171: checks 
bugymugy: bets $0.06
Marci0085: folds 
SAWKCAM joins the table at seat #2 
OntheFlop171: folds 
Uncalled bet ($0.06) returned to bugymugy
bugymugy collected $0.06 from pot
bugymugy: doesn't show hand 
*** SUMMARY ***
Total pot $0.06 | Rake $0 
Board [6c 7d 9c]
Seat 1: 60mnchen folded before Flop (didn't bet)
Seat 3: BR00RB folded before Flop (didn't bet)
Seat 4: Marci0085 (button) folded on the Flop
Seat 5: OntheFlop171 (small blind) folded on the Flop
Seat 6: bugymugy (big blind) collected ($0.06)
Seat 7: droctagon101 folded before Flop (didn't bet)
Seat 8: Dorex2007 folded before Flop (didn't bet)



PokerStars Hand #232179906155:  Hold'em No Limit ($0.01/$0.02 USD) - 2021/12/13 3:30:42 PT [2021/12/13 6:30:42 ET]
Table 'Attica II' 9-max Seat #5 is the button
Seat 1: 60mnchen ($2.32 in chips) 
Seat 3: BR00RB ($0.38 in chips) 
Seat 4: Marci0085 ($1.92 in chips) 
Seat 5: OntheFlop171 ($4 in chips) 
Seat 6: bugymugy ($2.49 in chips) 
Seat 7: droctagon101 ($2.53 in chips) 
Seat 8: Dorex2007 ($2.11 in chips) 
bugymugy: posts small blind $0.01
droctagon101: posts big blind $0.02
SAWKCAM: sits out 
*** HOLE CARDS ***
Dealt to Dorex2007 [9d 4d]
Dorex2007: folds 
60mnchen: folds 
BR00RB: folds 
Marci0085: calls $0.02
OntheFlop171: calls $0.02
bugymugy: calls $0.01
droctagon101: raises $0.06 to $0.08
Marci0085: calls $0.06
OntheFlop171: folds 
bugymugy: folds 
*** FLOP *** [8h 5c Kc]
droctagon101: bets $0.12
Marci0085: folds 
Uncalled bet ($0.12) returned to droctagon101
droctagon101 collected $0.19 from pot
droctagon101: doesn't show hand 
*** SUMMARY ***
Total pot $0.20 | Rake $0.01 
Board [8h 5c Kc]
Seat 1: 60mnchen folded before Flop (didn't bet)
Seat 3: BR00RB folded before Flop (didn't bet)
Seat 4: Marci0085 folded on the Flop
Seat 5: OntheFlop171 (button) folded before Flop
Seat 6: bugymugy (small blind) folded before Flop
Seat 7: droctagon101 (big blind) collected ($0.19)
Seat 8: Dorex2007 folded before Flop (didn't bet)



PokerStars Hand #232179915099:  Hold'em No Limit ($0.01/$0.02 USD) - 2021/12/13 3:31:22 PT [2021/12/13 6:31:22 ET]
Table 'Attica II' 9-max Seat #6 is the button
Seat 1: 60mnchen ($2.32 in chips) 
Seat 2: SAWKCAM ($2 in chips) 
Seat 3: BR00RB ($0.38 in chips) 
Seat 4: Marci0085 ($1.84 in chips) 
Seat 5: OntheFlop171 ($3.98 in chips) 
Seat 6: bugymugy ($2.47 in chips) 
Seat 7: droctagon101 ($2.64 in chips) 
Seat 8: Dorex2007 ($2.11 in chips) 
droctagon101: posts small blind $0.01
Dorex2007: posts big blind $0.02
SAWKCAM: posts big blind $0.02
*** HOLE CARDS ***
Dealt to Dorex2007 [5c 7h]
60mnchen: folds 
SAWKCAM: checks 
BR00RB: raises $0.02 to $0.04
Marci0085: folds 
OntheFlop171: folds 
bugymugy: calls $0.04
droctagon101: folds 
Dorex2007: folds 
SAWKCAM: folds 
*** FLOP *** [3d As 6c]
BR00RB: bets $0.02
bugymugy: raises $0.07 to $0.09
BR00RB: calls $0.07
*** TURN *** [3d As 6c] [Ad]
BR00RB: checks 
bugymugy: bets $0.17
BR00RB: raises $0.08 to $0.25 and is all-in
bugymugy: calls $0.08
*** RIVER *** [3d As 6c Ad] [Kh]
*** SHOW DOWN ***
BR00RB: shows [Td Th] (two pair, Aces and Tens)
bugymugy: shows [Ac Tc] (three of a kind, Aces)
bugymugy collected $0.78 from pot
*** SUMMARY ***
Total pot $0.81 | Rake $0.03 
Board [3d As 6c Ad Kh]
Seat 1: 60mnchen folded before Flop (didn't bet)
Seat 2: SAWKCAM folded before Flop (didn't bet)
Seat 3: BR00RB showed [Td Th] and lost with two pair, Aces and Tens
Seat 4: Marci0085 folded before Flop (didn't bet)
Seat 5: OntheFlop171 folded before Flop (didn't bet)
Seat 6: bugymugy (button) showed [Ac Tc] and won ($0.78) with three of a kind, Aces
Seat 7: droctagon101 (small blind) folded before Flop
Seat 8: Dorex2007 (big blind) folded before Flop



PokerStars Hand #232179931283:  Hold'em No Limit ($0.01/$0.02 USD) - 2021/12/13 3:32:35 PT [2021/12/13 6:32:35 ET]
Table 'Attica II' 9-max Seat #7 is the button
Seat 1: 60mnchen ($2.32 in chips) 
Seat 2: SAWKCAM ($1.98 in chips) 
Seat 4: Marci0085 ($1.84 in chips) 
Seat 6: bugymugy ($2.87 in chips) 
Seat 7: droctagon101 ($2.63 in chips) 
Seat 8: Dorex2007 ($2.09 in chips) 
Dorex2007: posts small blind $0.01
60mnchen: posts big blind $0.02
*** HOLE CARDS ***
Dealt to Dorex2007 [2s 6h]
SAWKCAM: calls $0.02
Marci0085: calls $0.02
bugymugy: folds 
droctagon101: folds 
Dorex2007: folds 
60mnchen: checks 
*** FLOP *** [4c Kh As]
60mnchen: checks 
SAWKCAM: checks 
Marci0085: checks 
*** TURN *** [4c Kh As] [Ks]
60mnchen: checks 
SAWKCAM: bets $0.04
BR00RB is disconnected 
Marci0085: folds 
60mnchen: folds 
Uncalled bet ($0.04) returned to SAWKCAM
SAWKCAM collected $0.07 from pot
SAWKCAM: doesn't show hand 
*** SUMMARY ***
Total pot $0.07 | Rake $0 
Board [4c Kh As Ks]
Seat 1: 60mnchen (big blind) folded on the Turn
Seat 2: SAWKCAM collected ($0.07)
Seat 4: Marci0085 folded on the Turn
Seat 6: bugymugy folded before Flop (didn't bet)
Seat 7: droctagon101 (button) folded before Flop (didn't bet)
Seat 8: Dorex2007 (small blind) folded before Flop



PokerStars Hand #232179938813:  Hold'em No Limit ($0.01/$0.02 USD) - 2021/12/13 3:33:09 PT [2021/12/13 6:33:09 ET]
Table 'Attica II' 9-max Seat #8 is the button
Seat 1: 60mnchen ($2.30 in chips) 
Seat 2: SAWKCAM ($2.03 in chips) 
Seat 3: BR00RB ($0.80 in chips) 
Seat 4: Marci0085 ($1.82 in chips) 
Seat 6: bugymugy ($2.87 in chips) 
Seat 8: Dorex2007 ($2.08 in chips) 
60mnchen: posts small blind $0.01
SAWKCAM: posts big blind $0.02
*** HOLE CARDS ***
Dealt to Dorex2007 [Td 9c]
BR00RB has timed out while disconnected
BR00RB: folds 
Marci0085: folds 
Marci0085 leaves the table
bugymugy: folds 
Dorex2007: raises $0.04 to $0.06
60mnchen: folds 
SAWKCAM: calls $0.04
*** FLOP *** [8d 7s Jh]
SAWKCAM: checks 
Dorex2007: checks 
*** TURN *** [8d 7s Jh] [Jd]
Zog Buster joins the table at seat #4 
SAWKCAM: checks 
Dorex2007: checks 
*** RIVER *** [8d 7s Jh Jd] [Ks]
SAWKCAM: checks 
Dorex2007: bets $0.13
SAWKCAM: folds 
Uncalled bet ($0.13) returned to Dorex2007
Dorex2007 collected $0.13 from pot
Dorex2007: doesn't show hand 
*** SUMMARY ***
Total pot $0.13 | Rake $0 
Board [8d 7s Jh Jd Ks]
Seat 1: 60mnchen (small blind) folded before Flop
Seat 2: SAWKCAM (big blind) folded on the River
Seat 3: BR00RB folded before Flop (didn't bet)
Seat 4: Marci0085 folded before Flop (didn't bet)
Seat 6: bugymugy folded before Flop (didn't bet)
Seat 8: Dorex2007 (button) collected ($0.13)



PokerStars Hand #232179949362:  Hold'em No Limit ($0.01/$0.02 USD) - 2021/12/13 3:33:57 PT [2021/12/13 6:33:57 ET]
Table 'Attica II' 9-max Seat #1 is the button
Seat 1: 60mnchen ($2.29 in chips) 
Seat 3: BR00RB ($0.80 in chips) 
Seat 4: Zog Buster ($2 in chips) 
Seat 6: bugymugy ($2.87 in chips) 
Seat 8: Dorex2007 ($2.15 in chips) 
BR00RB: posts small blind $0.01
Zog Buster: posts big blind $0.02
*** HOLE CARDS ***
Dealt to Dorex2007 [8c As]
SAWKCAM leaves the table
bugymugy: raises $0.04 to $0.06
Dorex2007: folds 
60mnchen: calls $0.06
BR00RB: calls $0.05
Zog Buster: calls $0.04
*** FLOP *** [Qh Ad 2h]
BR00RB: checks 
Zog Buster: checks 
bugymugy: checks 
60mnchen: checks 
*** TURN *** [Qh Ad 2h] [7s]
BR00RB: checks 
Zog Buster: checks 
bugymugy: checks 
60mnchen: checks 
*** RIVER *** [Qh Ad 2h 7s] [6s]
JvBleys joins the table at seat #2 
BR00RB: checks 
Zog Buster: checks 
bugymugy: bets $0.12
60mnchen: folds 
BR00RB: folds 
Zog Buster: folds 
Uncalled bet ($0.12) returned to bugymugy
bugymugy collected $0.23 from pot
bugymugy: doesn't show hand 
*** SUMMARY ***
Total pot $0.24 | Rake $0.01 
Board [Qh Ad 2h 7s 6s]
Seat 1: 60mnchen (button) folded on the River
Seat 3: BR00RB (small blind) folded on the River
Seat 4: Zog Buster (big blind) folded on the River
Seat 6: bugymugy collected ($0.23)
Seat 8: Dorex2007 folded before Flop (didn't bet)



PokerStars Hand #232179973939:  Hold'em No Limit ($0.01/$0.02 USD) - 2021/12/13 3:35:35 PT [2021/12/13 6:35:35 ET]
Table 'Attica II' 9-max Seat #3 is the button
Seat 1: 60mnchen ($2.23 in chips) 
Seat 2: JvBleys ($2 in chips) 
Seat 3: BR00RB ($0.74 in chips) 
Seat 4: Zog Buster ($2 in chips) 
Seat 5: OntheFlop171 ($3.98 in chips) 
Seat 6: bugymugy ($3.04 in chips) 
Seat 8: Dorex2007 ($2.15 in chips) 
Zog Buster: posts small blind $0.01
OntheFlop171: posts big blind $0.02
arsenyaspbsb: sits out 
JvBleys: posts big blind $0.02
*** HOLE CARDS ***
Dealt to Dorex2007 [8d 7h]
bugymugy: folds 
Dorex2007: folds 
60mnchen: calls $0.02
JvBleys: raises $0.05 to $0.07
BR00RB: folds 
Zog Buster: folds 
OntheFlop171: calls $0.05
60mnchen: calls $0.05
*** FLOP *** [3h As 2s]
OntheFlop171: checks 
60mnchen: checks 
JvBleys: bets $0.14
OntheFlop171: folds 
60mnchen: folds 
Uncalled bet ($0.14) returned to JvBleys
JvBleys collected $0.21 from pot
JvBleys: doesn't show hand 
*** SUMMARY ***
Total pot $0.22 | Rake $0.01 
Board [3h As 2s]
Seat 1: 60mnchen folded on the Flop
Seat 2: JvBleys collected ($0.21)
Seat 3: BR00RB (button) folded before Flop (didn't bet)
Seat 4: Zog Buster (small blind) folded before Flop
Seat 5: OntheFlop171 (big blind) folded on the Flop
Seat 6: bugymugy folded before Flop (didn't bet)
Seat 8: Dorex2007 folded before Flop (didn't bet)



PokerStars Hand #232179982137:  Hold'em No Limit ($0.01/$0.02 USD) - 2021/12/13 3:36:11 PT [2021/12/13 6:36:11 ET]
Table 'Attica II' 9-max Seat #4 is the button
Seat 1: 60mnchen ($2.16 in chips) 
Seat 2: JvBleys ($2.14 in chips) 
Seat 3: BR00RB ($0.74 in chips) 
Seat 4: Zog Buster ($2 in chips) 
Seat 5: OntheFlop171 ($3.91 in chips) 
Seat 6: bugymugy ($3.04 in chips) 
Seat 8: Dorex2007 ($2.15 in chips) 
OntheFlop171: posts small blind $0.01
bugymugy: posts big blind $0.02
arsenyaspbsb: sits out 
*** HOLE CARDS ***
Dealt to Dorex2007 [Jh 4d]
Dorex2007: folds 
60mnchen: folds 
JvBleys: folds 
BR00RB: folds 
Zog Buster: folds 
OntheFlop171: raises $0.02 to $0.04
bugymugy: calls $0.02
*** FLOP *** [9d Ts 4c]
OntheFlop171: bets $0.02
bugymugy: calls $0.02
*** TURN *** [9d Ts 4c] [9h]
OntheFlop171: bets $0.02
bugymugy: folds 
Uncalled bet ($0.02) returned to OntheFlop171
OntheFlop171 collected $0.12 from pot
*** SUMMARY ***
Total pot $0.12 | Rake $0 
Board [9d Ts 4c 9h]
Seat 1: 60mnchen folded before Flop (didn't bet)
Seat 2: JvBleys folded before Flop (didn't bet)
Seat 3: BR00RB folded before Flop (didn't bet)
Seat 4: Zog Buster (button) folded before Flop (didn't bet)
Seat 5: OntheFlop171 (small blind) collected ($0.12)
Seat 6: bugymugy (big blind) folded on the Turn
Seat 8: Dorex2007 folded before Flop (didn't bet)



PokerStars Hand #232179990226:  Hold'em No Limit ($0.01/$0.02 USD) - 2021/12/13 3:36:47 PT [2021/12/13 6:36:47 ET]
Table 'Attica II' 9-max Seat #5 is the button
Seat 1: 60mnchen ($2.16 in chips) 
Seat 2: JvBleys ($2.14 in chips) 
Seat 3: BR00RB ($0.74 in chips) 
Seat 4: Zog Buster ($2 in chips) 
Seat 5: OntheFlop171 ($3.97 in chips) 
Seat 6: bugymugy ($2.98 in chips) 
Seat 8: Dorex2007 ($2.15 in chips) 
bugymugy: posts small blind $0.01
Dorex2007: posts big blind $0.02
arsenyaspbsb: sits out 
*** HOLE CARDS ***
Dealt to Dorex2007 [Js 2d]
60mnchen: folds 
JvBleys: folds 
BR00RB: calls $0.02
Zog Buster: folds 
OntheFlop171: calls $0.02
bugymugy: calls $0.01
Dorex2007: checks 
*** FLOP *** [6h 7h 8d]
bugymugy: checks 
Dorex2007: checks 
BR00RB: checks 
OntheFlop171: bets $0.08
bugymugy: folds 
Dorex2007: folds 
BR00RB: folds 
Uncalled bet ($0.08) returned to OntheFlop171
OntheFlop171 collected $0.08 from pot
*** SUMMARY ***
Total pot $0.08 | Rake $0 
Board [6h 7h 8d]
Seat 1: 60mnchen folded before Flop (didn't bet)
Seat 2: JvBleys folded before Flop (didn't bet)
Seat 3: BR00RB folded on the Flop
Seat 4: Zog Buster folded before Flop (didn't bet)
Seat 5: OntheFlop171 (button) collected ($0.08)
Seat 6: bugymugy (small blind) folded on the Flop
Seat 8: Dorex2007 (big blind) folded on the Flop



PokerStars Hand #232179999117:  Hold'em No Limit ($0.01/$0.02 USD) - 2021/12/13 3:37:27 PT [2021/12/13 6:37:27 ET]
Table 'Attica II' 9-max Seat #6 is the button
Seat 1: 60mnchen ($2.16 in chips) 
Seat 2: JvBleys ($2.14 in chips) 
Seat 3: BR00RB ($0.72 in chips) 
Seat 4: Zog Buster ($2 in chips) 
Seat 5: OntheFlop171 ($4.03 in chips) 
Seat 6: bugymugy ($2.96 in chips) 
Seat 8: Dorex2007 ($2.13 in chips) 
Seat 9: arsenyaspbsb ($2.05 in chips) 
Dorex2007: posts small blind $0.01
arsenyaspbsb: posts big blind $0.02
*** HOLE CARDS ***
Dealt to Dorex2007 [3d 8s]
60mnchen: raises $0.03 to $0.05
JvBleys: folds 
BR00RB: folds 
Zog Buster: folds 
OntheFlop171: folds 
bugymugy: folds 
Dorex2007: folds 
arsenyaspbsb: calls $0.03
*** FLOP *** [Kh 6c Ts]
arsenyaspbsb: checks 
60mnchen: bets $0.06
arsenyaspbsb: folds 
Uncalled bet ($0.06) returned to 60mnchen
60mnchen collected $0.11 from pot
60mnchen: doesn't show hand 
*** SUMMARY ***
Total pot $0.11 | Rake $0 
Board [Kh 6c Ts]
Seat 1: 60mnchen collected ($0.11)
Seat 2: JvBleys folded before Flop (didn't bet)
Seat 3: BR00RB folded before Flop (didn't bet)
Seat 4: Zog Buster folded before Flop (didn't bet)
Seat 5: OntheFlop171 folded before Flop (didn't bet)
Seat 6: bugymugy (button) folded before Flop (didn't bet)
Seat 8: Dorex2007 (small blind) folded before Flop
Seat 9: arsenyaspbsb (big blind) folded on the Flop



PokerStars Hand #232180006282:  Hold'em No Limit ($0.01/$0.02 USD) - 2021/12/13 3:37:58 PT [2021/12/13 6:37:58 ET]
Table 'Attica II' 9-max Seat #8 is the button
Seat 1: 60mnchen ($2.22 in chips) 
Seat 2: JvBleys ($2.14 in chips) 
Seat 3: BR00RB ($0.72 in chips) 
Seat 4: Zog Buster ($2 in chips) 
Seat 5: OntheFlop171 ($4.03 in chips) 
Seat 6: bugymugy ($2.96 in chips) 
Seat 8: Dorex2007 ($2.12 in chips) 
Seat 9: arsenyaspbsb ($2 in chips) 
arsenyaspbsb: posts small blind $0.01
60mnchen: posts big blind $0.02
*** HOLE CARDS ***
Dealt to Dorex2007 [Js 9c]
JvBleys: folds 
BR00RB: calls $0.02
Zog Buster: folds 
OntheFlop171: folds 
bugymugy: folds 
Dorex2007: calls $0.02
arsenyaspbsb: folds 
60mnchen: checks 
*** FLOP *** [2s 3d 8s]
60mnchen: checks 
BR00RB: bets $0.02
Dorex2007: folds 
60mnchen: folds 
Uncalled bet ($0.02) returned to BR00RB
BR00RB collected $0.07 from pot
*** SUMMARY ***
Total pot $0.07 | Rake $0 
Board [2s 3d 8s]
Seat 1: 60mnchen (big blind) folded on the Flop
Seat 2: JvBleys folded before Flop (didn't bet)
Seat 3: BR00RB collected ($0.07)
Seat 4: Zog Buster folded before Flop (didn't bet)
Seat 5: OntheFlop171 folded before Flop (didn't bet)
Seat 6: bugymugy folded before Flop (didn't bet)
Seat 8: Dorex2007 (button) folded on the Flop
Seat 9: arsenyaspbsb (small blind) folded before Flop



