PokerStars Hand #230478649859:  Hold'em No Limit ($0.01/$0.02 USD) - 2021/10/09 11:57:08 PT [2021/10/09 14:57:08 ET]
Table 'Lucidor III' 9-max Seat #3 is the button
Seat 1: zippi12 ($1.81 in chips) 
Seat 2: Dorex2007 ($2 in chips) 
Seat 3: HDYD18 ($2.25 in chips) 
Seat 4: frosa9397 ($1.29 in chips) 
Seat 5: InputCel555 ($2.79 in chips) 
Seat 7: mahspace ($2 in chips) 
Seat 8: telles130899 ($0.58 in chips) 
Seat 9: Phl3gmatic ($1.96 in chips) 
frosa9397: posts small blind $0.01
InputCel555: posts big blind $0.02
Dorex2007: posts big blind $0.02
*** HOLE CARDS ***
Dealt to Dorex2007 [7h Jc]
mahspace: folds 
telles130899: folds 
telles130899 leaves the table
Phl3gmatic: folds 
zippi12: calls $0.02
Dorex2007: checks 
HDYD18: raises $0.08 to $0.10
frosa9397 is disconnected 
yjqian23 joins the table at seat #8 
frosa9397 has timed out while disconnected
frosa9397: folds 
InputCel555: folds 
zippi12: folds 
Dorex2007: folds 
Uncalled bet ($0.08) returned to HDYD18
HDYD18 collected $0.09 from pot
HDYD18: doesn't show hand 
*** SUMMARY ***
Total pot $0.09 | Rake $0 
Seat 1: zippi12 folded before Flop
Seat 2: Dorex2007 folded before Flop (didn't bet)
Seat 3: HDYD18 (button) collected ($0.09)
Seat 4: frosa9397 (small blind) folded before Flop
Seat 5: InputCel555 (big blind) folded before Flop
Seat 7: mahspace folded before Flop (didn't bet)
Seat 8: telles130899 folded before Flop (didn't bet)
Seat 9: Phl3gmatic folded before Flop (didn't bet)



PokerStars Hand #230478668534:  Hold'em No Limit ($0.01/$0.02 USD) - 2021/10/09 11:58:06 PT [2021/10/09 14:58:06 ET]
Table 'Lucidor III' 9-max Seat #5 is the button
Seat 1: zippi12 ($1.79 in chips) 
Seat 2: Dorex2007 ($1.98 in chips) 
Seat 3: HDYD18 ($2.32 in chips) 
Seat 5: InputCel555 ($2.77 in chips) 
Seat 6: Hectorguff ($1.37 in chips) 
Seat 7: mahspace ($2 in chips) 
Seat 9: Phl3gmatic ($1.96 in chips) 
Hectorguff: posts small blind $0.01
mahspace: posts big blind $0.02
yjqian23: sits out 
*** HOLE CARDS ***
Dealt to Dorex2007 [9c 4c]
Phl3gmatic: folds 
zippi12: folds 
Dorex2007: folds 
HDYD18: folds 
InputCel555: folds 
Hectorguff: folds 
Uncalled bet ($0.01) returned to mahspace
mahspace collected $0.02 from pot
mahspace: doesn't show hand 
*** SUMMARY ***
Total pot $0.02 | Rake $0 
Seat 1: zippi12 folded before Flop (didn't bet)
Seat 2: Dorex2007 folded before Flop (didn't bet)
Seat 3: HDYD18 folded before Flop (didn't bet)
Seat 5: InputCel555 (button) folded before Flop (didn't bet)
Seat 6: Hectorguff (small blind) folded before Flop
Seat 7: mahspace (big blind) collected ($0.02)
Seat 9: Phl3gmatic folded before Flop (didn't bet)



PokerStars Hand #230478676064:  Hold'em No Limit ($0.01/$0.02 USD) - 2021/10/09 11:58:29 PT [2021/10/09 14:58:29 ET]
Table 'Lucidor III' 9-max Seat #6 is the button
Seat 1: zippi12 ($1.79 in chips) 
Seat 2: Dorex2007 ($1.98 in chips) 
Seat 3: HDYD18 ($2.32 in chips) 
Seat 5: InputCel555 ($2.77 in chips) 
Seat 6: Hectorguff ($1.36 in chips) 
Seat 7: mahspace ($2.01 in chips) 
Seat 8: yjqian23 ($2 in chips) 
Seat 9: Phl3gmatic ($1.96 in chips) 
mahspace: posts small blind $0.01
yjqian23: posts big blind $0.02
*** HOLE CARDS ***
Dealt to Dorex2007 [4h 4s]
Phl3gmatic: folds 
zippi12: folds 
Dorex2007: raises $0.02 to $0.04
HDYD18: folds 
InputCel555: folds 
Hectorguff: folds 
mahspace: folds 
yjqian23: folds 
Uncalled bet ($0.02) returned to Dorex2007
Dorex2007 collected $0.05 from pot
Dorex2007: doesn't show hand 
*** SUMMARY ***
Total pot $0.05 | Rake $0 
Seat 1: zippi12 folded before Flop (didn't bet)
Seat 2: Dorex2007 collected ($0.05)
Seat 3: HDYD18 folded before Flop (didn't bet)
Seat 5: InputCel555 folded before Flop (didn't bet)
Seat 6: Hectorguff (button) folded before Flop (didn't bet)
Seat 7: mahspace (small blind) folded before Flop
Seat 8: yjqian23 (big blind) folded before Flop
Seat 9: Phl3gmatic folded before Flop (didn't bet)



PokerStars Hand #230478683609:  Hold'em No Limit ($0.01/$0.02 USD) - 2021/10/09 11:58:52 PT [2021/10/09 14:58:52 ET]
Table 'Lucidor III' 9-max Seat #7 is the button
Seat 1: zippi12 ($1.79 in chips) 
Seat 2: Dorex2007 ($2.01 in chips) 
Seat 3: HDYD18 ($2.32 in chips) 
Seat 5: InputCel555 ($2.77 in chips) 
Seat 6: Hectorguff ($1.36 in chips) 
Seat 7: mahspace ($2 in chips) 
Seat 8: yjqian23 ($1.98 in chips) 
Seat 9: Phl3gmatic ($1.96 in chips) 
yjqian23: posts small blind $0.01
Phl3gmatic: posts big blind $0.02
*** HOLE CARDS ***
Dealt to Dorex2007 [8h Kc]
zippi12: folds 
Dorex2007: folds 
HDYD18: raises $0.04 to $0.06
InputCel555: folds 
Hectorguff: folds 
mahspace: folds 
yjqian23: folds 
Phl3gmatic: folds 
Uncalled bet ($0.04) returned to HDYD18
HDYD18 collected $0.05 from pot
HDYD18: doesn't show hand 
*** SUMMARY ***
Total pot $0.05 | Rake $0 
Seat 1: zippi12 folded before Flop (didn't bet)
Seat 2: Dorex2007 folded before Flop (didn't bet)
Seat 3: HDYD18 collected ($0.05)
Seat 5: InputCel555 folded before Flop (didn't bet)
Seat 6: Hectorguff folded before Flop (didn't bet)
Seat 7: mahspace (button) folded before Flop (didn't bet)
Seat 8: yjqian23 (small blind) folded before Flop
Seat 9: Phl3gmatic (big blind) folded before Flop



PokerStars Hand #230478700550:  Hold'em No Limit ($0.01/$0.02 USD) - 2021/10/09 11:59:17 PT [2021/10/09 14:59:17 ET]
Table 'Lucidor III' 9-max Seat #8 is the button
Seat 1: zippi12 ($1.79 in chips) 
Seat 2: Dorex2007 ($2.01 in chips) 
Seat 3: HDYD18 ($2.35 in chips) 
Seat 5: InputCel555 ($2.77 in chips) 
Seat 6: Hectorguff ($1.36 in chips) 
Seat 7: mahspace ($2 in chips) 
Seat 8: yjqian23 ($1.97 in chips) 
Seat 9: Phl3gmatic ($1.94 in chips) 
Phl3gmatic: posts small blind $0.01
zippi12: posts big blind $0.02
*** HOLE CARDS ***
Dealt to Dorex2007 [3c 7d]
Dorex2007: folds 
HDYD18: folds 
InputCel555: folds 
Hectorguff: folds 
mahspace: raises $0.04 to $0.06
yjqian23: folds 
Phl3gmatic: folds 
zippi12: calls $0.04
*** FLOP *** [Kh Ad 4c]
zippi12: bets $0.04
mahspace: folds 
Uncalled bet ($0.04) returned to zippi12
zippi12 collected $0.13 from pot
zippi12: doesn't show hand 
*** SUMMARY ***
Total pot $0.13 | Rake $0 
Board [Kh Ad 4c]
Seat 1: zippi12 (big blind) collected ($0.13)
Seat 2: Dorex2007 folded before Flop (didn't bet)
Seat 3: HDYD18 folded before Flop (didn't bet)
Seat 5: InputCel555 folded before Flop (didn't bet)
Seat 6: Hectorguff folded before Flop (didn't bet)
Seat 7: mahspace folded on the Flop
Seat 8: yjqian23 (button) folded before Flop (didn't bet)
Seat 9: Phl3gmatic (small blind) folded before Flop



PokerStars Hand #230478721303:  Hold'em No Limit ($0.01/$0.02 USD) - 2021/10/09 12:00:20 PT [2021/10/09 15:00:20 ET]
Table 'Lucidor III' 9-max Seat #9 is the button
Seat 1: zippi12 ($1.86 in chips) 
Seat 2: Dorex2007 ($2.01 in chips) 
Seat 3: HDYD18 ($2.35 in chips) 
Seat 5: InputCel555 ($2.77 in chips) 
Seat 6: Hectorguff ($1.36 in chips) 
Seat 7: mahspace ($1.94 in chips) 
Seat 8: yjqian23 ($1.97 in chips) 
Seat 9: Phl3gmatic ($1.93 in chips) 
zippi12: posts small blind $0.01
Dorex2007: posts big blind $0.02
*** HOLE CARDS ***
Dealt to Dorex2007 [Kh Jh]
HDYD18: folds 
InputCel555 has timed out
InputCel555: folds 
Hectorguff: calls $0.02
mahspace: folds 
yjqian23: folds 
Phl3gmatic: folds 
zippi12: raises $0.04 to $0.06
Dorex2007: calls $0.04
Hectorguff: calls $0.04
*** FLOP *** [2h As 4h]
zippi12: checks 
Dorex2007: bets $0.09
Hectorguff: calls $0.09
zippi12: raises $1.71 to $1.80 and is all-in
Dorex2007: folds 
Hectorguff: folds 
Uncalled bet ($1.71) returned to zippi12
zippi12 collected $0.43 from pot
zippi12: doesn't show hand 
*** SUMMARY ***
Total pot $0.45 | Rake $0.02 
Board [2h As 4h]
Seat 1: zippi12 (small blind) collected ($0.43)
Seat 2: Dorex2007 (big blind) folded on the Flop
Seat 3: HDYD18 folded before Flop (didn't bet)
Seat 5: InputCel555 folded before Flop (didn't bet)
Seat 6: Hectorguff folded on the Flop
Seat 7: mahspace folded before Flop (didn't bet)
Seat 8: yjqian23 folded before Flop (didn't bet)
Seat 9: Phl3gmatic (button) folded before Flop (didn't bet)



PokerStars Hand #230478747896:  Hold'em No Limit ($0.01/$0.02 USD) - 2021/10/09 12:01:29 PT [2021/10/09 15:01:29 ET]
Table 'Lucidor III' 9-max Seat #1 is the button
Seat 1: zippi12 ($2.14 in chips) 
Seat 2: Dorex2007 ($1.86 in chips) 
Seat 3: HDYD18 ($2.35 in chips) 
Seat 5: InputCel555 ($2.77 in chips) 
Seat 6: Hectorguff ($1.21 in chips) 
Seat 7: mahspace ($1.94 in chips) 
Seat 8: yjqian23 ($1.97 in chips) 
Seat 9: Phl3gmatic ($1.93 in chips) 
Dorex2007: posts small blind $0.01
HDYD18: posts big blind $0.02
*** HOLE CARDS ***
Dealt to Dorex2007 [4s 7s]
InputCel555: folds 
Hectorguff: folds 
mahspace: folds 
yjqian23: folds 
Phl3gmatic has timed out
Phl3gmatic: folds 
zippi12: folds 
Dorex2007: raises $0.02 to $0.04
HDYD18: folds 
Uncalled bet ($0.02) returned to Dorex2007
Dorex2007 collected $0.04 from pot
Dorex2007: doesn't show hand 
*** SUMMARY ***
Total pot $0.04 | Rake $0 
Seat 1: zippi12 (button) folded before Flop (didn't bet)
Seat 2: Dorex2007 (small blind) collected ($0.04)
Seat 3: HDYD18 (big blind) folded before Flop
Seat 5: InputCel555 folded before Flop (didn't bet)
Seat 6: Hectorguff folded before Flop (didn't bet)
Seat 7: mahspace folded before Flop (didn't bet)
Seat 8: yjqian23 folded before Flop (didn't bet)
Seat 9: Phl3gmatic folded before Flop (didn't bet)



PokerStars Hand #230478758176:  Hold'em No Limit ($0.01/$0.02 USD) - 2021/10/09 12:01:53 PT [2021/10/09 15:01:53 ET]
Table 'Lucidor III' 9-max Seat #2 is the button
Seat 1: zippi12 ($2.14 in chips) 
Seat 2: Dorex2007 ($1.88 in chips) 
Seat 3: HDYD18 ($2.33 in chips) 
Seat 5: InputCel555 ($2.77 in chips) 
Seat 6: Hectorguff ($1.21 in chips) 
Seat 7: mahspace ($1.94 in chips) 
Seat 8: yjqian23 ($1.97 in chips) 
Seat 9: Phl3gmatic ($1.93 in chips) 
HDYD18: posts small blind $0.01
InputCel555: posts big blind $0.02
*** HOLE CARDS ***
Dealt to Dorex2007 [Jc 6h]
Hectorguff: folds 
mahspace: raises $0.06 to $0.08
yjqian23: folds 
Phl3gmatic: folds 
zippi12: folds 
zippi12 leaves the table
Dorex2007: folds 
HDYD18: folds 
esch777 joins the table at seat #1 
InputCel555: folds 
Uncalled bet ($0.06) returned to mahspace
mahspace collected $0.05 from pot
mahspace: doesn't show hand 
*** SUMMARY ***
Total pot $0.05 | Rake $0 
Seat 1: zippi12 folded before Flop (didn't bet)
Seat 2: Dorex2007 (button) folded before Flop (didn't bet)
Seat 3: HDYD18 (small blind) folded before Flop
Seat 5: InputCel555 (big blind) folded before Flop
Seat 6: Hectorguff folded before Flop (didn't bet)
Seat 7: mahspace collected ($0.05)
Seat 8: yjqian23 folded before Flop (didn't bet)
Seat 9: Phl3gmatic folded before Flop (didn't bet)



PokerStars Hand #230478773265:  Hold'em No Limit ($0.01/$0.02 USD) - 2021/10/09 12:02:28 PT [2021/10/09 15:02:28 ET]
Table 'Lucidor III' 9-max Seat #3 is the button
Seat 2: Dorex2007 ($1.88 in chips) 
Seat 3: HDYD18 ($2.32 in chips) 
Seat 5: InputCel555 ($2.75 in chips) 
Seat 6: Hectorguff ($1.21 in chips) 
Seat 7: mahspace ($1.97 in chips) 
Seat 8: yjqian23 ($1.97 in chips) 
Seat 9: Phl3gmatic ($1.93 in chips) 
InputCel555: posts small blind $0.01
Hectorguff: posts big blind $0.02
esch777: sits out 
*** HOLE CARDS ***
Dealt to Dorex2007 [8h 6h]
mahspace: folds 
yjqian23: folds 
Phl3gmatic has timed out
Phl3gmatic: folds 
Dorex2007: folds 
HDYD18: folds 
InputCel555: folds 
Uncalled bet ($0.01) returned to Hectorguff
Hectorguff collected $0.02 from pot
Hectorguff: doesn't show hand 
*** SUMMARY ***
Total pot $0.02 | Rake $0 
Seat 2: Dorex2007 folded before Flop (didn't bet)
Seat 3: HDYD18 (button) folded before Flop (didn't bet)
Seat 5: InputCel555 (small blind) folded before Flop
Seat 6: Hectorguff (big blind) collected ($0.02)
Seat 7: mahspace folded before Flop (didn't bet)
Seat 8: yjqian23 folded before Flop (didn't bet)
Seat 9: Phl3gmatic folded before Flop (didn't bet)



PokerStars Hand #230478783134:  Hold'em No Limit ($0.01/$0.02 USD) - 2021/10/09 12:02:50 PT [2021/10/09 15:02:50 ET]
Table 'Lucidor III' 9-max Seat #5 is the button
Seat 2: Dorex2007 ($1.88 in chips) 
Seat 3: HDYD18 ($2.32 in chips) 
Seat 5: InputCel555 ($2.74 in chips) 
Seat 6: Hectorguff ($1.22 in chips) 
Seat 7: mahspace ($1.97 in chips) 
Seat 8: yjqian23 ($1.97 in chips) 
Seat 9: Phl3gmatic ($1.93 in chips) 
Hectorguff: posts small blind $0.01
mahspace: posts big blind $0.02
esch777: sits out 
*** HOLE CARDS ***
Dealt to Dorex2007 [3h 3s]
yjqian23: folds 
Phl3gmatic: calls $0.02
Dorex2007: calls $0.02
HDYD18: folds 
InputCel555: folds 
Hectorguff: calls $0.01
mahspace: checks 
*** FLOP *** [As 7d Ad]
Hectorguff: checks 
mahspace: checks 
Phl3gmatic: checks 
Dorex2007: checks 
*** TURN *** [As 7d Ad] [Jh]
Hectorguff: checks 
mahspace: checks 
Phl3gmatic: bets $0.02
Dorex2007: folds 
Hectorguff: folds 
mahspace: raises $0.06 to $0.08
Phl3gmatic: raises $1.83 to $1.91 and is all-in
mahspace: calls $1.83
*** RIVER *** [As 7d Ad Jh] [5d]
*** SHOW DOWN ***
mahspace: shows [5c Ah] (a full house, Aces full of Fives)
Phl3gmatic: shows [9d Ac] (three of a kind, Aces)
mahspace collected $3.72 from pot
*** SUMMARY ***
Total pot $3.90 | Rake $0.18 
Board [As 7d Ad Jh 5d]
Seat 2: Dorex2007 folded on the Turn
Seat 3: HDYD18 folded before Flop (didn't bet)
Seat 5: InputCel555 (button) folded before Flop (didn't bet)
Seat 6: Hectorguff (small blind) folded on the Turn
Seat 7: mahspace (big blind) showed [5c Ah] and won ($3.72) with a full house, Aces full of Fives
Seat 8: yjqian23 folded before Flop (didn't bet)
Seat 9: Phl3gmatic showed [9d Ac] and lost with three of a kind, Aces



PokerStars Hand #230478811606:  Hold'em No Limit ($0.01/$0.02 USD) - 2021/10/09 12:03:49 PT [2021/10/09 15:03:49 ET]
Table 'Lucidor III' 9-max Seat #6 is the button
Seat 1: esch777 ($0.80 in chips) 
Seat 2: Dorex2007 ($1.86 in chips) 
Seat 3: HDYD18 ($2.32 in chips) 
Seat 5: InputCel555 ($2.74 in chips) 
Seat 6: Hectorguff ($1.20 in chips) 
Seat 7: mahspace ($3.76 in chips) 
mahspace: posts small blind $0.01
yjqian23: is sitting out 
esch777: posts big blind $0.02
*** HOLE CARDS ***
Dealt to Dorex2007 [Kh 7h]
yjqian23 leaves the table
Dorex2007: folds 
HDYD18: folds 
InputCel555: folds 
erlis82 joins the table at seat #8 
Hectorguff: folds 
mahspace: folds 
Uncalled bet ($0.01) returned to esch777
esch777 collected $0.02 from pot
esch777: doesn't show hand 
*** SUMMARY ***
Total pot $0.02 | Rake $0 
Seat 1: esch777 (big blind) collected ($0.02)
Seat 2: Dorex2007 folded before Flop (didn't bet)
Seat 3: HDYD18 folded before Flop (didn't bet)
Seat 5: InputCel555 folded before Flop (didn't bet)
Seat 6: Hectorguff (button) folded before Flop (didn't bet)
Seat 7: mahspace (small blind) folded before Flop



PokerStars Hand #230478816553:  Hold'em No Limit ($0.01/$0.02 USD) - 2021/10/09 12:04:00 PT [2021/10/09 15:04:00 ET]
Table 'Lucidor III' 9-max Seat #7 is the button
Seat 1: esch777 ($0.81 in chips) 
Seat 2: Dorex2007 ($1.86 in chips) 
Seat 3: HDYD18 ($2.32 in chips) 
Seat 5: InputCel555 ($2.74 in chips) 
Seat 6: Hectorguff ($1.20 in chips) 
Seat 7: mahspace ($3.75 in chips) 
esch777: posts small blind $0.01
Dorex2007: posts big blind $0.02
*** HOLE CARDS ***
Dealt to Dorex2007 [Qc 4h]
HDYD18: folds 
InputCel555: folds 
Hectorguff: folds 
mahspace: raises $0.04 to $0.06
esch777: folds 
Dorex2007: folds 
Uncalled bet ($0.04) returned to mahspace
mahspace collected $0.05 from pot
mahspace: doesn't show hand 
*** SUMMARY ***
Total pot $0.05 | Rake $0 
Seat 1: esch777 (small blind) folded before Flop
Seat 2: Dorex2007 (big blind) folded before Flop
Seat 3: HDYD18 folded before Flop (didn't bet)
Seat 5: InputCel555 folded before Flop (didn't bet)
Seat 6: Hectorguff folded before Flop (didn't bet)
Seat 7: mahspace (button) collected ($0.05)



PokerStars Hand #230478825099:  Hold'em No Limit ($0.01/$0.02 USD) - 2021/10/09 12:04:18 PT [2021/10/09 15:04:18 ET]
Table 'Lucidor III' 9-max Seat #1 is the button
Seat 1: esch777 ($0.80 in chips) 
Seat 2: Dorex2007 ($1.84 in chips) 
Seat 3: HDYD18 ($2.32 in chips) 
Seat 5: InputCel555 ($2.74 in chips) 
Seat 6: Hectorguff ($1.20 in chips) 
Seat 7: mahspace ($3.78 in chips) 
Seat 8: erlis82 ($2 in chips) 
Dorex2007: posts small blind $0.01
HDYD18: posts big blind $0.02
erlis82: posts big blind $0.02
*** HOLE CARDS ***
Dealt to Dorex2007 [Ks As]
InputCel555: folds 
Hectorguff: folds 
mahspace: folds 
erlis82: checks 
esch777: raises $0.04 to $0.06
Dorex2007: raises $0.12 to $0.18
HDYD18: folds 
erlis82: calls $0.16
esch777: folds 
*** FLOP *** [Kc 7h 4d]
Dorex2007: bets $0.21
erlis82: folds 
Uncalled bet ($0.21) returned to Dorex2007
Dorex2007 collected $0.42 from pot
Dorex2007: doesn't show hand 
*** SUMMARY ***
Total pot $0.44 | Rake $0.02 
Board [Kc 7h 4d]
Seat 1: esch777 (button) folded before Flop
Seat 2: Dorex2007 (small blind) collected ($0.42)
Seat 3: HDYD18 (big blind) folded before Flop
Seat 5: InputCel555 folded before Flop (didn't bet)
Seat 6: Hectorguff folded before Flop (didn't bet)
Seat 7: mahspace folded before Flop (didn't bet)
Seat 8: erlis82 folded on the Flop



PokerStars Hand #230478843093:  Hold'em No Limit ($0.01/$0.02 USD) - 2021/10/09 12:04:56 PT [2021/10/09 15:04:56 ET]
Table 'Lucidor III' 9-max Seat #2 is the button
Seat 1: esch777 ($0.74 in chips) 
Seat 2: Dorex2007 ($2.08 in chips) 
Seat 3: HDYD18 ($2.30 in chips) 
Seat 5: InputCel555 ($2.74 in chips) 
Seat 6: Hectorguff ($1.20 in chips) 
Seat 7: mahspace ($3.78 in chips) 
Seat 8: erlis82 ($1.82 in chips) 
HDYD18: posts small blind $0.01
InputCel555: posts big blind $0.02
Phl3gmatic: sits out 
*** HOLE CARDS ***
Dealt to Dorex2007 [6c Qd]
Hectorguff: folds 
mahspace: folds 
erlis82: folds 
esch777: raises $0.04 to $0.06
Dorex2007: folds 
HDYD18: folds 
InputCel555: folds 
Uncalled bet ($0.04) returned to esch777
esch777 collected $0.05 from pot
esch777: doesn't show hand 
*** SUMMARY ***
Total pot $0.05 | Rake $0 
Seat 1: esch777 collected ($0.05)
Seat 2: Dorex2007 (button) folded before Flop (didn't bet)
Seat 3: HDYD18 (small blind) folded before Flop
Seat 5: InputCel555 (big blind) folded before Flop
Seat 6: Hectorguff folded before Flop (didn't bet)
Seat 7: mahspace folded before Flop (didn't bet)
Seat 8: erlis82 folded before Flop (didn't bet)



PokerStars Hand #230478851322:  Hold'em No Limit ($0.01/$0.02 USD) - 2021/10/09 12:05:12 PT [2021/10/09 15:05:12 ET]
Table 'Lucidor III' 9-max Seat #3 is the button
Seat 1: esch777 ($0.77 in chips) 
Seat 2: Dorex2007 ($2.08 in chips) 
Seat 3: HDYD18 ($2.29 in chips) 
Seat 5: InputCel555 ($2.72 in chips) 
Seat 6: Hectorguff ($1.20 in chips) 
Seat 7: mahspace ($3.78 in chips) 
Seat 8: erlis82 ($1.82 in chips) 
InputCel555: posts small blind $0.01
Hectorguff: posts big blind $0.02
Phl3gmatic: sits out 
*** HOLE CARDS ***
Dealt to Dorex2007 [3c 2s]
mahspace: folds 
erlis82: folds 
esch777: folds 
Dorex2007: folds 
HDYD18: folds 
InputCel555: folds 
Uncalled bet ($0.01) returned to Hectorguff
Hectorguff collected $0.02 from pot
Hectorguff: doesn't show hand 
*** SUMMARY ***
Total pot $0.02 | Rake $0 
Seat 1: esch777 folded before Flop (didn't bet)
Seat 2: Dorex2007 folded before Flop (didn't bet)
Seat 3: HDYD18 (button) folded before Flop (didn't bet)
Seat 5: InputCel555 (small blind) folded before Flop
Seat 6: Hectorguff (big blind) collected ($0.02)
Seat 7: mahspace folded before Flop (didn't bet)
Seat 8: erlis82 folded before Flop (didn't bet)



PokerStars Hand #230478858096:  Hold'em No Limit ($0.01/$0.02 USD) - 2021/10/09 12:05:26 PT [2021/10/09 15:05:26 ET]
Table 'Lucidor III' 9-max Seat #5 is the button
Seat 1: esch777 ($0.77 in chips) 
Seat 2: Dorex2007 ($2.08 in chips) 
Seat 3: HDYD18 ($2.29 in chips) 
Seat 5: InputCel555 ($2.71 in chips) 
Seat 6: Hectorguff ($1.21 in chips) 
Seat 7: mahspace ($3.78 in chips) 
Seat 8: erlis82 ($1.82 in chips) 
Hectorguff: posts small blind $0.01
mahspace: posts big blind $0.02
Phl3gmatic: sits out 
*** HOLE CARDS ***
Dealt to Dorex2007 [6h 7s]
erlis82: folds 
esch777: folds 
Dorex2007: folds 
HDYD18: raises $0.04 to $0.06
InputCel555: folds 
Hectorguff: folds 
mahspace: calls $0.04
*** FLOP *** [Jd Td Js]
mahspace: checks 
HDYD18: checks 
*** TURN *** [Jd Td Js] [Ks]
mahspace: checks 
HDYD18: bets $0.06
mahspace: folds 
Uncalled bet ($0.06) returned to HDYD18
HDYD18 collected $0.13 from pot
HDYD18: doesn't show hand 
*** SUMMARY ***
Total pot $0.13 | Rake $0 
Board [Jd Td Js Ks]
Seat 1: esch777 folded before Flop (didn't bet)
Seat 2: Dorex2007 folded before Flop (didn't bet)
Seat 3: HDYD18 collected ($0.13)
Seat 5: InputCel555 (button) folded before Flop (didn't bet)
Seat 6: Hectorguff (small blind) folded before Flop
Seat 7: mahspace (big blind) folded on the Turn
Seat 8: erlis82 folded before Flop (didn't bet)



PokerStars Hand #230478874943:  Hold'em No Limit ($0.01/$0.02 USD) - 2021/10/09 12:06:01 PT [2021/10/09 15:06:01 ET]
Table 'Lucidor III' 9-max Seat #6 is the button
Seat 1: esch777 ($0.77 in chips) 
Seat 2: Dorex2007 ($2.08 in chips) 
Seat 3: HDYD18 ($2.36 in chips) 
Seat 5: InputCel555 ($2.71 in chips) 
Seat 6: Hectorguff ($1.20 in chips) 
Seat 7: mahspace ($3.72 in chips) 
Seat 8: erlis82 ($1.82 in chips) 
mahspace: posts small blind $0.01
erlis82: posts big blind $0.02
Phl3gmatic: sits out 
*** HOLE CARDS ***
Dealt to Dorex2007 [4d Qh]
esch777: folds 
Dorex2007: folds 
HDYD18: folds 
InputCel555: folds 
Hectorguff: calls $0.02
mahspace: folds 
erlis82: checks 
*** FLOP *** [Kc 8c 7d]
erlis82: checks 
Hectorguff: checks 
*** TURN *** [Kc 8c 7d] [2c]
erlis82: checks 
Hectorguff: checks 
*** RIVER *** [Kc 8c 7d 2c] [Th]
erlis82: checks 
Hectorguff: checks 
*** SHOW DOWN ***
erlis82: shows [4s 9d] (high card King)
Hectorguff: shows [Ad Qc] (high card Ace)
Hectorguff collected $0.05 from pot
*** SUMMARY ***
Total pot $0.05 | Rake $0 
Board [Kc 8c 7d 2c Th]
Seat 1: esch777 folded before Flop (didn't bet)
Seat 2: Dorex2007 folded before Flop (didn't bet)
Seat 3: HDYD18 folded before Flop (didn't bet)
Seat 5: InputCel555 folded before Flop (didn't bet)
Seat 6: Hectorguff (button) showed [Ad Qc] and won ($0.05) with high card Ace
Seat 7: mahspace (small blind) folded before Flop
Seat 8: erlis82 (big blind) showed [4s 9d] and lost with high card King



PokerStars Hand #230478891809:  Hold'em No Limit ($0.01/$0.02 USD) - 2021/10/09 12:06:35 PT [2021/10/09 15:06:35 ET]
Table 'Lucidor III' 9-max Seat #7 is the button
Seat 1: esch777 ($0.77 in chips) 
Seat 2: Dorex2007 ($2.08 in chips) 
Seat 3: HDYD18 ($2.36 in chips) 
Seat 5: InputCel555 ($2.71 in chips) 
Seat 6: Hectorguff ($1.23 in chips) 
Seat 7: mahspace ($3.71 in chips) 
Seat 8: erlis82 ($1.80 in chips) 
Seat 9: Phl3gmatic ($2 in chips) 
erlis82: posts small blind $0.01
Phl3gmatic: posts big blind $0.02
*** HOLE CARDS ***
Dealt to Dorex2007 [4h 7d]
esch777: folds 
Dorex2007: folds 
HDYD18: folds 
InputCel555: folds 
Hectorguff: calls $0.02
mahspace: folds 
erlis82: raises $0.04 to $0.06
Phl3gmatic: folds 
Hectorguff: calls $0.04
*** FLOP *** [4d Ah Jc]
erlis82: bets $0.04
Hectorguff: calls $0.04
*** TURN *** [4d Ah Jc] [5s]
erlis82: bets $0.04
Hectorguff: calls $0.04
*** RIVER *** [4d Ah Jc 5s] [8s]
erlis82: bets $0.04
Hectorguff: calls $0.04
*** SHOW DOWN ***
erlis82: shows [Kc Kd] (a pair of Kings)
Hectorguff: mucks hand 
erlis82 collected $0.37 from pot
*** SUMMARY ***
Total pot $0.38 | Rake $0.01 
Board [4d Ah Jc 5s 8s]
Seat 1: esch777 folded before Flop (didn't bet)
Seat 2: Dorex2007 folded before Flop (didn't bet)
Seat 3: HDYD18 folded before Flop (didn't bet)
Seat 5: InputCel555 folded before Flop (didn't bet)
Seat 6: Hectorguff mucked [Td Jh]
Seat 7: mahspace (button) folded before Flop (didn't bet)
Seat 8: erlis82 (small blind) showed [Kc Kd] and won ($0.37) with a pair of Kings
Seat 9: Phl3gmatic (big blind) folded before Flop



PokerStars Hand #230478918361:  Hold'em No Limit ($0.01/$0.02 USD) - 2021/10/09 12:07:30 PT [2021/10/09 15:07:30 ET]
Table 'Lucidor III' 9-max Seat #8 is the button
Seat 1: esch777 ($0.77 in chips) 
Seat 2: Dorex2007 ($2.08 in chips) 
Seat 3: HDYD18 ($2.36 in chips) 
Seat 5: InputCel555 ($2.71 in chips) 
Seat 6: Hectorguff ($1.05 in chips) 
Seat 7: mahspace ($3.71 in chips) 
Seat 8: erlis82 ($1.99 in chips) 
Seat 9: Phl3gmatic ($1.98 in chips) 
Phl3gmatic: posts small blind $0.01
esch777: posts big blind $0.02
*** HOLE CARDS ***
Dealt to Dorex2007 [7h 4c]
Dorex2007: folds 
HDYD18: folds 
InputCel555: folds 
Hectorguff: calls $0.02
mahspace: folds 
erlis82: calls $0.02
Phl3gmatic: calls $0.01
esch777: checks 
*** FLOP *** [9c 9d Th]
frosa9397 leaves the table
Phl3gmatic: checks 
yjqian23 joins the table at seat #4 
esch777: checks 
Hectorguff: checks 
erlis82: bets $0.02
Phl3gmatic: folds 
esch777: folds 
Hectorguff: folds 
Uncalled bet ($0.02) returned to erlis82
erlis82 collected $0.08 from pot
erlis82: doesn't show hand 
*** SUMMARY ***
Total pot $0.08 | Rake $0 
Board [9c 9d Th]
Seat 1: esch777 (big blind) folded on the Flop
Seat 2: Dorex2007 folded before Flop (didn't bet)
Seat 3: HDYD18 folded before Flop (didn't bet)
Seat 5: InputCel555 folded before Flop (didn't bet)
Seat 6: Hectorguff folded on the Flop
Seat 7: mahspace folded before Flop (didn't bet)
Seat 8: erlis82 (button) collected ($0.08)
Seat 9: Phl3gmatic (small blind) folded on the Flop



PokerStars Hand #230478945235:  Hold'em No Limit ($0.01/$0.02 USD) - 2021/10/09 12:08:25 PT [2021/10/09 15:08:25 ET]
Table 'Lucidor III' 9-max Seat #9 is the button
Seat 1: esch777 ($0.75 in chips) 
Seat 2: Dorex2007 ($2.08 in chips) 
Seat 3: HDYD18 ($2.36 in chips) 
Seat 5: InputCel555 ($2.71 in chips) 
Seat 6: Hectorguff ($1.03 in chips) 
Seat 7: mahspace ($3.71 in chips) 
Seat 8: erlis82 ($2.05 in chips) 
Seat 9: Phl3gmatic ($1.96 in chips) 
esch777: posts small blind $0.01
Dorex2007: posts big blind $0.02
yjqian23: sits out 
*** HOLE CARDS ***
Dealt to Dorex2007 [Qd 6s]
HDYD18: folds 
InputCel555: folds 
Hectorguff: folds 
mahspace: raises $0.04 to $0.06
erlis82: calls $0.06
Phl3gmatic: folds 
esch777: folds 
Dorex2007: folds 
*** FLOP *** [9c Jc 5h]
mahspace: bets $0.08
erlis82: calls $0.08
*** TURN *** [9c Jc 5h] [9s]
mahspace: bets $0.18
erlis82: calls $0.18
*** RIVER *** [9c Jc 5h 9s] [8h]
mahspace: checks 
erlis82: bets $0.32
mahspace: calls $0.32
*** SHOW DOWN ***
erlis82: shows [Jd Jh] (a full house, Jacks full of Nines)
mahspace: mucks hand 
erlis82 collected $1.26 from pot
*** SUMMARY ***
Total pot $1.31 | Rake $0.05 
Board [9c Jc 5h 9s 8h]
Seat 1: esch777 (small blind) folded before Flop
Seat 2: Dorex2007 (big blind) folded before Flop
Seat 3: HDYD18 folded before Flop (didn't bet)
Seat 5: InputCel555 folded before Flop (didn't bet)
Seat 6: Hectorguff folded before Flop (didn't bet)
Seat 7: mahspace mucked [Js Tc]
Seat 8: erlis82 showed [Jd Jh] and won ($1.26) with a full house, Jacks full of Nines
Seat 9: Phl3gmatic (button) folded before Flop (didn't bet)



PokerStars Hand #230478974328:  Hold'em No Limit ($0.01/$0.02 USD) - 2021/10/09 12:09:24 PT [2021/10/09 15:09:24 ET]
Table 'Lucidor III' 9-max Seat #1 is the button
Seat 1: esch777 ($0.74 in chips) 
Seat 2: Dorex2007 ($2.06 in chips) 
Seat 3: HDYD18 ($2.36 in chips) 
Seat 5: InputCel555 ($2.71 in chips) 
Seat 6: Hectorguff ($1.03 in chips) 
Seat 7: mahspace ($3.07 in chips) 
Seat 8: erlis82 ($2.67 in chips) 
Seat 9: Phl3gmatic ($1.96 in chips) 
Dorex2007: posts small blind $0.01
HDYD18: posts big blind $0.02
yjqian23: sits out 
*** HOLE CARDS ***
Dealt to Dorex2007 [Th 3s]
InputCel555: folds 
Hectorguff: folds 
mahspace: folds 
erlis82: calls $0.02
Phl3gmatic: folds 
esch777: folds 
Dorex2007: calls $0.01
HDYD18: checks 
*** FLOP *** [Jd 8c 8d]
Dorex2007: checks 
HDYD18: bets $0.02
erlis82: calls $0.02
Dorex2007: folds 
*** TURN *** [Jd 8c 8d] [Ad]
HDYD18: checks 
erlis82: bets $0.02
HDYD18: calls $0.02
*** RIVER *** [Jd 8c 8d Ad] [5c]
HDYD18: checks 
erlis82: checks 
*** SHOW DOWN ***
HDYD18: shows [Jc Ks] (two pair, Jacks and Eights)
erlis82: mucks hand 
HDYD18 collected $0.14 from pot
*** SUMMARY ***
Total pot $0.14 | Rake $0 
Board [Jd 8c 8d Ad 5c]
Seat 1: esch777 (button) folded before Flop (didn't bet)
Seat 2: Dorex2007 (small blind) folded on the Flop
Seat 3: HDYD18 (big blind) showed [Jc Ks] and won ($0.14) with two pair, Jacks and Eights
Seat 5: InputCel555 folded before Flop (didn't bet)
Seat 6: Hectorguff folded before Flop (didn't bet)
Seat 7: mahspace folded before Flop (didn't bet)
Seat 8: erlis82 mucked [9c Td]
Seat 9: Phl3gmatic folded before Flop (didn't bet)



PokerStars Hand #230478997947:  Hold'em No Limit ($0.01/$0.02 USD) - 2021/10/09 12:10:12 PT [2021/10/09 15:10:12 ET]
Table 'Lucidor III' 9-max Seat #2 is the button
Seat 1: esch777 ($0.74 in chips) 
Seat 2: Dorex2007 ($2.04 in chips) 
Seat 3: HDYD18 ($2.44 in chips) 
Seat 4: yjqian23 ($2 in chips) 
Seat 5: InputCel555 ($2.71 in chips) 
Seat 6: Hectorguff ($1.03 in chips) 
Seat 7: mahspace ($3.07 in chips) 
Seat 8: erlis82 ($2.61 in chips) 
Seat 9: Phl3gmatic ($1.96 in chips) 
HDYD18: posts small blind $0.01
yjqian23: posts big blind $0.02
*** HOLE CARDS ***
Dealt to Dorex2007 [5s 3h]
InputCel555: folds 
Hectorguff: folds 
mahspace: raises $0.06 to $0.08
erlis82: folds 
Phl3gmatic: folds 
esch777 has timed out
esch777: folds 
Dorex2007: folds 
HDYD18: folds 
yjqian23: calls $0.06
*** FLOP *** [2s 3c 6h]
yjqian23: bets $0.02
mahspace: raises $0.10 to $0.12
yjqian23: folds 
Uncalled bet ($0.10) returned to mahspace
mahspace collected $0.20 from pot
mahspace: doesn't show hand 
*** SUMMARY ***
Total pot $0.21 | Rake $0.01 
Board [2s 3c 6h]
Seat 1: esch777 folded before Flop (didn't bet)
Seat 2: Dorex2007 (button) folded before Flop (didn't bet)
Seat 3: HDYD18 (small blind) folded before Flop
Seat 4: yjqian23 (big blind) folded on the Flop
Seat 5: InputCel555 folded before Flop (didn't bet)
Seat 6: Hectorguff folded before Flop (didn't bet)
Seat 7: mahspace collected ($0.20)
Seat 8: erlis82 folded before Flop (didn't bet)
Seat 9: Phl3gmatic folded before Flop (didn't bet)



PokerStars Hand #230479032619:  Hold'em No Limit ($0.01/$0.02 USD) - 2021/10/09 12:11:23 PT [2021/10/09 15:11:23 ET]
Table 'Lucidor III' 9-max Seat #3 is the button
Seat 1: esch777 ($0.74 in chips) 
Seat 2: Dorex2007 ($2.04 in chips) 
Seat 3: HDYD18 ($2.43 in chips) 
Seat 4: yjqian23 ($1.90 in chips) 
Seat 5: InputCel555 ($2.71 in chips) 
Seat 6: Hectorguff ($1.03 in chips) 
Seat 7: mahspace ($3.17 in chips) 
Seat 8: erlis82 ($2.61 in chips) 
Seat 9: Phl3gmatic ($1.96 in chips) 
yjqian23: posts small blind $0.01
InputCel555: posts big blind $0.02
*** HOLE CARDS ***
Dealt to Dorex2007 [Kd Td]
Hectorguff: folds 
mahspace: folds 
erlis82: folds 
Phl3gmatic: calls $0.02
Hectorguff leaves the table
esch777: folds 
Dorex2007: raises $0.04 to $0.06
HDYD18: folds 
yjqian23: folds 
InputCel555: folds 
Phl3gmatic: calls $0.04
*** FLOP *** [5s Js 3c]
Phl3gmatic: checks 
Dorex2007: bets $0.07
zewert joins the table at seat #6 
Phl3gmatic: folds 
Uncalled bet ($0.07) returned to Dorex2007
Dorex2007 collected $0.14 from pot
Dorex2007: doesn't show hand 
*** SUMMARY ***
Total pot $0.15 | Rake $0.01 
Board [5s Js 3c]
Seat 1: esch777 folded before Flop (didn't bet)
Seat 2: Dorex2007 collected ($0.14)
Seat 3: HDYD18 (button) folded before Flop (didn't bet)
Seat 4: yjqian23 (small blind) folded before Flop
Seat 5: InputCel555 (big blind) folded before Flop
Seat 6: Hectorguff folded before Flop (didn't bet)
Seat 7: mahspace folded before Flop (didn't bet)
Seat 8: erlis82 folded before Flop (didn't bet)
Seat 9: Phl3gmatic folded on the Flop



PokerStars Hand #230479049880:  Hold'em No Limit ($0.01/$0.02 USD) - 2021/10/09 12:11:58 PT [2021/10/09 15:11:58 ET]
Table 'Lucidor III' 9-max Seat #4 is the button
Seat 1: esch777 ($0.74 in chips) 
Seat 2: Dorex2007 ($2.12 in chips) 
Seat 3: HDYD18 ($2.43 in chips) 
Seat 4: yjqian23 ($1.89 in chips) 
Seat 5: InputCel555 ($2.69 in chips) 
Seat 6: zewert ($2 in chips) 
Seat 7: mahspace ($3.17 in chips) 
Seat 8: erlis82 ($2.61 in chips) 
Seat 9: Phl3gmatic ($1.90 in chips) 
InputCel555: posts small blind $0.01
zewert: posts big blind $0.02
*** HOLE CARDS ***
Dealt to Dorex2007 [9c 6s]
mahspace: folds 
erlis82: folds 
Phl3gmatic: folds 
esch777: folds 
Dorex2007: folds 
HDYD18: folds 
yjqian23: folds 
InputCel555: folds 
Uncalled bet ($0.01) returned to zewert
zewert collected $0.02 from pot
zewert: doesn't show hand 
*** SUMMARY ***
Total pot $0.02 | Rake $0 
Seat 1: esch777 folded before Flop (didn't bet)
Seat 2: Dorex2007 folded before Flop (didn't bet)
Seat 3: HDYD18 folded before Flop (didn't bet)
Seat 4: yjqian23 (button) folded before Flop (didn't bet)
Seat 5: InputCel555 (small blind) folded before Flop
Seat 6: zewert (big blind) collected ($0.02)
Seat 7: mahspace folded before Flop (didn't bet)
Seat 8: erlis82 folded before Flop (didn't bet)
Seat 9: Phl3gmatic folded before Flop (didn't bet)



PokerStars Hand #230479068220:  Hold'em No Limit ($0.01/$0.02 USD) - 2021/10/09 12:12:35 PT [2021/10/09 15:12:35 ET]
Table 'Lucidor III' 9-max Seat #5 is the button
Seat 1: esch777 ($0.74 in chips) 
Seat 2: Dorex2007 ($2.12 in chips) 
Seat 3: HDYD18 ($2.43 in chips) 
Seat 4: yjqian23 ($1.89 in chips) 
Seat 5: InputCel555 ($2.68 in chips) 
Seat 6: zewert ($2.01 in chips) 
Seat 7: mahspace ($3.17 in chips) 
Seat 8: erlis82 ($2.61 in chips) 
Seat 9: Phl3gmatic ($1.90 in chips) 
zewert: posts small blind $0.01
mahspace: posts big blind $0.02
*** HOLE CARDS ***
Dealt to Dorex2007 [Ac Ts]
erlis82: calls $0.02
Phl3gmatic: folds 
esch777 has timed out
esch777: folds 
Dorex2007: raises $0.04 to $0.06
HDYD18: folds 
yjqian23: folds 
InputCel555: folds 
zewert: folds 
mahspace: folds 
erlis82: folds 
Uncalled bet ($0.04) returned to Dorex2007
Dorex2007 collected $0.07 from pot
Dorex2007: doesn't show hand 
*** SUMMARY ***
Total pot $0.07 | Rake $0 
Seat 1: esch777 folded before Flop (didn't bet)
Seat 2: Dorex2007 collected ($0.07)
Seat 3: HDYD18 folded before Flop (didn't bet)
Seat 4: yjqian23 folded before Flop (didn't bet)
Seat 5: InputCel555 (button) folded before Flop (didn't bet)
Seat 6: zewert (small blind) folded before Flop
Seat 7: mahspace (big blind) folded before Flop
Seat 8: erlis82 folded before Flop
Seat 9: Phl3gmatic folded before Flop (didn't bet)



PokerStars Hand #230479085720:  Hold'em No Limit ($0.01/$0.02 USD) - 2021/10/09 12:13:11 PT [2021/10/09 15:13:11 ET]
Table 'Lucidor III' 9-max Seat #6 is the button
Seat 1: esch777 ($0.74 in chips) 
Seat 2: Dorex2007 ($2.17 in chips) 
Seat 3: HDYD18 ($2.43 in chips) 
Seat 4: yjqian23 ($1.89 in chips) 
Seat 5: InputCel555 ($2.68 in chips) 
Seat 6: zewert ($2 in chips) 
Seat 7: mahspace ($3.15 in chips) 
Seat 8: erlis82 ($2.59 in chips) 
Seat 9: Phl3gmatic ($1.90 in chips) 
mahspace: posts small blind $0.01
erlis82: posts big blind $0.02
*** HOLE CARDS ***
Dealt to Dorex2007 [As Ks]
Phl3gmatic: folds 
esch777 has timed out
esch777: folds 
Dorex2007: raises $0.04 to $0.06
HDYD18: folds 
yjqian23: folds 
InputCel555: folds 
zewert: folds 
mahspace: folds 
erlis82: calls $0.04
*** FLOP *** [Ad Td 8d]
erlis82: checks 
Dorex2007: bets $0.13
erlis82: folds 
Uncalled bet ($0.13) returned to Dorex2007
Dorex2007 collected $0.13 from pot
Dorex2007: doesn't show hand 
*** SUMMARY ***
Total pot $0.13 | Rake $0 
Board [Ad Td 8d]
Seat 1: esch777 folded before Flop (didn't bet)
Seat 2: Dorex2007 collected ($0.13)
Seat 3: HDYD18 folded before Flop (didn't bet)
Seat 4: yjqian23 folded before Flop (didn't bet)
Seat 5: InputCel555 folded before Flop (didn't bet)
Seat 6: zewert (button) folded before Flop (didn't bet)
Seat 7: mahspace (small blind) folded before Flop
Seat 8: erlis82 (big blind) folded on the Flop
Seat 9: Phl3gmatic folded before Flop (didn't bet)



PokerStars Hand #230479116979:  Hold'em No Limit ($0.01/$0.02 USD) - 2021/10/09 12:14:15 PT [2021/10/09 15:14:15 ET]
Table 'Lucidor III' 9-max Seat #7 is the button
Seat 1: esch777 ($0.74 in chips) 
Seat 2: Dorex2007 ($2.24 in chips) 
Seat 3: HDYD18 ($2.43 in chips) 
Seat 4: yjqian23 ($2 in chips) 
Seat 5: InputCel555 ($2.68 in chips) 
Seat 6: zewert ($2 in chips) 
Seat 7: mahspace ($3.14 in chips) 
Seat 8: erlis82 ($2.53 in chips) 
Seat 9: Phl3gmatic ($1.90 in chips) 
erlis82: posts small blind $0.01
Phl3gmatic: posts big blind $0.02
*** HOLE CARDS ***
Dealt to Dorex2007 [7h 6c]
esch777: folds 
Dorex2007: folds 
HDYD18: folds 
yjqian23: calls $0.02
InputCel555 has timed out
InputCel555: folds 
zewert: calls $0.02
mahspace: raises $0.08 to $0.10
erlis82: folds 
Phl3gmatic: raises $1.80 to $1.90 and is all-in
yjqian23: folds 
zewert: folds 
mahspace: folds 
Uncalled bet ($1.80) returned to Phl3gmatic
Phl3gmatic collected $0.25 from pot
Phl3gmatic: doesn't show hand 
*** SUMMARY ***
Total pot $0.25 | Rake $0 
Seat 1: esch777 folded before Flop (didn't bet)
Seat 2: Dorex2007 folded before Flop (didn't bet)
Seat 3: HDYD18 folded before Flop (didn't bet)
Seat 4: yjqian23 folded before Flop
Seat 5: InputCel555 folded before Flop (didn't bet)
Seat 6: zewert folded before Flop
Seat 7: mahspace (button) folded before Flop
Seat 8: erlis82 (small blind) folded before Flop
Seat 9: Phl3gmatic (big blind) collected ($0.25)



PokerStars Hand #230479141739:  Hold'em No Limit ($0.01/$0.02 USD) - 2021/10/09 12:15:05 PT [2021/10/09 15:15:05 ET]
Table 'Lucidor III' 9-max Seat #8 is the button
Seat 1: esch777 ($0.74 in chips) 
Seat 2: Dorex2007 ($2.24 in chips) 
Seat 3: HDYD18 ($2.43 in chips) 
Seat 4: yjqian23 ($1.98 in chips) 
Seat 5: InputCel555 ($2.68 in chips) 
Seat 6: zewert ($1.98 in chips) 
Seat 7: mahspace ($3.04 in chips) 
Seat 8: erlis82 ($2.52 in chips) 
Seat 9: Phl3gmatic ($2.05 in chips) 
Phl3gmatic: posts small blind $0.01
esch777: posts big blind $0.02
*** HOLE CARDS ***
Dealt to Dorex2007 [9d 2c]
Dorex2007: folds 
HDYD18: folds 
yjqian23: folds 
InputCel555: folds 
zewert: folds 
mahspace: folds 
erlis82: folds 
Phl3gmatic: calls $0.01
esch777: checks 
*** FLOP *** [2s 9h Ah]
Phl3gmatic: checks 
esch777: checks 
*** TURN *** [2s 9h Ah] [Js]
Phl3gmatic: checks 
esch777: checks 
*** RIVER *** [2s 9h Ah Js] [9c]
Phl3gmatic: checks 
esch777: checks 
*** SHOW DOWN ***
Phl3gmatic: shows [Ts 6d] (a pair of Nines)
esch777: shows [4d Qh] (a pair of Nines - Ace+Queen kicker)
esch777 collected $0.04 from pot
*** SUMMARY ***
Total pot $0.04 | Rake $0 
Board [2s 9h Ah Js 9c]
Seat 1: esch777 (big blind) showed [4d Qh] and won ($0.04) with a pair of Nines
Seat 2: Dorex2007 folded before Flop (didn't bet)
Seat 3: HDYD18 folded before Flop (didn't bet)
Seat 4: yjqian23 folded before Flop (didn't bet)
Seat 5: InputCel555 folded before Flop (didn't bet)
Seat 6: zewert folded before Flop (didn't bet)
Seat 7: mahspace folded before Flop (didn't bet)
Seat 8: erlis82 (button) folded before Flop (didn't bet)
Seat 9: Phl3gmatic (small blind) showed [Ts 6d] and lost with a pair of Nines



PokerStars Hand #230479166337:  Hold'em No Limit ($0.01/$0.02 USD) - 2021/10/09 12:15:55 PT [2021/10/09 15:15:55 ET]
Table 'Lucidor III' 9-max Seat #9 is the button
Seat 1: esch777 ($0.76 in chips) 
Seat 2: Dorex2007 ($2.24 in chips) 
Seat 3: HDYD18 ($2.43 in chips) 
Seat 4: yjqian23 ($1.98 in chips) 
Seat 5: InputCel555 ($2.68 in chips) 
Seat 6: zewert ($1.98 in chips) 
Seat 7: mahspace ($3.04 in chips) 
Seat 8: erlis82 ($2.52 in chips) 
Seat 9: Phl3gmatic ($2.03 in chips) 
esch777: posts small blind $0.01
Dorex2007: posts big blind $0.02
*** HOLE CARDS ***
Dealt to Dorex2007 [3h 3d]
HDYD18: folds 
yjqian23: calls $0.02
InputCel555: folds 
zewert: folds 
mahspace: raises $0.06 to $0.08
erlis82: folds 
Phl3gmatic: folds 
esch777: folds 
Dorex2007: calls $0.06
yjqian23: calls $0.06
*** FLOP *** [7h Js Kh]
Dorex2007: checks 
yjqian23: bets $0.02
mahspace: raises $0.18 to $0.20
Dorex2007: folds 
yjqian23: folds 
Uncalled bet ($0.18) returned to mahspace
mahspace collected $0.28 from pot
mahspace: doesn't show hand 
*** SUMMARY ***
Total pot $0.29 | Rake $0.01 
Board [7h Js Kh]
Seat 1: esch777 (small blind) folded before Flop
Seat 2: Dorex2007 (big blind) folded on the Flop
Seat 3: HDYD18 folded before Flop (didn't bet)
Seat 4: yjqian23 folded on the Flop
Seat 5: InputCel555 folded before Flop (didn't bet)
Seat 6: zewert folded before Flop (didn't bet)
Seat 7: mahspace collected ($0.28)
Seat 8: erlis82 folded before Flop (didn't bet)
Seat 9: Phl3gmatic (button) folded before Flop (didn't bet)



PokerStars Hand #230479191890:  Hold'em No Limit ($0.01/$0.02 USD) - 2021/10/09 12:16:47 PT [2021/10/09 15:16:47 ET]
Table 'Lucidor III' 9-max Seat #1 is the button
Seat 1: esch777 ($0.75 in chips) 
Seat 2: Dorex2007 ($2.16 in chips) 
Seat 3: HDYD18 ($2.43 in chips) 
Seat 4: yjqian23 ($1.88 in chips) 
Seat 5: InputCel555 ($2.68 in chips) 
Seat 6: zewert ($1.98 in chips) 
Seat 7: mahspace ($3.22 in chips) 
Seat 8: erlis82 ($2.52 in chips) 
Seat 9: Phl3gmatic ($2.03 in chips) 
Dorex2007: posts small blind $0.01
HDYD18: posts big blind $0.02
*** HOLE CARDS ***
Dealt to Dorex2007 [Td Ad]
yjqian23: folds 
InputCel555: folds 
zewert: folds 
mahspace: raises $0.06 to $0.08
erlis82: folds 
erlis82 leaves the table
Phl3gmatic: folds 
esch777: folds 
Dorex2007: calls $0.07
HDYD18: folds 
*** FLOP *** [6c Jc 8h]
Zuban442 joins the table at seat #8 
Dorex2007: bets $0.09
mahspace: raises $0.19 to $0.28
Dorex2007: calls $0.19
*** TURN *** [6c Jc 8h] [Tc]
Dorex2007: bets $0.71
mahspace: raises $2.15 to $2.86 and is all-in
Dorex2007: folds 
Uncalled bet ($2.15) returned to mahspace
mahspace collected $2.06 from pot
mahspace: doesn't show hand 
*** SUMMARY ***
Total pot $2.16 | Rake $0.10 
Board [6c Jc 8h Tc]
Seat 1: esch777 (button) folded before Flop (didn't bet)
Seat 2: Dorex2007 (small blind) folded on the Turn
Seat 3: HDYD18 (big blind) folded before Flop
Seat 4: yjqian23 folded before Flop (didn't bet)
Seat 5: InputCel555 folded before Flop (didn't bet)
Seat 6: zewert folded before Flop (didn't bet)
Seat 7: mahspace collected ($2.06)
Seat 8: erlis82 folded before Flop (didn't bet)
Seat 9: Phl3gmatic folded before Flop (didn't bet)



PokerStars Hand #230479228746:  Hold'em No Limit ($0.01/$0.02 USD) - 2021/10/09 12:18:03 PT [2021/10/09 15:18:03 ET]
Table 'Lucidor III' 9-max Seat #2 is the button
Seat 1: esch777 ($0.75 in chips) 
Seat 2: Dorex2007 ($1.09 in chips) 
Seat 3: HDYD18 ($2.41 in chips) 
Seat 4: yjqian23 ($1.88 in chips) 
Seat 5: InputCel555 ($2.68 in chips) 
Seat 6: zewert ($1.98 in chips) 
Seat 7: mahspace ($4.21 in chips) 
Seat 8: Zuban442 ($1 in chips) 
Seat 9: Phl3gmatic ($2.03 in chips) 
HDYD18: posts small blind $0.01
yjqian23: posts big blind $0.02
Zuban442: posts big blind $0.02
*** HOLE CARDS ***
Dealt to Dorex2007 [Kc Qh]
InputCel555: folds 
zewert: calls $0.02
mahspace: raises $0.08 to $0.10
Zuban442: calls $0.08
Phl3gmatic: folds 
esch777: folds 
Dorex2007: calls $0.10
HDYD18: folds 
yjqian23: folds 
zewert: folds 
*** FLOP *** [2d 3s 3h]
mahspace: bets $0.20
Zuban442: calls $0.20
Dorex2007: folds 
*** TURN *** [2d 3s 3h] [7s]
mahspace: checks 
Zuban442: bets $0.36
mahspace: folds 
Uncalled bet ($0.36) returned to Zuban442
Zuban442 collected $0.72 from pot
Zuban442: doesn't show hand 
*** SUMMARY ***
Total pot $0.75 | Rake $0.03 
Board [2d 3s 3h 7s]
Seat 1: esch777 folded before Flop (didn't bet)
Seat 2: Dorex2007 (button) folded on the Flop
Seat 3: HDYD18 (small blind) folded before Flop
Seat 4: yjqian23 (big blind) folded before Flop
Seat 5: InputCel555 folded before Flop (didn't bet)
Seat 6: zewert folded before Flop
Seat 7: mahspace folded on the Turn
Seat 8: Zuban442 collected ($0.72)
Seat 9: Phl3gmatic folded before Flop (didn't bet)



PokerStars Hand #230479272555:  Hold'em No Limit ($0.01/$0.02 USD) - 2021/10/09 12:19:17 PT [2021/10/09 15:19:17 ET]
Table 'Lucidor III' 9-max Seat #3 is the button
Seat 1: esch777 ($0.75 in chips) 
Seat 2: Dorex2007 ($2 in chips) 
Seat 3: HDYD18 ($2.40 in chips) 
Seat 4: yjqian23 ($1.86 in chips) 
Seat 5: InputCel555 ($2.68 in chips) 
Seat 6: zewert ($1.96 in chips) 
Seat 7: mahspace ($3.91 in chips) 
Seat 8: Zuban442 ($1.42 in chips) 
Seat 9: Phl3gmatic ($2.03 in chips) 
yjqian23: posts small blind $0.01
InputCel555: posts big blind $0.02
*** HOLE CARDS ***
Dealt to Dorex2007 [2c 3s]
zewert has timed out
zewert: folds 
mahspace: folds 
Zuban442: folds 
Phl3gmatic: folds 
esch777: raises $0.02 to $0.04
Dorex2007: folds 
HDYD18: folds 
yjqian23: folds 
InputCel555: raises $0.08 to $0.12
esch777: raises $0.08 to $0.20
InputCel555: folds 
Uncalled bet ($0.08) returned to esch777
esch777 collected $0.25 from pot
esch777: doesn't show hand 
*** SUMMARY ***
Total pot $0.25 | Rake $0 
Seat 1: esch777 collected ($0.25)
Seat 2: Dorex2007 folded before Flop (didn't bet)
Seat 3: HDYD18 (button) folded before Flop (didn't bet)
Seat 4: yjqian23 (small blind) folded before Flop
Seat 5: InputCel555 (big blind) folded before Flop
Seat 6: zewert folded before Flop (didn't bet)
Seat 7: mahspace folded before Flop (didn't bet)
Seat 8: Zuban442 folded before Flop (didn't bet)
Seat 9: Phl3gmatic folded before Flop (didn't bet)



PokerStars Hand #230479302826:  Hold'em No Limit ($0.01/$0.02 USD) - 2021/10/09 12:20:18 PT [2021/10/09 15:20:18 ET]
Table 'Lucidor III' 9-max Seat #4 is the button
Seat 1: esch777 ($0.88 in chips) 
Seat 2: Dorex2007 ($2 in chips) 
Seat 3: HDYD18 ($2.40 in chips) 
Seat 4: yjqian23 ($1.85 in chips) 
Seat 5: InputCel555 ($2.56 in chips) 
Seat 6: zewert ($1.96 in chips) 
Seat 7: mahspace ($3.91 in chips) 
Seat 8: Zuban442 ($1.42 in chips) 
Seat 9: Phl3gmatic ($2.03 in chips) 
InputCel555: posts small blind $0.01
zewert: posts big blind $0.02
*** HOLE CARDS ***
Dealt to Dorex2007 [6s 2c]
mahspace: folds 
Zuban442: folds 
Phl3gmatic: folds 
esch777: folds 
Dorex2007: folds 
HDYD18: folds 
yjqian23: raises $0.02 to $0.04
InputCel555: folds 
zewert: folds 
Uncalled bet ($0.02) returned to yjqian23
yjqian23 collected $0.05 from pot
yjqian23: doesn't show hand 
*** SUMMARY ***
Total pot $0.05 | Rake $0 
Seat 1: esch777 folded before Flop (didn't bet)
Seat 2: Dorex2007 folded before Flop (didn't bet)
Seat 3: HDYD18 folded before Flop (didn't bet)
Seat 4: yjqian23 (button) collected ($0.05)
Seat 5: InputCel555 (small blind) folded before Flop
Seat 6: zewert (big blind) folded before Flop
Seat 7: mahspace folded before Flop (didn't bet)
Seat 8: Zuban442 folded before Flop (didn't bet)
Seat 9: Phl3gmatic folded before Flop (didn't bet)



