PokerStars Hand #225095931012:  Hold'em No Limit ($0.01/$0.02 USD) - 2021/03/22 20:06:25 PT [2021/03/22 23:06:25 ET]
Table 'Yunnan V' 9-max Seat #9 is the button
Seat 2: frosa9397 ($1.24 in chips) 
Seat 3: Dorex2007 ($1.50 in chips) 
Seat 4: BeckerCL97 ($5.03 in chips) 
Seat 8: CEM1970 ($2.17 in chips) 
Seat 9: HellRhino ($3.75 in chips) 
frosa9397: posts small blind $0.01
Dorex2007: posts big blind $0.02
*** HOLE CARDS ***
Dealt to Dorex2007 [4s 4d]
BeckerCL97: raises $0.04 to $0.06
CEM1970: folds 
HellRhino: folds 
frosa9397: folds 
Dorex2007: folds 
Uncalled bet ($0.04) returned to BeckerCL97
BeckerCL97 collected $0.05 from pot
BeckerCL97: doesn't show hand 
*** SUMMARY ***
Total pot $0.05 | Rake $0 
Seat 2: frosa9397 (small blind) folded before Flop
Seat 3: Dorex2007 (big blind) folded before Flop
Seat 4: BeckerCL97 collected ($0.05)
Seat 8: CEM1970 folded before Flop (didn't bet)
Seat 9: HellRhino (button) folded before Flop (didn't bet)



PokerStars Hand #225095935596:  Hold'em No Limit ($0.01/$0.02 USD) - 2021/03/22 20:06:45 PT [2021/03/22 23:06:45 ET]
Table 'Yunnan V' 9-max Seat #2 is the button
Seat 2: frosa9397 ($1.23 in chips) 
Seat 3: Dorex2007 ($1.48 in chips) 
Seat 4: BeckerCL97 ($5.06 in chips) 
Seat 8: CEM1970 ($2.17 in chips) 
Seat 9: HellRhino ($3.75 in chips) 
Dorex2007: posts small blind $0.01
BeckerCL97: posts big blind $0.02
*** HOLE CARDS ***
Dealt to Dorex2007 [6h 2c]
CEM1970: calls $0.02
HellRhino: folds 
frosa9397: folds 
Dorex2007: folds 
BeckerCL97: checks 
*** FLOP *** [5h Js 3d]
BeckerCL97: checks 
CEM1970: checks 
*** TURN *** [5h Js 3d] [7s]
BeckerCL97: checks 
CEM1970: checks 
*** RIVER *** [5h Js 3d 7s] [5s]
BeckerCL97: bets $0.04
CEM1970: folds 
Uncalled bet ($0.04) returned to BeckerCL97
BeckerCL97 collected $0.05 from pot
BeckerCL97: doesn't show hand 
*** SUMMARY ***
Total pot $0.05 | Rake $0 
Board [5h Js 3d 7s 5s]
Seat 2: frosa9397 (button) folded before Flop (didn't bet)
Seat 3: Dorex2007 (small blind) folded before Flop
Seat 4: BeckerCL97 (big blind) collected ($0.05)
Seat 8: CEM1970 folded on the River
Seat 9: HellRhino folded before Flop (didn't bet)



PokerStars Hand #225095947064:  Hold'em No Limit ($0.01/$0.02 USD) - 2021/03/22 20:07:36 PT [2021/03/22 23:07:36 ET]
Table 'Yunnan V' 9-max Seat #3 is the button
Seat 2: frosa9397 ($1.23 in chips) 
Seat 3: Dorex2007 ($1.47 in chips) 
Seat 4: BeckerCL97 ($5.09 in chips) 
Seat 8: CEM1970 ($2.15 in chips) 
Seat 9: HellRhino ($3.75 in chips) 
BeckerCL97: posts small blind $0.01
CEM1970: posts big blind $0.02
*** HOLE CARDS ***
Dealt to Dorex2007 [6s 6d]
HellRhino: folds 
frosa9397: folds 
Dorex2007: calls $0.02
BeckerCL97: calls $0.01
CEM1970: checks 
*** FLOP *** [9s Jh 9d]
BeckerCL97: checks 
CEM1970: bets $0.02
Dorex2007: calls $0.02
BeckerCL97: calls $0.02
*** TURN *** [9s Jh 9d] [9c]
BeckerCL97: checks 
CEM1970: checks 
Dorex2007: bets $0.06
BeckerCL97: calls $0.06
CEM1970: folds 
*** RIVER *** [9s Jh 9d 9c] [As]
BeckerCL97: checks 
Dorex2007: checks 
*** SHOW DOWN ***
BeckerCL97: shows [2c Ad] (a full house, Nines full of Aces)
Dorex2007: mucks hand 
BeckerCL97 collected $0.23 from pot
*** SUMMARY ***
Total pot $0.24 | Rake $0.01 
Board [9s Jh 9d 9c As]
Seat 2: frosa9397 folded before Flop (didn't bet)
Seat 3: Dorex2007 (button) mucked [6s 6d]
Seat 4: BeckerCL97 (small blind) showed [2c Ad] and won ($0.23) with a full house, Nines full of Aces
Seat 8: CEM1970 (big blind) folded on the Turn
Seat 9: HellRhino folded before Flop (didn't bet)



PokerStars Hand #225095962110:  Hold'em No Limit ($0.01/$0.02 USD) - 2021/03/22 20:08:42 PT [2021/03/22 23:08:42 ET]
Table 'Yunnan V' 9-max Seat #4 is the button
Seat 2: frosa9397 ($1.23 in chips) 
Seat 3: Dorex2007 ($1.37 in chips) 
Seat 4: BeckerCL97 ($5.22 in chips) 
Seat 8: CEM1970 ($2.11 in chips) 
Seat 9: HellRhino ($3.75 in chips) 
CEM1970: posts small blind $0.01
HellRhino: posts big blind $0.02
*** HOLE CARDS ***
Dealt to Dorex2007 [8h As]
frosa9397: folds 
Dorex2007: folds 
BeckerCL97: folds 
CEM1970: folds 
Uncalled bet ($0.01) returned to HellRhino
HellRhino collected $0.02 from pot
HellRhino: doesn't show hand 
*** SUMMARY ***
Total pot $0.02 | Rake $0 
Seat 2: frosa9397 folded before Flop (didn't bet)
Seat 3: Dorex2007 folded before Flop (didn't bet)
Seat 4: BeckerCL97 (button) folded before Flop (didn't bet)
Seat 8: CEM1970 (small blind) folded before Flop
Seat 9: HellRhino (big blind) collected ($0.02)



PokerStars Hand #225095965252:  Hold'em No Limit ($0.01/$0.02 USD) - 2021/03/22 20:08:56 PT [2021/03/22 23:08:56 ET]
Table 'Yunnan V' 9-max Seat #8 is the button
Seat 2: frosa9397 ($1.23 in chips) 
Seat 3: Dorex2007 ($1.37 in chips) 
Seat 4: BeckerCL97 ($5.22 in chips) 
Seat 8: CEM1970 ($2.10 in chips) 
Seat 9: HellRhino ($3.76 in chips) 
HellRhino: posts small blind $0.01
frosa9397: posts big blind $0.02
*** HOLE CARDS ***
Dealt to Dorex2007 [8h Kd]
Dorex2007: calls $0.02
BeckerCL97: folds 
CEM1970: folds 
HellRhino: raises $0.04 to $0.06
frosa9397: folds 
yy46x9 joins the table at seat #6 
Dorex2007: folds 
Uncalled bet ($0.04) returned to HellRhino
HellRhino collected $0.06 from pot
HellRhino: doesn't show hand 
*** SUMMARY ***
Total pot $0.06 | Rake $0 
Seat 2: frosa9397 (big blind) folded before Flop
Seat 3: Dorex2007 folded before Flop
Seat 4: BeckerCL97 folded before Flop (didn't bet)
Seat 8: CEM1970 (button) folded before Flop (didn't bet)
Seat 9: HellRhino (small blind) collected ($0.06)



PokerStars Hand #225095973264:  Hold'em No Limit ($0.01/$0.02 USD) - 2021/03/22 20:09:31 PT [2021/03/22 23:09:31 ET]
Table 'Yunnan V' 9-max Seat #9 is the button
Seat 2: frosa9397 ($1.21 in chips) 
Seat 3: Dorex2007 ($1.35 in chips) 
Seat 4: BeckerCL97 ($5.22 in chips) 
Seat 8: CEM1970 ($2.10 in chips) 
Seat 9: HellRhino ($3.80 in chips) 
frosa9397: posts small blind $0.01
Dorex2007: posts big blind $0.02
yy46x9: sits out 
*** HOLE CARDS ***
Dealt to Dorex2007 [Ts Qd]
BeckerCL97: folds 
CEM1970: calls $0.02
HellRhino: raises $0.04 to $0.06
frosa9397: folds 
Dorex2007: folds 
CEM1970: calls $0.04
*** FLOP *** [Tc Kd Ac]
CEM1970: bets $0.14
HellRhino: folds 
Uncalled bet ($0.14) returned to CEM1970
CEM1970 collected $0.14 from pot
*** SUMMARY ***
Total pot $0.15 | Rake $0.01 
Board [Tc Kd Ac]
Seat 2: frosa9397 (small blind) folded before Flop
Seat 3: Dorex2007 (big blind) folded before Flop
Seat 4: BeckerCL97 folded before Flop (didn't bet)
Seat 8: CEM1970 collected ($0.14)
Seat 9: HellRhino (button) folded on the Flop



PokerStars Hand #225095985832:  Hold'em No Limit ($0.01/$0.02 USD) - 2021/03/22 20:10:27 PT [2021/03/22 23:10:27 ET]
Table 'Yunnan V' 9-max Seat #2 is the button
Seat 2: frosa9397 ($1.20 in chips) 
Seat 3: Dorex2007 ($1.33 in chips) 
Seat 4: BeckerCL97 ($5.22 in chips) 
Seat 8: CEM1970 ($2.18 in chips) 
Seat 9: HellRhino ($3.74 in chips) 
Dorex2007: posts small blind $0.01
BeckerCL97: posts big blind $0.02
yy46x9: sits out 
*** HOLE CARDS ***
Dealt to Dorex2007 [2s 4d]
CEM1970: folds 
HellRhino: folds 
frosa9397: folds 
Dorex2007: folds 
Uncalled bet ($0.01) returned to BeckerCL97
BeckerCL97 collected $0.02 from pot
BeckerCL97: doesn't show hand 
*** SUMMARY ***
Total pot $0.02 | Rake $0 
Seat 2: frosa9397 (button) folded before Flop (didn't bet)
Seat 3: Dorex2007 (small blind) folded before Flop
Seat 4: BeckerCL97 (big blind) collected ($0.02)
Seat 8: CEM1970 folded before Flop (didn't bet)
Seat 9: HellRhino folded before Flop (didn't bet)



PokerStars Hand #225095988173:  Hold'em No Limit ($0.01/$0.02 USD) - 2021/03/22 20:10:38 PT [2021/03/22 23:10:38 ET]
Table 'Yunnan V' 9-max Seat #3 is the button
Seat 2: frosa9397 ($1.20 in chips) 
Seat 3: Dorex2007 ($1.32 in chips) 
Seat 4: BeckerCL97 ($5.23 in chips) 
Seat 6: yy46x9 ($2 in chips) 
Seat 8: CEM1970 ($2.18 in chips) 
Seat 9: HellRhino ($3.74 in chips) 
BeckerCL97: posts small blind $0.01
yy46x9: posts big blind $0.02
*** HOLE CARDS ***
Dealt to Dorex2007 [2h 9c]
Razzador leaves the table
CEM1970: calls $0.02
hiroto185 joins the table at seat #7 
HellRhino: folds 
frosa9397: raises $0.07 to $0.09
Dorex2007: folds 
hermanf joins the table at seat #5 
BeckerCL97: folds 
yy46x9: folds 
CEM1970: calls $0.07
*** FLOP *** [2c 9h 4d]
CEM1970: checks 
frosa9397: checks 
*** TURN *** [2c 9h 4d] [6s]
CEM1970: checks 
frosa9397: checks 
*** RIVER *** [2c 9h 4d 6s] [7h]
CEM1970: bets $0.08
frosa9397: folds 
Uncalled bet ($0.08) returned to CEM1970
CEM1970 collected $0.20 from pot
*** SUMMARY ***
Total pot $0.21 | Rake $0.01 
Board [2c 9h 4d 6s 7h]
Seat 2: frosa9397 folded on the River
Seat 3: Dorex2007 (button) folded before Flop (didn't bet)
Seat 4: BeckerCL97 (small blind) folded before Flop
Seat 6: yy46x9 (big blind) folded before Flop
Seat 8: CEM1970 collected ($0.20)
Seat 9: HellRhino folded before Flop (didn't bet)



PokerStars Hand #225096004570:  Hold'em No Limit ($0.01/$0.02 USD) - 2021/03/22 20:11:31 PT [2021/03/22 23:11:31 ET]
Table 'Yunnan V' 9-max Seat #4 is the button
Seat 2: frosa9397 ($1.11 in chips) 
Seat 3: Dorex2007 ($1.32 in chips) 
Seat 4: BeckerCL97 ($5.22 in chips) 
Seat 6: yy46x9 ($2 in chips) 
Seat 7: hiroto185 ($1.60 in chips) 
Seat 8: CEM1970 ($2.29 in chips) 
Seat 9: HellRhino ($3.74 in chips) 
yy46x9: posts small blind $0.01
hiroto185: posts big blind $0.02
*** HOLE CARDS ***
Dealt to Dorex2007 [2h Tc]
CEM1970: folds 
HellRhino has timed out
HellRhino: folds 
frosa9397: folds 
Dorex2007: folds 
BeckerCL97: raises $0.02 to $0.04
yy46x9: folds 
hiroto185: raises $0.02 to $0.06
BeckerCL97: calls $0.02
*** FLOP *** [Qd 6d 7c]
hiroto185: bets $0.13
BeckerCL97: calls $0.13
*** TURN *** [Qd 6d 7c] [5h]
hiroto185: bets $0.38
BeckerCL97: calls $0.38
*** RIVER *** [Qd 6d 7c 5h] [5s]
wovos leaves the table
hiroto185: bets $1.03 and is all-in
BeckerCL97: calls $1.03
*** SHOW DOWN ***
hiroto185: shows [As 3s] (a pair of Fives)
BeckerCL97: shows [8c 7h] (two pair, Sevens and Fives)
BeckerCL97 collected $3.10 from pot
*** SUMMARY ***
Total pot $3.21 | Rake $0.11 
Board [Qd 6d 7c 5h 5s]
Seat 2: frosa9397 folded before Flop (didn't bet)
Seat 3: Dorex2007 folded before Flop (didn't bet)
Seat 4: BeckerCL97 (button) showed [8c 7h] and won ($3.10) with two pair, Sevens and Fives
Seat 6: yy46x9 (small blind) folded before Flop
Seat 7: hiroto185 (big blind) showed [As 3s] and lost with a pair of Fives
Seat 8: CEM1970 folded before Flop (didn't bet)
Seat 9: HellRhino folded before Flop (didn't bet)



PokerStars Hand #225096019118:  Hold'em No Limit ($0.01/$0.02 USD) - 2021/03/22 20:12:29 PT [2021/03/22 23:12:29 ET]
Table 'Yunnan V' 9-max Seat #6 is the button
Seat 2: frosa9397 ($1.11 in chips) 
Seat 3: Dorex2007 ($1.32 in chips) 
Seat 4: BeckerCL97 ($6.72 in chips) 
Seat 5: hermanf ($1.60 in chips) 
Seat 6: yy46x9 ($2 in chips) 
Seat 8: CEM1970 ($2.29 in chips) 
Seat 9: HellRhino ($3.74 in chips) 
CEM1970: posts small blind $0.01
HellRhino: posts big blind $0.02
hermanf: posts big blind $0.02
*** HOLE CARDS ***
Dealt to Dorex2007 [5d 7h]
frosa9397: calls $0.02
Dorex2007: folds 
hiroto185 leaves the table
BeckerCL97: raises $0.06 to $0.08
hermanf: folds 
yy46x9: folds 
CEM1970: calls $0.07
HellRhino: folds 
frosa9397: calls $0.06
*** FLOP *** [2h 8s 6s]
CEM1970: checks 
frosa9397: checks 
BeckerCL97: bets $0.06
CEM1970: calls $0.06
frosa9397: raises $0.12 to $0.18
BeckerCL97: calls $0.12
CEM1970: calls $0.12
*** TURN *** [2h 8s 6s] [3s]
CEM1970: checks 
frosa9397: checks 
BeckerCL97: bets $0.20
CEM1970: folds 
frosa9397: calls $0.20
*** RIVER *** [2h 8s 6s 3s] [Qh]
frosa9397: checks 
BeckerCL97: bets $0.65
frosa9397: calls $0.65 and is all-in
*** SHOW DOWN ***
BeckerCL97: shows [Qd Qs] (three of a kind, Queens)
frosa9397: shows [6d 6c] (three of a kind, Sixes)
BeckerCL97 collected $2.43 from pot
*** SUMMARY ***
Total pot $2.52 | Rake $0.09 
Board [2h 8s 6s 3s Qh]
Seat 2: frosa9397 showed [6d 6c] and lost with three of a kind, Sixes
Seat 3: Dorex2007 folded before Flop (didn't bet)
Seat 4: BeckerCL97 showed [Qd Qs] and won ($2.43) with three of a kind, Queens
Seat 5: hermanf folded before Flop (didn't bet)
Seat 6: yy46x9 (button) folded before Flop (didn't bet)
Seat 8: CEM1970 (small blind) folded on the Turn
Seat 9: HellRhino (big blind) folded before Flop



PokerStars Hand #225096049298:  Hold'em No Limit ($0.01/$0.02 USD) - 2021/03/22 20:14:22 PT [2021/03/22 23:14:22 ET]
Table 'Yunnan V' 9-max Seat #8 is the button
Seat 3: Dorex2007 ($1.32 in chips) 
Seat 4: BeckerCL97 ($8.04 in chips) 
Seat 5: hermanf ($1.58 in chips) 
Seat 6: yy46x9 ($2 in chips) 
Seat 8: CEM1970 ($2.03 in chips) 
Seat 9: HellRhino ($3.72 in chips) 
HellRhino: posts small blind $0.01
Dorex2007: posts big blind $0.02
*** HOLE CARDS ***
Dealt to Dorex2007 [Kd 8s]
BeckerCL97: folds 
hermanf: calls $0.02
yy46x9: folds 
CEM1970: calls $0.02
HellRhino: folds 
Dorex2007: checks 
*** FLOP *** [Js 9c Qc]
Dorex2007: checks 
hermanf: checks 
CEM1970: bets $0.02
Dorex2007: calls $0.02
hermanf: calls $0.02
*** TURN *** [Js 9c Qc] [6h]
Dorex2007: checks 
hermanf: checks 
CEM1970: bets $0.04
Dorex2007: calls $0.04
hermanf: calls $0.04
*** RIVER *** [Js 9c Qc 6h] [4s]
Dorex2007: checks 
hermanf: checks 
POLLO ISRA75 joins the table at seat #1 
CEM1970: checks 
*** SHOW DOWN ***
Dorex2007: shows [Kd 8s] (high card King)
hermanf: shows [Ts Ac] (high card Ace)
CEM1970: shows [9d Ad] (a pair of Nines)
CEM1970 collected $0.24 from pot
*** SUMMARY ***
Total pot $0.25 | Rake $0.01 
Board [Js 9c Qc 6h 4s]
Seat 3: Dorex2007 (big blind) showed [Kd 8s] and lost with high card King
Seat 4: BeckerCL97 folded before Flop (didn't bet)
Seat 5: hermanf showed [Ts Ac] and lost with high card Ace
Seat 6: yy46x9 folded before Flop (didn't bet)
Seat 8: CEM1970 (button) showed [9d Ad] and won ($0.24) with a pair of Nines
Seat 9: HellRhino (small blind) folded before Flop



PokerStars Hand #225096070136:  Hold'em No Limit ($0.01/$0.02 USD) - 2021/03/22 20:15:26 PT [2021/03/22 23:15:26 ET]
Table 'Yunnan V' 9-max Seat #9 is the button
Seat 3: Dorex2007 ($1.24 in chips) 
Seat 4: BeckerCL97 ($8.04 in chips) 
Seat 5: hermanf ($1.50 in chips) 
Seat 6: yy46x9 ($2 in chips) 
Seat 8: CEM1970 ($2.19 in chips) 
Seat 9: HellRhino ($3.71 in chips) 
Dorex2007: posts small blind $0.01
BeckerCL97: posts big blind $0.02
*** HOLE CARDS ***
Dealt to Dorex2007 [7s As]
hermanf: folds 
yy46x9: folds 
CEM1970: raises $0.02 to $0.04
HellRhino: calls $0.04
Dorex2007: calls $0.03
BeckerCL97: raises $0.10 to $0.14
CEM1970: calls $0.10
HellRhino: folds 
Dorex2007: folds 
*** FLOP *** [2d Qh 3s]
BeckerCL97: bets $0.10
CEM1970: folds 
Uncalled bet ($0.10) returned to BeckerCL97
BeckerCL97 collected $0.35 from pot
BeckerCL97: doesn't show hand 
*** SUMMARY ***
Total pot $0.36 | Rake $0.01 
Board [2d Qh 3s]
Seat 3: Dorex2007 (small blind) folded before Flop
Seat 4: BeckerCL97 (big blind) collected ($0.35)
Seat 5: hermanf folded before Flop (didn't bet)
Seat 6: yy46x9 folded before Flop (didn't bet)
Seat 8: CEM1970 folded on the Flop
Seat 9: HellRhino (button) folded before Flop



PokerStars Hand #225096081153:  Hold'em No Limit ($0.01/$0.02 USD) - 2021/03/22 20:16:15 PT [2021/03/22 23:16:15 ET]
Table 'Yunnan V' 9-max Seat #3 is the button
Seat 2: frosa9397 ($2 in chips) 
Seat 3: Dorex2007 ($1.20 in chips) 
Seat 4: BeckerCL97 ($8.25 in chips) 
Seat 5: hermanf ($1.50 in chips) 
Seat 6: yy46x9 ($2 in chips) 
Seat 8: CEM1970 ($2.05 in chips) 
Seat 9: HellRhino ($3.67 in chips) 
BeckerCL97: posts small blind $0.01
3aPuK_PROFFI joins the table at seat #7 
hermanf: posts big blind $0.02
POLLO ISRA75: sits out 
frosa9397: posts small & big blinds $0.03
*** HOLE CARDS ***
Dealt to Dorex2007 [4d Jd]
yy46x9: folds 
CEM1970: folds 
HellRhino: raises $0.04 to $0.06
frosa9397: folds 
Dorex2007: folds 
BeckerCL97: folds 
hermanf: calls $0.04
*** FLOP *** [7d 6d 8s]
hermanf: bets $0.15
HellRhino: raises $0.15 to $0.30
hermanf: calls $0.15
*** TURN *** [7d 6d 8s] [Jh]
hermanf: checks 
HellRhino: checks 
*** RIVER *** [7d 6d 8s Jh] [Ts]
hermanf: bets $1.14 and is all-in
HellRhino: folds 
Uncalled bet ($1.14) returned to hermanf
hermanf collected $0.73 from pot
hermanf: doesn't show hand 
*** SUMMARY ***
Total pot $0.76 | Rake $0.03 
Board [7d 6d 8s Jh Ts]
Seat 2: frosa9397 folded before Flop (didn't bet)
Seat 3: Dorex2007 (button) folded before Flop (didn't bet)
Seat 4: BeckerCL97 (small blind) folded before Flop
Seat 5: hermanf (big blind) collected ($0.73)
Seat 6: yy46x9 folded before Flop (didn't bet)
Seat 8: CEM1970 folded before Flop (didn't bet)
Seat 9: HellRhino folded on the River



PokerStars Hand #225096096436:  Hold'em No Limit ($0.01/$0.02 USD) - 2021/03/22 20:17:22 PT [2021/03/22 23:17:22 ET]
Table 'Yunnan V' 9-max Seat #4 is the button
Seat 2: frosa9397 ($1.97 in chips) 
Seat 3: Dorex2007 ($1.20 in chips) 
Seat 4: BeckerCL97 ($8.24 in chips) 
Seat 5: hermanf ($1.87 in chips) 
Seat 6: yy46x9 ($2 in chips) 
Seat 8: CEM1970 ($2.05 in chips) 
Seat 9: HellRhino ($3.31 in chips) 
hermanf: posts small blind $0.01
yy46x9: posts big blind $0.02
3aPuK_PROFFI: sits out 
POLLO ISRA75 has timed out
POLLO ISRA75: is sitting out 
*** HOLE CARDS ***
Dealt to Dorex2007 [6h 7h]
CEM1970: folds 
HellRhino: folds 
frosa9397: folds 
Dorex2007: folds 
POLLO ISRA75 is disconnected 
BeckerCL97: calls $0.02
hermanf: calls $0.01
yy46x9: checks 
*** FLOP *** [Jd Kh As]
hermanf: checks 
yy46x9: checks 
BeckerCL97: checks 
*** TURN *** [Jd Kh As] [2c]
hermanf: checks 
yy46x9: checks 
BeckerCL97: bets $0.04
hermanf: folds 
yy46x9: folds 
Uncalled bet ($0.04) returned to BeckerCL97
BeckerCL97 collected $0.06 from pot
BeckerCL97: doesn't show hand 
*** SUMMARY ***
Total pot $0.06 | Rake $0 
Board [Jd Kh As 2c]
Seat 2: frosa9397 folded before Flop (didn't bet)
Seat 3: Dorex2007 folded before Flop (didn't bet)
Seat 4: BeckerCL97 (button) collected ($0.06)
Seat 5: hermanf (small blind) folded on the Turn
Seat 6: yy46x9 (big blind) folded on the Turn
Seat 8: CEM1970 folded before Flop (didn't bet)
Seat 9: HellRhino folded before Flop (didn't bet)



PokerStars Hand #225096109322:  Hold'em No Limit ($0.01/$0.02 USD) - 2021/03/22 20:18:20 PT [2021/03/22 23:18:20 ET]
Table 'Yunnan V' 9-max Seat #5 is the button
Seat 2: frosa9397 ($1.97 in chips) 
Seat 3: Dorex2007 ($1.20 in chips) 
Seat 4: BeckerCL97 ($8.28 in chips) 
Seat 5: hermanf ($1.85 in chips) 
Seat 6: yy46x9 ($2 in chips) 
Seat 7: 3aPuK_PROFFI ($2 in chips) 
Seat 8: CEM1970 ($2.05 in chips) 
Seat 9: HellRhino ($3.31 in chips) 
yy46x9: posts small blind $0.01
3aPuK_PROFFI: posts big blind $0.02
*** HOLE CARDS ***
Dealt to Dorex2007 [5h 2h]
CEM1970: folds 
HellRhino: folds 
frosa9397: folds 
Dorex2007: folds 
BeckerCL97: folds 
hermanf: folds 
yy46x9: folds 
Uncalled bet ($0.01) returned to 3aPuK_PROFFI
3aPuK_PROFFI collected $0.02 from pot
3aPuK_PROFFI: doesn't show hand 
*** SUMMARY ***
Total pot $0.02 | Rake $0 
Seat 2: frosa9397 folded before Flop (didn't bet)
Seat 3: Dorex2007 folded before Flop (didn't bet)
Seat 4: BeckerCL97 folded before Flop (didn't bet)
Seat 5: hermanf (button) folded before Flop (didn't bet)
Seat 6: yy46x9 (small blind) folded before Flop
Seat 7: 3aPuK_PROFFI (big blind) collected ($0.02)
Seat 8: CEM1970 folded before Flop (didn't bet)
Seat 9: HellRhino folded before Flop (didn't bet)



PokerStars Hand #225096115200:  Hold'em No Limit ($0.01/$0.02 USD) - 2021/03/22 20:18:46 PT [2021/03/22 23:18:46 ET]
Table 'Yunnan V' 9-max Seat #6 is the button
Seat 2: frosa9397 ($1.97 in chips) 
Seat 3: Dorex2007 ($1.20 in chips) 
Seat 4: BeckerCL97 ($8.28 in chips) 
Seat 5: hermanf ($1.85 in chips) 
Seat 6: yy46x9 ($2 in chips) 
Seat 7: 3aPuK_PROFFI ($2.01 in chips) 
Seat 8: CEM1970 ($2.05 in chips) 
Seat 9: HellRhino ($3.31 in chips) 
3aPuK_PROFFI: posts small blind $0.01
CEM1970: posts big blind $0.02
*** HOLE CARDS ***
Dealt to Dorex2007 [Jd 7d]
POLLO ISRA75 is disconnected 
HellRhino: folds 
frosa9397: calls $0.02
Dorex2007: folds 
BeckerCL97: calls $0.02
hermanf: folds 
yy46x9: raises $0.08 to $0.10
3aPuK_PROFFI: folds 
CEM1970: calls $0.08
frosa9397: folds 
BeckerCL97: folds 
*** FLOP *** [9d 3s 4h]
CEM1970: checks 
yy46x9: bets $0.12
CEM1970: calls $0.12
*** TURN *** [9d 3s 4h] [Tc]
CEM1970: checks 
yy46x9: checks 
*** RIVER *** [9d 3s 4h Tc] [Qs]
CEM1970: bets $0.47
yy46x9: folds 
Uncalled bet ($0.47) returned to CEM1970
CEM1970 collected $0.47 from pot
*** SUMMARY ***
Total pot $0.49 | Rake $0.02 
Board [9d 3s 4h Tc Qs]
Seat 2: frosa9397 folded before Flop
Seat 3: Dorex2007 folded before Flop (didn't bet)
Seat 4: BeckerCL97 folded before Flop
Seat 5: hermanf folded before Flop (didn't bet)
Seat 6: yy46x9 (button) folded on the River
Seat 7: 3aPuK_PROFFI (small blind) folded before Flop
Seat 8: CEM1970 (big blind) collected ($0.47)
Seat 9: HellRhino folded before Flop (didn't bet)



PokerStars Hand #225096130377:  Hold'em No Limit ($0.01/$0.02 USD) - 2021/03/22 20:19:54 PT [2021/03/22 23:19:54 ET]
Table 'Yunnan V' 9-max Seat #7 is the button
Seat 2: frosa9397 ($1.95 in chips) 
Seat 3: Dorex2007 ($1.20 in chips) 
Seat 4: BeckerCL97 ($8.26 in chips) 
Seat 5: hermanf ($1.85 in chips) 
Seat 6: yy46x9 ($2 in chips) 
Seat 7: 3aPuK_PROFFI ($2 in chips) 
Seat 8: CEM1970 ($2.30 in chips) 
Seat 9: HellRhino ($3.31 in chips) 
CEM1970: posts small blind $0.01
HellRhino: posts big blind $0.02
*** HOLE CARDS ***
Dealt to Dorex2007 [5d 6s]
frosa9397: folds 
Dorex2007: folds 
BeckerCL97: calls $0.02
hermanf: folds 
yy46x9: folds 
3aPuK_PROFFI: folds 
CEM1970: calls $0.01
HellRhino: checks 
*** FLOP *** [6d 4c Qs]
CEM1970: checks 
HellRhino: checks 
BeckerCL97: checks 
*** TURN *** [6d 4c Qs] [Tc]
CEM1970: checks 
HellRhino: checks 
BeckerCL97: checks 
*** RIVER *** [6d 4c Qs Tc] [5s]
CEM1970: bets $0.04
HellRhino: folds 
BeckerCL97: folds 
Uncalled bet ($0.04) returned to CEM1970
CEM1970 collected $0.06 from pot
*** SUMMARY ***
Total pot $0.06 | Rake $0 
Board [6d 4c Qs Tc 5s]
Seat 2: frosa9397 folded before Flop (didn't bet)
Seat 3: Dorex2007 folded before Flop (didn't bet)
Seat 4: BeckerCL97 folded on the River
Seat 5: hermanf folded before Flop (didn't bet)
Seat 6: yy46x9 folded before Flop (didn't bet)
Seat 7: 3aPuK_PROFFI (button) folded before Flop (didn't bet)
Seat 8: CEM1970 (small blind) collected ($0.06)
Seat 9: HellRhino (big blind) folded on the River



PokerStars Hand #225096142907:  Hold'em No Limit ($0.01/$0.02 USD) - 2021/03/22 20:20:51 PT [2021/03/22 23:20:51 ET]
Table 'Yunnan V' 9-max Seat #8 is the button
Seat 1: POLLO ISRA75 ($2 in chips) 
Seat 2: frosa9397 ($1.95 in chips) 
Seat 3: Dorex2007 ($1.20 in chips) 
Seat 4: BeckerCL97 ($8.24 in chips) 
Seat 5: hermanf ($1.85 in chips) 
Seat 6: yy46x9 ($2 in chips) 
Seat 7: 3aPuK_PROFFI ($2 in chips) 
Seat 8: CEM1970 ($2.34 in chips) 
Seat 9: HellRhino ($3.29 in chips) 
HellRhino: posts small blind $0.01
POLLO ISRA75: posts big blind $0.02
*** HOLE CARDS ***
Dealt to Dorex2007 [6h 7d]
frosa9397: folds 
Dorex2007: folds 
BeckerCL97: folds 
hermanf: calls $0.02
yy46x9: folds 
3aPuK_PROFFI: folds 
CEM1970: raises $0.02 to $0.04
HellRhino: folds 
POLLO ISRA75: folds 
hermanf: calls $0.02
*** FLOP *** [8s 4c Ac]
hermanf: checks 
CEM1970: checks 
*** TURN *** [8s 4c Ac] [Th]
hermanf: checks 
CEM1970: checks 
*** RIVER *** [8s 4c Ac Th] [9s]
hermanf: bets $0.04
CEM1970: raises $0.19 to $0.23
hermanf: folds 
Uncalled bet ($0.19) returned to CEM1970
CEM1970 collected $0.18 from pot
*** SUMMARY ***
Total pot $0.19 | Rake $0.01 
Board [8s 4c Ac Th 9s]
Seat 1: POLLO ISRA75 (big blind) folded before Flop
Seat 2: frosa9397 folded before Flop (didn't bet)
Seat 3: Dorex2007 folded before Flop (didn't bet)
Seat 4: BeckerCL97 folded before Flop (didn't bet)
Seat 5: hermanf folded on the River
Seat 6: yy46x9 folded before Flop (didn't bet)
Seat 7: 3aPuK_PROFFI folded before Flop (didn't bet)
Seat 8: CEM1970 (button) collected ($0.18)
Seat 9: HellRhino (small blind) folded before Flop



PokerStars Hand #225096162371:  Hold'em No Limit ($0.01/$0.02 USD) - 2021/03/22 20:21:53 PT [2021/03/22 23:21:53 ET]
Table 'Yunnan V' 9-max Seat #9 is the button
Seat 1: POLLO ISRA75 ($1.98 in chips) 
Seat 2: frosa9397 ($1.95 in chips) 
Seat 3: Dorex2007 ($1.20 in chips) 
Seat 4: BeckerCL97 ($8.24 in chips) 
Seat 5: hermanf ($1.77 in chips) 
Seat 6: yy46x9 ($2 in chips) 
Seat 7: 3aPuK_PROFFI ($2 in chips) 
Seat 8: CEM1970 ($2.44 in chips) 
Seat 9: HellRhino ($3.28 in chips) 
POLLO ISRA75: posts small blind $0.01
frosa9397: posts big blind $0.02
*** HOLE CARDS ***
Dealt to Dorex2007 [6h 7c]
Dorex2007: folds 
BeckerCL97: raises $0.04 to $0.06
hermanf: folds 
yy46x9: folds 
3aPuK_PROFFI: folds 
CEM1970: folds 
HellRhino: folds 
POLLO ISRA75: calls $0.05
frosa9397: folds 
*** FLOP *** [6d Jd 9d]
POLLO ISRA75: checks 
BeckerCL97: checks 
*** TURN *** [6d Jd 9d] [4c]
POLLO ISRA75: checks 
BeckerCL97: checks 
*** RIVER *** [6d Jd 9d 4c] [Ts]
POLLO ISRA75 has timed out
POLLO ISRA75: checks 
BeckerCL97: bets $0.06
POLLO ISRA75: calls $0.06
*** SHOW DOWN ***
BeckerCL97: shows [Td Ks] (a pair of Tens)
POLLO ISRA75: shows [Qs 8s] (a straight, Eight to Queen)
POLLO ISRA75 collected $0.25 from pot
*** SUMMARY ***
Total pot $0.26 | Rake $0.01 
Board [6d Jd 9d 4c Ts]
Seat 1: POLLO ISRA75 (small blind) showed [Qs 8s] and won ($0.25) with a straight, Eight to Queen
Seat 2: frosa9397 (big blind) folded before Flop
Seat 3: Dorex2007 folded before Flop (didn't bet)
Seat 4: BeckerCL97 showed [Td Ks] and lost with a pair of Tens
Seat 5: hermanf folded before Flop (didn't bet)
Seat 6: yy46x9 folded before Flop (didn't bet)
Seat 7: 3aPuK_PROFFI folded before Flop (didn't bet)
Seat 8: CEM1970 folded before Flop (didn't bet)
Seat 9: HellRhino (button) folded before Flop (didn't bet)



PokerStars Hand #225096182872:  Hold'em No Limit ($0.01/$0.02 USD) - 2021/03/22 20:23:25 PT [2021/03/22 23:23:25 ET]
Table 'Yunnan V' 9-max Seat #1 is the button
Seat 1: POLLO ISRA75 ($2.11 in chips) 
Seat 2: frosa9397 ($1.93 in chips) 
Seat 3: Dorex2007 ($1.20 in chips) 
Seat 4: BeckerCL97 ($8.12 in chips) 
Seat 5: hermanf ($1.77 in chips) 
Seat 6: yy46x9 ($2 in chips) 
Seat 7: 3aPuK_PROFFI ($2 in chips) 
Seat 8: CEM1970 ($2.44 in chips) 
Seat 9: HellRhino ($3.28 in chips) 
frosa9397: posts small blind $0.01
Dorex2007: posts big blind $0.02
*** HOLE CARDS ***
Dealt to Dorex2007 [6c Qd]
BeckerCL97: calls $0.02
hermanf: folds 
yy46x9: folds 
3aPuK_PROFFI: raises $0.04 to $0.06
CEM1970: calls $0.06
HellRhino: folds 
POLLO ISRA75: calls $0.06
frosa9397: folds 
Dorex2007: folds 
BeckerCL97: calls $0.04
*** FLOP *** [9s Th Jd]
BeckerCL97: checks 
3aPuK_PROFFI: bets $0.26
CEM1970: folds 
POLLO ISRA75: folds 
BeckerCL97: folds 
Uncalled bet ($0.26) returned to 3aPuK_PROFFI
3aPuK_PROFFI collected $0.26 from pot
3aPuK_PROFFI: doesn't show hand 
*** SUMMARY ***
Total pot $0.27 | Rake $0.01 
Board [9s Th Jd]
Seat 1: POLLO ISRA75 (button) folded on the Flop
Seat 2: frosa9397 (small blind) folded before Flop
Seat 3: Dorex2007 (big blind) folded before Flop
Seat 4: BeckerCL97 folded on the Flop
Seat 5: hermanf folded before Flop (didn't bet)
Seat 6: yy46x9 folded before Flop (didn't bet)
Seat 7: 3aPuK_PROFFI collected ($0.26)
Seat 8: CEM1970 folded on the Flop
Seat 9: HellRhino folded before Flop (didn't bet)



PokerStars Hand #225096196098:  Hold'em No Limit ($0.01/$0.02 USD) - 2021/03/22 20:24:25 PT [2021/03/22 23:24:25 ET]
Table 'Yunnan V' 9-max Seat #2 is the button
Seat 1: POLLO ISRA75 ($2.05 in chips) 
Seat 2: frosa9397 ($1.92 in chips) 
Seat 3: Dorex2007 ($1.18 in chips) 
Seat 4: BeckerCL97 ($8.06 in chips) 
Seat 5: hermanf ($1.77 in chips) 
Seat 6: yy46x9 ($2 in chips) 
Seat 7: 3aPuK_PROFFI ($2.20 in chips) 
Seat 8: CEM1970 ($2.38 in chips) 
Seat 9: HellRhino ($3.28 in chips) 
Dorex2007: posts small blind $0.01
BeckerCL97: posts big blind $0.02
*** HOLE CARDS ***
Dealt to Dorex2007 [6c Qc]
hermanf: calls $0.02
yy46x9: folds 
3aPuK_PROFFI: folds 
CEM1970: calls $0.02
HellRhino: folds 
POLLO ISRA75: folds 
frosa9397: folds 
Dorex2007: folds 
BeckerCL97: folds 
*** FLOP *** [Ad 6h 3h]
BeckerCL97 leaves the table
CherT678 joins the table at seat #4 
hermanf: checks 
CEM1970: checks 
*** TURN *** [Ad 6h 3h] [6s]
hermanf: bets $0.03
CEM1970: folds 
Uncalled bet ($0.03) returned to hermanf
hermanf collected $0.07 from pot
hermanf: doesn't show hand 
*** SUMMARY ***
Total pot $0.07 | Rake $0 
Board [Ad 6h 3h 6s]
Seat 1: POLLO ISRA75 folded before Flop (didn't bet)
Seat 2: frosa9397 (button) folded before Flop (didn't bet)
Seat 3: Dorex2007 (small blind) folded before Flop
Seat 4: BeckerCL97 (big blind) folded before Flop
Seat 5: hermanf collected ($0.07)
Seat 6: yy46x9 folded before Flop (didn't bet)
Seat 7: 3aPuK_PROFFI folded before Flop (didn't bet)
Seat 8: CEM1970 folded on the Turn
Seat 9: HellRhino folded before Flop (didn't bet)



PokerStars Hand #225096204321:  Hold'em No Limit ($0.01/$0.02 USD) - 2021/03/22 20:25:03 PT [2021/03/22 23:25:03 ET]
Table 'Yunnan V' 9-max Seat #3 is the button
Seat 1: POLLO ISRA75 ($2.05 in chips) 
Seat 2: frosa9397 ($1.92 in chips) 
Seat 3: Dorex2007 ($1.17 in chips) 
Seat 5: hermanf ($1.82 in chips) 
Seat 6: yy46x9 ($2 in chips) 
Seat 7: 3aPuK_PROFFI ($2.20 in chips) 
Seat 8: CEM1970 ($2.36 in chips) 
Seat 9: HellRhino ($3.28 in chips) 
hermanf: posts small blind $0.01
yy46x9: posts big blind $0.02
*** HOLE CARDS ***
Dealt to Dorex2007 [9h 9s]
3aPuK_PROFFI: folds 
3aPuK_PROFFI leaves the table
CEM1970: folds 
HellRhino: folds 
POLLO ISRA75: folds 
frosa9397: raises $0.05 to $0.07
Dorex2007: folds 
hermanf: folds 
yy46x9: folds 
Uncalled bet ($0.05) returned to frosa9397
frosa9397 collected $0.05 from pot
*** SUMMARY ***
Total pot $0.05 | Rake $0 
Seat 1: POLLO ISRA75 folded before Flop (didn't bet)
Seat 2: frosa9397 collected ($0.05)
Seat 3: Dorex2007 (button) folded before Flop (didn't bet)
Seat 5: hermanf (small blind) folded before Flop
Seat 6: yy46x9 (big blind) folded before Flop
Seat 7: 3aPuK_PROFFI folded before Flop (didn't bet)
Seat 8: CEM1970 folded before Flop (didn't bet)
Seat 9: HellRhino folded before Flop (didn't bet)



PokerStars Hand #225096210543:  Hold'em No Limit ($0.01/$0.02 USD) - 2021/03/22 20:25:31 PT [2021/03/22 23:25:31 ET]
Table 'Yunnan V' 9-max Seat #5 is the button
Seat 1: POLLO ISRA75 ($2.05 in chips) 
Seat 2: frosa9397 ($1.95 in chips) 
Seat 3: Dorex2007 ($1.17 in chips) 
Seat 5: hermanf ($1.81 in chips) 
Seat 6: yy46x9 ($2 in chips) 
Seat 8: CEM1970 ($2.36 in chips) 
Seat 9: HellRhino ($3.28 in chips) 
yy46x9: posts small blind $0.01
CEM1970: posts big blind $0.02
CherT678: sits out 
*** HOLE CARDS ***
Dealt to Dorex2007 [7d Kd]
HellRhino: folds 
POLLO ISRA75: folds 
frosa9397: folds 
Dorex2007: folds 
hermanf: folds 
yy46x9: folds 
Uncalled bet ($0.01) returned to CEM1970
CEM1970 collected $0.02 from pot
*** SUMMARY ***
Total pot $0.02 | Rake $0 
Seat 1: POLLO ISRA75 folded before Flop (didn't bet)
Seat 2: frosa9397 folded before Flop (didn't bet)
Seat 3: Dorex2007 folded before Flop (didn't bet)
Seat 5: hermanf (button) folded before Flop (didn't bet)
Seat 6: yy46x9 (small blind) folded before Flop
Seat 8: CEM1970 (big blind) collected ($0.02)
Seat 9: HellRhino folded before Flop (didn't bet)



PokerStars Hand #225096214350:  Hold'em No Limit ($0.01/$0.02 USD) - 2021/03/22 20:25:48 PT [2021/03/22 23:25:48 ET]
Table 'Yunnan V' 9-max Seat #6 is the button
Seat 1: POLLO ISRA75 ($2.05 in chips) 
Seat 2: frosa9397 ($1.95 in chips) 
Seat 3: Dorex2007 ($1.17 in chips) 
Seat 5: hermanf ($1.81 in chips) 
Seat 6: yy46x9 ($2 in chips) 
Seat 8: CEM1970 ($2.37 in chips) 
Seat 9: HellRhino ($3.28 in chips) 
CEM1970: posts small blind $0.01
HellRhino: posts big blind $0.02
CherT678: sits out 
*** HOLE CARDS ***
Dealt to Dorex2007 [8s Js]
POLLO ISRA75: folds 
frosa9397: folds 
Dorex2007: folds 
hermanf: raises $0.04 to $0.06
yy46x9: folds 
CEM1970: calls $0.05
HellRhino: calls $0.04
*** FLOP *** [7d Jc 2h]
CEM1970: checks 
HellRhino: checks 
MarcosAbreus joins the table at seat #7 
hermanf: bets $0.17
CEM1970: folds 
HellRhino: folds 
Uncalled bet ($0.17) returned to hermanf
hermanf collected $0.17 from pot
hermanf: doesn't show hand 
*** SUMMARY ***
Total pot $0.18 | Rake $0.01 
Board [7d Jc 2h]
Seat 1: POLLO ISRA75 folded before Flop (didn't bet)
Seat 2: frosa9397 folded before Flop (didn't bet)
Seat 3: Dorex2007 folded before Flop (didn't bet)
Seat 5: hermanf collected ($0.17)
Seat 6: yy46x9 (button) folded before Flop (didn't bet)
Seat 8: CEM1970 (small blind) folded on the Flop
Seat 9: HellRhino (big blind) folded on the Flop



PokerStars Hand #225096228264:  Hold'em No Limit ($0.01/$0.02 USD) - 2021/03/22 20:26:53 PT [2021/03/22 23:26:53 ET]
Table 'Yunnan V' 9-max Seat #8 is the button
Seat 1: POLLO ISRA75 ($2.05 in chips) 
Seat 2: frosa9397 ($1.95 in chips) 
Seat 3: Dorex2007 ($1.17 in chips) 
Seat 5: hermanf ($1.92 in chips) 
Seat 6: yy46x9 ($2 in chips) 
Seat 7: MarcosAbreus ($0.80 in chips) 
Seat 8: CEM1970 ($2.31 in chips) 
Seat 9: HellRhino ($3.22 in chips) 
HellRhino: posts small blind $0.01
POLLO ISRA75: posts big blind $0.02
CherT678: sits out 
MarcosAbreus: posts big blind $0.02
*** HOLE CARDS ***
Dealt to Dorex2007 [9s Ts]
frosa9397: calls $0.02
Dorex2007: folds 
hermanf: folds 
yy46x9: folds 
MarcosAbreus: checks 
CEM1970: raises $0.09 to $0.11
HellRhino: folds 
POLLO ISRA75: folds 
frosa9397: folds 
MarcosAbreus: calls $0.09
*** FLOP *** [3c 4s 9c]
MarcosAbreus: bets $0.02
CEM1970: raises $0.02 to $0.04
MarcosAbreus: raises $0.02 to $0.06
CEM1970: calls $0.02
*** TURN *** [3c 4s 9c] [Td]
MarcosAbreus: bets $0.46
CEM1970: calls $0.46
*** RIVER *** [3c 4s 9c Td] [Js]
MarcosAbreus: bets $0.17 and is all-in
CEM1970: calls $0.17
*** SHOW DOWN ***
MarcosAbreus: shows [9d 9h] (three of a kind, Nines)
CEM1970: shows [As Kc] (high card Ace)
MarcosAbreus collected $1.59 from pot
*** SUMMARY ***
Total pot $1.65 | Rake $0.06 
Board [3c 4s 9c Td Js]
Seat 1: POLLO ISRA75 (big blind) folded before Flop
Seat 2: frosa9397 folded before Flop
Seat 3: Dorex2007 folded before Flop (didn't bet)
Seat 5: hermanf folded before Flop (didn't bet)
Seat 6: yy46x9 folded before Flop (didn't bet)
Seat 7: MarcosAbreus showed [9d 9h] and won ($1.59) with three of a kind, Nines
Seat 8: CEM1970 (button) showed [As Kc] and lost with high card Ace
Seat 9: HellRhino (small blind) folded before Flop



PokerStars Hand #225096242343:  Hold'em No Limit ($0.01/$0.02 USD) - 2021/03/22 20:28:00 PT [2021/03/22 23:28:00 ET]
Table 'Yunnan V' 9-max Seat #9 is the button
Seat 1: POLLO ISRA75 ($2.03 in chips) 
Seat 2: frosa9397 ($1.93 in chips) 
Seat 3: Dorex2007 ($1.17 in chips) 
Seat 5: hermanf ($1.92 in chips) 
Seat 6: yy46x9 ($2 in chips) 
Seat 7: MarcosAbreus ($1.59 in chips) 
Seat 8: CEM1970 ($1.51 in chips) 
Seat 9: HellRhino ($3.21 in chips) 
POLLO ISRA75: posts small blind $0.01
frosa9397: posts big blind $0.02
CherT678: sits out 
*** HOLE CARDS ***
Dealt to Dorex2007 [As 8s]
Dorex2007: folds 
hermanf: calls $0.02
yy46x9: folds 
MarcosAbreus: calls $0.02
CEM1970: raises $0.09 to $0.11
HellRhino: folds 
POLLO ISRA75: calls $0.10
frosa9397: folds 
hermanf: folds 
MarcosAbreus: calls $0.09
*** FLOP *** [5s 4s Tc]
POLLO ISRA75: checks 
MarcosAbreus: checks 
CEM1970: bets $0.10
POLLO ISRA75: calls $0.10
MarcosAbreus: calls $0.10
*** TURN *** [5s 4s Tc] [6s]
POLLO ISRA75: checks 
MarcosAbreus: checks 
CEM1970: checks 
*** RIVER *** [5s 4s Tc 6s] [5c]
POLLO ISRA75: checks 
MarcosAbreus: checks 
CEM1970: checks 
*** SHOW DOWN ***
POLLO ISRA75: shows [Qc Kh] (a pair of Fives)
MarcosAbreus: shows [Ah Ks] (a pair of Fives - Ace kicker)
CEM1970: shows [Ac 4c] (two pair, Fives and Fours)
CEM1970 collected $0.65 from pot
*** SUMMARY ***
Total pot $0.67 | Rake $0.02 
Board [5s 4s Tc 6s 5c]
Seat 1: POLLO ISRA75 (small blind) showed [Qc Kh] and lost with a pair of Fives
Seat 2: frosa9397 (big blind) folded before Flop
Seat 3: Dorex2007 folded before Flop (didn't bet)
Seat 5: hermanf folded before Flop
Seat 6: yy46x9 folded before Flop (didn't bet)
Seat 7: MarcosAbreus showed [Ah Ks] and lost with a pair of Fives
Seat 8: CEM1970 showed [Ac 4c] and won ($0.65) with two pair, Fives and Fours
Seat 9: HellRhino (button) folded before Flop (didn't bet)



PokerStars Hand #225096257765:  Hold'em No Limit ($0.01/$0.02 USD) - 2021/03/22 20:29:12 PT [2021/03/22 23:29:12 ET]
Table 'Yunnan V' 9-max Seat #1 is the button
Seat 1: POLLO ISRA75 ($1.82 in chips) 
Seat 2: frosa9397 ($1.91 in chips) 
Seat 3: Dorex2007 ($1.17 in chips) 
Seat 5: hermanf ($1.90 in chips) 
Seat 6: yy46x9 ($2 in chips) 
Seat 7: MarcosAbreus ($1.38 in chips) 
Seat 8: CEM1970 ($1.95 in chips) 
Seat 9: HellRhino ($3.21 in chips) 
frosa9397: posts small blind $0.01
Dorex2007: posts big blind $0.02
CherT678: sits out 
*** HOLE CARDS ***
Dealt to Dorex2007 [6d 8h]
hermanf: calls $0.02
yy46x9: folds 
MarcosAbreus: calls $0.02
CEM1970: calls $0.02
HellRhino: folds 
POLLO ISRA75: folds 
frosa9397: folds 
Dorex2007: checks 
*** FLOP *** [5d Qd As]
Dorex2007: checks 
hermanf: checks 
MarcosAbreus: checks 
CEM1970: checks 
*** TURN *** [5d Qd As] [6s]
Dorex2007: checks 
hermanf: bets $0.04
MarcosAbreus: calls $0.04
CEM1970: folds 
Dorex2007: folds 
*** RIVER *** [5d Qd As 6s] [5h]
hermanf: bets $0.08
MarcosAbreus: calls $0.08
*** SHOW DOWN ***
hermanf: shows [Ad Th] (two pair, Aces and Fives)
MarcosAbreus: mucks hand 
hermanf collected $0.32 from pot
*** SUMMARY ***
Total pot $0.33 | Rake $0.01 
Board [5d Qd As 6s 5h]
Seat 1: POLLO ISRA75 (button) folded before Flop (didn't bet)
Seat 2: frosa9397 (small blind) folded before Flop
Seat 3: Dorex2007 (big blind) folded on the Turn
Seat 5: hermanf showed [Ad Th] and won ($0.32) with two pair, Aces and Fives
Seat 6: yy46x9 folded before Flop (didn't bet)
Seat 7: MarcosAbreus mucked [Js 7s]
Seat 8: CEM1970 folded on the Turn
Seat 9: HellRhino folded before Flop (didn't bet)



PokerStars Hand #225096273036:  Hold'em No Limit ($0.01/$0.02 USD) - 2021/03/22 20:30:24 PT [2021/03/22 23:30:24 ET]
Table 'Yunnan V' 9-max Seat #2 is the button
Seat 1: POLLO ISRA75 ($1.82 in chips) 
Seat 2: frosa9397 ($1.90 in chips) 
Seat 3: Dorex2007 ($1.15 in chips) 
Seat 4: CherT678 ($2 in chips) 
Seat 5: hermanf ($2.08 in chips) 
Seat 6: yy46x9 ($2 in chips) 
Seat 7: MarcosAbreus ($1.24 in chips) 
Seat 8: CEM1970 ($1.93 in chips) 
Seat 9: HellRhino ($3.21 in chips) 
Dorex2007: posts small blind $0.01
CherT678: posts big blind $0.02
*** HOLE CARDS ***
Dealt to Dorex2007 [Qh Kc]
hermanf: calls $0.02
yy46x9: folds 
MarcosAbreus: calls $0.02
CEM1970: folds 
HellRhino: raises $0.04 to $0.06
POLLO ISRA75: calls $0.06
frosa9397: calls $0.06
Dorex2007: calls $0.05
CherT678: folds 
hermanf: calls $0.04
MarcosAbreus: calls $0.04
*** FLOP *** [Th 3d 6d]
Dorex2007: checks 
hermanf: checks 
MarcosAbreus: bets $0.02
HellRhino: calls $0.02
POLLO ISRA75: calls $0.02
frosa9397: raises $0.23 to $0.25
Dorex2007: folds 
hermanf: folds 
MarcosAbreus: calls $0.23
HellRhino: folds 
POLLO ISRA75: folds 
*** TURN *** [Th 3d 6d] [7h]
MarcosAbreus: checks 
frosa9397: checks 
*** RIVER *** [Th 3d 6d 7h] [Ac]
MarcosAbreus: checks 
frosa9397: checks 
*** SHOW DOWN ***
MarcosAbreus: shows [6s Ts] (two pair, Tens and Sixes)
frosa9397: mucks hand 
MarcosAbreus collected $0.89 from pot
*** SUMMARY ***
Total pot $0.92 | Rake $0.03 
Board [Th 3d 6d 7h Ac]
Seat 1: POLLO ISRA75 folded on the Flop
Seat 2: frosa9397 (button) mucked [5h 5s]
Seat 3: Dorex2007 (small blind) folded on the Flop
Seat 4: CherT678 (big blind) folded before Flop
Seat 5: hermanf folded on the Flop
Seat 6: yy46x9 folded before Flop (didn't bet)
Seat 7: MarcosAbreus showed [6s Ts] and won ($0.89) with two pair, Tens and Sixes
Seat 8: CEM1970 folded before Flop (didn't bet)
Seat 9: HellRhino folded on the Flop



PokerStars Hand #225096295109:  Hold'em No Limit ($0.01/$0.02 USD) - 2021/03/22 20:32:08 PT [2021/03/22 23:32:08 ET]
Table 'Yunnan V' 9-max Seat #3 is the button
Seat 1: POLLO ISRA75 ($1.74 in chips) 
Seat 2: frosa9397 ($1.59 in chips) 
Seat 3: Dorex2007 ($1.09 in chips) 
Seat 4: CherT678 ($2 in chips) 
Seat 5: hermanf ($2.02 in chips) 
Seat 6: yy46x9 ($2 in chips) 
Seat 7: MarcosAbreus ($1.82 in chips) 
Seat 8: CEM1970 ($1.93 in chips) 
Seat 9: HellRhino ($3.13 in chips) 
CherT678: posts small blind $0.01
hermanf: posts big blind $0.02
*** HOLE CARDS ***
Dealt to Dorex2007 [Kh Kd]
yy46x9: folds 
MarcosAbreus: calls $0.02
CEM1970: folds 
HellRhino: folds 
POLLO ISRA75: folds 
frosa9397: calls $0.02
Dorex2007: raises $0.04 to $0.06
CherT678: folds 
hermanf: raises $0.06 to $0.12
MarcosAbreus: folds 
frosa9397: folds 
Dorex2007: raises $0.06 to $0.18
hermanf: raises $0.18 to $0.36
Dorex2007: raises $0.73 to $1.09 and is all-in
hermanf: calls $0.73
MarcosAbreus leaves the table
*** FLOP *** [Qs 4s 3s]
*** TURN *** [Qs 4s 3s] [Qh]
*** RIVER *** [Qs 4s 3s Qh] [5h]
Drinksbeer2 joins the table at seat #7 
*** SHOW DOWN ***
hermanf: shows [Ad As] (two pair, Aces and Queens)
Dorex2007: shows [Kh Kd] (two pair, Kings and Queens)
hermanf collected $2.15 from pot
*** SUMMARY ***
Total pot $2.23 | Rake $0.08 
Board [Qs 4s 3s Qh 5h]
Seat 1: POLLO ISRA75 folded before Flop (didn't bet)
Seat 2: frosa9397 folded before Flop
Seat 3: Dorex2007 (button) showed [Kh Kd] and lost with two pair, Kings and Queens
Seat 4: CherT678 (small blind) folded before Flop
Seat 5: hermanf (big blind) showed [Ad As] and won ($2.15) with two pair, Aces and Queens
Seat 6: yy46x9 folded before Flop (didn't bet)
Seat 7: MarcosAbreus folded before Flop
Seat 8: CEM1970 folded before Flop (didn't bet)
Seat 9: HellRhino folded before Flop (didn't bet)



PokerStars Hand #225096316773:  Hold'em No Limit ($0.01/$0.02 USD) - 2021/03/22 20:33:52 PT [2021/03/22 23:33:52 ET]
Table 'Yunnan V' 9-max Seat #5 is the button
Seat 1: POLLO ISRA75 ($1.74 in chips) 
Seat 2: frosa9397 ($1.57 in chips) 
Seat 3: Dorex2007 ($2 in chips) 
Seat 4: CherT678 ($2 in chips) 
Seat 5: hermanf ($3.10 in chips) 
Seat 6: yy46x9 ($2 in chips) 
Seat 7: Drinksbeer2 ($0.83 in chips) 
Seat 8: CEM1970 ($1.93 in chips) 
Seat 9: HellRhino ($3.13 in chips) 
yy46x9: posts small blind $0.01
Drinksbeer2: posts big blind $0.02
*** HOLE CARDS ***
Dealt to Dorex2007 [2c 2h]
CEM1970: raises $0.06 to $0.08
HellRhino: folds 
POLLO ISRA75: folds 
frosa9397: folds 
Dorex2007: folds 
CherT678: folds 
hermanf: folds 
yy46x9: folds 
Drinksbeer2: folds 
Uncalled bet ($0.06) returned to CEM1970
CEM1970 collected $0.05 from pot
*** SUMMARY ***
Total pot $0.05 | Rake $0 
Seat 1: POLLO ISRA75 folded before Flop (didn't bet)
Seat 2: frosa9397 folded before Flop (didn't bet)
Seat 3: Dorex2007 folded before Flop (didn't bet)
Seat 4: CherT678 folded before Flop (didn't bet)
Seat 5: hermanf (button) folded before Flop (didn't bet)
Seat 6: yy46x9 (small blind) folded before Flop
Seat 7: Drinksbeer2 (big blind) folded before Flop
Seat 8: CEM1970 collected ($0.05)
Seat 9: HellRhino folded before Flop (didn't bet)



PokerStars Hand #225096322389:  Hold'em No Limit ($0.01/$0.02 USD) - 2021/03/22 20:34:19 PT [2021/03/22 23:34:19 ET]
Table 'Yunnan V' 9-max Seat #6 is the button
Seat 1: POLLO ISRA75 ($1.74 in chips) 
Seat 2: frosa9397 ($1.57 in chips) 
Seat 3: Dorex2007 ($2 in chips) 
Seat 4: CherT678 ($2 in chips) 
Seat 5: hermanf ($3.10 in chips) 
Seat 6: yy46x9 ($2 in chips) 
Seat 7: Drinksbeer2 ($0.81 in chips) 
Seat 8: CEM1970 ($1.96 in chips) 
Seat 9: HellRhino ($3.13 in chips) 
Drinksbeer2: posts small blind $0.01
CEM1970: posts big blind $0.02
*** HOLE CARDS ***
Dealt to Dorex2007 [Kh Qs]
HellRhino: folds 
POLLO ISRA75: folds 
frosa9397: calls $0.02
Dorex2007: raises $0.04 to $0.06
CherT678: folds 
hermanf: folds 
yy46x9: folds 
Drinksbeer2: folds 
CEM1970: folds 
frosa9397: calls $0.04
*** FLOP *** [4c Ad 2s]
frosa9397: checks 
Dorex2007: checks 
*** TURN *** [4c Ad 2s] [3d]
frosa9397: checks 
Dorex2007: checks 
*** RIVER *** [4c Ad 2s 3d] [5h]
frosa9397: checks 
POLLO ISRA75 is disconnected 
Dorex2007: bets $0.26
frosa9397: folds 
Uncalled bet ($0.26) returned to Dorex2007
Dorex2007 collected $0.14 from pot
Dorex2007: doesn't show hand 
*** SUMMARY ***
Total pot $0.15 | Rake $0.01 
Board [4c Ad 2s 3d 5h]
Seat 1: POLLO ISRA75 folded before Flop (didn't bet)
Seat 2: frosa9397 folded on the River
Seat 3: Dorex2007 collected ($0.14)
Seat 4: CherT678 folded before Flop (didn't bet)
Seat 5: hermanf folded before Flop (didn't bet)
Seat 6: yy46x9 (button) folded before Flop (didn't bet)
Seat 7: Drinksbeer2 (small blind) folded before Flop
Seat 8: CEM1970 (big blind) folded before Flop
Seat 9: HellRhino folded before Flop (didn't bet)



PokerStars Hand #225096354463:  Hold'em No Limit ($0.01/$0.02 USD) - 2021/03/22 20:35:38 PT [2021/03/22 23:35:38 ET]
Table 'Yunnan V' 9-max Seat #7 is the button
Seat 1: POLLO ISRA75 ($1.74 in chips) 
Seat 2: frosa9397 ($1.51 in chips) 
Seat 3: Dorex2007 ($2.08 in chips) 
Seat 4: CherT678 ($2 in chips) 
Seat 5: hermanf ($3.10 in chips) 
Seat 6: yy46x9 ($2 in chips) 
Seat 7: Drinksbeer2 ($0.80 in chips) 
Seat 8: CEM1970 ($1.94 in chips) 
Seat 9: HellRhino ($3.13 in chips) 
CEM1970: posts small blind $0.01
HellRhino: posts big blind $0.02
*** HOLE CARDS ***
Dealt to Dorex2007 [3c Jc]
POLLO ISRA75 has timed out while disconnected
POLLO ISRA75: folds 
frosa9397: calls $0.02
Dorex2007: folds 
CherT678: folds 
hermanf: calls $0.02
yy46x9: folds 
Drinksbeer2: folds 
CEM1970: calls $0.01
HellRhino: checks 
*** FLOP *** [8s 8d 9h]
CEM1970: checks 
HellRhino: checks 
frosa9397: checks 
hermanf: checks 
*** TURN *** [8s 8d 9h] [2d]
CEM1970: checks 
HellRhino: checks 
frosa9397: checks 
hermanf: bets $0.08
CEM1970: folds 
HellRhino: folds 
frosa9397: folds 
Uncalled bet ($0.08) returned to hermanf
hermanf collected $0.08 from pot
hermanf: doesn't show hand 
*** SUMMARY ***
Total pot $0.08 | Rake $0 
Board [8s 8d 9h 2d]
Seat 1: POLLO ISRA75 folded before Flop (didn't bet)
Seat 2: frosa9397 folded on the Turn
Seat 3: Dorex2007 folded before Flop (didn't bet)
Seat 4: CherT678 folded before Flop (didn't bet)
Seat 5: hermanf collected ($0.08)
Seat 6: yy46x9 folded before Flop (didn't bet)
Seat 7: Drinksbeer2 (button) folded before Flop (didn't bet)
Seat 8: CEM1970 (small blind) folded on the Turn
Seat 9: HellRhino (big blind) folded on the Turn



PokerStars Hand #225096371125:  Hold'em No Limit ($0.01/$0.02 USD) - 2021/03/22 20:36:59 PT [2021/03/22 23:36:59 ET]
Table 'Yunnan V' 9-max Seat #8 is the button
Seat 2: frosa9397 ($1.49 in chips) 
Seat 3: Dorex2007 ($2.08 in chips) 
Seat 4: CherT678 ($2 in chips) 
Seat 5: hermanf ($3.16 in chips) 
Seat 6: yy46x9 ($2 in chips) 
Seat 7: Drinksbeer2 ($0.80 in chips) 
Seat 8: CEM1970 ($1.92 in chips) 
Seat 9: HellRhino ($3.11 in chips) 
HellRhino: posts small blind $0.01
frosa9397: posts big blind $0.02
*** HOLE CARDS ***
Dealt to Dorex2007 [2c 9s]
Dorex2007: folds 
CherT678: folds 
hermanf: folds 
yy46x9: folds 
Drinksbeer2: calls $0.02
CEM1970: calls $0.02
HellRhino: folds 
frosa9397: checks 
*** FLOP *** [Jd Qd 5d]
POLLO ISRA75 is disconnected 
frosa9397: checks 
Drinksbeer2: bets $0.03
CEM1970: raises $0.13 to $0.16
frosa9397: folds 
Drinksbeer2: calls $0.13
*** TURN *** [Jd Qd 5d] [7h]
Drinksbeer2: checks 
CEM1970: bets $0.14
Drinksbeer2: folds 
Uncalled bet ($0.14) returned to CEM1970
CEM1970 collected $0.38 from pot
*** SUMMARY ***
Total pot $0.39 | Rake $0.01 
Board [Jd Qd 5d 7h]
Seat 2: frosa9397 (big blind) folded on the Flop
Seat 3: Dorex2007 folded before Flop (didn't bet)
Seat 4: CherT678 folded before Flop (didn't bet)
Seat 5: hermanf folded before Flop (didn't bet)
Seat 6: yy46x9 folded before Flop (didn't bet)
Seat 7: Drinksbeer2 folded on the Turn
Seat 8: CEM1970 (button) collected ($0.38)
Seat 9: HellRhino (small blind) folded before Flop



PokerStars Hand #225096385870:  Hold'em No Limit ($0.01/$0.02 USD) - 2021/03/22 20:38:11 PT [2021/03/22 23:38:11 ET]
Table 'Yunnan V' 9-max Seat #9 is the button
Seat 2: frosa9397 ($1.47 in chips) 
Seat 3: Dorex2007 ($2.08 in chips) 
Seat 4: CherT678 ($2 in chips) 
Seat 5: hermanf ($3.16 in chips) 
Seat 6: yy46x9 ($2 in chips) 
Seat 7: Drinksbeer2 ($0.62 in chips) 
Seat 8: CEM1970 ($2.12 in chips) 
Seat 9: HellRhino ($3.10 in chips) 
frosa9397: posts small blind $0.01
Dorex2007: posts big blind $0.02
*** HOLE CARDS ***
Dealt to Dorex2007 [Ad 6d]
CherT678: folds 
hermanf: calls $0.02
yy46x9: folds 
Drinksbeer2: folds 
CEM1970: calls $0.02
HellRhino: folds 
POLLO ISRA75 leaves the table
frosa9397: calls $0.01
Dorex2007: checks 
*** FLOP *** [Kh Th Js]
frosa9397: checks 
Dorex2007: checks 
hermanf: bets $0.02
CEM1970: calls $0.02
frosa9397: folds 
Dorex2007: calls $0.02
*** TURN *** [Kh Th Js] [Td]
Dorex2007: checks 
hermanf: bets $0.02
CEM1970: calls $0.02
Dorex2007: calls $0.02
*** RIVER *** [Kh Th Js Td] [8c]
Dorex2007: checks 
hermanf: bets $0.09
CEM1970: calls $0.09
Dorex2007: folds 
*** SHOW DOWN ***
hermanf: shows [Tc Kd] (a full house, Tens full of Kings)
CEM1970: mucks hand 
hermanf collected $0.37 from pot
*** SUMMARY ***
Total pot $0.38 | Rake $0.01 
Board [Kh Th Js Td 8c]
Seat 2: frosa9397 (small blind) folded on the Flop
Seat 3: Dorex2007 (big blind) folded on the River
Seat 4: CherT678 folded before Flop (didn't bet)
Seat 5: hermanf showed [Tc Kd] and won ($0.37) with a full house, Tens full of Kings
Seat 6: yy46x9 folded before Flop (didn't bet)
Seat 7: Drinksbeer2 folded before Flop (didn't bet)
Seat 8: CEM1970 mucked [7h Jc]
Seat 9: HellRhino (button) folded before Flop (didn't bet)



PokerStars Hand #225096400671:  Hold'em No Limit ($0.01/$0.02 USD) - 2021/03/22 20:39:23 PT [2021/03/22 23:39:23 ET]
Table 'Yunnan V' 9-max Seat #2 is the button
Seat 2: frosa9397 ($1.45 in chips) 
Seat 3: Dorex2007 ($2.02 in chips) 
Seat 4: CherT678 ($2 in chips) 
Seat 5: hermanf ($3.38 in chips) 
Seat 6: yy46x9 ($2 in chips) 
Seat 7: Drinksbeer2 ($0.62 in chips) 
Seat 8: CEM1970 ($1.97 in chips) 
Seat 9: HellRhino ($3.10 in chips) 
Dorex2007: posts small blind $0.01
CherT678: posts big blind $0.02
*** HOLE CARDS ***
Dealt to Dorex2007 [Ac 2d]
hermanf: folds 
yy46x9: raises $0.03 to $0.05
Drinksbeer2: raises $0.57 to $0.62 and is all-in
CEM1970: folds 
HellRhino: folds 
frosa9397: folds 
Dorex2007: folds 
CherT678: folds 
yy46x9: calls $0.57
*** FLOP *** [9s 8h 5c]
*** TURN *** [9s 8h 5c] [8d]
*** RIVER *** [9s 8h 5c 8d] [Th]
*** SHOW DOWN ***
yy46x9: shows [Tc Ts] (a full house, Tens full of Eights)
Drinksbeer2: shows [Ah Kc] (a pair of Eights)
yy46x9 collected $1.23 from pot
*** SUMMARY ***
Total pot $1.27 | Rake $0.04 
Board [9s 8h 5c 8d Th]
Seat 2: frosa9397 (button) folded before Flop (didn't bet)
Seat 3: Dorex2007 (small blind) folded before Flop
Seat 4: CherT678 (big blind) folded before Flop
Seat 5: hermanf folded before Flop (didn't bet)
Seat 6: yy46x9 showed [Tc Ts] and won ($1.23) with a full house, Tens full of Eights
Seat 7: Drinksbeer2 showed [Ah Kc] and lost with a pair of Eights
Seat 8: CEM1970 folded before Flop (didn't bet)
Seat 9: HellRhino folded before Flop (didn't bet)



PokerStars Hand #225096413179:  Hold'em No Limit ($0.01/$0.02 USD) - 2021/03/22 20:40:14 PT [2021/03/22 23:40:14 ET]
Table 'Yunnan V' 9-max Seat #3 is the button
Seat 2: frosa9397 ($1.45 in chips) 
Seat 3: Dorex2007 ($2.01 in chips) 
Seat 4: CherT678 ($2 in chips) 
Seat 5: hermanf ($3.38 in chips) 
Seat 6: yy46x9 ($2.61 in chips) 
Seat 8: CEM1970 ($1.97 in chips) 
Seat 9: HellRhino ($3.10 in chips) 
CherT678: posts small blind $0.01
hermanf: posts big blind $0.02
*** HOLE CARDS ***
Dealt to Dorex2007 [Jc 5s]
yy46x9: folds 
CEM1970: folds 
Drinksbeer2 is disconnected 
HellRhino has timed out
HellRhino: folds 
frosa9397: folds 
Dorex2007: folds 
CherT678: folds 
Uncalled bet ($0.01) returned to hermanf
hermanf collected $0.02 from pot
hermanf: doesn't show hand 
*** SUMMARY ***
Total pot $0.02 | Rake $0 
Seat 2: frosa9397 folded before Flop (didn't bet)
Seat 3: Dorex2007 (button) folded before Flop (didn't bet)
Seat 4: CherT678 (small blind) folded before Flop
Seat 5: hermanf (big blind) collected ($0.02)
Seat 6: yy46x9 folded before Flop (didn't bet)
Seat 8: CEM1970 folded before Flop (didn't bet)
Seat 9: HellRhino folded before Flop (didn't bet)



PokerStars Hand #225096418276:  Hold'em No Limit ($0.01/$0.02 USD) - 2021/03/22 20:40:39 PT [2021/03/22 23:40:39 ET]
Table 'Yunnan V' 9-max Seat #4 is the button
Seat 2: frosa9397 ($1.45 in chips) 
Seat 3: Dorex2007 ($2.01 in chips) 
Seat 4: CherT678 ($2 in chips) 
Seat 5: hermanf ($3.39 in chips) 
Seat 6: yy46x9 ($2.61 in chips) 
Seat 8: CEM1970 ($1.97 in chips) 
hermanf: posts small blind $0.01
yy46x9: posts big blind $0.02
*** HOLE CARDS ***
Dealt to Dorex2007 [4d 7h]
NikkiM651 joins the table at seat #1 
CEM1970: raises $0.05 to $0.07
frosa9397: folds 
Dorex2007: folds 
CherT678: folds 
hermanf: folds 
yy46x9: folds 
Uncalled bet ($0.05) returned to CEM1970
CEM1970 collected $0.05 from pot
*** SUMMARY ***
Total pot $0.05 | Rake $0 
Seat 2: frosa9397 folded before Flop (didn't bet)
Seat 3: Dorex2007 folded before Flop (didn't bet)
Seat 4: CherT678 (button) folded before Flop (didn't bet)
Seat 5: hermanf (small blind) folded before Flop
Seat 6: yy46x9 (big blind) folded before Flop
Seat 8: CEM1970 collected ($0.05)



PokerStars Hand #225096421918:  Hold'em No Limit ($0.01/$0.02 USD) - 2021/03/22 20:40:57 PT [2021/03/22 23:40:57 ET]
Table 'Yunnan V' 9-max Seat #5 is the button
Seat 2: frosa9397 ($1.45 in chips) 
Seat 3: Dorex2007 ($2.01 in chips) 
Seat 4: CherT678 ($2 in chips) 
Seat 5: hermanf ($3.38 in chips) 
Seat 6: yy46x9 ($2.59 in chips) 
Seat 8: CEM1970 ($2 in chips) 
yy46x9: posts small blind $0.01
CEM1970: posts big blind $0.02
NikkiM651: sits out 
*** HOLE CARDS ***
Dealt to Dorex2007 [3s 4d]
frosa9397: calls $0.02
Dorex2007: folds 
CherT678: folds 
hermanf: calls $0.02
yy46x9: folds 
CEM1970: checks 
*** FLOP *** [5c 3d 6d]
CEM1970: bets $0.08
frosa9397: folds 
hermanf: folds 
Uncalled bet ($0.08) returned to CEM1970
CEM1970 collected $0.07 from pot
*** SUMMARY ***
Total pot $0.07 | Rake $0 
Board [5c 3d 6d]
Seat 2: frosa9397 folded on the Flop
Seat 3: Dorex2007 folded before Flop (didn't bet)
Seat 4: CherT678 folded before Flop (didn't bet)
Seat 5: hermanf (button) folded on the Flop
Seat 6: yy46x9 (small blind) folded before Flop
Seat 8: CEM1970 (big blind) collected ($0.07)



PokerStars Hand #225096429203:  Hold'em No Limit ($0.01/$0.02 USD) - 2021/03/22 20:41:33 PT [2021/03/22 23:41:33 ET]
Table 'Yunnan V' 9-max Seat #6 is the button
Seat 1: NikkiM651 ($1.20 in chips) 
Seat 2: frosa9397 ($1.43 in chips) 
Seat 3: Dorex2007 ($2.01 in chips) 
Seat 4: CherT678 ($2 in chips) 
Seat 5: hermanf ($3.36 in chips) 
Seat 6: yy46x9 ($2.58 in chips) 
Seat 8: CEM1970 ($2.05 in chips) 
CEM1970: posts small blind $0.01
NikkiM651: posts big blind $0.02
*** HOLE CARDS ***
Dealt to Dorex2007 [Js Kd]
frosa9397: folds 
Dorex2007: raises $0.04 to $0.06
CherT678: folds 
hermanf: folds 
yy46x9: folds 
CEM1970: folds 
NikkiM651: calls $0.04
*** FLOP *** [7d Ad 2h]
NikkiM651: checks 
Dorex2007: checks 
*** TURN *** [7d Ad 2h] [2d]
NikkiM651: checks 
Dorex2007: bets $0.13
NikkiM651: folds 
Uncalled bet ($0.13) returned to Dorex2007
Dorex2007 collected $0.13 from pot
Dorex2007: doesn't show hand 
*** SUMMARY ***
Total pot $0.13 | Rake $0 
Board [7d Ad 2h 2d]
Seat 1: NikkiM651 (big blind) folded on the Turn
Seat 2: frosa9397 folded before Flop (didn't bet)
Seat 3: Dorex2007 collected ($0.13)
Seat 4: CherT678 folded before Flop (didn't bet)
Seat 5: hermanf folded before Flop (didn't bet)
Seat 6: yy46x9 (button) folded before Flop (didn't bet)
Seat 8: CEM1970 (small blind) folded before Flop



PokerStars Hand #225096438437:  Hold'em No Limit ($0.01/$0.02 USD) - 2021/03/22 20:42:19 PT [2021/03/22 23:42:19 ET]
Table 'Yunnan V' 9-max Seat #8 is the button
Seat 1: NikkiM651 ($1.14 in chips) 
Seat 2: frosa9397 ($1.43 in chips) 
Seat 3: Dorex2007 ($2.08 in chips) 
Seat 4: CherT678 ($2 in chips) 
Seat 5: hermanf ($3.36 in chips) 
Seat 6: yy46x9 ($2.58 in chips) 
Seat 8: CEM1970 ($2.04 in chips) 
NikkiM651: posts small blind $0.01
frosa9397: posts big blind $0.02
*** HOLE CARDS ***
Dealt to Dorex2007 [3s 9d]
Dorex2007: folds 
CherT678: folds 
hermanf: calls $0.02
yy46x9: folds 
CEM1970: calls $0.02
NikkiM651: calls $0.01
frosa9397: checks 
*** FLOP *** [2d 5h 2h]
NikkiM651: bets $0.02
frosa9397: raises $0.02 to $0.04
hermanf: folds 
CEM1970: raises $0.18 to $0.22
NikkiM651: folds 
frosa9397: folds 
Uncalled bet ($0.18) returned to CEM1970
CEM1970 collected $0.17 from pot
*** SUMMARY ***
Total pot $0.18 | Rake $0.01 
Board [2d 5h 2h]
Seat 1: NikkiM651 (small blind) folded on the Flop
Seat 2: frosa9397 (big blind) folded on the Flop
Seat 3: Dorex2007 folded before Flop (didn't bet)
Seat 4: CherT678 folded before Flop (didn't bet)
Seat 5: hermanf folded on the Flop
Seat 6: yy46x9 folded before Flop (didn't bet)
Seat 8: CEM1970 (button) collected ($0.17)



PokerStars Hand #225096451523:  Hold'em No Limit ($0.01/$0.02 USD) - 2021/03/22 20:43:24 PT [2021/03/22 23:43:24 ET]
Table 'Yunnan V' 9-max Seat #1 is the button
Seat 1: NikkiM651 ($1.10 in chips) 
Seat 2: frosa9397 ($1.37 in chips) 
Seat 3: Dorex2007 ($2.08 in chips) 
Seat 4: CherT678 ($2 in chips) 
Seat 5: hermanf ($3.34 in chips) 
Seat 6: yy46x9 ($2.58 in chips) 
Seat 8: CEM1970 ($2.15 in chips) 
frosa9397: posts small blind $0.01
Dorex2007: posts big blind $0.02
*** HOLE CARDS ***
Dealt to Dorex2007 [Qd Td]
CherT678: folds 
hermanf: folds 
yy46x9: folds 
CEM1970: raises $0.04 to $0.06
NikkiM651: folds 
frosa9397: folds 
Dorex2007: calls $0.04
*** FLOP *** [5h 7h 9c]
Dorex2007: checks 
CEM1970: checks 
*** TURN *** [5h 7h 9c] [6h]
Dorex2007: bets $0.07
CEM1970: folds 
Uncalled bet ($0.07) returned to Dorex2007
Dorex2007 collected $0.13 from pot
Dorex2007: doesn't show hand 
*** SUMMARY ***
Total pot $0.13 | Rake $0 
Board [5h 7h 9c 6h]
Seat 1: NikkiM651 (button) folded before Flop (didn't bet)
Seat 2: frosa9397 (small blind) folded before Flop
Seat 3: Dorex2007 (big blind) collected ($0.13)
Seat 4: CherT678 folded before Flop (didn't bet)
Seat 5: hermanf folded before Flop (didn't bet)
Seat 6: yy46x9 folded before Flop (didn't bet)
Seat 8: CEM1970 folded on the Turn



PokerStars Hand #225096460137:  Hold'em No Limit ($0.01/$0.02 USD) - 2021/03/22 20:44:07 PT [2021/03/22 23:44:07 ET]
Table 'Yunnan V' 9-max Seat #2 is the button
Seat 1: NikkiM651 ($1.10 in chips) 
Seat 2: frosa9397 ($1.36 in chips) 
Seat 3: Dorex2007 ($2.15 in chips) 
Seat 4: CherT678 ($2 in chips) 
Seat 5: hermanf ($3.34 in chips) 
Seat 6: yy46x9 ($2.58 in chips) 
Seat 8: CEM1970 ($2.09 in chips) 
Seat 9: HellRhino ($3.10 in chips) 
Dorex2007: posts small blind $0.01
CherT678: posts big blind $0.02
HellRhino: posts small & big blinds $0.03
*** HOLE CARDS ***
Dealt to Dorex2007 [Jd 6d]
hermanf: calls $0.02
yy46x9: folds 
CEM1970: raises $0.06 to $0.08
HellRhino: calls $0.06
NikkiM651: calls $0.08
frosa9397: folds 
Dorex2007: folds 
CherT678: folds 
hermanf: folds 
*** FLOP *** [Tc Th 5s]
CEM1970: checks 
HellRhino: bets $0.29
NikkiM651: calls $0.29
CEM1970: folds 
*** TURN *** [Tc Th 5s] [6s]
HellRhino: bets $0.92
NikkiM651: calls $0.73 and is all-in
Uncalled bet ($0.19) returned to HellRhino
*** RIVER *** [Tc Th 5s 6s] [Kd]
*** SHOW DOWN ***
HellRhino: shows [9s 9h] (two pair, Tens and Nines)
NikkiM651: shows [8s 5h] (two pair, Tens and Fives)
HellRhino collected $2.26 from pot
*** SUMMARY ***
Total pot $2.34 | Rake $0.08 
Board [Tc Th 5s 6s Kd]
Seat 1: NikkiM651 showed [8s 5h] and lost with two pair, Tens and Fives
Seat 2: frosa9397 (button) folded before Flop (didn't bet)
Seat 3: Dorex2007 (small blind) folded before Flop
Seat 4: CherT678 (big blind) folded before Flop
Seat 5: hermanf folded before Flop
Seat 6: yy46x9 folded before Flop (didn't bet)
Seat 8: CEM1970 folded on the Flop
Seat 9: HellRhino showed [9s 9h] and won ($2.26) with two pair, Tens and Nines



PokerStars Hand #225096473204:  Hold'em No Limit ($0.01/$0.02 USD) - 2021/03/22 20:45:12 PT [2021/03/22 23:45:12 ET]
Table 'Yunnan V' 9-max Seat #3 is the button
Seat 2: frosa9397 ($1.36 in chips) 
Seat 3: Dorex2007 ($2.14 in chips) 
Seat 4: CherT678 ($2 in chips) 
Seat 5: hermanf ($3.32 in chips) 
Seat 6: yy46x9 ($2.58 in chips) 
Seat 8: CEM1970 ($2.01 in chips) 
Seat 9: HellRhino ($4.25 in chips) 
CherT678: posts small blind $0.01
hermanf: posts big blind $0.02
*** HOLE CARDS ***
Dealt to Dorex2007 [4h 4s]
yy46x9: folds 
CEM1970: calls $0.02
HellRhino: folds 
frosa9397: folds 
Dorex2007: calls $0.02
CherT678: folds 
NikkiM651 leaves the table
hermanf: checks 
*** FLOP *** [9s Ac 5d]
hermanf: checks 
CEM1970: checks 
Dorex2007: bets $0.05
diegaopb joins the table at seat #1 
hermanf: folds 
CEM1970: calls $0.05
*** TURN *** [9s Ac 5d] [3h]
CEM1970: checks 
Dorex2007: bets $0.16
CEM1970: folds 
Uncalled bet ($0.16) returned to Dorex2007
Dorex2007 collected $0.16 from pot
Dorex2007: doesn't show hand 
*** SUMMARY ***
Total pot $0.17 | Rake $0.01 
Board [9s Ac 5d 3h]
Seat 2: frosa9397 folded before Flop (didn't bet)
Seat 3: Dorex2007 (button) collected ($0.16)
Seat 4: CherT678 (small blind) folded before Flop
Seat 5: hermanf (big blind) folded on the Flop
Seat 6: yy46x9 folded before Flop (didn't bet)
Seat 8: CEM1970 folded on the Turn
Seat 9: HellRhino folded before Flop (didn't bet)



PokerStars Hand #225096482877:  Hold'em No Limit ($0.01/$0.02 USD) - 2021/03/22 20:46:01 PT [2021/03/22 23:46:01 ET]
Table 'Yunnan V' 9-max Seat #4 is the button
Seat 2: frosa9397 ($1.36 in chips) 
Seat 3: Dorex2007 ($2.23 in chips) 
Seat 4: CherT678 ($2 in chips) 
Seat 5: hermanf ($3.30 in chips) 
Seat 6: yy46x9 ($2.58 in chips) 
Seat 8: CEM1970 ($1.94 in chips) 
Seat 9: HellRhino ($4.25 in chips) 
hermanf: posts small blind $0.01
yy46x9: posts big blind $0.02
diegaopb: sits out 
*** HOLE CARDS ***
Dealt to Dorex2007 [Jd Kh]
CEM1970: folds 
HellRhino: folds 
frosa9397: calls $0.02
Dorex2007: calls $0.02
CherT678: raises $0.07 to $0.09
hermanf: calls $0.08
yy46x9: folds 
frosa9397: folds 
Dorex2007: folds 
*** FLOP *** [5h 4c Tc]
hermanf: checks 
CherT678: bets $0.15
hermanf: folds 
Uncalled bet ($0.15) returned to CherT678
CherT678 collected $0.23 from pot
*** SUMMARY ***
Total pot $0.24 | Rake $0.01 
Board [5h 4c Tc]
Seat 2: frosa9397 folded before Flop
Seat 3: Dorex2007 folded before Flop
Seat 4: CherT678 (button) collected ($0.23)
Seat 5: hermanf (small blind) folded on the Flop
Seat 6: yy46x9 (big blind) folded before Flop
Seat 8: CEM1970 folded before Flop (didn't bet)
Seat 9: HellRhino folded before Flop (didn't bet)



PokerStars Hand #225096494759:  Hold'em No Limit ($0.01/$0.02 USD) - 2021/03/22 20:47:00 PT [2021/03/22 23:47:00 ET]
Table 'Yunnan V' 9-max Seat #5 is the button
Seat 2: frosa9397 ($1.34 in chips) 
Seat 3: Dorex2007 ($2.21 in chips) 
Seat 4: CherT678 ($2.14 in chips) 
Seat 5: hermanf ($3.21 in chips) 
Seat 6: yy46x9 ($2.56 in chips) 
Seat 8: CEM1970 ($1.94 in chips) 
Seat 9: HellRhino ($4.25 in chips) 
yy46x9: posts small blind $0.01
CEM1970: posts big blind $0.02
diegaopb: sits out 
*** HOLE CARDS ***
Dealt to Dorex2007 [Qh 8s]
HellRhino: folds 
frosa9397: folds 
Dorex2007: folds 
CherT678: folds 
hermanf: calls $0.02
yy46x9: folds 
CEM1970: checks 
*** FLOP *** [3d 2d 6d]
CEM1970: checks 
hermanf: checks 
*** TURN *** [3d 2d 6d] [8h]
CEM1970: bets $0.02
hermanf: folds 
Uncalled bet ($0.02) returned to CEM1970
CEM1970 collected $0.05 from pot
*** SUMMARY ***
Total pot $0.05 | Rake $0 
Board [3d 2d 6d 8h]
Seat 2: frosa9397 folded before Flop (didn't bet)
Seat 3: Dorex2007 folded before Flop (didn't bet)
Seat 4: CherT678 folded before Flop (didn't bet)
Seat 5: hermanf (button) folded on the Turn
Seat 6: yy46x9 (small blind) folded before Flop
Seat 8: CEM1970 (big blind) collected ($0.05)
Seat 9: HellRhino folded before Flop (didn't bet)



