PokerStars Hand #227415211842:  Hold'em No Limit ($0.01/$0.02 USD) - 2021/06/07 18:23:18 PT [2021/06/07 21:23:18 ET]
Table 'Chalonge' 9-max Seat #1 is the button
Seat 1: BuffaloBil32 ($1.99 in chips) 
Seat 2: Evgecha554 ($1.11 in chips) 
Seat 3: Dorex2007 ($2 in chips) 
Seat 4: diiiiego ($1.98 in chips) 
Seat 5: arthurscivi ($1.47 in chips) 
Seat 7: claudesta180 ($0.77 in chips) 
Seat 8: frosa9397 ($1.82 in chips) 
Seat 9: tomashovka55 ($2.51 in chips) 
Evgecha554: posts small blind $0.01
Dorex2007: posts big blind $0.02
*** HOLE CARDS ***
Dealt to Dorex2007 [Qh 3s]
diiiiego: folds 
arthurscivi: calls $0.02
claudesta180: calls $0.02
frosa9397: folds 
tomashovka55: folds 
BuffaloBil32: calls $0.02
Evgecha554: calls $0.01
Dorex2007: checks 
*** FLOP *** [Ks 8c 8s]
Evgecha554: checks 
Dorex2007: checks 
arthurscivi: checks 
claudesta180: checks 
BuffaloBil32: checks 
*** TURN *** [Ks 8c 8s] [Qs]
Evgecha554: checks 
Dorex2007: checks 
arthurscivi: checks 
claudesta180: checks 
BuffaloBil32: checks 
*** RIVER *** [Ks 8c 8s Qs] [Kc]
Evgecha554: checks 
Dorex2007: checks 
arthurscivi: checks 
claudesta180: checks 
BuffaloBil32: checks 
*** SHOW DOWN ***
Evgecha554: shows [2c 2h] (two pair, Kings and Eights)
Dorex2007: shows [Qh 3s] (two pair, Kings and Queens)
arthurscivi: mucks hand 
claudesta180: mucks hand 
BuffaloBil32: mucks hand 
Dorex2007 collected $0.10 from pot
*** SUMMARY ***
Total pot $0.10 | Rake $0 
Board [Ks 8c 8s Qs Kc]
Seat 1: BuffaloBil32 (button) mucked [5c 4c]
Seat 2: Evgecha554 (small blind) showed [2c 2h] and lost with two pair, Kings and Eights
Seat 3: Dorex2007 (big blind) showed [Qh 3s] and won ($0.10) with two pair, Kings and Queens
Seat 4: diiiiego folded before Flop (didn't bet)
Seat 5: arthurscivi mucked [9h Jd]
Seat 7: claudesta180 mucked [3h Js]
Seat 8: frosa9397 folded before Flop (didn't bet)
Seat 9: tomashovka55 folded before Flop (didn't bet)



PokerStars Hand #227415234262:  Hold'em No Limit ($0.01/$0.02 USD) - 2021/06/07 18:24:51 PT [2021/06/07 21:24:51 ET]
Table 'Chalonge' 9-max Seat #2 is the button
Seat 1: BuffaloBil32 ($1.97 in chips) 
Seat 2: Evgecha554 ($1.09 in chips) 
Seat 3: Dorex2007 ($2.08 in chips) 
Seat 4: diiiiego ($1.98 in chips) 
Seat 5: arthurscivi ($1.45 in chips) 
Seat 6: Parker09SA ($3.44 in chips) 
Seat 7: claudesta180 ($0.75 in chips) 
Seat 8: frosa9397 ($1.82 in chips) 
Seat 9: tomashovka55 ($2.51 in chips) 
Dorex2007: posts small blind $0.01
diiiiego: posts big blind $0.02
*** HOLE CARDS ***
Dealt to Dorex2007 [2h 5s]
arthurscivi: calls $0.02
Parker09SA: folds 
claudesta180: folds 
frosa9397: raises $0.07 to $0.09
tomashovka55: folds 
BuffaloBil32: calls $0.09
Evgecha554: folds 
Dorex2007: folds 
diiiiego: folds 
arthurscivi: folds 
*** FLOP *** [Js 6c 3h]
frosa9397: bets $0.12
BuffaloBil32: folds 
Uncalled bet ($0.12) returned to frosa9397
frosa9397 collected $0.22 from pot
frosa9397: doesn't show hand 
*** SUMMARY ***
Total pot $0.23 | Rake $0.01 
Board [Js 6c 3h]
Seat 1: BuffaloBil32 folded on the Flop
Seat 2: Evgecha554 (button) folded before Flop (didn't bet)
Seat 3: Dorex2007 (small blind) folded before Flop
Seat 4: diiiiego (big blind) folded before Flop
Seat 5: arthurscivi folded before Flop
Seat 6: Parker09SA folded before Flop (didn't bet)
Seat 7: claudesta180 folded before Flop (didn't bet)
Seat 8: frosa9397 collected ($0.22)
Seat 9: tomashovka55 folded before Flop (didn't bet)



PokerStars Hand #227415245520:  Hold'em No Limit ($0.01/$0.02 USD) - 2021/06/07 18:25:22 PT [2021/06/07 21:25:22 ET]
Table 'Chalonge' 9-max Seat #3 is the button
Seat 1: BuffaloBil32 ($1.88 in chips) 
Seat 2: Evgecha554 ($1.09 in chips) 
Seat 3: Dorex2007 ($2.07 in chips) 
Seat 4: diiiiego ($1.96 in chips) 
Seat 5: arthurscivi ($1.43 in chips) 
Seat 6: Parker09SA ($3.44 in chips) 
Seat 7: claudesta180 ($0.75 in chips) 
Seat 8: frosa9397 ($1.95 in chips) 
Seat 9: tomashovka55 ($2.51 in chips) 
diiiiego: posts small blind $0.01
arthurscivi: posts big blind $0.02
*** HOLE CARDS ***
Dealt to Dorex2007 [2s Kc]
Parker09SA: folds 
claudesta180: calls $0.02
frosa9397: folds 
tomashovka55: raises $0.06 to $0.08
BuffaloBil32: folds 
Evgecha554: folds 
Dorex2007: folds 
diiiiego: folds 
arthurscivi: calls $0.06
claudesta180: calls $0.06
*** FLOP *** [4s Td 3s]
arthurscivi: checks 
claudesta180: checks 
tomashovka55: bets $0.13
arthurscivi: folds 
claudesta180: calls $0.13
*** TURN *** [4s Td 3s] [8h]
claudesta180: checks 
tomashovka55: checks 
*** RIVER *** [4s Td 3s 8h] [Kh]
claudesta180: checks 
tomashovka55: bets $0.15
claudesta180: calls $0.15
*** SHOW DOWN ***
tomashovka55: shows [Qc Kd] (a pair of Kings)
claudesta180: mucks hand 
tomashovka55 collected $0.78 from pot
*** SUMMARY ***
Total pot $0.81 | Rake $0.03 
Board [4s Td 3s 8h Kh]
Seat 1: BuffaloBil32 folded before Flop (didn't bet)
Seat 2: Evgecha554 folded before Flop (didn't bet)
Seat 3: Dorex2007 (button) folded before Flop (didn't bet)
Seat 4: diiiiego (small blind) folded before Flop
Seat 5: arthurscivi (big blind) folded on the Flop
Seat 6: Parker09SA folded before Flop (didn't bet)
Seat 7: claudesta180 mucked [Th As]
Seat 8: frosa9397 folded before Flop (didn't bet)
Seat 9: tomashovka55 showed [Qc Kd] and won ($0.78) with a pair of Kings



PokerStars Hand #227415263436:  Hold'em No Limit ($0.01/$0.02 USD) - 2021/06/07 18:26:36 PT [2021/06/07 21:26:36 ET]
Table 'Chalonge' 9-max Seat #4 is the button
Seat 1: BuffaloBil32 ($1.88 in chips) 
Seat 2: Evgecha554 ($1.09 in chips) 
Seat 3: Dorex2007 ($2.07 in chips) 
Seat 4: diiiiego ($1.95 in chips) 
Seat 5: arthurscivi ($1.35 in chips) 
Seat 6: Parker09SA ($3.44 in chips) 
Seat 7: claudesta180 ($0.39 in chips) 
Seat 8: frosa9397 ($1.95 in chips) 
Seat 9: tomashovka55 ($2.93 in chips) 
arthurscivi: posts small blind $0.01
Parker09SA: posts big blind $0.02
*** HOLE CARDS ***
Dealt to Dorex2007 [3c Kh]
claudesta180: calls $0.02
frosa9397: folds 
tomashovka55: folds 
BuffaloBil32: calls $0.02
Evgecha554: calls $0.02
Dorex2007: folds 
diiiiego: folds 
arthurscivi: calls $0.01
Parker09SA: checks 
*** FLOP *** [3h 3s Jd]
arthurscivi: bets $0.02
Parker09SA: folds 
claudesta180: calls $0.02
BuffaloBil32: folds 
Evgecha554: calls $0.02
*** TURN *** [3h 3s Jd] [3d]
arthurscivi: bets $0.02
claudesta180: calls $0.02
Evgecha554: folds 
*** RIVER *** [3h 3s Jd 3d] [2d]
arthurscivi: bets $0.02
claudesta180: calls $0.02
*** SHOW DOWN ***
arthurscivi: shows [4s Js] (a full house, Threes full of Jacks)
claudesta180: mucks hand 
arthurscivi collected $0.23 from pot
*** SUMMARY ***
Total pot $0.24 | Rake $0.01 
Board [3h 3s Jd 3d 2d]
Seat 1: BuffaloBil32 folded on the Flop
Seat 2: Evgecha554 folded on the Turn
Seat 3: Dorex2007 folded before Flop (didn't bet)
Seat 4: diiiiego (button) folded before Flop (didn't bet)
Seat 5: arthurscivi (small blind) showed [4s Js] and won ($0.23) with a full house, Threes full of Jacks
Seat 6: Parker09SA (big blind) folded on the Flop
Seat 7: claudesta180 mucked [7d 9c]
Seat 8: frosa9397 folded before Flop (didn't bet)
Seat 9: tomashovka55 folded before Flop (didn't bet)



PokerStars Hand #227415280024:  Hold'em No Limit ($0.01/$0.02 USD) - 2021/06/07 18:27:44 PT [2021/06/07 21:27:44 ET]
Table 'Chalonge' 9-max Seat #5 is the button
Seat 1: BuffaloBil32 ($1.86 in chips) 
Seat 2: Evgecha554 ($1.05 in chips) 
Seat 3: Dorex2007 ($2.07 in chips) 
Seat 4: diiiiego ($1.95 in chips) 
Seat 5: arthurscivi ($1.50 in chips) 
Seat 6: Parker09SA ($3.42 in chips) 
Seat 7: claudesta180 ($0.31 in chips) 
Seat 8: frosa9397 ($1.95 in chips) 
Seat 9: tomashovka55 ($2.93 in chips) 
Parker09SA: posts small blind $0.01
claudesta180: posts big blind $0.02
*** HOLE CARDS ***
Dealt to Dorex2007 [6h Kh]
frosa9397: folds 
tomashovka55: folds 
BuffaloBil32: calls $0.02
Evgecha554: calls $0.02
Dorex2007: folds 
diiiiego: calls $0.02
arthurscivi: folds 
Parker09SA: folds 
claudesta180: checks 
*** FLOP *** [Kd Jh Tc]
claudesta180: checks 
BuffaloBil32: checks 
Evgecha554: checks 
diiiiego: checks 
*** TURN *** [Kd Jh Tc] [4c]
claudesta180 has timed out
claudesta180: checks 
BuffaloBil32: checks 
Evgecha554: checks 
diiiiego: checks 
*** RIVER *** [Kd Jh Tc 4c] [6d]
claudesta180: checks 
BuffaloBil32: checks 
Evgecha554: checks 
diiiiego: checks 
*** SHOW DOWN ***
claudesta180: shows [2d Ac] (high card Ace)
BuffaloBil32: mucks hand 
Evgecha554: shows [Jc 9s] (a pair of Jacks)
diiiiego: mucks hand 
Evgecha554 collected $0.09 from pot
*** SUMMARY ***
Total pot $0.09 | Rake $0 
Board [Kd Jh Tc 4c 6d]
Seat 1: BuffaloBil32 mucked [2s 7h]
Seat 2: Evgecha554 showed [Jc 9s] and won ($0.09) with a pair of Jacks
Seat 3: Dorex2007 folded before Flop (didn't bet)
Seat 4: diiiiego mucked [Ah 3h]
Seat 5: arthurscivi (button) folded before Flop (didn't bet)
Seat 6: Parker09SA (small blind) folded before Flop
Seat 7: claudesta180 (big blind) showed [2d Ac] and lost with high card Ace
Seat 8: frosa9397 folded before Flop (didn't bet)
Seat 9: tomashovka55 folded before Flop (didn't bet)



PokerStars Hand #227415305443:  Hold'em No Limit ($0.01/$0.02 USD) - 2021/06/07 18:29:05 PT [2021/06/07 21:29:05 ET]
Table 'Chalonge' 9-max Seat #6 is the button
Seat 1: BuffaloBil32 ($1.84 in chips) 
Seat 2: Evgecha554 ($1.12 in chips) 
Seat 3: Dorex2007 ($2.07 in chips) 
Seat 4: diiiiego ($1.93 in chips) 
Seat 5: arthurscivi ($1.50 in chips) 
Seat 6: Parker09SA ($3.41 in chips) 
Seat 7: claudesta180 ($0.29 in chips) 
Seat 8: frosa9397 ($1.95 in chips) 
Seat 9: tomashovka55 ($2.93 in chips) 
claudesta180: posts small blind $0.01
frosa9397: posts big blind $0.02
*** HOLE CARDS ***
Dealt to Dorex2007 [6d 7d]
tomashovka55: raises $0.03 to $0.05
BuffaloBil32: calls $0.05
Evgecha554: calls $0.05
Dorex2007: calls $0.05
diiiiego: folds 
arthurscivi: folds 
Parker09SA: folds 
claudesta180: calls $0.04
frosa9397: folds 
*** FLOP *** [5s Js Td]
claudesta180: checks 
tomashovka55: bets $0.10
BuffaloBil32: folds 
Evgecha554: calls $0.10
Dorex2007: folds 
claudesta180: calls $0.10
*** TURN *** [5s Js Td] [Ad]
claudesta180: checks 
tomashovka55: bets $1
Evgecha554: calls $0.97 and is all-in
claudesta180: folds 
Uncalled bet ($0.03) returned to tomashovka55
*** RIVER *** [5s Js Td Ad] [Jh]
*** SHOW DOWN ***
tomashovka55: shows [Ah Jc] (a full house, Jacks full of Aces)
Evgecha554: shows [2s As] (two pair, Aces and Jacks)
tomashovka55 cashed out the hand for $1.91 | Cash Out Fee $0.02
*** SUMMARY ***
Total pot $2.51 | Rake $0.09 
Board [5s Js Td Ad Jh]
Seat 1: BuffaloBil32 folded on the Flop
Seat 2: Evgecha554 showed [2s As] and lost with two pair, Aces and Jacks
Seat 3: Dorex2007 folded on the Flop
Seat 4: diiiiego folded before Flop (didn't bet)
Seat 5: arthurscivi folded before Flop (didn't bet)
Seat 6: Parker09SA (button) folded before Flop (didn't bet)
Seat 7: claudesta180 (small blind) folded on the Turn
Seat 8: frosa9397 (big blind) folded before Flop
Seat 9: tomashovka55 showed [Ah Jc] and won ($2.42) with a full house, Jacks full of Aces (pot not awarded as player cashed out)



PokerStars Hand #227415328366:  Hold'em No Limit ($0.01/$0.02 USD) - 2021/06/07 18:30:38 PT [2021/06/07 21:30:38 ET]
Table 'Chalonge' 9-max Seat #7 is the button
Seat 1: BuffaloBil32 ($1.79 in chips) 
Seat 3: Dorex2007 ($2.02 in chips) 
Seat 4: diiiiego ($1.93 in chips) 
Seat 5: arthurscivi ($1.50 in chips) 
Seat 6: Parker09SA ($3.41 in chips) 
Seat 7: claudesta180 ($0.14 in chips) 
Seat 8: frosa9397 ($1.93 in chips) 
frosa9397: posts small blind $0.01
tomashovka55: is sitting out 
tomashovka55 leaves the table
BuffaloBil32: posts big blind $0.02
*** HOLE CARDS ***
Dealt to Dorex2007 [3d 2d]
Dorex2007: folds 
diiiiego: calls $0.02
arthurscivi: calls $0.02
Prepare Tolouse joins the table at seat #9 
Parker09SA: raises $0.12 to $0.14
Evgecha554 leaves the table
claudesta180: folds 
CrazyyParis joins the table at seat #2 
frosa9397: folds 
BuffaloBil32: folds 
diiiiego: folds 
arthurscivi: folds 
Uncalled bet ($0.12) returned to Parker09SA
Parker09SA collected $0.09 from pot
Parker09SA: doesn't show hand 
*** SUMMARY ***
Total pot $0.09 | Rake $0 
Seat 1: BuffaloBil32 (big blind) folded before Flop
Seat 3: Dorex2007 folded before Flop (didn't bet)
Seat 4: diiiiego folded before Flop
Seat 5: arthurscivi folded before Flop
Seat 6: Parker09SA collected ($0.09)
Seat 7: claudesta180 (button) folded before Flop (didn't bet)
Seat 8: frosa9397 (small blind) folded before Flop



PokerStars Hand #227415344971:  Hold'em No Limit ($0.01/$0.02 USD) - 2021/06/07 18:31:08 PT [2021/06/07 21:31:08 ET]
Table 'Chalonge' 9-max Seat #8 is the button
Seat 1: BuffaloBil32 ($1.77 in chips) 
Seat 2: CrazyyParis ($2 in chips) 
Seat 3: Dorex2007 ($2.02 in chips) 
Seat 4: diiiiego ($2 in chips) 
Seat 5: arthurscivi ($1.48 in chips) 
Seat 6: Parker09SA ($3.48 in chips) 
Seat 7: claudesta180 ($0.14 in chips) 
Seat 8: frosa9397 ($1.92 in chips) 
BuffaloBil32: posts small blind $0.01
CrazyyParis: posts big blind $0.02
*** HOLE CARDS ***
Dealt to Dorex2007 [8c 7c]
Dorex2007: folds 
diiiiego: folds 
arthurscivi: folds 
Parker09SA: folds 
claudesta180: calls $0.02
frosa9397: folds 
BuffaloBil32: calls $0.01
CrazyyParis: checks 
*** FLOP *** [Ad 2c 8s]
diiiiego is disconnected 
BuffaloBil32: checks 
CrazyyParis: checks 
claudesta180 has timed out
claudesta180: checks 
*** TURN *** [Ad 2c 8s] [Jd]
BuffaloBil32: checks 
CrazyyParis has timed out
CrazyyParis: checks 
claudesta180: checks 
*** RIVER *** [Ad 2c 8s Jd] [Qd]
BuffaloBil32: bets $0.06
CrazyyParis has timed out
CrazyyParis: folds 
claudesta180: raises $0.06 to $0.12 and is all-in
BuffaloBil32: calls $0.06
*** SHOW DOWN ***
claudesta180: shows [2d Ac] (two pair, Aces and Deuces)
BuffaloBil32: shows [9c Qc] (a pair of Queens)
claudesta180 collected $0.29 from pot
*** SUMMARY ***
Total pot $0.30 | Rake $0.01 
Board [Ad 2c 8s Jd Qd]
Seat 1: BuffaloBil32 (small blind) showed [9c Qc] and lost with a pair of Queens
Seat 2: CrazyyParis (big blind) folded on the River
Seat 3: Dorex2007 folded before Flop (didn't bet)
Seat 4: diiiiego folded before Flop (didn't bet)
Seat 5: arthurscivi folded before Flop (didn't bet)
Seat 6: Parker09SA folded before Flop (didn't bet)
Seat 7: claudesta180 showed [2d Ac] and won ($0.29) with two pair, Aces and Deuces
Seat 8: frosa9397 (button) folded before Flop (didn't bet)



PokerStars Hand #227415378156:  Hold'em No Limit ($0.01/$0.02 USD) - 2021/06/07 18:33:24 PT [2021/06/07 21:33:24 ET]
Table 'Chalonge' 9-max Seat #1 is the button
Seat 1: BuffaloBil32 ($1.63 in chips) 
Seat 3: Dorex2007 ($2.02 in chips) 
Seat 4: diiiiego ($2 in chips) 
Seat 5: arthurscivi ($1.48 in chips) 
Seat 6: Parker09SA ($3.48 in chips) 
Seat 7: claudesta180 ($0.29 in chips) 
Seat 8: frosa9397 ($1.92 in chips) 
Seat 9: Prepare Tolouse ($0.80 in chips) 
Dorex2007: posts small blind $0.01
diiiiego: posts big blind $0.02
Prepare Tolouse: posts big blind $0.02
*** HOLE CARDS ***
Dealt to Dorex2007 [Qh Qd]
arthurscivi: calls $0.02
Parker09SA: folds 
claudesta180: folds 
frosa9397: folds 
Prepare Tolouse: checks 
BuffaloBil32: calls $0.02
Dorex2007: raises $0.04 to $0.06
diiiiego: folds 
arthurscivi: calls $0.04
Prepare Tolouse: calls $0.04
BuffaloBil32: calls $0.04
*** FLOP *** [3c 7s Ad]
Dorex2007: checks 
arthurscivi: checks 
Prepare Tolouse: checks 
BuffaloBil32: checks 
*** TURN *** [3c 7s Ad] [6c]
Dorex2007: checks 
arthurscivi: checks 
Prepare Tolouse: bets $0.04
BuffaloBil32: folds 
Dorex2007: calls $0.04
arthurscivi: folds 
*** RIVER *** [3c 7s Ad 6c] [5d]
Dorex2007: checks 
Prepare Tolouse: bets $0.14
Dorex2007: folds 
Uncalled bet ($0.14) returned to Prepare Tolouse
Prepare Tolouse collected $0.33 from pot
Prepare Tolouse: doesn't show hand 
*** SUMMARY ***
Total pot $0.34 | Rake $0.01 
Board [3c 7s Ad 6c 5d]
Seat 1: BuffaloBil32 (button) folded on the Turn
Seat 3: Dorex2007 (small blind) folded on the River
Seat 4: diiiiego (big blind) folded before Flop
Seat 5: arthurscivi folded on the Turn
Seat 6: Parker09SA folded before Flop (didn't bet)
Seat 7: claudesta180 folded before Flop (didn't bet)
Seat 8: frosa9397 folded before Flop (didn't bet)
Seat 9: Prepare Tolouse collected ($0.33)



PokerStars Hand #227415403681:  Hold'em No Limit ($0.01/$0.02 USD) - 2021/06/07 18:35:10 PT [2021/06/07 21:35:10 ET]
Table 'Chalonge' 9-max Seat #3 is the button
Seat 1: BuffaloBil32 ($1.57 in chips) 
Seat 3: Dorex2007 ($1.92 in chips) 
Seat 4: diiiiego ($1.98 in chips) 
Seat 5: arthurscivi ($1.42 in chips) 
Seat 6: Parker09SA ($3.48 in chips) 
Seat 7: claudesta180 ($0.29 in chips) 
Seat 8: frosa9397 ($1.92 in chips) 
Seat 9: Prepare Tolouse ($1.03 in chips) 
diiiiego: posts small blind $0.01
arthurscivi: posts big blind $0.02
*** HOLE CARDS ***
Dealt to Dorex2007 [5d 7c]
Parker09SA: folds 
claudesta180: folds 
frosa9397: folds 
Prepare Tolouse: folds 
BuffaloBil32: raises $0.04 to $0.06
Dorex2007: folds 
diiiiego: folds 
arthurscivi: calls $0.04
*** FLOP *** [Jc 5h Tc]
arthurscivi: checks 
BuffaloBil32: bets $0.13
arthurscivi: raises $0.13 to $0.26
BuffaloBil32: calls $0.13
*** TURN *** [Jc 5h Tc] [Kc]
arthurscivi: checks 
BuffaloBil32: checks 
*** RIVER *** [Jc 5h Tc Kc] [Qh]
arthurscivi: bets $0.06
BuffaloBil32: raises $0.38 to $0.44
arthurscivi: calls $0.38
*** SHOW DOWN ***
BuffaloBil32: shows [Ah Js] (a straight, Ten to Ace)
arthurscivi: mucks hand 
BuffaloBil32 collected $1.48 from pot
*** SUMMARY ***
Total pot $1.53 | Rake $0.05 
Board [Jc 5h Tc Kc Qh]
Seat 1: BuffaloBil32 showed [Ah Js] and won ($1.48) with a straight, Ten to Ace
Seat 3: Dorex2007 (button) folded before Flop (didn't bet)
Seat 4: diiiiego (small blind) folded before Flop
Seat 5: arthurscivi (big blind) mucked [Ks Kd]
Seat 6: Parker09SA folded before Flop (didn't bet)
Seat 7: claudesta180 folded before Flop (didn't bet)
Seat 8: frosa9397 folded before Flop (didn't bet)
Seat 9: Prepare Tolouse folded before Flop (didn't bet)



PokerStars Hand #227415418139:  Hold'em No Limit ($0.01/$0.02 USD) - 2021/06/07 18:36:08 PT [2021/06/07 21:36:08 ET]
Table 'Chalonge' 9-max Seat #4 is the button
Seat 1: BuffaloBil32 ($2.29 in chips) 
Seat 3: Dorex2007 ($1.92 in chips) 
Seat 4: diiiiego ($1.97 in chips) 
Seat 5: arthurscivi ($0.66 in chips) 
Seat 6: Parker09SA ($3.48 in chips) 
Seat 7: claudesta180 ($0.29 in chips) 
Seat 8: frosa9397 ($1.92 in chips) 
Seat 9: Prepare Tolouse ($1.03 in chips) 
arthurscivi: posts small blind $0.01
Parker09SA: posts big blind $0.02
*** HOLE CARDS ***
Dealt to Dorex2007 [As 2s]
claudesta180 has timed out
claudesta180: folds 
frosa9397: calls $0.02
Prepare Tolouse: calls $0.02
BuffaloBil32: raises $0.04 to $0.06
Dorex2007: folds 
diiiiego: folds 
arthurscivi: folds 
Parker09SA: folds 
frosa9397: calls $0.04
Prepare Tolouse: calls $0.04
*** FLOP *** [7c 7s Kd]
frosa9397: bets $0.10
Prepare Tolouse: folds 
BuffaloBil32: folds 
Uncalled bet ($0.10) returned to frosa9397
frosa9397 collected $0.20 from pot
frosa9397: doesn't show hand 
*** SUMMARY ***
Total pot $0.21 | Rake $0.01 
Board [7c 7s Kd]
Seat 1: BuffaloBil32 folded on the Flop
Seat 3: Dorex2007 folded before Flop (didn't bet)
Seat 4: diiiiego (button) folded before Flop (didn't bet)
Seat 5: arthurscivi (small blind) folded before Flop
Seat 6: Parker09SA (big blind) folded before Flop
Seat 7: claudesta180 folded before Flop (didn't bet)
Seat 8: frosa9397 collected ($0.20)
Seat 9: Prepare Tolouse folded on the Flop



