PokerStars Hand #225097016171:  Hold'em No Limit ($0.01/$0.02 USD) - 2021/03/22 21:32:41 PT [2021/03/23 0:32:41 ET]
Table 'Benetnasch V' 9-max Seat #7 is the button
Seat 1: Luigiams ($1.97 in chips) 
Seat 2: Dorex2007 ($1.50 in chips) 
Seat 3: k0vacs ($1.88 in chips) 
Seat 4: nebrit2009 ($3.35 in chips) 
Seat 5: feltOneTwo ($2.50 in chips) 
Seat 6: AlekseyAD173 ($0.42 in chips) 
Seat 7: gufjara567 ($3.01 in chips) 
Seat 8: ZM4go ($0.90 in chips) 
Seat 9: pok.mj ($1.68 in chips) 
ZM4go: posts small blind $0.01
pok.mj: posts big blind $0.02
Dorex2007: posts big blind $0.02
*** HOLE CARDS ***
Dealt to Dorex2007 [4c Ah]
Luigiams: folds 
Dorex2007: checks 
k0vacs: raises $0.06 to $0.08
nebrit2009: folds 
feltOneTwo: calls $0.08
AlekseyAD173: folds 
gufjara567: folds 
ZM4go: folds 
pok.mj: folds 
Dorex2007: folds 
*** FLOP *** [6c 7h 7s]
k0vacs: checks 
feltOneTwo: checks 
*** TURN *** [6c 7h 7s] [9h]
k0vacs: checks 
feltOneTwo: checks 
*** RIVER *** [6c 7h 7s 9h] [Qs]
k0vacs: bets $0.10
feltOneTwo: calls $0.10
*** SHOW DOWN ***
k0vacs: shows [Qh Ad] (two pair, Queens and Sevens)
feltOneTwo: mucks hand 
k0vacs collected $0.40 from pot
*** SUMMARY ***
Total pot $0.41 | Rake $0.01 
Board [6c 7h 7s 9h Qs]
Seat 1: Luigiams folded before Flop (didn't bet)
Seat 2: Dorex2007 folded before Flop (didn't bet)
Seat 3: k0vacs showed [Qh Ad] and won ($0.40) with two pair, Queens and Sevens
Seat 4: nebrit2009 folded before Flop (didn't bet)
Seat 5: feltOneTwo mucked [2h 2s]
Seat 6: AlekseyAD173 folded before Flop (didn't bet)
Seat 7: gufjara567 (button) folded before Flop (didn't bet)
Seat 8: ZM4go (small blind) folded before Flop
Seat 9: pok.mj (big blind) folded before Flop



PokerStars Hand #225097027316:  Hold'em No Limit ($0.01/$0.02 USD) - 2021/03/22 21:33:48 PT [2021/03/23 0:33:48 ET]
Table 'Benetnasch V' 9-max Seat #8 is the button
Seat 1: Luigiams ($1.97 in chips) 
Seat 2: Dorex2007 ($1.48 in chips) 
Seat 3: k0vacs ($2.10 in chips) 
Seat 4: nebrit2009 ($3.35 in chips) 
Seat 5: feltOneTwo ($2.32 in chips) 
Seat 6: AlekseyAD173 ($0.42 in chips) 
Seat 7: gufjara567 ($3.01 in chips) 
Seat 8: ZM4go ($0.89 in chips) 
Seat 9: pok.mj ($1.66 in chips) 
pok.mj: posts small blind $0.01
Luigiams: posts big blind $0.02
*** HOLE CARDS ***
Dealt to Dorex2007 [7h As]
Dorex2007: folds 
k0vacs: raises $0.03 to $0.05
nebrit2009: calls $0.05
feltOneTwo: folds 
AlekseyAD173: folds 
gufjara567: calls $0.05
ZM4go: folds 
pok.mj: folds 
Luigiams: calls $0.03
*** FLOP *** [Qc Qs 3c]
Luigiams: checks 
k0vacs: checks 
nebrit2009: checks 
gufjara567: checks 
*** TURN *** [Qc Qs 3c] [9d]
Luigiams: bets $0.04
k0vacs: calls $0.04
nebrit2009: folds 
gufjara567: calls $0.04
*** RIVER *** [Qc Qs 3c 9d] [4s]
Luigiams: checks 
k0vacs: checks 
gufjara567: checks 
*** SHOW DOWN ***
Luigiams: shows [Qh 9s] (a full house, Queens full of Nines)
k0vacs: mucks hand 
gufjara567: mucks hand 
Luigiams collected $0.32 from pot
*** SUMMARY ***
Total pot $0.33 | Rake $0.01 
Board [Qc Qs 3c 9d 4s]
Seat 1: Luigiams (big blind) showed [Qh 9s] and won ($0.32) with a full house, Queens full of Nines
Seat 2: Dorex2007 folded before Flop (didn't bet)
Seat 3: k0vacs mucked [Ac 2c]
Seat 4: nebrit2009 folded on the Turn
Seat 5: feltOneTwo folded before Flop (didn't bet)
Seat 6: AlekseyAD173 folded before Flop (didn't bet)
Seat 7: gufjara567 mucked [9h Td]
Seat 8: ZM4go (button) folded before Flop (didn't bet)
Seat 9: pok.mj (small blind) folded before Flop



PokerStars Hand #225097038357:  Hold'em No Limit ($0.01/$0.02 USD) - 2021/03/22 21:34:54 PT [2021/03/23 0:34:54 ET]
Table 'Benetnasch V' 9-max Seat #9 is the button
Seat 1: Luigiams ($2.20 in chips) 
Seat 2: Dorex2007 ($1.48 in chips) 
Seat 3: k0vacs ($2.01 in chips) 
Seat 4: nebrit2009 ($3.30 in chips) 
Seat 5: feltOneTwo ($2.32 in chips) 
Seat 6: AlekseyAD173 ($0.42 in chips) 
Seat 7: gufjara567 ($2.92 in chips) 
Seat 8: ZM4go ($0.89 in chips) 
Seat 9: pok.mj ($1.65 in chips) 
Luigiams: posts small blind $0.01
Dorex2007: posts big blind $0.02
*** HOLE CARDS ***
Dealt to Dorex2007 [3h 4h]
k0vacs: folds 
nebrit2009: folds 
feltOneTwo: folds 
AlekseyAD173: folds 
gufjara567: folds 
ZM4go: folds 
pok.mj: raises $0.03 to $0.05
Luigiams: folds 
Dorex2007: calls $0.03
*** FLOP *** [6h Th Kh]
Dorex2007: bets $0.14
gufjara567 leaves the table
RazvanBabanu joins the table at seat #7 
pok.mj has timed out
pok.mj: folds 
Uncalled bet ($0.14) returned to Dorex2007
Dorex2007 collected $0.11 from pot
Dorex2007: doesn't show hand 
*** SUMMARY ***
Total pot $0.11 | Rake $0 
Board [6h Th Kh]
Seat 1: Luigiams (small blind) folded before Flop
Seat 2: Dorex2007 (big blind) collected ($0.11)
Seat 3: k0vacs folded before Flop (didn't bet)
Seat 4: nebrit2009 folded before Flop (didn't bet)
Seat 5: feltOneTwo folded before Flop (didn't bet)
Seat 6: AlekseyAD173 folded before Flop (didn't bet)
Seat 7: gufjara567 folded before Flop (didn't bet)
Seat 8: ZM4go folded before Flop (didn't bet)
Seat 9: pok.mj (button) folded on the Flop



PokerStars Hand #225097047983:  Hold'em No Limit ($0.01/$0.02 USD) - 2021/03/22 21:35:51 PT [2021/03/23 0:35:51 ET]
Table 'Benetnasch V' 9-max Seat #1 is the button
Seat 1: Luigiams ($2.19 in chips) 
Seat 2: Dorex2007 ($1.54 in chips) 
Seat 3: k0vacs ($2.01 in chips) 
Seat 4: nebrit2009 ($3.30 in chips) 
Seat 5: feltOneTwo ($2.32 in chips) 
Seat 6: AlekseyAD173 ($0.42 in chips) 
Seat 7: RazvanBabanu ($2 in chips) 
Seat 8: ZM4go ($0.89 in chips) 
Seat 9: pok.mj ($1.60 in chips) 
Dorex2007: posts small blind $0.01
k0vacs: posts big blind $0.02
RazvanBabanu: posts big blind $0.02
*** HOLE CARDS ***
Dealt to Dorex2007 [Td Ks]
nebrit2009: folds 
feltOneTwo: folds 
AlekseyAD173: calls $0.02
RazvanBabanu: checks 
ZM4go: raises $0.06 to $0.08
pok.mj: folds 
Luigiams: calls $0.08
Dorex2007: folds 
k0vacs: folds 
AlekseyAD173: calls $0.06
RazvanBabanu: folds 
*** FLOP *** [7h 9h 5c]
AlekseyAD173: bets $0.28
ZM4go: folds 
Luigiams: folds 
Uncalled bet ($0.28) returned to AlekseyAD173
AlekseyAD173 collected $0.28 from pot
*** SUMMARY ***
Total pot $0.29 | Rake $0.01 
Board [7h 9h 5c]
Seat 1: Luigiams (button) folded on the Flop
Seat 2: Dorex2007 (small blind) folded before Flop
Seat 3: k0vacs (big blind) folded before Flop
Seat 4: nebrit2009 folded before Flop (didn't bet)
Seat 5: feltOneTwo folded before Flop (didn't bet)
Seat 6: AlekseyAD173 collected ($0.28)
Seat 7: RazvanBabanu folded before Flop (didn't bet)
Seat 8: ZM4go folded on the Flop
Seat 9: pok.mj folded before Flop (didn't bet)



PokerStars Hand #225097055834:  Hold'em No Limit ($0.01/$0.02 USD) - 2021/03/22 21:36:38 PT [2021/03/23 0:36:38 ET]
Table 'Benetnasch V' 9-max Seat #2 is the button
Seat 1: Luigiams ($2.11 in chips) 
Seat 2: Dorex2007 ($1.53 in chips) 
Seat 3: k0vacs ($1.99 in chips) 
Seat 4: nebrit2009 ($3.30 in chips) 
Seat 5: feltOneTwo ($2.32 in chips) 
Seat 6: AlekseyAD173 ($0.62 in chips) 
Seat 7: RazvanBabanu ($1.98 in chips) 
Seat 8: ZM4go ($0.81 in chips) 
Seat 9: pok.mj ($1.60 in chips) 
k0vacs: posts small blind $0.01
nebrit2009: posts big blind $0.02
*** HOLE CARDS ***
Dealt to Dorex2007 [5s Qs]
feltOneTwo: folds 
AlekseyAD173: folds 
RazvanBabanu: folds 
ZM4go: folds 
pok.mj: folds 
Luigiams: folds 
Dorex2007: folds 
k0vacs: folds 
Uncalled bet ($0.01) returned to nebrit2009
nebrit2009 collected $0.02 from pot
nebrit2009: doesn't show hand 
*** SUMMARY ***
Total pot $0.02 | Rake $0 
Seat 1: Luigiams folded before Flop (didn't bet)
Seat 2: Dorex2007 (button) folded before Flop (didn't bet)
Seat 3: k0vacs (small blind) folded before Flop
Seat 4: nebrit2009 (big blind) collected ($0.02)
Seat 5: feltOneTwo folded before Flop (didn't bet)
Seat 6: AlekseyAD173 folded before Flop (didn't bet)
Seat 7: RazvanBabanu folded before Flop (didn't bet)
Seat 8: ZM4go folded before Flop (didn't bet)
Seat 9: pok.mj folded before Flop (didn't bet)



PokerStars Hand #225097059868:  Hold'em No Limit ($0.01/$0.02 USD) - 2021/03/22 21:37:03 PT [2021/03/23 0:37:03 ET]
Table 'Benetnasch V' 9-max Seat #3 is the button
Seat 1: Luigiams ($2.11 in chips) 
Seat 2: Dorex2007 ($1.53 in chips) 
Seat 3: k0vacs ($1.98 in chips) 
Seat 4: nebrit2009 ($3.31 in chips) 
Seat 5: feltOneTwo ($2.32 in chips) 
Seat 6: AlekseyAD173 ($0.62 in chips) 
Seat 7: RazvanBabanu ($1.98 in chips) 
Seat 8: ZM4go ($0.81 in chips) 
Seat 9: pok.mj ($1.60 in chips) 
nebrit2009: posts small blind $0.01
feltOneTwo: posts big blind $0.02
*** HOLE CARDS ***
Dealt to Dorex2007 [Ah 8h]
AlekseyAD173: folds 
RazvanBabanu: folds 
ZM4go: raises $0.06 to $0.08
pok.mj: folds 
Luigiams: calls $0.08
Dorex2007: folds 
k0vacs: folds 
nebrit2009: folds 
feltOneTwo: folds 
*** FLOP *** [8d 6h Qs]
ZM4go: bets $0.10
Luigiams: calls $0.10
*** TURN *** [8d 6h Qs] [6d]
ZM4go: bets $0.13
Luigiams: raises $0.13 to $0.26
ZM4go: folds 
Uncalled bet ($0.13) returned to Luigiams
Luigiams collected $0.63 from pot
Luigiams: doesn't show hand 
*** SUMMARY ***
Total pot $0.65 | Rake $0.02 
Board [8d 6h Qs 6d]
Seat 1: Luigiams collected ($0.63)
Seat 2: Dorex2007 folded before Flop (didn't bet)
Seat 3: k0vacs (button) folded before Flop (didn't bet)
Seat 4: nebrit2009 (small blind) folded before Flop
Seat 5: feltOneTwo (big blind) folded before Flop
Seat 6: AlekseyAD173 folded before Flop (didn't bet)
Seat 7: RazvanBabanu folded before Flop (didn't bet)
Seat 8: ZM4go folded on the Turn
Seat 9: pok.mj folded before Flop (didn't bet)



PokerStars Hand #225097066792:  Hold'em No Limit ($0.01/$0.02 USD) - 2021/03/22 21:37:45 PT [2021/03/23 0:37:45 ET]
Table 'Benetnasch V' 9-max Seat #4 is the button
Seat 1: Luigiams ($2.43 in chips) 
Seat 2: Dorex2007 ($1.53 in chips) 
Seat 3: k0vacs ($1.98 in chips) 
Seat 4: nebrit2009 ($3.30 in chips) 
Seat 5: feltOneTwo ($2.30 in chips) 
Seat 6: AlekseyAD173 ($0.62 in chips) 
Seat 7: RazvanBabanu ($1.98 in chips) 
Seat 8: ZM4go ($0.50 in chips) 
Seat 9: pok.mj ($1.60 in chips) 
feltOneTwo: posts small blind $0.01
AlekseyAD173: posts big blind $0.02
*** HOLE CARDS ***
Dealt to Dorex2007 [2d Qh]
RazvanBabanu: folds 
ZM4go: folds 
pok.mj: raises $0.02 to $0.04
Luigiams: calls $0.04
ZM4go leaves the table
Dorex2007: folds 
k0vacs: folds 
nebrit2009: folds 
feltOneTwo: folds 
AlekseyAD173: folds 
*** FLOP *** [7d 8s Qs]
pok.mj: checks 
Luigiams: bets $0.06
EdVince1970 joins the table at seat #8 
pok.mj: calls $0.06
*** TURN *** [7d 8s Qs] [Ad]
pok.mj: checks 
Luigiams: bets $0.08
pok.mj: calls $0.08
*** RIVER *** [7d 8s Qs Ad] [4s]
pok.mj: checks 
Luigiams: checks 
*** SHOW DOWN ***
pok.mj: shows [Ac Kh] (a pair of Aces)
Luigiams: mucks hand 
pok.mj collected $0.38 from pot
*** SUMMARY ***
Total pot $0.39 | Rake $0.01 
Board [7d 8s Qs Ad 4s]
Seat 1: Luigiams mucked [Td Tc]
Seat 2: Dorex2007 folded before Flop (didn't bet)
Seat 3: k0vacs folded before Flop (didn't bet)
Seat 4: nebrit2009 (button) folded before Flop (didn't bet)
Seat 5: feltOneTwo (small blind) folded before Flop
Seat 6: AlekseyAD173 (big blind) folded before Flop
Seat 7: RazvanBabanu folded before Flop (didn't bet)
Seat 8: ZM4go folded before Flop (didn't bet)
Seat 9: pok.mj showed [Ac Kh] and won ($0.38) with a pair of Aces



PokerStars Hand #225097079821:  Hold'em No Limit ($0.01/$0.02 USD) - 2021/03/22 21:39:04 PT [2021/03/23 0:39:04 ET]
Table 'Benetnasch V' 9-max Seat #5 is the button
Seat 1: Luigiams ($2.25 in chips) 
Seat 2: Dorex2007 ($1.53 in chips) 
Seat 3: k0vacs ($1.98 in chips) 
Seat 4: nebrit2009 ($3.30 in chips) 
Seat 5: feltOneTwo ($2.29 in chips) 
Seat 6: AlekseyAD173 ($0.60 in chips) 
Seat 7: RazvanBabanu ($1.98 in chips) 
Seat 8: EdVince1970 ($1.60 in chips) 
Seat 9: pok.mj ($1.80 in chips) 
AlekseyAD173: posts small blind $0.01
RazvanBabanu: posts big blind $0.02
EdVince1970: posts big blind $0.02
*** HOLE CARDS ***
Dealt to Dorex2007 [Th 3h]
EdVince1970: checks 
pok.mj: calls $0.02
Luigiams: folds 
Dorex2007 has timed out
Dorex2007: folds 
k0vacs: folds 
nebrit2009: calls $0.02
feltOneTwo: calls $0.02
AlekseyAD173: calls $0.01
RazvanBabanu: checks 
*** FLOP *** [Js 5h 8d]
AlekseyAD173: checks 
RazvanBabanu: checks 
EdVince1970: checks 
pok.mj: checks 
nebrit2009: checks 
feltOneTwo: checks 
*** TURN *** [Js 5h 8d] [Tc]
AlekseyAD173: checks 
RazvanBabanu: checks 
EdVince1970: checks 
pok.mj: bets $0.06
nebrit2009: folds 
feltOneTwo: folds 
AlekseyAD173: calls $0.06
RazvanBabanu: folds 
EdVince1970: folds 
*** RIVER *** [Js 5h 8d Tc] [8h]
AlekseyAD173: bets $0.10
pok.mj: calls $0.10
*** SHOW DOWN ***
AlekseyAD173: shows [7c 8c] (three of a kind, Eights)
pok.mj: mucks hand 
AlekseyAD173 collected $0.42 from pot
*** SUMMARY ***
Total pot $0.44 | Rake $0.02 
Board [Js 5h 8d Tc 8h]
Seat 1: Luigiams folded before Flop (didn't bet)
Seat 2: Dorex2007 folded before Flop (didn't bet)
Seat 3: k0vacs folded before Flop (didn't bet)
Seat 4: nebrit2009 folded on the Turn
Seat 5: feltOneTwo (button) folded on the Turn
Seat 6: AlekseyAD173 (small blind) showed [7c 8c] and won ($0.42) with three of a kind, Eights
Seat 7: RazvanBabanu (big blind) folded on the Turn
Seat 8: EdVince1970 folded on the Turn (didn't bet)
Seat 9: pok.mj mucked [Ac Td]



PokerStars Hand #225097098243:  Hold'em No Limit ($0.01/$0.02 USD) - 2021/03/22 21:40:58 PT [2021/03/23 0:40:58 ET]
Table 'Benetnasch V' 9-max Seat #6 is the button
Seat 1: Luigiams ($2.25 in chips) 
Seat 2: Dorex2007 ($1.53 in chips) 
Seat 3: k0vacs ($1.98 in chips) 
Seat 4: nebrit2009 ($3.28 in chips) 
Seat 5: feltOneTwo ($2.27 in chips) 
Seat 6: AlekseyAD173 ($0.84 in chips) 
Seat 7: RazvanBabanu ($1.96 in chips) 
Seat 8: EdVince1970 ($1.58 in chips) 
Seat 9: pok.mj ($1.62 in chips) 
RazvanBabanu: posts small blind $0.01
EdVince1970: posts big blind $0.02
*** HOLE CARDS ***
Dealt to Dorex2007 [9h 8s]
pok.mj: folds 
Luigiams: folds 
Dorex2007: folds 
k0vacs: raises $0.03 to $0.05
nebrit2009: folds 
feltOneTwo: calls $0.05
AlekseyAD173: folds 
RazvanBabanu: folds 
EdVince1970: calls $0.03
*** FLOP *** [2h Qs 8d]
EdVince1970: checks 
k0vacs: bets $0.08
feltOneTwo: calls $0.08
EdVince1970: folds 
*** TURN *** [2h Qs 8d] [8c]
k0vacs: checks 
feltOneTwo: checks 
*** RIVER *** [2h Qs 8d 8c] [5s]
k0vacs: checks 
feltOneTwo: checks 
*** SHOW DOWN ***
k0vacs: shows [9c Qc] (two pair, Queens and Eights)
feltOneTwo: mucks hand 
k0vacs collected $0.31 from pot
*** SUMMARY ***
Total pot $0.32 | Rake $0.01 
Board [2h Qs 8d 8c 5s]
Seat 1: Luigiams folded before Flop (didn't bet)
Seat 2: Dorex2007 folded before Flop (didn't bet)
Seat 3: k0vacs showed [9c Qc] and won ($0.31) with two pair, Queens and Eights
Seat 4: nebrit2009 folded before Flop (didn't bet)
Seat 5: feltOneTwo mucked [7d 3d]
Seat 6: AlekseyAD173 (button) folded before Flop (didn't bet)
Seat 7: RazvanBabanu (small blind) folded before Flop
Seat 8: EdVince1970 (big blind) folded on the Flop
Seat 9: pok.mj folded before Flop (didn't bet)



PokerStars Hand #225097107123:  Hold'em No Limit ($0.01/$0.02 USD) - 2021/03/22 21:41:52 PT [2021/03/23 0:41:52 ET]
Table 'Benetnasch V' 9-max Seat #7 is the button
Seat 1: Luigiams ($2.25 in chips) 
Seat 2: Dorex2007 ($1.53 in chips) 
Seat 3: k0vacs ($2.16 in chips) 
Seat 4: nebrit2009 ($3.28 in chips) 
Seat 5: feltOneTwo ($2.14 in chips) 
Seat 6: AlekseyAD173 ($0.84 in chips) 
Seat 7: RazvanBabanu ($1.95 in chips) 
Seat 8: EdVince1970 ($1.53 in chips) 
Seat 9: pok.mj ($1.62 in chips) 
EdVince1970: posts small blind $0.01
pok.mj: posts big blind $0.02
*** HOLE CARDS ***
Dealt to Dorex2007 [6c Th]
Luigiams: folds 
Dorex2007: folds 
k0vacs: folds 
nebrit2009: raises $0.04 to $0.06
feltOneTwo: calls $0.06
AlekseyAD173: folds 
RazvanBabanu: folds 
EdVince1970: calls $0.05
pok.mj: folds 
*** FLOP *** [2s 9s Tc]
EdVince1970: checks 
nebrit2009: checks 
feltOneTwo: bets $0.16
EdVince1970: folds 
nebrit2009: folds 
Uncalled bet ($0.16) returned to feltOneTwo
feltOneTwo collected $0.19 from pot
feltOneTwo: doesn't show hand 
*** SUMMARY ***
Total pot $0.20 | Rake $0.01 
Board [2s 9s Tc]
Seat 1: Luigiams folded before Flop (didn't bet)
Seat 2: Dorex2007 folded before Flop (didn't bet)
Seat 3: k0vacs folded before Flop (didn't bet)
Seat 4: nebrit2009 folded on the Flop
Seat 5: feltOneTwo collected ($0.19)
Seat 6: AlekseyAD173 folded before Flop (didn't bet)
Seat 7: RazvanBabanu (button) folded before Flop (didn't bet)
Seat 8: EdVince1970 (small blind) folded on the Flop
Seat 9: pok.mj (big blind) folded before Flop



PokerStars Hand #225097117631:  Hold'em No Limit ($0.01/$0.02 USD) - 2021/03/22 21:42:57 PT [2021/03/23 0:42:57 ET]
Table 'Benetnasch V' 9-max Seat #8 is the button
Seat 1: Luigiams ($2.25 in chips) 
Seat 2: Dorex2007 ($1.53 in chips) 
Seat 3: k0vacs ($2.16 in chips) 
Seat 4: nebrit2009 ($3.22 in chips) 
Seat 5: feltOneTwo ($2.27 in chips) 
Seat 6: AlekseyAD173 ($0.84 in chips) 
Seat 7: RazvanBabanu ($1.95 in chips) 
Seat 8: EdVince1970 ($1.47 in chips) 
Seat 9: pok.mj ($1.60 in chips) 
pok.mj: posts small blind $0.01
Luigiams: posts big blind $0.02
*** HOLE CARDS ***
Dealt to Dorex2007 [Qc 2d]
Dorex2007: folds 
k0vacs: raises $0.03 to $0.05
nebrit2009: folds 
feltOneTwo: calls $0.05
AlekseyAD173: folds 
RazvanBabanu: folds 
EdVince1970: folds 
pok.mj: folds 
Luigiams: calls $0.03
*** FLOP *** [Kc 6c Ac]
Luigiams: checks 
k0vacs: checks 
feltOneTwo: bets $0.10
Luigiams: folds 
k0vacs: folds 
Uncalled bet ($0.10) returned to feltOneTwo
feltOneTwo collected $0.15 from pot
feltOneTwo: doesn't show hand 
*** SUMMARY ***
Total pot $0.16 | Rake $0.01 
Board [Kc 6c Ac]
Seat 1: Luigiams (big blind) folded on the Flop
Seat 2: Dorex2007 folded before Flop (didn't bet)
Seat 3: k0vacs folded on the Flop
Seat 4: nebrit2009 folded before Flop (didn't bet)
Seat 5: feltOneTwo collected ($0.15)
Seat 6: AlekseyAD173 folded before Flop (didn't bet)
Seat 7: RazvanBabanu folded before Flop (didn't bet)
Seat 8: EdVince1970 (button) folded before Flop (didn't bet)
Seat 9: pok.mj (small blind) folded before Flop



PokerStars Hand #225097126974:  Hold'em No Limit ($0.01/$0.02 USD) - 2021/03/22 21:43:55 PT [2021/03/23 0:43:55 ET]
Table 'Benetnasch V' 9-max Seat #9 is the button
Seat 1: Luigiams ($2.20 in chips) 
Seat 2: Dorex2007 ($1.53 in chips) 
Seat 3: k0vacs ($2.11 in chips) 
Seat 4: nebrit2009 ($3.22 in chips) 
Seat 5: feltOneTwo ($2.37 in chips) 
Seat 6: AlekseyAD173 ($0.84 in chips) 
Seat 7: RazvanBabanu ($1.95 in chips) 
Seat 8: EdVince1970 ($1.47 in chips) 
Seat 9: pok.mj ($1.59 in chips) 
Luigiams: posts small blind $0.01
Dorex2007: posts big blind $0.02
*** HOLE CARDS ***
Dealt to Dorex2007 [6d Jc]
k0vacs: folds 
nebrit2009: calls $0.02
feltOneTwo: raises $0.04 to $0.06
AlekseyAD173: folds 
RazvanBabanu: folds 
EdVince1970: folds 
pok.mj: folds 
Luigiams: folds 
Dorex2007: folds 
nebrit2009: calls $0.04
*** FLOP *** [6h 9c 4d]
nebrit2009: checks 
feltOneTwo: checks 
*** TURN *** [6h 9c 4d] [7d]
nebrit2009: bets $0.07
feltOneTwo: calls $0.07
*** RIVER *** [6h 9c 4d 7d] [7h]
nebrit2009: bets $0.14
feltOneTwo: folds 
Uncalled bet ($0.14) returned to nebrit2009
nebrit2009 collected $0.28 from pot
nebrit2009: doesn't show hand 
*** SUMMARY ***
Total pot $0.29 | Rake $0.01 
Board [6h 9c 4d 7d 7h]
Seat 1: Luigiams (small blind) folded before Flop
Seat 2: Dorex2007 (big blind) folded before Flop
Seat 3: k0vacs folded before Flop (didn't bet)
Seat 4: nebrit2009 collected ($0.28)
Seat 5: feltOneTwo folded on the River
Seat 6: AlekseyAD173 folded before Flop (didn't bet)
Seat 7: RazvanBabanu folded before Flop (didn't bet)
Seat 8: EdVince1970 folded before Flop (didn't bet)
Seat 9: pok.mj (button) folded before Flop (didn't bet)



PokerStars Hand #225097136879:  Hold'em No Limit ($0.01/$0.02 USD) - 2021/03/22 21:44:56 PT [2021/03/23 0:44:56 ET]
Table 'Benetnasch V' 9-max Seat #1 is the button
Seat 1: Luigiams ($2.19 in chips) 
Seat 2: Dorex2007 ($1.51 in chips) 
Seat 3: k0vacs ($2.11 in chips) 
Seat 4: nebrit2009 ($3.37 in chips) 
Seat 5: feltOneTwo ($2.24 in chips) 
Seat 6: AlekseyAD173 ($0.84 in chips) 
Seat 7: RazvanBabanu ($1.95 in chips) 
Seat 8: EdVince1970 ($1.47 in chips) 
Seat 9: pok.mj ($1.59 in chips) 
Dorex2007: posts small blind $0.01
k0vacs: posts big blind $0.02
*** HOLE CARDS ***
Dealt to Dorex2007 [Jh 9h]
nebrit2009: folds 
feltOneTwo: folds 
AlekseyAD173: folds 
RazvanBabanu: folds 
EdVince1970: calls $0.02
pok.mj: folds 
Luigiams: folds 
Dorex2007: calls $0.01
k0vacs: checks 
*** FLOP *** [Ad 2d 2c]
Dorex2007: checks 
k0vacs: checks 
EdVince1970 said, "vel"
EdVince1970: bets $0.06
Dorex2007: folds 
k0vacs: folds 
Uncalled bet ($0.06) returned to EdVince1970
EdVince1970 collected $0.06 from pot
*** SUMMARY ***
Total pot $0.06 | Rake $0 
Board [Ad 2d 2c]
Seat 1: Luigiams (button) folded before Flop (didn't bet)
Seat 2: Dorex2007 (small blind) folded on the Flop
Seat 3: k0vacs (big blind) folded on the Flop
Seat 4: nebrit2009 folded before Flop (didn't bet)
Seat 5: feltOneTwo folded before Flop (didn't bet)
Seat 6: AlekseyAD173 folded before Flop (didn't bet)
Seat 7: RazvanBabanu folded before Flop (didn't bet)
Seat 8: EdVince1970 collected ($0.06)
Seat 9: pok.mj folded before Flop (didn't bet)



PokerStars Hand #225097150282:  Hold'em No Limit ($0.01/$0.02 USD) - 2021/03/22 21:45:33 PT [2021/03/23 0:45:33 ET]
Table 'Benetnasch V' 9-max Seat #2 is the button
Seat 1: Luigiams ($2.19 in chips) 
Seat 2: Dorex2007 ($1.49 in chips) 
Seat 3: k0vacs ($2.09 in chips) 
Seat 4: nebrit2009 ($3.37 in chips) 
Seat 5: feltOneTwo ($2.24 in chips) 
Seat 6: AlekseyAD173 ($0.84 in chips) 
Seat 7: RazvanBabanu ($1.95 in chips) 
Seat 8: EdVince1970 ($1.51 in chips) 
Seat 9: pok.mj ($1.59 in chips) 
k0vacs: posts small blind $0.01
nebrit2009: posts big blind $0.02
*** HOLE CARDS ***
Dealt to Dorex2007 [2d 4c]
feltOneTwo: raises $0.04 to $0.06
AlekseyAD173: folds 
RazvanBabanu: folds 
EdVince1970: folds 
pok.mj: folds 
Luigiams: folds 
Dorex2007: folds 
k0vacs: folds 
nebrit2009: folds 
Uncalled bet ($0.04) returned to feltOneTwo
feltOneTwo collected $0.05 from pot
feltOneTwo: doesn't show hand 
*** SUMMARY ***
Total pot $0.05 | Rake $0 
Seat 1: Luigiams folded before Flop (didn't bet)
Seat 2: Dorex2007 (button) folded before Flop (didn't bet)
Seat 3: k0vacs (small blind) folded before Flop
Seat 4: nebrit2009 (big blind) folded before Flop
Seat 5: feltOneTwo collected ($0.05)
Seat 6: AlekseyAD173 folded before Flop (didn't bet)
Seat 7: RazvanBabanu folded before Flop (didn't bet)
Seat 8: EdVince1970 folded before Flop (didn't bet)
Seat 9: pok.mj folded before Flop (didn't bet)



PokerStars Hand #225097155007:  Hold'em No Limit ($0.01/$0.02 USD) - 2021/03/22 21:46:02 PT [2021/03/23 0:46:02 ET]
Table 'Benetnasch V' 9-max Seat #3 is the button
Seat 1: Luigiams ($2.19 in chips) 
Seat 2: Dorex2007 ($1.49 in chips) 
Seat 3: k0vacs ($2.08 in chips) 
Seat 4: nebrit2009 ($3.35 in chips) 
Seat 5: feltOneTwo ($2.27 in chips) 
Seat 6: AlekseyAD173 ($0.84 in chips) 
Seat 7: RazvanBabanu ($1.95 in chips) 
Seat 8: EdVince1970 ($1.51 in chips) 
Seat 9: pok.mj ($1.59 in chips) 
nebrit2009: posts small blind $0.01
feltOneTwo: posts big blind $0.02
*** HOLE CARDS ***
Dealt to Dorex2007 [Ah 7c]
AlekseyAD173: folds 
RazvanBabanu: folds 
EdVince1970: raises $0.02 to $0.04
pok.mj: calls $0.04
Luigiams: folds 
Dorex2007: folds 
k0vacs: folds 
nebrit2009: folds 
feltOneTwo: calls $0.02
*** FLOP *** [Ks 6h Kh]
feltOneTwo: checks 
EdVince1970: checks 
pok.mj: checks 
*** TURN *** [Ks 6h Kh] [Ad]
feltOneTwo: checks 
EdVince1970: checks 
pok.mj: checks 
*** RIVER *** [Ks 6h Kh Ad] [Jd]
feltOneTwo: checks 
EdVince1970: checks 
pok.mj: checks 
*** SHOW DOWN ***
feltOneTwo: shows [Qc 8c] (a pair of Kings)
EdVince1970: shows [5d 5c] (two pair, Kings and Fives)
pok.mj: shows [Jc Td] (two pair, Kings and Jacks)
pok.mj collected $0.13 from pot
*** SUMMARY ***
Total pot $0.13 | Rake $0 
Board [Ks 6h Kh Ad Jd]
Seat 1: Luigiams folded before Flop (didn't bet)
Seat 2: Dorex2007 folded before Flop (didn't bet)
Seat 3: k0vacs (button) folded before Flop (didn't bet)
Seat 4: nebrit2009 (small blind) folded before Flop
Seat 5: feltOneTwo (big blind) showed [Qc 8c] and lost with a pair of Kings
Seat 6: AlekseyAD173 folded before Flop (didn't bet)
Seat 7: RazvanBabanu folded before Flop (didn't bet)
Seat 8: EdVince1970 showed [5d 5c] and lost with two pair, Kings and Fives
Seat 9: pok.mj showed [Jc Td] and won ($0.13) with two pair, Kings and Jacks



PokerStars Hand #225097167868:  Hold'em No Limit ($0.01/$0.02 USD) - 2021/03/22 21:47:21 PT [2021/03/23 0:47:21 ET]
Table 'Benetnasch V' 9-max Seat #4 is the button
Seat 1: Luigiams ($2.19 in chips) 
Seat 2: Dorex2007 ($1.49 in chips) 
Seat 3: k0vacs ($2.08 in chips) 
Seat 4: nebrit2009 ($3.34 in chips) 
Seat 5: feltOneTwo ($2.23 in chips) 
Seat 6: AlekseyAD173 ($0.84 in chips) 
Seat 7: RazvanBabanu ($1.95 in chips) 
Seat 8: EdVince1970 ($1.47 in chips) 
Seat 9: pok.mj ($1.68 in chips) 
feltOneTwo: posts small blind $0.01
AlekseyAD173: posts big blind $0.02
*** HOLE CARDS ***
Dealt to Dorex2007 [Jh 7s]
RazvanBabanu: calls $0.02
EdVince1970 has timed out
EdVince1970: folds 
pok.mj: folds 
Luigiams: folds 
Dorex2007: folds 
k0vacs: folds 
nebrit2009: folds 
feltOneTwo: raises $0.04 to $0.06
AlekseyAD173: folds 
RazvanBabanu: calls $0.04
*** FLOP *** [Qh 7d 6d]
feltOneTwo: checks 
RazvanBabanu: checks 
*** TURN *** [Qh 7d 6d] [5d]
feltOneTwo: checks 
RazvanBabanu: checks 
*** RIVER *** [Qh 7d 6d 5d] [Qc]
feltOneTwo: checks 
RazvanBabanu: checks 
*** SHOW DOWN ***
feltOneTwo: shows [Ad 4c] (a pair of Queens)
RazvanBabanu: mucks hand 
feltOneTwo collected $0.14 from pot
*** SUMMARY ***
Total pot $0.14 | Rake $0 
Board [Qh 7d 6d 5d Qc]
Seat 1: Luigiams folded before Flop (didn't bet)
Seat 2: Dorex2007 folded before Flop (didn't bet)
Seat 3: k0vacs folded before Flop (didn't bet)
Seat 4: nebrit2009 (button) folded before Flop (didn't bet)
Seat 5: feltOneTwo (small blind) showed [Ad 4c] and won ($0.14) with a pair of Queens
Seat 6: AlekseyAD173 (big blind) folded before Flop
Seat 7: RazvanBabanu mucked [Kc 9c]
Seat 8: EdVince1970 folded before Flop (didn't bet)
Seat 9: pok.mj folded before Flop (didn't bet)



PokerStars Hand #225097175454:  Hold'em No Limit ($0.01/$0.02 USD) - 2021/03/22 21:48:10 PT [2021/03/23 0:48:10 ET]
Table 'Benetnasch V' 9-max Seat #5 is the button
Seat 1: Luigiams ($2.19 in chips) 
Seat 2: Dorex2007 ($1.49 in chips) 
Seat 3: k0vacs ($2.08 in chips) 
Seat 4: nebrit2009 ($3.34 in chips) 
Seat 5: feltOneTwo ($2.31 in chips) 
Seat 6: AlekseyAD173 ($0.82 in chips) 
Seat 7: RazvanBabanu ($1.89 in chips) 
Seat 8: EdVince1970 ($1.47 in chips) 
Seat 9: pok.mj ($1.68 in chips) 
AlekseyAD173: posts small blind $0.01
RazvanBabanu: posts big blind $0.02
*** HOLE CARDS ***
Dealt to Dorex2007 [5c Td]
EdVince1970 has timed out
EdVince1970: folds 
pok.mj: raises $0.02 to $0.04
Luigiams: calls $0.04
Dorex2007: folds 
k0vacs: folds 
nebrit2009: folds 
feltOneTwo: calls $0.04
AlekseyAD173: folds 
RazvanBabanu: folds 
*** FLOP *** [2d 3c 8s]
pok.mj: checks 
Luigiams: checks 
feltOneTwo: checks 
*** TURN *** [2d 3c 8s] [Qh]
pok.mj: bets $0.12
Luigiams: folds 
feltOneTwo: folds 
Uncalled bet ($0.12) returned to pok.mj
pok.mj collected $0.14 from pot
pok.mj: doesn't show hand 
*** SUMMARY ***
Total pot $0.15 | Rake $0.01 
Board [2d 3c 8s Qh]
Seat 1: Luigiams folded on the Turn
Seat 2: Dorex2007 folded before Flop (didn't bet)
Seat 3: k0vacs folded before Flop (didn't bet)
Seat 4: nebrit2009 folded before Flop (didn't bet)
Seat 5: feltOneTwo (button) folded on the Turn
Seat 6: AlekseyAD173 (small blind) folded before Flop
Seat 7: RazvanBabanu (big blind) folded before Flop
Seat 8: EdVince1970 folded before Flop (didn't bet)
Seat 9: pok.mj collected ($0.14)



PokerStars Hand #225097187614:  Hold'em No Limit ($0.01/$0.02 USD) - 2021/03/22 21:49:28 PT [2021/03/23 0:49:28 ET]
Table 'Benetnasch V' 9-max Seat #6 is the button
Seat 1: Luigiams ($2.15 in chips) 
Seat 2: Dorex2007 ($1.49 in chips) 
Seat 3: k0vacs ($2.08 in chips) 
Seat 4: nebrit2009 ($3.34 in chips) 
Seat 5: feltOneTwo ($2.27 in chips) 
Seat 6: AlekseyAD173 ($0.81 in chips) 
Seat 7: RazvanBabanu ($1.87 in chips) 
Seat 8: EdVince1970 ($1.47 in chips) 
Seat 9: pok.mj ($1.78 in chips) 
RazvanBabanu: posts small blind $0.01
EdVince1970: posts big blind $0.02
*** HOLE CARDS ***
Dealt to Dorex2007 [5s Qh]
pok.mj: raises $0.02 to $0.04
Luigiams: folds 
Dorex2007: folds 
k0vacs: calls $0.04
nebrit2009: folds 
feltOneTwo: folds 
AlekseyAD173: folds 
RazvanBabanu: calls $0.03
EdVince1970: folds 
*** FLOP *** [Qc 7d Qd]
RazvanBabanu: checks 
pok.mj: bets $0.08
k0vacs: calls $0.08
RazvanBabanu: folds 
*** TURN *** [Qc 7d Qd] [9s]
pok.mj: checks 
k0vacs: checks 
*** RIVER *** [Qc 7d Qd 9s] [4s]
pok.mj: checks 
k0vacs: checks 
*** SHOW DOWN ***
pok.mj: shows [As Jh] (a pair of Queens)
k0vacs: shows [8c 8d] (two pair, Queens and Eights)
k0vacs collected $0.29 from pot
*** SUMMARY ***
Total pot $0.30 | Rake $0.01 
Board [Qc 7d Qd 9s 4s]
Seat 1: Luigiams folded before Flop (didn't bet)
Seat 2: Dorex2007 folded before Flop (didn't bet)
Seat 3: k0vacs showed [8c 8d] and won ($0.29) with two pair, Queens and Eights
Seat 4: nebrit2009 folded before Flop (didn't bet)
Seat 5: feltOneTwo folded before Flop (didn't bet)
Seat 6: AlekseyAD173 (button) folded before Flop (didn't bet)
Seat 7: RazvanBabanu (small blind) folded on the Flop
Seat 8: EdVince1970 (big blind) folded before Flop
Seat 9: pok.mj showed [As Jh] and lost with a pair of Queens



PokerStars Hand #225097194681:  Hold'em No Limit ($0.01/$0.02 USD) - 2021/03/22 21:50:13 PT [2021/03/23 0:50:13 ET]
Table 'Benetnasch V' 9-max Seat #7 is the button
Seat 1: Luigiams ($2.15 in chips) 
Seat 2: Dorex2007 ($1.49 in chips) 
Seat 3: k0vacs ($2.25 in chips) 
Seat 4: nebrit2009 ($3.34 in chips) 
Seat 5: feltOneTwo ($2.27 in chips) 
Seat 6: AlekseyAD173 ($0.81 in chips) 
Seat 7: RazvanBabanu ($1.83 in chips) 
Seat 8: EdVince1970 ($1.45 in chips) 
Seat 9: pok.mj ($1.66 in chips) 
EdVince1970: posts small blind $0.01
pok.mj: posts big blind $0.02
*** HOLE CARDS ***
Dealt to Dorex2007 [4d Td]
Luigiams: folds 
Dorex2007: folds 
k0vacs: folds 
nebrit2009: folds 
feltOneTwo: folds 
AlekseyAD173: folds 
RazvanBabanu: folds 
EdVince1970: folds 
Uncalled bet ($0.01) returned to pok.mj
pok.mj collected $0.02 from pot
pok.mj: doesn't show hand 
*** SUMMARY ***
Total pot $0.02 | Rake $0 
Seat 1: Luigiams folded before Flop (didn't bet)
Seat 2: Dorex2007 folded before Flop (didn't bet)
Seat 3: k0vacs folded before Flop (didn't bet)
Seat 4: nebrit2009 folded before Flop (didn't bet)
Seat 5: feltOneTwo folded before Flop (didn't bet)
Seat 6: AlekseyAD173 folded before Flop (didn't bet)
Seat 7: RazvanBabanu (button) folded before Flop (didn't bet)
Seat 8: EdVince1970 (small blind) folded before Flop
Seat 9: pok.mj (big blind) collected ($0.02)



PokerStars Hand #225097196310:  Hold'em No Limit ($0.01/$0.02 USD) - 2021/03/22 21:50:24 PT [2021/03/23 0:50:24 ET]
Table 'Benetnasch V' 9-max Seat #8 is the button
Seat 1: Luigiams ($2.15 in chips) 
Seat 2: Dorex2007 ($1.49 in chips) 
Seat 3: k0vacs ($2.25 in chips) 
Seat 4: nebrit2009 ($3.34 in chips) 
Seat 5: feltOneTwo ($2.27 in chips) 
Seat 6: AlekseyAD173 ($0.81 in chips) 
Seat 7: RazvanBabanu ($1.83 in chips) 
Seat 8: EdVince1970 ($1.44 in chips) 
Seat 9: pok.mj ($1.67 in chips) 
pok.mj: posts small blind $0.01
Luigiams: posts big blind $0.02
*** HOLE CARDS ***
Dealt to Dorex2007 [7d Ah]
Dorex2007 has timed out
Dorex2007: folds 
k0vacs: folds 
nebrit2009: folds 
feltOneTwo: folds 
AlekseyAD173: folds 
RazvanBabanu: folds 
EdVince1970: folds 
pok.mj: folds 
Uncalled bet ($0.01) returned to Luigiams
Luigiams collected $0.02 from pot
Luigiams: doesn't show hand 
*** SUMMARY ***
Total pot $0.02 | Rake $0 
Seat 1: Luigiams (big blind) collected ($0.02)
Seat 2: Dorex2007 folded before Flop (didn't bet)
Seat 3: k0vacs folded before Flop (didn't bet)
Seat 4: nebrit2009 folded before Flop (didn't bet)
Seat 5: feltOneTwo folded before Flop (didn't bet)
Seat 6: AlekseyAD173 folded before Flop (didn't bet)
Seat 7: RazvanBabanu folded before Flop (didn't bet)
Seat 8: EdVince1970 (button) folded before Flop (didn't bet)
Seat 9: pok.mj (small blind) folded before Flop



PokerStars Hand #225097217047:  Hold'em No Limit ($0.01/$0.02 USD) - 2021/03/22 21:52:38 PT [2021/03/23 0:52:38 ET]
Table 'Benetnasch V' 9-max Seat #3 is the button
Seat 1: Luigiams ($2.18 in chips) 
Seat 2: Dorex2007 ($1.49 in chips) 
Seat 3: k0vacs ($2.21 in chips) 
Seat 5: feltOneTwo ($2.25 in chips) 
Seat 7: RazvanBabanu ($1.87 in chips) 
Seat 8: EdVince1970 ($1.44 in chips) 
Seat 9: pok.mj ($1.66 in chips) 
feltOneTwo: posts small blind $0.01
RazvanBabanu: posts big blind $0.02
Dorex2007: posts small & big blinds $0.03
*** HOLE CARDS ***
Dealt to Dorex2007 [Qh 4d]
EdVince1970: calls $0.02
pok.mj: folds 
Luigiams: calls $0.02
Dorex2007: checks 
k0vacs: raises $0.04 to $0.06
feltOneTwo: folds 
RazvanBabanu: folds 
EdVince1970: calls $0.04
Luigiams: calls $0.04
Dorex2007: folds 
*** FLOP *** [7s Js 7d]
EdVince1970: checks 
Luigiams: checks 
k0vacs: bets $0.08
EdVince1970: folds 
Luigiams: calls $0.08
*** TURN *** [7s Js 7d] [2s]
Luigiams: checks 
k0vacs: checks 
*** RIVER *** [7s Js 7d 2s] [9d]
AlekseyAD173 leaves the table
Luigiams: bets $0.12
sorted1963 joins the table at seat #4 
k0vacs: calls $0.12
*** SHOW DOWN ***
Luigiams: shows [Ks 7h] (three of a kind, Sevens)
k0vacs: mucks hand 
Luigiams collected $0.62 from pot
*** SUMMARY ***
Total pot $0.64 | Rake $0.02 
Board [7s Js 7d 2s 9d]
Seat 1: Luigiams showed [Ks 7h] and won ($0.62) with three of a kind, Sevens
Seat 2: Dorex2007 folded before Flop (didn't bet)
Seat 3: k0vacs (button) mucked [Jh Qd]
Seat 5: feltOneTwo (small blind) folded before Flop
Seat 7: RazvanBabanu (big blind) folded before Flop
Seat 8: EdVince1970 folded on the Flop
Seat 9: pok.mj folded before Flop (didn't bet)



PokerStars Hand #225097236772:  Hold'em No Limit ($0.01/$0.02 USD) - 2021/03/22 21:54:17 PT [2021/03/23 0:54:17 ET]
Table 'Benetnasch V' 9-max Seat #5 is the button
Seat 1: Luigiams ($2.54 in chips) 
Seat 2: Dorex2007 ($1.46 in chips) 
Seat 3: k0vacs ($1.95 in chips) 
Seat 4: sorted1963 ($1.98 in chips) 
Seat 5: feltOneTwo ($2.24 in chips) 
Seat 7: RazvanBabanu ($1.85 in chips) 
Seat 8: EdVince1970 ($1.38 in chips) 
Seat 9: pok.mj ($1.66 in chips) 
RazvanBabanu: posts small blind $0.01
EdVince1970: posts big blind $0.02
sorted1963: posts big blind $0.02
*** HOLE CARDS ***
Dealt to Dorex2007 [3s 5h]
pok.mj: calls $0.02
Luigiams: folds 
Dorex2007: folds 
k0vacs: folds 
MrThomas28 joins the table at seat #6 
sorted1963: checks 
feltOneTwo: raises $0.04 to $0.06
RazvanBabanu: folds 
EdVince1970: folds 
pok.mj: calls $0.04
sorted1963: folds 
*** FLOP *** [6s Jc 6c]
pok.mj: checks 
feltOneTwo: checks 
*** TURN *** [6s Jc 6c] [Kd]
pok.mj: checks 
feltOneTwo: checks 
*** RIVER *** [6s Jc 6c Kd] [Js]
pok.mj: checks 
feltOneTwo: checks 
*** SHOW DOWN ***
pok.mj: shows [As Qs] (two pair, Jacks and Sixes)
feltOneTwo: mucks hand 
pok.mj collected $0.16 from pot
*** SUMMARY ***
Total pot $0.17 | Rake $0.01 
Board [6s Jc 6c Kd Js]
Seat 1: Luigiams folded before Flop (didn't bet)
Seat 2: Dorex2007 folded before Flop (didn't bet)
Seat 3: k0vacs folded before Flop (didn't bet)
Seat 4: sorted1963 folded before Flop (didn't bet)
Seat 5: feltOneTwo (button) mucked [3d 3c]
Seat 7: RazvanBabanu (small blind) folded before Flop
Seat 8: EdVince1970 (big blind) folded before Flop
Seat 9: pok.mj showed [As Qs] and won ($0.16) with two pair, Jacks and Sixes



PokerStars Hand #225097249203:  Hold'em No Limit ($0.01/$0.02 USD) - 2021/03/22 21:55:40 PT [2021/03/23 0:55:40 ET]
Table 'Benetnasch V' 9-max Seat #7 is the button
Seat 1: Luigiams ($2.54 in chips) 
Seat 2: Dorex2007 ($1.46 in chips) 
Seat 3: k0vacs ($1.95 in chips) 
Seat 4: sorted1963 ($1.96 in chips) 
Seat 5: feltOneTwo ($2.18 in chips) 
Seat 7: RazvanBabanu ($1.84 in chips) 
Seat 8: EdVince1970 ($1.36 in chips) 
Seat 9: pok.mj ($1.76 in chips) 
EdVince1970: posts small blind $0.01
pok.mj: posts big blind $0.02
MrThomas28: sits out 
*** HOLE CARDS ***
Dealt to Dorex2007 [4d 8c]
Luigiams: folds 
Dorex2007: folds 
k0vacs: folds 
sorted1963: calls $0.02
feltOneTwo: folds 
RazvanBabanu: calls $0.02
EdVince1970: folds 
pok.mj: checks 
*** FLOP *** [Td 4s 9c]
pok.mj: checks 
sorted1963: bets $0.04
RazvanBabanu: folds 
pok.mj: folds 
Uncalled bet ($0.04) returned to sorted1963
sorted1963 collected $0.07 from pot
sorted1963: doesn't show hand 
*** SUMMARY ***
Total pot $0.07 | Rake $0 
Board [Td 4s 9c]
Seat 1: Luigiams folded before Flop (didn't bet)
Seat 2: Dorex2007 folded before Flop (didn't bet)
Seat 3: k0vacs folded before Flop (didn't bet)
Seat 4: sorted1963 collected ($0.07)
Seat 5: feltOneTwo folded before Flop (didn't bet)
Seat 7: RazvanBabanu (button) folded on the Flop
Seat 8: EdVince1970 (small blind) folded before Flop
Seat 9: pok.mj (big blind) folded on the Flop



PokerStars Hand #225097253270:  Hold'em No Limit ($0.01/$0.02 USD) - 2021/03/22 21:56:11 PT [2021/03/23 0:56:11 ET]
Table 'Benetnasch V' 9-max Seat #8 is the button
Seat 1: Luigiams ($2.54 in chips) 
Seat 2: Dorex2007 ($1.46 in chips) 
Seat 3: k0vacs ($1.95 in chips) 
Seat 4: sorted1963 ($2.01 in chips) 
Seat 5: feltOneTwo ($2.18 in chips) 
Seat 7: RazvanBabanu ($1.82 in chips) 
Seat 8: EdVince1970 ($1.35 in chips) 
Seat 9: pok.mj ($1.74 in chips) 
pok.mj: posts small blind $0.01
Luigiams: posts big blind $0.02
MrThomas28: sits out 
*** HOLE CARDS ***
Dealt to Dorex2007 [7h 6d]
Dorex2007: folds 
k0vacs: folds 
sorted1963: folds 
k0vacs leaves the table
feltOneTwo: folds 
RazvanBabanu: calls $0.02
EdVince1970: folds 
pok.mj: raises $0.02 to $0.04
Luigiams: calls $0.02
RazvanBabanu: calls $0.02
*** FLOP *** [4c 4d 3d]
pok.mj: checks 
Lawii35 joins the table at seat #3 
Luigiams: checks 
RazvanBabanu: bets $0.12
Lawii35 leaves the table
pok.mj: calls $0.12
Luigiams: folds 
*** TURN *** [4c 4d 3d] [2h]
pok.mj: bets $0.08
RazvanBabanu: calls $0.08
*** RIVER *** [4c 4d 3d 2h] [2s]
pok.mj: checks 
RazvanBabanu: checks 
*** SHOW DOWN ***
pok.mj: shows [Jd Ks] (two pair, Fours and Deuces)
RazvanBabanu: shows [8h 8c] (two pair, Eights and Fours)
RazvanBabanu collected $0.50 from pot
*** SUMMARY ***
Total pot $0.52 | Rake $0.02 
Board [4c 4d 3d 2h 2s]
Seat 1: Luigiams (big blind) folded on the Flop
Seat 2: Dorex2007 folded before Flop (didn't bet)
Seat 3: k0vacs folded before Flop (didn't bet)
Seat 4: sorted1963 folded before Flop (didn't bet)
Seat 5: feltOneTwo folded before Flop (didn't bet)
Seat 7: RazvanBabanu showed [8h 8c] and won ($0.50) with two pair, Eights and Fours
Seat 8: EdVince1970 (button) folded before Flop (didn't bet)
Seat 9: pok.mj (small blind) showed [Jd Ks] and lost with two pair, Fours and Deuces



PokerStars Hand #225097265171:  Hold'em No Limit ($0.01/$0.02 USD) - 2021/03/22 21:57:41 PT [2021/03/23 0:57:41 ET]
Table 'Benetnasch V' 9-max Seat #9 is the button
Seat 1: Luigiams ($2.50 in chips) 
Seat 2: Dorex2007 ($1.46 in chips) 
Seat 4: sorted1963 ($2.01 in chips) 
Seat 5: feltOneTwo ($2.18 in chips) 
Seat 7: RazvanBabanu ($2.08 in chips) 
Seat 8: EdVince1970 ($1.35 in chips) 
Seat 9: pok.mj ($1.50 in chips) 
Luigiams: posts small blind $0.01
Dorex2007: posts big blind $0.02
MrThomas28: sits out 
*** HOLE CARDS ***
Dealt to Dorex2007 [As 5h]
sorted1963: folds 
feltOneTwo: raises $0.04 to $0.06
RazvanBabanu: folds 
EdVince1970: folds 
pok.mj: calls $0.06
Luigiams: folds 
Dorex2007: folds 
*** FLOP *** [2d 3s Jc]
feltOneTwo: checks 
pok.mj: bets $0.08
feltOneTwo: folds 
Uncalled bet ($0.08) returned to pok.mj
Vijai Ronin joins the table at seat #3 
pok.mj collected $0.14 from pot
pok.mj: doesn't show hand 
*** SUMMARY ***
Total pot $0.15 | Rake $0.01 
Board [2d 3s Jc]
Seat 1: Luigiams (small blind) folded before Flop
Seat 2: Dorex2007 (big blind) folded before Flop
Seat 4: sorted1963 folded before Flop (didn't bet)
Seat 5: feltOneTwo folded on the Flop
Seat 7: RazvanBabanu folded before Flop (didn't bet)
Seat 8: EdVince1970 folded before Flop (didn't bet)
Seat 9: pok.mj (button) collected ($0.14)



PokerStars Hand #225097269405:  Hold'em No Limit ($0.01/$0.02 USD) - 2021/03/22 21:58:13 PT [2021/03/23 0:58:13 ET]
Table 'Benetnasch V' 9-max Seat #1 is the button
Seat 1: Luigiams ($2.49 in chips) 
Seat 2: Dorex2007 ($1.44 in chips) 
Seat 3: Vijai Ronin ($2 in chips) 
Seat 4: sorted1963 ($2.01 in chips) 
Seat 5: feltOneTwo ($2.12 in chips) 
Seat 7: RazvanBabanu ($2.08 in chips) 
Seat 8: EdVince1970 ($1.35 in chips) 
Seat 9: pok.mj ($1.58 in chips) 
Dorex2007: posts small blind $0.01
Vijai Ronin: posts big blind $0.02
MrThomas28: sits out 
*** HOLE CARDS ***
Dealt to Dorex2007 [7h 3h]
sorted1963: calls $0.02
feltOneTwo has timed out
feltOneTwo: folds 
RazvanBabanu: calls $0.02
EdVince1970: calls $0.02
pok.mj: folds 
Luigiams: calls $0.02
Dorex2007: folds 
Vijai Ronin: checks 
*** FLOP *** [4c Ad 9h]
Vijai Ronin: checks 
sorted1963: checks 
RazvanBabanu: checks 
EdVince1970: bets $0.11
Luigiams: folds 
MrThomas28 leaves the table
Vijai Ronin: folds 
sorted1963: folds 
RazvanBabanu: folds 
Uncalled bet ($0.11) returned to EdVince1970
EdVince1970 collected $0.11 from pot
*** SUMMARY ***
Total pot $0.11 | Rake $0 
Board [4c Ad 9h]
Seat 1: Luigiams (button) folded on the Flop
Seat 2: Dorex2007 (small blind) folded before Flop
Seat 3: Vijai Ronin (big blind) folded on the Flop
Seat 4: sorted1963 folded on the Flop
Seat 5: feltOneTwo folded before Flop (didn't bet)
Seat 7: RazvanBabanu folded on the Flop
Seat 8: EdVince1970 collected ($0.11)
Seat 9: pok.mj folded before Flop (didn't bet)



PokerStars Hand #225097276851:  Hold'em No Limit ($0.01/$0.02 USD) - 2021/03/22 21:59:10 PT [2021/03/23 0:59:10 ET]
Table 'Benetnasch V' 9-max Seat #2 is the button
Seat 1: Luigiams ($2.47 in chips) 
Seat 2: Dorex2007 ($1.43 in chips) 
Seat 3: Vijai Ronin ($1.98 in chips) 
Seat 4: sorted1963 ($1.99 in chips) 
Seat 5: feltOneTwo ($2.12 in chips) 
Seat 7: RazvanBabanu ($2.06 in chips) 
Seat 8: EdVince1970 ($1.44 in chips) 
Seat 9: pok.mj ($1.58 in chips) 
Vijai Ronin: posts small blind $0.01
sorted1963: posts big blind $0.02
*** HOLE CARDS ***
Dealt to Dorex2007 [Kc 3d]
feltOneTwo: raises $0.04 to $0.06
RazvanBabanu: folds 
EdVince1970: raises $0.15 to $0.21
pok.mj: folds 
Luigiams: folds 
Dorex2007: folds 
Vijai Ronin: folds 
sorted1963: folds 
feltOneTwo: calls $0.15
*** FLOP *** [As 5c 3h]
feltOneTwo: checks 
EdVince1970: bets $0.14
feltOneTwo: calls $0.14
*** TURN *** [As 5c 3h] [Qc]
feltOneTwo: checks 
EdVince1970: bets $1.09 and is all-in
feltOneTwo: folds 
Uncalled bet ($1.09) returned to EdVince1970
EdVince1970 collected $0.70 from pot
*** SUMMARY ***
Total pot $0.73 | Rake $0.03 
Board [As 5c 3h Qc]
Seat 1: Luigiams folded before Flop (didn't bet)
Seat 2: Dorex2007 (button) folded before Flop (didn't bet)
Seat 3: Vijai Ronin (small blind) folded before Flop
Seat 4: sorted1963 (big blind) folded before Flop
Seat 5: feltOneTwo folded on the Turn
Seat 7: RazvanBabanu folded before Flop (didn't bet)
Seat 8: EdVince1970 collected ($0.70)
Seat 9: pok.mj folded before Flop (didn't bet)



PokerStars Hand #225097285917:  Hold'em No Limit ($0.01/$0.02 USD) - 2021/03/22 22:00:19 PT [2021/03/23 1:00:19 ET]
Table 'Benetnasch V' 9-max Seat #3 is the button
Seat 1: Luigiams ($2.47 in chips) 
Seat 2: Dorex2007 ($1.43 in chips) 
Seat 3: Vijai Ronin ($1.97 in chips) 
Seat 4: sorted1963 ($1.97 in chips) 
Seat 5: feltOneTwo ($1.77 in chips) 
Seat 7: RazvanBabanu ($2.06 in chips) 
Seat 8: EdVince1970 ($1.79 in chips) 
Seat 9: pok.mj ($1.58 in chips) 
sorted1963: posts small blind $0.01
feltOneTwo: posts big blind $0.02
*** HOLE CARDS ***
Dealt to Dorex2007 [2d 6h]
RazvanBabanu: folds 
EdVince1970: folds 
Decay_000 joins the table at seat #6 
pok.mj: calls $0.02
Luigiams: raises $0.04 to $0.06
Dorex2007: folds 
Vijai Ronin: folds 
sorted1963: calls $0.05
feltOneTwo: calls $0.04
pok.mj: calls $0.04
*** FLOP *** [4h 5s 8s]
sorted1963: bets $0.06
feltOneTwo: raises $0.23 to $0.29
pok.mj has timed out
pok.mj: folds 
Luigiams: folds 
sorted1963: raises $1.62 to $1.91 and is all-in
feltOneTwo: calls $1.42 and is all-in
Uncalled bet ($0.20) returned to sorted1963
*** TURN *** [4h 5s 8s] [9h]
*** RIVER *** [4h 5s 8s 9h] [Kc]
*** SHOW DOWN ***
sorted1963: shows [5h 5d] (three of a kind, Fives)
feltOneTwo: shows [8h 7s] (a pair of Eights)
sorted1963 cashed out the hand for $2.87 | Cash Out Fee $0.03
*** SUMMARY ***
Total pot $3.66 | Rake $0.13 
Board [4h 5s 8s 9h Kc]
Seat 1: Luigiams folded on the Flop
Seat 2: Dorex2007 folded before Flop (didn't bet)
Seat 3: Vijai Ronin (button) folded before Flop (didn't bet)
Seat 4: sorted1963 (small blind) showed [5h 5d] and won ($3.53) with three of a kind, Fives (pot not awarded as player cashed out)
Seat 5: feltOneTwo (big blind) showed [8h 7s] and lost with a pair of Eights
Seat 7: RazvanBabanu folded before Flop (didn't bet)
Seat 8: EdVince1970 folded before Flop (didn't bet)
Seat 9: pok.mj folded on the Flop



PokerStars Hand #225097302062:  Hold'em No Limit ($0.01/$0.02 USD) - 2021/03/22 22:02:10 PT [2021/03/23 1:02:10 ET]
Table 'Benetnasch V' 9-max Seat #4 is the button
Seat 1: Luigiams ($2.41 in chips) 
Seat 2: Dorex2007 ($1.43 in chips) 
Seat 3: Vijai Ronin ($1.97 in chips) 
Seat 4: sorted1963 ($3.07 in chips) 
Seat 7: RazvanBabanu ($2.06 in chips) 
Seat 8: EdVince1970 ($1.79 in chips) 
Seat 9: pok.mj ($1.52 in chips) 
RazvanBabanu: posts small blind $0.01
EdVince1970: posts big blind $0.02
*** HOLE CARDS ***
Dealt to Dorex2007 [9c Tc]
feltOneTwo leaves the table
JustOneJones joins the table at seat #5 
pok.mj: folds 
Luigiams: folds 
Dorex2007: raises $0.04 to $0.06
Vijai Ronin: folds 
sorted1963: folds 
RazvanBabanu: folds 
EdVince1970: calls $0.04
*** FLOP *** [Qc 6h 5s]
EdVince1970: bets $0.13
Dorex2007: folds 
Uncalled bet ($0.13) returned to EdVince1970
EdVince1970 collected $0.13 from pot
*** SUMMARY ***
Total pot $0.13 | Rake $0 
Board [Qc 6h 5s]
Seat 1: Luigiams folded before Flop (didn't bet)
Seat 2: Dorex2007 folded on the Flop
Seat 3: Vijai Ronin folded before Flop (didn't bet)
Seat 4: sorted1963 (button) folded before Flop (didn't bet)
Seat 7: RazvanBabanu (small blind) folded before Flop
Seat 8: EdVince1970 (big blind) collected ($0.13)
Seat 9: pok.mj folded before Flop (didn't bet)



PokerStars Hand #225097310329:  Hold'em No Limit ($0.01/$0.02 USD) - 2021/03/22 22:03:05 PT [2021/03/23 1:03:05 ET]
Table 'Benetnasch V' 9-max Seat #7 is the button
Seat 1: Luigiams ($2.41 in chips) 
Seat 2: Dorex2007 ($1.37 in chips) 
Seat 3: Vijai Ronin ($1.97 in chips) 
Seat 4: sorted1963 ($3.07 in chips) 
Seat 7: RazvanBabanu ($2.05 in chips) 
Seat 8: EdVince1970 ($1.86 in chips) 
Seat 9: pok.mj ($1.52 in chips) 
EdVince1970: posts small blind $0.01
pok.mj: posts big blind $0.02
JustOneJones: sits out 
Decay_000: sits out 
*** HOLE CARDS ***
Dealt to Dorex2007 [9c 2c]
Luigiams: folds 
Dorex2007: folds 
Vijai Ronin: raises $0.04 to $0.06
sorted1963: folds 
RazvanBabanu: folds 
EdVince1970: calls $0.05
pok.mj: calls $0.04
*** FLOP *** [4s 3d Kh]
EdVince1970: checks 
pok.mj has timed out
pok.mj: checks 
Vijai Ronin: checks 
*** TURN *** [4s 3d Kh] [Kc]
EdVince1970: bets $0.17
pok.mj has timed out
pok.mj: folds 
Vijai Ronin: folds 
Uncalled bet ($0.17) returned to EdVince1970
EdVince1970 collected $0.17 from pot
*** SUMMARY ***
Total pot $0.18 | Rake $0.01 
Board [4s 3d Kh Kc]
Seat 1: Luigiams folded before Flop (didn't bet)
Seat 2: Dorex2007 folded before Flop (didn't bet)
Seat 3: Vijai Ronin folded on the Turn
Seat 4: sorted1963 folded before Flop (didn't bet)
Seat 7: RazvanBabanu (button) folded before Flop (didn't bet)
Seat 8: EdVince1970 (small blind) collected ($0.17)
Seat 9: pok.mj (big blind) folded on the Turn



PokerStars Hand #225097324203:  Hold'em No Limit ($0.01/$0.02 USD) - 2021/03/22 22:04:37 PT [2021/03/23 1:04:37 ET]
Table 'Benetnasch V' 9-max Seat #8 is the button
Seat 1: Luigiams ($2.41 in chips) 
Seat 2: Dorex2007 ($2 in chips) 
Seat 3: Vijai Ronin ($1.91 in chips) 
Seat 4: sorted1963 ($3.07 in chips) 
Seat 7: RazvanBabanu ($2.05 in chips) 
Seat 8: EdVince1970 ($1.97 in chips) 
Seat 9: pok.mj ($1.46 in chips) 
pok.mj: posts small blind $0.01
Luigiams: posts big blind $0.02
JustOneJones: sits out 
Decay_000: sits out 
*** HOLE CARDS ***
Dealt to Dorex2007 [3c 2c]
Dorex2007: folds 
Vijai Ronin: folds 
sorted1963: folds 
RazvanBabanu: folds 
EdVince1970 has timed out
EdVince1970: folds 
pok.mj: calls $0.01
Luigiams: checks 
*** FLOP *** [7s Tc 9h]
pok.mj: checks 
Luigiams: bets $0.02
pok.mj: calls $0.02
*** TURN *** [7s Tc 9h] [5h]
pok.mj: checks 
Luigiams: bets $0.02
pok.mj: calls $0.02
*** RIVER *** [7s Tc 9h 5h] [5c]
pok.mj: checks 
Luigiams: checks 
*** SHOW DOWN ***
pok.mj: shows [Th 8h] (two pair, Tens and Fives)
Luigiams: mucks hand 
pok.mj collected $0.12 from pot
*** SUMMARY ***
Total pot $0.12 | Rake $0 
Board [7s Tc 9h 5h 5c]
Seat 1: Luigiams (big blind) mucked [9s 6c]
Seat 2: Dorex2007 folded before Flop (didn't bet)
Seat 3: Vijai Ronin folded before Flop (didn't bet)
Seat 4: sorted1963 folded before Flop (didn't bet)
Seat 7: RazvanBabanu folded before Flop (didn't bet)
Seat 8: EdVince1970 (button) folded before Flop (didn't bet)
Seat 9: pok.mj (small blind) showed [Th 8h] and won ($0.12) with two pair, Tens and Fives



PokerStars Hand #225097336632:  Hold'em No Limit ($0.01/$0.02 USD) - 2021/03/22 22:06:00 PT [2021/03/23 1:06:00 ET]
Table 'Benetnasch V' 9-max Seat #9 is the button
Seat 1: Luigiams ($2.35 in chips) 
Seat 2: Dorex2007 ($2 in chips) 
Seat 3: Vijai Ronin ($1.91 in chips) 
Seat 4: sorted1963 ($3.07 in chips) 
Seat 7: RazvanBabanu ($2.05 in chips) 
Seat 8: EdVince1970 ($1.97 in chips) 
Seat 9: pok.mj ($1.52 in chips) 
Luigiams: posts small blind $0.01
Dorex2007: posts big blind $0.02
JustOneJones: sits out 
Decay_000: sits out 
*** HOLE CARDS ***
Dealt to Dorex2007 [Qs 3d]
Vijai Ronin: folds 
sorted1963: folds 
RazvanBabanu: folds 
EdVince1970: folds 
pok.mj: calls $0.02
Luigiams: raises $0.04 to $0.06
Dorex2007: folds 
pok.mj: calls $0.04
*** FLOP *** [5c 3s Ts]
Luigiams: checks 
pok.mj: checks 
*** TURN *** [5c 3s Ts] [2h]
Luigiams: bets $0.06
pok.mj: calls $0.06
*** RIVER *** [5c 3s Ts 2h] [8d]
Luigiams: checks 
pok.mj: checks 
*** SHOW DOWN ***
Luigiams: shows [Kc Qh] (high card King)
pok.mj: mucks hand 
Luigiams collected $0.25 from pot
*** SUMMARY ***
Total pot $0.26 | Rake $0.01 
Board [5c 3s Ts 2h 8d]
Seat 1: Luigiams (small blind) showed [Kc Qh] and won ($0.25) with high card King
Seat 2: Dorex2007 (big blind) folded before Flop
Seat 3: Vijai Ronin folded before Flop (didn't bet)
Seat 4: sorted1963 folded before Flop (didn't bet)
Seat 7: RazvanBabanu folded before Flop (didn't bet)
Seat 8: EdVince1970 folded before Flop (didn't bet)
Seat 9: pok.mj (button) mucked [Js 9c]



PokerStars Hand #225097348634:  Hold'em No Limit ($0.01/$0.02 USD) - 2021/03/22 22:07:20 PT [2021/03/23 1:07:20 ET]
Table 'Benetnasch V' 9-max Seat #1 is the button
Seat 1: Luigiams ($2.48 in chips) 
Seat 2: Dorex2007 ($1.98 in chips) 
Seat 3: Vijai Ronin ($1.91 in chips) 
Seat 4: sorted1963 ($3.07 in chips) 
Seat 7: RazvanBabanu ($2.05 in chips) 
Seat 8: EdVince1970 ($1.97 in chips) 
Seat 9: pok.mj ($1.40 in chips) 
Dorex2007: posts small blind $0.01
Vijai Ronin: posts big blind $0.02
JustOneJones: sits out 
Decay_000: sits out 
*** HOLE CARDS ***
Dealt to Dorex2007 [9h 5d]
sorted1963: folds 
RazvanBabanu: folds 
EdVince1970: folds 
pok.mj: folds 
Luigiams: folds 
Dorex2007: folds 
Uncalled bet ($0.01) returned to Vijai Ronin
Vijai Ronin collected $0.02 from pot
Vijai Ronin: doesn't show hand 
*** SUMMARY ***
Total pot $0.02 | Rake $0 
Seat 1: Luigiams (button) folded before Flop (didn't bet)
Seat 2: Dorex2007 (small blind) folded before Flop
Seat 3: Vijai Ronin (big blind) collected ($0.02)
Seat 4: sorted1963 folded before Flop (didn't bet)
Seat 7: RazvanBabanu folded before Flop (didn't bet)
Seat 8: EdVince1970 folded before Flop (didn't bet)
Seat 9: pok.mj folded before Flop (didn't bet)



