PokerStars Hand #231099146551:  Hold'em No Limit ($0.01/$0.02 USD) - 2021/11/02 19:26:49 PT [2021/11/02 22:26:49 ET]
Table 'Aspidiske' 9-max Seat #6 is the button
Seat 1: attaxo ($0.88 in chips) 
Seat 2: violetsrey7 ($0.84 in chips) 
Seat 3: toxic being ($1.76 in chips) 
Seat 4: frosa9397 ($1.94 in chips) 
Seat 5: Dorex2007 ($2 in chips) 
Seat 6: Xalifis ($1.05 in chips) 
Seat 7: maxito40 ($1.96 in chips) 
Seat 8: STM32 ($1.69 in chips) 
Seat 9: acegy ($0.86 in chips) 
maxito40: posts small blind $0.01
STM32: posts big blind $0.02
Dorex2007: posts big blind $0.02
*** HOLE CARDS ***
Dealt to Dorex2007 [2c 7s]
acegy: calls $0.02
attaxo: raises $0.02 to $0.04
violetsrey7: folds 
toxic being: folds 
frosa9397: folds 
Dorex2007: folds 
Xalifis: folds 
maxito40: folds 
STM32: calls $0.02
acegy: raises $0.82 to $0.86 and is all-in
attaxo: folds 
STM32: folds 
Uncalled bet ($0.82) returned to acegy
acegy collected $0.15 from pot
acegy: doesn't show hand 
*** SUMMARY ***
Total pot $0.15 | Rake $0 
Seat 1: attaxo folded before Flop
Seat 2: violetsrey7 folded before Flop (didn't bet)
Seat 3: toxic being folded before Flop (didn't bet)
Seat 4: frosa9397 folded before Flop (didn't bet)
Seat 5: Dorex2007 folded before Flop (didn't bet)
Seat 6: Xalifis (button) folded before Flop (didn't bet)
Seat 7: maxito40 (small blind) folded before Flop
Seat 8: STM32 (big blind) folded before Flop
Seat 9: acegy collected ($0.15)



PokerStars Hand #231099152839:  Hold'em No Limit ($0.01/$0.02 USD) - 2021/11/02 19:27:18 PT [2021/11/02 22:27:18 ET]
Table 'Aspidiske' 9-max Seat #7 is the button
Seat 1: attaxo ($0.84 in chips) 
Seat 2: violetsrey7 ($0.84 in chips) 
Seat 3: toxic being ($1.76 in chips) 
Seat 4: frosa9397 ($1.94 in chips) 
Seat 5: Dorex2007 ($2 in chips) 
Seat 6: Xalifis ($1.05 in chips) 
Seat 7: maxito40 ($1.95 in chips) 
Seat 8: STM32 ($1.69 in chips) 
Seat 9: acegy ($0.97 in chips) 
STM32: posts small blind $0.01
acegy: posts big blind $0.02
*** HOLE CARDS ***
Dealt to Dorex2007 [Kd 4c]
attaxo: folds 
violetsrey7: calls $0.02
toxic being: folds 
frosa9397: folds 
Dorex2007: folds 
Xalifis: calls $0.02
maxito40: folds 
STM32: calls $0.01
acegy: checks 
*** FLOP *** [Jd Jc 2s]
STM32: checks 
acegy: checks 
violetsrey7: bets $0.02
Xalifis: folds 
STM32: calls $0.02
acegy: folds 
*** TURN *** [Jd Jc 2s] [9h]
STM32: checks 
violetsrey7: bets $0.04
STM32: folds 
Uncalled bet ($0.04) returned to violetsrey7
violetsrey7 collected $0.12 from pot
violetsrey7: doesn't show hand 
*** SUMMARY ***
Total pot $0.12 | Rake $0 
Board [Jd Jc 2s 9h]
Seat 1: attaxo folded before Flop (didn't bet)
Seat 2: violetsrey7 collected ($0.12)
Seat 3: toxic being folded before Flop (didn't bet)
Seat 4: frosa9397 folded before Flop (didn't bet)
Seat 5: Dorex2007 folded before Flop (didn't bet)
Seat 6: Xalifis folded on the Flop
Seat 7: maxito40 (button) folded before Flop (didn't bet)
Seat 8: STM32 (small blind) folded on the Turn
Seat 9: acegy (big blind) folded on the Flop



PokerStars Hand #231099164160:  Hold'em No Limit ($0.01/$0.02 USD) - 2021/11/02 19:28:09 PT [2021/11/02 22:28:09 ET]
Table 'Aspidiske' 9-max Seat #8 is the button
Seat 1: attaxo ($0.84 in chips) 
Seat 2: violetsrey7 ($0.92 in chips) 
Seat 3: toxic being ($1.76 in chips) 
Seat 4: frosa9397 ($1.94 in chips) 
Seat 5: Dorex2007 ($2 in chips) 
Seat 6: Xalifis ($1.03 in chips) 
Seat 7: maxito40 ($1.95 in chips) 
Seat 8: STM32 ($1.69 in chips) 
Seat 9: acegy ($0.95 in chips) 
acegy: posts small blind $0.01
attaxo: posts big blind $0.02
*** HOLE CARDS ***
Dealt to Dorex2007 [Kd Qh]
violetsrey7: folds 
toxic being: folds 
frosa9397: calls $0.02
Dorex2007: calls $0.02
Xalifis: folds 
maxito40: folds 
STM32: folds 
acegy: calls $0.01
attaxo: folds 
*** FLOP *** [5d Kc 9s]
attaxo leaves the table
acegy: bets $0.02
frosa9397: folds 
Dorex2007: raises $0.04 to $0.06
Razieve joins the table at seat #1 
acegy: folds 
Uncalled bet ($0.04) returned to Dorex2007
Dorex2007 collected $0.12 from pot
Dorex2007: doesn't show hand 
*** SUMMARY ***
Total pot $0.12 | Rake $0 
Board [5d Kc 9s]
Seat 1: attaxo (big blind) folded before Flop
Seat 2: violetsrey7 folded before Flop (didn't bet)
Seat 3: toxic being folded before Flop (didn't bet)
Seat 4: frosa9397 folded on the Flop
Seat 5: Dorex2007 collected ($0.12)
Seat 6: Xalifis folded before Flop (didn't bet)
Seat 7: maxito40 folded before Flop (didn't bet)
Seat 8: STM32 (button) folded before Flop (didn't bet)
Seat 9: acegy (small blind) folded on the Flop



PokerStars Hand #231099173237:  Hold'em No Limit ($0.01/$0.02 USD) - 2021/11/02 19:28:51 PT [2021/11/02 22:28:51 ET]
Table 'Aspidiske' 9-max Seat #9 is the button
Seat 2: violetsrey7 ($0.92 in chips) 
Seat 3: toxic being ($1.76 in chips) 
Seat 4: frosa9397 ($1.92 in chips) 
Seat 5: Dorex2007 ($2.08 in chips) 
Seat 6: Xalifis ($1.03 in chips) 
Seat 7: maxito40 ($1.95 in chips) 
Seat 8: STM32 ($1.69 in chips) 
Seat 9: acegy ($0.91 in chips) 
violetsrey7: posts small blind $0.01
toxic being: posts big blind $0.02
*** HOLE CARDS ***
Dealt to Dorex2007 [9c Tc]
frosa9397: folds 
Dorex2007: folds 
Xalifis: calls $0.02
maxito40: folds 
STM32: folds 
acegy: folds 
violetsrey7: folds 
toxic being: checks 
*** FLOP *** [4h Ks 9s]
toxic being: checks 
Xalifis: checks 
*** TURN *** [4h Ks 9s] [9d]
toxic being: checks 
Xalifis: checks 
*** RIVER *** [4h Ks 9s 9d] [Td]
toxic being: checks 
Xalifis: bets $0.05
toxic being: folds 
Uncalled bet ($0.05) returned to Xalifis
Xalifis collected $0.05 from pot
Xalifis: doesn't show hand 
*** SUMMARY ***
Total pot $0.05 | Rake $0 
Board [4h Ks 9s 9d Td]
Seat 2: violetsrey7 (small blind) folded before Flop
Seat 3: toxic being (big blind) folded on the River
Seat 4: frosa9397 folded before Flop (didn't bet)
Seat 5: Dorex2007 folded before Flop (didn't bet)
Seat 6: Xalifis collected ($0.05)
Seat 7: maxito40 folded before Flop (didn't bet)
Seat 8: STM32 folded before Flop (didn't bet)
Seat 9: acegy (button) folded before Flop (didn't bet)



PokerStars Hand #231099185715:  Hold'em No Limit ($0.01/$0.02 USD) - 2021/11/02 19:29:48 PT [2021/11/02 22:29:48 ET]
Table 'Aspidiske' 9-max Seat #2 is the button
Seat 2: violetsrey7 ($0.91 in chips) 
Seat 3: toxic being ($1.74 in chips) 
Seat 4: frosa9397 ($1.92 in chips) 
Seat 5: Dorex2007 ($2.08 in chips) 
Seat 6: Xalifis ($1.06 in chips) 
Seat 7: maxito40 ($1.95 in chips) 
Seat 8: STM32 ($1.69 in chips) 
Seat 9: acegy ($0.91 in chips) 
toxic being: posts small blind $0.01
frosa9397: posts big blind $0.02
Razieve: sits out 
*** HOLE CARDS ***
Dealt to Dorex2007 [Kc 4s]
Dorex2007: folds 
Xalifis: folds 
maxito40: folds 
STM32: folds 
acegy: folds 
violetsrey7: calls $0.02
toxic being: folds 
frosa9397: checks 
*** FLOP *** [9c 2c 9s]
frosa9397: checks 
violetsrey7: bets $0.05
frosa9397: folds 
Uncalled bet ($0.05) returned to violetsrey7
violetsrey7 collected $0.05 from pot
*** SUMMARY ***
Total pot $0.05 | Rake $0 
Board [9c 2c 9s]
Seat 2: violetsrey7 (button) collected ($0.05)
Seat 3: toxic being (small blind) folded before Flop
Seat 4: frosa9397 (big blind) folded on the Flop
Seat 5: Dorex2007 folded before Flop (didn't bet)
Seat 6: Xalifis folded before Flop (didn't bet)
Seat 7: maxito40 folded before Flop (didn't bet)
Seat 8: STM32 folded before Flop (didn't bet)
Seat 9: acegy folded before Flop (didn't bet)



PokerStars Hand #231099193753:  Hold'em No Limit ($0.01/$0.02 USD) - 2021/11/02 19:30:25 PT [2021/11/02 22:30:25 ET]
Table 'Aspidiske' 9-max Seat #3 is the button
Seat 2: violetsrey7 ($0.94 in chips) 
Seat 3: toxic being ($1.73 in chips) 
Seat 4: frosa9397 ($1.90 in chips) 
Seat 5: Dorex2007 ($2.08 in chips) 
Seat 6: Xalifis ($1.06 in chips) 
Seat 7: maxito40 ($1.95 in chips) 
Seat 8: STM32 ($1.69 in chips) 
Seat 9: acegy ($0.91 in chips) 
frosa9397: posts small blind $0.01
Dorex2007: posts big blind $0.02
Razieve: sits out 
*** HOLE CARDS ***
Dealt to Dorex2007 [5h 3c]
Xalifis: folds 
maxito40: folds 
STM32: folds 
acegy: folds 
violetsrey7: raises $0.02 to $0.04
toxic being: calls $0.04
frosa9397: folds 
Dorex2007: folds 
*** FLOP *** [Kh 4c Qh]
violetsrey7: bets $0.04
toxic being: folds 
Uncalled bet ($0.04) returned to violetsrey7
violetsrey7 collected $0.11 from pot
violetsrey7: doesn't show hand 
*** SUMMARY ***
Total pot $0.11 | Rake $0 
Board [Kh 4c Qh]
Seat 2: violetsrey7 collected ($0.11)
Seat 3: toxic being (button) folded on the Flop
Seat 4: frosa9397 (small blind) folded before Flop
Seat 5: Dorex2007 (big blind) folded before Flop
Seat 6: Xalifis folded before Flop (didn't bet)
Seat 7: maxito40 folded before Flop (didn't bet)
Seat 8: STM32 folded before Flop (didn't bet)
Seat 9: acegy folded before Flop (didn't bet)



PokerStars Hand #231099201064:  Hold'em No Limit ($0.01/$0.02 USD) - 2021/11/02 19:30:59 PT [2021/11/02 22:30:59 ET]
Table 'Aspidiske' 9-max Seat #4 is the button
Seat 1: Razieve ($0.80 in chips) 
Seat 2: violetsrey7 ($1.01 in chips) 
Seat 3: toxic being ($1.69 in chips) 
Seat 4: frosa9397 ($1.89 in chips) 
Seat 5: Dorex2007 ($2.06 in chips) 
Seat 6: Xalifis ($1.06 in chips) 
Seat 7: maxito40 ($1.95 in chips) 
Seat 8: STM32 ($1.69 in chips) 
Seat 9: acegy ($0.91 in chips) 
Dorex2007: posts small blind $0.01
Xalifis: posts big blind $0.02
Razieve: posts big blind $0.02
*** HOLE CARDS ***
Dealt to Dorex2007 [9h 4s]
maxito40: calls $0.02
STM32: folds 
acegy: calls $0.02
Razieve: checks 
violetsrey7: folds 
toxic being: folds 
frosa9397: folds 
Dorex2007: folds 
Xalifis: checks 
*** FLOP *** [Ks 9d 8h]
Xalifis: checks 
maxito40: checks 
acegy: checks 
Razieve: bets $0.02
Xalifis: folds 
maxito40: folds 
acegy: folds 
Uncalled bet ($0.02) returned to Razieve
Razieve collected $0.09 from pot
Razieve: doesn't show hand 
*** SUMMARY ***
Total pot $0.09 | Rake $0 
Board [Ks 9d 8h]
Seat 1: Razieve collected ($0.09)
Seat 2: violetsrey7 folded before Flop (didn't bet)
Seat 3: toxic being folded before Flop (didn't bet)
Seat 4: frosa9397 (button) folded before Flop (didn't bet)
Seat 5: Dorex2007 (small blind) folded before Flop
Seat 6: Xalifis (big blind) folded on the Flop
Seat 7: maxito40 folded on the Flop
Seat 8: STM32 folded before Flop (didn't bet)
Seat 9: acegy folded on the Flop



PokerStars Hand #231099221530:  Hold'em No Limit ($0.01/$0.02 USD) - 2021/11/02 19:31:56 PT [2021/11/02 22:31:56 ET]
Table 'Aspidiske' 9-max Seat #5 is the button
Seat 1: Razieve ($0.87 in chips) 
Seat 2: violetsrey7 ($1.01 in chips) 
Seat 3: toxic being ($1.69 in chips) 
Seat 4: frosa9397 ($1.89 in chips) 
Seat 5: Dorex2007 ($2.05 in chips) 
Seat 6: Xalifis ($1.04 in chips) 
Seat 7: maxito40 ($1.93 in chips) 
Seat 8: STM32 ($1.69 in chips) 
Seat 9: acegy ($0.89 in chips) 
Xalifis: posts small blind $0.01
maxito40: posts big blind $0.02
*** HOLE CARDS ***
Dealt to Dorex2007 [Ah Js]
STM32: folds 
acegy: calls $0.02
Razieve: folds 
violetsrey7: folds 
toxic being: folds 
frosa9397: folds 
Dorex2007: raises $0.04 to $0.06
Xalifis: folds 
maxito40: folds 
acegy: folds 
Uncalled bet ($0.04) returned to Dorex2007
Dorex2007 collected $0.07 from pot
Dorex2007: doesn't show hand 
*** SUMMARY ***
Total pot $0.07 | Rake $0 
Seat 1: Razieve folded before Flop (didn't bet)
Seat 2: violetsrey7 folded before Flop (didn't bet)
Seat 3: toxic being folded before Flop (didn't bet)
Seat 4: frosa9397 folded before Flop (didn't bet)
Seat 5: Dorex2007 (button) collected ($0.07)
Seat 6: Xalifis (small blind) folded before Flop
Seat 7: maxito40 (big blind) folded before Flop
Seat 8: STM32 folded before Flop (didn't bet)
Seat 9: acegy folded before Flop



PokerStars Hand #231099229797:  Hold'em No Limit ($0.01/$0.02 USD) - 2021/11/02 19:32:34 PT [2021/11/02 22:32:34 ET]
Table 'Aspidiske' 9-max Seat #6 is the button
Seat 1: Razieve ($0.87 in chips) 
Seat 2: violetsrey7 ($1.01 in chips) 
Seat 3: toxic being ($1.69 in chips) 
Seat 4: frosa9397 ($1.89 in chips) 
Seat 5: Dorex2007 ($2.10 in chips) 
Seat 6: Xalifis ($1.03 in chips) 
Seat 7: maxito40 ($1.91 in chips) 
Seat 8: STM32 ($1.69 in chips) 
Seat 9: acegy ($0.87 in chips) 
maxito40: posts small blind $0.01
STM32: posts big blind $0.02
*** HOLE CARDS ***
Dealt to Dorex2007 [3c 5s]
acegy: folds 
Razieve: calls $0.02
violetsrey7: folds 
toxic being: folds 
frosa9397: folds 
Dorex2007: folds 
Xalifis: folds 
maxito40: calls $0.01
STM32: checks 
*** FLOP *** [6h Ks Kc]
maxito40: checks 
STM32: checks 
Razieve: checks 
*** TURN *** [6h Ks Kc] [Ad]
violetsrey7 leaves the table
maxito40: checks 
STM32: checks 
Razieve: bets $0.02
maxito40: folds 
sofaking1973 joins the table at seat #2 
STM32: calls $0.02
*** RIVER *** [6h Ks Kc Ad] [Ts]
STM32: checks 
Razieve: bets $0.10
STM32: folds 
Uncalled bet ($0.10) returned to Razieve
Razieve collected $0.10 from pot
Razieve: doesn't show hand 
*** SUMMARY ***
Total pot $0.10 | Rake $0 
Board [6h Ks Kc Ad Ts]
Seat 1: Razieve collected ($0.10)
Seat 2: violetsrey7 folded before Flop (didn't bet)
Seat 3: toxic being folded before Flop (didn't bet)
Seat 4: frosa9397 folded before Flop (didn't bet)
Seat 5: Dorex2007 folded before Flop (didn't bet)
Seat 6: Xalifis (button) folded before Flop (didn't bet)
Seat 7: maxito40 (small blind) folded on the Turn
Seat 8: STM32 (big blind) folded on the River
Seat 9: acegy folded before Flop (didn't bet)



PokerStars Hand #231099241950:  Hold'em No Limit ($0.01/$0.02 USD) - 2021/11/02 19:33:32 PT [2021/11/02 22:33:32 ET]
Table 'Aspidiske' 9-max Seat #8 is the button
Seat 1: Razieve ($0.93 in chips) 
Seat 3: toxic being ($1.69 in chips) 
Seat 4: frosa9397 ($1.89 in chips) 
Seat 5: Dorex2007 ($2.10 in chips) 
Seat 6: Xalifis ($1.03 in chips) 
Seat 8: STM32 ($1.69 in chips) 
Seat 9: acegy ($0.87 in chips) 
acegy: posts small blind $0.01
Razieve: posts big blind $0.02
sofaking1973: sits out 
*** HOLE CARDS ***
Dealt to Dorex2007 [Ah 3h]
toxic being: folds 
frosa9397: calls $0.02
Dorex2007: folds 
Xalifis: calls $0.02
STM32: folds 
acegy: raises $0.85 to $0.87 and is all-in
Razieve: folds 
frosa9397: folds 
Xalifis: folds 
Uncalled bet ($0.85) returned to acegy
acegy collected $0.08 from pot
acegy: doesn't show hand 
*** SUMMARY ***
Total pot $0.08 | Rake $0 
Seat 1: Razieve (big blind) folded before Flop
Seat 3: toxic being folded before Flop (didn't bet)
Seat 4: frosa9397 folded before Flop
Seat 5: Dorex2007 folded before Flop (didn't bet)
Seat 6: Xalifis folded before Flop
Seat 8: STM32 (button) folded before Flop (didn't bet)
Seat 9: acegy (small blind) collected ($0.08)



PokerStars Hand #231099250040:  Hold'em No Limit ($0.01/$0.02 USD) - 2021/11/02 19:34:09 PT [2021/11/02 22:34:09 ET]
Table 'Aspidiske' 9-max Seat #9 is the button
Seat 1: Razieve ($0.91 in chips) 
Seat 2: sofaking1973 ($2 in chips) 
Seat 3: toxic being ($1.69 in chips) 
Seat 4: frosa9397 ($1.87 in chips) 
Seat 5: Dorex2007 ($2.10 in chips) 
Seat 6: Xalifis ($1.01 in chips) 
Seat 8: STM32 ($1.69 in chips) 
Seat 9: acegy ($0.93 in chips) 
Razieve: posts small blind $0.01
sofaking1973: posts big blind $0.02
*** HOLE CARDS ***
Dealt to Dorex2007 [7c 4h]
toxic being: folds 
frosa9397: folds 
Dorex2007: folds 
Xalifis: folds 
STM32: folds 
acegy: calls $0.02
Razieve: calls $0.01
sofaking1973: checks 
*** FLOP *** [3d Qh As]
Razieve: checks 
sofaking1973: checks 
acegy: checks 
*** TURN *** [3d Qh As] [Kh]
Razieve: bets $0.02
sofaking1973: calls $0.02
acegy: folds 
*** RIVER *** [3d Qh As Kh] [Jd]
Razieve: bets $0.05
sofaking1973: folds 
Uncalled bet ($0.05) returned to Razieve
Razieve collected $0.10 from pot
Razieve: doesn't show hand 
*** SUMMARY ***
Total pot $0.10 | Rake $0 
Board [3d Qh As Kh Jd]
Seat 1: Razieve (small blind) collected ($0.10)
Seat 2: sofaking1973 (big blind) folded on the River
Seat 3: toxic being folded before Flop (didn't bet)
Seat 4: frosa9397 folded before Flop (didn't bet)
Seat 5: Dorex2007 folded before Flop (didn't bet)
Seat 6: Xalifis folded before Flop (didn't bet)
Seat 8: STM32 folded before Flop (didn't bet)
Seat 9: acegy (button) folded on the Turn



PokerStars Hand #231099261725:  Hold'em No Limit ($0.01/$0.02 USD) - 2021/11/02 19:35:03 PT [2021/11/02 22:35:03 ET]
Table 'Aspidiske' 9-max Seat #1 is the button
Seat 1: Razieve ($0.97 in chips) 
Seat 2: sofaking1973 ($1.96 in chips) 
Seat 3: toxic being ($1.69 in chips) 
Seat 4: frosa9397 ($1.87 in chips) 
Seat 5: Dorex2007 ($2.10 in chips) 
Seat 6: Xalifis ($1.01 in chips) 
Seat 7: maxito40 ($1.89 in chips) 
Seat 8: STM32 ($1.69 in chips) 
Seat 9: acegy ($0.91 in chips) 
sofaking1973: posts small blind $0.01
toxic being: posts big blind $0.02
*** HOLE CARDS ***
Dealt to Dorex2007 [Ah Qh]
frosa9397: folds 
Dorex2007: raises $0.04 to $0.06
Xalifis: folds 
maxito40: calls $0.06
STM32: folds 
acegy: folds 
Razieve: calls $0.06
sofaking1973: folds 
toxic being: folds 
*** FLOP *** [Jc 4h Ac]
Dorex2007: checks 
maxito40: checks 
Razieve: checks 
*** TURN *** [Jc 4h Ac] [5c]
Dorex2007: checks 
maxito40: checks 
Razieve: checks 
*** RIVER *** [Jc 4h Ac 5c] [8c]
Dorex2007: checks 
maxito40: checks 
Razieve: bets $0.10
Dorex2007: folds 
maxito40: folds 
Uncalled bet ($0.10) returned to Razieve
Razieve collected $0.20 from pot
Razieve: doesn't show hand 
*** SUMMARY ***
Total pot $0.21 | Rake $0.01 
Board [Jc 4h Ac 5c 8c]
Seat 1: Razieve (button) collected ($0.20)
Seat 2: sofaking1973 (small blind) folded before Flop
Seat 3: toxic being (big blind) folded before Flop
Seat 4: frosa9397 folded before Flop (didn't bet)
Seat 5: Dorex2007 folded on the River
Seat 6: Xalifis folded before Flop (didn't bet)
Seat 7: maxito40 folded on the River
Seat 8: STM32 folded before Flop (didn't bet)
Seat 9: acegy folded before Flop (didn't bet)



PokerStars Hand #231099274947:  Hold'em No Limit ($0.01/$0.02 USD) - 2021/11/02 19:36:06 PT [2021/11/02 22:36:06 ET]
Table 'Aspidiske' 9-max Seat #2 is the button
Seat 1: Razieve ($1.11 in chips) 
Seat 2: sofaking1973 ($1.95 in chips) 
Seat 3: toxic being ($1.67 in chips) 
Seat 4: frosa9397 ($1.87 in chips) 
Seat 5: Dorex2007 ($2.04 in chips) 
Seat 6: Xalifis ($1.01 in chips) 
Seat 7: maxito40 ($1.83 in chips) 
Seat 8: STM32 ($1.69 in chips) 
Seat 9: acegy ($0.91 in chips) 
toxic being: posts small blind $0.01
frosa9397: posts big blind $0.02
*** HOLE CARDS ***
Dealt to Dorex2007 [5h Tc]
Dorex2007: folds 
Xalifis: folds 
maxito40: calls $0.02
STM32: calls $0.02
Xalifis leaves the table
acegy: calls $0.02
Razieve: folds 
sofaking1973: folds 
toxic being: folds 
frosa9397: checks 
*** FLOP *** [4c Ad 5d]
frosa9397: bets $0.04
patagonia_ranco joins the table at seat #6 
maxito40: folds 
STM32: folds 
acegy: folds 
Uncalled bet ($0.04) returned to frosa9397
frosa9397 collected $0.09 from pot
frosa9397: doesn't show hand 
*** SUMMARY ***
Total pot $0.09 | Rake $0 
Board [4c Ad 5d]
Seat 1: Razieve folded before Flop (didn't bet)
Seat 2: sofaking1973 (button) folded before Flop (didn't bet)
Seat 3: toxic being (small blind) folded before Flop
Seat 4: frosa9397 (big blind) collected ($0.09)
Seat 5: Dorex2007 folded before Flop (didn't bet)
Seat 6: Xalifis folded before Flop (didn't bet)
Seat 7: maxito40 folded on the Flop
Seat 8: STM32 folded on the Flop
Seat 9: acegy folded on the Flop



PokerStars Hand #231099287871:  Hold'em No Limit ($0.01/$0.02 USD) - 2021/11/02 19:36:53 PT [2021/11/02 22:36:53 ET]
Table 'Aspidiske' 9-max Seat #3 is the button
Seat 1: Razieve ($1.11 in chips) 
Seat 2: sofaking1973 ($1.95 in chips) 
Seat 3: toxic being ($1.66 in chips) 
Seat 4: frosa9397 ($1.94 in chips) 
Seat 5: Dorex2007 ($2.04 in chips) 
Seat 7: maxito40 ($1.81 in chips) 
Seat 8: STM32 ($1.69 in chips) 
Seat 9: acegy ($0.89 in chips) 
frosa9397: posts small blind $0.01
Dorex2007: posts big blind $0.02
patagonia_ranco: sits out 
*** HOLE CARDS ***
Dealt to Dorex2007 [4s 5c]
maxito40: calls $0.02
STM32: folds 
acegy: folds 
Razieve: raises $0.02 to $0.04
sofaking1973: folds 
toxic being: folds 
frosa9397: calls $0.03
Dorex2007: folds 
maxito40: calls $0.02
*** FLOP *** [Qs 9h Kd]
frosa9397: checks 
maxito40: bets $0.12
Razieve: folds 
frosa9397: folds 
Uncalled bet ($0.12) returned to maxito40
maxito40 collected $0.14 from pot
*** SUMMARY ***
Total pot $0.14 | Rake $0 
Board [Qs 9h Kd]
Seat 1: Razieve folded on the Flop
Seat 2: sofaking1973 folded before Flop (didn't bet)
Seat 3: toxic being (button) folded before Flop (didn't bet)
Seat 4: frosa9397 (small blind) folded on the Flop
Seat 5: Dorex2007 (big blind) folded before Flop
Seat 7: maxito40 collected ($0.14)
Seat 8: STM32 folded before Flop (didn't bet)
Seat 9: acegy folded before Flop (didn't bet)



PokerStars Hand #231099298284:  Hold'em No Limit ($0.01/$0.02 USD) - 2021/11/02 19:37:42 PT [2021/11/02 22:37:42 ET]
Table 'Aspidiske' 9-max Seat #4 is the button
Seat 1: Razieve ($1.07 in chips) 
Seat 2: sofaking1973 ($1.95 in chips) 
Seat 3: toxic being ($1.66 in chips) 
Seat 4: frosa9397 ($1.90 in chips) 
Seat 5: Dorex2007 ($2.02 in chips) 
Seat 6: patagonia_ranco ($2 in chips) 
Seat 7: maxito40 ($1.91 in chips) 
Seat 8: STM32 ($1.69 in chips) 
Seat 9: acegy ($0.89 in chips) 
Dorex2007: posts small blind $0.01
patagonia_ranco: posts big blind $0.02
*** HOLE CARDS ***
Dealt to Dorex2007 [Qd 5c]
maxito40: calls $0.02
STM32: folds 
acegy: calls $0.02
Razieve: folds 
sofaking1973: folds 
toxic being: folds 
frosa9397: folds 
Dorex2007: calls $0.01
patagonia_ranco: checks 
*** FLOP *** [7s 7d 6s]
Dorex2007: checks 
patagonia_ranco: checks 
maxito40: checks 
acegy: checks 
*** TURN *** [7s 7d 6s] [3d]
Dorex2007: checks 
patagonia_ranco: checks 
maxito40: checks 
acegy: checks 
*** RIVER *** [7s 7d 6s 3d] [9d]
Dorex2007: checks 
patagonia_ranco: checks 
maxito40: checks 
acegy: checks 
*** SHOW DOWN ***
Dorex2007: shows [Qd 5c] (a pair of Sevens)
patagonia_ranco: mucks hand 
maxito40: shows [Ah 9h] (two pair, Nines and Sevens)
acegy: mucks hand 
maxito40 collected $0.08 from pot
*** SUMMARY ***
Total pot $0.08 | Rake $0 
Board [7s 7d 6s 3d 9d]
Seat 1: Razieve folded before Flop (didn't bet)
Seat 2: sofaking1973 folded before Flop (didn't bet)
Seat 3: toxic being folded before Flop (didn't bet)
Seat 4: frosa9397 (button) folded before Flop (didn't bet)
Seat 5: Dorex2007 (small blind) showed [Qd 5c] and lost with a pair of Sevens
Seat 6: patagonia_ranco (big blind) mucked [Jc 4d]
Seat 7: maxito40 showed [Ah 9h] and won ($0.08) with two pair, Nines and Sevens
Seat 8: STM32 folded before Flop (didn't bet)
Seat 9: acegy mucked [Qh Kd]



PokerStars Hand #231099313665:  Hold'em No Limit ($0.01/$0.02 USD) - 2021/11/02 19:38:56 PT [2021/11/02 22:38:56 ET]
Table 'Aspidiske' 9-max Seat #5 is the button
Seat 1: Razieve ($1.07 in chips) 
Seat 2: sofaking1973 ($1.95 in chips) 
Seat 3: toxic being ($1.66 in chips) 
Seat 4: frosa9397 ($1.90 in chips) 
Seat 5: Dorex2007 ($2 in chips) 
Seat 6: patagonia_ranco ($1.98 in chips) 
Seat 7: maxito40 ($1.97 in chips) 
Seat 8: STM32 ($1.69 in chips) 
Seat 9: acegy ($0.87 in chips) 
patagonia_ranco: posts small blind $0.01
maxito40: posts big blind $0.02
*** HOLE CARDS ***
Dealt to Dorex2007 [As Ac]
STM32: folds 
acegy: folds 
Razieve: raises $0.02 to $0.04
sofaking1973: folds 
toxic being: folds 
frosa9397: folds 
Dorex2007: raises $0.04 to $0.08
patagonia_ranco: folds 
maxito40: folds 
Razieve: calls $0.04
*** FLOP *** [7c 9c Jc]
Razieve: bets $0.09
Dorex2007: raises $0.09 to $0.18
Razieve: folds 
Uncalled bet ($0.09) returned to Dorex2007
Dorex2007 collected $0.36 from pot
Dorex2007: doesn't show hand 
*** SUMMARY ***
Total pot $0.37 | Rake $0.01 
Board [7c 9c Jc]
Seat 1: Razieve folded on the Flop
Seat 2: sofaking1973 folded before Flop (didn't bet)
Seat 3: toxic being folded before Flop (didn't bet)
Seat 4: frosa9397 folded before Flop (didn't bet)
Seat 5: Dorex2007 (button) collected ($0.36)
Seat 6: patagonia_ranco (small blind) folded before Flop
Seat 7: maxito40 (big blind) folded before Flop
Seat 8: STM32 folded before Flop (didn't bet)
Seat 9: acegy folded before Flop (didn't bet)



PokerStars Hand #231099324809:  Hold'em No Limit ($0.01/$0.02 USD) - 2021/11/02 19:39:50 PT [2021/11/02 22:39:50 ET]
Table 'Aspidiske' 9-max Seat #6 is the button
Seat 1: Razieve ($0.90 in chips) 
Seat 2: sofaking1973 ($1.95 in chips) 
Seat 3: toxic being ($1.66 in chips) 
Seat 4: frosa9397 ($1.90 in chips) 
Seat 5: Dorex2007 ($2.19 in chips) 
Seat 6: patagonia_ranco ($1.97 in chips) 
Seat 7: maxito40 ($1.95 in chips) 
Seat 8: STM32 ($1.69 in chips) 
Seat 9: acegy ($0.87 in chips) 
maxito40: posts small blind $0.01
STM32: posts big blind $0.02
*** HOLE CARDS ***
Dealt to Dorex2007 [4d Ts]
acegy: folds 
Razieve: calls $0.02
sofaking1973: folds 
toxic being: folds 
frosa9397: calls $0.02
Dorex2007: folds 
patagonia_ranco: folds 
maxito40: folds 
STM32: checks 
*** FLOP *** [Ah Qh 4h]
STM32: checks 
Razieve: checks 
frosa9397: checks 
*** TURN *** [Ah Qh 4h] [5c]
STM32: bets $0.05
Razieve: folds 
frosa9397: folds 
Uncalled bet ($0.05) returned to STM32
STM32 collected $0.07 from pot
STM32: doesn't show hand 
*** SUMMARY ***
Total pot $0.07 | Rake $0 
Board [Ah Qh 4h 5c]
Seat 1: Razieve folded on the Turn
Seat 2: sofaking1973 folded before Flop (didn't bet)
Seat 3: toxic being folded before Flop (didn't bet)
Seat 4: frosa9397 folded on the Turn
Seat 5: Dorex2007 folded before Flop (didn't bet)
Seat 6: patagonia_ranco (button) folded before Flop (didn't bet)
Seat 7: maxito40 (small blind) folded before Flop
Seat 8: STM32 (big blind) collected ($0.07)
Seat 9: acegy folded before Flop (didn't bet)



PokerStars Hand #231099334843:  Hold'em No Limit ($0.01/$0.02 USD) - 2021/11/02 19:40:38 PT [2021/11/02 22:40:38 ET]
Table 'Aspidiske' 9-max Seat #7 is the button
Seat 1: Razieve ($0.88 in chips) 
Seat 2: sofaking1973 ($1.95 in chips) 
Seat 3: toxic being ($1.66 in chips) 
Seat 4: frosa9397 ($1.88 in chips) 
Seat 5: Dorex2007 ($2.19 in chips) 
Seat 6: patagonia_ranco ($1.97 in chips) 
Seat 7: maxito40 ($1.94 in chips) 
Seat 8: STM32 ($1.74 in chips) 
Seat 9: acegy ($0.87 in chips) 
STM32: posts small blind $0.01
acegy: posts big blind $0.02
*** HOLE CARDS ***
Dealt to Dorex2007 [6d 6c]
Razieve: folds 
sofaking1973: folds 
toxic being: raises $0.03 to $0.05
frosa9397: folds 
Dorex2007: folds 
patagonia_ranco: folds 
maxito40: folds 
STM32: folds 
acegy: folds 
Uncalled bet ($0.03) returned to toxic being
toxic being collected $0.05 from pot
*** SUMMARY ***
Total pot $0.05 | Rake $0 
Seat 1: Razieve folded before Flop (didn't bet)
Seat 2: sofaking1973 folded before Flop (didn't bet)
Seat 3: toxic being collected ($0.05)
Seat 4: frosa9397 folded before Flop (didn't bet)
Seat 5: Dorex2007 folded before Flop (didn't bet)
Seat 6: patagonia_ranco folded before Flop (didn't bet)
Seat 7: maxito40 (button) folded before Flop (didn't bet)
Seat 8: STM32 (small blind) folded before Flop
Seat 9: acegy (big blind) folded before Flop



PokerStars Hand #231099339851:  Hold'em No Limit ($0.01/$0.02 USD) - 2021/11/02 19:41:03 PT [2021/11/02 22:41:03 ET]
Table 'Aspidiske' 9-max Seat #8 is the button
Seat 1: Razieve ($0.88 in chips) 
Seat 2: sofaking1973 ($1.95 in chips) 
Seat 3: toxic being ($1.69 in chips) 
Seat 4: frosa9397 ($1.88 in chips) 
Seat 5: Dorex2007 ($2.19 in chips) 
Seat 6: patagonia_ranco ($1.97 in chips) 
Seat 7: maxito40 ($1.94 in chips) 
Seat 8: STM32 ($1.73 in chips) 
Seat 9: acegy ($0.85 in chips) 
acegy: posts small blind $0.01
Razieve: posts big blind $0.02
*** HOLE CARDS ***
Dealt to Dorex2007 [7d Qc]
sofaking1973: folds 
toxic being: folds 
frosa9397: folds 
Dorex2007: folds 
patagonia_ranco: folds 
maxito40: calls $0.02
STM32: folds 
acegy: calls $0.01
Razieve: checks 
*** FLOP *** [Ah 9d 5s]
acegy: checks 
Razieve: checks 
maxito40: bets $0.10
acegy: folds 
Razieve: folds 
Uncalled bet ($0.10) returned to maxito40
maxito40 collected $0.06 from pot
*** SUMMARY ***
Total pot $0.06 | Rake $0 
Board [Ah 9d 5s]
Seat 1: Razieve (big blind) folded on the Flop
Seat 2: sofaking1973 folded before Flop (didn't bet)
Seat 3: toxic being folded before Flop (didn't bet)
Seat 4: frosa9397 folded before Flop (didn't bet)
Seat 5: Dorex2007 folded before Flop (didn't bet)
Seat 6: patagonia_ranco folded before Flop (didn't bet)
Seat 7: maxito40 collected ($0.06)
Seat 8: STM32 (button) folded before Flop (didn't bet)
Seat 9: acegy (small blind) folded on the Flop



PokerStars Hand #231099347928:  Hold'em No Limit ($0.01/$0.02 USD) - 2021/11/02 19:41:41 PT [2021/11/02 22:41:41 ET]
Table 'Aspidiske' 9-max Seat #9 is the button
Seat 1: Razieve ($0.86 in chips) 
Seat 3: toxic being ($1.69 in chips) 
Seat 4: frosa9397 ($1.88 in chips) 
Seat 5: Dorex2007 ($2.19 in chips) 
Seat 6: patagonia_ranco ($1.97 in chips) 
Seat 7: maxito40 ($1.98 in chips) 
Seat 8: STM32 ($1.73 in chips) 
Seat 9: acegy ($0.83 in chips) 
Razieve: posts small blind $0.01
sofaking1973: is sitting out 
toxic being: posts big blind $0.02
*** HOLE CARDS ***
Dealt to Dorex2007 [Tc Ks]
frosa9397: folds 
Dorex2007: folds 
patagonia_ranco: folds 
maxito40: folds 
STM32: folds 
acegy: folds 
Razieve: raises $0.02 to $0.04
toxic being: calls $0.02
*** FLOP *** [Th 7d 6s]
Razieve: bets $0.02
toxic being: raises $0.06 to $0.08
Razieve: folds 
Uncalled bet ($0.06) returned to toxic being
toxic being collected $0.12 from pot
*** SUMMARY ***
Total pot $0.12 | Rake $0 
Board [Th 7d 6s]
Seat 1: Razieve (small blind) folded on the Flop
Seat 3: toxic being (big blind) collected ($0.12)
Seat 4: frosa9397 folded before Flop (didn't bet)
Seat 5: Dorex2007 folded before Flop (didn't bet)
Seat 6: patagonia_ranco folded before Flop (didn't bet)
Seat 7: maxito40 folded before Flop (didn't bet)
Seat 8: STM32 folded before Flop (didn't bet)
Seat 9: acegy (button) folded before Flop (didn't bet)



PokerStars Hand #231099355848:  Hold'em No Limit ($0.01/$0.02 USD) - 2021/11/02 19:42:20 PT [2021/11/02 22:42:20 ET]
Table 'Aspidiske' 9-max Seat #1 is the button
Seat 1: Razieve ($0.80 in chips) 
Seat 3: toxic being ($1.75 in chips) 
Seat 4: frosa9397 ($1.88 in chips) 
Seat 5: Dorex2007 ($2.19 in chips) 
Seat 6: patagonia_ranco ($1.97 in chips) 
Seat 7: maxito40 ($1.98 in chips) 
Seat 8: STM32 ($1.73 in chips) 
Seat 9: acegy ($0.83 in chips) 
toxic being: posts small blind $0.01
frosa9397: posts big blind $0.02
*** HOLE CARDS ***
Dealt to Dorex2007 [5s Ad]
Dorex2007: folds 
patagonia_ranco: folds 
maxito40: raises $0.02 to $0.04
STM32: folds 
acegy: folds 
Razieve: folds 
toxic being: calls $0.03
frosa9397: folds 
*** FLOP *** [2h 8d Kh]
toxic being: checks 
maxito40: bets $0.08
toxic being: calls $0.08
*** TURN *** [2h 8d Kh] [7c]
toxic being: checks 
maxito40: bets $0.18
toxic being: calls $0.18
*** RIVER *** [2h 8d Kh 7c] [Ac]
toxic being: checks 
maxito40: checks 
*** SHOW DOWN ***
toxic being: shows [5d 6d] (high card Ace)
maxito40: shows [Kd Qh] (a pair of Kings)
maxito40 collected $0.60 from pot
*** SUMMARY ***
Total pot $0.62 | Rake $0.02 
Board [2h 8d Kh 7c Ac]
Seat 1: Razieve (button) folded before Flop (didn't bet)
Seat 3: toxic being (small blind) showed [5d 6d] and lost with high card Ace
Seat 4: frosa9397 (big blind) folded before Flop
Seat 5: Dorex2007 folded before Flop (didn't bet)
Seat 6: patagonia_ranco folded before Flop (didn't bet)
Seat 7: maxito40 showed [Kd Qh] and won ($0.60) with a pair of Kings
Seat 8: STM32 folded before Flop (didn't bet)
Seat 9: acegy folded before Flop (didn't bet)



PokerStars Hand #231099375728:  Hold'em No Limit ($0.01/$0.02 USD) - 2021/11/02 19:43:27 PT [2021/11/02 22:43:27 ET]
Table 'Aspidiske' 9-max Seat #3 is the button
Seat 1: Razieve ($0.80 in chips) 
Seat 3: toxic being ($1.45 in chips) 
Seat 4: frosa9397 ($1.86 in chips) 
Seat 5: Dorex2007 ($2.19 in chips) 
Seat 6: patagonia_ranco ($1.97 in chips) 
Seat 7: maxito40 ($2.28 in chips) 
Seat 8: STM32 ($1.73 in chips) 
Seat 9: acegy ($0.83 in chips) 
frosa9397: posts small blind $0.01
Dorex2007: posts big blind $0.02
sofaking1973: sits out 
*** HOLE CARDS ***
Dealt to Dorex2007 [4d 8d]
patagonia_ranco: folds 
maxito40: calls $0.02
STM32: folds 
acegy: folds 
Razieve: calls $0.02
toxic being: calls $0.02
frosa9397: folds 
Dorex2007: checks 
*** FLOP *** [9s 2c 9d]
Dorex2007: checks 
maxito40: checks 
Razieve: checks 
toxic being: checks 
*** TURN *** [9s 2c 9d] [Jc]
Dorex2007: checks 
maxito40: checks 
Razieve: bets $0.09
toxic being: folds 
Dorex2007: folds 
maxito40: folds 
Uncalled bet ($0.09) returned to Razieve
Razieve collected $0.09 from pot
Razieve: doesn't show hand 
*** SUMMARY ***
Total pot $0.09 | Rake $0 
Board [9s 2c 9d Jc]
Seat 1: Razieve collected ($0.09)
Seat 3: toxic being (button) folded on the Turn
Seat 4: frosa9397 (small blind) folded before Flop
Seat 5: Dorex2007 (big blind) folded on the Turn
Seat 6: patagonia_ranco folded before Flop (didn't bet)
Seat 7: maxito40 folded on the Turn
Seat 8: STM32 folded before Flop (didn't bet)
Seat 9: acegy folded before Flop (didn't bet)



PokerStars Hand #231099386143:  Hold'em No Limit ($0.01/$0.02 USD) - 2021/11/02 19:44:19 PT [2021/11/02 22:44:19 ET]
Table 'Aspidiske' 9-max Seat #4 is the button
Seat 1: Razieve ($0.87 in chips) 
Seat 3: toxic being ($1.43 in chips) 
Seat 4: frosa9397 ($1.85 in chips) 
Seat 5: Dorex2007 ($2.17 in chips) 
Seat 6: patagonia_ranco ($1.97 in chips) 
Seat 7: maxito40 ($2.26 in chips) 
Seat 8: STM32 ($1.73 in chips) 
Seat 9: acegy ($0.83 in chips) 
Dorex2007: posts small blind $0.01
patagonia_ranco: posts big blind $0.02
sofaking1973: sits out 
*** HOLE CARDS ***
Dealt to Dorex2007 [7h 8h]
maxito40: calls $0.02
STM32: folds 
acegy: folds 
Razieve: folds 
toxic being: folds 
frosa9397: calls $0.02
Dorex2007: calls $0.01
patagonia_ranco: checks 
*** FLOP *** [6c 3s 5h]
Dorex2007: bets $0.05
patagonia_ranco: folds 
maxito40: folds 
frosa9397: folds 
Uncalled bet ($0.05) returned to Dorex2007
Dorex2007 collected $0.08 from pot
Dorex2007: doesn't show hand 
*** SUMMARY ***
Total pot $0.08 | Rake $0 
Board [6c 3s 5h]
Seat 1: Razieve folded before Flop (didn't bet)
Seat 3: toxic being folded before Flop (didn't bet)
Seat 4: frosa9397 (button) folded on the Flop
Seat 5: Dorex2007 (small blind) collected ($0.08)
Seat 6: patagonia_ranco (big blind) folded on the Flop
Seat 7: maxito40 folded on the Flop
Seat 8: STM32 folded before Flop (didn't bet)
Seat 9: acegy folded before Flop (didn't bet)



PokerStars Hand #231099394823:  Hold'em No Limit ($0.01/$0.02 USD) - 2021/11/02 19:45:02 PT [2021/11/02 22:45:02 ET]
Table 'Aspidiske' 9-max Seat #5 is the button
Seat 1: Razieve ($0.87 in chips) 
Seat 3: toxic being ($1.43 in chips) 
Seat 4: frosa9397 ($1.83 in chips) 
Seat 5: Dorex2007 ($2.23 in chips) 
Seat 6: patagonia_ranco ($1.95 in chips) 
Seat 7: maxito40 ($2.24 in chips) 
Seat 8: STM32 ($1.73 in chips) 
Seat 9: acegy ($0.83 in chips) 
patagonia_ranco: posts small blind $0.01
maxito40: posts big blind $0.02
sofaking1973: sits out 
*** HOLE CARDS ***
Dealt to Dorex2007 [8c Tc]
STM32: folds 
acegy: calls $0.02
Razieve: folds 
toxic being: folds 
frosa9397: folds 
Dorex2007: folds 
patagonia_ranco: folds 
maxito40: raises $0.04 to $0.06
acegy: folds 
Uncalled bet ($0.04) returned to maxito40
maxito40 collected $0.05 from pot
*** SUMMARY ***
Total pot $0.05 | Rake $0 
Seat 1: Razieve folded before Flop (didn't bet)
Seat 3: toxic being folded before Flop (didn't bet)
Seat 4: frosa9397 folded before Flop (didn't bet)
Seat 5: Dorex2007 (button) folded before Flop (didn't bet)
Seat 6: patagonia_ranco (small blind) folded before Flop
Seat 7: maxito40 (big blind) collected ($0.05)
Seat 8: STM32 folded before Flop (didn't bet)
Seat 9: acegy folded before Flop



PokerStars Hand #231099401172:  Hold'em No Limit ($0.01/$0.02 USD) - 2021/11/02 19:45:33 PT [2021/11/02 22:45:33 ET]
Table 'Aspidiske' 9-max Seat #6 is the button
Seat 1: Razieve ($0.87 in chips) 
Seat 3: toxic being ($1.43 in chips) 
Seat 4: frosa9397 ($1.83 in chips) 
Seat 5: Dorex2007 ($2.23 in chips) 
Seat 6: patagonia_ranco ($1.94 in chips) 
Seat 7: maxito40 ($2.27 in chips) 
Seat 8: STM32 ($1.73 in chips) 
Seat 9: acegy ($0.81 in chips) 
maxito40: posts small blind $0.01
STM32: posts big blind $0.02
sofaking1973: sits out 
*** HOLE CARDS ***
Dealt to Dorex2007 [Ac Ad]
acegy: calls $0.02
Razieve: calls $0.02
toxic being: folds 
frosa9397: folds 
Dorex2007: raises $0.06 to $0.08
patagonia_ranco: folds 
maxito40: folds 
STM32: folds 
acegy: folds 
Razieve: folds 
Uncalled bet ($0.06) returned to Dorex2007
Dorex2007 collected $0.09 from pot
Dorex2007: doesn't show hand 
*** SUMMARY ***
Total pot $0.09 | Rake $0 
Seat 1: Razieve folded before Flop
Seat 3: toxic being folded before Flop (didn't bet)
Seat 4: frosa9397 folded before Flop (didn't bet)
Seat 5: Dorex2007 collected ($0.09)
Seat 6: patagonia_ranco (button) folded before Flop (didn't bet)
Seat 7: maxito40 (small blind) folded before Flop
Seat 8: STM32 (big blind) folded before Flop
Seat 9: acegy folded before Flop



PokerStars Hand #231099408601:  Hold'em No Limit ($0.01/$0.02 USD) - 2021/11/02 19:46:10 PT [2021/11/02 22:46:10 ET]
Table 'Aspidiske' 9-max Seat #7 is the button
Seat 1: Razieve ($0.85 in chips) 
Seat 3: toxic being ($1.43 in chips) 
Seat 4: frosa9397 ($1.83 in chips) 
Seat 5: Dorex2007 ($2.30 in chips) 
Seat 6: patagonia_ranco ($1.94 in chips) 
Seat 7: maxito40 ($2.26 in chips) 
Seat 8: STM32 ($1.71 in chips) 
Seat 9: acegy ($0.79 in chips) 
STM32: posts small blind $0.01
acegy: posts big blind $0.02
sofaking1973: sits out 
*** HOLE CARDS ***
Dealt to Dorex2007 [8h 6c]
Razieve: folds 
toxic being: folds 
frosa9397: folds 
Dorex2007: folds 
patagonia_ranco has timed out
patagonia_ranco: folds 
maxito40: folds 
STM32: calls $0.01
acegy: checks 
*** FLOP *** [Ts 7c 7h]
STM32: checks 
acegy: checks 
*** TURN *** [Ts 7c 7h] [6h]
STM32: bets $0.02
acegy: folds 
Uncalled bet ($0.02) returned to STM32
STM32 collected $0.04 from pot
STM32: doesn't show hand 
*** SUMMARY ***
Total pot $0.04 | Rake $0 
Board [Ts 7c 7h 6h]
Seat 1: Razieve folded before Flop (didn't bet)
Seat 3: toxic being folded before Flop (didn't bet)
Seat 4: frosa9397 folded before Flop (didn't bet)
Seat 5: Dorex2007 folded before Flop (didn't bet)
Seat 6: patagonia_ranco folded before Flop (didn't bet)
Seat 7: maxito40 (button) folded before Flop (didn't bet)
Seat 8: STM32 (small blind) collected ($0.04)
Seat 9: acegy (big blind) folded on the Turn



PokerStars Hand #231099418096:  Hold'em No Limit ($0.01/$0.02 USD) - 2021/11/02 19:46:57 PT [2021/11/02 22:46:57 ET]
Table 'Aspidiske' 9-max Seat #8 is the button
Seat 1: Razieve ($0.85 in chips) 
Seat 3: toxic being ($1.43 in chips) 
Seat 4: frosa9397 ($1.83 in chips) 
Seat 5: Dorex2007 ($2.30 in chips) 
Seat 6: patagonia_ranco ($2 in chips) 
Seat 7: maxito40 ($2.26 in chips) 
Seat 8: STM32 ($1.73 in chips) 
Seat 9: acegy ($0.77 in chips) 
acegy: posts small blind $0.01
Razieve: posts big blind $0.02
sofaking1973: sits out 
*** HOLE CARDS ***
Dealt to Dorex2007 [Qs Ah]
toxic being: folds 
frosa9397: folds 
Dorex2007: raises $0.04 to $0.06
patagonia_ranco: folds 
maxito40: folds 
STM32: folds 
acegy: folds 
Razieve: folds 
Uncalled bet ($0.04) returned to Dorex2007
Dorex2007 collected $0.05 from pot
Dorex2007: doesn't show hand 
*** SUMMARY ***
Total pot $0.05 | Rake $0 
Seat 1: Razieve (big blind) folded before Flop
Seat 3: toxic being folded before Flop (didn't bet)
Seat 4: frosa9397 folded before Flop (didn't bet)
Seat 5: Dorex2007 collected ($0.05)
Seat 6: patagonia_ranco folded before Flop (didn't bet)
Seat 7: maxito40 folded before Flop (didn't bet)
Seat 8: STM32 (button) folded before Flop (didn't bet)
Seat 9: acegy (small blind) folded before Flop



PokerStars Hand #231099422651:  Hold'em No Limit ($0.01/$0.02 USD) - 2021/11/02 19:47:19 PT [2021/11/02 22:47:19 ET]
Table 'Aspidiske' 9-max Seat #9 is the button
Seat 1: Razieve ($0.83 in chips) 
Seat 2: sofaking1973 ($1.95 in chips) 
Seat 3: toxic being ($1.43 in chips) 
Seat 4: frosa9397 ($1.83 in chips) 
Seat 5: Dorex2007 ($2.33 in chips) 
Seat 6: patagonia_ranco ($2 in chips) 
Seat 8: STM32 ($1.73 in chips) 
Seat 9: acegy ($0.76 in chips) 
Razieve: posts small blind $0.01
sofaking1973: posts big blind $0.02
*** HOLE CARDS ***
Dealt to Dorex2007 [8c Kd]
maxito40 leaves the table
toxic being: folds 
frosa9397: calls $0.02
Dorex2007: folds 
patagonia_ranco: folds 
STM32: folds 
acegy: folds 
Razieve: calls $0.01
sofaking1973: checks 
*** FLOP *** [9h 6s Qd]
Razieve: checks 
sofaking1973: checks 
frosa9397: bets $0.02
Razieve: folds 
sofaking1973: folds 
Uncalled bet ($0.02) returned to frosa9397
frosa9397 collected $0.06 from pot
frosa9397: doesn't show hand 
*** SUMMARY ***
Total pot $0.06 | Rake $0 
Board [9h 6s Qd]
Seat 1: Razieve (small blind) folded on the Flop
Seat 2: sofaking1973 (big blind) folded on the Flop
Seat 3: toxic being folded before Flop (didn't bet)
Seat 4: frosa9397 collected ($0.06)
Seat 5: Dorex2007 folded before Flop (didn't bet)
Seat 6: patagonia_ranco folded before Flop (didn't bet)
Seat 8: STM32 folded before Flop (didn't bet)
Seat 9: acegy (button) folded before Flop (didn't bet)



PokerStars Hand #231099431777:  Hold'em No Limit ($0.01/$0.02 USD) - 2021/11/02 19:48:04 PT [2021/11/02 22:48:04 ET]
Table 'Aspidiske' 9-max Seat #1 is the button
Seat 1: Razieve ($0.81 in chips) 
Seat 2: sofaking1973 ($1.93 in chips) 
Seat 3: toxic being ($1.43 in chips) 
Seat 4: frosa9397 ($1.87 in chips) 
Seat 5: Dorex2007 ($2.33 in chips) 
Seat 6: patagonia_ranco ($2 in chips) 
Seat 8: STM32 ($1.73 in chips) 
Seat 9: acegy ($0.76 in chips) 
sofaking1973: posts small blind $0.01
toxic being: posts big blind $0.02
*** HOLE CARDS ***
Dealt to Dorex2007 [6s 6h]
KRandall12 joins the table at seat #7 
frosa9397: folds 
Dorex2007: raises $0.02 to $0.04
patagonia_ranco: folds 
STM32: raises $0.08 to $0.12
acegy: folds 
Razieve: raises $0.69 to $0.81 and is all-in
sofaking1973: folds 
toxic being: folds 
Dorex2007: folds 
STM32: calls $0.69
*** FLOP *** [3s Ah 5h]
*** TURN *** [3s Ah 5h] [8c]
*** RIVER *** [3s Ah 5h 8c] [8s]
*** SHOW DOWN ***
STM32: shows [Jc Jd] (two pair, Jacks and Eights)
Razieve: shows [Qd Ac] (two pair, Aces and Eights)
Razieve cashed out the hand for $0.69 | Cash Out Fee $0.01
*** SUMMARY ***
Total pot $1.69 | Rake $0.06 
Board [3s Ah 5h 8c 8s]
Seat 1: Razieve (button) showed [Qd Ac] and won ($1.63) with two pair, Aces and Eights (pot not awarded as player cashed out)
Seat 2: sofaking1973 (small blind) folded before Flop
Seat 3: toxic being (big blind) folded before Flop
Seat 4: frosa9397 folded before Flop (didn't bet)
Seat 5: Dorex2007 folded before Flop
Seat 6: patagonia_ranco folded before Flop (didn't bet)
Seat 8: STM32 showed [Jc Jd] and lost with two pair, Jacks and Eights
Seat 9: acegy folded before Flop (didn't bet)



PokerStars Hand #231099441734:  Hold'em No Limit ($0.01/$0.02 USD) - 2021/11/02 19:48:54 PT [2021/11/02 22:48:54 ET]
Table 'Aspidiske' 9-max Seat #2 is the button
Seat 1: Razieve ($0.69 in chips) 
Seat 2: sofaking1973 ($1.92 in chips) 
Seat 3: toxic being ($1.41 in chips) 
Seat 4: frosa9397 ($1.87 in chips) 
Seat 5: Dorex2007 ($2.29 in chips) 
Seat 6: patagonia_ranco ($2 in chips) 
Seat 8: STM32 ($1.69 in chips) 
Seat 9: acegy ($0.76 in chips) 
toxic being: posts small blind $0.01
frosa9397: posts big blind $0.02
KRandall12: sits out 
*** HOLE CARDS ***
Dealt to Dorex2007 [2c 8d]
Dorex2007: folds 
patagonia_ranco: raises $0.04 to $0.06
STM32: folds 
acegy: folds 
Razieve: folds 
sofaking1973: folds 
toxic being: folds 
frosa9397: folds 
Uncalled bet ($0.04) returned to patagonia_ranco
patagonia_ranco collected $0.05 from pot
*** SUMMARY ***
Total pot $0.05 | Rake $0 
Seat 1: Razieve folded before Flop (didn't bet)
Seat 2: sofaking1973 (button) folded before Flop (didn't bet)
Seat 3: toxic being (small blind) folded before Flop
Seat 4: frosa9397 (big blind) folded before Flop
Seat 5: Dorex2007 folded before Flop (didn't bet)
Seat 6: patagonia_ranco collected ($0.05)
Seat 8: STM32 folded before Flop (didn't bet)
Seat 9: acegy folded before Flop (didn't bet)



PokerStars Hand #231099446754:  Hold'em No Limit ($0.01/$0.02 USD) - 2021/11/02 19:49:19 PT [2021/11/02 22:49:19 ET]
Table 'Aspidiske' 9-max Seat #3 is the button
Seat 1: Razieve ($0.69 in chips) 
Seat 2: sofaking1973 ($1.92 in chips) 
Seat 3: toxic being ($1.40 in chips) 
Seat 4: frosa9397 ($1.85 in chips) 
Seat 5: Dorex2007 ($2.29 in chips) 
Seat 6: patagonia_ranco ($2.03 in chips) 
Seat 8: STM32 ($1.69 in chips) 
Seat 9: acegy ($0.76 in chips) 
frosa9397: posts small blind $0.01
Dorex2007: posts big blind $0.02
KRandall12: sits out 
*** HOLE CARDS ***
Dealt to Dorex2007 [Kd 9h]
patagonia_ranco: folds 
STM32: raises $0.04 to $0.06
acegy: folds 
Razieve: raises $0.63 to $0.69 and is all-in
sofaking1973: folds 
toxic being: folds 
frosa9397: folds 
Dorex2007: folds 
STM32: folds 
Uncalled bet ($0.63) returned to Razieve
Razieve collected $0.15 from pot
*** SUMMARY ***
Total pot $0.15 | Rake $0 
Seat 1: Razieve collected ($0.15)
Seat 2: sofaking1973 folded before Flop (didn't bet)
Seat 3: toxic being (button) folded before Flop (didn't bet)
Seat 4: frosa9397 (small blind) folded before Flop
Seat 5: Dorex2007 (big blind) folded before Flop
Seat 6: patagonia_ranco folded before Flop (didn't bet)
Seat 8: STM32 folded before Flop
Seat 9: acegy folded before Flop (didn't bet)



PokerStars Hand #231099452565:  Hold'em No Limit ($0.01/$0.02 USD) - 2021/11/02 19:49:48 PT [2021/11/02 22:49:48 ET]
Table 'Aspidiske' 9-max Seat #4 is the button
Seat 1: Razieve ($0.78 in chips) 
Seat 2: sofaking1973 ($1.92 in chips) 
Seat 3: toxic being ($1.40 in chips) 
Seat 4: frosa9397 ($1.84 in chips) 
Seat 5: Dorex2007 ($2.27 in chips) 
Seat 6: patagonia_ranco ($2.03 in chips) 
Seat 8: STM32 ($1.69 in chips) 
Seat 9: acegy ($0.76 in chips) 
Dorex2007: posts small blind $0.01
patagonia_ranco: posts big blind $0.02
KRandall12: sits out 
*** HOLE CARDS ***
Dealt to Dorex2007 [2c Ts]
STM32: folds 
acegy: folds 
Razieve: calls $0.02
sofaking1973: folds 
toxic being: raises $1.38 to $1.40 and is all-in
frosa9397: folds 
Dorex2007: folds 
patagonia_ranco: folds 
Razieve: folds 
Uncalled bet ($1.38) returned to toxic being
toxic being collected $0.07 from pot
*** SUMMARY ***
Total pot $0.07 | Rake $0 
Seat 1: Razieve folded before Flop
Seat 2: sofaking1973 folded before Flop (didn't bet)
Seat 3: toxic being collected ($0.07)
Seat 4: frosa9397 (button) folded before Flop (didn't bet)
Seat 5: Dorex2007 (small blind) folded before Flop
Seat 6: patagonia_ranco (big blind) folded before Flop
Seat 8: STM32 folded before Flop (didn't bet)
Seat 9: acegy folded before Flop (didn't bet)



PokerStars Hand #231099460193:  Hold'em No Limit ($0.01/$0.02 USD) - 2021/11/02 19:50:27 PT [2021/11/02 22:50:27 ET]
Table 'Aspidiske' 9-max Seat #5 is the button
Seat 1: Razieve ($0.76 in chips) 
Seat 2: sofaking1973 ($1.92 in chips) 
Seat 3: toxic being ($1.45 in chips) 
Seat 4: frosa9397 ($1.84 in chips) 
Seat 5: Dorex2007 ($2.26 in chips) 
Seat 6: patagonia_ranco ($2.01 in chips) 
Seat 7: KRandall12 ($0.80 in chips) 
Seat 8: STM32 ($1.69 in chips) 
Seat 9: acegy ($0.76 in chips) 
patagonia_ranco: posts small blind $0.01
KRandall12: posts big blind $0.02
*** HOLE CARDS ***
Dealt to Dorex2007 [7d 5d]
STM32: folds 
acegy: folds 
Razieve: calls $0.02
sofaking1973: folds 
toxic being: folds 
frosa9397: folds 
Dorex2007: folds 
patagonia_ranco: folds 
KRandall12: checks 
*** FLOP *** [8s 3d Qs]
KRandall12: bets $0.04
Razieve: folds 
Uncalled bet ($0.04) returned to KRandall12
KRandall12 collected $0.05 from pot
KRandall12: doesn't show hand 
*** SUMMARY ***
Total pot $0.05 | Rake $0 
Board [8s 3d Qs]
Seat 1: Razieve folded on the Flop
Seat 2: sofaking1973 folded before Flop (didn't bet)
Seat 3: toxic being folded before Flop (didn't bet)
Seat 4: frosa9397 folded before Flop (didn't bet)
Seat 5: Dorex2007 (button) folded before Flop (didn't bet)
Seat 6: patagonia_ranco (small blind) folded before Flop
Seat 7: KRandall12 (big blind) collected ($0.05)
Seat 8: STM32 folded before Flop (didn't bet)
Seat 9: acegy folded before Flop (didn't bet)



PokerStars Hand #231099465637:  Hold'em No Limit ($0.01/$0.02 USD) - 2021/11/02 19:50:55 PT [2021/11/02 22:50:55 ET]
Table 'Aspidiske' 9-max Seat #6 is the button
Seat 1: Razieve ($0.74 in chips) 
Seat 2: sofaking1973 ($1.92 in chips) 
Seat 3: toxic being ($1.45 in chips) 
Seat 4: frosa9397 ($1.84 in chips) 
Seat 5: Dorex2007 ($2.26 in chips) 
Seat 6: patagonia_ranco ($2 in chips) 
Seat 7: KRandall12 ($0.83 in chips) 
Seat 8: STM32 ($1.69 in chips) 
Seat 9: acegy ($0.76 in chips) 
KRandall12: posts small blind $0.01
STM32: posts big blind $0.02
*** HOLE CARDS ***
Dealt to Dorex2007 [Qd 5c]
acegy: folds 
Razieve: calls $0.02
sofaking1973: folds 
toxic being: folds 
frosa9397: folds 
Dorex2007: folds 
patagonia_ranco: folds 
KRandall12: folds 
STM32: checks 
*** FLOP *** [3h 8h 2d]
STM32: checks 
Razieve: checks 
*** TURN *** [3h 8h 2d] [8s]
STM32: checks 
Razieve: checks 
*** RIVER *** [3h 8h 2d 8s] [8d]
toxic being leaves the table
STM32: checks 
Razieve: bets $0.72 and is all-in
STM32: folds 
Uncalled bet ($0.72) returned to Razieve
Razieve collected $0.05 from pot
Razieve: doesn't show hand 
*** SUMMARY ***
Total pot $0.05 | Rake $0 
Board [3h 8h 2d 8s 8d]
Seat 1: Razieve collected ($0.05)
Seat 2: sofaking1973 folded before Flop (didn't bet)
Seat 3: toxic being folded before Flop (didn't bet)
Seat 4: frosa9397 folded before Flop (didn't bet)
Seat 5: Dorex2007 folded before Flop (didn't bet)
Seat 6: patagonia_ranco (button) folded before Flop (didn't bet)
Seat 7: KRandall12 (small blind) folded before Flop
Seat 8: STM32 (big blind) folded on the River
Seat 9: acegy folded before Flop (didn't bet)



PokerStars Hand #231099474089:  Hold'em No Limit ($0.01/$0.02 USD) - 2021/11/02 19:51:37 PT [2021/11/02 22:51:37 ET]
Table 'Aspidiske' 9-max Seat #7 is the button
Seat 1: Razieve ($0.77 in chips) 
Seat 2: sofaking1973 ($1.92 in chips) 
Seat 4: frosa9397 ($1.84 in chips) 
Seat 5: Dorex2007 ($2.26 in chips) 
Seat 6: patagonia_ranco ($2 in chips) 
Seat 7: KRandall12 ($0.82 in chips) 
Seat 8: STM32 ($1.69 in chips) 
Seat 9: acegy ($0.76 in chips) 
STM32: posts small blind $0.01
acegy: posts big blind $0.02
*** HOLE CARDS ***
Dealt to Dorex2007 [Kh Ad]
Razieve: folds 
sofaking1973: folds 
frosa9397: folds 
Dorex2007: raises $0.04 to $0.06
patagonia_ranco: folds 
KRandall12: folds 
STM32: folds 
acegy: folds 
Uncalled bet ($0.04) returned to Dorex2007
Dorex2007 collected $0.05 from pot
Dorex2007: doesn't show hand 
*** SUMMARY ***
Total pot $0.05 | Rake $0 
Seat 1: Razieve folded before Flop (didn't bet)
Seat 2: sofaking1973 folded before Flop (didn't bet)
Seat 4: frosa9397 folded before Flop (didn't bet)
Seat 5: Dorex2007 collected ($0.05)
Seat 6: patagonia_ranco folded before Flop (didn't bet)
Seat 7: KRandall12 (button) folded before Flop (didn't bet)
Seat 8: STM32 (small blind) folded before Flop
Seat 9: acegy (big blind) folded before Flop



PokerStars Hand #231099479366:  Hold'em No Limit ($0.01/$0.02 USD) - 2021/11/02 19:52:05 PT [2021/11/02 22:52:05 ET]
Table 'Aspidiske' 9-max Seat #8 is the button
Seat 1: Razieve ($0.77 in chips) 
Seat 2: sofaking1973 ($1.92 in chips) 
Seat 4: frosa9397 ($1.84 in chips) 
Seat 5: Dorex2007 ($2.29 in chips) 
Seat 6: patagonia_ranco ($2 in chips) 
Seat 7: KRandall12 ($0.82 in chips) 
Seat 8: STM32 ($1.69 in chips) 
Seat 9: acegy ($0.74 in chips) 
acegy: posts small blind $0.01
Razieve: posts big blind $0.02
*** HOLE CARDS ***
Dealt to Dorex2007 [4c 5c]
sofaking1973: folds 
frosa9397: folds 
Dorex2007: folds 
patagonia_ranco: folds 
KRandall12: folds 
STM32: folds 
acegy: calls $0.01
Razieve: checks 
*** FLOP *** [Js 4h Jc]
acegy: checks 
Razieve: checks 
*** TURN *** [Js 4h Jc] [6c]
acegy: checks 
Razieve: checks 
*** RIVER *** [Js 4h Jc 6c] [Ac]
acegy: bets $0.04
Razieve: folds 
Uncalled bet ($0.04) returned to acegy
acegy collected $0.04 from pot
acegy: doesn't show hand 
*** SUMMARY ***
Total pot $0.04 | Rake $0 
Board [Js 4h Jc 6c Ac]
Seat 1: Razieve (big blind) folded on the River
Seat 2: sofaking1973 folded before Flop (didn't bet)
Seat 4: frosa9397 folded before Flop (didn't bet)
Seat 5: Dorex2007 folded before Flop (didn't bet)
Seat 6: patagonia_ranco folded before Flop (didn't bet)
Seat 7: KRandall12 folded before Flop (didn't bet)
Seat 8: STM32 (button) folded before Flop (didn't bet)
Seat 9: acegy (small blind) collected ($0.04)



PokerStars Hand #231099487071:  Hold'em No Limit ($0.01/$0.02 USD) - 2021/11/02 19:52:44 PT [2021/11/02 22:52:44 ET]
Table 'Aspidiske' 9-max Seat #9 is the button
Seat 1: Razieve ($0.75 in chips) 
Seat 2: sofaking1973 ($1.92 in chips) 
Seat 4: frosa9397 ($1.84 in chips) 
Seat 5: Dorex2007 ($2.29 in chips) 
Seat 6: patagonia_ranco ($2 in chips) 
Seat 7: KRandall12 ($0.82 in chips) 
Seat 8: STM32 ($1.69 in chips) 
Seat 9: acegy ($0.76 in chips) 
Razieve: posts small blind $0.01
sofaking1973: posts big blind $0.02
*** HOLE CARDS ***
Dealt to Dorex2007 [Ac Ks]
frosa9397: folds 
Dorex2007: raises $0.04 to $0.06
patagonia_ranco: folds 
KRandall12: folds 
STM32: folds 
acegy: folds 
Razieve: folds 
sofaking1973: folds 
Uncalled bet ($0.04) returned to Dorex2007
Dorex2007 collected $0.05 from pot
Dorex2007: doesn't show hand 
*** SUMMARY ***
Total pot $0.05 | Rake $0 
Seat 1: Razieve (small blind) folded before Flop
Seat 2: sofaking1973 (big blind) folded before Flop
Seat 4: frosa9397 folded before Flop (didn't bet)
Seat 5: Dorex2007 collected ($0.05)
Seat 6: patagonia_ranco folded before Flop (didn't bet)
Seat 7: KRandall12 folded before Flop (didn't bet)
Seat 8: STM32 folded before Flop (didn't bet)
Seat 9: acegy (button) folded before Flop (didn't bet)



PokerStars Hand #231099490592:  Hold'em No Limit ($0.01/$0.02 USD) - 2021/11/02 19:53:01 PT [2021/11/02 22:53:01 ET]
Table 'Aspidiske' 9-max Seat #1 is the button
Seat 1: Razieve ($0.74 in chips) 
Seat 2: sofaking1973 ($1.90 in chips) 
Seat 4: frosa9397 ($1.84 in chips) 
Seat 5: Dorex2007 ($2.32 in chips) 
Seat 6: patagonia_ranco ($2 in chips) 
Seat 7: KRandall12 ($0.82 in chips) 
Seat 8: STM32 ($1.69 in chips) 
Seat 9: acegy ($0.76 in chips) 
sofaking1973: posts small blind $0.01
frosa9397: posts big blind $0.02
*** HOLE CARDS ***
Dealt to Dorex2007 [Ac Qd]
Dorex2007: raises $0.04 to $0.06
patagonia_ranco: folds 
KRandall12: folds 
STM32: folds 
acegy: folds 
Razieve: calls $0.06
sofaking1973: folds 
frosa9397: folds 
*** FLOP *** [5d 4h 5h]
Dorex2007: checks 
Razieve: checks 
*** TURN *** [5d 4h 5h] [Kd]
Dorex2007: bets $0.09
Razieve: calls $0.09
*** RIVER *** [5d 4h 5h Kd] [7h]
Dorex2007: checks 
Razieve: bets $0.59 and is all-in
Dorex2007: folds 
Uncalled bet ($0.59) returned to Razieve
Razieve collected $0.32 from pot
Razieve: doesn't show hand 
*** SUMMARY ***
Total pot $0.33 | Rake $0.01 
Board [5d 4h 5h Kd 7h]
Seat 1: Razieve (button) collected ($0.32)
Seat 2: sofaking1973 (small blind) folded before Flop
Seat 4: frosa9397 (big blind) folded before Flop
Seat 5: Dorex2007 folded on the River
Seat 6: patagonia_ranco folded before Flop (didn't bet)
Seat 7: KRandall12 folded before Flop (didn't bet)
Seat 8: STM32 folded before Flop (didn't bet)
Seat 9: acegy folded before Flop (didn't bet)



PokerStars Hand #231099498204:  Hold'em No Limit ($0.01/$0.02 USD) - 2021/11/02 19:53:40 PT [2021/11/02 22:53:40 ET]
Table 'Aspidiske' 9-max Seat #2 is the button
Seat 1: Razieve ($0.91 in chips) 
Seat 2: sofaking1973 ($1.89 in chips) 
Seat 4: frosa9397 ($1.82 in chips) 
Seat 5: Dorex2007 ($2.17 in chips) 
Seat 6: patagonia_ranco ($2 in chips) 
Seat 7: KRandall12 ($0.82 in chips) 
Seat 8: STM32 ($1.69 in chips) 
Seat 9: acegy ($0.76 in chips) 
frosa9397: posts small blind $0.01
Dorex2007: posts big blind $0.02
*** HOLE CARDS ***
Dealt to Dorex2007 [8c 2d]
patagonia_ranco: folds 
KRandall12: folds 
STM32: folds 
acegy: folds 
Razieve: folds 
sofaking1973: calls $0.02
frosa9397: folds 
Dorex2007: checks 
*** FLOP *** [Kh Jh As]
Dorex2007: checks 
sofaking1973: bets $0.02
Dorex2007: folds 
Uncalled bet ($0.02) returned to sofaking1973
sofaking1973 collected $0.05 from pot
sofaking1973: doesn't show hand 
*** SUMMARY ***
Total pot $0.05 | Rake $0 
Board [Kh Jh As]
Seat 1: Razieve folded before Flop (didn't bet)
Seat 2: sofaking1973 (button) collected ($0.05)
Seat 4: frosa9397 (small blind) folded before Flop
Seat 5: Dorex2007 (big blind) folded on the Flop
Seat 6: patagonia_ranco folded before Flop (didn't bet)
Seat 7: KRandall12 folded before Flop (didn't bet)
Seat 8: STM32 folded before Flop (didn't bet)
Seat 9: acegy folded before Flop (didn't bet)



PokerStars Hand #231099511138:  Hold'em No Limit ($0.01/$0.02 USD) - 2021/11/02 19:54:10 PT [2021/11/02 22:54:10 ET]
Table 'Aspidiske' 9-max Seat #4 is the button
Seat 1: Razieve ($0.91 in chips) 
Seat 2: sofaking1973 ($1.92 in chips) 
Seat 4: frosa9397 ($1.81 in chips) 
Seat 5: Dorex2007 ($2.15 in chips) 
Seat 6: patagonia_ranco ($2 in chips) 
Seat 7: KRandall12 ($0.82 in chips) 
Seat 8: STM32 ($1.69 in chips) 
Seat 9: acegy ($0.76 in chips) 
Dorex2007: posts small blind $0.01
patagonia_ranco: posts big blind $0.02
*** HOLE CARDS ***
Dealt to Dorex2007 [2d Th]
KRandall12: raises $0.03 to $0.05
STM32: folds 
acegy: folds 
Razieve: calls $0.05
sofaking1973: folds 
frosa9397: folds 
Dorex2007: folds 
patagonia_ranco: folds 
*** FLOP *** [4d 5d 7s]
KRandall12: bets $0.10
Razieve: folds 
Uncalled bet ($0.10) returned to KRandall12
KRandall12 collected $0.13 from pot
KRandall12: doesn't show hand 
*** SUMMARY ***
Total pot $0.13 | Rake $0 
Board [4d 5d 7s]
Seat 1: Razieve folded on the Flop
Seat 2: sofaking1973 folded before Flop (didn't bet)
Seat 4: frosa9397 (button) folded before Flop (didn't bet)
Seat 5: Dorex2007 (small blind) folded before Flop
Seat 6: patagonia_ranco (big blind) folded before Flop
Seat 7: KRandall12 collected ($0.13)
Seat 8: STM32 folded before Flop (didn't bet)
Seat 9: acegy folded before Flop (didn't bet)



PokerStars Hand #231099519012:  Hold'em No Limit ($0.01/$0.02 USD) - 2021/11/02 19:54:51 PT [2021/11/02 22:54:51 ET]
Table 'Aspidiske' 9-max Seat #5 is the button
Seat 1: Razieve ($0.86 in chips) 
Seat 2: sofaking1973 ($1.92 in chips) 
Seat 4: frosa9397 ($1.81 in chips) 
Seat 5: Dorex2007 ($2.14 in chips) 
Seat 6: patagonia_ranco ($2 in chips) 
Seat 7: KRandall12 ($0.90 in chips) 
Seat 8: STM32 ($1.69 in chips) 
Seat 9: acegy ($0.76 in chips) 
patagonia_ranco: posts small blind $0.01
KRandall12: posts big blind $0.02
*** HOLE CARDS ***
Dealt to Dorex2007 [As Jd]
STM32: folds 
Angel'sDave joins the table at seat #3 
acegy has timed out
acegy: folds 
Razieve: calls $0.02
sofaking1973: folds 
frosa9397: folds 
Dorex2007: calls $0.02
patagonia_ranco: folds 
KRandall12: checks 
*** FLOP *** [5h Ad 8c]
KRandall12: checks 
Razieve: checks 
Dorex2007: checks 
*** TURN *** [5h Ad 8c] [Qc]
KRandall12: checks 
Razieve: bets $0.03
Dorex2007: calls $0.03
KRandall12: calls $0.03
*** RIVER *** [5h Ad 8c Qc] [Td]
KRandall12: checks 
Razieve: checks 
Dorex2007: bets $0.08
KRandall12: calls $0.08
Razieve: folds 
*** SHOW DOWN ***
Dorex2007: shows [As Jd] (a pair of Aces)
KRandall12: shows [Ts Qh] (two pair, Queens and Tens)
KRandall12 collected $0.31 from pot
*** SUMMARY ***
Total pot $0.32 | Rake $0.01 
Board [5h Ad 8c Qc Td]
Seat 1: Razieve folded on the River
Seat 2: sofaking1973 folded before Flop (didn't bet)
Seat 4: frosa9397 folded before Flop (didn't bet)
Seat 5: Dorex2007 (button) showed [As Jd] and lost with a pair of Aces
Seat 6: patagonia_ranco (small blind) folded before Flop
Seat 7: KRandall12 (big blind) showed [Ts Qh] and won ($0.31) with two pair, Queens and Tens
Seat 8: STM32 folded before Flop (didn't bet)
Seat 9: acegy folded before Flop (didn't bet)



PokerStars Hand #231099530408:  Hold'em No Limit ($0.01/$0.02 USD) - 2021/11/02 19:55:57 PT [2021/11/02 22:55:57 ET]
Table 'Aspidiske' 9-max Seat #6 is the button
Seat 1: Razieve ($0.81 in chips) 
Seat 2: sofaking1973 ($1.92 in chips) 
Seat 4: frosa9397 ($1.81 in chips) 
Seat 5: Dorex2007 ($2.01 in chips) 
Seat 6: patagonia_ranco ($2 in chips) 
Seat 7: KRandall12 ($1.08 in chips) 
Seat 8: STM32 ($1.69 in chips) 
Seat 9: acegy ($0.76 in chips) 
KRandall12: posts small blind $0.01
STM32: posts big blind $0.02
Angel'sDave: sits out 
*** HOLE CARDS ***
Dealt to Dorex2007 [7s 9h]
acegy: folds 
Razieve: folds 
sofaking1973: calls $0.02
frosa9397: calls $0.02
Dorex2007: folds 
patagonia_ranco: folds 
KRandall12: calls $0.01
STM32: checks 
*** FLOP *** [5s 7h 4d]
KRandall12: checks 
STM32: checks 
sofaking1973: checks 
frosa9397: checks 
*** TURN *** [5s 7h 4d] [Kc]
KRandall12: checks 
STM32: checks 
sofaking1973: checks 
frosa9397: checks 
*** RIVER *** [5s 7h 4d Kc] [Kh]
KRandall12: checks 
STM32: checks 
sofaking1973: checks 
frosa9397: checks 
*** SHOW DOWN ***
KRandall12: shows [8c 7c] (two pair, Kings and Sevens)
STM32: mucks hand 
sofaking1973: mucks hand 
frosa9397: mucks hand 
KRandall12 collected $0.08 from pot
*** SUMMARY ***
Total pot $0.08 | Rake $0 
Board [5s 7h 4d Kc Kh]
Seat 1: Razieve folded before Flop (didn't bet)
Seat 2: sofaking1973 mucked [Js Ah]
Seat 4: frosa9397 mucked [2h 2s]
Seat 5: Dorex2007 folded before Flop (didn't bet)
Seat 6: patagonia_ranco (button) folded before Flop (didn't bet)
Seat 7: KRandall12 (small blind) showed [8c 7c] and won ($0.08) with two pair, Kings and Sevens
Seat 8: STM32 (big blind) mucked [5h 6h]
Seat 9: acegy folded before Flop (didn't bet)



PokerStars Hand #231099541956:  Hold'em No Limit ($0.01/$0.02 USD) - 2021/11/02 19:57:09 PT [2021/11/02 22:57:09 ET]
Table 'Aspidiske' 9-max Seat #7 is the button
Seat 1: Razieve ($0.81 in chips) 
Seat 2: sofaking1973 ($1.90 in chips) 
Seat 4: frosa9397 ($1.79 in chips) 
Seat 5: Dorex2007 ($2.01 in chips) 
Seat 6: patagonia_ranco ($2 in chips) 
Seat 7: KRandall12 ($1.14 in chips) 
Seat 8: STM32 ($1.69 in chips) 
Seat 9: acegy ($0.76 in chips) 
STM32: posts small blind $0.01
acegy: posts big blind $0.02
Angel'sDave: sits out 
*** HOLE CARDS ***
Dealt to Dorex2007 [8c 3s]
Razieve: raises $0.02 to $0.04
sofaking1973: folds 
frosa9397: folds 
Dorex2007: folds 
patagonia_ranco: folds 
KRandall12: folds 
STM32: folds 
acegy: calls $0.02
*** FLOP *** [4d 2c 2d]
acegy: checks 
Razieve: bets $0.04
acegy: folds 
Uncalled bet ($0.04) returned to Razieve
Razieve collected $0.09 from pot
Razieve: doesn't show hand 
*** SUMMARY ***
Total pot $0.09 | Rake $0 
Board [4d 2c 2d]
Seat 1: Razieve collected ($0.09)
Seat 2: sofaking1973 folded before Flop (didn't bet)
Seat 4: frosa9397 folded before Flop (didn't bet)
Seat 5: Dorex2007 folded before Flop (didn't bet)
Seat 6: patagonia_ranco folded before Flop (didn't bet)
Seat 7: KRandall12 (button) folded before Flop (didn't bet)
Seat 8: STM32 (small blind) folded before Flop
Seat 9: acegy (big blind) folded on the Flop



PokerStars Hand #231099546493:  Hold'em No Limit ($0.01/$0.02 USD) - 2021/11/02 19:57:36 PT [2021/11/02 22:57:36 ET]
Table 'Aspidiske' 9-max Seat #8 is the button
Seat 1: Razieve ($0.86 in chips) 
Seat 2: sofaking1973 ($1.90 in chips) 
Seat 4: frosa9397 ($1.79 in chips) 
Seat 5: Dorex2007 ($2.01 in chips) 
Seat 6: patagonia_ranco ($2 in chips) 
Seat 7: KRandall12 ($1.14 in chips) 
Seat 8: STM32 ($1.69 in chips) 
Seat 9: acegy ($0.72 in chips) 
acegy: posts small blind $0.01
Razieve: posts big blind $0.02
Angel'sDave: sits out 
*** HOLE CARDS ***
Dealt to Dorex2007 [8s Ts]
sofaking1973: folds 
frosa9397: folds 
Dorex2007: folds 
patagonia_ranco: folds 
KRandall12: folds 
STM32: raises $0.04 to $0.06
acegy: folds 
Razieve: calls $0.04
*** FLOP *** [Qd 2h 3h]
Razieve: bets $0.06
STM32: folds 
Uncalled bet ($0.06) returned to Razieve
Razieve collected $0.13 from pot
Razieve: doesn't show hand 
*** SUMMARY ***
Total pot $0.13 | Rake $0 
Board [Qd 2h 3h]
Seat 1: Razieve (big blind) collected ($0.13)
Seat 2: sofaking1973 folded before Flop (didn't bet)
Seat 4: frosa9397 folded before Flop (didn't bet)
Seat 5: Dorex2007 folded before Flop (didn't bet)
Seat 6: patagonia_ranco folded before Flop (didn't bet)
Seat 7: KRandall12 folded before Flop (didn't bet)
Seat 8: STM32 (button) folded on the Flop
Seat 9: acegy (small blind) folded before Flop



PokerStars Hand #231099560318:  Hold'em No Limit ($0.01/$0.02 USD) - 2021/11/02 19:58:14 PT [2021/11/02 22:58:14 ET]
Table 'Aspidiske' 9-max Seat #9 is the button
Seat 1: Razieve ($0.93 in chips) 
Seat 2: sofaking1973 ($1.90 in chips) 
Seat 4: frosa9397 ($1.79 in chips) 
Seat 5: Dorex2007 ($2.01 in chips) 
Seat 6: patagonia_ranco ($2 in chips) 
Seat 7: KRandall12 ($1.14 in chips) 
Seat 8: STM32 ($1.69 in chips) 
Seat 9: acegy ($0.71 in chips) 
Razieve: posts small blind $0.01
sofaking1973: posts big blind $0.02
Angel'sDave: sits out 
*** HOLE CARDS ***
Dealt to Dorex2007 [As Qh]
frosa9397: folds 
Dorex2007: raises $0.02 to $0.04
patagonia_ranco: folds 
KRandall12: folds 
STM32: calls $0.04
acegy: folds 
Razieve: calls $0.03
sofaking1973: folds 
*** FLOP *** [Kc 4c Js]
Razieve: checks 
Dorex2007: bets $0.09
STM32: folds 
Razieve: calls $0.09
*** TURN *** [Kc 4c Js] [Jc]
Razieve: checks 
Dorex2007: bets $0.16
Razieve: raises $0.64 to $0.80 and is all-in
Dorex2007: folds 
Uncalled bet ($0.64) returned to Razieve
Razieve collected $0.62 from pot
Razieve: doesn't show hand 
*** SUMMARY ***
Total pot $0.64 | Rake $0.02 
Board [Kc 4c Js Jc]
Seat 1: Razieve (small blind) collected ($0.62)
Seat 2: sofaking1973 (big blind) folded before Flop
Seat 4: frosa9397 folded before Flop (didn't bet)
Seat 5: Dorex2007 folded on the Turn
Seat 6: patagonia_ranco folded before Flop (didn't bet)
Seat 7: KRandall12 folded before Flop (didn't bet)
Seat 8: STM32 folded on the Flop
Seat 9: acegy (button) folded before Flop (didn't bet)



PokerStars Hand #231099570344:  Hold'em No Limit ($0.01/$0.02 USD) - 2021/11/02 19:59:08 PT [2021/11/02 22:59:08 ET]
Table 'Aspidiske' 9-max Seat #1 is the button
Seat 1: Razieve ($1.26 in chips) 
Seat 2: sofaking1973 ($1.88 in chips) 
Seat 3: Angel'sDave ($1 in chips) 
Seat 4: frosa9397 ($1.79 in chips) 
Seat 5: Dorex2007 ($2 in chips) 
Seat 6: patagonia_ranco ($2 in chips) 
Seat 7: KRandall12 ($1.14 in chips) 
Seat 8: STM32 ($1.69 in chips) 
Seat 9: acegy ($0.71 in chips) 
sofaking1973: posts small blind $0.01
Angel'sDave: posts big blind $0.02
*** HOLE CARDS ***
Dealt to Dorex2007 [3s 9s]
frosa9397: folds 
Dorex2007: folds 
patagonia_ranco: folds 
KRandall12: folds 
STM32: folds 
acegy: raises $0.02 to $0.04
Razieve: folds 
sofaking1973: folds 
Angel'sDave: calls $0.02
*** FLOP *** [9d Kc 4h]
Angel'sDave: checks 
acegy: checks 
*** TURN *** [9d Kc 4h] [Jc]
Angel'sDave: checks 
acegy: bets $0.04
Angel'sDave: calls $0.04
*** RIVER *** [9d Kc 4h Jc] [7s]
Angel'sDave: checks 
acegy: checks 
*** SHOW DOWN ***
Angel'sDave: shows [8h 5c] (high card King)
acegy: shows [Qc Ah] (high card Ace)
acegy collected $0.16 from pot
*** SUMMARY ***
Total pot $0.17 | Rake $0.01 
Board [9d Kc 4h Jc 7s]
Seat 1: Razieve (button) folded before Flop (didn't bet)
Seat 2: sofaking1973 (small blind) folded before Flop
Seat 3: Angel'sDave (big blind) showed [8h 5c] and lost with high card King
Seat 4: frosa9397 folded before Flop (didn't bet)
Seat 5: Dorex2007 folded before Flop (didn't bet)
Seat 6: patagonia_ranco folded before Flop (didn't bet)
Seat 7: KRandall12 folded before Flop (didn't bet)
Seat 8: STM32 folded before Flop (didn't bet)
Seat 9: acegy showed [Qc Ah] and won ($0.16) with high card Ace



PokerStars Hand #231099579104:  Hold'em No Limit ($0.01/$0.02 USD) - 2021/11/02 20:00:02 PT [2021/11/02 23:00:02 ET]
Table 'Aspidiske' 9-max Seat #2 is the button
Seat 1: Razieve ($1.26 in chips) 
Seat 2: sofaking1973 ($1.87 in chips) 
Seat 3: Angel'sDave ($0.92 in chips) 
Seat 4: frosa9397 ($1.79 in chips) 
Seat 5: Dorex2007 ($2 in chips) 
Seat 6: patagonia_ranco ($2 in chips) 
Seat 7: KRandall12 ($1.14 in chips) 
Seat 8: STM32 ($1.69 in chips) 
Seat 9: acegy ($0.79 in chips) 
Angel'sDave: posts small blind $0.01
frosa9397: posts big blind $0.02
*** HOLE CARDS ***
Dealt to Dorex2007 [Jh Qd]
Dorex2007: folds 
patagonia_ranco: folds 
KRandall12: folds 
STM32: folds 
acegy: folds 
Razieve: folds 
sofaking1973: folds 
Angel'sDave: calls $0.01
Razieve leaves the table
frosa9397: checks 
*** FLOP *** [Jd 5s 7c]
Angel'sDave: bets $0.04
frosa9397: folds 
Uncalled bet ($0.04) returned to Angel'sDave
Angel'sDave collected $0.04 from pot
*** SUMMARY ***
Total pot $0.04 | Rake $0 
Board [Jd 5s 7c]
Seat 1: Razieve folded before Flop (didn't bet)
Seat 2: sofaking1973 (button) folded before Flop (didn't bet)
Seat 3: Angel'sDave (small blind) collected ($0.04)
Seat 4: frosa9397 (big blind) folded on the Flop
Seat 5: Dorex2007 folded before Flop (didn't bet)
Seat 6: patagonia_ranco folded before Flop (didn't bet)
Seat 7: KRandall12 folded before Flop (didn't bet)
Seat 8: STM32 folded before Flop (didn't bet)
Seat 9: acegy folded before Flop (didn't bet)



PokerStars Hand #231099585876:  Hold'em No Limit ($0.01/$0.02 USD) - 2021/11/02 20:00:42 PT [2021/11/02 23:00:42 ET]
Table 'Aspidiske' 9-max Seat #3 is the button
Seat 2: sofaking1973 ($1.87 in chips) 
Seat 3: Angel'sDave ($0.94 in chips) 
Seat 4: frosa9397 ($1.77 in chips) 
Seat 5: Dorex2007 ($2 in chips) 
Seat 6: patagonia_ranco ($2 in chips) 
Seat 7: KRandall12 ($1.14 in chips) 
Seat 8: STM32 ($1.69 in chips) 
Seat 9: acegy ($0.79 in chips) 
frosa9397: posts small blind $0.01
Dorex2007: posts big blind $0.02
*** HOLE CARDS ***
Dealt to Dorex2007 [Ks 3h]
Artmis 33 joins the table at seat #1 
patagonia_ranco: folds 
KRandall12: folds 
STM32: folds 
acegy: folds 
sofaking1973: folds 
Angel'sDave: folds 
frosa9397: folds 
Uncalled bet ($0.01) returned to Dorex2007
Dorex2007 collected $0.02 from pot
Dorex2007: doesn't show hand 
*** SUMMARY ***
Total pot $0.02 | Rake $0 
Seat 2: sofaking1973 folded before Flop (didn't bet)
Seat 3: Angel'sDave (button) folded before Flop (didn't bet)
Seat 4: frosa9397 (small blind) folded before Flop
Seat 5: Dorex2007 (big blind) collected ($0.02)
Seat 6: patagonia_ranco folded before Flop (didn't bet)
Seat 7: KRandall12 folded before Flop (didn't bet)
Seat 8: STM32 folded before Flop (didn't bet)
Seat 9: acegy folded before Flop (didn't bet)



PokerStars Hand #231099590155:  Hold'em No Limit ($0.01/$0.02 USD) - 2021/11/02 20:01:05 PT [2021/11/02 23:01:05 ET]
Table 'Aspidiske' 9-max Seat #4 is the button
Seat 2: sofaking1973 ($1.87 in chips) 
Seat 3: Angel'sDave ($0.94 in chips) 
Seat 4: frosa9397 ($1.76 in chips) 
Seat 5: Dorex2007 ($2.01 in chips) 
Seat 6: patagonia_ranco ($2 in chips) 
Seat 7: KRandall12 ($1.14 in chips) 
Seat 8: STM32 ($1.69 in chips) 
Seat 9: acegy ($0.79 in chips) 
Dorex2007: posts small blind $0.01
patagonia_ranco: posts big blind $0.02
Artmis 33: sits out 
*** HOLE CARDS ***
Dealt to Dorex2007 [Tc 6d]
KRandall12: folds 
STM32: folds 
acegy: folds 
sofaking1973: calls $0.02
Angel'sDave: folds 
frosa9397: folds 
Dorex2007: calls $0.01
patagonia_ranco: checks 
*** FLOP *** [5h Kc 6s]
Dorex2007: checks 
patagonia_ranco: checks 
sofaking1973: checks 
*** TURN *** [5h Kc 6s] [Ac]
Dorex2007: checks 
KRandall12 leaves the table
patagonia_ranco: checks 
sofaking1973: checks 
*** RIVER *** [5h Kc 6s Ac] [Jh]
Dorex2007: checks 
patagonia_ranco: checks 
sofaking1973: checks 
*** SHOW DOWN ***
Dorex2007: shows [Tc 6d] (a pair of Sixes)
patagonia_ranco: mucks hand 
sofaking1973: mucks hand 
Dorex2007 collected $0.06 from pot
*** SUMMARY ***
Total pot $0.06 | Rake $0 
Board [5h Kc 6s Ac Jh]
Seat 2: sofaking1973 mucked [4h 4c]
Seat 3: Angel'sDave folded before Flop (didn't bet)
Seat 4: frosa9397 (button) folded before Flop (didn't bet)
Seat 5: Dorex2007 (small blind) showed [Tc 6d] and won ($0.06) with a pair of Sixes
Seat 6: patagonia_ranco (big blind) mucked [3c Qc]
Seat 7: KRandall12 folded before Flop (didn't bet)
Seat 8: STM32 folded before Flop (didn't bet)
Seat 9: acegy folded before Flop (didn't bet)



PokerStars Hand #231099604859:  Hold'em No Limit ($0.01/$0.02 USD) - 2021/11/02 20:02:23 PT [2021/11/02 23:02:23 ET]
Table 'Aspidiske' 9-max Seat #5 is the button
Seat 2: sofaking1973 ($1.85 in chips) 
Seat 3: Angel'sDave ($0.94 in chips) 
Seat 4: frosa9397 ($1.76 in chips) 
Seat 5: Dorex2007 ($2.05 in chips) 
Seat 6: patagonia_ranco ($2 in chips) 
Seat 8: STM32 ($1.69 in chips) 
Seat 9: acegy ($0.79 in chips) 
patagonia_ranco: posts small blind $0.01
STM32: posts big blind $0.02
Artmis 33: sits out 
*** HOLE CARDS ***
Dealt to Dorex2007 [4c 4h]
acegy: calls $0.02
sofaking1973: raises $0.02 to $0.04
Angel'sDave: folds 
frosa9397: folds 
Dorex2007: calls $0.04
patagonia_ranco: folds 
STM32: calls $0.02
mad0max75 joins the table at seat #7 
acegy: calls $0.02
*** FLOP *** [7s 5s 8c]
STM32: checks 
acegy: checks 
sofaking1973: bets $0.06
Dorex2007: folds 
STM32: folds 
acegy: calls $0.06
*** TURN *** [7s 5s 8c] [Kc]
acegy: checks 
sofaking1973: bets $0.12
acegy: folds 
Uncalled bet ($0.12) returned to sofaking1973
sofaking1973 collected $0.28 from pot
sofaking1973: doesn't show hand 
*** SUMMARY ***
Total pot $0.29 | Rake $0.01 
Board [7s 5s 8c Kc]
Seat 2: sofaking1973 collected ($0.28)
Seat 3: Angel'sDave folded before Flop (didn't bet)
Seat 4: frosa9397 folded before Flop (didn't bet)
Seat 5: Dorex2007 (button) folded on the Flop
Seat 6: patagonia_ranco (small blind) folded before Flop
Seat 8: STM32 (big blind) folded on the Flop
Seat 9: acegy folded on the Turn



PokerStars Hand #231099620675:  Hold'em No Limit ($0.01/$0.02 USD) - 2021/11/02 20:03:24 PT [2021/11/02 23:03:24 ET]
Table 'Aspidiske' 9-max Seat #6 is the button
Seat 2: sofaking1973 ($2.03 in chips) 
Seat 3: Angel'sDave ($0.94 in chips) 
Seat 4: frosa9397 ($1.76 in chips) 
Seat 5: Dorex2007 ($2.01 in chips) 
Seat 6: patagonia_ranco ($2 in chips) 
Seat 8: STM32 ($1.69 in chips) 
Seat 9: acegy ($0.69 in chips) 
STM32: posts small blind $0.01
acegy: posts big blind $0.02
Artmis 33: sits out 
*** HOLE CARDS ***
Dealt to Dorex2007 [Th Kh]
sofaking1973: calls $0.02
Angel'sDave: folds 
frosa9397: folds 
Dorex2007: calls $0.02
patagonia_ranco: folds 
STM32: calls $0.01
acegy: checks 
*** FLOP *** [3s 3d As]
STM32: checks 
acegy: checks 
sofaking1973: checks 
Dorex2007: checks 
*** TURN *** [3s 3d As] [7s]
STM32: bets $0.06
acegy: folds 
sofaking1973: calls $0.06
Dorex2007: folds 
*** RIVER *** [3s 3d As 7s] [7d]
STM32: bets $0.07
sofaking1973: calls $0.07
*** SHOW DOWN ***
STM32: shows [6s Ks] (a flush, Ace high)
sofaking1973: mucks hand 
STM32 collected $0.33 from pot
*** SUMMARY ***
Total pot $0.34 | Rake $0.01 
Board [3s 3d As 7s 7d]
Seat 2: sofaking1973 mucked [5d 5h]
Seat 3: Angel'sDave folded before Flop (didn't bet)
Seat 4: frosa9397 folded before Flop (didn't bet)
Seat 5: Dorex2007 folded on the Turn
Seat 6: patagonia_ranco (button) folded before Flop (didn't bet)
Seat 8: STM32 (small blind) showed [6s Ks] and won ($0.33) with a flush, Ace high
Seat 9: acegy (big blind) folded on the Turn



PokerStars Hand #231099630928:  Hold'em No Limit ($0.01/$0.02 USD) - 2021/11/02 20:04:18 PT [2021/11/02 23:04:18 ET]
Table 'Aspidiske' 9-max Seat #8 is the button
Seat 1: Artmis 33 ($2 in chips) 
Seat 2: sofaking1973 ($1.88 in chips) 
Seat 3: Angel'sDave ($0.94 in chips) 
Seat 4: frosa9397 ($1.76 in chips) 
Seat 5: Dorex2007 ($2 in chips) 
Seat 6: patagonia_ranco ($2 in chips) 
Seat 8: STM32 ($1.87 in chips) 
Seat 9: acegy ($0.67 in chips) 
acegy: posts small blind $0.01
Artmis 33: posts big blind $0.02
mad0max75: sits out 
*** HOLE CARDS ***
Dealt to Dorex2007 [Kh 9h]
sofaking1973: folds 
Angel'sDave: calls $0.02
frosa9397: folds 
Dorex2007: calls $0.02
patagonia_ranco: folds 
STM32: folds 
acegy: calls $0.01
Artmis 33: checks 
*** FLOP *** [Kc 2s 3s]
acegy: checks 
Artmis 33: checks 
Angel'sDave: checks 
Dorex2007: bets $0.05
acegy: folds 
Artmis 33: folds 
Angel'sDave: calls $0.05
*** TURN *** [Kc 2s 3s] [5d]
Angel'sDave: checks 
Dorex2007: bets $0.11
Angel'sDave: calls $0.11
*** RIVER *** [Kc 2s 3s 5d] [Qh]
Angel'sDave: checks 
Dorex2007: checks 
*** SHOW DOWN ***
Angel'sDave: shows [8s Ac] (high card Ace)
Dorex2007: shows [Kh 9h] (a pair of Kings)
Dorex2007 collected $0.39 from pot
*** SUMMARY ***
Total pot $0.40 | Rake $0.01 
Board [Kc 2s 3s 5d Qh]
Seat 1: Artmis 33 (big blind) folded on the Flop
Seat 2: sofaking1973 folded before Flop (didn't bet)
Seat 3: Angel'sDave showed [8s Ac] and lost with high card Ace
Seat 4: frosa9397 folded before Flop (didn't bet)
Seat 5: Dorex2007 showed [Kh 9h] and won ($0.39) with a pair of Kings
Seat 6: patagonia_ranco folded before Flop (didn't bet)
Seat 8: STM32 (button) folded before Flop (didn't bet)
Seat 9: acegy (small blind) folded on the Flop



PokerStars Hand #231099643278:  Hold'em No Limit ($0.01/$0.02 USD) - 2021/11/02 20:05:22 PT [2021/11/02 23:05:22 ET]
Table 'Aspidiske' 9-max Seat #9 is the button
Seat 1: Artmis 33 ($1.98 in chips) 
Seat 2: sofaking1973 ($1.88 in chips) 
Seat 3: Angel'sDave ($0.76 in chips) 
Seat 4: frosa9397 ($1.76 in chips) 
Seat 5: Dorex2007 ($2.21 in chips) 
Seat 6: patagonia_ranco ($2 in chips) 
Seat 8: STM32 ($1.87 in chips) 
Seat 9: acegy ($0.65 in chips) 
Artmis 33: posts small blind $0.01
sofaking1973: posts big blind $0.02
mad0max75: sits out 
*** HOLE CARDS ***
Dealt to Dorex2007 [4d Jd]
Angel'sDave: folds 
frosa9397: folds 
Dorex2007: folds 
patagonia_ranco: folds 
STM32: folds 
acegy: folds 
Artmis 33: raises $0.03 to $0.05
sofaking1973: calls $0.03
*** FLOP *** [Kh Tc Qc]
Artmis 33: checks 
sofaking1973: bets $0.06
Artmis 33: folds 
Uncalled bet ($0.06) returned to sofaking1973
sofaking1973 collected $0.10 from pot
sofaking1973: doesn't show hand 
*** SUMMARY ***
Total pot $0.10 | Rake $0 
Board [Kh Tc Qc]
Seat 1: Artmis 33 (small blind) folded on the Flop
Seat 2: sofaking1973 (big blind) collected ($0.10)
Seat 3: Angel'sDave folded before Flop (didn't bet)
Seat 4: frosa9397 folded before Flop (didn't bet)
Seat 5: Dorex2007 folded before Flop (didn't bet)
Seat 6: patagonia_ranco folded before Flop (didn't bet)
Seat 8: STM32 folded before Flop (didn't bet)
Seat 9: acegy (button) folded before Flop (didn't bet)



PokerStars Hand #231099649388:  Hold'em No Limit ($0.01/$0.02 USD) - 2021/11/02 20:05:54 PT [2021/11/02 23:05:54 ET]
Table 'Aspidiske' 9-max Seat #1 is the button
Seat 1: Artmis 33 ($1.93 in chips) 
Seat 2: sofaking1973 ($1.93 in chips) 
Seat 3: Angel'sDave ($0.76 in chips) 
Seat 4: frosa9397 ($1.76 in chips) 
Seat 5: Dorex2007 ($2.21 in chips) 
Seat 6: patagonia_ranco ($2 in chips) 
Seat 8: STM32 ($1.87 in chips) 
Seat 9: acegy ($0.65 in chips) 
sofaking1973: posts small blind $0.01
Angel'sDave: posts big blind $0.02
mad0max75: sits out 
*** HOLE CARDS ***
Dealt to Dorex2007 [Ac 8d]
frosa9397: folds 
Dorex2007: folds 
patagonia_ranco: folds 
STM32: raises $0.04 to $0.06
acegy: folds 
Artmis 33: folds 
sofaking1973: folds 
Angel'sDave: calls $0.04
*** FLOP *** [Qc As 8s]
Angel'sDave: checks 
STM32: bets $0.05
Angel'sDave: calls $0.05
*** TURN *** [Qc As 8s] [2s]
Angel'sDave: bets $0.30
STM32: folds 
Uncalled bet ($0.30) returned to Angel'sDave
Angel'sDave collected $0.22 from pot
*** SUMMARY ***
Total pot $0.23 | Rake $0.01 
Board [Qc As 8s 2s]
Seat 1: Artmis 33 (button) folded before Flop (didn't bet)
Seat 2: sofaking1973 (small blind) folded before Flop
Seat 3: Angel'sDave (big blind) collected ($0.22)
Seat 4: frosa9397 folded before Flop (didn't bet)
Seat 5: Dorex2007 folded before Flop (didn't bet)
Seat 6: patagonia_ranco folded before Flop (didn't bet)
Seat 8: STM32 folded on the Turn
Seat 9: acegy folded before Flop (didn't bet)



PokerStars Hand #231099657938:  Hold'em No Limit ($0.01/$0.02 USD) - 2021/11/02 20:06:39 PT [2021/11/02 23:06:39 ET]
Table 'Aspidiske' 9-max Seat #2 is the button
Seat 1: Artmis 33 ($1.93 in chips) 
Seat 2: sofaking1973 ($1.92 in chips) 
Seat 3: Angel'sDave ($0.87 in chips) 
Seat 4: frosa9397 ($1.76 in chips) 
Seat 5: Dorex2007 ($2.21 in chips) 
Seat 6: patagonia_ranco ($2 in chips) 
Seat 8: STM32 ($1.76 in chips) 
Seat 9: acegy ($0.65 in chips) 
Angel'sDave: posts small blind $0.01
frosa9397: posts big blind $0.02
mad0max75: sits out 
*** HOLE CARDS ***
Dealt to Dorex2007 [Jd As]
Dorex2007: folds 
patagonia_ranco: folds 
STM32: folds 
acegy: calls $0.02
Artmis 33: folds 
sofaking1973: calls $0.02
Angel'sDave: calls $0.01
frosa9397: checks 
*** FLOP *** [3h 6d 9c]
Angel'sDave: checks 
frosa9397: checks 
acegy: checks 
sofaking1973: checks 
*** TURN *** [3h 6d 9c] [Qh]
Angel'sDave: checks 
frosa9397: checks 
acegy: checks 
sofaking1973: checks 
*** RIVER *** [3h 6d 9c Qh] [5c]
Angel'sDave: checks 
frosa9397: checks 
acegy: checks 
sofaking1973: checks 
*** SHOW DOWN ***
Angel'sDave: shows [Ts Ks] (high card King)
frosa9397: shows [Kd 3s] (a pair of Threes)
acegy: mucks hand 
sofaking1973: shows [4c 4d] (a pair of Fours)
sofaking1973 collected $0.08 from pot
*** SUMMARY ***
Total pot $0.08 | Rake $0 
Board [3h 6d 9c Qh 5c]
Seat 1: Artmis 33 folded before Flop (didn't bet)
Seat 2: sofaking1973 (button) showed [4c 4d] and won ($0.08) with a pair of Fours
Seat 3: Angel'sDave (small blind) showed [Ts Ks] and lost with high card King
Seat 4: frosa9397 (big blind) showed [Kd 3s] and lost with a pair of Threes
Seat 5: Dorex2007 folded before Flop (didn't bet)
Seat 6: patagonia_ranco folded before Flop (didn't bet)
Seat 8: STM32 folded before Flop (didn't bet)
Seat 9: acegy mucked [Ac Kh]



PokerStars Hand #231099672512:  Hold'em No Limit ($0.01/$0.02 USD) - 2021/11/02 20:07:56 PT [2021/11/02 23:07:56 ET]
Table 'Aspidiske' 9-max Seat #3 is the button
Seat 1: Artmis 33 ($1.93 in chips) 
Seat 2: sofaking1973 ($1.98 in chips) 
Seat 3: Angel'sDave ($0.85 in chips) 
Seat 4: frosa9397 ($1.74 in chips) 
Seat 5: Dorex2007 ($2.21 in chips) 
Seat 6: patagonia_ranco ($2 in chips) 
Seat 8: STM32 ($1.76 in chips) 
Seat 9: acegy ($0.63 in chips) 
frosa9397: posts small blind $0.01
Dorex2007: posts big blind $0.02
mad0max75: sits out 
*** HOLE CARDS ***
Dealt to Dorex2007 [8c Kc]
patagonia_ranco: raises $0.04 to $0.06
STM32: folds 
acegy: folds 
Artmis 33: folds 
sofaking1973: folds 
Angel'sDave: folds 
frosa9397: folds 
Dorex2007: folds 
Uncalled bet ($0.04) returned to patagonia_ranco
patagonia_ranco collected $0.05 from pot
*** SUMMARY ***
Total pot $0.05 | Rake $0 
Seat 1: Artmis 33 folded before Flop (didn't bet)
Seat 2: sofaking1973 folded before Flop (didn't bet)
Seat 3: Angel'sDave (button) folded before Flop (didn't bet)
Seat 4: frosa9397 (small blind) folded before Flop
Seat 5: Dorex2007 (big blind) folded before Flop
Seat 6: patagonia_ranco collected ($0.05)
Seat 8: STM32 folded before Flop (didn't bet)
Seat 9: acegy folded before Flop (didn't bet)



PokerStars Hand #231099676681:  Hold'em No Limit ($0.01/$0.02 USD) - 2021/11/02 20:08:18 PT [2021/11/02 23:08:18 ET]
Table 'Aspidiske' 9-max Seat #4 is the button
Seat 1: Artmis 33 ($1.93 in chips) 
Seat 2: sofaking1973 ($1.98 in chips) 
Seat 3: Angel'sDave ($0.85 in chips) 
Seat 4: frosa9397 ($1.73 in chips) 
Seat 5: Dorex2007 ($2.19 in chips) 
Seat 6: patagonia_ranco ($2.03 in chips) 
Seat 8: STM32 ($1.76 in chips) 
Seat 9: acegy ($0.63 in chips) 
Dorex2007: posts small blind $0.01
patagonia_ranco: posts big blind $0.02
mad0max75: sits out 
*** HOLE CARDS ***
Dealt to Dorex2007 [Qh 8h]
STM32: folds 
acegy: folds 
Artmis 33: folds 
sofaking1973: calls $0.02
Angel'sDave: folds 
frosa9397: folds 
Dorex2007: calls $0.01
patagonia_ranco: raises $0.10 to $0.12
sofaking1973: calls $0.10
Dorex2007: folds 
*** FLOP *** [9h 5s 4c]
patagonia_ranco: bets $0.08
sofaking1973: folds 
Uncalled bet ($0.08) returned to patagonia_ranco
patagonia_ranco collected $0.25 from pot
*** SUMMARY ***
Total pot $0.26 | Rake $0.01 
Board [9h 5s 4c]
Seat 1: Artmis 33 folded before Flop (didn't bet)
Seat 2: sofaking1973 folded on the Flop
Seat 3: Angel'sDave folded before Flop (didn't bet)
Seat 4: frosa9397 (button) folded before Flop (didn't bet)
Seat 5: Dorex2007 (small blind) folded before Flop
Seat 6: patagonia_ranco (big blind) collected ($0.25)
Seat 8: STM32 folded before Flop (didn't bet)
Seat 9: acegy folded before Flop (didn't bet)



PokerStars Hand #231099686693:  Hold'em No Limit ($0.01/$0.02 USD) - 2021/11/02 20:09:11 PT [2021/11/02 23:09:11 ET]
Table 'Aspidiske' 9-max Seat #5 is the button
Seat 1: Artmis 33 ($1.93 in chips) 
Seat 2: sofaking1973 ($1.86 in chips) 
Seat 3: Angel'sDave ($0.85 in chips) 
Seat 4: frosa9397 ($1.73 in chips) 
Seat 5: Dorex2007 ($2.17 in chips) 
Seat 6: patagonia_ranco ($2.16 in chips) 
Seat 7: mad0max75 ($2 in chips) 
Seat 8: STM32 ($1.76 in chips) 
Seat 9: acegy ($0.63 in chips) 
patagonia_ranco: posts small blind $0.01
mad0max75: posts big blind $0.02
*** HOLE CARDS ***
Dealt to Dorex2007 [8h 6s]
STM32: folds 
acegy: folds 
Artmis 33: folds 
sofaking1973: folds 
Angel'sDave: folds 
frosa9397: folds 
Dorex2007: folds 
patagonia_ranco: folds 
Uncalled bet ($0.01) returned to mad0max75
mad0max75 collected $0.02 from pot
mad0max75: doesn't show hand 
*** SUMMARY ***
Total pot $0.02 | Rake $0 
Seat 1: Artmis 33 folded before Flop (didn't bet)
Seat 2: sofaking1973 folded before Flop (didn't bet)
Seat 3: Angel'sDave folded before Flop (didn't bet)
Seat 4: frosa9397 folded before Flop (didn't bet)
Seat 5: Dorex2007 (button) folded before Flop (didn't bet)
Seat 6: patagonia_ranco (small blind) folded before Flop
Seat 7: mad0max75 (big blind) collected ($0.02)
Seat 8: STM32 folded before Flop (didn't bet)
Seat 9: acegy folded before Flop (didn't bet)



PokerStars Hand #231099690637:  Hold'em No Limit ($0.01/$0.02 USD) - 2021/11/02 20:09:33 PT [2021/11/02 23:09:33 ET]
Table 'Aspidiske' 9-max Seat #6 is the button
Seat 1: Artmis 33 ($1.93 in chips) 
Seat 2: sofaking1973 ($1.86 in chips) 
Seat 3: Angel'sDave ($0.85 in chips) 
Seat 4: frosa9397 ($1.73 in chips) 
Seat 5: Dorex2007 ($2.17 in chips) 
Seat 6: patagonia_ranco ($2.15 in chips) 
Seat 7: mad0max75 ($2.01 in chips) 
Seat 8: STM32 ($1.76 in chips) 
Seat 9: acegy ($0.63 in chips) 
mad0max75: posts small blind $0.01
STM32: posts big blind $0.02
*** HOLE CARDS ***
Dealt to Dorex2007 [2s Jh]
acegy: folds 
Artmis 33: folds 
sofaking1973: calls $0.02
Angel'sDave: calls $0.02
frosa9397: folds 
Dorex2007: folds 
patagonia_ranco: folds 
mad0max75: calls $0.01
STM32: checks 
*** FLOP *** [5s 3d Qd]
mad0max75: checks 
STM32: checks 
sofaking1973: checks 
Angel'sDave: checks 
*** TURN *** [5s 3d Qd] [Qs]
mad0max75: checks 
STM32: checks 
sofaking1973: checks 
Angel'sDave: bets $0.02
mad0max75: folds 
STM32: folds 
sofaking1973: calls $0.02
*** RIVER *** [5s 3d Qd Qs] [Qc]
sofaking1973: checks 
Angel'sDave: bets $0.12
sofaking1973: folds 
Uncalled bet ($0.12) returned to Angel'sDave
Angel'sDave collected $0.12 from pot
*** SUMMARY ***
Total pot $0.12 | Rake $0 
Board [5s 3d Qd Qs Qc]
Seat 1: Artmis 33 folded before Flop (didn't bet)
Seat 2: sofaking1973 folded on the River
Seat 3: Angel'sDave collected ($0.12)
Seat 4: frosa9397 folded before Flop (didn't bet)
Seat 5: Dorex2007 folded before Flop (didn't bet)
Seat 6: patagonia_ranco (button) folded before Flop (didn't bet)
Seat 7: mad0max75 (small blind) folded on the Turn
Seat 8: STM32 (big blind) folded on the Turn
Seat 9: acegy folded before Flop (didn't bet)



PokerStars Hand #231099707718:  Hold'em No Limit ($0.01/$0.02 USD) - 2021/11/02 20:11:03 PT [2021/11/02 23:11:03 ET]
Table 'Aspidiske' 9-max Seat #7 is the button
Seat 1: Artmis 33 ($1.93 in chips) 
Seat 2: sofaking1973 ($1.82 in chips) 
Seat 3: Angel'sDave ($0.93 in chips) 
Seat 4: frosa9397 ($1.73 in chips) 
Seat 5: Dorex2007 ($2.17 in chips) 
Seat 6: patagonia_ranco ($2.15 in chips) 
Seat 7: mad0max75 ($2 in chips) 
Seat 8: STM32 ($1.74 in chips) 
Seat 9: acegy ($0.63 in chips) 
STM32: posts small blind $0.01
acegy: posts big blind $0.02
*** HOLE CARDS ***
Dealt to Dorex2007 [3s 5d]
Artmis 33: folds 
sofaking1973: folds 
Angel'sDave: folds 
frosa9397: folds 
Dorex2007: folds 
patagonia_ranco: folds 
mad0max75: folds 
STM32: calls $0.01
acegy: checks 
*** FLOP *** [4c 6h 3c]
STM32: checks 
acegy: bets $0.04
STM32: calls $0.04
*** TURN *** [4c 6h 3c] [Jc]
Angel'sDave leaves the table
STM32: checks 
acegy: checks 
*** RIVER *** [4c 6h 3c Jc] [Qs]
STM32: checks 
acegy: checks 
*** SHOW DOWN ***
STM32: shows [8h 4h] (a pair of Fours)
acegy: shows [6d As] (a pair of Sixes)
acegy collected $0.12 from pot
*** SUMMARY ***
Total pot $0.12 | Rake $0 
Board [4c 6h 3c Jc Qs]
Seat 1: Artmis 33 folded before Flop (didn't bet)
Seat 2: sofaking1973 folded before Flop (didn't bet)
Seat 3: Angel'sDave folded before Flop (didn't bet)
Seat 4: frosa9397 folded before Flop (didn't bet)
Seat 5: Dorex2007 folded before Flop (didn't bet)
Seat 6: patagonia_ranco folded before Flop (didn't bet)
Seat 7: mad0max75 (button) folded before Flop (didn't bet)
Seat 8: STM32 (small blind) showed [8h 4h] and lost with a pair of Fours
Seat 9: acegy (big blind) showed [6d As] and won ($0.12) with a pair of Sixes



PokerStars Hand #231099717104:  Hold'em No Limit ($0.01/$0.02 USD) - 2021/11/02 20:11:53 PT [2021/11/02 23:11:53 ET]
Table 'Aspidiske' 9-max Seat #8 is the button
Seat 1: Artmis 33 ($1.93 in chips) 
Seat 2: sofaking1973 ($1.82 in chips) 
Seat 4: frosa9397 ($1.73 in chips) 
Seat 5: Dorex2007 ($2.17 in chips) 
Seat 6: patagonia_ranco ($2.15 in chips) 
Seat 7: mad0max75 ($2 in chips) 
Seat 8: STM32 ($1.69 in chips) 
Seat 9: acegy ($0.69 in chips) 
acegy: posts small blind $0.01
Artmis 33: posts big blind $0.02
*** HOLE CARDS ***
Dealt to Dorex2007 [8c Ts]
sofaking1973: folds 
KRandall12 joins the table at seat #3 
frosa9397: folds 
Dorex2007: folds 
patagonia_ranco: folds 
mad0max75: raises $0.03 to $0.05
STM32: folds 
acegy: folds 
KRandall12 leaves the table
Artmis 33: folds 
Uncalled bet ($0.03) returned to mad0max75
mad0max75 collected $0.05 from pot
mad0max75: doesn't show hand 
*** SUMMARY ***
Total pot $0.05 | Rake $0 
Seat 1: Artmis 33 (big blind) folded before Flop
Seat 2: sofaking1973 folded before Flop (didn't bet)
Seat 4: frosa9397 folded before Flop (didn't bet)
Seat 5: Dorex2007 folded before Flop (didn't bet)
Seat 6: patagonia_ranco folded before Flop (didn't bet)
Seat 7: mad0max75 collected ($0.05)
Seat 8: STM32 (button) folded before Flop (didn't bet)
Seat 9: acegy (small blind) folded before Flop



PokerStars Hand #231099722916:  Hold'em No Limit ($0.01/$0.02 USD) - 2021/11/02 20:12:25 PT [2021/11/02 23:12:25 ET]
Table 'Aspidiske' 9-max Seat #9 is the button
Seat 1: Artmis 33 ($1.91 in chips) 
Seat 2: sofaking1973 ($1.82 in chips) 
Seat 4: frosa9397 ($1.73 in chips) 
Seat 5: Dorex2007 ($2.17 in chips) 
Seat 6: patagonia_ranco ($2.15 in chips) 
Seat 7: mad0max75 ($2.03 in chips) 
Seat 8: STM32 ($1.69 in chips) 
Seat 9: acegy ($0.68 in chips) 
Artmis 33: posts small blind $0.01
sofaking1973: posts big blind $0.02
*** HOLE CARDS ***
Dealt to Dorex2007 [4h 9h]
VOVCHENKO joins the table at seat #3 
frosa9397: folds 
Dorex2007: folds 
patagonia_ranco: folds 
mad0max75: folds 
STM32: folds 
acegy: folds 
Artmis 33: folds 
Uncalled bet ($0.01) returned to sofaking1973
sofaking1973 collected $0.02 from pot
sofaking1973: doesn't show hand 
*** SUMMARY ***
Total pot $0.02 | Rake $0 
Seat 1: Artmis 33 (small blind) folded before Flop
Seat 2: sofaking1973 (big blind) collected ($0.02)
Seat 4: frosa9397 folded before Flop (didn't bet)
Seat 5: Dorex2007 folded before Flop (didn't bet)
Seat 6: patagonia_ranco folded before Flop (didn't bet)
Seat 7: mad0max75 folded before Flop (didn't bet)
Seat 8: STM32 folded before Flop (didn't bet)
Seat 9: acegy (button) folded before Flop (didn't bet)



PokerStars Hand #231099727953:  Hold'em No Limit ($0.01/$0.02 USD) - 2021/11/02 20:12:52 PT [2021/11/02 23:12:52 ET]
Table 'Aspidiske' 9-max Seat #1 is the button
Seat 1: Artmis 33 ($1.90 in chips) 
Seat 2: sofaking1973 ($1.83 in chips) 
Seat 3: VOVCHENKO ($1.22 in chips) 
Seat 4: frosa9397 ($1.73 in chips) 
Seat 5: Dorex2007 ($2.17 in chips) 
Seat 6: patagonia_ranco ($2.15 in chips) 
Seat 7: mad0max75 ($2.03 in chips) 
Seat 8: STM32 ($1.69 in chips) 
Seat 9: acegy ($0.68 in chips) 
sofaking1973: posts small blind $0.01
VOVCHENKO: posts big blind $0.02
*** HOLE CARDS ***
Dealt to Dorex2007 [5h 4c]
frosa9397: folds 
Dorex2007: folds 
patagonia_ranco: folds 
mad0max75: folds 
STM32: folds 
acegy: folds 
Artmis 33: raises $0.03 to $0.05
sofaking1973: calls $0.04
VOVCHENKO: calls $0.03
*** FLOP *** [3d 2c Qc]
sofaking1973: checks 
VOVCHENKO: checks 
Artmis 33: bets $0.07
sofaking1973: folds 
VOVCHENKO: folds 
Uncalled bet ($0.07) returned to Artmis 33
Artmis 33 collected $0.14 from pot
*** SUMMARY ***
Total pot $0.15 | Rake $0.01 
Board [3d 2c Qc]
Seat 1: Artmis 33 (button) collected ($0.14)
Seat 2: sofaking1973 (small blind) folded on the Flop
Seat 3: VOVCHENKO (big blind) folded on the Flop
Seat 4: frosa9397 folded before Flop (didn't bet)
Seat 5: Dorex2007 folded before Flop (didn't bet)
Seat 6: patagonia_ranco folded before Flop (didn't bet)
Seat 7: mad0max75 folded before Flop (didn't bet)
Seat 8: STM32 folded before Flop (didn't bet)
Seat 9: acegy folded before Flop (didn't bet)



PokerStars Hand #231099744696:  Hold'em No Limit ($0.01/$0.02 USD) - 2021/11/02 20:13:38 PT [2021/11/02 23:13:38 ET]
Table 'Aspidiske' 9-max Seat #2 is the button
Seat 1: Artmis 33 ($1.99 in chips) 
Seat 2: sofaking1973 ($1.78 in chips) 
Seat 3: VOVCHENKO ($1.17 in chips) 
Seat 4: frosa9397 ($1.73 in chips) 
Seat 5: Dorex2007 ($2.17 in chips) 
Seat 6: patagonia_ranco ($2.15 in chips) 
Seat 7: mad0max75 ($2.03 in chips) 
Seat 8: STM32 ($1.69 in chips) 
Seat 9: acegy ($0.68 in chips) 
VOVCHENKO: posts small blind $0.01
frosa9397: posts big blind $0.02
*** HOLE CARDS ***
Dealt to Dorex2007 [Tc 3s]
Dorex2007: folds 
patagonia_ranco: folds 
mad0max75: folds 
STM32: folds 
acegy: folds 
Artmis 33: folds 
sofaking1973: calls $0.02
VOVCHENKO: folds 
frosa9397: checks 
*** FLOP *** [Qd Jh 9c]
frosa9397: checks 
sofaking1973: checks 
*** TURN *** [Qd Jh 9c] [Th]
frosa9397: checks 
sofaking1973: bets $0.06
frosa9397: folds 
Uncalled bet ($0.06) returned to sofaking1973
sofaking1973 collected $0.05 from pot
sofaking1973: doesn't show hand 
*** SUMMARY ***
Total pot $0.05 | Rake $0 
Board [Qd Jh 9c Th]
Seat 1: Artmis 33 folded before Flop (didn't bet)
Seat 2: sofaking1973 (button) collected ($0.05)
Seat 3: VOVCHENKO (small blind) folded before Flop
Seat 4: frosa9397 (big blind) folded on the Turn
Seat 5: Dorex2007 folded before Flop (didn't bet)
Seat 6: patagonia_ranco folded before Flop (didn't bet)
Seat 7: mad0max75 folded before Flop (didn't bet)
Seat 8: STM32 folded before Flop (didn't bet)
Seat 9: acegy folded before Flop (didn't bet)



PokerStars Hand #231099753121:  Hold'em No Limit ($0.01/$0.02 USD) - 2021/11/02 20:14:24 PT [2021/11/02 23:14:24 ET]
Table 'Aspidiske' 9-max Seat #3 is the button
Seat 1: Artmis 33 ($1.99 in chips) 
Seat 2: sofaking1973 ($1.81 in chips) 
Seat 3: VOVCHENKO ($1.16 in chips) 
Seat 4: frosa9397 ($1.71 in chips) 
Seat 5: Dorex2007 ($2.17 in chips) 
Seat 6: patagonia_ranco ($2.15 in chips) 
Seat 7: mad0max75 ($2.03 in chips) 
Seat 8: STM32 ($1.69 in chips) 
Seat 9: acegy ($0.68 in chips) 
frosa9397: posts small blind $0.01
Dorex2007: posts big blind $0.02
*** HOLE CARDS ***
Dealt to Dorex2007 [7d 3d]
patagonia_ranco: folds 
mad0max75: folds 
STM32: folds 
acegy: folds 
Artmis 33: folds 
sofaking1973: folds 
VOVCHENKO: folds 
frosa9397: folds 
Uncalled bet ($0.01) returned to Dorex2007
Dorex2007 collected $0.02 from pot
Dorex2007: doesn't show hand 
*** SUMMARY ***
Total pot $0.02 | Rake $0 
Seat 1: Artmis 33 folded before Flop (didn't bet)
Seat 2: sofaking1973 folded before Flop (didn't bet)
Seat 3: VOVCHENKO (button) folded before Flop (didn't bet)
Seat 4: frosa9397 (small blind) folded before Flop
Seat 5: Dorex2007 (big blind) collected ($0.02)
Seat 6: patagonia_ranco folded before Flop (didn't bet)
Seat 7: mad0max75 folded before Flop (didn't bet)
Seat 8: STM32 folded before Flop (didn't bet)
Seat 9: acegy folded before Flop (didn't bet)



PokerStars Hand #231099758414:  Hold'em No Limit ($0.01/$0.02 USD) - 2021/11/02 20:14:53 PT [2021/11/02 23:14:53 ET]
Table 'Aspidiske' 9-max Seat #4 is the button
Seat 1: Artmis 33 ($1.99 in chips) 
Seat 2: sofaking1973 ($1.81 in chips) 
Seat 3: VOVCHENKO ($1.16 in chips) 
Seat 4: frosa9397 ($1.70 in chips) 
Seat 5: Dorex2007 ($2.18 in chips) 
Seat 7: mad0max75 ($2.03 in chips) 
Seat 8: STM32 ($1.69 in chips) 
Seat 9: acegy ($0.68 in chips) 
Dorex2007: posts small blind $0.01
patagonia_ranco: is sitting out 
mad0max75: posts big blind $0.02
*** HOLE CARDS ***
Dealt to Dorex2007 [6d Jh]
patagonia_ranco leaves the table
STM32: folds 
acegy: folds 
acegy leaves the table
Artmis 33: folds 
sofaking1973: folds 
VOVCHENKO: folds 
Leo_Barro131 joins the table at seat #9 
frosa9397: folds 
Dorex2007: folds 
Uncalled bet ($0.01) returned to mad0max75
mad0max75 collected $0.02 from pot
mad0max75: doesn't show hand 
*** SUMMARY ***
Total pot $0.02 | Rake $0 
Seat 1: Artmis 33 folded before Flop (didn't bet)
Seat 2: sofaking1973 folded before Flop (didn't bet)
Seat 3: VOVCHENKO folded before Flop (didn't bet)
Seat 4: frosa9397 (button) folded before Flop (didn't bet)
Seat 5: Dorex2007 (small blind) folded before Flop
Seat 7: mad0max75 (big blind) collected ($0.02)
Seat 8: STM32 folded before Flop (didn't bet)
Seat 9: acegy folded before Flop (didn't bet)



PokerStars Hand #231099763827:  Hold'em No Limit ($0.01/$0.02 USD) - 2021/11/02 20:15:22 PT [2021/11/02 23:15:22 ET]
Table 'Aspidiske' 9-max Seat #5 is the button
Seat 1: Artmis 33 ($1.99 in chips) 
Seat 2: sofaking1973 ($1.81 in chips) 
Seat 3: VOVCHENKO ($1.16 in chips) 
Seat 4: frosa9397 ($1.70 in chips) 
Seat 5: Dorex2007 ($2.17 in chips) 
Seat 7: mad0max75 ($2.04 in chips) 
Seat 8: STM32 ($1.69 in chips) 
mad0max75: posts small blind $0.01
STM32: posts big blind $0.02
Leo_Barro131: sits out 
*** HOLE CARDS ***
Dealt to Dorex2007 [4s Ad]
Artmis 33: raises $0.03 to $0.05
sofaking1973: folds 
VOVCHENKO: folds 
frosa9397: folds 
Dorex2007: folds 
mad0max75: folds 
STM32: folds 
Uncalled bet ($0.03) returned to Artmis 33
Artmis 33 collected $0.05 from pot
*** SUMMARY ***
Total pot $0.05 | Rake $0 
Seat 1: Artmis 33 collected ($0.05)
Seat 2: sofaking1973 folded before Flop (didn't bet)
Seat 3: VOVCHENKO folded before Flop (didn't bet)
Seat 4: frosa9397 folded before Flop (didn't bet)
Seat 5: Dorex2007 (button) folded before Flop (didn't bet)
Seat 7: mad0max75 (small blind) folded before Flop
Seat 8: STM32 (big blind) folded before Flop



PokerStars Hand #231099768410:  Hold'em No Limit ($0.01/$0.02 USD) - 2021/11/02 20:15:47 PT [2021/11/02 23:15:47 ET]
Table 'Aspidiske' 9-max Seat #7 is the button
Seat 1: Artmis 33 ($2.02 in chips) 
Seat 2: sofaking1973 ($1.81 in chips) 
Seat 3: VOVCHENKO ($1.16 in chips) 
Seat 4: frosa9397 ($1.70 in chips) 
Seat 5: Dorex2007 ($2.17 in chips) 
Seat 7: mad0max75 ($2.03 in chips) 
Seat 8: STM32 ($1.69 in chips) 
Seat 9: Leo_Barro131 ($0.98 in chips) 
STM32: posts small blind $0.01
Leo_Barro131: posts big blind $0.02
*** HOLE CARDS ***
Dealt to Dorex2007 [7c 2s]
Artmis 33: folds 
sofaking1973: folds 
VOVCHENKO: folds 
frosa9397: folds 
Dorex2007: folds 
mad0max75: folds 
STM32: calls $0.01
Leo_Barro131: checks 
*** FLOP *** [6s As Jd]
STM32: bets $0.02
Leo_Barro131: calls $0.02
*** TURN *** [6s As Jd] [Jh]
STM32: checks 
Leo_Barro131: bets $0.02
STM32: folds 
Uncalled bet ($0.02) returned to Leo_Barro131
Leo_Barro131 collected $0.08 from pot
Leo_Barro131: doesn't show hand 
*** SUMMARY ***
Total pot $0.08 | Rake $0 
Board [6s As Jd Jh]
Seat 1: Artmis 33 folded before Flop (didn't bet)
Seat 2: sofaking1973 folded before Flop (didn't bet)
Seat 3: VOVCHENKO folded before Flop (didn't bet)
Seat 4: frosa9397 folded before Flop (didn't bet)
Seat 5: Dorex2007 folded before Flop (didn't bet)
Seat 7: mad0max75 (button) folded before Flop (didn't bet)
Seat 8: STM32 (small blind) folded on the Turn
Seat 9: Leo_Barro131 (big blind) collected ($0.08)



PokerStars Hand #231099777298:  Hold'em No Limit ($0.01/$0.02 USD) - 2021/11/02 20:16:35 PT [2021/11/02 23:16:35 ET]
Table 'Aspidiske' 9-max Seat #8 is the button
Seat 1: Artmis 33 ($2.02 in chips) 
Seat 2: sofaking1973 ($1.81 in chips) 
Seat 3: VOVCHENKO ($1.16 in chips) 
Seat 4: frosa9397 ($1.70 in chips) 
Seat 5: Dorex2007 ($2.17 in chips) 
Seat 7: mad0max75 ($2.03 in chips) 
Seat 8: STM32 ($1.69 in chips) 
Seat 9: Leo_Barro131 ($1.02 in chips) 
Leo_Barro131: posts small blind $0.01
Artmis 33: posts big blind $0.02
*** HOLE CARDS ***
Dealt to Dorex2007 [4h 9h]
sofaking1973 has timed out
sofaking1973: folds 
VOVCHENKO: folds 
frosa9397: folds 
Dorex2007: folds 
mad0max75: folds 
STM32: folds 
Leo_Barro131: calls $0.01
Artmis 33: checks 
*** FLOP *** [As 2h Ks]
Leo_Barro131: checks 
Artmis 33: checks 
*** TURN *** [As 2h Ks] [Jh]
Leo_Barro131: checks 
Artmis 33: checks 
*** RIVER *** [As 2h Ks Jh] [7s]
Leo_Barro131: checks 
Artmis 33: checks 
*** SHOW DOWN ***
Leo_Barro131: shows [3h 9c] (high card Ace)
Artmis 33: shows [Qd 9s] (high card Ace - King+Queen kicker)
Artmis 33 collected $0.04 from pot
*** SUMMARY ***
Total pot $0.04 | Rake $0 
Board [As 2h Ks Jh 7s]
Seat 1: Artmis 33 (big blind) showed [Qd 9s] and won ($0.04) with high card Ace
Seat 2: sofaking1973 folded before Flop (didn't bet)
Seat 3: VOVCHENKO folded before Flop (didn't bet)
Seat 4: frosa9397 folded before Flop (didn't bet)
Seat 5: Dorex2007 folded before Flop (didn't bet)
Seat 7: mad0max75 folded before Flop (didn't bet)
Seat 8: STM32 (button) folded before Flop (didn't bet)
Seat 9: Leo_Barro131 (small blind) showed [3h 9c] and lost with high card Ace



PokerStars Hand #231099785395:  Hold'em No Limit ($0.01/$0.02 USD) - 2021/11/02 20:17:18 PT [2021/11/02 23:17:18 ET]
Table 'Aspidiske' 9-max Seat #9 is the button
Seat 1: Artmis 33 ($2.04 in chips) 
Seat 2: sofaking1973 ($1.81 in chips) 
Seat 3: VOVCHENKO ($1.16 in chips) 
Seat 4: frosa9397 ($1.70 in chips) 
Seat 5: Dorex2007 ($2.17 in chips) 
Seat 7: mad0max75 ($2.03 in chips) 
Seat 8: STM32 ($1.69 in chips) 
Seat 9: Leo_Barro131 ($1 in chips) 
Artmis 33: posts small blind $0.01
sofaking1973: posts big blind $0.02
*** HOLE CARDS ***
Dealt to Dorex2007 [7s Ts]
VOVCHENKO: folds 
frosa9397: folds 
Dorex2007: folds 
mad0max75: folds 
STM32: folds 
Leo_Barro131: calls $0.02
Artmis 33: folds 
sofaking1973: checks 
*** FLOP *** [Kh 5s Jc]
sofaking1973: checks 
Leo_Barro131: bets $0.02
sofaking1973: calls $0.02
*** TURN *** [Kh 5s Jc] [Ac]
sofaking1973: checks 
Leo_Barro131: bets $0.08
fredy2248 joins the table at seat #6 
sofaking1973: folds 
Uncalled bet ($0.08) returned to Leo_Barro131
Leo_Barro131 collected $0.09 from pot
Leo_Barro131: doesn't show hand 
*** SUMMARY ***
Total pot $0.09 | Rake $0 
Board [Kh 5s Jc Ac]
Seat 1: Artmis 33 (small blind) folded before Flop
Seat 2: sofaking1973 (big blind) folded on the Turn
Seat 3: VOVCHENKO folded before Flop (didn't bet)
Seat 4: frosa9397 folded before Flop (didn't bet)
Seat 5: Dorex2007 folded before Flop (didn't bet)
Seat 7: mad0max75 folded before Flop (didn't bet)
Seat 8: STM32 folded before Flop (didn't bet)
Seat 9: Leo_Barro131 (button) collected ($0.09)



PokerStars Hand #231099794174:  Hold'em No Limit ($0.01/$0.02 USD) - 2021/11/02 20:18:06 PT [2021/11/02 23:18:06 ET]
Table 'Aspidiske' 9-max Seat #1 is the button
Seat 1: Artmis 33 ($2.03 in chips) 
Seat 2: sofaking1973 ($1.77 in chips) 
Seat 3: VOVCHENKO ($1.16 in chips) 
Seat 4: frosa9397 ($1.70 in chips) 
Seat 5: Dorex2007 ($2.17 in chips) 
Seat 6: fredy2248 ($1.60 in chips) 
Seat 7: mad0max75 ($2.03 in chips) 
Seat 8: STM32 ($1.69 in chips) 
Seat 9: Leo_Barro131 ($1.05 in chips) 
sofaking1973: posts small blind $0.01
VOVCHENKO: posts big blind $0.02
fredy2248: posts big blind $0.02
*** HOLE CARDS ***
Dealt to Dorex2007 [8h 9h]
frosa9397: raises $0.09 to $0.11
Dorex2007: folds 
fredy2248: folds 
mad0max75: folds 
STM32: folds 
Leo_Barro131 has timed out
Leo_Barro131: folds 
Artmis 33: folds 
sofaking1973: folds 
VOVCHENKO: folds 
Uncalled bet ($0.09) returned to frosa9397
frosa9397 collected $0.07 from pot
frosa9397: doesn't show hand 
*** SUMMARY ***
Total pot $0.07 | Rake $0 
Seat 1: Artmis 33 (button) folded before Flop (didn't bet)
Seat 2: sofaking1973 (small blind) folded before Flop
Seat 3: VOVCHENKO (big blind) folded before Flop
Seat 4: frosa9397 collected ($0.07)
Seat 5: Dorex2007 folded before Flop (didn't bet)
Seat 6: fredy2248 folded before Flop (didn't bet)
Seat 7: mad0max75 folded before Flop (didn't bet)
Seat 8: STM32 folded before Flop (didn't bet)
Seat 9: Leo_Barro131 folded before Flop (didn't bet)



PokerStars Hand #231099800943:  Hold'em No Limit ($0.01/$0.02 USD) - 2021/11/02 20:18:43 PT [2021/11/02 23:18:43 ET]
Table 'Aspidiske' 9-max Seat #2 is the button
Seat 1: Artmis 33 ($2.03 in chips) 
Seat 2: sofaking1973 ($1.76 in chips) 
Seat 3: VOVCHENKO ($1.14 in chips) 
Seat 4: frosa9397 ($1.75 in chips) 
Seat 5: Dorex2007 ($2.17 in chips) 
Seat 6: fredy2248 ($1.58 in chips) 
Seat 7: mad0max75 ($2.03 in chips) 
Seat 8: STM32 ($1.69 in chips) 
VOVCHENKO: posts small blind $0.01
frosa9397: posts big blind $0.02
*** HOLE CARDS ***
Dealt to Dorex2007 [6c 2h]
Dorex2007: folds 
fredy2248: folds 
mad0max75: folds 
STM32: folds 
Artmis 33: raises $0.03 to $0.05
sofaking1973: folds 
VOVCHENKO: folds 
frosa9397: folds 
Uncalled bet ($0.03) returned to Artmis 33
Artmis 33 collected $0.05 from pot
*** SUMMARY ***
Total pot $0.05 | Rake $0 
Seat 1: Artmis 33 collected ($0.05)
Seat 2: sofaking1973 (button) folded before Flop (didn't bet)
Seat 3: VOVCHENKO (small blind) folded before Flop
Seat 4: frosa9397 (big blind) folded before Flop
Seat 5: Dorex2007 folded before Flop (didn't bet)
Seat 6: fredy2248 folded before Flop (didn't bet)
Seat 7: mad0max75 folded before Flop (didn't bet)
Seat 8: STM32 folded before Flop (didn't bet)



PokerStars Hand #231099806404:  Hold'em No Limit ($0.01/$0.02 USD) - 2021/11/02 20:19:13 PT [2021/11/02 23:19:13 ET]
Table 'Aspidiske' 9-max Seat #3 is the button
Seat 1: Artmis 33 ($2.06 in chips) 
Seat 2: sofaking1973 ($1.76 in chips) 
Seat 3: VOVCHENKO ($1.13 in chips) 
Seat 4: frosa9397 ($1.73 in chips) 
Seat 5: Dorex2007 ($2.17 in chips) 
Seat 6: fredy2248 ($1.58 in chips) 
Seat 7: mad0max75 ($2.03 in chips) 
Seat 8: STM32 ($1.69 in chips) 
frosa9397: posts small blind $0.01
Dorex2007: posts big blind $0.02
*** HOLE CARDS ***
Dealt to Dorex2007 [3c Td]
fredy2248: folds 
mad0max75: folds 
STM32: folds 
Artmis 33: folds 
Leo_Barro131 leaves the table
sofaking1973: raises $0.06 to $0.08
VOVCHENKO: calls $0.08
frosa9397: folds 
Dorex2007: folds 
*** FLOP *** [Qc 4c 4s]
sofaking1973: bets $0.10
VOVCHENKO: calls $0.10
*** TURN *** [Qc 4c 4s] [4d]
sofaking1973: bets $0.20
VOVCHENKO: folds 
Uncalled bet ($0.20) returned to sofaking1973
sofaking1973 collected $0.38 from pot
sofaking1973: doesn't show hand 
*** SUMMARY ***
Total pot $0.39 | Rake $0.01 
Board [Qc 4c 4s 4d]
Seat 1: Artmis 33 folded before Flop (didn't bet)
Seat 2: sofaking1973 collected ($0.38)
Seat 3: VOVCHENKO (button) folded on the Turn
Seat 4: frosa9397 (small blind) folded before Flop
Seat 5: Dorex2007 (big blind) folded before Flop
Seat 6: fredy2248 folded before Flop (didn't bet)
Seat 7: mad0max75 folded before Flop (didn't bet)
Seat 8: STM32 folded before Flop (didn't bet)



PokerStars Hand #231099816066:  Hold'em No Limit ($0.01/$0.02 USD) - 2021/11/02 20:20:06 PT [2021/11/02 23:20:06 ET]
Table 'Aspidiske' 9-max Seat #4 is the button
Seat 1: Artmis 33 ($2.06 in chips) 
Seat 2: sofaking1973 ($1.96 in chips) 
Seat 3: VOVCHENKO ($0.95 in chips) 
Seat 4: frosa9397 ($1.72 in chips) 
Seat 5: Dorex2007 ($2.15 in chips) 
Seat 6: fredy2248 ($1.58 in chips) 
Seat 7: mad0max75 ($2.03 in chips) 
Seat 8: STM32 ($1.69 in chips) 
Dorex2007: posts small blind $0.01
fredy2248: posts big blind $0.02
*** HOLE CARDS ***
Dealt to Dorex2007 [6c 3d]
mad0max75: folds 
STM32: folds 
Artmis 33: folds 
sofaking1973: raises $0.02 to $0.04
VOVCHENKO: folds 
frosa9397: folds 
Dorex2007: folds 
fredy2248: calls $0.02
*** FLOP *** [Qh 4s 4d]
fredy2248: checks 
sofaking1973: checks 
*** TURN *** [Qh 4s 4d] [8d]
fredy2248: checks 
sofaking1973: checks 
*** RIVER *** [Qh 4s 4d 8d] [Td]
fredy2248: checks 
sofaking1973: checks 
*** SHOW DOWN ***
fredy2248: shows [9d 3h] (a pair of Fours)
sofaking1973: shows [Js As] (a pair of Fours - Ace kicker)
sofaking1973 collected $0.09 from pot
*** SUMMARY ***
Total pot $0.09 | Rake $0 
Board [Qh 4s 4d 8d Td]
Seat 1: Artmis 33 folded before Flop (didn't bet)
Seat 2: sofaking1973 showed [Js As] and won ($0.09) with a pair of Fours
Seat 3: VOVCHENKO folded before Flop (didn't bet)
Seat 4: frosa9397 (button) folded before Flop (didn't bet)
Seat 5: Dorex2007 (small blind) folded before Flop
Seat 6: fredy2248 (big blind) showed [9d 3h] and lost with a pair of Fours
Seat 7: mad0max75 folded before Flop (didn't bet)
Seat 8: STM32 folded before Flop (didn't bet)



PokerStars Hand #231099824745:  Hold'em No Limit ($0.01/$0.02 USD) - 2021/11/02 20:20:53 PT [2021/11/02 23:20:53 ET]
Table 'Aspidiske' 9-max Seat #5 is the button
Seat 1: Artmis 33 ($2.06 in chips) 
Seat 2: sofaking1973 ($2.01 in chips) 
Seat 3: VOVCHENKO ($0.95 in chips) 
Seat 4: frosa9397 ($1.72 in chips) 
Seat 5: Dorex2007 ($2.14 in chips) 
Seat 6: fredy2248 ($1.54 in chips) 
Seat 7: mad0max75 ($2.03 in chips) 
Seat 8: STM32 ($1.69 in chips) 
fredy2248: posts small blind $0.01
mad0max75: posts big blind $0.02
*** HOLE CARDS ***
Dealt to Dorex2007 [Qd 9c]
STM32: folds 
Artmis 33: folds 
Xdanielo666X joins the table at seat #9 
sofaking1973: folds 
VOVCHENKO: folds 
frosa9397: folds 
Dorex2007: folds 
fredy2248: calls $0.01
mad0max75: raises $0.04 to $0.06
fredy2248: calls $0.04
*** FLOP *** [5s 2h Qc]
fredy2248: checks 
mad0max75: bets $0.04
fredy2248: calls $0.04
*** TURN *** [5s 2h Qc] [4h]
fredy2248: checks 
mad0max75: checks 
*** RIVER *** [5s 2h Qc 4h] [Ad]
fredy2248: checks 
mad0max75: checks 
*** SHOW DOWN ***
fredy2248: shows [6h 5h] (a pair of Fives)
mad0max75: mucks hand 
fredy2248 collected $0.19 from pot
*** SUMMARY ***
Total pot $0.20 | Rake $0.01 
Board [5s 2h Qc 4h Ad]
Seat 1: Artmis 33 folded before Flop (didn't bet)
Seat 2: sofaking1973 folded before Flop (didn't bet)
Seat 3: VOVCHENKO folded before Flop (didn't bet)
Seat 4: frosa9397 folded before Flop (didn't bet)
Seat 5: Dorex2007 (button) folded before Flop (didn't bet)
Seat 6: fredy2248 (small blind) showed [6h 5h] and won ($0.19) with a pair of Fives
Seat 7: mad0max75 (big blind) mucked [Kc Tc]
Seat 8: STM32 folded before Flop (didn't bet)



PokerStars Hand #231099835573:  Hold'em No Limit ($0.01/$0.02 USD) - 2021/11/02 20:21:53 PT [2021/11/02 23:21:53 ET]
Table 'Aspidiske' 9-max Seat #6 is the button
Seat 1: Artmis 33 ($2.06 in chips) 
Seat 2: sofaking1973 ($2.01 in chips) 
Seat 3: VOVCHENKO ($0.95 in chips) 
Seat 4: frosa9397 ($1.72 in chips) 
Seat 5: Dorex2007 ($2.14 in chips) 
Seat 6: fredy2248 ($1.63 in chips) 
Seat 7: mad0max75 ($2 in chips) 
Seat 8: STM32 ($1.69 in chips) 
mad0max75: posts small blind $0.01
STM32: posts big blind $0.02
Xdanielo666X: sits out 
*** HOLE CARDS ***
Dealt to Dorex2007 [4d Ah]
Artmis 33: folds 
sofaking1973: folds 
VOVCHENKO: folds 
frosa9397: folds 
Dorex2007: folds 
fredy2248: folds 
mad0max75: folds 
Uncalled bet ($0.01) returned to STM32
STM32 collected $0.02 from pot
STM32: doesn't show hand 
*** SUMMARY ***
Total pot $0.02 | Rake $0 
Seat 1: Artmis 33 folded before Flop (didn't bet)
Seat 2: sofaking1973 folded before Flop (didn't bet)
Seat 3: VOVCHENKO folded before Flop (didn't bet)
Seat 4: frosa9397 folded before Flop (didn't bet)
Seat 5: Dorex2007 folded before Flop (didn't bet)
Seat 6: fredy2248 (button) folded before Flop (didn't bet)
Seat 7: mad0max75 (small blind) folded before Flop
Seat 8: STM32 (big blind) collected ($0.02)



PokerStars Hand #231099838123:  Hold'em No Limit ($0.01/$0.02 USD) - 2021/11/02 20:22:08 PT [2021/11/02 23:22:08 ET]
Table 'Aspidiske' 9-max Seat #7 is the button
Seat 1: Artmis 33 ($2.06 in chips) 
Seat 2: sofaking1973 ($2.01 in chips) 
Seat 3: VOVCHENKO ($0.95 in chips) 
Seat 4: frosa9397 ($1.72 in chips) 
Seat 5: Dorex2007 ($2.14 in chips) 
Seat 6: fredy2248 ($1.63 in chips) 
Seat 7: mad0max75 ($2 in chips) 
Seat 8: STM32 ($1.70 in chips) 
Seat 9: Xdanielo666X ($0.80 in chips) 
STM32: posts small blind $0.01
Xdanielo666X: posts big blind $0.02
*** HOLE CARDS ***
Dealt to Dorex2007 [Jc Ks]
Artmis 33: folds 
sofaking1973: folds 
VOVCHENKO: raises $0.06 to $0.08
frosa9397: folds 
Dorex2007: folds 
fredy2248: folds 
mad0max75: folds 
STM32: folds 
Xdanielo666X: folds 
Uncalled bet ($0.06) returned to VOVCHENKO
VOVCHENKO collected $0.05 from pot
VOVCHENKO: doesn't show hand 
*** SUMMARY ***
Total pot $0.05 | Rake $0 
Seat 1: Artmis 33 folded before Flop (didn't bet)
Seat 2: sofaking1973 folded before Flop (didn't bet)
Seat 3: VOVCHENKO collected ($0.05)
Seat 4: frosa9397 folded before Flop (didn't bet)
Seat 5: Dorex2007 folded before Flop (didn't bet)
Seat 6: fredy2248 folded before Flop (didn't bet)
Seat 7: mad0max75 (button) folded before Flop (didn't bet)
Seat 8: STM32 (small blind) folded before Flop
Seat 9: Xdanielo666X (big blind) folded before Flop



PokerStars Hand #231099842722:  Hold'em No Limit ($0.01/$0.02 USD) - 2021/11/02 20:22:33 PT [2021/11/02 23:22:33 ET]
Table 'Aspidiske' 9-max Seat #8 is the button
Seat 1: Artmis 33 ($2.06 in chips) 
Seat 2: sofaking1973 ($2.01 in chips) 
Seat 3: VOVCHENKO ($0.98 in chips) 
Seat 4: frosa9397 ($1.72 in chips) 
Seat 5: Dorex2007 ($2.14 in chips) 
Seat 6: fredy2248 ($1.63 in chips) 
Seat 7: mad0max75 ($2 in chips) 
Seat 8: STM32 ($1.69 in chips) 
Seat 9: Xdanielo666X ($0.78 in chips) 
Xdanielo666X: posts small blind $0.01
Artmis 33: posts big blind $0.02
*** HOLE CARDS ***
Dealt to Dorex2007 [2d 4s]
sofaking1973: folds 
VOVCHENKO: folds 
frosa9397: folds 
Dorex2007: folds 
fredy2248: folds 
mad0max75: folds 
STM32: raises $0.04 to $0.06
Xdanielo666X: folds 
Artmis 33: calls $0.04
*** FLOP *** [Jh Tc Qs]
Artmis 33: checks 
STM32: bets $0.04
Artmis 33: calls $0.04
*** TURN *** [Jh Tc Qs] [8d]
Artmis 33: checks 
STM32: checks 
*** RIVER *** [Jh Tc Qs 8d] [9c]
Artmis 33: checks 
STM32: checks 
*** SHOW DOWN ***
Artmis 33: shows [7s 8s] (a straight, Eight to Queen)
STM32: shows [9h Ac] (a straight, Eight to Queen)
Artmis 33 collected $0.10 from pot
STM32 collected $0.10 from pot
*** SUMMARY ***
Total pot $0.21 | Rake $0.01 
Board [Jh Tc Qs 8d 9c]
Seat 1: Artmis 33 (big blind) showed [7s 8s] and won ($0.10) with a straight, Eight to Queen
Seat 2: sofaking1973 folded before Flop (didn't bet)
Seat 3: VOVCHENKO folded before Flop (didn't bet)
Seat 4: frosa9397 folded before Flop (didn't bet)
Seat 5: Dorex2007 folded before Flop (didn't bet)
Seat 6: fredy2248 folded before Flop (didn't bet)
Seat 7: mad0max75 folded before Flop (didn't bet)
Seat 8: STM32 (button) showed [9h Ac] and won ($0.10) with a straight, Eight to Queen
Seat 9: Xdanielo666X (small blind) folded before Flop



PokerStars Hand #231099853455:  Hold'em No Limit ($0.01/$0.02 USD) - 2021/11/02 20:23:31 PT [2021/11/02 23:23:31 ET]
Table 'Aspidiske' 9-max Seat #9 is the button
Seat 1: Artmis 33 ($2.06 in chips) 
Seat 3: VOVCHENKO ($0.98 in chips) 
Seat 4: frosa9397 ($1.72 in chips) 
Seat 5: Dorex2007 ($2.14 in chips) 
Seat 6: fredy2248 ($1.63 in chips) 
Seat 7: mad0max75 ($2 in chips) 
Seat 8: STM32 ($1.69 in chips) 
Seat 9: Xdanielo666X ($0.77 in chips) 
Artmis 33: posts small blind $0.01
sofaking1973: is sitting out 
VOVCHENKO: posts big blind $0.02
*** HOLE CARDS ***
Dealt to Dorex2007 [Kd Qd]
frosa9397 has timed out
frosa9397: folds 
Dorex2007: raises $0.06 to $0.08
fredy2248: folds 
mad0max75: folds 
STM32: folds 
Xdanielo666X: folds 
Artmis 33: calls $0.07
VOVCHENKO: folds 
*** FLOP *** [9h 6h Qh]
Artmis 33: checks 
Dorex2007: bets $0.11
Artmis 33: calls $0.11
*** TURN *** [9h 6h Qh] [Qc]
Artmis 33: checks 
Dorex2007: bets $0.39
Artmis 33: calls $0.39
*** RIVER *** [9h 6h Qh Qc] [5c]
Artmis 33: checks 
Dorex2007: checks 
*** SHOW DOWN ***
Artmis 33: shows [Tc Jh] (a pair of Queens)
Dorex2007: shows [Kd Qd] (three of a kind, Queens)
Dorex2007 collected $1.14 from pot
*** SUMMARY ***
Total pot $1.18 | Rake $0.04 
Board [9h 6h Qh Qc 5c]
Seat 1: Artmis 33 (small blind) showed [Tc Jh] and lost with a pair of Queens
Seat 3: VOVCHENKO (big blind) folded before Flop
Seat 4: frosa9397 folded before Flop (didn't bet)
Seat 5: Dorex2007 showed [Kd Qd] and won ($1.14) with three of a kind, Queens
Seat 6: fredy2248 folded before Flop (didn't bet)
Seat 7: mad0max75 folded before Flop (didn't bet)
Seat 8: STM32 folded before Flop (didn't bet)
Seat 9: Xdanielo666X (button) folded before Flop (didn't bet)



PokerStars Hand #231099864027:  Hold'em No Limit ($0.01/$0.02 USD) - 2021/11/02 20:24:30 PT [2021/11/02 23:24:30 ET]
Table 'Aspidiske' 9-max Seat #1 is the button
Seat 1: Artmis 33 ($1.48 in chips) 
Seat 3: VOVCHENKO ($0.96 in chips) 
Seat 5: Dorex2007 ($2.70 in chips) 
Seat 6: fredy2248 ($1.63 in chips) 
Seat 7: mad0max75 ($2 in chips) 
Seat 8: STM32 ($1.69 in chips) 
Seat 9: Xdanielo666X ($0.77 in chips) 
VOVCHENKO: posts small blind $0.01
Dorex2007: posts big blind $0.02
*** HOLE CARDS ***
Dealt to Dorex2007 [5s 3h]
fredy2248: folds 
mad0max75: raises $0.04 to $0.06
STM32: folds 
Xdanielo666X: folds 
Artmis 33: calls $0.06
VOVCHENKO: folds 
Dorex2007: folds 
*** FLOP *** [2d 7d Ac]
mad0max75: bets $0.07
Artmis 33: folds 
Uncalled bet ($0.07) returned to mad0max75
mad0max75 collected $0.14 from pot
mad0max75: doesn't show hand 
*** SUMMARY ***
Total pot $0.15 | Rake $0.01 
Board [2d 7d Ac]
Seat 1: Artmis 33 (button) folded on the Flop
Seat 3: VOVCHENKO (small blind) folded before Flop
Seat 5: Dorex2007 (big blind) folded before Flop
Seat 6: fredy2248 folded before Flop (didn't bet)
Seat 7: mad0max75 collected ($0.14)
Seat 8: STM32 folded before Flop (didn't bet)
Seat 9: Xdanielo666X folded before Flop (didn't bet)



PokerStars Hand #231099869533:  Hold'em No Limit ($0.01/$0.02 USD) - 2021/11/02 20:25:01 PT [2021/11/02 23:25:01 ET]
Table 'Aspidiske' 9-max Seat #3 is the button
Seat 1: Artmis 33 ($1.42 in chips) 
Seat 3: VOVCHENKO ($0.95 in chips) 
Seat 5: Dorex2007 ($2.68 in chips) 
Seat 6: fredy2248 ($1.63 in chips) 
Seat 7: mad0max75 ($2.08 in chips) 
Seat 8: STM32 ($1.69 in chips) 
Seat 9: Xdanielo666X ($0.77 in chips) 
Dorex2007: posts small blind $0.01
fredy2248: posts big blind $0.02
*** HOLE CARDS ***
Dealt to Dorex2007 [6s Ts]
mad0max75: folds 
STM32: folds 
Xdanielo666X: calls $0.02
Artmis 33: raises $0.03 to $0.05
VOVCHENKO: calls $0.05
Dorex2007: folds 
fredy2248: calls $0.03
Xdanielo666X: calls $0.03
*** FLOP *** [2h 6c 5d]
fredy2248: checks 
Xdanielo666X: checks 
Artmis 33: checks 
VOVCHENKO: bets $0.08
fredy2248: calls $0.08
Xdanielo666X: folds 
Artmis 33: folds 
*** TURN *** [2h 6c 5d] [Th]
fredy2248: checks 
VOVCHENKO: bets $0.36
fredy2248: folds 
Uncalled bet ($0.36) returned to VOVCHENKO
VOVCHENKO collected $0.36 from pot
VOVCHENKO: doesn't show hand 
*** SUMMARY ***
Total pot $0.37 | Rake $0.01 
Board [2h 6c 5d Th]
Seat 1: Artmis 33 folded on the Flop
Seat 3: VOVCHENKO (button) collected ($0.36)
Seat 5: Dorex2007 (small blind) folded before Flop
Seat 6: fredy2248 (big blind) folded on the Turn
Seat 7: mad0max75 folded before Flop (didn't bet)
Seat 8: STM32 folded before Flop (didn't bet)
Seat 9: Xdanielo666X folded on the Flop



PokerStars Hand #231099893561:  Hold'em No Limit ($0.01/$0.02 USD) - 2021/11/02 20:26:27 PT [2021/11/02 23:26:27 ET]
Table 'Aspidiske' 9-max Seat #5 is the button
Seat 1: Artmis 33 ($1.37 in chips) 
Seat 3: VOVCHENKO ($1.18 in chips) 
Seat 4: frosa9397 ($1.72 in chips) 
Seat 5: Dorex2007 ($2.67 in chips) 
Seat 6: fredy2248 ($1.50 in chips) 
Seat 7: mad0max75 ($2.08 in chips) 
Seat 8: STM32 ($1.69 in chips) 
Seat 9: Xdanielo666X ($0.72 in chips) 
fredy2248: posts small blind $0.01
mad0max75: posts big blind $0.02
frosa9397: posts small & big blinds $0.03
*** HOLE CARDS ***
Dealt to Dorex2007 [9d Jh]
STM32: folds 
Xdanielo666X: raises $0.02 to $0.04
Artmis 33: raises $0.06 to $0.10
VOVCHENKO: folds 
frosa9397: folds 
Dorex2007: folds 
fredy2248: folds 
mad0max75: folds 
Xdanielo666X: calls $0.06
*** FLOP *** [Qs Js Tc]
Xdanielo666X: checks 
Artmis 33: checks 
*** TURN *** [Qs Js Tc] [Ah]
Xdanielo666X: bets $0.12
Artmis 33: calls $0.12
*** RIVER *** [Qs Js Tc Ah] [2s]
Xdanielo666X: checks 
Artmis 33: bets $0.48
Xdanielo666X: folds 
Uncalled bet ($0.48) returned to Artmis 33
Artmis 33 collected $0.48 from pot
*** SUMMARY ***
Total pot $0.50 | Rake $0.02 
Board [Qs Js Tc Ah 2s]
Seat 1: Artmis 33 collected ($0.48)
Seat 3: VOVCHENKO folded before Flop (didn't bet)
Seat 4: frosa9397 folded before Flop (didn't bet)
Seat 5: Dorex2007 (button) folded before Flop (didn't bet)
Seat 6: fredy2248 (small blind) folded before Flop
Seat 7: mad0max75 (big blind) folded before Flop
Seat 8: STM32 folded before Flop (didn't bet)
Seat 9: Xdanielo666X folded on the River



PokerStars Hand #231099905438:  Hold'em No Limit ($0.01/$0.02 USD) - 2021/11/02 20:27:34 PT [2021/11/02 23:27:34 ET]
Table 'Aspidiske' 9-max Seat #6 is the button
Seat 1: Artmis 33 ($1.63 in chips) 
Seat 3: VOVCHENKO ($1.18 in chips) 
Seat 4: frosa9397 ($1.69 in chips) 
Seat 5: Dorex2007 ($2.67 in chips) 
Seat 6: fredy2248 ($1.49 in chips) 
Seat 7: mad0max75 ($2.06 in chips) 
Seat 8: STM32 ($1.69 in chips) 
Seat 9: Xdanielo666X ($0.50 in chips) 
mad0max75: posts small blind $0.01
STM32: posts big blind $0.02
*** HOLE CARDS ***
Dealt to Dorex2007 [3h 6c]
Xdanielo666X: folds 
Artmis 33: folds 
VOVCHENKO: raises $0.06 to $0.08
frosa9397: folds 
Dorex2007: folds 
fredy2248: folds 
mad0max75: folds 
STM32: calls $0.06
*** FLOP *** [Ac 2h 4s]
STM32: checks 
VOVCHENKO: checks 
*** TURN *** [Ac 2h 4s] [5d]
STM32: bets $0.10
VOVCHENKO: folds 
Uncalled bet ($0.10) returned to STM32
STM32 collected $0.16 from pot
STM32: doesn't show hand 
*** SUMMARY ***
Total pot $0.17 | Rake $0.01 
Board [Ac 2h 4s 5d]
Seat 1: Artmis 33 folded before Flop (didn't bet)
Seat 3: VOVCHENKO folded on the Turn
Seat 4: frosa9397 folded before Flop (didn't bet)
Seat 5: Dorex2007 folded before Flop (didn't bet)
Seat 6: fredy2248 (button) folded before Flop (didn't bet)
Seat 7: mad0max75 (small blind) folded before Flop
Seat 8: STM32 (big blind) collected ($0.16)
Seat 9: Xdanielo666X folded before Flop (didn't bet)



PokerStars Hand #231099912762:  Hold'em No Limit ($0.01/$0.02 USD) - 2021/11/02 20:28:15 PT [2021/11/02 23:28:15 ET]
Table 'Aspidiske' 9-max Seat #7 is the button
Seat 1: Artmis 33 ($1.63 in chips) 
Seat 3: VOVCHENKO ($1.10 in chips) 
Seat 4: frosa9397 ($1.69 in chips) 
Seat 5: Dorex2007 ($2.67 in chips) 
Seat 6: fredy2248 ($1.49 in chips) 
Seat 7: mad0max75 ($2.05 in chips) 
Seat 8: STM32 ($1.77 in chips) 
Seat 9: Xdanielo666X ($0.50 in chips) 
STM32: posts small blind $0.01
Xdanielo666X: posts big blind $0.02
*** HOLE CARDS ***
Dealt to Dorex2007 [7h 9d]
Artmis 33: folds 
VOVCHENKO: folds 
frosa9397: folds 
Dorex2007: folds 
fredy2248: folds 
mad0max75: folds 
STM32: calls $0.01
Xdanielo666X: raises $0.04 to $0.06
STM32: calls $0.04
*** FLOP *** [5c 6d 4c]
STM32: checks 
Xdanielo666X: bets $0.04
STM32: calls $0.04
*** TURN *** [5c 6d 4c] [6c]
STM32: checks 
Xdanielo666X: bets $0.06
STM32: folds 
Uncalled bet ($0.06) returned to Xdanielo666X
Xdanielo666X collected $0.19 from pot
*** SUMMARY ***
Total pot $0.20 | Rake $0.01 
Board [5c 6d 4c 6c]
Seat 1: Artmis 33 folded before Flop (didn't bet)
Seat 3: VOVCHENKO folded before Flop (didn't bet)
Seat 4: frosa9397 folded before Flop (didn't bet)
Seat 5: Dorex2007 folded before Flop (didn't bet)
Seat 6: fredy2248 folded before Flop (didn't bet)
Seat 7: mad0max75 (button) folded before Flop (didn't bet)
Seat 8: STM32 (small blind) folded on the Turn
Seat 9: Xdanielo666X (big blind) collected ($0.19)



PokerStars Hand #231099923047:  Hold'em No Limit ($0.01/$0.02 USD) - 2021/11/02 20:29:13 PT [2021/11/02 23:29:13 ET]
Table 'Aspidiske' 9-max Seat #8 is the button
Seat 1: Artmis 33 ($1.63 in chips) 
Seat 3: VOVCHENKO ($1.10 in chips) 
Seat 4: frosa9397 ($1.69 in chips) 
Seat 5: Dorex2007 ($2.67 in chips) 
Seat 6: fredy2248 ($1.49 in chips) 
Seat 7: mad0max75 ($2.05 in chips) 
Seat 8: STM32 ($1.69 in chips) 
Seat 9: Xdanielo666X ($0.59 in chips) 
Xdanielo666X: posts small blind $0.01
Artmis 33: posts big blind $0.02
*** HOLE CARDS ***
Dealt to Dorex2007 [3h 9d]
VOVCHENKO: folds 
frosa9397: folds 
Dorex2007: folds 
fredy2248: folds 
mad0max75: folds 
STM32: raises $0.03 to $0.05
Xdanielo666X: folds 
Artmis 33: calls $0.03
*** FLOP *** [Jd 9h 4d]
Artmis 33: checks 
STM32: bets $0.04
Artmis 33: calls $0.04
*** TURN *** [Jd 9h 4d] [As]
Artmis 33: checks 
STM32: checks 
*** RIVER *** [Jd 9h 4d As] [Ah]
Artmis 33: checks 
STM32: checks 
*** SHOW DOWN ***
Artmis 33: shows [6h 7d] (a pair of Aces)
STM32: mucks hand 
Artmis 33 collected $0.18 from pot
*** SUMMARY ***
Total pot $0.19 | Rake $0.01 
Board [Jd 9h 4d As Ah]
Seat 1: Artmis 33 (big blind) showed [6h 7d] and won ($0.18) with a pair of Aces
Seat 3: VOVCHENKO folded before Flop (didn't bet)
Seat 4: frosa9397 folded before Flop (didn't bet)
Seat 5: Dorex2007 folded before Flop (didn't bet)
Seat 6: fredy2248 folded before Flop (didn't bet)
Seat 7: mad0max75 folded before Flop (didn't bet)
Seat 8: STM32 (button) mucked [6d 5d]
Seat 9: Xdanielo666X (small blind) folded before Flop



PokerStars Hand #231099931772:  Hold'em No Limit ($0.01/$0.02 USD) - 2021/11/02 20:30:03 PT [2021/11/02 23:30:03 ET]
Table 'Aspidiske' 9-max Seat #9 is the button
Seat 1: Artmis 33 ($1.72 in chips) 
Seat 2: sofaking1973 ($2.01 in chips) 
Seat 3: VOVCHENKO ($1.10 in chips) 
Seat 4: frosa9397 ($1.69 in chips) 
Seat 5: Dorex2007 ($2.67 in chips) 
Seat 6: fredy2248 ($1.49 in chips) 
Seat 7: mad0max75 ($2.05 in chips) 
Seat 8: STM32 ($1.69 in chips) 
Seat 9: Xdanielo666X ($0.58 in chips) 
Artmis 33: posts small blind $0.01
sofaking1973: posts big blind $0.02
*** HOLE CARDS ***
Dealt to Dorex2007 [8d 4s]
VOVCHENKO: folds 
frosa9397: folds 
Dorex2007: folds 
fredy2248: raises $0.04 to $0.06
mad0max75: folds 
STM32: folds 
Xdanielo666X: folds 
Artmis 33: calls $0.05
sofaking1973: calls $0.04
*** FLOP *** [2d 6s Th]
Artmis 33: checks 
sofaking1973: checks 
fredy2248: bets $0.06
Artmis 33: calls $0.06
sofaking1973: folds 
*** TURN *** [2d 6s Th] [Tc]
Artmis 33: checks 
fredy2248: bets $0.10
Artmis 33: folds 
Uncalled bet ($0.10) returned to fredy2248
fredy2248 collected $0.29 from pot
*** SUMMARY ***
Total pot $0.30 | Rake $0.01 
Board [2d 6s Th Tc]
Seat 1: Artmis 33 (small blind) folded on the Turn
Seat 2: sofaking1973 (big blind) folded on the Flop
Seat 3: VOVCHENKO folded before Flop (didn't bet)
Seat 4: frosa9397 folded before Flop (didn't bet)
Seat 5: Dorex2007 folded before Flop (didn't bet)
Seat 6: fredy2248 collected ($0.29)
Seat 7: mad0max75 folded before Flop (didn't bet)
Seat 8: STM32 folded before Flop (didn't bet)
Seat 9: Xdanielo666X (button) folded before Flop (didn't bet)



PokerStars Hand #231099941071:  Hold'em No Limit ($0.01/$0.02 USD) - 2021/11/02 20:30:57 PT [2021/11/02 23:30:57 ET]
Table 'Aspidiske' 9-max Seat #1 is the button
Seat 1: Artmis 33 ($1.60 in chips) 
Seat 2: sofaking1973 ($1.95 in chips) 
Seat 3: VOVCHENKO ($1.10 in chips) 
Seat 4: frosa9397 ($1.69 in chips) 
Seat 5: Dorex2007 ($2.67 in chips) 
Seat 6: fredy2248 ($1.66 in chips) 
Seat 7: mad0max75 ($2.05 in chips) 
Seat 8: STM32 ($1.69 in chips) 
Seat 9: Xdanielo666X ($0.58 in chips) 
sofaking1973: posts small blind $0.01
VOVCHENKO: posts big blind $0.02
*** HOLE CARDS ***
Dealt to Dorex2007 [2h 8s]
frosa9397: folds 
Dorex2007: folds 
fredy2248: folds 
mad0max75: folds 
STM32: folds 
Xdanielo666X: raises $0.02 to $0.04
Artmis 33: folds 
sofaking1973: folds 
VOVCHENKO: calls $0.02
*** FLOP *** [2c 9s Ah]
VOVCHENKO: checks 
Xdanielo666X: bets $0.09
VOVCHENKO: calls $0.09
*** TURN *** [2c 9s Ah] [Qd]
VOVCHENKO: checks 
Xdanielo666X: checks 
*** RIVER *** [2c 9s Ah Qd] [7s]
VOVCHENKO: bets $0.14
Xdanielo666X: raises $0.31 to $0.45 and is all-in
VOVCHENKO: folds 
Uncalled bet ($0.31) returned to Xdanielo666X
Xdanielo666X collected $0.53 from pot
*** SUMMARY ***
Total pot $0.55 | Rake $0.02 
Board [2c 9s Ah Qd 7s]
Seat 1: Artmis 33 (button) folded before Flop (didn't bet)
Seat 2: sofaking1973 (small blind) folded before Flop
Seat 3: VOVCHENKO (big blind) folded on the River
Seat 4: frosa9397 folded before Flop (didn't bet)
Seat 5: Dorex2007 folded before Flop (didn't bet)
Seat 6: fredy2248 folded before Flop (didn't bet)
Seat 7: mad0max75 folded before Flop (didn't bet)
Seat 8: STM32 folded before Flop (didn't bet)
Seat 9: Xdanielo666X collected ($0.53)



PokerStars Hand #231099950404:  Hold'em No Limit ($0.01/$0.02 USD) - 2021/11/02 20:31:50 PT [2021/11/02 23:31:50 ET]
Table 'Aspidiske' 9-max Seat #2 is the button
Seat 1: Artmis 33 ($1.60 in chips) 
Seat 2: sofaking1973 ($1.94 in chips) 
Seat 3: VOVCHENKO ($0.83 in chips) 
Seat 4: frosa9397 ($1.69 in chips) 
Seat 5: Dorex2007 ($2.67 in chips) 
Seat 6: fredy2248 ($1.66 in chips) 
Seat 7: mad0max75 ($2.05 in chips) 
Seat 8: STM32 ($1.69 in chips) 
Seat 9: Xdanielo666X ($0.84 in chips) 
VOVCHENKO: posts small blind $0.01
frosa9397: posts big blind $0.02
*** HOLE CARDS ***
Dealt to Dorex2007 [7d 9h]
Dorex2007: folds 
fredy2248: calls $0.02
mad0max75: calls $0.02
frosa9397 is disconnected 
STM32: calls $0.02
Xdanielo666X: raises $0.04 to $0.06
Artmis 33: folds 
sofaking1973: folds 
VOVCHENKO: folds 
frosa9397 has timed out while disconnected
frosa9397: folds 
fredy2248: calls $0.04
mad0max75: folds 
STM32: calls $0.04
*** FLOP *** [6d As Th]
fredy2248: checks 
STM32: checks 
Xdanielo666X: bets $0.04
fredy2248: calls $0.04
STM32: calls $0.04
*** TURN *** [6d As Th] [4c]
fredy2248: checks 
STM32: checks 
Xdanielo666X: checks 
*** RIVER *** [6d As Th 4c] [4h]
fredy2248: checks 
STM32: checks 
Xdanielo666X: checks 
*** SHOW DOWN ***
fredy2248: shows [9d 8s] (a pair of Fours)
STM32: shows [Tc Kc] (two pair, Tens and Fours)
Xdanielo666X: mucks hand 
STM32 collected $0.34 from pot
*** SUMMARY ***
Total pot $0.35 | Rake $0.01 
Board [6d As Th 4c 4h]
Seat 1: Artmis 33 folded before Flop (didn't bet)
Seat 2: sofaking1973 (button) folded before Flop (didn't bet)
Seat 3: VOVCHENKO (small blind) folded before Flop
Seat 4: frosa9397 (big blind) folded before Flop
Seat 5: Dorex2007 folded before Flop (didn't bet)
Seat 6: fredy2248 showed [9d 8s] and lost with a pair of Fours
Seat 7: mad0max75 folded before Flop
Seat 8: STM32 showed [Tc Kc] and won ($0.34) with two pair, Tens and Fours
Seat 9: Xdanielo666X mucked [Js Kd]



PokerStars Hand #231099976988:  Hold'em No Limit ($0.01/$0.02 USD) - 2021/11/02 20:34:26 PT [2021/11/02 23:34:26 ET]
Table 'Aspidiske' 9-max Seat #3 is the button
Seat 1: Artmis 33 ($1.60 in chips) 
Seat 2: sofaking1973 ($1.94 in chips) 
Seat 3: VOVCHENKO ($0.82 in chips) 
Seat 5: Dorex2007 ($2.67 in chips) 
Seat 6: fredy2248 ($1.56 in chips) 
Seat 7: mad0max75 ($2.03 in chips) 
Seat 8: STM32 ($1.93 in chips) 
Seat 9: Xdanielo666X ($0.74 in chips) 
Dorex2007: posts small blind $0.01
fredy2248: posts big blind $0.02
*** HOLE CARDS ***
Dealt to Dorex2007 [3h As]
mad0max75: folds 
STM32: folds 
Xdanielo666X: folds 
Artmis 33: folds 
sofaking1973: folds 
VOVCHENKO: folds 
Dorex2007: folds 
Uncalled bet ($0.01) returned to fredy2248
fredy2248 collected $0.02 from pot
*** SUMMARY ***
Total pot $0.02 | Rake $0 
Seat 1: Artmis 33 folded before Flop (didn't bet)
Seat 2: sofaking1973 folded before Flop (didn't bet)
Seat 3: VOVCHENKO (button) folded before Flop (didn't bet)
Seat 5: Dorex2007 (small blind) folded before Flop
Seat 6: fredy2248 (big blind) collected ($0.02)
Seat 7: mad0max75 folded before Flop (didn't bet)
Seat 8: STM32 folded before Flop (didn't bet)
Seat 9: Xdanielo666X folded before Flop (didn't bet)



PokerStars Hand #231099980394:  Hold'em No Limit ($0.01/$0.02 USD) - 2021/11/02 20:34:46 PT [2021/11/02 23:34:46 ET]
Table 'Aspidiske' 9-max Seat #5 is the button
Seat 1: Artmis 33 ($1.60 in chips) 
Seat 2: sofaking1973 ($1.94 in chips) 
Seat 3: VOVCHENKO ($0.82 in chips) 
Seat 5: Dorex2007 ($2.66 in chips) 
Seat 6: fredy2248 ($1.57 in chips) 
Seat 7: mad0max75 ($2.03 in chips) 
Seat 8: STM32 ($1.93 in chips) 
Seat 9: Xdanielo666X ($0.74 in chips) 
fredy2248: posts small blind $0.01
mad0max75: posts big blind $0.02
*** HOLE CARDS ***
Dealt to Dorex2007 [8s 7d]
STM32: folds 
Xdanielo666X: folds 
Artmis 33: raises $0.03 to $0.05
sofaking1973: calls $0.05
VOVCHENKO: folds 
Dorex2007: folds 
fredy2248: folds 
mad0max75: folds 
*** FLOP *** [8h Ad Js]
Artmis 33: checks 
sofaking1973: checks 
*** TURN *** [8h Ad Js] [4d]
Artmis 33: checks 
sofaking1973: checks 
*** RIVER *** [8h Ad Js 4d] [Ah]
Artmis 33: checks 
sofaking1973: checks 
*** SHOW DOWN ***
Artmis 33: shows [2h 2s] (two pair, Aces and Deuces)
sofaking1973: mucks hand 
Artmis 33 collected $0.13 from pot
*** SUMMARY ***
Total pot $0.13 | Rake $0 
Board [8h Ad Js 4d Ah]
Seat 1: Artmis 33 showed [2h 2s] and won ($0.13) with two pair, Aces and Deuces
Seat 2: sofaking1973 mucked [Kd Qc]
Seat 3: VOVCHENKO folded before Flop (didn't bet)
Seat 5: Dorex2007 (button) folded before Flop (didn't bet)
Seat 6: fredy2248 (small blind) folded before Flop
Seat 7: mad0max75 (big blind) folded before Flop
Seat 8: STM32 folded before Flop (didn't bet)
Seat 9: Xdanielo666X folded before Flop (didn't bet)



PokerStars Hand #231099991748:  Hold'em No Limit ($0.01/$0.02 USD) - 2021/11/02 20:35:48 PT [2021/11/02 23:35:48 ET]
Table 'Aspidiske' 9-max Seat #6 is the button
Seat 1: Artmis 33 ($1.68 in chips) 
Seat 2: sofaking1973 ($1.89 in chips) 
Seat 3: VOVCHENKO ($0.82 in chips) 
Seat 5: Dorex2007 ($2.66 in chips) 
Seat 6: fredy2248 ($1.56 in chips) 
Seat 7: mad0max75 ($2.01 in chips) 
Seat 8: STM32 ($1.93 in chips) 
Seat 9: Xdanielo666X ($0.74 in chips) 
mad0max75: posts small blind $0.01
STM32: posts big blind $0.02
*** HOLE CARDS ***
Dealt to Dorex2007 [7d Qc]
Xdanielo666X has timed out
Xdanielo666X: folds 
Artmis 33: folds 
sofaking1973: folds 
VOVCHENKO: folds 
Dorex2007: folds 
fredy2248: folds 
mad0max75: folds 
Uncalled bet ($0.01) returned to STM32
STM32 collected $0.02 from pot
STM32: doesn't show hand 
*** SUMMARY ***
Total pot $0.02 | Rake $0 
Seat 1: Artmis 33 folded before Flop (didn't bet)
Seat 2: sofaking1973 folded before Flop (didn't bet)
Seat 3: VOVCHENKO folded before Flop (didn't bet)
Seat 5: Dorex2007 folded before Flop (didn't bet)
Seat 6: fredy2248 (button) folded before Flop (didn't bet)
Seat 7: mad0max75 (small blind) folded before Flop
Seat 8: STM32 (big blind) collected ($0.02)
Seat 9: Xdanielo666X folded before Flop (didn't bet)



PokerStars Hand #231099995411:  Hold'em No Limit ($0.01/$0.02 USD) - 2021/11/02 20:36:09 PT [2021/11/02 23:36:09 ET]
Table 'Aspidiske' 9-max Seat #7 is the button
Seat 1: Artmis 33 ($1.68 in chips) 
Seat 2: sofaking1973 ($1.89 in chips) 
Seat 3: VOVCHENKO ($0.82 in chips) 
Seat 5: Dorex2007 ($2.66 in chips) 
Seat 6: fredy2248 ($1.56 in chips) 
Seat 7: mad0max75 ($2 in chips) 
Seat 8: STM32 ($1.94 in chips) 
Seat 9: Xdanielo666X ($0.74 in chips) 
STM32: posts small blind $0.01
Xdanielo666X: posts big blind $0.02
*** HOLE CARDS ***
Dealt to Dorex2007 [4s 5c]
Artmis 33: folds 
sofaking1973: calls $0.02
VOVCHENKO: calls $0.02
Dorex2007: folds 
fredy2248: calls $0.02
mad0max75: folds 
STM32: calls $0.01
Xdanielo666X: checks 
*** FLOP *** [Kh 3h Td]
STM32: checks 
Xdanielo666X: checks 
sofaking1973: checks 
VOVCHENKO: checks 
fredy2248: bets $0.10
STM32: folds 
Xdanielo666X: calls $0.10
sofaking1973: calls $0.10
VOVCHENKO: calls $0.10
*** TURN *** [Kh 3h Td] [9d]
Xdanielo666X: checks 
sofaking1973: checks 
VOVCHENKO: checks 
fredy2248: bets $0.10
Xdanielo666X: calls $0.10
sofaking1973: calls $0.10
VOVCHENKO: calls $0.10
*** RIVER *** [Kh 3h Td 9d] [7c]
Xdanielo666X: checks 
sofaking1973: checks 
VOVCHENKO: checks 
fredy2248: checks 
*** SHOW DOWN ***
Xdanielo666X: shows [9h 4h] (a pair of Nines)
sofaking1973: shows [Qh Ts] (a pair of Tens)
VOVCHENKO: shows [Kc Jd] (a pair of Kings)
fredy2248: mucks hand 
VOVCHENKO collected $0.87 from pot
*** SUMMARY ***
Total pot $0.90 | Rake $0.03 
Board [Kh 3h Td 9d 7c]
Seat 1: Artmis 33 folded before Flop (didn't bet)
Seat 2: sofaking1973 showed [Qh Ts] and lost with a pair of Tens
Seat 3: VOVCHENKO showed [Kc Jd] and won ($0.87) with a pair of Kings
Seat 5: Dorex2007 folded before Flop (didn't bet)
Seat 6: fredy2248 mucked [Tc Ah]
Seat 7: mad0max75 (button) folded before Flop (didn't bet)
Seat 8: STM32 (small blind) folded on the Flop
Seat 9: Xdanielo666X (big blind) showed [9h 4h] and lost with a pair of Nines



PokerStars Hand #231100018858:  Hold'em No Limit ($0.01/$0.02 USD) - 2021/11/02 20:38:04 PT [2021/11/02 23:38:04 ET]
Table 'Aspidiske' 9-max Seat #8 is the button
Seat 1: Artmis 33 ($1.68 in chips) 
Seat 2: sofaking1973 ($1.67 in chips) 
Seat 3: VOVCHENKO ($1.47 in chips) 
Seat 5: Dorex2007 ($2.66 in chips) 
Seat 6: fredy2248 ($1.34 in chips) 
Seat 7: mad0max75 ($2 in chips) 
Seat 8: STM32 ($1.92 in chips) 
Seat 9: Xdanielo666X ($0.52 in chips) 
Xdanielo666X: posts small blind $0.01
Artmis 33: posts big blind $0.02
*** HOLE CARDS ***
Dealt to Dorex2007 [3s Kh]
sofaking1973: folds 
VOVCHENKO: folds 
Dorex2007: folds 
fredy2248: raises $0.02 to $0.04
mad0max75: folds 
STM32: folds 
Xdanielo666X: raises $0.10 to $0.14
Artmis 33: folds 
fredy2248: folds 
Uncalled bet ($0.10) returned to Xdanielo666X
Xdanielo666X collected $0.10 from pot
*** SUMMARY ***
Total pot $0.10 | Rake $0 
Seat 1: Artmis 33 (big blind) folded before Flop
Seat 2: sofaking1973 folded before Flop (didn't bet)
Seat 3: VOVCHENKO folded before Flop (didn't bet)
Seat 5: Dorex2007 folded before Flop (didn't bet)
Seat 6: fredy2248 folded before Flop
Seat 7: mad0max75 folded before Flop (didn't bet)
Seat 8: STM32 (button) folded before Flop (didn't bet)
Seat 9: Xdanielo666X (small blind) collected ($0.10)



PokerStars Hand #231100024841:  Hold'em No Limit ($0.01/$0.02 USD) - 2021/11/02 20:38:40 PT [2021/11/02 23:38:40 ET]
Table 'Aspidiske' 9-max Seat #9 is the button
Seat 1: Artmis 33 ($1.66 in chips) 
Seat 2: sofaking1973 ($1.67 in chips) 
Seat 3: VOVCHENKO ($1.47 in chips) 
Seat 5: Dorex2007 ($2.66 in chips) 
Seat 6: fredy2248 ($1.30 in chips) 
Seat 7: mad0max75 ($2 in chips) 
Seat 8: STM32 ($1.92 in chips) 
Seat 9: Xdanielo666X ($0.58 in chips) 
Artmis 33: posts small blind $0.01
sofaking1973: posts big blind $0.02
*** HOLE CARDS ***
Dealt to Dorex2007 [7s 6d]
VOVCHENKO: folds 
Dorex2007: folds 
fredy2248: folds 
mad0max75: folds 
STM32: folds 
Xdanielo666X: folds 
Artmis 33: raises $0.03 to $0.05
sofaking1973: folds 
Uncalled bet ($0.03) returned to Artmis 33
Artmis 33 collected $0.04 from pot
*** SUMMARY ***
Total pot $0.04 | Rake $0 
Seat 1: Artmis 33 (small blind) collected ($0.04)
Seat 2: sofaking1973 (big blind) folded before Flop
Seat 3: VOVCHENKO folded before Flop (didn't bet)
Seat 5: Dorex2007 folded before Flop (didn't bet)
Seat 6: fredy2248 folded before Flop (didn't bet)
Seat 7: mad0max75 folded before Flop (didn't bet)
Seat 8: STM32 folded before Flop (didn't bet)
Seat 9: Xdanielo666X (button) folded before Flop (didn't bet)



PokerStars Hand #231100027064:  Hold'em No Limit ($0.01/$0.02 USD) - 2021/11/02 20:38:53 PT [2021/11/02 23:38:53 ET]
Table 'Aspidiske' 9-max Seat #1 is the button
Seat 1: Artmis 33 ($1.68 in chips) 
Seat 2: sofaking1973 ($1.65 in chips) 
Seat 3: VOVCHENKO ($1.47 in chips) 
Seat 5: Dorex2007 ($2.66 in chips) 
Seat 6: fredy2248 ($1.30 in chips) 
Seat 7: mad0max75 ($2 in chips) 
Seat 8: STM32 ($1.92 in chips) 
Seat 9: Xdanielo666X ($0.58 in chips) 
sofaking1973: posts small blind $0.01
VOVCHENKO: posts big blind $0.02
*** HOLE CARDS ***
Dealt to Dorex2007 [8h 7s]
Dorex2007: folds 
fredy2248: calls $0.02
mad0max75: folds 
STM32: folds 
Xdanielo666X: raises $0.02 to $0.04
Artmis 33: folds 
sofaking1973: folds 
VOVCHENKO: calls $0.02
fredy2248: calls $0.02
*** FLOP *** [3s 3d 5s]
VOVCHENKO: checks 
fredy2248: checks 
Xdanielo666X: checks 
*** TURN *** [3s 3d 5s] [8d]
VOVCHENKO: checks 
fredy2248: checks 
Xdanielo666X: bets $0.06
VOVCHENKO: folds 
fredy2248: calls $0.06
*** RIVER *** [3s 3d 5s 8d] [Jc]
fredy2248: checks 
Xdanielo666X: bets $0.06
fredy2248: calls $0.06
*** SHOW DOWN ***
Xdanielo666X: shows [Ac 6d] (a pair of Threes)
fredy2248: shows [Ad Ks] (a pair of Threes - Ace+King kicker)
fredy2248 collected $0.36 from pot
*** SUMMARY ***
Total pot $0.37 | Rake $0.01 
Board [3s 3d 5s 8d Jc]
Seat 1: Artmis 33 (button) folded before Flop (didn't bet)
Seat 2: sofaking1973 (small blind) folded before Flop
Seat 3: VOVCHENKO (big blind) folded on the Turn
Seat 5: Dorex2007 folded before Flop (didn't bet)
Seat 6: fredy2248 showed [Ad Ks] and won ($0.36) with a pair of Threes
Seat 7: mad0max75 folded before Flop (didn't bet)
Seat 8: STM32 folded before Flop (didn't bet)
Seat 9: Xdanielo666X showed [Ac 6d] and lost with a pair of Threes



PokerStars Hand #231100038894:  Hold'em No Limit ($0.01/$0.02 USD) - 2021/11/02 20:40:05 PT [2021/11/02 23:40:05 ET]
Table 'Aspidiske' 9-max Seat #2 is the button
Seat 1: Artmis 33 ($1.68 in chips) 
Seat 2: sofaking1973 ($1.64 in chips) 
Seat 3: VOVCHENKO ($1.43 in chips) 
Seat 5: Dorex2007 ($2.66 in chips) 
Seat 6: fredy2248 ($1.50 in chips) 
Seat 7: mad0max75 ($2 in chips) 
Seat 8: STM32 ($1.92 in chips) 
Seat 9: Xdanielo666X ($0.42 in chips) 
VOVCHENKO: posts small blind $0.01
Dorex2007: posts big blind $0.02
*** HOLE CARDS ***
Dealt to Dorex2007 [3d 3c]
fredy2248: folds 
mad0max75: folds 
STM32: folds 
Xdanielo666X: folds 
Artmis 33: folds 
sofaking1973: folds 
VOVCHENKO: calls $0.01
Dorex2007: checks 
*** FLOP *** [8d Kd 4h]
VOVCHENKO: bets $0.04
Dorex2007: folds 
Uncalled bet ($0.04) returned to VOVCHENKO
VOVCHENKO collected $0.04 from pot
VOVCHENKO: doesn't show hand 
*** SUMMARY ***
Total pot $0.04 | Rake $0 
Board [8d Kd 4h]
Seat 1: Artmis 33 folded before Flop (didn't bet)
Seat 2: sofaking1973 (button) folded before Flop (didn't bet)
Seat 3: VOVCHENKO (small blind) collected ($0.04)
Seat 5: Dorex2007 (big blind) folded on the Flop
Seat 6: fredy2248 folded before Flop (didn't bet)
Seat 7: mad0max75 folded before Flop (didn't bet)
Seat 8: STM32 folded before Flop (didn't bet)
Seat 9: Xdanielo666X folded before Flop (didn't bet)



PokerStars Hand #231100044270:  Hold'em No Limit ($0.01/$0.02 USD) - 2021/11/02 20:40:37 PT [2021/11/02 23:40:37 ET]
Table 'Aspidiske' 9-max Seat #3 is the button
Seat 1: Artmis 33 ($1.68 in chips) 
Seat 2: sofaking1973 ($1.64 in chips) 
Seat 3: VOVCHENKO ($1.45 in chips) 
Seat 5: Dorex2007 ($2.64 in chips) 
Seat 6: fredy2248 ($1.50 in chips) 
Seat 7: mad0max75 ($2 in chips) 
Seat 8: STM32 ($1.92 in chips) 
Seat 9: Xdanielo666X ($0.42 in chips) 
Dorex2007: posts small blind $0.01
fredy2248: posts big blind $0.02
*** HOLE CARDS ***
Dealt to Dorex2007 [7s 2h]
mad0max75: folds 
STM32: folds 
Xdanielo666X: folds 
Artmis 33: raises $0.03 to $0.05
sofaking1973: folds 
VOVCHENKO: folds 
Dorex2007: folds 
fredy2248: calls $0.03
*** FLOP *** [Jh 7h Qs]
fredy2248: bets $0.10
Artmis 33: folds 
Uncalled bet ($0.10) returned to fredy2248
fredy2248 collected $0.11 from pot
*** SUMMARY ***
Total pot $0.11 | Rake $0 
Board [Jh 7h Qs]
Seat 1: Artmis 33 folded on the Flop
Seat 2: sofaking1973 folded before Flop (didn't bet)
Seat 3: VOVCHENKO (button) folded before Flop (didn't bet)
Seat 5: Dorex2007 (small blind) folded before Flop
Seat 6: fredy2248 (big blind) collected ($0.11)
Seat 7: mad0max75 folded before Flop (didn't bet)
Seat 8: STM32 folded before Flop (didn't bet)
Seat 9: Xdanielo666X folded before Flop (didn't bet)



PokerStars Hand #231100052018:  Hold'em No Limit ($0.01/$0.02 USD) - 2021/11/02 20:41:25 PT [2021/11/02 23:41:25 ET]
Table 'Aspidiske' 9-max Seat #5 is the button
Seat 1: Artmis 33 ($1.63 in chips) 
Seat 2: sofaking1973 ($1.64 in chips) 
Seat 3: VOVCHENKO ($1.45 in chips) 
Seat 5: Dorex2007 ($2.63 in chips) 
Seat 6: fredy2248 ($1.56 in chips) 
Seat 7: mad0max75 ($2 in chips) 
Seat 8: STM32 ($1.92 in chips) 
Seat 9: Xdanielo666X ($0.42 in chips) 
fredy2248: posts small blind $0.01
mad0max75: posts big blind $0.02
*** HOLE CARDS ***
Dealt to Dorex2007 [7c Qd]
STM32: folds 
Xdanielo666X: calls $0.02
Artmis 33: folds 
sofaking1973: raises $0.06 to $0.08
VOVCHENKO: folds 
Dorex2007: folds 
fredy2248: calls $0.07
mad0max75: folds 
Xdanielo666X: folds 
*** FLOP *** [Kd 3c Qs]
fredy2248: checks 
sofaking1973: bets $0.10
fredy2248: calls $0.10
*** TURN *** [Kd 3c Qs] [2h]
fredy2248: checks 
sofaking1973: bets $0.18
fredy2248: folds 
Uncalled bet ($0.18) returned to sofaking1973
sofaking1973 collected $0.39 from pot
sofaking1973: doesn't show hand 
*** SUMMARY ***
Total pot $0.40 | Rake $0.01 
Board [Kd 3c Qs 2h]
Seat 1: Artmis 33 folded before Flop (didn't bet)
Seat 2: sofaking1973 collected ($0.39)
Seat 3: VOVCHENKO folded before Flop (didn't bet)
Seat 5: Dorex2007 (button) folded before Flop (didn't bet)
Seat 6: fredy2248 (small blind) folded on the Turn
Seat 7: mad0max75 (big blind) folded before Flop
Seat 8: STM32 folded before Flop (didn't bet)
Seat 9: Xdanielo666X folded before Flop



PokerStars Hand #231100069754:  Hold'em No Limit ($0.01/$0.02 USD) - 2021/11/02 20:42:32 PT [2021/11/02 23:42:32 ET]
Table 'Aspidiske' 9-max Seat #6 is the button
Seat 1: Artmis 33 ($1.63 in chips) 
Seat 2: sofaking1973 ($1.85 in chips) 
Seat 3: VOVCHENKO ($1.45 in chips) 
Seat 5: Dorex2007 ($2.63 in chips) 
Seat 6: fredy2248 ($1.38 in chips) 
Seat 7: mad0max75 ($2 in chips) 
Seat 8: STM32 ($1.92 in chips) 
Seat 9: Xdanielo666X ($0.40 in chips) 
mad0max75: posts small blind $0.01
STM32: posts big blind $0.02
*** HOLE CARDS ***
Dealt to Dorex2007 [4s Qh]
Xdanielo666X has timed out
Xdanielo666X: folds 
Artmis 33: folds 
sofaking1973: folds 
VOVCHENKO: folds 
Dorex2007: folds 
fredy2248: calls $0.02
mad0max75: calls $0.01
frosa9397 leaves the table
STM32: checks 
*** FLOP *** [5d 5h 7c]
mad0max75: checks 
STM32: checks 
fredy2248: checks 
*** TURN *** [5d 5h 7c] [3c]
mad0max75: checks 
STM32: checks 
fredy2248: checks 
*** RIVER *** [5d 5h 7c 3c] [4h]
mad0max75: checks 
STM32: bets $0.06
fredy2248: folds 
mad0max75: folds 
Uncalled bet ($0.06) returned to STM32
STM32 collected $0.06 from pot
STM32: doesn't show hand 
Antonpervukh joins the table at seat #4 
*** SUMMARY ***
Total pot $0.06 | Rake $0 
Board [5d 5h 7c 3c 4h]
Seat 1: Artmis 33 folded before Flop (didn't bet)
Seat 2: sofaking1973 folded before Flop (didn't bet)
Seat 3: VOVCHENKO folded before Flop (didn't bet)
Seat 5: Dorex2007 folded before Flop (didn't bet)
Seat 6: fredy2248 (button) folded on the River
Seat 7: mad0max75 (small blind) folded on the River
Seat 8: STM32 (big blind) collected ($0.06)
Seat 9: Xdanielo666X folded before Flop (didn't bet)



PokerStars Hand #231100081640:  Hold'em No Limit ($0.01/$0.02 USD) - 2021/11/02 20:43:44 PT [2021/11/02 23:43:44 ET]
Table 'Aspidiske' 9-max Seat #7 is the button
Seat 1: Artmis 33 ($1.63 in chips) 
Seat 2: sofaking1973 ($1.85 in chips) 
Seat 3: VOVCHENKO ($1.45 in chips) 
Seat 5: Dorex2007 ($2.63 in chips) 
Seat 6: fredy2248 ($1.36 in chips) 
Seat 7: mad0max75 ($2 in chips) 
Seat 8: STM32 ($1.96 in chips) 
Seat 9: Xdanielo666X ($0.40 in chips) 
STM32: posts small blind $0.01
Xdanielo666X: posts big blind $0.02
Antonpervukh: sits out 
*** HOLE CARDS ***
Dealt to Dorex2007 [Qc 5d]
Artmis 33: folds 
sofaking1973: folds 
VOVCHENKO: folds 
Dorex2007: folds 
fredy2248 has timed out
fredy2248: folds 
mad0max75: folds 
STM32: calls $0.01
Xdanielo666X: checks 
*** FLOP *** [6c 8s 2c]
STM32: checks 
Xdanielo666X: bets $0.04
STM32: folds 
Uncalled bet ($0.04) returned to Xdanielo666X
Xdanielo666X collected $0.04 from pot
*** SUMMARY ***
Total pot $0.04 | Rake $0 
Board [6c 8s 2c]
Seat 1: Artmis 33 folded before Flop (didn't bet)
Seat 2: sofaking1973 folded before Flop (didn't bet)
Seat 3: VOVCHENKO folded before Flop (didn't bet)
Seat 5: Dorex2007 folded before Flop (didn't bet)
Seat 6: fredy2248 folded before Flop (didn't bet)
Seat 7: mad0max75 (button) folded before Flop (didn't bet)
Seat 8: STM32 (small blind) folded on the Flop
Seat 9: Xdanielo666X (big blind) collected ($0.04)



PokerStars Hand #231100088257:  Hold'em No Limit ($0.01/$0.02 USD) - 2021/11/02 20:44:25 PT [2021/11/02 23:44:25 ET]
Table 'Aspidiske' 9-max Seat #8 is the button
Seat 1: Artmis 33 ($1.63 in chips) 
Seat 2: sofaking1973 ($1.85 in chips) 
Seat 3: VOVCHENKO ($1.45 in chips) 
Seat 5: Dorex2007 ($2.63 in chips) 
Seat 6: fredy2248 ($1.36 in chips) 
Seat 7: mad0max75 ($2 in chips) 
Seat 8: STM32 ($1.94 in chips) 
Seat 9: Xdanielo666X ($0.42 in chips) 
Xdanielo666X: posts small blind $0.01
Artmis 33: posts big blind $0.02
Antonpervukh: sits out 
*** HOLE CARDS ***
Dealt to Dorex2007 [8c Th]
sofaking1973: folds 
VOVCHENKO: folds 
Dorex2007: folds 
fredy2248: raises $0.02 to $0.04
mad0max75: folds 
STM32: folds 
Xdanielo666X: calls $0.03
Artmis 33: calls $0.02
*** FLOP *** [7s 2d 4s]
Xdanielo666X: checks 
Artmis 33: checks 
fredy2248: bets $0.12
Xdanielo666X: folds 
Artmis 33: calls $0.12
*** TURN *** [7s 2d 4s] [Ks]
Artmis 33: checks 
fredy2248: bets $0.12
Artmis 33: raises $0.30 to $0.42
fredy2248: folds 
Uncalled bet ($0.30) returned to Artmis 33
Artmis 33 collected $0.58 from pot
*** SUMMARY ***
Total pot $0.60 | Rake $0.02 
Board [7s 2d 4s Ks]
Seat 1: Artmis 33 (big blind) collected ($0.58)
Seat 2: sofaking1973 folded before Flop (didn't bet)
Seat 3: VOVCHENKO folded before Flop (didn't bet)
Seat 5: Dorex2007 folded before Flop (didn't bet)
Seat 6: fredy2248 folded on the Turn
Seat 7: mad0max75 folded before Flop (didn't bet)
Seat 8: STM32 (button) folded before Flop (didn't bet)
Seat 9: Xdanielo666X (small blind) folded on the Flop



PokerStars Hand #231100102660:  Hold'em No Limit ($0.01/$0.02 USD) - 2021/11/02 20:45:54 PT [2021/11/02 23:45:54 ET]
Table 'Aspidiske' 9-max Seat #9 is the button
Seat 1: Artmis 33 ($1.93 in chips) 
Seat 2: sofaking1973 ($1.85 in chips) 
Seat 3: VOVCHENKO ($1.45 in chips) 
Seat 4: Antonpervukh ($1 in chips) 
Seat 5: Dorex2007 ($2.63 in chips) 
Seat 6: fredy2248 ($1.08 in chips) 
Seat 7: mad0max75 ($2 in chips) 
Seat 8: STM32 ($1.94 in chips) 
Seat 9: Xdanielo666X ($0.38 in chips) 
Artmis 33: posts small blind $0.01
sofaking1973: posts big blind $0.02
Antonpervukh: posts big blind $0.02
*** HOLE CARDS ***
Dealt to Dorex2007 [8d 8h]
VOVCHENKO: folds 
Antonpervukh: raises $0.04 to $0.06
Dorex2007: folds 
fredy2248: folds 
mad0max75: folds 
STM32: calls $0.06
Xdanielo666X: folds 
Artmis 33: folds 
sofaking1973: calls $0.04
*** FLOP *** [6s 6h Qc]
sofaking1973: checks 
Antonpervukh: checks 
STM32: checks 
*** TURN *** [6s 6h Qc] [5h]
sofaking1973: checks 
Antonpervukh: checks 
STM32: checks 
*** RIVER *** [6s 6h Qc 5h] [Ah]
sofaking1973: checks 
Antonpervukh: bets $0.08
STM32: calls $0.08
sofaking1973: folds 
*** SHOW DOWN ***
Antonpervukh: shows [3d Ad] (two pair, Aces and Sixes)
STM32: shows [9h Jh] (a flush, Ace high)
STM32 collected $0.34 from pot
*** SUMMARY ***
Total pot $0.35 | Rake $0.01 
Board [6s 6h Qc 5h Ah]
Seat 1: Artmis 33 (small blind) folded before Flop
Seat 2: sofaking1973 (big blind) folded on the River
Seat 3: VOVCHENKO folded before Flop (didn't bet)
Seat 4: Antonpervukh showed [3d Ad] and lost with two pair, Aces and Sixes
Seat 5: Dorex2007 folded before Flop (didn't bet)
Seat 6: fredy2248 folded before Flop (didn't bet)
Seat 7: mad0max75 folded before Flop (didn't bet)
Seat 8: STM32 showed [9h Jh] and won ($0.34) with a flush, Ace high
Seat 9: Xdanielo666X (button) folded before Flop (didn't bet)



PokerStars Hand #231100113536:  Hold'em No Limit ($0.01/$0.02 USD) - 2021/11/02 20:47:02 PT [2021/11/02 23:47:02 ET]
Table 'Aspidiske' 9-max Seat #1 is the button
Seat 1: Artmis 33 ($1.92 in chips) 
Seat 2: sofaking1973 ($1.79 in chips) 
Seat 3: VOVCHENKO ($1.45 in chips) 
Seat 4: Antonpervukh ($0.86 in chips) 
Seat 5: Dorex2007 ($2.63 in chips) 
Seat 7: mad0max75 ($2 in chips) 
Seat 8: STM32 ($2.14 in chips) 
Seat 9: Xdanielo666X ($0.38 in chips) 
sofaking1973: posts small blind $0.01
VOVCHENKO: posts big blind $0.02
*** HOLE CARDS ***
Dealt to Dorex2007 [3c 7c]
Antonpervukh: folds 
Dorex2007: folds 
mad0max75: folds 
STM32: folds 
Xdanielo666X: raises $0.02 to $0.04
Artmis 33: raises $0.04 to $0.08
sofaking1973: folds 
VOVCHENKO: folds 
Xdanielo666X: calls $0.04
*** FLOP *** [2h Ts Tc]
Xdanielo666X: checks 
Artmis 33: bets $0.09
Xdanielo666X: raises $0.21 to $0.30 and is all-in
Artmis 33: calls $0.21
*** TURN *** [2h Ts Tc] [4d]
*** RIVER *** [2h Ts Tc 4d] [Jh]
*** SHOW DOWN ***
Xdanielo666X: shows [Ac 5d] (a pair of Tens)
Artmis 33: shows [5c 5h] (two pair, Tens and Fives)
Artmis 33 collected $0.76 from pot
mad0max75 leaves the table
Xdanielo666X cashed out the hand for $0.15
*** SUMMARY ***
Total pot $0.79 | Rake $0.03 
Board [2h Ts Tc 4d Jh]
Seat 1: Artmis 33 (button) showed [5c 5h] and won ($0.76) with two pair, Tens and Fives
Seat 2: sofaking1973 (small blind) folded before Flop
Seat 3: VOVCHENKO (big blind) folded before Flop
Seat 4: Antonpervukh folded before Flop (didn't bet)
Seat 5: Dorex2007 folded before Flop (didn't bet)
Seat 7: mad0max75 folded before Flop (didn't bet)
Seat 8: STM32 folded before Flop (didn't bet)
Seat 9: Xdanielo666X showed [Ac 5d] and lost with a pair of Tens (cashed out).



PokerStars Hand #231100127704:  Hold'em No Limit ($0.01/$0.02 USD) - 2021/11/02 20:48:30 PT [2021/11/02 23:48:30 ET]
Table 'Aspidiske' 9-max Seat #2 is the button
Seat 1: Artmis 33 ($2.30 in chips) 
Seat 2: sofaking1973 ($1.78 in chips) 
Seat 3: VOVCHENKO ($1.43 in chips) 
Seat 4: Antonpervukh ($0.86 in chips) 
Seat 5: Dorex2007 ($2.63 in chips) 
Seat 8: STM32 ($2.14 in chips) 
Seat 9: Xdanielo666X ($0.15 in chips) 
VOVCHENKO: posts small blind $0.01
Antonpervukh: posts big blind $0.02
*** HOLE CARDS ***
Dealt to Dorex2007 [As 5c]
Dorex2007: folds 
STM32: folds 
Xdanielo666X: folds 
Artmis 33: folds 
sofaking1973: folds 
VOVCHENKO: calls $0.01
Antonpervukh: checks 
*** FLOP *** [2h 5s 8d]
VOVCHENKO: bets $0.04
Antonpervukh: calls $0.04
*** TURN *** [2h 5s 8d] [9d]
VOVCHENKO: bets $0.12
Antonpervukh: raises $0.12 to $0.24
VOVCHENKO: calls $0.12
*** RIVER *** [2h 5s 8d 9d] [Jd]
VOVCHENKO: checks 
Antonpervukh: checks 
*** SHOW DOWN ***
VOVCHENKO: shows [Qh 8h] (a pair of Eights)
Antonpervukh: mucks hand 
VOVCHENKO collected $0.58 from pot
*** SUMMARY ***
Total pot $0.60 | Rake $0.02 
Board [2h 5s 8d 9d Jd]
Seat 1: Artmis 33 folded before Flop (didn't bet)
Seat 2: sofaking1973 (button) folded before Flop (didn't bet)
Seat 3: VOVCHENKO (small blind) showed [Qh 8h] and won ($0.58) with a pair of Eights
Seat 4: Antonpervukh (big blind) mucked [5d Tc]
Seat 5: Dorex2007 folded before Flop (didn't bet)
Seat 8: STM32 folded before Flop (didn't bet)
Seat 9: Xdanielo666X folded before Flop (didn't bet)



PokerStars Hand #231100132455:  Hold'em No Limit ($0.01/$0.02 USD) - 2021/11/02 20:49:01 PT [2021/11/02 23:49:01 ET]
Table 'Aspidiske' 9-max Seat #3 is the button
Seat 1: Artmis 33 ($2.30 in chips) 
Seat 2: sofaking1973 ($1.78 in chips) 
Seat 3: VOVCHENKO ($1.71 in chips) 
Seat 4: Antonpervukh ($0.56 in chips) 
Seat 5: Dorex2007 ($2.63 in chips) 
Seat 6: fredy2248 ($1.08 in chips) 
Seat 8: STM32 ($2.14 in chips) 
Seat 9: Xdanielo666X ($0.15 in chips) 
Antonpervukh: posts small blind $0.01
Dorex2007: posts big blind $0.02
*** HOLE CARDS ***
Dealt to Dorex2007 [Jh 8s]
fredy2248: folds 
STM32: folds 
Xdanielo666X: calls $0.02
Artmis 33: folds 
sofaking1973: raises $0.02 to $0.04
VOVCHENKO: folds 
Antonpervukh: folds 
Dorex2007: folds 
Xdanielo666X: calls $0.02
*** FLOP *** [Tc 4c 2d]
Xdanielo666X: bets $0.11 and is all-in
sofaking1973: calls $0.11
*** TURN *** [Tc 4c 2d] [2s]
*** RIVER *** [Tc 4c 2d 2s] [2c]
*** SHOW DOWN ***
Xdanielo666X: shows [Td Js] (a full house, Deuces full of Tens)
sofaking1973: shows [As 9d] (three of a kind, Deuces)
Xdanielo666X collected $0.32 from pot
*** SUMMARY ***
Total pot $0.33 | Rake $0.01 
Board [Tc 4c 2d 2s 2c]
Seat 1: Artmis 33 folded before Flop (didn't bet)
Seat 2: sofaking1973 showed [As 9d] and lost with three of a kind, Deuces
Seat 3: VOVCHENKO (button) folded before Flop (didn't bet)
Seat 4: Antonpervukh (small blind) folded before Flop
Seat 5: Dorex2007 (big blind) folded before Flop
Seat 6: fredy2248 folded before Flop (didn't bet)
Seat 8: STM32 folded before Flop (didn't bet)
Seat 9: Xdanielo666X showed [Td Js] and won ($0.32) with a full house, Deuces full of Tens



PokerStars Hand #231100138302:  Hold'em No Limit ($0.01/$0.02 USD) - 2021/11/02 20:49:38 PT [2021/11/02 23:49:38 ET]
Table 'Aspidiske' 9-max Seat #4 is the button
Seat 1: Artmis 33 ($2.30 in chips) 
Seat 2: sofaking1973 ($1.63 in chips) 
Seat 3: VOVCHENKO ($1.71 in chips) 
Seat 4: Antonpervukh ($0.55 in chips) 
Seat 5: Dorex2007 ($2.61 in chips) 
Seat 6: fredy2248 ($1.08 in chips) 
Seat 8: STM32 ($2.14 in chips) 
Seat 9: Xdanielo666X ($0.32 in chips) 
CJASS1488 joins the table at seat #7 
Dorex2007: posts small blind $0.01
fredy2248: posts big blind $0.02
*** HOLE CARDS ***
Dealt to Dorex2007 [7h 3d]
STM32: raises $0.04 to $0.06
Xdanielo666X: folds 
Artmis 33: calls $0.06
sofaking1973: calls $0.06
VOVCHENKO: folds 
Antonpervukh: folds 
Dorex2007: folds 
fredy2248: calls $0.04
*** FLOP *** [7d 4d 5s]
fredy2248: checks 
STM32: checks 
Artmis 33: bets $0.12
sofaking1973: folds 
sofaking1973 leaves the table
fredy2248: folds 
STM32: folds 
Uncalled bet ($0.12) returned to Artmis 33
Artmis 33 collected $0.24 from pot
Artmis 33: doesn't show hand 
*** SUMMARY ***
Total pot $0.25 | Rake $0.01 
Board [7d 4d 5s]
Seat 1: Artmis 33 collected ($0.24)
Seat 2: sofaking1973 folded on the Flop
Seat 3: VOVCHENKO folded before Flop (didn't bet)
Seat 4: Antonpervukh (button) folded before Flop (didn't bet)
Seat 5: Dorex2007 (small blind) folded before Flop
Seat 6: fredy2248 (big blind) folded on the Flop
Seat 8: STM32 folded on the Flop
Seat 9: Xdanielo666X folded before Flop (didn't bet)



PokerStars Hand #231100145600:  Hold'em No Limit ($0.01/$0.02 USD) - 2021/11/02 20:50:24 PT [2021/11/02 23:50:24 ET]
Table 'Aspidiske' 9-max Seat #5 is the button
Seat 1: Artmis 33 ($2.48 in chips) 
Seat 3: VOVCHENKO ($1.71 in chips) 
Seat 4: Antonpervukh ($0.99 in chips) 
Seat 5: Dorex2007 ($2.60 in chips) 
Seat 6: fredy2248 ($1.02 in chips) 
Seat 7: CJASS1488 ($1.60 in chips) 
Seat 8: STM32 ($2.08 in chips) 
Seat 9: Xdanielo666X ($0.32 in chips) 
fredy2248: posts small blind $0.01
CJASS1488: posts big blind $0.02
*** HOLE CARDS ***
Dealt to Dorex2007 [8d 7c]
STM32: folds 
Xdanielo666X: folds 
Artmis 33: folds 
VOVCHENKO: folds 
Antonpervukh: raises $0.04 to $0.06
Dorex2007: folds 
fredy2248: folds 
CJASS1488: folds 
Uncalled bet ($0.04) returned to Antonpervukh
Antonpervukh collected $0.05 from pot
Antonpervukh: doesn't show hand 
*** SUMMARY ***
Total pot $0.05 | Rake $0 
Seat 1: Artmis 33 folded before Flop (didn't bet)
Seat 3: VOVCHENKO folded before Flop (didn't bet)
Seat 4: Antonpervukh collected ($0.05)
Seat 5: Dorex2007 (button) folded before Flop (didn't bet)
Seat 6: fredy2248 (small blind) folded before Flop
Seat 7: CJASS1488 (big blind) folded before Flop
Seat 8: STM32 folded before Flop (didn't bet)
Seat 9: Xdanielo666X folded before Flop (didn't bet)



PokerStars Hand #231100149981:  Hold'em No Limit ($0.01/$0.02 USD) - 2021/11/02 20:50:52 PT [2021/11/02 23:50:52 ET]
Table 'Aspidiske' 9-max Seat #6 is the button
Seat 1: Artmis 33 ($2.48 in chips) 
Seat 3: VOVCHENKO ($1.71 in chips) 
Seat 4: Antonpervukh ($1.02 in chips) 
Seat 5: Dorex2007 ($2.60 in chips) 
Seat 6: fredy2248 ($1.01 in chips) 
Seat 7: CJASS1488 ($1.58 in chips) 
Seat 8: STM32 ($2.08 in chips) 
Seat 9: Xdanielo666X ($0.32 in chips) 
CJASS1488: posts small blind $0.01
STM32: posts big blind $0.02
*** HOLE CARDS ***
Dealt to Dorex2007 [Qd 6c]
paubranco13 joins the table at seat #2 
Xdanielo666X has timed out
Xdanielo666X: folds 
Artmis 33: folds 
VOVCHENKO: folds 
Antonpervukh: folds 
Dorex2007: folds 
fredy2248: raises $0.02 to $0.04
CJASS1488: folds 
STM32: calls $0.02
*** FLOP *** [9c 3s Ks]
STM32: checks 
fredy2248: checks 
*** TURN *** [9c 3s Ks] [2s]
STM32: bets $0.04
fredy2248: calls $0.04
*** RIVER *** [9c 3s Ks 2s] [2d]
STM32: bets $0.12
fredy2248: folds 
Uncalled bet ($0.12) returned to STM32
STM32 collected $0.16 from pot
STM32: doesn't show hand 
*** SUMMARY ***
Total pot $0.17 | Rake $0.01 
Board [9c 3s Ks 2s 2d]
Seat 1: Artmis 33 folded before Flop (didn't bet)
Seat 3: VOVCHENKO folded before Flop (didn't bet)
Seat 4: Antonpervukh folded before Flop (didn't bet)
Seat 5: Dorex2007 folded before Flop (didn't bet)
Seat 6: fredy2248 (button) folded on the River
Seat 7: CJASS1488 (small blind) folded before Flop
Seat 8: STM32 (big blind) collected ($0.16)
Seat 9: Xdanielo666X folded before Flop (didn't bet)



PokerStars Hand #231100159567:  Hold'em No Limit ($0.01/$0.02 USD) - 2021/11/02 20:51:53 PT [2021/11/02 23:51:53 ET]
Table 'Aspidiske' 9-max Seat #7 is the button
Seat 1: Artmis 33 ($2.48 in chips) 
Seat 3: VOVCHENKO ($1.71 in chips) 
Seat 4: Antonpervukh ($1.02 in chips) 
Seat 5: Dorex2007 ($2.60 in chips) 
Seat 6: fredy2248 ($0.93 in chips) 
Seat 7: CJASS1488 ($1.57 in chips) 
Seat 8: STM32 ($2.16 in chips) 
Seat 9: Xdanielo666X ($0.32 in chips) 
STM32: posts small blind $0.01
Xdanielo666X: posts big blind $0.02
paubranco13: sits out 
*** HOLE CARDS ***
Dealt to Dorex2007 [4c 2c]
Artmis 33 has timed out
Artmis 33: folds 
VOVCHENKO: folds 
Antonpervukh is disconnected 
Antonpervukh has timed out while disconnected
Antonpervukh: folds 
Dorex2007: folds 
fredy2248: folds 
CJASS1488: folds 
STM32: calls $0.01
Xdanielo666X: checks 
*** FLOP *** [Ts Kc 4d]
STM32: checks 
Xdanielo666X: checks 
*** TURN *** [Ts Kc 4d] [3c]
STM32: bets $0.03
Xdanielo666X: calls $0.03
*** RIVER *** [Ts Kc 4d 3c] [6c]
STM32: bets $0.04
Xdanielo666X: calls $0.04
*** SHOW DOWN ***
STM32: shows [3s 4h] (two pair, Fours and Threes)
Xdanielo666X: mucks hand 
STM32 collected $0.17 from pot
*** SUMMARY ***
Total pot $0.18 | Rake $0.01 
Board [Ts Kc 4d 3c 6c]
Seat 1: Artmis 33 folded before Flop (didn't bet)
Seat 3: VOVCHENKO folded before Flop (didn't bet)
Seat 4: Antonpervukh folded before Flop (didn't bet)
Seat 5: Dorex2007 folded before Flop (didn't bet)
Seat 6: fredy2248 folded before Flop (didn't bet)
Seat 7: CJASS1488 (button) folded before Flop (didn't bet)
Seat 8: STM32 (small blind) showed [3s 4h] and won ($0.17) with two pair, Fours and Threes
Seat 9: Xdanielo666X (big blind) mucked [5h Th]



PokerStars Hand #231100180928:  Hold'em No Limit ($0.01/$0.02 USD) - 2021/11/02 20:53:27 PT [2021/11/02 23:53:27 ET]
Table 'Aspidiske' 9-max Seat #8 is the button
Seat 1: Artmis 33 ($2.48 in chips) 
Seat 2: paubranco13 ($0.80 in chips) 
Seat 3: VOVCHENKO ($1.71 in chips) 
Seat 4: Antonpervukh ($1.02 in chips) 
Seat 5: Dorex2007 ($2.60 in chips) 
Seat 6: fredy2248 ($1.25 in chips) 
Seat 7: CJASS1488 ($1.57 in chips) 
Seat 8: STM32 ($2.24 in chips) 
Seat 9: Xdanielo666X ($0.23 in chips) 
Xdanielo666X: posts small blind $0.01
Artmis 33: posts big blind $0.02
paubranco13: posts big blind $0.02
*** HOLE CARDS ***
Dealt to Dorex2007 [7d 6s]
paubranco13: checks 
VOVCHENKO: raises $0.08 to $0.10
Antonpervukh: folds 
Dorex2007: folds 
fredy2248: folds 
CJASS1488: folds 
STM32: folds 
Xdanielo666X: folds 
Artmis 33: folds 
paubranco13: calls $0.08
*** FLOP *** [Qc 8h Ks]
paubranco13: checks 
VOVCHENKO: bets $0.11
paubranco13: folds 
Uncalled bet ($0.11) returned to VOVCHENKO
VOVCHENKO collected $0.22 from pot
VOVCHENKO: doesn't show hand 
*** SUMMARY ***
Total pot $0.23 | Rake $0.01 
Board [Qc 8h Ks]
Seat 1: Artmis 33 (big blind) folded before Flop
Seat 2: paubranco13 folded on the Flop
Seat 3: VOVCHENKO collected ($0.22)
Seat 4: Antonpervukh folded before Flop (didn't bet)
Seat 5: Dorex2007 folded before Flop (didn't bet)
Seat 6: fredy2248 folded before Flop (didn't bet)
Seat 7: CJASS1488 folded before Flop (didn't bet)
Seat 8: STM32 (button) folded before Flop (didn't bet)
Seat 9: Xdanielo666X (small blind) folded before Flop



PokerStars Hand #231100185728:  Hold'em No Limit ($0.01/$0.02 USD) - 2021/11/02 20:53:58 PT [2021/11/02 23:53:58 ET]
Table 'Aspidiske' 9-max Seat #9 is the button
Seat 1: Artmis 33 ($2.46 in chips) 
Seat 2: paubranco13 ($0.70 in chips) 
Seat 3: VOVCHENKO ($1.83 in chips) 
Seat 4: Antonpervukh ($1.02 in chips) 
Seat 5: Dorex2007 ($2.60 in chips) 
Seat 6: fredy2248 ($1.25 in chips) 
Seat 7: CJASS1488 ($1.57 in chips) 
Seat 8: STM32 ($2.24 in chips) 
Seat 9: Xdanielo666X ($0.22 in chips) 
Artmis 33: posts small blind $0.01
paubranco13: posts big blind $0.02
*** HOLE CARDS ***
Dealt to Dorex2007 [7c Th]
VOVCHENKO: folds 
Antonpervukh: raises $0.04 to $0.06
Dorex2007: folds 
fredy2248: calls $0.06
CJASS1488: calls $0.06
STM32: folds 
Xdanielo666X: folds 
Artmis 33: folds 
paubranco13: folds 
*** FLOP *** [5s 8h 3d]
Antonpervukh: checks 
fredy2248: checks 
CJASS1488: checks 
*** TURN *** [5s 8h 3d] [As]
Antonpervukh: checks 
fredy2248: checks 
CJASS1488: checks 
*** RIVER *** [5s 8h 3d As] [5c]
Antonpervukh: checks 
fredy2248: checks 
CJASS1488: checks 
*** SHOW DOWN ***
Antonpervukh: shows [Js Qh] (a pair of Fives)
fredy2248: shows [Jd Qs] (a pair of Fives)
CJASS1488: shows [Qd Jc] (a pair of Fives)
Antonpervukh collected $0.07 from pot
fredy2248 collected $0.07 from pot
CJASS1488 collected $0.06 from pot
*** SUMMARY ***
Total pot $0.21 | Rake $0.01 
Board [5s 8h 3d As 5c]
Seat 1: Artmis 33 (small blind) folded before Flop
Seat 2: paubranco13 (big blind) folded before Flop
Seat 3: VOVCHENKO folded before Flop (didn't bet)
Seat 4: Antonpervukh showed [Js Qh] and won ($0.07) with a pair of Fives
Seat 5: Dorex2007 folded before Flop (didn't bet)
Seat 6: fredy2248 showed [Jd Qs] and won ($0.07) with a pair of Fives
Seat 7: CJASS1488 showed [Qd Jc] and won ($0.06) with a pair of Fives
Seat 8: STM32 folded before Flop (didn't bet)
Seat 9: Xdanielo666X (button) folded before Flop (didn't bet)



PokerStars Hand #231100194193:  Hold'em No Limit ($0.01/$0.02 USD) - 2021/11/02 20:54:52 PT [2021/11/02 23:54:52 ET]
Table 'Aspidiske' 9-max Seat #1 is the button
Seat 1: Artmis 33 ($2.45 in chips) 
Seat 2: paubranco13 ($0.68 in chips) 
Seat 3: VOVCHENKO ($1.83 in chips) 
Seat 4: Antonpervukh ($1.03 in chips) 
Seat 5: Dorex2007 ($2.60 in chips) 
Seat 6: fredy2248 ($1.26 in chips) 
Seat 7: CJASS1488 ($1.57 in chips) 
Seat 8: STM32 ($2.24 in chips) 
Seat 9: Xdanielo666X ($0.22 in chips) 
paubranco13: posts small blind $0.01
VOVCHENKO: posts big blind $0.02
*** HOLE CARDS ***
Dealt to Dorex2007 [Qs 7d]
Antonpervukh: raises $0.06 to $0.08
Dorex2007: folds 
fredy2248: folds 
CJASS1488: folds 
STM32: folds 
Xdanielo666X: calls $0.08
Artmis 33: folds 
paubranco13: calls $0.07
VOVCHENKO: folds 
*** FLOP *** [Js 3s 9s]
paubranco13: checks 
Antonpervukh: bets $0.12
Xdanielo666X: folds 
paubranco13: folds 
Uncalled bet ($0.12) returned to Antonpervukh
Antonpervukh collected $0.25 from pot
Antonpervukh: doesn't show hand 
*** SUMMARY ***
Total pot $0.26 | Rake $0.01 
Board [Js 3s 9s]
Seat 1: Artmis 33 (button) folded before Flop (didn't bet)
Seat 2: paubranco13 (small blind) folded on the Flop
Seat 3: VOVCHENKO (big blind) folded before Flop
Seat 4: Antonpervukh collected ($0.25)
Seat 5: Dorex2007 folded before Flop (didn't bet)
Seat 6: fredy2248 folded before Flop (didn't bet)
Seat 7: CJASS1488 folded before Flop (didn't bet)
Seat 8: STM32 folded before Flop (didn't bet)
Seat 9: Xdanielo666X folded on the Flop



PokerStars Hand #231100198986:  Hold'em No Limit ($0.01/$0.02 USD) - 2021/11/02 20:55:26 PT [2021/11/02 23:55:26 ET]
Table 'Aspidiske' 9-max Seat #2 is the button
Seat 1: Artmis 33 ($2.45 in chips) 
Seat 2: paubranco13 ($0.60 in chips) 
Seat 3: VOVCHENKO ($1.81 in chips) 
Seat 4: Antonpervukh ($1.20 in chips) 
Seat 5: Dorex2007 ($2.60 in chips) 
Seat 6: fredy2248 ($1.26 in chips) 
Seat 7: CJASS1488 ($1.57 in chips) 
Seat 8: STM32 ($2.24 in chips) 
Seat 9: Xdanielo666X ($0.14 in chips) 
VOVCHENKO: posts small blind $0.01
Antonpervukh: posts big blind $0.02
*** HOLE CARDS ***
Dealt to Dorex2007 [3h Td]
Dorex2007: folds 
fredy2248: calls $0.02
CJASS1488: folds 
STM32: folds 
Xdanielo666X: folds 
Artmis 33: raises $0.03 to $0.05
paubranco13: folds 
VOVCHENKO: folds 
Antonpervukh: calls $0.03
fredy2248: calls $0.03
*** FLOP *** [7d Tc Ks]
Antonpervukh: checks 
fredy2248: checks 
Artmis 33: checks 
*** TURN *** [7d Tc Ks] [4c]
Antonpervukh: bets $0.12
fredy2248: folds 
Artmis 33: folds 
Uncalled bet ($0.12) returned to Antonpervukh
Antonpervukh collected $0.15 from pot
Antonpervukh: doesn't show hand 
*** SUMMARY ***
Total pot $0.16 | Rake $0.01 
Board [7d Tc Ks 4c]
Seat 1: Artmis 33 folded on the Turn
Seat 2: paubranco13 (button) folded before Flop (didn't bet)
Seat 3: VOVCHENKO (small blind) folded before Flop
Seat 4: Antonpervukh (big blind) collected ($0.15)
Seat 5: Dorex2007 folded before Flop (didn't bet)
Seat 6: fredy2248 folded on the Turn
Seat 7: CJASS1488 folded before Flop (didn't bet)
Seat 8: STM32 folded before Flop (didn't bet)
Seat 9: Xdanielo666X folded before Flop (didn't bet)



PokerStars Hand #231100208046:  Hold'em No Limit ($0.01/$0.02 USD) - 2021/11/02 20:56:34 PT [2021/11/02 23:56:34 ET]
Table 'Aspidiske' 9-max Seat #3 is the button
Seat 1: Artmis 33 ($2.40 in chips) 
Seat 2: paubranco13 ($0.60 in chips) 
Seat 3: VOVCHENKO ($1.80 in chips) 
Seat 4: Antonpervukh ($1.30 in chips) 
Seat 5: Dorex2007 ($2.60 in chips) 
Seat 6: fredy2248 ($1.21 in chips) 
Seat 7: CJASS1488 ($1.57 in chips) 
Seat 8: STM32 ($2.24 in chips) 
Seat 9: Xdanielo666X ($0.14 in chips) 
Antonpervukh: posts small blind $0.01
Dorex2007: posts big blind $0.02
*** HOLE CARDS ***
Dealt to Dorex2007 [3d Ac]
fredy2248: calls $0.02
CJASS1488: folds 
STM32: folds 
Xdanielo666X: folds 
Artmis 33: folds 
paubranco13: folds 
VOVCHENKO: raises $0.06 to $0.08
Antonpervukh: folds 
Dorex2007: folds 
fredy2248: calls $0.06
*** FLOP *** [8h Jc Kc]
fredy2248: checks 
VOVCHENKO: bets $0.09
fredy2248: raises $0.09 to $0.18
VOVCHENKO: folds 
Uncalled bet ($0.09) returned to fredy2248
fredy2248 collected $0.36 from pot
*** SUMMARY ***
Total pot $0.37 | Rake $0.01 
Board [8h Jc Kc]
Seat 1: Artmis 33 folded before Flop (didn't bet)
Seat 2: paubranco13 folded before Flop (didn't bet)
Seat 3: VOVCHENKO (button) folded on the Flop
Seat 4: Antonpervukh (small blind) folded before Flop
Seat 5: Dorex2007 (big blind) folded before Flop
Seat 6: fredy2248 collected ($0.36)
Seat 7: CJASS1488 folded before Flop (didn't bet)
Seat 8: STM32 folded before Flop (didn't bet)
Seat 9: Xdanielo666X folded before Flop (didn't bet)



PokerStars Hand #231100213057:  Hold'em No Limit ($0.01/$0.02 USD) - 2021/11/02 20:57:13 PT [2021/11/02 23:57:13 ET]
Table 'Aspidiske' 9-max Seat #4 is the button
Seat 1: Artmis 33 ($2.40 in chips) 
Seat 2: paubranco13 ($0.60 in chips) 
Seat 3: VOVCHENKO ($1.63 in chips) 
Seat 4: Antonpervukh ($1.29 in chips) 
Seat 5: Dorex2007 ($2.58 in chips) 
Seat 6: fredy2248 ($1.40 in chips) 
Seat 7: CJASS1488 ($1.57 in chips) 
Seat 8: STM32 ($2.24 in chips) 
Seat 9: Xdanielo666X ($0.14 in chips) 
Dorex2007: posts small blind $0.01
fredy2248: posts big blind $0.02
*** HOLE CARDS ***
Dealt to Dorex2007 [8d 3d]
CJASS1488: folds 
STM32: folds 
Xdanielo666X: folds 
Artmis 33: folds 
paubranco13: folds 
VOVCHENKO: raises $0.06 to $0.08
Antonpervukh: folds 
Dorex2007: folds 
fredy2248: folds 
Uncalled bet ($0.06) returned to VOVCHENKO
VOVCHENKO collected $0.05 from pot
VOVCHENKO: doesn't show hand 
*** SUMMARY ***
Total pot $0.05 | Rake $0 
Seat 1: Artmis 33 folded before Flop (didn't bet)
Seat 2: paubranco13 folded before Flop (didn't bet)
Seat 3: VOVCHENKO collected ($0.05)
Seat 4: Antonpervukh (button) folded before Flop (didn't bet)
Seat 5: Dorex2007 (small blind) folded before Flop
Seat 6: fredy2248 (big blind) folded before Flop
Seat 7: CJASS1488 folded before Flop (didn't bet)
Seat 8: STM32 folded before Flop (didn't bet)
Seat 9: Xdanielo666X folded before Flop (didn't bet)



PokerStars Hand #231100217524:  Hold'em No Limit ($0.01/$0.02 USD) - 2021/11/02 20:57:47 PT [2021/11/02 23:57:47 ET]
Table 'Aspidiske' 9-max Seat #5 is the button
Seat 1: Artmis 33 ($2.40 in chips) 
Seat 2: paubranco13 ($0.60 in chips) 
Seat 3: VOVCHENKO ($1.66 in chips) 
Seat 4: Antonpervukh ($1.29 in chips) 
Seat 5: Dorex2007 ($2.57 in chips) 
Seat 6: fredy2248 ($1.38 in chips) 
Seat 7: CJASS1488 ($1.57 in chips) 
Seat 8: STM32 ($2.24 in chips) 
Seat 9: Xdanielo666X ($0.14 in chips) 
fredy2248: posts small blind $0.01
CJASS1488: posts big blind $0.02
*** HOLE CARDS ***
Dealt to Dorex2007 [6d 4h]
STM32: folds 
Xdanielo666X: raises $0.02 to $0.04
Artmis 33: folds 
paubranco13: folds 
VOVCHENKO: folds 
Antonpervukh: calls $0.04
Dorex2007: folds 
fredy2248: calls $0.03
CJASS1488: calls $0.02
*** FLOP *** [3d Kc 2s]
fredy2248: checks 
CJASS1488: checks 
Xdanielo666X: bets $0.04
Antonpervukh: folds 
fredy2248: folds 
CJASS1488: calls $0.04
*** TURN *** [3d Kc 2s] [3s]
CJASS1488: bets $0.02
Xdanielo666X: calls $0.02
*** RIVER *** [3d Kc 2s 3s] [Ac]
CJASS1488: bets $0.02
Xdanielo666X: raises $0.02 to $0.04 and is all-in
CJASS1488: calls $0.02
*** SHOW DOWN ***
Xdanielo666X: shows [Ts Qc] (a pair of Threes)
CJASS1488: shows [5d As] (two pair, Aces and Threes)
CJASS1488 collected $0.35 from pot
*** SUMMARY ***
Total pot $0.36 | Rake $0.01 
Board [3d Kc 2s 3s Ac]
Seat 1: Artmis 33 folded before Flop (didn't bet)
Seat 2: paubranco13 folded before Flop (didn't bet)
Seat 3: VOVCHENKO folded before Flop (didn't bet)
Seat 4: Antonpervukh folded on the Flop
Seat 5: Dorex2007 (button) folded before Flop (didn't bet)
Seat 6: fredy2248 (small blind) folded on the Flop
Seat 7: CJASS1488 (big blind) showed [5d As] and won ($0.35) with two pair, Aces and Threes
Seat 8: STM32 folded before Flop (didn't bet)
Seat 9: Xdanielo666X showed [Ts Qc] and lost with a pair of Threes



PokerStars Hand #231100228726:  Hold'em No Limit ($0.01/$0.02 USD) - 2021/11/02 20:59:13 PT [2021/11/02 23:59:13 ET]
Table 'Aspidiske' 9-max Seat #6 is the button
Seat 1: Artmis 33 ($2.40 in chips) 
Seat 2: paubranco13 ($0.60 in chips) 
Seat 3: VOVCHENKO ($1.66 in chips) 
Seat 4: Antonpervukh ($1.25 in chips) 
Seat 5: Dorex2007 ($2.57 in chips) 
Seat 6: fredy2248 ($1.34 in chips) 
Seat 7: CJASS1488 ($1.78 in chips) 
CJASS1488: posts small blind $0.01
Artmis 33: posts big blind $0.02
*** HOLE CARDS ***
Dealt to Dorex2007 [8s 5h]
paubranco13: folds 
Xdanielo666X leaves the table
VOVCHENKO: folds 
Antonpervukh: folds 
Dorex2007: folds 
fredy2248: raises $0.02 to $0.04
CJASS1488: folds 
Artmis 33: raises $0.06 to $0.10
fredy2248: folds 
Uncalled bet ($0.06) returned to Artmis 33
Artmis 33 collected $0.09 from pot
*** SUMMARY ***
Total pot $0.09 | Rake $0 
Seat 1: Artmis 33 (big blind) collected ($0.09)
Seat 2: paubranco13 folded before Flop (didn't bet)
Seat 3: VOVCHENKO folded before Flop (didn't bet)
Seat 4: Antonpervukh folded before Flop (didn't bet)
Seat 5: Dorex2007 folded before Flop (didn't bet)
Seat 6: fredy2248 (button) folded before Flop
Seat 7: CJASS1488 (small blind) folded before Flop



PokerStars Hand #231100232419:  Hold'em No Limit ($0.01/$0.02 USD) - 2021/11/02 20:59:42 PT [2021/11/02 23:59:42 ET]
Table 'Aspidiske' 9-max Seat #7 is the button
Seat 1: Artmis 33 ($2.45 in chips) 
Seat 2: paubranco13 ($0.60 in chips) 
Seat 3: VOVCHENKO ($1.66 in chips) 
Seat 4: Antonpervukh ($1.25 in chips) 
Seat 5: Dorex2007 ($2.57 in chips) 
Seat 6: fredy2248 ($1.30 in chips) 
Seat 7: CJASS1488 ($1.77 in chips) 
Artmis 33: posts small blind $0.01
paubranco13: posts big blind $0.02
*** HOLE CARDS ***
Dealt to Dorex2007 [Jc 6h]
VOVCHENKO: folds 
Antonpervukh: folds 
Dorex2007: folds 
fredy2248: calls $0.02
CJASS1488: calls $0.02
Artmis 33: folds 
paubranco13: checks 
*** FLOP *** [Tc 6s 4h]
paubranco13: checks 
fredy2248: checks 
CJASS1488: checks 
*** TURN *** [Tc 6s 4h] [3s]
paubranco13: bets $0.07
fredy2248: calls $0.07
CJASS1488: folds 
*** RIVER *** [Tc 6s 4h 3s] [7c]
paubranco13: bets $0.20
fredy2248: folds 
Uncalled bet ($0.20) returned to paubranco13
paubranco13 collected $0.20 from pot
*** SUMMARY ***
Total pot $0.21 | Rake $0.01 
Board [Tc 6s 4h 3s 7c]
Seat 1: Artmis 33 (small blind) folded before Flop
Seat 2: paubranco13 (big blind) collected ($0.20)
Seat 3: VOVCHENKO folded before Flop (didn't bet)
Seat 4: Antonpervukh folded before Flop (didn't bet)
Seat 5: Dorex2007 folded before Flop (didn't bet)
Seat 6: fredy2248 folded on the River
Seat 7: CJASS1488 (button) folded on the Turn



