PokerStars Hand #229840667268:  Hold'em No Limit ($0.01/$0.02 USD) - 2021/09/14 0:08:12 PT [2021/09/14 3:08:12 ET]
Table 'Prieska II' 9-max Seat #9 is the button
Seat 1: VVValeriy11 ($1.69 in chips) 
Seat 2: KamKsen ($2.03 in chips) 
Seat 3: mesquitagpa ($2.73 in chips) 
Seat 4: pleasenono ($1.67 in chips) 
Seat 5: nadokesh ($2.03 in chips) 
Seat 6: Dorex2007 ($2 in chips) 
Seat 7: Sclavor ($3.63 in chips) 
Seat 8: jameja ($2.90 in chips) 
Seat 9: tomashovka55 ($2.03 in chips) 
VVValeriy11: posts small blind $0.01
KamKsen: posts big blind $0.02
Dorex2007: posts big blind $0.02
*** HOLE CARDS ***
Dealt to Dorex2007 [Jh 7h]
mesquitagpa: folds 
pleasenono: folds 
nadokesh: folds 
Dorex2007: checks 
Sclavor: folds 
jameja: folds 
tomashovka55: raises $0.04 to $0.06
VVValeriy11: folds 
KamKsen: folds 
Dorex2007: folds 
Uncalled bet ($0.04) returned to tomashovka55
tomashovka55 collected $0.07 from pot
*** SUMMARY ***
Total pot $0.07 | Rake $0 
Seat 1: VVValeriy11 (small blind) folded before Flop
Seat 2: KamKsen (big blind) folded before Flop
Seat 3: mesquitagpa folded before Flop (didn't bet)
Seat 4: pleasenono folded before Flop (didn't bet)
Seat 5: nadokesh folded before Flop (didn't bet)
Seat 6: Dorex2007 folded before Flop (didn't bet)
Seat 7: Sclavor folded before Flop (didn't bet)
Seat 8: jameja folded before Flop (didn't bet)
Seat 9: tomashovka55 (button) collected ($0.07)



PokerStars Hand #229840671942:  Hold'em No Limit ($0.01/$0.02 USD) - 2021/09/14 0:08:45 PT [2021/09/14 3:08:45 ET]
Table 'Prieska II' 9-max Seat #1 is the button
Seat 1: VVValeriy11 ($1.68 in chips) 
Seat 2: KamKsen ($2.01 in chips) 
Seat 3: mesquitagpa ($2.73 in chips) 
Seat 4: pleasenono ($1.67 in chips) 
Seat 5: nadokesh ($2.03 in chips) 
Seat 6: Dorex2007 ($1.98 in chips) 
Seat 7: Sclavor ($3.63 in chips) 
Seat 8: jameja ($2.90 in chips) 
Seat 9: tomashovka55 ($2.08 in chips) 
KamKsen: posts small blind $0.01
mesquitagpa: posts big blind $0.02
*** HOLE CARDS ***
Dealt to Dorex2007 [6d 3d]
pleasenono has timed out
pleasenono: folds 
nadokesh: folds 
Dorex2007: folds 
Sclavor: folds 
jameja: folds 
tomashovka55: folds 
VVValeriy11: folds 
KamKsen: raises $0.04 to $0.06
mesquitagpa: calls $0.04
*** FLOP *** [9d 9s Jc]
KamKsen: bets $0.06
mesquitagpa: calls $0.06
*** TURN *** [9d 9s Jc] [Ah]
KamKsen: bets $0.12
mesquitagpa: folds 
Uncalled bet ($0.12) returned to KamKsen
KamKsen collected $0.23 from pot
*** SUMMARY ***
Total pot $0.24 | Rake $0.01 
Board [9d 9s Jc Ah]
Seat 1: VVValeriy11 (button) folded before Flop (didn't bet)
Seat 2: KamKsen (small blind) collected ($0.23)
Seat 3: mesquitagpa (big blind) folded on the Turn
Seat 4: pleasenono folded before Flop (didn't bet)
Seat 5: nadokesh folded before Flop (didn't bet)
Seat 6: Dorex2007 folded before Flop (didn't bet)
Seat 7: Sclavor folded before Flop (didn't bet)
Seat 8: jameja folded before Flop (didn't bet)
Seat 9: tomashovka55 folded before Flop (didn't bet)



PokerStars Hand #229840678404:  Hold'em No Limit ($0.01/$0.02 USD) - 2021/09/14 0:09:30 PT [2021/09/14 3:09:30 ET]
Table 'Prieska II' 9-max Seat #2 is the button
Seat 1: VVValeriy11 ($1.68 in chips) 
Seat 2: KamKsen ($2.12 in chips) 
Seat 3: mesquitagpa ($2.61 in chips) 
Seat 5: nadokesh ($2.03 in chips) 
Seat 6: Dorex2007 ($1.98 in chips) 
Seat 7: Sclavor ($3.63 in chips) 
Seat 8: jameja ($2.90 in chips) 
Seat 9: tomashovka55 ($2.08 in chips) 
mesquitagpa: posts small blind $0.01
nadokesh: posts big blind $0.02
*** HOLE CARDS ***
Dealt to Dorex2007 [8h Th]
Dorex2007: folds 
Sclavor: folds 
jameja: folds 
tomashovka55: folds 
VVValeriy11: folds 
KamKsen: folds 
mesquitagpa: folds 
Uncalled bet ($0.01) returned to nadokesh
nadokesh collected $0.02 from pot
nadokesh: doesn't show hand 
*** SUMMARY ***
Total pot $0.02 | Rake $0 
Seat 1: VVValeriy11 folded before Flop (didn't bet)
Seat 2: KamKsen (button) folded before Flop (didn't bet)
Seat 3: mesquitagpa (small blind) folded before Flop
Seat 5: nadokesh (big blind) collected ($0.02)
Seat 6: Dorex2007 folded before Flop (didn't bet)
Seat 7: Sclavor folded before Flop (didn't bet)
Seat 8: jameja folded before Flop (didn't bet)
Seat 9: tomashovka55 folded before Flop (didn't bet)



PokerStars Hand #229840680186:  Hold'em No Limit ($0.01/$0.02 USD) - 2021/09/14 0:09:43 PT [2021/09/14 3:09:43 ET]
Table 'Prieska II' 9-max Seat #3 is the button
Seat 1: VVValeriy11 ($1.68 in chips) 
Seat 2: KamKsen ($2.12 in chips) 
Seat 3: mesquitagpa ($2.60 in chips) 
Seat 5: nadokesh ($2.04 in chips) 
Seat 6: Dorex2007 ($1.98 in chips) 
Seat 7: Sclavor ($3.63 in chips) 
Seat 8: jameja ($2.90 in chips) 
Seat 9: tomashovka55 ($2.08 in chips) 
nadokesh: posts small blind $0.01
Dorex2007: posts big blind $0.02
*** HOLE CARDS ***
Dealt to Dorex2007 [Tc 4c]
Sclavor: folds 
jameja: folds 
tomashovka55: folds 
VVValeriy11: folds 
KamKsen: raises $0.04 to $0.06
mesquitagpa: folds 
nadokesh: folds 
Dorex2007: folds 
Uncalled bet ($0.04) returned to KamKsen
KamKsen collected $0.05 from pot
*** SUMMARY ***
Total pot $0.05 | Rake $0 
Seat 1: VVValeriy11 folded before Flop (didn't bet)
Seat 2: KamKsen collected ($0.05)
Seat 3: mesquitagpa (button) folded before Flop (didn't bet)
Seat 5: nadokesh (small blind) folded before Flop
Seat 6: Dorex2007 (big blind) folded before Flop
Seat 7: Sclavor folded before Flop (didn't bet)
Seat 8: jameja folded before Flop (didn't bet)
Seat 9: tomashovka55 folded before Flop (didn't bet)



PokerStars Hand #229840682123:  Hold'em No Limit ($0.01/$0.02 USD) - 2021/09/14 0:09:56 PT [2021/09/14 3:09:56 ET]
Table 'Prieska II' 9-max Seat #5 is the button
Seat 1: VVValeriy11 ($1.68 in chips) 
Seat 2: KamKsen ($2.15 in chips) 
Seat 3: mesquitagpa ($2.60 in chips) 
Seat 5: nadokesh ($2.03 in chips) 
Seat 6: Dorex2007 ($1.96 in chips) 
Seat 7: Sclavor ($3.63 in chips) 
Seat 8: jameja ($2.90 in chips) 
Seat 9: tomashovka55 ($2.08 in chips) 
Dorex2007: posts small blind $0.01
Sclavor: posts big blind $0.02
*** HOLE CARDS ***
Dealt to Dorex2007 [Kd 2d]
jameja: folds 
tomashovka55: folds 
VVValeriy11: folds 
KamKsen: raises $0.04 to $0.06
mesquitagpa: calls $0.06
nadokesh: folds 
Dorex2007: folds 
Sclavor: folds 
*** FLOP *** [5d 3h 3d]
KamKsen: bets $0.07
mesquitagpa: folds 
Uncalled bet ($0.07) returned to KamKsen
KamKsen collected $0.14 from pot
*** SUMMARY ***
Total pot $0.15 | Rake $0.01 
Board [5d 3h 3d]
Seat 1: VVValeriy11 folded before Flop (didn't bet)
Seat 2: KamKsen collected ($0.14)
Seat 3: mesquitagpa folded on the Flop
Seat 5: nadokesh (button) folded before Flop (didn't bet)
Seat 6: Dorex2007 (small blind) folded before Flop
Seat 7: Sclavor (big blind) folded before Flop
Seat 8: jameja folded before Flop (didn't bet)
Seat 9: tomashovka55 folded before Flop (didn't bet)



PokerStars Hand #229840687050:  Hold'em No Limit ($0.01/$0.02 USD) - 2021/09/14 0:10:30 PT [2021/09/14 3:10:30 ET]
Table 'Prieska II' 9-max Seat #6 is the button
Seat 1: VVValeriy11 ($1.68 in chips) 
Seat 2: KamKsen ($2.23 in chips) 
Seat 3: mesquitagpa ($2.54 in chips) 
Seat 5: nadokesh ($2.03 in chips) 
Seat 6: Dorex2007 ($1.95 in chips) 
Seat 7: Sclavor ($3.61 in chips) 
Seat 8: jameja ($2.90 in chips) 
Seat 9: tomashovka55 ($2.08 in chips) 
Sclavor: posts small blind $0.01
jameja: posts big blind $0.02
*** HOLE CARDS ***
Dealt to Dorex2007 [8s 7d]
tomashovka55: folds 
VVValeriy11: folds 
KamKsen: folds 
mesquitagpa: folds 
nadokesh: folds 
Dorex2007: folds 
Sclavor: folds 
Uncalled bet ($0.01) returned to jameja
jameja collected $0.02 from pot
jameja: doesn't show hand 
*** SUMMARY ***
Total pot $0.02 | Rake $0 
Seat 1: VVValeriy11 folded before Flop (didn't bet)
Seat 2: KamKsen folded before Flop (didn't bet)
Seat 3: mesquitagpa folded before Flop (didn't bet)
Seat 5: nadokesh folded before Flop (didn't bet)
Seat 6: Dorex2007 (button) folded before Flop (didn't bet)
Seat 7: Sclavor (small blind) folded before Flop
Seat 8: jameja (big blind) collected ($0.02)
Seat 9: tomashovka55 folded before Flop (didn't bet)



PokerStars Hand #229840688803:  Hold'em No Limit ($0.01/$0.02 USD) - 2021/09/14 0:10:41 PT [2021/09/14 3:10:41 ET]
Table 'Prieska II' 9-max Seat #7 is the button
Seat 1: VVValeriy11 ($1.68 in chips) 
Seat 2: KamKsen ($2.23 in chips) 
Seat 3: mesquitagpa ($2.54 in chips) 
Seat 5: nadokesh ($2.03 in chips) 
Seat 6: Dorex2007 ($1.95 in chips) 
Seat 7: Sclavor ($3.60 in chips) 
Seat 8: jameja ($2.91 in chips) 
jameja: posts small blind $0.01
VVValeriy11: posts big blind $0.02
pleasenono: sits out 
*** HOLE CARDS ***
Dealt to Dorex2007 [Ac 8c]
KamKsen has timed out
KamKsen: folds 
mesquitagpa: folds 
nadokesh: raises $0.03 to $0.05
Dorex2007: calls $0.05
Sclavor: folds 
jameja: folds 
VVValeriy11: folds 
*** FLOP *** [5d 6s Ah]
nadokesh: checks 
Dorex2007: bets $0.13
nadokesh: folds 
Uncalled bet ($0.13) returned to Dorex2007
Dorex2007 collected $0.13 from pot
Dorex2007: doesn't show hand 
*** SUMMARY ***
Total pot $0.13 | Rake $0 
Board [5d 6s Ah]
Seat 1: VVValeriy11 (big blind) folded before Flop
Seat 2: KamKsen folded before Flop (didn't bet)
Seat 3: mesquitagpa folded before Flop (didn't bet)
Seat 5: nadokesh folded on the Flop
Seat 6: Dorex2007 collected ($0.13)
Seat 7: Sclavor (button) folded before Flop (didn't bet)
Seat 8: jameja (small blind) folded before Flop



PokerStars Hand #229840694073:  Hold'em No Limit ($0.01/$0.02 USD) - 2021/09/14 0:11:18 PT [2021/09/14 3:11:18 ET]
Table 'Prieska II' 9-max Seat #8 is the button
Seat 1: VVValeriy11 ($1.66 in chips) 
Seat 2: KamKsen ($2.23 in chips) 
Seat 3: mesquitagpa ($2.54 in chips) 
Seat 5: nadokesh ($2 in chips) 
Seat 6: Dorex2007 ($2.03 in chips) 
Seat 7: Sclavor ($3.60 in chips) 
Seat 8: jameja ($2.90 in chips) 
VVValeriy11: posts small blind $0.01
KamKsen: posts big blind $0.02
pleasenono: sits out 
*** HOLE CARDS ***
Dealt to Dorex2007 [3c Ac]
mesquitagpa: folds 
nadokesh: folds 
Dorex2007: raises $0.02 to $0.04
Sclavor: folds 
jameja: folds 
VVValeriy11: folds 
KamKsen: folds 
Uncalled bet ($0.02) returned to Dorex2007
Dorex2007 collected $0.05 from pot
Dorex2007: doesn't show hand 
*** SUMMARY ***
Total pot $0.05 | Rake $0 
Seat 1: VVValeriy11 (small blind) folded before Flop
Seat 2: KamKsen (big blind) folded before Flop
Seat 3: mesquitagpa folded before Flop (didn't bet)
Seat 5: nadokesh folded before Flop (didn't bet)
Seat 6: Dorex2007 collected ($0.05)
Seat 7: Sclavor folded before Flop (didn't bet)
Seat 8: jameja (button) folded before Flop (didn't bet)



PokerStars Hand #229840696317:  Hold'em No Limit ($0.01/$0.02 USD) - 2021/09/14 0:11:33 PT [2021/09/14 3:11:33 ET]
Table 'Prieska II' 9-max Seat #1 is the button
Seat 1: VVValeriy11 ($1.65 in chips) 
Seat 2: KamKsen ($2.21 in chips) 
Seat 3: mesquitagpa ($2.54 in chips) 
Seat 5: nadokesh ($2 in chips) 
Seat 6: Dorex2007 ($2.06 in chips) 
Seat 7: Sclavor ($3.60 in chips) 
Seat 8: jameja ($2.90 in chips) 
KamKsen: posts small blind $0.01
mesquitagpa: posts big blind $0.02
pleasenono: sits out 
*** HOLE CARDS ***
Dealt to Dorex2007 [4c 5d]
nadokesh: folds 
Dorex2007: folds 
Sclavor: folds 
jameja: calls $0.02
VVValeriy11: folds 
KamKsen: folds 
mesquitagpa: checks 
*** FLOP *** [8c 9h Ts]
mesquitagpa: checks 
jameja: checks 
*** TURN *** [8c 9h Ts] [3h]
mesquitagpa: bets $0.04
jameja: calls $0.04
*** RIVER *** [8c 9h Ts 3h] [3c]
mesquitagpa: checks 
jameja: checks 
*** SHOW DOWN ***
mesquitagpa: shows [Kd 8d] (two pair, Eights and Threes)
jameja: mucks hand 
mesquitagpa collected $0.13 from pot
*** SUMMARY ***
Total pot $0.13 | Rake $0 
Board [8c 9h Ts 3h 3c]
Seat 1: VVValeriy11 (button) folded before Flop (didn't bet)
Seat 2: KamKsen (small blind) folded before Flop
Seat 3: mesquitagpa (big blind) showed [Kd 8d] and won ($0.13) with two pair, Eights and Threes
Seat 5: nadokesh folded before Flop (didn't bet)
Seat 6: Dorex2007 folded before Flop (didn't bet)
Seat 7: Sclavor folded before Flop (didn't bet)
Seat 8: jameja mucked [Ks Ac]



PokerStars Hand #229840701303:  Hold'em No Limit ($0.01/$0.02 USD) - 2021/09/14 0:12:07 PT [2021/09/14 3:12:07 ET]
Table 'Prieska II' 9-max Seat #2 is the button
Seat 1: VVValeriy11 ($1.65 in chips) 
Seat 2: KamKsen ($2.20 in chips) 
Seat 3: mesquitagpa ($2.61 in chips) 
Seat 4: pleasenono ($1.67 in chips) 
Seat 5: nadokesh ($2 in chips) 
Seat 6: Dorex2007 ($2.06 in chips) 
Seat 7: Sclavor ($3.60 in chips) 
Seat 8: jameja ($2.84 in chips) 
mesquitagpa: posts small blind $0.01
pleasenono: posts big blind $0.02
*** HOLE CARDS ***
Dealt to Dorex2007 [9d Kc]
nadokesh: raises $0.03 to $0.05
Dorex2007: folds 
Sclavor: folds 
jameja: folds 
VVValeriy11: folds 
KamKsen: folds 
mesquitagpa: folds 
pleasenono: folds 
Uncalled bet ($0.03) returned to nadokesh
nadokesh collected $0.05 from pot
nadokesh: doesn't show hand 
*** SUMMARY ***
Total pot $0.05 | Rake $0 
Seat 1: VVValeriy11 folded before Flop (didn't bet)
Seat 2: KamKsen (button) folded before Flop (didn't bet)
Seat 3: mesquitagpa (small blind) folded before Flop
Seat 4: pleasenono (big blind) folded before Flop
Seat 5: nadokesh collected ($0.05)
Seat 6: Dorex2007 folded before Flop (didn't bet)
Seat 7: Sclavor folded before Flop (didn't bet)
Seat 8: jameja folded before Flop (didn't bet)



PokerStars Hand #229840704853:  Hold'em No Limit ($0.01/$0.02 USD) - 2021/09/14 0:12:32 PT [2021/09/14 3:12:32 ET]
Table 'Prieska II' 9-max Seat #3 is the button
Seat 1: VVValeriy11 ($1.65 in chips) 
Seat 2: KamKsen ($2.20 in chips) 
Seat 3: mesquitagpa ($2.60 in chips) 
Seat 4: pleasenono ($1.65 in chips) 
Seat 5: nadokesh ($2.03 in chips) 
Seat 6: Dorex2007 ($2.06 in chips) 
Seat 7: Sclavor ($3.60 in chips) 
Seat 8: jameja ($2.84 in chips) 
pleasenono: posts small blind $0.01
nadokesh: posts big blind $0.02
*** HOLE CARDS ***
Dealt to Dorex2007 [6c 3c]
Dorex2007: folds 
Sclavor: folds 
jameja: folds 
VVValeriy11: folds 
KamKsen: folds 
mesquitagpa: raises $0.02 to $0.04
pleasenono: folds 
nadokesh: folds 
Uncalled bet ($0.02) returned to mesquitagpa
mesquitagpa collected $0.05 from pot
mesquitagpa: doesn't show hand 
*** SUMMARY ***
Total pot $0.05 | Rake $0 
Seat 1: VVValeriy11 folded before Flop (didn't bet)
Seat 2: KamKsen folded before Flop (didn't bet)
Seat 3: mesquitagpa (button) collected ($0.05)
Seat 4: pleasenono (small blind) folded before Flop
Seat 5: nadokesh (big blind) folded before Flop
Seat 6: Dorex2007 folded before Flop (didn't bet)
Seat 7: Sclavor folded before Flop (didn't bet)
Seat 8: jameja folded before Flop (didn't bet)



PokerStars Hand #229840706778:  Hold'em No Limit ($0.01/$0.02 USD) - 2021/09/14 0:12:45 PT [2021/09/14 3:12:45 ET]
Table 'Prieska II' 9-max Seat #4 is the button
Seat 1: VVValeriy11 ($1.65 in chips) 
Seat 2: KamKsen ($2.20 in chips) 
Seat 3: mesquitagpa ($2.63 in chips) 
Seat 4: pleasenono ($1.64 in chips) 
Seat 5: nadokesh ($2.01 in chips) 
Seat 6: Dorex2007 ($2.06 in chips) 
Seat 7: Sclavor ($3.60 in chips) 
Seat 8: jameja ($2.84 in chips) 
nadokesh: posts small blind $0.01
Dorex2007: posts big blind $0.02
*** HOLE CARDS ***
Dealt to Dorex2007 [4s Qc]
Sclavor: folds 
jameja: folds 
VVValeriy11: folds 
KamKsen: folds 
mesquitagpa: raises $0.04 to $0.06
pleasenono: folds 
nadokesh: folds 
Dorex2007: folds 
Uncalled bet ($0.04) returned to mesquitagpa
mesquitagpa collected $0.05 from pot
mesquitagpa: doesn't show hand 
*** SUMMARY ***
Total pot $0.05 | Rake $0 
Seat 1: VVValeriy11 folded before Flop (didn't bet)
Seat 2: KamKsen folded before Flop (didn't bet)
Seat 3: mesquitagpa collected ($0.05)
Seat 4: pleasenono (button) folded before Flop (didn't bet)
Seat 5: nadokesh (small blind) folded before Flop
Seat 6: Dorex2007 (big blind) folded before Flop
Seat 7: Sclavor folded before Flop (didn't bet)
Seat 8: jameja folded before Flop (didn't bet)



PokerStars Hand #229840709537:  Hold'em No Limit ($0.01/$0.02 USD) - 2021/09/14 0:13:03 PT [2021/09/14 3:13:03 ET]
Table 'Prieska II' 9-max Seat #5 is the button
Seat 1: VVValeriy11 ($1.65 in chips) 
Seat 2: KamKsen ($2.20 in chips) 
Seat 3: mesquitagpa ($2.66 in chips) 
Seat 4: pleasenono ($1.64 in chips) 
Seat 5: nadokesh ($2 in chips) 
Seat 6: Dorex2007 ($2.04 in chips) 
Seat 7: Sclavor ($3.60 in chips) 
Seat 8: jameja ($2.84 in chips) 
Dorex2007: posts small blind $0.01
Sclavor: posts big blind $0.02
*** HOLE CARDS ***
Dealt to Dorex2007 [6s 3s]
jameja: folds 
VVValeriy11: folds 
KamKsen: raises $0.04 to $0.06
mesquitagpa: folds 
pleasenono: calls $0.06
nadokesh: folds 
Dorex2007: folds 
Sclavor: folds 
*** FLOP *** [6c 7s Tc]
KamKsen: bets $0.07
pleasenono: raises $0.11 to $0.18
KamKsen: calls $0.11
*** TURN *** [6c 7s Tc] [9s]
KamKsen: checks 
pleasenono: bets $0.31
KamKsen: calls $0.31
*** RIVER *** [6c 7s Tc 9s] [Jd]
KamKsen: checks 
pleasenono: checks 
*** SHOW DOWN ***
KamKsen: shows [As Js] (a pair of Jacks)
pleasenono: shows [Qc Qs] (a pair of Queens)
pleasenono collected $1.09 from pot
*** SUMMARY ***
Total pot $1.13 | Rake $0.04 
Board [6c 7s Tc 9s Jd]
Seat 1: VVValeriy11 folded before Flop (didn't bet)
Seat 2: KamKsen showed [As Js] and lost with a pair of Jacks
Seat 3: mesquitagpa folded before Flop (didn't bet)
Seat 4: pleasenono showed [Qc Qs] and won ($1.09) with a pair of Queens
Seat 5: nadokesh (button) folded before Flop (didn't bet)
Seat 6: Dorex2007 (small blind) folded before Flop
Seat 7: Sclavor (big blind) folded before Flop
Seat 8: jameja folded before Flop (didn't bet)



PokerStars Hand #229840715891:  Hold'em No Limit ($0.01/$0.02 USD) - 2021/09/14 0:13:46 PT [2021/09/14 3:13:46 ET]
Table 'Prieska II' 9-max Seat #6 is the button
Seat 1: VVValeriy11 ($1.65 in chips) 
Seat 2: KamKsen ($1.65 in chips) 
Seat 3: mesquitagpa ($2.66 in chips) 
Seat 4: pleasenono ($2.18 in chips) 
Seat 5: nadokesh ($2 in chips) 
Seat 6: Dorex2007 ($2.03 in chips) 
Seat 7: Sclavor ($3.58 in chips) 
Seat 8: jameja ($2.84 in chips) 
Sclavor: posts small blind $0.01
jameja: posts big blind $0.02
*** HOLE CARDS ***
Dealt to Dorex2007 [8d 6h]
VVValeriy11: folds 
KamKsen: folds 
mesquitagpa: folds 
pleasenono: raises $0.02 to $0.04
nadokesh: folds 
Dorex2007: folds 
Sclavor: folds 
jameja: calls $0.02
*** FLOP *** [Ac 2s 3s]
jameja: checks 
pleasenono: bets $0.05
jameja: raises $0.10 to $0.15
pleasenono: calls $0.10
*** TURN *** [Ac 2s 3s] [Ks]
jameja: checks 
pleasenono: checks 
*** RIVER *** [Ac 2s 3s Ks] [Kd]
jameja: checks 
pleasenono: checks 
*** SHOW DOWN ***
jameja: shows [As 3d] (two pair, Aces and Kings)
pleasenono: shows [Ts Qs] (a flush, King high)
pleasenono collected $0.38 from pot
*** SUMMARY ***
Total pot $0.39 | Rake $0.01 
Board [Ac 2s 3s Ks Kd]
Seat 1: VVValeriy11 folded before Flop (didn't bet)
Seat 2: KamKsen folded before Flop (didn't bet)
Seat 3: mesquitagpa folded before Flop (didn't bet)
Seat 4: pleasenono showed [Ts Qs] and won ($0.38) with a flush, King high
Seat 5: nadokesh folded before Flop (didn't bet)
Seat 6: Dorex2007 (button) folded before Flop (didn't bet)
Seat 7: Sclavor (small blind) folded before Flop
Seat 8: jameja (big blind) showed [As 3d] and lost with two pair, Aces and Kings



PokerStars Hand #229840725382:  Hold'em No Limit ($0.01/$0.02 USD) - 2021/09/14 0:14:51 PT [2021/09/14 3:14:51 ET]
Table 'Prieska II' 9-max Seat #7 is the button
Seat 1: VVValeriy11 ($1.65 in chips) 
Seat 2: KamKsen ($2 in chips) 
Seat 3: mesquitagpa ($2.66 in chips) 
Seat 4: pleasenono ($2.37 in chips) 
Seat 5: nadokesh ($2 in chips) 
Seat 6: Dorex2007 ($2.03 in chips) 
Seat 7: Sclavor ($3.57 in chips) 
Seat 8: jameja ($2.65 in chips) 
Seat 9: tomashovka55 ($2.08 in chips) 
jameja: posts small blind $0.01
tomashovka55: posts big blind $0.02
*** HOLE CARDS ***
Dealt to Dorex2007 [Jd Tc]
VVValeriy11: raises $0.02 to $0.04
KamKsen: folds 
mesquitagpa: folds 
pleasenono: folds 
nadokesh: calls $0.04
Dorex2007: folds 
Sclavor: folds 
jameja: folds 
tomashovka55: folds 
*** FLOP *** [Kh Qd 3d]
VVValeriy11: checks 
nadokesh: bets $0.06
VVValeriy11: folds 
Uncalled bet ($0.06) returned to nadokesh
nadokesh collected $0.11 from pot
nadokesh: doesn't show hand 
*** SUMMARY ***
Total pot $0.11 | Rake $0 
Board [Kh Qd 3d]
Seat 1: VVValeriy11 folded on the Flop
Seat 2: KamKsen folded before Flop (didn't bet)
Seat 3: mesquitagpa folded before Flop (didn't bet)
Seat 4: pleasenono folded before Flop (didn't bet)
Seat 5: nadokesh collected ($0.11)
Seat 6: Dorex2007 folded before Flop (didn't bet)
Seat 7: Sclavor (button) folded before Flop (didn't bet)
Seat 8: jameja (small blind) folded before Flop
Seat 9: tomashovka55 (big blind) folded before Flop



PokerStars Hand #229840741521:  Hold'em No Limit ($0.01/$0.02 USD) - 2021/09/14 0:15:36 PT [2021/09/14 3:15:36 ET]
Table 'Prieska II' 9-max Seat #8 is the button
Seat 1: VVValeriy11 ($1.61 in chips) 
Seat 2: KamKsen ($2 in chips) 
Seat 3: mesquitagpa ($2.66 in chips) 
Seat 4: pleasenono ($2.37 in chips) 
Seat 5: nadokesh ($2.07 in chips) 
Seat 6: Dorex2007 ($2.03 in chips) 
Seat 7: Sclavor ($3.57 in chips) 
Seat 8: jameja ($2.64 in chips) 
Seat 9: tomashovka55 ($2.06 in chips) 
tomashovka55: posts small blind $0.01
VVValeriy11: posts big blind $0.02
*** HOLE CARDS ***
Dealt to Dorex2007 [Td 6s]
KamKsen: folds 
mesquitagpa: folds 
pleasenono: folds 
nadokesh: raises $0.03 to $0.05
Dorex2007: folds 
Sclavor: folds 
jameja: folds 
tomashovka55: folds 
VVValeriy11: folds 
Uncalled bet ($0.03) returned to nadokesh
nadokesh collected $0.05 from pot
nadokesh: doesn't show hand 
*** SUMMARY ***
Total pot $0.05 | Rake $0 
Seat 1: VVValeriy11 (big blind) folded before Flop
Seat 2: KamKsen folded before Flop (didn't bet)
Seat 3: mesquitagpa folded before Flop (didn't bet)
Seat 4: pleasenono folded before Flop (didn't bet)
Seat 5: nadokesh collected ($0.05)
Seat 6: Dorex2007 folded before Flop (didn't bet)
Seat 7: Sclavor folded before Flop (didn't bet)
Seat 8: jameja (button) folded before Flop (didn't bet)
Seat 9: tomashovka55 (small blind) folded before Flop



PokerStars Hand #229840745147:  Hold'em No Limit ($0.01/$0.02 USD) - 2021/09/14 0:16:01 PT [2021/09/14 3:16:01 ET]
Table 'Prieska II' 9-max Seat #9 is the button
Seat 1: VVValeriy11 ($1.59 in chips) 
Seat 2: KamKsen ($2 in chips) 
Seat 3: mesquitagpa ($2.66 in chips) 
Seat 4: pleasenono ($2.37 in chips) 
Seat 5: nadokesh ($2.10 in chips) 
Seat 6: Dorex2007 ($2.03 in chips) 
Seat 7: Sclavor ($3.57 in chips) 
Seat 8: jameja ($2.64 in chips) 
Seat 9: tomashovka55 ($2.05 in chips) 
VVValeriy11: posts small blind $0.01
KamKsen: posts big blind $0.02
*** HOLE CARDS ***
Dealt to Dorex2007 [4d 5h]
mesquitagpa: raises $0.04 to $0.06
pleasenono: folds 
nadokesh: calls $0.06
Dorex2007: folds 
Sclavor: folds 
jameja: folds 
tomashovka55: folds 
VVValeriy11: folds 
KamKsen: folds 
*** FLOP *** [Qs Kd 5d]
mesquitagpa: bets $0.07
nadokesh: folds 
Uncalled bet ($0.07) returned to mesquitagpa
mesquitagpa collected $0.14 from pot
mesquitagpa: doesn't show hand 
*** SUMMARY ***
Total pot $0.15 | Rake $0.01 
Board [Qs Kd 5d]
Seat 1: VVValeriy11 (small blind) folded before Flop
Seat 2: KamKsen (big blind) folded before Flop
Seat 3: mesquitagpa collected ($0.14)
Seat 4: pleasenono folded before Flop (didn't bet)
Seat 5: nadokesh folded on the Flop
Seat 6: Dorex2007 folded before Flop (didn't bet)
Seat 7: Sclavor folded before Flop (didn't bet)
Seat 8: jameja folded before Flop (didn't bet)
Seat 9: tomashovka55 (button) folded before Flop (didn't bet)



PokerStars Hand #229840749488:  Hold'em No Limit ($0.01/$0.02 USD) - 2021/09/14 0:16:30 PT [2021/09/14 3:16:30 ET]
Table 'Prieska II' 9-max Seat #1 is the button
Seat 1: VVValeriy11 ($1.58 in chips) 
Seat 2: KamKsen ($1.98 in chips) 
Seat 3: mesquitagpa ($2.74 in chips) 
Seat 4: pleasenono ($2.37 in chips) 
Seat 5: nadokesh ($2.04 in chips) 
Seat 6: Dorex2007 ($2.03 in chips) 
Seat 7: Sclavor ($3.57 in chips) 
Seat 8: jameja ($2.64 in chips) 
Seat 9: tomashovka55 ($2.05 in chips) 
KamKsen: posts small blind $0.01
mesquitagpa: posts big blind $0.02
*** HOLE CARDS ***
Dealt to Dorex2007 [9s 6c]
pleasenono: folds 
nadokesh: raises $0.03 to $0.05
Dorex2007: folds 
Sclavor: calls $0.05
jameja: raises $0.20 to $0.25
tomashovka55: folds 
VVValeriy11: folds 
KamKsen: folds 
mesquitagpa: raises $2.49 to $2.74 and is all-in
nadokesh: folds 
Sclavor: folds 
jameja: calls $2.39 and is all-in
Uncalled bet ($0.10) returned to mesquitagpa
*** FLOP *** [2d 9d 2c]
*** TURN *** [2d 9d 2c] [4s]
*** RIVER *** [2d 9d 2c 4s] [7d]
*** SHOW DOWN ***
mesquitagpa: shows [Ks Kh] (two pair, Kings and Deuces)
jameja: shows [Ah As] (two pair, Aces and Deuces)
jameja collected $5.20 from pot
mesquitagpa cashed out the hand for $0.90 | Cash Out Fee $0.01
*** SUMMARY ***
Total pot $5.39 | Rake $0.19 
Board [2d 9d 2c 4s 7d]
Seat 1: VVValeriy11 (button) folded before Flop (didn't bet)
Seat 2: KamKsen (small blind) folded before Flop
Seat 3: mesquitagpa (big blind) showed [Ks Kh] and lost with two pair, Kings and Deuces (cashed out).
Seat 4: pleasenono folded before Flop (didn't bet)
Seat 5: nadokesh folded before Flop
Seat 6: Dorex2007 folded before Flop (didn't bet)
Seat 7: Sclavor folded before Flop
Seat 8: jameja showed [Ah As] and won ($5.20) with two pair, Aces and Deuces
Seat 9: tomashovka55 folded before Flop (didn't bet)



PokerStars Hand #229840756326:  Hold'em No Limit ($0.01/$0.02 USD) - 2021/09/14 0:17:16 PT [2021/09/14 3:17:16 ET]
Table 'Prieska II' 9-max Seat #2 is the button
Seat 1: VVValeriy11 ($1.58 in chips) 
Seat 2: KamKsen ($1.97 in chips) 
Seat 3: mesquitagpa ($1 in chips) 
Seat 4: pleasenono ($2.37 in chips) 
Seat 5: nadokesh ($2 in chips) 
Seat 6: Dorex2007 ($2.03 in chips) 
Seat 7: Sclavor ($3.52 in chips) 
Seat 8: jameja ($5.20 in chips) 
Seat 9: tomashovka55 ($2.05 in chips) 
mesquitagpa: posts small blind $0.01
pleasenono: posts big blind $0.02
*** HOLE CARDS ***
Dealt to Dorex2007 [4c 6c]
nadokesh: folds 
Dorex2007: folds 
Sclavor: raises $0.04 to $0.06
jameja: folds 
tomashovka55: folds 
VVValeriy11: calls $0.06
KamKsen: calls $0.06
mesquitagpa: folds 
pleasenono: folds 
*** FLOP *** [5s Kd Ah]
Sclavor: bets $0.10
VVValeriy11: folds 
KamKsen: raises $0.20 to $0.30
Sclavor: calls $0.20
*** TURN *** [5s Kd Ah] [Ts]
VVValeriy11 is disconnected 
Sclavor: checks 
KamKsen: bets $0.39
Sclavor: calls $0.39
*** RIVER *** [5s Kd Ah Ts] [9d]
Sclavor: checks 
KamKsen: checks 
*** SHOW DOWN ***
Sclavor: shows [6s As] (a pair of Aces)
KamKsen: shows [5d Ad] (two pair, Aces and Fives)
KamKsen collected $1.53 from pot
*** SUMMARY ***
Total pot $1.59 | Rake $0.06 
Board [5s Kd Ah Ts 9d]
Seat 1: VVValeriy11 folded on the Flop
Seat 2: KamKsen (button) showed [5d Ad] and won ($1.53) with two pair, Aces and Fives
Seat 3: mesquitagpa (small blind) folded before Flop
Seat 4: pleasenono (big blind) folded before Flop
Seat 5: nadokesh folded before Flop (didn't bet)
Seat 6: Dorex2007 folded before Flop (didn't bet)
Seat 7: Sclavor showed [6s As] and lost with a pair of Aces
Seat 8: jameja folded before Flop (didn't bet)
Seat 9: tomashovka55 folded before Flop (didn't bet)



PokerStars Hand #229840771856:  Hold'em No Limit ($0.01/$0.02 USD) - 2021/09/14 0:19:00 PT [2021/09/14 3:19:00 ET]
Table 'Prieska II' 9-max Seat #3 is the button
Seat 1: VVValeriy11 ($1.52 in chips) 
Seat 2: KamKsen ($2.75 in chips) 
Seat 3: mesquitagpa ($0.99 in chips) 
Seat 4: pleasenono ($2.35 in chips) 
Seat 5: nadokesh ($2 in chips) 
Seat 6: Dorex2007 ($2.03 in chips) 
Seat 7: Sclavor ($2.77 in chips) 
Seat 8: jameja ($5.20 in chips) 
Seat 9: tomashovka55 ($2.05 in chips) 
pleasenono: posts small blind $0.01
nadokesh: posts big blind $0.02
*** HOLE CARDS ***
Dealt to Dorex2007 [4h 6c]
Dorex2007: folds 
Sclavor: folds 
jameja: calls $0.02
tomashovka55: raises $0.07 to $0.09
VVValeriy11: folds 
KamKsen: folds 
mesquitagpa: folds 
pleasenono: folds 
nadokesh: folds 
jameja: calls $0.07
*** FLOP *** [Jd Kh Kd]
jameja: checks 
tomashovka55: checks 
*** TURN *** [Jd Kh Kd] [9c]
jameja: checks 
tomashovka55: bets $0.18
jameja: folds 
Uncalled bet ($0.18) returned to tomashovka55
tomashovka55 collected $0.20 from pot
*** SUMMARY ***
Total pot $0.21 | Rake $0.01 
Board [Jd Kh Kd 9c]
Seat 1: VVValeriy11 folded before Flop (didn't bet)
Seat 2: KamKsen folded before Flop (didn't bet)
Seat 3: mesquitagpa (button) folded before Flop (didn't bet)
Seat 4: pleasenono (small blind) folded before Flop
Seat 5: nadokesh (big blind) folded before Flop
Seat 6: Dorex2007 folded before Flop (didn't bet)
Seat 7: Sclavor folded before Flop (didn't bet)
Seat 8: jameja folded on the Turn
Seat 9: tomashovka55 collected ($0.20)



PokerStars Hand #229840777424:  Hold'em No Limit ($0.01/$0.02 USD) - 2021/09/14 0:19:38 PT [2021/09/14 3:19:38 ET]
Table 'Prieska II' 9-max Seat #4 is the button
Seat 1: VVValeriy11 ($1.52 in chips) 
Seat 2: KamKsen ($2.75 in chips) 
Seat 3: mesquitagpa ($0.99 in chips) 
Seat 4: pleasenono ($2.34 in chips) 
Seat 5: nadokesh ($2 in chips) 
Seat 6: Dorex2007 ($2.03 in chips) 
Seat 7: Sclavor ($2.77 in chips) 
Seat 8: jameja ($5.11 in chips) 
Seat 9: tomashovka55 ($2.16 in chips) 
nadokesh: posts small blind $0.01
Dorex2007: posts big blind $0.02
*** HOLE CARDS ***
Dealt to Dorex2007 [3d 2d]
Sclavor: folds 
jameja: folds 
tomashovka55: folds 
VVValeriy11: raises $0.02 to $0.04
KamKsen: folds 
mesquitagpa: folds 
pleasenono: folds 
nadokesh: folds 
Dorex2007: folds 
Uncalled bet ($0.02) returned to VVValeriy11
VVValeriy11 collected $0.05 from pot
*** SUMMARY ***
Total pot $0.05 | Rake $0 
Seat 1: VVValeriy11 collected ($0.05)
Seat 2: KamKsen folded before Flop (didn't bet)
Seat 3: mesquitagpa folded before Flop (didn't bet)
Seat 4: pleasenono (button) folded before Flop (didn't bet)
Seat 5: nadokesh (small blind) folded before Flop
Seat 6: Dorex2007 (big blind) folded before Flop
Seat 7: Sclavor folded before Flop (didn't bet)
Seat 8: jameja folded before Flop (didn't bet)
Seat 9: tomashovka55 folded before Flop (didn't bet)



PokerStars Hand #229840779704:  Hold'em No Limit ($0.01/$0.02 USD) - 2021/09/14 0:19:53 PT [2021/09/14 3:19:53 ET]
Table 'Prieska II' 9-max Seat #5 is the button
Seat 1: VVValeriy11 ($1.55 in chips) 
Seat 2: KamKsen ($2.75 in chips) 
Seat 3: mesquitagpa ($0.99 in chips) 
Seat 4: pleasenono ($2.34 in chips) 
Seat 5: nadokesh ($2 in chips) 
Seat 6: Dorex2007 ($2.01 in chips) 
Seat 7: Sclavor ($2.77 in chips) 
Seat 8: jameja ($5.11 in chips) 
Seat 9: tomashovka55 ($2.16 in chips) 
Dorex2007: posts small blind $0.01
Sclavor: posts big blind $0.02
*** HOLE CARDS ***
Dealt to Dorex2007 [5s 4h]
jameja: folds 
tomashovka55: folds 
VVValeriy11: folds 
KamKsen: folds 
mesquitagpa: raises $0.04 to $0.06
pleasenono: folds 
nadokesh: folds 
Dorex2007: folds 
Sclavor: folds 
Uncalled bet ($0.04) returned to mesquitagpa
mesquitagpa collected $0.05 from pot
mesquitagpa: doesn't show hand 
*** SUMMARY ***
Total pot $0.05 | Rake $0 
Seat 1: VVValeriy11 folded before Flop (didn't bet)
Seat 2: KamKsen folded before Flop (didn't bet)
Seat 3: mesquitagpa collected ($0.05)
Seat 4: pleasenono folded before Flop (didn't bet)
Seat 5: nadokesh (button) folded before Flop (didn't bet)
Seat 6: Dorex2007 (small blind) folded before Flop
Seat 7: Sclavor (big blind) folded before Flop
Seat 8: jameja folded before Flop (didn't bet)
Seat 9: tomashovka55 folded before Flop (didn't bet)



PokerStars Hand #229840782835:  Hold'em No Limit ($0.01/$0.02 USD) - 2021/09/14 0:20:14 PT [2021/09/14 3:20:14 ET]
Table 'Prieska II' 9-max Seat #6 is the button
Seat 1: VVValeriy11 ($1.55 in chips) 
Seat 2: KamKsen ($2.75 in chips) 
Seat 3: mesquitagpa ($1.02 in chips) 
Seat 4: pleasenono ($2.34 in chips) 
Seat 5: nadokesh ($2 in chips) 
Seat 6: Dorex2007 ($2 in chips) 
Seat 7: Sclavor ($2.75 in chips) 
Seat 8: jameja ($5.11 in chips) 
Seat 9: tomashovka55 ($2.16 in chips) 
Sclavor: posts small blind $0.01
jameja: posts big blind $0.02
*** HOLE CARDS ***
Dealt to Dorex2007 [3c Th]
tomashovka55: folds 
VVValeriy11: folds 
KamKsen: folds 
mesquitagpa: folds 
pleasenono: raises $0.03 to $0.05
nadokesh: folds 
Dorex2007: folds 
Sclavor: calls $0.04
jameja: folds 
*** FLOP *** [5s Ah 6c]
Sclavor: checks 
pleasenono: bets $0.05
Sclavor: calls $0.05
*** TURN *** [5s Ah 6c] [Qc]
Sclavor: checks 
pleasenono: checks 
*** RIVER *** [5s Ah 6c Qc] [Qh]
Sclavor: checks 
pleasenono: bets $0.11
Sclavor: calls $0.11
*** SHOW DOWN ***
pleasenono: shows [Qd Jd] (three of a kind, Queens)
Sclavor: mucks hand 
pleasenono collected $0.42 from pot
*** SUMMARY ***
Total pot $0.44 | Rake $0.02 
Board [5s Ah 6c Qc Qh]
Seat 1: VVValeriy11 folded before Flop (didn't bet)
Seat 2: KamKsen folded before Flop (didn't bet)
Seat 3: mesquitagpa folded before Flop (didn't bet)
Seat 4: pleasenono showed [Qd Jd] and won ($0.42) with three of a kind, Queens
Seat 5: nadokesh folded before Flop (didn't bet)
Seat 6: Dorex2007 (button) folded before Flop (didn't bet)
Seat 7: Sclavor (small blind) mucked [As Ts]
Seat 8: jameja (big blind) folded before Flop
Seat 9: tomashovka55 folded before Flop (didn't bet)



PokerStars Hand #229840792573:  Hold'em No Limit ($0.01/$0.02 USD) - 2021/09/14 0:21:19 PT [2021/09/14 3:21:19 ET]
Table 'Prieska II' 9-max Seat #7 is the button
Seat 1: VVValeriy11 ($1.55 in chips) 
Seat 2: KamKsen ($2.75 in chips) 
Seat 3: mesquitagpa ($1.02 in chips) 
Seat 4: pleasenono ($2.55 in chips) 
Seat 5: nadokesh ($2 in chips) 
Seat 6: Dorex2007 ($2 in chips) 
Seat 7: Sclavor ($2.54 in chips) 
Seat 8: jameja ($5.09 in chips) 
Seat 9: tomashovka55 ($2.16 in chips) 
jameja: posts small blind $0.01
tomashovka55: posts big blind $0.02
*** HOLE CARDS ***
Dealt to Dorex2007 [2h 5h]
VVValeriy11: folds 
KamKsen: folds 
mesquitagpa: calls $0.02
pleasenono: folds 
nadokesh: folds 
Dorex2007: folds 
Sclavor: folds 
jameja: calls $0.01
tomashovka55: checks 
*** FLOP *** [8s Ts 8d]
jameja: checks 
tomashovka55: checks 
mesquitagpa: checks 
*** TURN *** [8s Ts 8d] [7d]
jameja: checks 
tomashovka55: checks 
mesquitagpa: bets $0.04
jameja: calls $0.04
tomashovka55: calls $0.04
*** RIVER *** [8s Ts 8d 7d] [5d]
jameja: checks 
tomashovka55: checks 
mesquitagpa: bets $0.14
jameja: folds 
tomashovka55: folds 
Uncalled bet ($0.14) returned to mesquitagpa
mesquitagpa collected $0.17 from pot
mesquitagpa: doesn't show hand 
*** SUMMARY ***
Total pot $0.18 | Rake $0.01 
Board [8s Ts 8d 7d 5d]
Seat 1: VVValeriy11 folded before Flop (didn't bet)
Seat 2: KamKsen folded before Flop (didn't bet)
Seat 3: mesquitagpa collected ($0.17)
Seat 4: pleasenono folded before Flop (didn't bet)
Seat 5: nadokesh folded before Flop (didn't bet)
Seat 6: Dorex2007 folded before Flop (didn't bet)
Seat 7: Sclavor (button) folded before Flop (didn't bet)
Seat 8: jameja (small blind) folded on the River
Seat 9: tomashovka55 (big blind) folded on the River



PokerStars Hand #229840801310:  Hold'em No Limit ($0.01/$0.02 USD) - 2021/09/14 0:22:18 PT [2021/09/14 3:22:18 ET]
Table 'Prieska II' 9-max Seat #8 is the button
Seat 1: VVValeriy11 ($1.55 in chips) 
Seat 2: KamKsen ($2.75 in chips) 
Seat 3: mesquitagpa ($1.13 in chips) 
Seat 4: pleasenono ($2.55 in chips) 
Seat 5: nadokesh ($2 in chips) 
Seat 6: Dorex2007 ($2 in chips) 
Seat 7: Sclavor ($2.54 in chips) 
Seat 8: jameja ($5.03 in chips) 
Seat 9: tomashovka55 ($2.10 in chips) 
tomashovka55: posts small blind $0.01
VVValeriy11: posts big blind $0.02
*** HOLE CARDS ***
Dealt to Dorex2007 [9c 6c]
KamKsen: folds 
mesquitagpa: folds 
pleasenono: folds 
nadokesh: folds 
Dorex2007: folds 
Sclavor: folds 
jameja: folds 
tomashovka55: folds 
Uncalled bet ($0.01) returned to VVValeriy11
VVValeriy11 collected $0.02 from pot
*** SUMMARY ***
Total pot $0.02 | Rake $0 
Seat 1: VVValeriy11 (big blind) collected ($0.02)
Seat 2: KamKsen folded before Flop (didn't bet)
Seat 3: mesquitagpa folded before Flop (didn't bet)
Seat 4: pleasenono folded before Flop (didn't bet)
Seat 5: nadokesh folded before Flop (didn't bet)
Seat 6: Dorex2007 folded before Flop (didn't bet)
Seat 7: Sclavor folded before Flop (didn't bet)
Seat 8: jameja (button) folded before Flop (didn't bet)
Seat 9: tomashovka55 (small blind) folded before Flop



PokerStars Hand #229840803715:  Hold'em No Limit ($0.01/$0.02 USD) - 2021/09/14 0:22:34 PT [2021/09/14 3:22:34 ET]
Table 'Prieska II' 9-max Seat #9 is the button
Seat 1: VVValeriy11 ($1.56 in chips) 
Seat 2: KamKsen ($2.75 in chips) 
Seat 3: mesquitagpa ($1.13 in chips) 
Seat 4: pleasenono ($2.55 in chips) 
Seat 5: nadokesh ($2 in chips) 
Seat 6: Dorex2007 ($2 in chips) 
Seat 7: Sclavor ($2.54 in chips) 
Seat 8: jameja ($5.03 in chips) 
Seat 9: tomashovka55 ($2.09 in chips) 
VVValeriy11: posts small blind $0.01
KamKsen: posts big blind $0.02
*** HOLE CARDS ***
Dealt to Dorex2007 [4d Ad]
mesquitagpa: folds 
pleasenono: folds 
nadokesh: folds 
Dorex2007: calls $0.02
Sclavor: calls $0.02
jameja: calls $0.02
tomashovka55: calls $0.02
VVValeriy11: calls $0.01
KamKsen: checks 
*** FLOP *** [Kh 6h 3h]
VVValeriy11: checks 
KamKsen: checks 
Dorex2007: checks 
Sclavor: checks 
jameja: checks 
tomashovka55: checks 
*** TURN *** [Kh 6h 3h] [6d]
VVValeriy11: bets $0.04
KamKsen: folds 
Dorex2007: folds 
Sclavor: calls $0.04
jameja: calls $0.04
tomashovka55: calls $0.04
*** RIVER *** [Kh 6h 3h 6d] [Jc]
VVValeriy11: checks 
Sclavor: checks 
jameja: checks 
tomashovka55: checks 
*** SHOW DOWN ***
VVValeriy11: shows [6s 5s] (three of a kind, Sixes)
Sclavor: mucks hand 
jameja: mucks hand 
tomashovka55: mucks hand 
VVValeriy11 collected $0.27 from pot
*** SUMMARY ***
Total pot $0.28 | Rake $0.01 
Board [Kh 6h 3h 6d Jc]
Seat 1: VVValeriy11 (small blind) showed [6s 5s] and won ($0.27) with three of a kind, Sixes
Seat 2: KamKsen (big blind) folded on the Turn
Seat 3: mesquitagpa folded before Flop (didn't bet)
Seat 4: pleasenono folded before Flop (didn't bet)
Seat 5: nadokesh folded before Flop (didn't bet)
Seat 6: Dorex2007 folded on the Turn
Seat 7: Sclavor mucked [Qh As]
Seat 8: jameja mucked [7d 7s]
Seat 9: tomashovka55 (button) mucked [Qs Ah]



PokerStars Hand #229840816913:  Hold'em No Limit ($0.01/$0.02 USD) - 2021/09/14 0:24:03 PT [2021/09/14 3:24:03 ET]
Table 'Prieska II' 9-max Seat #1 is the button
Seat 1: VVValeriy11 ($1.77 in chips) 
Seat 2: KamKsen ($2.73 in chips) 
Seat 3: mesquitagpa ($1.13 in chips) 
Seat 4: pleasenono ($2.55 in chips) 
Seat 5: nadokesh ($2 in chips) 
Seat 6: Dorex2007 ($1.98 in chips) 
Seat 7: Sclavor ($2.48 in chips) 
Seat 8: jameja ($4.97 in chips) 
Seat 9: tomashovka55 ($2.03 in chips) 
KamKsen: posts small blind $0.01
mesquitagpa: posts big blind $0.02
*** HOLE CARDS ***
Dealt to Dorex2007 [Ks 6d]
pleasenono: folds 
nadokesh: folds 
Dorex2007: folds 
Sclavor: folds 
jameja: folds 
tomashovka55: folds 
VVValeriy11: folds 
KamKsen: folds 
Uncalled bet ($0.01) returned to mesquitagpa
mesquitagpa collected $0.02 from pot
mesquitagpa: doesn't show hand 
*** SUMMARY ***
Total pot $0.02 | Rake $0 
Seat 1: VVValeriy11 (button) folded before Flop (didn't bet)
Seat 2: KamKsen (small blind) folded before Flop
Seat 3: mesquitagpa (big blind) collected ($0.02)
Seat 4: pleasenono folded before Flop (didn't bet)
Seat 5: nadokesh folded before Flop (didn't bet)
Seat 6: Dorex2007 folded before Flop (didn't bet)
Seat 7: Sclavor folded before Flop (didn't bet)
Seat 8: jameja folded before Flop (didn't bet)
Seat 9: tomashovka55 folded before Flop (didn't bet)



PokerStars Hand #229840818831:  Hold'em No Limit ($0.01/$0.02 USD) - 2021/09/14 0:24:16 PT [2021/09/14 3:24:16 ET]
Table 'Prieska II' 9-max Seat #2 is the button
Seat 1: VVValeriy11 ($1.77 in chips) 
Seat 2: KamKsen ($2.72 in chips) 
Seat 3: mesquitagpa ($1.14 in chips) 
Seat 4: pleasenono ($2.55 in chips) 
Seat 5: nadokesh ($2 in chips) 
Seat 6: Dorex2007 ($1.98 in chips) 
Seat 7: Sclavor ($2.48 in chips) 
Seat 8: jameja ($4.97 in chips) 
Seat 9: tomashovka55 ($2.03 in chips) 
mesquitagpa: posts small blind $0.01
pleasenono: posts big blind $0.02
*** HOLE CARDS ***
Dealt to Dorex2007 [Jc 9h]
nadokesh: folds 
Dorex2007: folds 
Sclavor: folds 
jameja: folds 
tomashovka55: folds 
VVValeriy11: folds 
KamKsen: folds 
mesquitagpa: folds 
Uncalled bet ($0.01) returned to pleasenono
pleasenono collected $0.02 from pot
*** SUMMARY ***
Total pot $0.02 | Rake $0 
Seat 1: VVValeriy11 folded before Flop (didn't bet)
Seat 2: KamKsen (button) folded before Flop (didn't bet)
Seat 3: mesquitagpa (small blind) folded before Flop
Seat 4: pleasenono (big blind) collected ($0.02)
Seat 5: nadokesh folded before Flop (didn't bet)
Seat 6: Dorex2007 folded before Flop (didn't bet)
Seat 7: Sclavor folded before Flop (didn't bet)
Seat 8: jameja folded before Flop (didn't bet)
Seat 9: tomashovka55 folded before Flop (didn't bet)



PokerStars Hand #229840821163:  Hold'em No Limit ($0.01/$0.02 USD) - 2021/09/14 0:24:32 PT [2021/09/14 3:24:32 ET]
Table 'Prieska II' 9-max Seat #3 is the button
Seat 1: VVValeriy11 ($1.77 in chips) 
Seat 2: KamKsen ($2.72 in chips) 
Seat 3: mesquitagpa ($1.13 in chips) 
Seat 4: pleasenono ($2.56 in chips) 
Seat 5: nadokesh ($2 in chips) 
Seat 6: Dorex2007 ($1.98 in chips) 
Seat 7: Sclavor ($2.48 in chips) 
Seat 8: jameja ($4.97 in chips) 
Seat 9: tomashovka55 ($2.03 in chips) 
pleasenono: posts small blind $0.01
nadokesh: posts big blind $0.02
*** HOLE CARDS ***
Dealt to Dorex2007 [4s 5c]
Dorex2007: folds 
Sclavor: folds 
jameja: folds 
tomashovka55: raises $0.04 to $0.06
VVValeriy11: folds 
KamKsen: raises $0.12 to $0.18
mesquitagpa: folds 
pleasenono: folds 
nadokesh: folds 
tomashovka55: folds 
Uncalled bet ($0.12) returned to KamKsen
KamKsen collected $0.15 from pot
*** SUMMARY ***
Total pot $0.15 | Rake $0 
Seat 1: VVValeriy11 folded before Flop (didn't bet)
Seat 2: KamKsen collected ($0.15)
Seat 3: mesquitagpa (button) folded before Flop (didn't bet)
Seat 4: pleasenono (small blind) folded before Flop
Seat 5: nadokesh (big blind) folded before Flop
Seat 6: Dorex2007 folded before Flop (didn't bet)
Seat 7: Sclavor folded before Flop (didn't bet)
Seat 8: jameja folded before Flop (didn't bet)
Seat 9: tomashovka55 folded before Flop



PokerStars Hand #229840825377:  Hold'em No Limit ($0.01/$0.02 USD) - 2021/09/14 0:25:00 PT [2021/09/14 3:25:00 ET]
Table 'Prieska II' 9-max Seat #4 is the button
Seat 1: VVValeriy11 ($1.77 in chips) 
Seat 2: KamKsen ($2.81 in chips) 
Seat 3: mesquitagpa ($1.13 in chips) 
Seat 4: pleasenono ($2.55 in chips) 
Seat 5: nadokesh ($2 in chips) 
Seat 6: Dorex2007 ($1.98 in chips) 
Seat 7: Sclavor ($2.48 in chips) 
Seat 8: jameja ($4.97 in chips) 
Seat 9: tomashovka55 ($2 in chips) 
nadokesh: posts small blind $0.01
Dorex2007: posts big blind $0.02
*** HOLE CARDS ***
Dealt to Dorex2007 [Qh 4s]
Sclavor: folds 
jameja: folds 
tomashovka55: raises $0.04 to $0.06
VVValeriy11: folds 
KamKsen: folds 
mesquitagpa: folds 
pleasenono: calls $0.06
nadokesh: folds 
Dorex2007: folds 
*** FLOP *** [5h 3c 6h]
tomashovka55: bets $0.06
pleasenono: folds 
Uncalled bet ($0.06) returned to tomashovka55
tomashovka55 collected $0.14 from pot
*** SUMMARY ***
Total pot $0.15 | Rake $0.01 
Board [5h 3c 6h]
Seat 1: VVValeriy11 folded before Flop (didn't bet)
Seat 2: KamKsen folded before Flop (didn't bet)
Seat 3: mesquitagpa folded before Flop (didn't bet)
Seat 4: pleasenono (button) folded on the Flop
Seat 5: nadokesh (small blind) folded before Flop
Seat 6: Dorex2007 (big blind) folded before Flop
Seat 7: Sclavor folded before Flop (didn't bet)
Seat 8: jameja folded before Flop (didn't bet)
Seat 9: tomashovka55 collected ($0.14)



PokerStars Hand #229840831826:  Hold'em No Limit ($0.01/$0.02 USD) - 2021/09/14 0:25:43 PT [2021/09/14 3:25:43 ET]
Table 'Prieska II' 9-max Seat #5 is the button
Seat 1: VVValeriy11 ($1.77 in chips) 
Seat 2: KamKsen ($2.81 in chips) 
Seat 3: mesquitagpa ($1.13 in chips) 
Seat 4: pleasenono ($2.49 in chips) 
Seat 5: nadokesh ($2 in chips) 
Seat 6: Dorex2007 ($1.96 in chips) 
Seat 7: Sclavor ($2.48 in chips) 
Seat 8: jameja ($4.97 in chips) 
Seat 9: tomashovka55 ($2.08 in chips) 
Dorex2007: posts small blind $0.01
Sclavor: posts big blind $0.02
*** HOLE CARDS ***
Dealt to Dorex2007 [Ac 2s]
jameja: folds 
tomashovka55: folds 
VVValeriy11: folds 
KamKsen: folds 
mesquitagpa: raises $0.04 to $0.06
pleasenono: folds 
nadokesh: folds 
Dorex2007: calls $0.05
Sclavor: folds 
*** FLOP *** [3h 9c 6d]
Dorex2007: checks 
mesquitagpa: checks 
*** TURN *** [3h 9c 6d] [6s]
Dorex2007: checks 
mesquitagpa: checks 
*** RIVER *** [3h 9c 6d 6s] [5s]
Dorex2007: bets $0.14
mesquitagpa: folds 
Uncalled bet ($0.14) returned to Dorex2007
Dorex2007 collected $0.14 from pot
Dorex2007: doesn't show hand 
*** SUMMARY ***
Total pot $0.14 | Rake $0 
Board [3h 9c 6d 6s 5s]
Seat 1: VVValeriy11 folded before Flop (didn't bet)
Seat 2: KamKsen folded before Flop (didn't bet)
Seat 3: mesquitagpa folded on the River
Seat 4: pleasenono folded before Flop (didn't bet)
Seat 5: nadokesh (button) folded before Flop (didn't bet)
Seat 6: Dorex2007 (small blind) collected ($0.14)
Seat 7: Sclavor (big blind) folded before Flop
Seat 8: jameja folded before Flop (didn't bet)
Seat 9: tomashovka55 folded before Flop (didn't bet)



PokerStars Hand #229840838006:  Hold'em No Limit ($0.01/$0.02 USD) - 2021/09/14 0:26:25 PT [2021/09/14 3:26:25 ET]
Table 'Prieska II' 9-max Seat #6 is the button
Seat 1: VVValeriy11 ($1.77 in chips) 
Seat 2: KamKsen ($2.81 in chips) 
Seat 3: mesquitagpa ($1.07 in chips) 
Seat 4: pleasenono ($2.49 in chips) 
Seat 5: nadokesh ($2 in chips) 
Seat 6: Dorex2007 ($2.04 in chips) 
Seat 7: Sclavor ($2.46 in chips) 
Seat 8: jameja ($4.97 in chips) 
Seat 9: tomashovka55 ($2.08 in chips) 
Sclavor: posts small blind $0.01
jameja: posts big blind $0.02
*** HOLE CARDS ***
Dealt to Dorex2007 [Ad 5c]
tomashovka55: folds 
VVValeriy11: raises $0.02 to $0.04
KamKsen: folds 
mesquitagpa: calls $0.04
pleasenono: folds 
nadokesh: folds 
Dorex2007: folds 
Sclavor: folds 
jameja: folds 
*** FLOP *** [8s Jd Ks]
VVValeriy11: bets $0.02
mesquitagpa: calls $0.02
*** TURN *** [8s Jd Ks] [5d]
VVValeriy11: checks 
mesquitagpa: bets $0.14
VVValeriy11: folds 
Uncalled bet ($0.14) returned to mesquitagpa
mesquitagpa collected $0.14 from pot
mesquitagpa: doesn't show hand 
*** SUMMARY ***
Total pot $0.15 | Rake $0.01 
Board [8s Jd Ks 5d]
Seat 1: VVValeriy11 folded on the Turn
Seat 2: KamKsen folded before Flop (didn't bet)
Seat 3: mesquitagpa collected ($0.14)
Seat 4: pleasenono folded before Flop (didn't bet)
Seat 5: nadokesh folded before Flop (didn't bet)
Seat 6: Dorex2007 (button) folded before Flop (didn't bet)
Seat 7: Sclavor (small blind) folded before Flop
Seat 8: jameja (big blind) folded before Flop
Seat 9: tomashovka55 folded before Flop (didn't bet)



PokerStars Hand #229840846760:  Hold'em No Limit ($0.01/$0.02 USD) - 2021/09/14 0:27:24 PT [2021/09/14 3:27:24 ET]
Table 'Prieska II' 9-max Seat #7 is the button
Seat 1: VVValeriy11 ($1.71 in chips) 
Seat 2: KamKsen ($2.81 in chips) 
Seat 3: mesquitagpa ($1.15 in chips) 
Seat 4: pleasenono ($2.49 in chips) 
Seat 5: nadokesh ($2 in chips) 
Seat 6: Dorex2007 ($2.04 in chips) 
Seat 7: Sclavor ($2.45 in chips) 
Seat 8: jameja ($4.95 in chips) 
Seat 9: tomashovka55 ($2.08 in chips) 
jameja: posts small blind $0.01
tomashovka55: posts big blind $0.02
*** HOLE CARDS ***
Dealt to Dorex2007 [5s Kc]
VVValeriy11: folds 
KamKsen: folds 
mesquitagpa: folds 
pleasenono: calls $0.02
nadokesh: folds 
Dorex2007: folds 
Sclavor: calls $0.02
jameja: folds 
tomashovka55: checks 
*** FLOP *** [Qh Qs 4s]
tomashovka55: checks 
pleasenono: checks 
Sclavor: checks 
*** TURN *** [Qh Qs 4s] [Kh]
tomashovka55: checks 
pleasenono: checks 
Sclavor: bets $0.04
tomashovka55: folds 
pleasenono: folds 
Uncalled bet ($0.04) returned to Sclavor
Sclavor collected $0.07 from pot
Sclavor: doesn't show hand 
*** SUMMARY ***
Total pot $0.07 | Rake $0 
Board [Qh Qs 4s Kh]
Seat 1: VVValeriy11 folded before Flop (didn't bet)
Seat 2: KamKsen folded before Flop (didn't bet)
Seat 3: mesquitagpa folded before Flop (didn't bet)
Seat 4: pleasenono folded on the Turn
Seat 5: nadokesh folded before Flop (didn't bet)
Seat 6: Dorex2007 folded before Flop (didn't bet)
Seat 7: Sclavor (button) collected ($0.07)
Seat 8: jameja (small blind) folded before Flop
Seat 9: tomashovka55 (big blind) folded on the Turn



PokerStars Hand #229840852746:  Hold'em No Limit ($0.01/$0.02 USD) - 2021/09/14 0:28:04 PT [2021/09/14 3:28:04 ET]
Table 'Prieska II' 9-max Seat #8 is the button
Seat 1: VVValeriy11 ($1.71 in chips) 
Seat 2: KamKsen ($2.81 in chips) 
Seat 3: mesquitagpa ($1.15 in chips) 
Seat 4: pleasenono ($2.47 in chips) 
Seat 5: nadokesh ($2 in chips) 
Seat 6: Dorex2007 ($2.04 in chips) 
Seat 7: Sclavor ($2.50 in chips) 
Seat 8: jameja ($4.94 in chips) 
Seat 9: tomashovka55 ($2.06 in chips) 
tomashovka55: posts small blind $0.01
VVValeriy11: posts big blind $0.02
*** HOLE CARDS ***
Dealt to Dorex2007 [4h Jc]
KamKsen: folds 
mesquitagpa: folds 
pleasenono: folds 
nadokesh: folds 
Dorex2007: folds 
Sclavor: folds 
jameja: raises $0.04 to $0.06
tomashovka55: folds 
VVValeriy11: folds 
Uncalled bet ($0.04) returned to jameja
jameja collected $0.05 from pot
jameja: doesn't show hand 
*** SUMMARY ***
Total pot $0.05 | Rake $0 
Seat 1: VVValeriy11 (big blind) folded before Flop
Seat 2: KamKsen folded before Flop (didn't bet)
Seat 3: mesquitagpa folded before Flop (didn't bet)
Seat 4: pleasenono folded before Flop (didn't bet)
Seat 5: nadokesh folded before Flop (didn't bet)
Seat 6: Dorex2007 folded before Flop (didn't bet)
Seat 7: Sclavor folded before Flop (didn't bet)
Seat 8: jameja (button) collected ($0.05)
Seat 9: tomashovka55 (small blind) folded before Flop



PokerStars Hand #229840855693:  Hold'em No Limit ($0.01/$0.02 USD) - 2021/09/14 0:28:24 PT [2021/09/14 3:28:24 ET]
Table 'Prieska II' 9-max Seat #9 is the button
Seat 1: VVValeriy11 ($1.69 in chips) 
Seat 2: KamKsen ($2.81 in chips) 
Seat 3: mesquitagpa ($1.15 in chips) 
Seat 4: pleasenono ($2.47 in chips) 
Seat 5: nadokesh ($2 in chips) 
Seat 6: Dorex2007 ($2.04 in chips) 
Seat 7: Sclavor ($2.50 in chips) 
Seat 8: jameja ($4.97 in chips) 
Seat 9: tomashovka55 ($2.05 in chips) 
VVValeriy11: posts small blind $0.01
KamKsen: posts big blind $0.02
*** HOLE CARDS ***
Dealt to Dorex2007 [4c 8h]
mesquitagpa: folds 
pleasenono: folds 
nadokesh: folds 
Dorex2007: folds 
Sclavor: folds 
jameja: calls $0.02
tomashovka55: folds 
VVValeriy11: folds 
KamKsen: checks 
*** FLOP *** [6c Kh 2d]
KamKsen: checks 
jameja: checks 
*** TURN *** [6c Kh 2d] [5d]
KamKsen: checks 
jameja: checks 
*** RIVER *** [6c Kh 2d 5d] [Kc]
KamKsen: checks 
jameja: checks 
*** SHOW DOWN ***
KamKsen: shows [Qh Td] (a pair of Kings)
jameja: mucks hand 
KamKsen collected $0.05 from pot
*** SUMMARY ***
Total pot $0.05 | Rake $0 
Board [6c Kh 2d 5d Kc]
Seat 1: VVValeriy11 (small blind) folded before Flop
Seat 2: KamKsen (big blind) showed [Qh Td] and won ($0.05) with a pair of Kings
Seat 3: mesquitagpa folded before Flop (didn't bet)
Seat 4: pleasenono folded before Flop (didn't bet)
Seat 5: nadokesh folded before Flop (didn't bet)
Seat 6: Dorex2007 folded before Flop (didn't bet)
Seat 7: Sclavor folded before Flop (didn't bet)
Seat 8: jameja mucked [Th 9h]
Seat 9: tomashovka55 (button) folded before Flop (didn't bet)



PokerStars Hand #229840862456:  Hold'em No Limit ($0.01/$0.02 USD) - 2021/09/14 0:29:10 PT [2021/09/14 3:29:10 ET]
Table 'Prieska II' 9-max Seat #1 is the button
Seat 1: VVValeriy11 ($1.68 in chips) 
Seat 2: KamKsen ($2.84 in chips) 
Seat 3: mesquitagpa ($1.15 in chips) 
Seat 4: pleasenono ($2.47 in chips) 
Seat 5: nadokesh ($2 in chips) 
Seat 6: Dorex2007 ($2.04 in chips) 
Seat 7: Sclavor ($2.50 in chips) 
Seat 8: jameja ($4.95 in chips) 
Seat 9: tomashovka55 ($2.05 in chips) 
KamKsen: posts small blind $0.01
mesquitagpa: posts big blind $0.02
*** HOLE CARDS ***
Dealt to Dorex2007 [9h Kh]
pleasenono: folds 
nadokesh: folds 
Dorex2007: folds 
Sclavor: folds 
jameja: folds 
tomashovka55: folds 
VVValeriy11: folds 
KamKsen: raises $0.04 to $0.06
mesquitagpa: folds 
Uncalled bet ($0.04) returned to KamKsen
KamKsen collected $0.04 from pot
*** SUMMARY ***
Total pot $0.04 | Rake $0 
Seat 1: VVValeriy11 (button) folded before Flop (didn't bet)
Seat 2: KamKsen (small blind) collected ($0.04)
Seat 3: mesquitagpa (big blind) folded before Flop
Seat 4: pleasenono folded before Flop (didn't bet)
Seat 5: nadokesh folded before Flop (didn't bet)
Seat 6: Dorex2007 folded before Flop (didn't bet)
Seat 7: Sclavor folded before Flop (didn't bet)
Seat 8: jameja folded before Flop (didn't bet)
Seat 9: tomashovka55 folded before Flop (didn't bet)



PokerStars Hand #229840865375:  Hold'em No Limit ($0.01/$0.02 USD) - 2021/09/14 0:29:30 PT [2021/09/14 3:29:30 ET]
Table 'Prieska II' 9-max Seat #2 is the button
Seat 1: VVValeriy11 ($1.68 in chips) 
Seat 2: KamKsen ($2.86 in chips) 
Seat 3: mesquitagpa ($1.13 in chips) 
Seat 4: pleasenono ($2.47 in chips) 
Seat 5: nadokesh ($2 in chips) 
Seat 6: Dorex2007 ($2.04 in chips) 
Seat 7: Sclavor ($2.50 in chips) 
Seat 8: jameja ($4.95 in chips) 
Seat 9: tomashovka55 ($2.05 in chips) 
mesquitagpa: posts small blind $0.01
pleasenono: posts big blind $0.02
*** HOLE CARDS ***
Dealt to Dorex2007 [Ks Ad]
nadokesh: folds 
Dorex2007: raises $0.04 to $0.06
Sclavor: folds 
jameja: folds 
tomashovka55: folds 
VVValeriy11: folds 
KamKsen: folds 
mesquitagpa: calls $0.05
pleasenono: folds 
*** FLOP *** [Jh Jc 5d]
mesquitagpa: checks 
Dorex2007: bets $0.14
mesquitagpa: folds 
Uncalled bet ($0.14) returned to Dorex2007
Dorex2007 collected $0.14 from pot
Dorex2007: doesn't show hand 
*** SUMMARY ***
Total pot $0.14 | Rake $0 
Board [Jh Jc 5d]
Seat 1: VVValeriy11 folded before Flop (didn't bet)
Seat 2: KamKsen (button) folded before Flop (didn't bet)
Seat 3: mesquitagpa (small blind) folded on the Flop
Seat 4: pleasenono (big blind) folded before Flop
Seat 5: nadokesh folded before Flop (didn't bet)
Seat 6: Dorex2007 collected ($0.14)
Seat 7: Sclavor folded before Flop (didn't bet)
Seat 8: jameja folded before Flop (didn't bet)
Seat 9: tomashovka55 folded before Flop (didn't bet)



PokerStars Hand #229840870935:  Hold'em No Limit ($0.01/$0.02 USD) - 2021/09/14 0:30:08 PT [2021/09/14 3:30:08 ET]
Table 'Prieska II' 9-max Seat #3 is the button
Seat 1: VVValeriy11 ($1.68 in chips) 
Seat 2: KamKsen ($2.86 in chips) 
Seat 3: mesquitagpa ($1.07 in chips) 
Seat 4: pleasenono ($2.45 in chips) 
Seat 5: nadokesh ($2 in chips) 
Seat 6: Dorex2007 ($2.12 in chips) 
Seat 7: Sclavor ($2.50 in chips) 
Seat 8: jameja ($4.95 in chips) 
Seat 9: tomashovka55 ($2.05 in chips) 
pleasenono: posts small blind $0.01
nadokesh: posts big blind $0.02
*** HOLE CARDS ***
Dealt to Dorex2007 [Jc 8c]
Dorex2007: folds 
Sclavor: folds 
jameja: calls $0.02
tomashovka55: folds 
VVValeriy11: folds 
KamKsen: folds 
mesquitagpa: calls $0.02
pleasenono: folds 
nadokesh: checks 
*** FLOP *** [3c Ks 2d]
nadokesh: checks 
jameja: checks 
mesquitagpa: bets $0.06
nadokesh: folds 
jameja: folds 
Uncalled bet ($0.06) returned to mesquitagpa
mesquitagpa collected $0.07 from pot
mesquitagpa: doesn't show hand 
*** SUMMARY ***
Total pot $0.07 | Rake $0 
Board [3c Ks 2d]
Seat 1: VVValeriy11 folded before Flop (didn't bet)
Seat 2: KamKsen folded before Flop (didn't bet)
Seat 3: mesquitagpa (button) collected ($0.07)
Seat 4: pleasenono (small blind) folded before Flop
Seat 5: nadokesh (big blind) folded on the Flop
Seat 6: Dorex2007 folded before Flop (didn't bet)
Seat 7: Sclavor folded before Flop (didn't bet)
Seat 8: jameja folded on the Flop
Seat 9: tomashovka55 folded before Flop (didn't bet)



PokerStars Hand #229840875622:  Hold'em No Limit ($0.01/$0.02 USD) - 2021/09/14 0:30:40 PT [2021/09/14 3:30:40 ET]
Table 'Prieska II' 9-max Seat #4 is the button
Seat 1: VVValeriy11 ($1.68 in chips) 
Seat 2: KamKsen ($2.86 in chips) 
Seat 3: mesquitagpa ($1.12 in chips) 
Seat 4: pleasenono ($2.44 in chips) 
Seat 5: nadokesh ($2 in chips) 
Seat 6: Dorex2007 ($2.12 in chips) 
Seat 7: Sclavor ($2.50 in chips) 
Seat 8: jameja ($4.93 in chips) 
Seat 9: tomashovka55 ($2.05 in chips) 
nadokesh: posts small blind $0.01
Dorex2007: posts big blind $0.02
*** HOLE CARDS ***
Dealt to Dorex2007 [4s 9d]
Sclavor: raises $0.04 to $0.06
jameja: folds 
tomashovka55: calls $0.06
VVValeriy11: folds 
KamKsen: raises $0.21 to $0.27
mesquitagpa: folds 
pleasenono: folds 
nadokesh: folds 
Dorex2007: folds 
Sclavor: raises $0.73 to $1
tomashovka55: folds 
KamKsen: raises $1.86 to $2.86 and is all-in
Sclavor: calls $1.50 and is all-in
Uncalled bet ($0.36) returned to KamKsen
*** FLOP *** [Kd 2s 5s]
*** TURN *** [Kd 2s 5s] [4d]
*** RIVER *** [Kd 2s 5s 4d] [4h]
*** SHOW DOWN ***
Sclavor: shows [Ah Kh] (two pair, Kings and Fours)
KamKsen: shows [Ac Ks] (two pair, Kings and Fours)
Sclavor collected $2.46 from pot
KamKsen cashed out the hand for $2.31 | Cash Out Fee $0.02
*** SUMMARY ***
Total pot $5.09 | Rake $0.18 
Board [Kd 2s 5s 4d 4h]
Seat 1: VVValeriy11 folded before Flop (didn't bet)
Seat 2: KamKsen showed [Ac Ks] and won ($2.45) with two pair, Kings and Fours (pot not awarded as player cashed out)
Seat 3: mesquitagpa folded before Flop (didn't bet)
Seat 4: pleasenono (button) folded before Flop (didn't bet)
Seat 5: nadokesh (small blind) folded before Flop
Seat 6: Dorex2007 (big blind) folded before Flop
Seat 7: Sclavor showed [Ah Kh] and won ($2.46) with two pair, Kings and Fours
Seat 8: jameja folded before Flop (didn't bet)
Seat 9: tomashovka55 folded before Flop



PokerStars Hand #229840884015:  Hold'em No Limit ($0.01/$0.02 USD) - 2021/09/14 0:31:37 PT [2021/09/14 3:31:37 ET]
Table 'Prieska II' 9-max Seat #5 is the button
Seat 1: VVValeriy11 ($1.68 in chips) 
Seat 2: KamKsen ($2.67 in chips) 
Seat 3: mesquitagpa ($1.12 in chips) 
Seat 4: pleasenono ($2.44 in chips) 
Seat 5: nadokesh ($2 in chips) 
Seat 6: Dorex2007 ($2.10 in chips) 
Seat 7: Sclavor ($2.46 in chips) 
Seat 8: jameja ($4.93 in chips) 
Seat 9: tomashovka55 ($2 in chips) 
Dorex2007: posts small blind $0.01
Sclavor: posts big blind $0.02
*** HOLE CARDS ***
Dealt to Dorex2007 [Ac Kd]
jameja: folds 
tomashovka55: folds 
VVValeriy11: folds 
KamKsen: folds 
mesquitagpa: folds 
pleasenono: folds 
nadokesh: folds 
Dorex2007: raises $0.02 to $0.04
Sclavor: folds 
Uncalled bet ($0.02) returned to Dorex2007
Dorex2007 collected $0.04 from pot
Dorex2007: doesn't show hand 
*** SUMMARY ***
Total pot $0.04 | Rake $0 
Seat 1: VVValeriy11 folded before Flop (didn't bet)
Seat 2: KamKsen folded before Flop (didn't bet)
Seat 3: mesquitagpa folded before Flop (didn't bet)
Seat 4: pleasenono folded before Flop (didn't bet)
Seat 5: nadokesh (button) folded before Flop (didn't bet)
Seat 6: Dorex2007 (small blind) collected ($0.04)
Seat 7: Sclavor (big blind) folded before Flop
Seat 8: jameja folded before Flop (didn't bet)
Seat 9: tomashovka55 folded before Flop (didn't bet)



PokerStars Hand #229840888007:  Hold'em No Limit ($0.01/$0.02 USD) - 2021/09/14 0:32:03 PT [2021/09/14 3:32:03 ET]
Table 'Prieska II' 9-max Seat #6 is the button
Seat 1: VVValeriy11 ($1.68 in chips) 
Seat 2: KamKsen ($2.67 in chips) 
Seat 3: mesquitagpa ($1.12 in chips) 
Seat 4: pleasenono ($2.44 in chips) 
Seat 5: nadokesh ($2 in chips) 
Seat 6: Dorex2007 ($2.12 in chips) 
Seat 7: Sclavor ($2.44 in chips) 
Seat 8: jameja ($4.93 in chips) 
Seat 9: tomashovka55 ($2 in chips) 
Sclavor: posts small blind $0.01
jameja: posts big blind $0.02
*** HOLE CARDS ***
Dealt to Dorex2007 [4s 3h]
tomashovka55: raises $0.04 to $0.06
VVValeriy11: folds 
KamKsen: folds 
mesquitagpa: folds 
pleasenono: folds 
nadokesh: folds 
Dorex2007: folds 
Sclavor: folds 
jameja: folds 
Uncalled bet ($0.04) returned to tomashovka55
tomashovka55 collected $0.05 from pot
*** SUMMARY ***
Total pot $0.05 | Rake $0 
Seat 1: VVValeriy11 folded before Flop (didn't bet)
Seat 2: KamKsen folded before Flop (didn't bet)
Seat 3: mesquitagpa folded before Flop (didn't bet)
Seat 4: pleasenono folded before Flop (didn't bet)
Seat 5: nadokesh folded before Flop (didn't bet)
Seat 6: Dorex2007 (button) folded before Flop (didn't bet)
Seat 7: Sclavor (small blind) folded before Flop
Seat 8: jameja (big blind) folded before Flop
Seat 9: tomashovka55 collected ($0.05)



PokerStars Hand #229840891085:  Hold'em No Limit ($0.01/$0.02 USD) - 2021/09/14 0:32:23 PT [2021/09/14 3:32:23 ET]
Table 'Prieska II' 9-max Seat #7 is the button
Seat 1: VVValeriy11 ($1.68 in chips) 
Seat 2: KamKsen ($2.67 in chips) 
Seat 3: mesquitagpa ($1.12 in chips) 
Seat 4: pleasenono ($2.44 in chips) 
Seat 5: nadokesh ($2 in chips) 
Seat 6: Dorex2007 ($2.12 in chips) 
Seat 7: Sclavor ($2.43 in chips) 
Seat 8: jameja ($4.91 in chips) 
Seat 9: tomashovka55 ($2.03 in chips) 
jameja: posts small blind $0.01
tomashovka55: posts big blind $0.02
*** HOLE CARDS ***
Dealt to Dorex2007 [4d 7s]
VVValeriy11: folds 
KamKsen: folds 
mesquitagpa: folds 
pleasenono: folds 
nadokesh: folds 
Dorex2007: folds 
Sclavor: folds 
jameja: folds 
Uncalled bet ($0.01) returned to tomashovka55
tomashovka55 collected $0.02 from pot
*** SUMMARY ***
Total pot $0.02 | Rake $0 
Seat 1: VVValeriy11 folded before Flop (didn't bet)
Seat 2: KamKsen folded before Flop (didn't bet)
Seat 3: mesquitagpa folded before Flop (didn't bet)
Seat 4: pleasenono folded before Flop (didn't bet)
Seat 5: nadokesh folded before Flop (didn't bet)
Seat 6: Dorex2007 folded before Flop (didn't bet)
Seat 7: Sclavor (button) folded before Flop (didn't bet)
Seat 8: jameja (small blind) folded before Flop
Seat 9: tomashovka55 (big blind) collected ($0.02)



PokerStars Hand #229840893619:  Hold'em No Limit ($0.01/$0.02 USD) - 2021/09/14 0:32:40 PT [2021/09/14 3:32:40 ET]
Table 'Prieska II' 9-max Seat #8 is the button
Seat 1: VVValeriy11 ($1.68 in chips) 
Seat 2: KamKsen ($2.67 in chips) 
Seat 3: mesquitagpa ($1.12 in chips) 
Seat 4: pleasenono ($2.44 in chips) 
Seat 5: nadokesh ($2 in chips) 
Seat 6: Dorex2007 ($2.12 in chips) 
Seat 7: Sclavor ($2.43 in chips) 
Seat 8: jameja ($4.90 in chips) 
Seat 9: tomashovka55 ($2.04 in chips) 
tomashovka55: posts small blind $0.01
VVValeriy11: posts big blind $0.02
*** HOLE CARDS ***
Dealt to Dorex2007 [7h Jc]
KamKsen: folds 
mesquitagpa: folds 
pleasenono: folds 
nadokesh: folds 
Dorex2007: folds 
Sclavor: folds 
jameja: folds 
tomashovka55: raises $0.03 to $0.05
VVValeriy11: folds 
Uncalled bet ($0.03) returned to tomashovka55
tomashovka55 collected $0.04 from pot
*** SUMMARY ***
Total pot $0.04 | Rake $0 
Seat 1: VVValeriy11 (big blind) folded before Flop
Seat 2: KamKsen folded before Flop (didn't bet)
Seat 3: mesquitagpa folded before Flop (didn't bet)
Seat 4: pleasenono folded before Flop (didn't bet)
Seat 5: nadokesh folded before Flop (didn't bet)
Seat 6: Dorex2007 folded before Flop (didn't bet)
Seat 7: Sclavor folded before Flop (didn't bet)
Seat 8: jameja (button) folded before Flop (didn't bet)
Seat 9: tomashovka55 (small blind) collected ($0.04)



PokerStars Hand #229840897154:  Hold'em No Limit ($0.01/$0.02 USD) - 2021/09/14 0:33:04 PT [2021/09/14 3:33:04 ET]
Table 'Prieska II' 9-max Seat #9 is the button
Seat 1: VVValeriy11 ($1.66 in chips) 
Seat 2: KamKsen ($2.67 in chips) 
Seat 3: mesquitagpa ($1.12 in chips) 
Seat 4: pleasenono ($2.44 in chips) 
Seat 5: nadokesh ($2 in chips) 
Seat 6: Dorex2007 ($2.12 in chips) 
Seat 7: Sclavor ($2.43 in chips) 
Seat 8: jameja ($4.90 in chips) 
Seat 9: tomashovka55 ($2.06 in chips) 
VVValeriy11: posts small blind $0.01
KamKsen: posts big blind $0.02
*** HOLE CARDS ***
Dealt to Dorex2007 [Ac Kd]
mesquitagpa: folds 
pleasenono: folds 
nadokesh: raises $0.04 to $0.06
Dorex2007: raises $0.10 to $0.16
Sclavor: folds 
jameja: folds 
tomashovka55: folds 
VVValeriy11: folds 
KamKsen: folds 
nadokesh: calls $0.10
*** FLOP *** [7h Jc 6s]
nadokesh: checks 
Dorex2007: bets $0.34
nadokesh: calls $0.34
*** TURN *** [7h Jc 6s] [Ah]
nadokesh: checks 
Dorex2007: bets $0.22
nadokesh: folds 
Uncalled bet ($0.22) returned to Dorex2007
Dorex2007 collected $0.99 from pot
Dorex2007: doesn't show hand 
*** SUMMARY ***
Total pot $1.03 | Rake $0.04 
Board [7h Jc 6s Ah]
Seat 1: VVValeriy11 (small blind) folded before Flop
Seat 2: KamKsen (big blind) folded before Flop
Seat 3: mesquitagpa folded before Flop (didn't bet)
Seat 4: pleasenono folded before Flop (didn't bet)
Seat 5: nadokesh folded on the Turn
Seat 6: Dorex2007 collected ($0.99)
Seat 7: Sclavor folded before Flop (didn't bet)
Seat 8: jameja folded before Flop (didn't bet)
Seat 9: tomashovka55 (button) folded before Flop (didn't bet)



PokerStars Hand #229840904885:  Hold'em No Limit ($0.01/$0.02 USD) - 2021/09/14 0:33:55 PT [2021/09/14 3:33:55 ET]
Table 'Prieska II' 9-max Seat #1 is the button
Seat 1: VVValeriy11 ($1.65 in chips) 
Seat 2: KamKsen ($2.65 in chips) 
Seat 3: mesquitagpa ($1.12 in chips) 
Seat 4: pleasenono ($2.44 in chips) 
Seat 5: nadokesh ($2 in chips) 
Seat 6: Dorex2007 ($2.61 in chips) 
Seat 7: Sclavor ($2.43 in chips) 
Seat 8: jameja ($4.90 in chips) 
Seat 9: tomashovka55 ($2.06 in chips) 
KamKsen: posts small blind $0.01
mesquitagpa: posts big blind $0.02
*** HOLE CARDS ***
Dealt to Dorex2007 [4c 5d]
pleasenono: folds 
nadokesh: folds 
Dorex2007: folds 
Sclavor: folds 
jameja: folds 
tomashovka55: folds 
VVValeriy11: folds 
KamKsen: folds 
Uncalled bet ($0.01) returned to mesquitagpa
mesquitagpa collected $0.02 from pot
mesquitagpa: doesn't show hand 
*** SUMMARY ***
Total pot $0.02 | Rake $0 
Seat 1: VVValeriy11 (button) folded before Flop (didn't bet)
Seat 2: KamKsen (small blind) folded before Flop
Seat 3: mesquitagpa (big blind) collected ($0.02)
Seat 4: pleasenono folded before Flop (didn't bet)
Seat 5: nadokesh folded before Flop (didn't bet)
Seat 6: Dorex2007 folded before Flop (didn't bet)
Seat 7: Sclavor folded before Flop (didn't bet)
Seat 8: jameja folded before Flop (didn't bet)
Seat 9: tomashovka55 folded before Flop (didn't bet)



PokerStars Hand #229840906904:  Hold'em No Limit ($0.01/$0.02 USD) - 2021/09/14 0:34:08 PT [2021/09/14 3:34:08 ET]
Table 'Prieska II' 9-max Seat #2 is the button
Seat 1: VVValeriy11 ($1.65 in chips) 
Seat 2: KamKsen ($2.64 in chips) 
Seat 3: mesquitagpa ($1.13 in chips) 
Seat 4: pleasenono ($2.44 in chips) 
Seat 5: nadokesh ($2 in chips) 
Seat 6: Dorex2007 ($2.61 in chips) 
Seat 7: Sclavor ($2.43 in chips) 
Seat 8: jameja ($4.90 in chips) 
Seat 9: tomashovka55 ($2.06 in chips) 
mesquitagpa: posts small blind $0.01
pleasenono: posts big blind $0.02
*** HOLE CARDS ***
Dealt to Dorex2007 [Td 3c]
nadokesh: folds 
Dorex2007: folds 
Sclavor: folds 
jameja: folds 
tomashovka55: folds 
VVValeriy11: folds 
KamKsen: raises $0.04 to $0.06
mesquitagpa: folds 
pleasenono: folds 
Uncalled bet ($0.04) returned to KamKsen
KamKsen collected $0.05 from pot
*** SUMMARY ***
Total pot $0.05 | Rake $0 
Seat 1: VVValeriy11 folded before Flop (didn't bet)
Seat 2: KamKsen (button) collected ($0.05)
Seat 3: mesquitagpa (small blind) folded before Flop
Seat 4: pleasenono (big blind) folded before Flop
Seat 5: nadokesh folded before Flop (didn't bet)
Seat 6: Dorex2007 folded before Flop (didn't bet)
Seat 7: Sclavor folded before Flop (didn't bet)
Seat 8: jameja folded before Flop (didn't bet)
Seat 9: tomashovka55 folded before Flop (didn't bet)



PokerStars Hand #229840909890:  Hold'em No Limit ($0.01/$0.02 USD) - 2021/09/14 0:34:28 PT [2021/09/14 3:34:28 ET]
Table 'Prieska II' 9-max Seat #3 is the button
Seat 1: VVValeriy11 ($1.65 in chips) 
Seat 2: KamKsen ($2.67 in chips) 
Seat 3: mesquitagpa ($1.12 in chips) 
Seat 4: pleasenono ($2.42 in chips) 
Seat 5: nadokesh ($2 in chips) 
Seat 6: Dorex2007 ($2.61 in chips) 
Seat 7: Sclavor ($2.43 in chips) 
Seat 8: jameja ($4.90 in chips) 
Seat 9: tomashovka55 ($2.06 in chips) 
pleasenono: posts small blind $0.01
nadokesh: posts big blind $0.02
*** HOLE CARDS ***
Dealt to Dorex2007 [9c 2c]
Dorex2007: folds 
Sclavor: folds 
jameja: folds 
tomashovka55: folds 
VVValeriy11: folds 
KamKsen is disconnected 
KamKsen has timed out while being disconnected
KamKsen: folds 
mesquitagpa: raises $0.06 to $0.08
pleasenono: folds 
nadokesh: folds 
Uncalled bet ($0.06) returned to mesquitagpa
mesquitagpa collected $0.05 from pot
mesquitagpa: doesn't show hand 
*** SUMMARY ***
Total pot $0.05 | Rake $0 
Seat 1: VVValeriy11 folded before Flop (didn't bet)
Seat 2: KamKsen folded before Flop (didn't bet)
Seat 3: mesquitagpa (button) collected ($0.05)
Seat 4: pleasenono (small blind) folded before Flop
Seat 5: nadokesh (big blind) folded before Flop
Seat 6: Dorex2007 folded before Flop (didn't bet)
Seat 7: Sclavor folded before Flop (didn't bet)
Seat 8: jameja folded before Flop (didn't bet)
Seat 9: tomashovka55 folded before Flop (didn't bet)



PokerStars Hand #229840922774:  Hold'em No Limit ($0.01/$0.02 USD) - 2021/09/14 0:35:25 PT [2021/09/14 3:35:25 ET]
Table 'Prieska II' 9-max Seat #4 is the button
Seat 1: VVValeriy11 ($1.65 in chips) 
Seat 2: KamKsen ($2.67 in chips) 
Seat 3: mesquitagpa ($1.15 in chips) 
Seat 4: pleasenono ($2.41 in chips) 
Seat 5: nadokesh ($2 in chips) 
Seat 6: Dorex2007 ($2.61 in chips) 
Seat 7: Sclavor ($2.43 in chips) 
Seat 8: jameja ($4.90 in chips) 
Seat 9: tomashovka55 ($2.06 in chips) 
nadokesh: posts small blind $0.01
Dorex2007: posts big blind $0.02
*** HOLE CARDS ***
Dealt to Dorex2007 [3c 4c]
Sclavor: folds 
jameja: calls $0.02
tomashovka55: folds 
VVValeriy11: folds 
KamKsen: folds 
mesquitagpa: folds 
pleasenono has timed out
pleasenono: folds 
nadokesh: calls $0.01
Dorex2007: checks 
*** FLOP *** [9h 8d Qs]
nadokesh: checks 
Dorex2007: checks 
jameja: checks 
*** TURN *** [9h 8d Qs] [5s]
nadokesh: bets $0.06
Dorex2007: folds 
jameja: folds 
Uncalled bet ($0.06) returned to nadokesh
nadokesh collected $0.06 from pot
nadokesh: doesn't show hand 
*** SUMMARY ***
Total pot $0.06 | Rake $0 
Board [9h 8d Qs 5s]
Seat 1: VVValeriy11 folded before Flop (didn't bet)
Seat 2: KamKsen folded before Flop (didn't bet)
Seat 3: mesquitagpa folded before Flop (didn't bet)
Seat 4: pleasenono (button) folded before Flop (didn't bet)
Seat 5: nadokesh (small blind) collected ($0.06)
Seat 6: Dorex2007 (big blind) folded on the Turn
Seat 7: Sclavor folded before Flop (didn't bet)
Seat 8: jameja folded on the Turn
Seat 9: tomashovka55 folded before Flop (didn't bet)



PokerStars Hand #229840931760:  Hold'em No Limit ($0.01/$0.02 USD) - 2021/09/14 0:36:25 PT [2021/09/14 3:36:25 ET]
Table 'Prieska II' 9-max Seat #5 is the button
Seat 1: VVValeriy11 ($1.65 in chips) 
Seat 2: KamKsen ($2.67 in chips) 
Seat 3: mesquitagpa ($1.15 in chips) 
Seat 5: nadokesh ($2.04 in chips) 
Seat 6: Dorex2007 ($2.59 in chips) 
Seat 7: Sclavor ($2.43 in chips) 
Seat 8: jameja ($4.88 in chips) 
Seat 9: tomashovka55 ($2.06 in chips) 
Dorex2007: posts small blind $0.01
Sclavor: posts big blind $0.02
*** HOLE CARDS ***
Dealt to Dorex2007 [Th 4c]
jameja: folds 
tomashovka55: folds 
VVValeriy11: folds 
KamKsen: folds 
mesquitagpa: folds 
nadokesh: folds 
Dorex2007: folds 
Uncalled bet ($0.01) returned to Sclavor
Sclavor collected $0.02 from pot
Sclavor: doesn't show hand 
*** SUMMARY ***
Total pot $0.02 | Rake $0 
Seat 1: VVValeriy11 folded before Flop (didn't bet)
Seat 2: KamKsen folded before Flop (didn't bet)
Seat 3: mesquitagpa folded before Flop (didn't bet)
Seat 5: nadokesh (button) folded before Flop (didn't bet)
Seat 6: Dorex2007 (small blind) folded before Flop
Seat 7: Sclavor (big blind) collected ($0.02)
Seat 8: jameja folded before Flop (didn't bet)
Seat 9: tomashovka55 folded before Flop (didn't bet)



PokerStars Hand #229840933189:  Hold'em No Limit ($0.01/$0.02 USD) - 2021/09/14 0:36:34 PT [2021/09/14 3:36:34 ET]
Table 'Prieska II' 9-max Seat #6 is the button
Seat 1: VVValeriy11 ($1.65 in chips) 
Seat 2: KamKsen ($2.67 in chips) 
Seat 3: mesquitagpa ($1.15 in chips) 
Seat 5: nadokesh ($2.04 in chips) 
Seat 6: Dorex2007 ($2.58 in chips) 
Seat 7: Sclavor ($2.44 in chips) 
Seat 8: jameja ($4.88 in chips) 
Seat 9: tomashovka55 ($2.06 in chips) 
Sclavor: posts small blind $0.01
jameja: posts big blind $0.02
*** HOLE CARDS ***
Dealt to Dorex2007 [Js Jc]
tomashovka55: folds 
VVValeriy11: folds 
KamKsen: folds 
mesquitagpa: folds 
nadokesh: folds 
Dorex2007: raises $0.04 to $0.06
Sclavor: folds 
jameja: folds 
Uncalled bet ($0.04) returned to Dorex2007
Dorex2007 collected $0.05 from pot
Dorex2007: doesn't show hand 
*** SUMMARY ***
Total pot $0.05 | Rake $0 
Seat 1: VVValeriy11 folded before Flop (didn't bet)
Seat 2: KamKsen folded before Flop (didn't bet)
Seat 3: mesquitagpa folded before Flop (didn't bet)
Seat 5: nadokesh folded before Flop (didn't bet)
Seat 6: Dorex2007 (button) collected ($0.05)
Seat 7: Sclavor (small blind) folded before Flop
Seat 8: jameja (big blind) folded before Flop
Seat 9: tomashovka55 folded before Flop (didn't bet)



PokerStars Hand #229840935547:  Hold'em No Limit ($0.01/$0.02 USD) - 2021/09/14 0:36:50 PT [2021/09/14 3:36:50 ET]
Table 'Prieska II' 9-max Seat #7 is the button
Seat 1: VVValeriy11 ($1.65 in chips) 
Seat 2: KamKsen ($2.67 in chips) 
Seat 3: mesquitagpa ($1.15 in chips) 
Seat 5: nadokesh ($2.04 in chips) 
Seat 6: Dorex2007 ($2.61 in chips) 
Seat 7: Sclavor ($2.43 in chips) 
Seat 8: jameja ($4.86 in chips) 
Seat 9: tomashovka55 ($2.06 in chips) 
jameja: posts small blind $0.01
tomashovka55: posts big blind $0.02
*** HOLE CARDS ***
Dealt to Dorex2007 [4d Kd]
VVValeriy11: folds 
KamKsen: folds 
mesquitagpa: folds 
nadokesh: raises $0.03 to $0.05
Dorex2007: folds 
Sclavor: calls $0.05
jameja: folds 
tomashovka55: folds 
*** FLOP *** [4s 6d Tc]
nadokesh: bets $0.09
KamKsen leaves the table
Sclavor: calls $0.09
*** TURN *** [4s 6d Tc] [5s]
nadokesh: bets $0.20
Sclavor: folds 
Uncalled bet ($0.20) returned to nadokesh
nadokesh collected $0.30 from pot
nadokesh: doesn't show hand 
*** SUMMARY ***
Total pot $0.31 | Rake $0.01 
Board [4s 6d Tc 5s]
Seat 1: VVValeriy11 folded before Flop (didn't bet)
Seat 2: KamKsen folded before Flop (didn't bet)
Seat 3: mesquitagpa folded before Flop (didn't bet)
Seat 5: nadokesh collected ($0.30)
Seat 6: Dorex2007 folded before Flop (didn't bet)
Seat 7: Sclavor (button) folded on the Turn
Seat 8: jameja (small blind) folded before Flop
Seat 9: tomashovka55 (big blind) folded before Flop



