PokerStars Hand #227561538669:  Hold'em No Limit ($0.01/$0.02 USD) - 2021/06/13 15:04:59 PT [2021/06/13 18:04:59 ET]
Table 'Coubertin II' 9-max Seat #9 is the button
Seat 1: milkovich90 ($2 in chips) 
Seat 2: Dorex2007 ($2 in chips) 
Seat 3: nesnahh ($4.49 in chips) 
Seat 4: bmwmann8 ($8.74 in chips) 
Seat 5: tutjak ($2 in chips) 
Seat 6: marialazar ($3.79 in chips) 
Seat 7: vasco940 ($0.99 in chips) 
Seat 8: Mike_5CE ($1.80 in chips) 
Seat 9: Stun64 ($2.64 in chips) 
milkovich90: posts small blind $0.01
Dorex2007: posts big blind $0.02
*** HOLE CARDS ***
Dealt to Dorex2007 [Ks 5h]
nesnahh: folds 
bmwmann8: calls $0.02
tutjak: raises $0.10 to $0.12
marialazar: folds 
marialazar leaves the table
vasco940: folds 
Mike_5CE: folds 
Stun64: folds 
milkovich90: folds 
Dorex2007: folds 
bmwmann8: folds 
Uncalled bet ($0.10) returned to tutjak
tutjak collected $0.07 from pot
tutjak: doesn't show hand 
*** SUMMARY ***
Total pot $0.07 | Rake $0 
Seat 1: milkovich90 (small blind) folded before Flop
Seat 2: Dorex2007 (big blind) folded before Flop
Seat 3: nesnahh folded before Flop (didn't bet)
Seat 4: bmwmann8 folded before Flop
Seat 5: tutjak collected ($0.07)
Seat 6: marialazar folded before Flop (didn't bet)
Seat 7: vasco940 folded before Flop (didn't bet)
Seat 8: Mike_5CE folded before Flop (didn't bet)
Seat 9: Stun64 (button) folded before Flop (didn't bet)



PokerStars Hand #227561546922:  Hold'em No Limit ($0.01/$0.02 USD) - 2021/06/13 15:05:18 PT [2021/06/13 18:05:18 ET]
Table 'Coubertin II' 9-max Seat #1 is the button
Seat 1: milkovich90 ($2 in chips) 
Seat 2: Dorex2007 ($1.98 in chips) 
Seat 3: nesnahh ($4.49 in chips) 
Seat 4: bmwmann8 ($8.72 in chips) 
Seat 5: tutjak ($2.05 in chips) 
Seat 7: vasco940 ($0.99 in chips) 
Seat 8: Mike_5CE ($1.80 in chips) 
Seat 9: Stun64 ($2.64 in chips) 
Dorex2007: posts small blind $0.01
nesnahh: posts big blind $0.02
*** HOLE CARDS ***
Dealt to Dorex2007 [2h 8c]
bmwmann8: folds 
tutjak: folds 
vasco940: folds 
Mike_5CE: folds 
cinar6868 joins the table at seat #6 
Stun64: calls $0.02
milkovich90: folds 
Dorex2007: folds 
nesnahh: checks 
*** FLOP *** [8h Kc 8d]
nesnahh: checks 
Stun64: bets $0.03
nesnahh: folds 
Uncalled bet ($0.03) returned to Stun64
Stun64 collected $0.05 from pot
Stun64: doesn't show hand 
*** SUMMARY ***
Total pot $0.05 | Rake $0 
Board [8h Kc 8d]
Seat 1: milkovich90 (button) folded before Flop (didn't bet)
Seat 2: Dorex2007 (small blind) folded before Flop
Seat 3: nesnahh (big blind) folded on the Flop
Seat 4: bmwmann8 folded before Flop (didn't bet)
Seat 5: tutjak folded before Flop (didn't bet)
Seat 7: vasco940 folded before Flop (didn't bet)
Seat 8: Mike_5CE folded before Flop (didn't bet)
Seat 9: Stun64 collected ($0.05)



PokerStars Hand #227561557245:  Hold'em No Limit ($0.01/$0.02 USD) - 2021/06/13 15:05:42 PT [2021/06/13 18:05:42 ET]
Table 'Coubertin II' 9-max Seat #2 is the button
Seat 1: milkovich90 ($2 in chips) 
Seat 2: Dorex2007 ($1.97 in chips) 
Seat 3: nesnahh ($4.47 in chips) 
Seat 4: bmwmann8 ($8.72 in chips) 
Seat 5: tutjak ($2.05 in chips) 
Seat 6: cinar6868 ($0.80 in chips) 
Seat 7: vasco940 ($0.99 in chips) 
Seat 8: Mike_5CE ($1.80 in chips) 
Seat 9: Stun64 ($2.67 in chips) 
nesnahh: posts small blind $0.01
bmwmann8: posts big blind $0.02
cinar6868: posts big blind $0.02
*** HOLE CARDS ***
Dealt to Dorex2007 [6d Jc]
tutjak: folds 
cinar6868: checks 
vasco940: folds 
Mike_5CE: folds 
Stun64: calls $0.02
milkovich90: folds 
Dorex2007: folds 
nesnahh: folds 
bmwmann8: checks 
*** FLOP *** [3h Ks 6h]
bmwmann8: checks 
cinar6868 has timed out
cinar6868: checks 
Stun64: bets $0.04
bmwmann8: folds 
cinar6868: folds 
Uncalled bet ($0.04) returned to Stun64
Stun64 collected $0.07 from pot
Stun64: doesn't show hand 
*** SUMMARY ***
Total pot $0.07 | Rake $0 
Board [3h Ks 6h]
Seat 1: milkovich90 folded before Flop (didn't bet)
Seat 2: Dorex2007 (button) folded before Flop (didn't bet)
Seat 3: nesnahh (small blind) folded before Flop
Seat 4: bmwmann8 (big blind) folded on the Flop
Seat 5: tutjak folded before Flop (didn't bet)
Seat 6: cinar6868 folded on the Flop (didn't bet)
Seat 7: vasco940 folded before Flop (didn't bet)
Seat 8: Mike_5CE folded before Flop (didn't bet)
Seat 9: Stun64 collected ($0.07)



PokerStars Hand #227561582996:  Hold'em No Limit ($0.01/$0.02 USD) - 2021/06/13 15:06:42 PT [2021/06/13 18:06:42 ET]
Table 'Coubertin II' 9-max Seat #3 is the button
Seat 1: milkovich90 ($2 in chips) 
Seat 2: Dorex2007 ($1.97 in chips) 
Seat 3: nesnahh ($4.46 in chips) 
Seat 4: bmwmann8 ($8.70 in chips) 
Seat 5: tutjak ($2.05 in chips) 
Seat 6: cinar6868 ($0.78 in chips) 
Seat 7: vasco940 ($0.99 in chips) 
Seat 8: Mike_5CE ($1.80 in chips) 
Seat 9: Stun64 ($2.72 in chips) 
bmwmann8: posts small blind $0.01
tutjak: posts big blind $0.02
*** HOLE CARDS ***
Dealt to Dorex2007 [3d 4c]
cinar6868: folds 
vasco940: folds 
Mike_5CE: raises $0.04 to $0.06
Stun64: folds 
milkovich90: folds 
Dorex2007: folds 
nesnahh: folds 
bmwmann8: calls $0.05
tutjak: calls $0.04
*** FLOP *** [4h 5h Ah]
bmwmann8: bets $0.09
tutjak: calls $0.09
Mike_5CE: folds 
*** TURN *** [4h 5h Ah] [Ks]
bmwmann8: bets $0.08
tutjak: raises $0.12 to $0.20
bmwmann8: calls $0.12
*** RIVER *** [4h 5h Ah Ks] [6s]
bmwmann8: checks 
tutjak: bets $0.66
bmwmann8: folds 
Uncalled bet ($0.66) returned to tutjak
tutjak collected $0.73 from pot
tutjak: doesn't show hand 
*** SUMMARY ***
Total pot $0.76 | Rake $0.03 
Board [4h 5h Ah Ks 6s]
Seat 1: milkovich90 folded before Flop (didn't bet)
Seat 2: Dorex2007 folded before Flop (didn't bet)
Seat 3: nesnahh (button) folded before Flop (didn't bet)
Seat 4: bmwmann8 (small blind) folded on the River
Seat 5: tutjak (big blind) collected ($0.73)
Seat 6: cinar6868 folded before Flop (didn't bet)
Seat 7: vasco940 folded before Flop (didn't bet)
Seat 8: Mike_5CE folded on the Flop
Seat 9: Stun64 folded before Flop (didn't bet)



PokerStars Hand #227561612912:  Hold'em No Limit ($0.01/$0.02 USD) - 2021/06/13 15:07:52 PT [2021/06/13 18:07:52 ET]
Table 'Coubertin II' 9-max Seat #4 is the button
Seat 1: milkovich90 ($2 in chips) 
Seat 2: Dorex2007 ($1.97 in chips) 
Seat 3: nesnahh ($4.46 in chips) 
Seat 4: bmwmann8 ($8.35 in chips) 
Seat 5: tutjak ($2.43 in chips) 
Seat 6: cinar6868 ($0.78 in chips) 
Seat 7: vasco940 ($0.99 in chips) 
Seat 8: Mike_5CE ($1.74 in chips) 
Seat 9: Stun64 ($2.72 in chips) 
tutjak: posts small blind $0.01
cinar6868: posts big blind $0.02
*** HOLE CARDS ***
Dealt to Dorex2007 [4c Qs]
vasco940: folds 
Mike_5CE: folds 
Stun64: raises $0.02 to $0.04
milkovich90: folds 
Dorex2007: folds 
nesnahh: folds 
bmwmann8: raises $0.06 to $0.10
tutjak: folds 
cinar6868 has timed out
cinar6868: folds 
Stun64: calls $0.06
*** FLOP *** [Ah 9s 5s]
Stun64: bets $0.11
bmwmann8: calls $0.11
*** TURN *** [Ah 9s 5s] [Qh]
Stun64: checks 
bmwmann8: bets $0.22
Stun64: calls $0.22
*** RIVER *** [Ah 9s 5s Qh] [8s]
Stun64: checks 
bmwmann8: checks 
*** SHOW DOWN ***
Stun64: shows [Kh Ac] (a pair of Aces)
bmwmann8: shows [Ad Kc] (a pair of Aces)
Stun64 collected $0.43 from pot
bmwmann8 collected $0.43 from pot
*** SUMMARY ***
Total pot $0.89 | Rake $0.03 
Board [Ah 9s 5s Qh 8s]
Seat 1: milkovich90 folded before Flop (didn't bet)
Seat 2: Dorex2007 folded before Flop (didn't bet)
Seat 3: nesnahh folded before Flop (didn't bet)
Seat 4: bmwmann8 (button) showed [Ad Kc] and won ($0.43) with a pair of Aces
Seat 5: tutjak (small blind) folded before Flop
Seat 6: cinar6868 (big blind) folded before Flop
Seat 7: vasco940 folded before Flop (didn't bet)
Seat 8: Mike_5CE folded before Flop (didn't bet)
Seat 9: Stun64 showed [Kh Ac] and won ($0.43) with a pair of Aces



PokerStars Hand #227561646939:  Hold'em No Limit ($0.01/$0.02 USD) - 2021/06/13 15:09:12 PT [2021/06/13 18:09:12 ET]
Table 'Coubertin II' 9-max Seat #5 is the button
Seat 1: milkovich90 ($2 in chips) 
Seat 2: Dorex2007 ($1.97 in chips) 
Seat 3: nesnahh ($4.46 in chips) 
Seat 4: bmwmann8 ($8.35 in chips) 
Seat 5: tutjak ($2.42 in chips) 
Seat 6: cinar6868 ($0.76 in chips) 
Seat 7: vasco940 ($0.99 in chips) 
Seat 8: Mike_5CE ($1.74 in chips) 
Seat 9: Stun64 ($2.72 in chips) 
cinar6868: posts small blind $0.01
vasco940: posts big blind $0.02
*** HOLE CARDS ***
Dealt to Dorex2007 [2s 8h]
Mike_5CE: folds 
Stun64: folds 
milkovich90: folds 
Dorex2007: folds 
nesnahh: folds 
bmwmann8: raises $0.02 to $0.04
tutjak: calls $0.04
cinar6868: folds 
vasco940: folds 
*** FLOP *** [9h 4h 3d]
bmwmann8: checks 
tutjak: checks 
*** TURN *** [9h 4h 3d] [7h]
bmwmann8: bets $0.06
tutjak: folds 
Uncalled bet ($0.06) returned to bmwmann8
bmwmann8 collected $0.11 from pot
bmwmann8: doesn't show hand 
*** SUMMARY ***
Total pot $0.11 | Rake $0 
Board [9h 4h 3d 7h]
Seat 1: milkovich90 folded before Flop (didn't bet)
Seat 2: Dorex2007 folded before Flop (didn't bet)
Seat 3: nesnahh folded before Flop (didn't bet)
Seat 4: bmwmann8 collected ($0.11)
Seat 5: tutjak (button) folded on the Turn
Seat 6: cinar6868 (small blind) folded before Flop
Seat 7: vasco940 (big blind) folded before Flop
Seat 8: Mike_5CE folded before Flop (didn't bet)
Seat 9: Stun64 folded before Flop (didn't bet)



PokerStars Hand #227561673226:  Hold'em No Limit ($0.01/$0.02 USD) - 2021/06/13 15:09:56 PT [2021/06/13 18:09:56 ET]
Table 'Coubertin II' 9-max Seat #6 is the button
Seat 1: milkovich90 ($2 in chips) 
Seat 2: Dorex2007 ($1.97 in chips) 
Seat 3: nesnahh ($4.46 in chips) 
Seat 4: bmwmann8 ($8.42 in chips) 
Seat 5: tutjak ($2.38 in chips) 
Seat 6: cinar6868 ($0.75 in chips) 
Seat 7: vasco940 ($0.97 in chips) 
Seat 8: Mike_5CE ($1.74 in chips) 
Seat 9: Stun64 ($2.72 in chips) 
vasco940: posts small blind $0.01
Mike_5CE: posts big blind $0.02
*** HOLE CARDS ***
Dealt to Dorex2007 [Qd 7d]
Stun64: folds 
milkovich90: folds 
Dorex2007: folds 
nesnahh: folds 
bmwmann8: raises $0.02 to $0.04
tutjak: calls $0.04
cinar6868: folds 
vasco940: folds 
Mike_5CE: calls $0.02
*** FLOP *** [Ks 3h 4s]
Mike_5CE: checks 
bmwmann8: checks 
tutjak: bets $0.08
Mike_5CE: raises $0.16 to $0.24
bmwmann8: folds 
tutjak: calls $0.16
*** TURN *** [Ks 3h 4s] [5d]
Mike_5CE: bets $0.36
tutjak: folds 
Uncalled bet ($0.36) returned to Mike_5CE
Mike_5CE collected $0.59 from pot
Mike_5CE: doesn't show hand 
*** SUMMARY ***
Total pot $0.61 | Rake $0.02 
Board [Ks 3h 4s 5d]
Seat 1: milkovich90 folded before Flop (didn't bet)
Seat 2: Dorex2007 folded before Flop (didn't bet)
Seat 3: nesnahh folded before Flop (didn't bet)
Seat 4: bmwmann8 folded on the Flop
Seat 5: tutjak folded on the Turn
Seat 6: cinar6868 (button) folded before Flop (didn't bet)
Seat 7: vasco940 (small blind) folded before Flop
Seat 8: Mike_5CE (big blind) collected ($0.59)
Seat 9: Stun64 folded before Flop (didn't bet)



PokerStars Hand #227561692448:  Hold'em No Limit ($0.01/$0.02 USD) - 2021/06/13 15:10:41 PT [2021/06/13 18:10:41 ET]
Table 'Coubertin II' 9-max Seat #7 is the button
Seat 1: milkovich90 ($2 in chips) 
Seat 2: Dorex2007 ($1.97 in chips) 
Seat 3: nesnahh ($4.46 in chips) 
Seat 4: bmwmann8 ($8.38 in chips) 
Seat 5: tutjak ($2.10 in chips) 
Seat 6: cinar6868 ($0.75 in chips) 
Seat 7: vasco940 ($0.96 in chips) 
Seat 8: Mike_5CE ($2.05 in chips) 
Seat 9: Stun64 ($2.72 in chips) 
Mike_5CE: posts small blind $0.01
Stun64: posts big blind $0.02
*** HOLE CARDS ***
Dealt to Dorex2007 [Kc 7c]
milkovich90: folds 
Dorex2007: folds 
nesnahh: folds 
bmwmann8: folds 
tutjak: folds 
cinar6868: folds 
vasco940: folds 
Mike_5CE: calls $0.01
Stun64: checks 
*** FLOP *** [Ts 5h 8d]
Mike_5CE: checks 
Stun64: bets $0.02
Mike_5CE: calls $0.02
*** TURN *** [Ts 5h 8d] [As]
Mike_5CE: checks 
Stun64: checks 
*** RIVER *** [Ts 5h 8d As] [8s]
Mike_5CE: bets $0.05
Stun64: raises $0.05 to $0.10
Mike_5CE: folds 
Uncalled bet ($0.05) returned to Stun64
Stun64 collected $0.17 from pot
Stun64: doesn't show hand 
*** SUMMARY ***
Total pot $0.18 | Rake $0.01 
Board [Ts 5h 8d As 8s]
Seat 1: milkovich90 folded before Flop (didn't bet)
Seat 2: Dorex2007 folded before Flop (didn't bet)
Seat 3: nesnahh folded before Flop (didn't bet)
Seat 4: bmwmann8 folded before Flop (didn't bet)
Seat 5: tutjak folded before Flop (didn't bet)
Seat 6: cinar6868 folded before Flop (didn't bet)
Seat 7: vasco940 (button) folded before Flop (didn't bet)
Seat 8: Mike_5CE (small blind) folded on the River
Seat 9: Stun64 (big blind) collected ($0.17)



PokerStars Hand #227561719784:  Hold'em No Limit ($0.01/$0.02 USD) - 2021/06/13 15:11:47 PT [2021/06/13 18:11:47 ET]
Table 'Coubertin II' 9-max Seat #8 is the button
Seat 1: milkovich90 ($2 in chips) 
Seat 2: Dorex2007 ($1.97 in chips) 
Seat 3: nesnahh ($4.46 in chips) 
Seat 4: bmwmann8 ($8.38 in chips) 
Seat 5: tutjak ($2.10 in chips) 
Seat 6: cinar6868 ($0.75 in chips) 
Seat 7: vasco940 ($0.96 in chips) 
Seat 8: Mike_5CE ($1.96 in chips) 
Seat 9: Stun64 ($2.80 in chips) 
Stun64: posts small blind $0.01
milkovich90: posts big blind $0.02
*** HOLE CARDS ***
Dealt to Dorex2007 [Qd 3c]
Dorex2007: folds 
nesnahh: folds 
bmwmann8: folds 
tutjak: folds 
cinar6868: folds 
vasco940: folds 
Mike_5CE: folds 
Stun64: folds 
Uncalled bet ($0.01) returned to milkovich90
milkovich90 collected $0.02 from pot
*** SUMMARY ***
Total pot $0.02 | Rake $0 
Seat 1: milkovich90 (big blind) collected ($0.02)
Seat 2: Dorex2007 folded before Flop (didn't bet)
Seat 3: nesnahh folded before Flop (didn't bet)
Seat 4: bmwmann8 folded before Flop (didn't bet)
Seat 5: tutjak folded before Flop (didn't bet)
Seat 6: cinar6868 folded before Flop (didn't bet)
Seat 7: vasco940 folded before Flop (didn't bet)
Seat 8: Mike_5CE (button) folded before Flop (didn't bet)
Seat 9: Stun64 (small blind) folded before Flop



PokerStars Hand #227561724364:  Hold'em No Limit ($0.01/$0.02 USD) - 2021/06/13 15:11:58 PT [2021/06/13 18:11:58 ET]
Table 'Coubertin II' 9-max Seat #9 is the button
Seat 1: milkovich90 ($2.01 in chips) 
Seat 2: Dorex2007 ($1.97 in chips) 
Seat 3: nesnahh ($4.46 in chips) 
Seat 4: bmwmann8 ($8.38 in chips) 
Seat 5: tutjak ($2.10 in chips) 
Seat 6: cinar6868 ($0.75 in chips) 
Seat 7: vasco940 ($0.96 in chips) 
Seat 8: Mike_5CE ($1.96 in chips) 
Seat 9: Stun64 ($2.79 in chips) 
milkovich90: posts small blind $0.01
Dorex2007: posts big blind $0.02
*** HOLE CARDS ***
Dealt to Dorex2007 [Qd 2d]
nesnahh: calls $0.02
bmwmann8: raises $0.04 to $0.06
tutjak: folds 
cinar6868: folds 
vasco940: folds 
Mike_5CE: folds 
Stun64: folds 
milkovich90: folds 
Dorex2007: folds 
nesnahh: calls $0.04
*** FLOP *** [Qh Td 4d]
nesnahh: checks 
bmwmann8: bets $0.07
nesnahh: folds 
Uncalled bet ($0.07) returned to bmwmann8
bmwmann8 collected $0.14 from pot
bmwmann8: doesn't show hand 
*** SUMMARY ***
Total pot $0.15 | Rake $0.01 
Board [Qh Td 4d]
Seat 1: milkovich90 (small blind) folded before Flop
Seat 2: Dorex2007 (big blind) folded before Flop
Seat 3: nesnahh folded on the Flop
Seat 4: bmwmann8 collected ($0.14)
Seat 5: tutjak folded before Flop (didn't bet)
Seat 6: cinar6868 folded before Flop (didn't bet)
Seat 7: vasco940 folded before Flop (didn't bet)
Seat 8: Mike_5CE folded before Flop (didn't bet)
Seat 9: Stun64 (button) folded before Flop (didn't bet)



PokerStars Hand #227561742868:  Hold'em No Limit ($0.01/$0.02 USD) - 2021/06/13 15:12:43 PT [2021/06/13 18:12:43 ET]
Table 'Coubertin II' 9-max Seat #1 is the button
Seat 1: milkovich90 ($2 in chips) 
Seat 2: Dorex2007 ($1.95 in chips) 
Seat 3: nesnahh ($4.40 in chips) 
Seat 4: bmwmann8 ($8.46 in chips) 
Seat 5: tutjak ($2.10 in chips) 
Seat 6: cinar6868 ($0.75 in chips) 
Seat 7: vasco940 ($0.96 in chips) 
Seat 8: Mike_5CE ($1.96 in chips) 
Seat 9: Stun64 ($2.79 in chips) 
Dorex2007: posts small blind $0.01
nesnahh: posts big blind $0.02
*** HOLE CARDS ***
Dealt to Dorex2007 [6d 8c]
bmwmann8: calls $0.02
tutjak: folds 
cinar6868: calls $0.02
vasco940: calls $0.02
Mike_5CE: raises $0.11 to $0.13
Stun64: folds 
milkovich90: folds 
Dorex2007: folds 
nesnahh: folds 
bmwmann8: folds 
cinar6868: folds 
vasco940: folds 
Uncalled bet ($0.11) returned to Mike_5CE
Mike_5CE collected $0.11 from pot
Mike_5CE: doesn't show hand 
*** SUMMARY ***
Total pot $0.11 | Rake $0 
Seat 1: milkovich90 (button) folded before Flop (didn't bet)
Seat 2: Dorex2007 (small blind) folded before Flop
Seat 3: nesnahh (big blind) folded before Flop
Seat 4: bmwmann8 folded before Flop
Seat 5: tutjak folded before Flop (didn't bet)
Seat 6: cinar6868 folded before Flop
Seat 7: vasco940 folded before Flop
Seat 8: Mike_5CE collected ($0.11)
Seat 9: Stun64 folded before Flop (didn't bet)



PokerStars Hand #227561761897:  Hold'em No Limit ($0.01/$0.02 USD) - 2021/06/13 15:13:29 PT [2021/06/13 18:13:29 ET]
Table 'Coubertin II' 9-max Seat #2 is the button
Seat 1: milkovich90 ($2 in chips) 
Seat 2: Dorex2007 ($1.94 in chips) 
Seat 3: nesnahh ($4.38 in chips) 
Seat 4: bmwmann8 ($8.44 in chips) 
Seat 5: tutjak ($2.10 in chips) 
Seat 6: cinar6868 ($0.73 in chips) 
Seat 7: vasco940 ($0.94 in chips) 
Seat 8: Mike_5CE ($2.05 in chips) 
Seat 9: Stun64 ($2.79 in chips) 
nesnahh: posts small blind $0.01
bmwmann8: posts big blind $0.02
*** HOLE CARDS ***
Dealt to Dorex2007 [Jc 9s]
tutjak: folds 
cinar6868: folds 
vasco940: folds 
Mike_5CE: folds 
Stun64: raises $0.02 to $0.04
milkovich90: folds 
Dorex2007: folds 
nesnahh: folds 
bmwmann8: folds 
Uncalled bet ($0.02) returned to Stun64
Stun64 collected $0.05 from pot
Stun64: doesn't show hand 
*** SUMMARY ***
Total pot $0.05 | Rake $0 
Seat 1: milkovich90 folded before Flop (didn't bet)
Seat 2: Dorex2007 (button) folded before Flop (didn't bet)
Seat 3: nesnahh (small blind) folded before Flop
Seat 4: bmwmann8 (big blind) folded before Flop
Seat 5: tutjak folded before Flop (didn't bet)
Seat 6: cinar6868 folded before Flop (didn't bet)
Seat 7: vasco940 folded before Flop (didn't bet)
Seat 8: Mike_5CE folded before Flop (didn't bet)
Seat 9: Stun64 collected ($0.05)



PokerStars Hand #227561771272:  Hold'em No Limit ($0.01/$0.02 USD) - 2021/06/13 15:13:52 PT [2021/06/13 18:13:52 ET]
Table 'Coubertin II' 9-max Seat #3 is the button
Seat 1: milkovich90 ($2 in chips) 
Seat 2: Dorex2007 ($1.94 in chips) 
Seat 3: nesnahh ($4.37 in chips) 
Seat 4: bmwmann8 ($8.42 in chips) 
Seat 5: tutjak ($2.10 in chips) 
Seat 6: cinar6868 ($0.73 in chips) 
Seat 7: vasco940 ($0.94 in chips) 
Seat 8: Mike_5CE ($2.05 in chips) 
Seat 9: Stun64 ($2.82 in chips) 
bmwmann8: posts small blind $0.01
tutjak: posts big blind $0.02
*** HOLE CARDS ***
Dealt to Dorex2007 [2c 9c]
cinar6868: folds 
vasco940 has timed out
vasco940: folds 
Mike_5CE: folds 
Stun64: raises $0.02 to $0.04
milkovich90: folds 
Dorex2007: folds 
nesnahh: folds 
bmwmann8: calls $0.03
tutjak: folds 
*** FLOP *** [Qc As 8s]
bmwmann8: bets $0.04
Stun64: calls $0.04
*** TURN *** [Qc As 8s] [2h]
bmwmann8: checks 
Stun64: bets $0.09
bmwmann8: folds 
Uncalled bet ($0.09) returned to Stun64
Stun64 collected $0.17 from pot
Stun64: doesn't show hand 
*** SUMMARY ***
Total pot $0.18 | Rake $0.01 
Board [Qc As 8s 2h]
Seat 1: milkovich90 folded before Flop (didn't bet)
Seat 2: Dorex2007 folded before Flop (didn't bet)
Seat 3: nesnahh (button) folded before Flop (didn't bet)
Seat 4: bmwmann8 (small blind) folded on the Turn
Seat 5: tutjak (big blind) folded before Flop
Seat 6: cinar6868 folded before Flop (didn't bet)
Seat 7: vasco940 folded before Flop (didn't bet)
Seat 8: Mike_5CE folded before Flop (didn't bet)
Seat 9: Stun64 collected ($0.17)



PokerStars Hand #227561790081:  Hold'em No Limit ($0.01/$0.02 USD) - 2021/06/13 15:14:37 PT [2021/06/13 18:14:37 ET]
Table 'Coubertin II' 9-max Seat #4 is the button
Seat 1: milkovich90 ($2 in chips) 
Seat 2: Dorex2007 ($1.94 in chips) 
Seat 3: nesnahh ($4.37 in chips) 
Seat 4: bmwmann8 ($8.34 in chips) 
Seat 5: tutjak ($2.08 in chips) 
Seat 6: cinar6868 ($0.73 in chips) 
Seat 7: vasco940 ($0.94 in chips) 
Seat 8: Mike_5CE ($2.05 in chips) 
Seat 9: Stun64 ($2.91 in chips) 
tutjak: posts small blind $0.01
cinar6868: posts big blind $0.02
*** HOLE CARDS ***
Dealt to Dorex2007 [Jc 3d]
vasco940: calls $0.02
Mike_5CE: folds 
Stun64: raises $0.02 to $0.04
milkovich90: folds 
Dorex2007: folds 
nesnahh: folds 
bmwmann8: folds 
tutjak: folds 
cinar6868: calls $0.02
vasco940: calls $0.02
*** FLOP *** [4s 6c 2s]
cinar6868: checks 
vasco940: bets $0.10
Stun64: calls $0.10
cinar6868: folds 
*** TURN *** [4s 6c 2s] [2c]
vasco940: bets $0.80 and is all-in
Stun64: folds 
Uncalled bet ($0.80) returned to vasco940
vasco940 collected $0.32 from pot
vasco940: doesn't show hand 
*** SUMMARY ***
Total pot $0.33 | Rake $0.01 
Board [4s 6c 2s 2c]
Seat 1: milkovich90 folded before Flop (didn't bet)
Seat 2: Dorex2007 folded before Flop (didn't bet)
Seat 3: nesnahh folded before Flop (didn't bet)
Seat 4: bmwmann8 (button) folded before Flop (didn't bet)
Seat 5: tutjak (small blind) folded before Flop
Seat 6: cinar6868 (big blind) folded on the Flop
Seat 7: vasco940 collected ($0.32)
Seat 8: Mike_5CE folded before Flop (didn't bet)
Seat 9: Stun64 folded on the Turn



PokerStars Hand #227561803726:  Hold'em No Limit ($0.01/$0.02 USD) - 2021/06/13 15:15:10 PT [2021/06/13 18:15:10 ET]
Table 'Coubertin II' 9-max Seat #5 is the button
Seat 1: milkovich90 ($2 in chips) 
Seat 2: Dorex2007 ($1.94 in chips) 
Seat 3: nesnahh ($4.37 in chips) 
Seat 4: bmwmann8 ($8.34 in chips) 
Seat 5: tutjak ($2.07 in chips) 
Seat 6: cinar6868 ($0.69 in chips) 
Seat 7: vasco940 ($1.12 in chips) 
Seat 8: Mike_5CE ($2.05 in chips) 
Seat 9: Stun64 ($2.77 in chips) 
cinar6868: posts small blind $0.01
vasco940: posts big blind $0.02
*** HOLE CARDS ***
Dealt to Dorex2007 [5s 5c]
Mike_5CE: folds 
Stun64: calls $0.02
milkovich90: folds 
Dorex2007: raises $0.04 to $0.06
nesnahh: folds 
bmwmann8: folds 
tutjak: folds 
cinar6868: folds 
vasco940: folds 
Stun64: folds 
Uncalled bet ($0.04) returned to Dorex2007
Dorex2007 collected $0.07 from pot
Dorex2007: doesn't show hand 
*** SUMMARY ***
Total pot $0.07 | Rake $0 
Seat 1: milkovich90 folded before Flop (didn't bet)
Seat 2: Dorex2007 collected ($0.07)
Seat 3: nesnahh folded before Flop (didn't bet)
Seat 4: bmwmann8 folded before Flop (didn't bet)
Seat 5: tutjak (button) folded before Flop (didn't bet)
Seat 6: cinar6868 (small blind) folded before Flop
Seat 7: vasco940 (big blind) folded before Flop
Seat 8: Mike_5CE folded before Flop (didn't bet)
Seat 9: Stun64 folded before Flop



PokerStars Hand #227561811703:  Hold'em No Limit ($0.01/$0.02 USD) - 2021/06/13 15:15:30 PT [2021/06/13 18:15:30 ET]
Table 'Coubertin II' 9-max Seat #6 is the button
Seat 2: Dorex2007 ($1.99 in chips) 
Seat 3: nesnahh ($4.37 in chips) 
Seat 4: bmwmann8 ($8.34 in chips) 
Seat 5: tutjak ($2.07 in chips) 
Seat 6: cinar6868 ($0.68 in chips) 
Seat 7: vasco940 ($1.10 in chips) 
Seat 8: Mike_5CE ($2.05 in chips) 
Seat 9: Stun64 ($2.75 in chips) 
vasco940: posts small blind $0.01
Mike_5CE: posts big blind $0.02
*** HOLE CARDS ***
Dealt to Dorex2007 [Qd 3s]
Stun64: folds 
Dorex2007: folds 
nesnahh: folds 
bmwmann8: calls $0.02
milkovich90 leaves the table
tutjak: folds 
cinar6868: calls $0.02
vasco940: folds 
grimpop_87 joins the table at seat #1 
Mike_5CE: checks 
*** FLOP *** [7c Jh Kh]
Mike_5CE: checks 
bmwmann8: checks 
cinar6868: checks 
*** TURN *** [7c Jh Kh] [9c]
Mike_5CE: bets $0.05
bmwmann8: calls $0.05
cinar6868: folds 
*** RIVER *** [7c Jh Kh 9c] [8d]
Mike_5CE: bets $0.11
bmwmann8: calls $0.11
*** SHOW DOWN ***
Mike_5CE: shows [8c Jd] (two pair, Jacks and Eights)
bmwmann8: mucks hand 
Mike_5CE collected $0.38 from pot
*** SUMMARY ***
Total pot $0.39 | Rake $0.01 
Board [7c Jh Kh 9c 8d]
Seat 2: Dorex2007 folded before Flop (didn't bet)
Seat 3: nesnahh folded before Flop (didn't bet)
Seat 4: bmwmann8 mucked [9h 7d]
Seat 5: tutjak folded before Flop (didn't bet)
Seat 6: cinar6868 (button) folded on the Turn
Seat 7: vasco940 (small blind) folded before Flop
Seat 8: Mike_5CE (big blind) showed [8c Jd] and won ($0.38) with two pair, Jacks and Eights
Seat 9: Stun64 folded before Flop (didn't bet)



PokerStars Hand #227561840691:  Hold'em No Limit ($0.01/$0.02 USD) - 2021/06/13 15:16:35 PT [2021/06/13 18:16:35 ET]
Table 'Coubertin II' 9-max Seat #7 is the button
Seat 2: Dorex2007 ($1.99 in chips) 
Seat 3: nesnahh ($4.37 in chips) 
Seat 4: bmwmann8 ($8.16 in chips) 
Seat 5: tutjak ($2.07 in chips) 
Seat 6: cinar6868 ($0.66 in chips) 
Seat 7: vasco940 ($1.09 in chips) 
Seat 8: Mike_5CE ($2.25 in chips) 
Seat 9: Stun64 ($2.75 in chips) 
Mike_5CE: posts small blind $0.01
Stun64: posts big blind $0.02
grimpop_87: sits out 
*** HOLE CARDS ***
Dealt to Dorex2007 [6h As]
Dorex2007: folds 
nesnahh: folds 
bmwmann8: folds 
tutjak: folds 
cinar6868: folds 
vasco940: folds 
Mike_5CE: raises $0.04 to $0.06
Stun64: folds 
Uncalled bet ($0.04) returned to Mike_5CE
Mike_5CE collected $0.04 from pot
Mike_5CE: doesn't show hand 
*** SUMMARY ***
Total pot $0.04 | Rake $0 
Seat 2: Dorex2007 folded before Flop (didn't bet)
Seat 3: nesnahh folded before Flop (didn't bet)
Seat 4: bmwmann8 folded before Flop (didn't bet)
Seat 5: tutjak folded before Flop (didn't bet)
Seat 6: cinar6868 folded before Flop (didn't bet)
Seat 7: vasco940 (button) folded before Flop (didn't bet)
Seat 8: Mike_5CE (small blind) collected ($0.04)
Seat 9: Stun64 (big blind) folded before Flop



PokerStars Hand #227561849162:  Hold'em No Limit ($0.01/$0.02 USD) - 2021/06/13 15:16:56 PT [2021/06/13 18:16:56 ET]
Table 'Coubertin II' 9-max Seat #8 is the button
Seat 1: grimpop_87 ($2 in chips) 
Seat 2: Dorex2007 ($1.99 in chips) 
Seat 3: nesnahh ($4.37 in chips) 
Seat 4: bmwmann8 ($8.16 in chips) 
Seat 5: tutjak ($2.07 in chips) 
Seat 6: cinar6868 ($0.66 in chips) 
Seat 7: vasco940 ($1.09 in chips) 
Seat 8: Mike_5CE ($2.27 in chips) 
Seat 9: Stun64 ($2.73 in chips) 
Stun64: posts small blind $0.01
grimpop_87: posts big blind $0.02
*** HOLE CARDS ***
Dealt to Dorex2007 [2s 8s]
Dorex2007: folds 
nesnahh: folds 
bmwmann8: calls $0.02
tutjak: folds 
cinar6868: folds 
vasco940: raises $0.06 to $0.08
Mike_5CE: folds 
Stun64: folds 
grimpop_87: raises $0.28 to $0.36
bmwmann8: folds 
vasco940: calls $0.28
*** FLOP *** [9c 7c 9d]
grimpop_87: bets $1.64 and is all-in
vasco940: folds 
Uncalled bet ($1.64) returned to grimpop_87
grimpop_87 collected $0.72 from pot
*** SUMMARY ***
Total pot $0.75 | Rake $0.03 
Board [9c 7c 9d]
Seat 1: grimpop_87 (big blind) collected ($0.72)
Seat 2: Dorex2007 folded before Flop (didn't bet)
Seat 3: nesnahh folded before Flop (didn't bet)
Seat 4: bmwmann8 folded before Flop
Seat 5: tutjak folded before Flop (didn't bet)
Seat 6: cinar6868 folded before Flop (didn't bet)
Seat 7: vasco940 folded on the Flop
Seat 8: Mike_5CE (button) folded before Flop (didn't bet)
Seat 9: Stun64 (small blind) folded before Flop



PokerStars Hand #227561870486:  Hold'em No Limit ($0.01/$0.02 USD) - 2021/06/13 15:17:48 PT [2021/06/13 18:17:48 ET]
Table 'Coubertin II' 9-max Seat #9 is the button
Seat 1: grimpop_87 ($2.36 in chips) 
Seat 2: Dorex2007 ($1.99 in chips) 
Seat 3: nesnahh ($4.37 in chips) 
Seat 4: bmwmann8 ($8.14 in chips) 
Seat 5: tutjak ($2.07 in chips) 
Seat 6: cinar6868 ($0.66 in chips) 
Seat 7: vasco940 ($0.73 in chips) 
Seat 8: Mike_5CE ($2.27 in chips) 
Seat 9: Stun64 ($2.72 in chips) 
grimpop_87: posts small blind $0.01
Dorex2007: posts big blind $0.02
*** HOLE CARDS ***
Dealt to Dorex2007 [Jd 6s]
nesnahh: folds 
bmwmann8: folds 
tutjak: folds 
cinar6868: raises $0.06 to $0.08
vasco940: folds 
Mike_5CE: raises $0.16 to $0.24
Stun64: folds 
grimpop_87: folds 
Dorex2007: folds 
cinar6868: calls $0.16
*** FLOP *** [3d 7d Td]
cinar6868: checks 
Mike_5CE: bets $0.12
cinar6868: folds 
Uncalled bet ($0.12) returned to Mike_5CE
Mike_5CE collected $0.49 from pot
Mike_5CE: doesn't show hand 
*** SUMMARY ***
Total pot $0.51 | Rake $0.02 
Board [3d 7d Td]
Seat 1: grimpop_87 (small blind) folded before Flop
Seat 2: Dorex2007 (big blind) folded before Flop
Seat 3: nesnahh folded before Flop (didn't bet)
Seat 4: bmwmann8 folded before Flop (didn't bet)
Seat 5: tutjak folded before Flop (didn't bet)
Seat 6: cinar6868 folded on the Flop
Seat 7: vasco940 folded before Flop (didn't bet)
Seat 8: Mike_5CE collected ($0.49)
Seat 9: Stun64 (button) folded before Flop (didn't bet)



PokerStars Hand #227561892583:  Hold'em No Limit ($0.01/$0.02 USD) - 2021/06/13 15:18:42 PT [2021/06/13 18:18:42 ET]
Table 'Coubertin II' 9-max Seat #1 is the button
Seat 1: grimpop_87 ($2.35 in chips) 
Seat 2: Dorex2007 ($1.97 in chips) 
Seat 3: nesnahh ($4.37 in chips) 
Seat 4: bmwmann8 ($8.14 in chips) 
Seat 5: tutjak ($2.07 in chips) 
Seat 6: cinar6868 ($0.42 in chips) 
Seat 7: vasco940 ($0.73 in chips) 
Seat 8: Mike_5CE ($2.52 in chips) 
Seat 9: Stun64 ($2.72 in chips) 
Dorex2007: posts small blind $0.01
nesnahh: posts big blind $0.02
*** HOLE CARDS ***
Dealt to Dorex2007 [9h 8c]
bmwmann8: folds 
tutjak: raises $0.02 to $0.04
cinar6868: folds 
vasco940 has timed out
vasco940: folds 
Mike_5CE: folds 
Stun64: calls $0.04
grimpop_87: folds 
Dorex2007: folds 
nesnahh: folds 
*** FLOP *** [Tc Td 3h]
tutjak: checks 
Stun64: bets $0.06
tutjak: folds 
Uncalled bet ($0.06) returned to Stun64
Stun64 collected $0.11 from pot
Stun64: doesn't show hand 
*** SUMMARY ***
Total pot $0.11 | Rake $0 
Board [Tc Td 3h]
Seat 1: grimpop_87 (button) folded before Flop (didn't bet)
Seat 2: Dorex2007 (small blind) folded before Flop
Seat 3: nesnahh (big blind) folded before Flop
Seat 4: bmwmann8 folded before Flop (didn't bet)
Seat 5: tutjak folded on the Flop
Seat 6: cinar6868 folded before Flop (didn't bet)
Seat 7: vasco940 folded before Flop (didn't bet)
Seat 8: Mike_5CE folded before Flop (didn't bet)
Seat 9: Stun64 collected ($0.11)



PokerStars Hand #227561910082:  Hold'em No Limit ($0.01/$0.02 USD) - 2021/06/13 15:19:24 PT [2021/06/13 18:19:24 ET]
Table 'Coubertin II' 9-max Seat #2 is the button
Seat 1: grimpop_87 ($2.35 in chips) 
Seat 2: Dorex2007 ($1.96 in chips) 
Seat 3: nesnahh ($4.35 in chips) 
Seat 4: bmwmann8 ($8.14 in chips) 
Seat 5: tutjak ($2.03 in chips) 
Seat 6: cinar6868 ($0.42 in chips) 
Seat 8: Mike_5CE ($2.52 in chips) 
Seat 9: Stun64 ($2.79 in chips) 
nesnahh: posts small blind $0.01
bmwmann8: posts big blind $0.02
*** HOLE CARDS ***
Dealt to Dorex2007 [5h 6h]
tutjak: folds 
cinar6868: raises $0.08 to $0.10
Mike_5CE: folds 
Stun64: folds 
grimpop_87: folds 
Dorex2007: folds 
nesnahh: folds 
bmwmann8: folds 
Uncalled bet ($0.08) returned to cinar6868
cinar6868 collected $0.05 from pot
cinar6868: doesn't show hand 
*** SUMMARY ***
Total pot $0.05 | Rake $0 
Seat 1: grimpop_87 folded before Flop (didn't bet)
Seat 2: Dorex2007 (button) folded before Flop (didn't bet)
Seat 3: nesnahh (small blind) folded before Flop
Seat 4: bmwmann8 (big blind) folded before Flop
Seat 5: tutjak folded before Flop (didn't bet)
Seat 6: cinar6868 collected ($0.05)
Seat 8: Mike_5CE folded before Flop (didn't bet)
Seat 9: Stun64 folded before Flop (didn't bet)



PokerStars Hand #227561916991:  Hold'em No Limit ($0.01/$0.02 USD) - 2021/06/13 15:19:41 PT [2021/06/13 18:19:41 ET]
Table 'Coubertin II' 9-max Seat #3 is the button
Seat 1: grimpop_87 ($2.35 in chips) 
Seat 2: Dorex2007 ($1.96 in chips) 
Seat 3: nesnahh ($4.34 in chips) 
Seat 4: bmwmann8 ($8.12 in chips) 
Seat 5: tutjak ($2.03 in chips) 
Seat 6: cinar6868 ($0.45 in chips) 
Seat 7: vasco940 ($0.73 in chips) 
Seat 8: Mike_5CE ($2.52 in chips) 
Seat 9: Stun64 ($2.79 in chips) 
bmwmann8: posts small blind $0.01
tutjak: posts big blind $0.02
*** HOLE CARDS ***
Dealt to Dorex2007 [Qh 6d]
cinar6868 has timed out
cinar6868: folds 
vasco940: folds 
Mike_5CE: folds 
Stun64: calls $0.02
grimpop_87: folds 
Dorex2007: folds 
nesnahh: folds 
bmwmann8: calls $0.01
tutjak: checks 
*** FLOP *** [8s 6h Jd]
bmwmann8: checks 
tutjak: checks 
Stun64: bets $0.03
bmwmann8: folds 
tutjak: folds 
Uncalled bet ($0.03) returned to Stun64
Stun64 collected $0.06 from pot
Stun64: doesn't show hand 
*** SUMMARY ***
Total pot $0.06 | Rake $0 
Board [8s 6h Jd]
Seat 1: grimpop_87 folded before Flop (didn't bet)
Seat 2: Dorex2007 folded before Flop (didn't bet)
Seat 3: nesnahh (button) folded before Flop (didn't bet)
Seat 4: bmwmann8 (small blind) folded on the Flop
Seat 5: tutjak (big blind) folded on the Flop
Seat 6: cinar6868 folded before Flop (didn't bet)
Seat 7: vasco940 folded before Flop (didn't bet)
Seat 8: Mike_5CE folded before Flop (didn't bet)
Seat 9: Stun64 collected ($0.06)



PokerStars Hand #227561943193:  Hold'em No Limit ($0.01/$0.02 USD) - 2021/06/13 15:20:26 PT [2021/06/13 18:20:26 ET]
Table 'Coubertin II' 9-max Seat #4 is the button
Seat 1: grimpop_87 ($2.35 in chips) 
Seat 2: Dorex2007 ($1.96 in chips) 
Seat 3: nesnahh ($4.34 in chips) 
Seat 4: bmwmann8 ($8.10 in chips) 
Seat 5: tutjak ($2.01 in chips) 
Seat 6: cinar6868 ($0.45 in chips) 
Seat 7: vasco940 ($0.73 in chips) 
Seat 8: Mike_5CE ($2.52 in chips) 
Seat 9: Stun64 ($2.83 in chips) 
tutjak: posts small blind $0.01
cinar6868: posts big blind $0.02
*** HOLE CARDS ***
Dealt to Dorex2007 [9s 3h]
vasco940: folds 
Mike_5CE: folds 
Stun64: calls $0.02
grimpop_87: folds 
Dorex2007: folds 
nesnahh: folds 
bmwmann8: calls $0.02
tutjak: folds 
cinar6868: checks 
*** FLOP *** [As 5s Td]
cinar6868: bets $0.02
Stun64: calls $0.02
bmwmann8: folds 
*** TURN *** [As 5s Td] [9h]
cinar6868: checks 
Stun64: bets $0.06
cinar6868: folds 
Uncalled bet ($0.06) returned to Stun64
Stun64 collected $0.11 from pot
Stun64: doesn't show hand 
*** SUMMARY ***
Total pot $0.11 | Rake $0 
Board [As 5s Td 9h]
Seat 1: grimpop_87 folded before Flop (didn't bet)
Seat 2: Dorex2007 folded before Flop (didn't bet)
Seat 3: nesnahh folded before Flop (didn't bet)
Seat 4: bmwmann8 (button) folded on the Flop
Seat 5: tutjak (small blind) folded before Flop
Seat 6: cinar6868 (big blind) folded on the Turn
Seat 7: vasco940 folded before Flop (didn't bet)
Seat 8: Mike_5CE folded before Flop (didn't bet)
Seat 9: Stun64 collected ($0.11)



PokerStars Hand #227561964474:  Hold'em No Limit ($0.01/$0.02 USD) - 2021/06/13 15:21:18 PT [2021/06/13 18:21:18 ET]
Table 'Coubertin II' 9-max Seat #5 is the button
Seat 1: grimpop_87 ($2.35 in chips) 
Seat 2: Dorex2007 ($1.96 in chips) 
Seat 3: nesnahh ($4.34 in chips) 
Seat 4: bmwmann8 ($8.08 in chips) 
Seat 5: tutjak ($2 in chips) 
Seat 6: cinar6868 ($0.41 in chips) 
Seat 7: vasco940 ($0.73 in chips) 
Seat 8: Mike_5CE ($2.52 in chips) 
Seat 9: Stun64 ($2.90 in chips) 
cinar6868: posts small blind $0.01
vasco940: posts big blind $0.02
*** HOLE CARDS ***
Dealt to Dorex2007 [Qh 3d]
Mike_5CE: folds 
Stun64: folds 
grimpop_87: folds 
Dorex2007: folds 
nesnahh: folds 
bmwmann8: folds 
tutjak: raises $0.02 to $0.04
cinar6868: calls $0.03
vasco940: calls $0.02
*** FLOP *** [7d Jh Qc]
cinar6868: checks 
vasco940: bets $0.06
tutjak: calls $0.06
cinar6868: folds 
*** TURN *** [7d Jh Qc] [7s]
vasco940: bets $0.12
tutjak: folds 
Uncalled bet ($0.12) returned to vasco940
vasco940 collected $0.23 from pot
vasco940: doesn't show hand 
*** SUMMARY ***
Total pot $0.24 | Rake $0.01 
Board [7d Jh Qc 7s]
Seat 1: grimpop_87 folded before Flop (didn't bet)
Seat 2: Dorex2007 folded before Flop (didn't bet)
Seat 3: nesnahh folded before Flop (didn't bet)
Seat 4: bmwmann8 folded before Flop (didn't bet)
Seat 5: tutjak (button) folded on the Turn
Seat 6: cinar6868 (small blind) folded on the Flop
Seat 7: vasco940 (big blind) collected ($0.23)
Seat 8: Mike_5CE folded before Flop (didn't bet)
Seat 9: Stun64 folded before Flop (didn't bet)



PokerStars Hand #227561984304:  Hold'em No Limit ($0.01/$0.02 USD) - 2021/06/13 15:22:07 PT [2021/06/13 18:22:07 ET]
Table 'Coubertin II' 9-max Seat #6 is the button
Seat 1: grimpop_87 ($2.35 in chips) 
Seat 2: Dorex2007 ($1.96 in chips) 
Seat 3: nesnahh ($4.34 in chips) 
Seat 4: bmwmann8 ($8.08 in chips) 
Seat 5: tutjak ($2 in chips) 
Seat 6: cinar6868 ($0.37 in chips) 
Seat 7: vasco940 ($0.86 in chips) 
Seat 8: Mike_5CE ($2.52 in chips) 
Seat 9: Stun64 ($2.90 in chips) 
vasco940: posts small blind $0.01
Mike_5CE: posts big blind $0.02
*** HOLE CARDS ***
Dealt to Dorex2007 [6s 8c]
Stun64: calls $0.02
grimpop_87: folds 
Dorex2007: folds 
nesnahh: folds 
bmwmann8: folds 
tutjak: folds 
cinar6868: folds 
vasco940: calls $0.01
Mike_5CE: checks 
*** FLOP *** [Kc Kh 9d]
vasco940: checks 
Mike_5CE: bets $0.05
Stun64: folds 
vasco940: folds 
Uncalled bet ($0.05) returned to Mike_5CE
vasco940 leaves the table
Mike_5CE collected $0.06 from pot
Mike_5CE: doesn't show hand 
*** SUMMARY ***
Total pot $0.06 | Rake $0 
Board [Kc Kh 9d]
Seat 1: grimpop_87 folded before Flop (didn't bet)
Seat 2: Dorex2007 folded before Flop (didn't bet)
Seat 3: nesnahh folded before Flop (didn't bet)
Seat 4: bmwmann8 folded before Flop (didn't bet)
Seat 5: tutjak folded before Flop (didn't bet)
Seat 6: cinar6868 (button) folded before Flop (didn't bet)
Seat 7: vasco940 (small blind) folded on the Flop
Seat 8: Mike_5CE (big blind) collected ($0.06)
Seat 9: Stun64 folded on the Flop



PokerStars Hand #227562007352:  Hold'em No Limit ($0.01/$0.02 USD) - 2021/06/13 15:23:04 PT [2021/06/13 18:23:04 ET]
Table 'Coubertin II' 9-max Seat #8 is the button
Seat 1: grimpop_87 ($2.35 in chips) 
Seat 2: Dorex2007 ($1.96 in chips) 
Seat 3: nesnahh ($4.34 in chips) 
Seat 4: bmwmann8 ($8.08 in chips) 
Seat 5: tutjak ($2 in chips) 
Seat 6: cinar6868 ($0.37 in chips) 
Seat 8: Mike_5CE ($2.56 in chips) 
Seat 9: Stun64 ($2.88 in chips) 
Stun64: posts small blind $0.01
grimpop_87: posts big blind $0.02
*** HOLE CARDS ***
Dealt to Dorex2007 [6c As]
Dorex2007: folds 
nesnahh: folds 
bmwmann8: folds 
tutjak: raises $0.04 to $0.06
cinar6868: folds 
Mike_5CE: folds 
Stun64: folds 
grimpop_87: folds 
Uncalled bet ($0.04) returned to tutjak
tutjak collected $0.05 from pot
tutjak: doesn't show hand 
*** SUMMARY ***
Total pot $0.05 | Rake $0 
Seat 1: grimpop_87 (big blind) folded before Flop
Seat 2: Dorex2007 folded before Flop (didn't bet)
Seat 3: nesnahh folded before Flop (didn't bet)
Seat 4: bmwmann8 folded before Flop (didn't bet)
Seat 5: tutjak collected ($0.05)
Seat 6: cinar6868 folded before Flop (didn't bet)
Seat 8: Mike_5CE (button) folded before Flop (didn't bet)
Seat 9: Stun64 (small blind) folded before Flop



PokerStars Hand #227562013993:  Hold'em No Limit ($0.01/$0.02 USD) - 2021/06/13 15:23:20 PT [2021/06/13 18:23:20 ET]
Table 'Coubertin II' 9-max Seat #9 is the button
Seat 1: grimpop_87 ($2.33 in chips) 
Seat 2: Dorex2007 ($1.96 in chips) 
Seat 3: nesnahh ($4.34 in chips) 
Seat 4: bmwmann8 ($8.08 in chips) 
Seat 5: tutjak ($2.03 in chips) 
Seat 6: cinar6868 ($0.37 in chips) 
Seat 8: Mike_5CE ($2.56 in chips) 
Seat 9: Stun64 ($2.87 in chips) 
grimpop_87: posts small blind $0.01
Dorex2007: posts big blind $0.02
*** HOLE CARDS ***
Dealt to Dorex2007 [Th Js]
nesnahh: folds 
bmwmann8: folds 
tutjak: folds 
cinar6868: calls $0.02
Mike_5CE: folds 
Stun64: raises $0.02 to $0.04
grimpop_87: folds 
Dorex2007: calls $0.02
ard1tm joins the table at seat #7 
cinar6868: calls $0.02
*** FLOP *** [7c 6h 3c]
Dorex2007: checks 
cinar6868: checks 
Stun64: bets $0.05
Dorex2007: folds 
cinar6868: calls $0.05
*** TURN *** [7c 6h 3c] [3h]
cinar6868: checks 
Stun64: checks 
*** RIVER *** [7c 6h 3c 3h] [Kd]
cinar6868: bets $0.28 and is all-in
Stun64: folds 
Uncalled bet ($0.28) returned to cinar6868
cinar6868 collected $0.22 from pot
cinar6868: doesn't show hand 
*** SUMMARY ***
Total pot $0.23 | Rake $0.01 
Board [7c 6h 3c 3h Kd]
Seat 1: grimpop_87 (small blind) folded before Flop
Seat 2: Dorex2007 (big blind) folded on the Flop
Seat 3: nesnahh folded before Flop (didn't bet)
Seat 4: bmwmann8 folded before Flop (didn't bet)
Seat 5: tutjak folded before Flop (didn't bet)
Seat 6: cinar6868 collected ($0.22)
Seat 8: Mike_5CE folded before Flop (didn't bet)
Seat 9: Stun64 (button) folded on the River



PokerStars Hand #227562043289:  Hold'em No Limit ($0.01/$0.02 USD) - 2021/06/13 15:24:30 PT [2021/06/13 18:24:30 ET]
Table 'Coubertin II' 9-max Seat #1 is the button
Seat 1: grimpop_87 ($2.32 in chips) 
Seat 2: Dorex2007 ($1.92 in chips) 
Seat 3: nesnahh ($4.34 in chips) 
Seat 4: bmwmann8 ($8.08 in chips) 
Seat 5: tutjak ($2.03 in chips) 
Seat 6: cinar6868 ($0.50 in chips) 
Seat 8: Mike_5CE ($2.56 in chips) 
Seat 9: Stun64 ($2.78 in chips) 
Dorex2007: posts small blind $0.01
nesnahh: posts big blind $0.02
ard1tm: sits out 
*** HOLE CARDS ***
Dealt to Dorex2007 [2d 3c]
bmwmann8: calls $0.02
tutjak: folds 
cinar6868: folds 
Mike_5CE: raises $0.07 to $0.09
Stun64: folds 
grimpop_87: folds 
Dorex2007: folds 
nesnahh: folds 
bmwmann8: calls $0.07
*** FLOP *** [Qs Th 8d]
bmwmann8: checks 
Mike_5CE: bets $0.13
bmwmann8: folds 
Uncalled bet ($0.13) returned to Mike_5CE
Mike_5CE collected $0.20 from pot
Mike_5CE: doesn't show hand 
*** SUMMARY ***
Total pot $0.21 | Rake $0.01 
Board [Qs Th 8d]
Seat 1: grimpop_87 (button) folded before Flop (didn't bet)
Seat 2: Dorex2007 (small blind) folded before Flop
Seat 3: nesnahh (big blind) folded before Flop
Seat 4: bmwmann8 folded on the Flop
Seat 5: tutjak folded before Flop (didn't bet)
Seat 6: cinar6868 folded before Flop (didn't bet)
Seat 8: Mike_5CE collected ($0.20)
Seat 9: Stun64 folded before Flop (didn't bet)



PokerStars Hand #227562055995:  Hold'em No Limit ($0.01/$0.02 USD) - 2021/06/13 15:25:02 PT [2021/06/13 18:25:02 ET]
Table 'Coubertin II' 9-max Seat #2 is the button
Seat 1: grimpop_87 ($2.32 in chips) 
Seat 2: Dorex2007 ($1.91 in chips) 
Seat 3: nesnahh ($4.32 in chips) 
Seat 4: bmwmann8 ($7.99 in chips) 
Seat 5: tutjak ($2.03 in chips) 
Seat 6: cinar6868 ($0.50 in chips) 
Seat 8: Mike_5CE ($2.67 in chips) 
Seat 9: Stun64 ($2.78 in chips) 
nesnahh: posts small blind $0.01
bmwmann8: posts big blind $0.02
ard1tm: sits out 
*** HOLE CARDS ***
Dealt to Dorex2007 [2s As]
tutjak: folds 
cinar6868: calls $0.02
Mike_5CE: folds 
Stun64: calls $0.02
grimpop_87: folds 
Dorex2007: calls $0.02
nesnahh: folds 
bmwmann8: checks 
*** FLOP *** [9d Jd 6s]
bmwmann8: checks 
cinar6868: checks 
Stun64: bets $0.05
Dorex2007: folds 
bmwmann8: folds 
cinar6868: folds 
Uncalled bet ($0.05) returned to Stun64
Stun64 collected $0.09 from pot
Stun64: doesn't show hand 
*** SUMMARY ***
Total pot $0.09 | Rake $0 
Board [9d Jd 6s]
Seat 1: grimpop_87 folded before Flop (didn't bet)
Seat 2: Dorex2007 (button) folded on the Flop
Seat 3: nesnahh (small blind) folded before Flop
Seat 4: bmwmann8 (big blind) folded on the Flop
Seat 5: tutjak folded before Flop (didn't bet)
Seat 6: cinar6868 folded on the Flop
Seat 8: Mike_5CE folded before Flop (didn't bet)
Seat 9: Stun64 collected ($0.09)



PokerStars Hand #227562072816:  Hold'em No Limit ($0.01/$0.02 USD) - 2021/06/13 15:25:44 PT [2021/06/13 18:25:44 ET]
Table 'Coubertin II' 9-max Seat #3 is the button
Seat 1: grimpop_87 ($2.32 in chips) 
Seat 2: Dorex2007 ($1.89 in chips) 
Seat 3: nesnahh ($4.31 in chips) 
Seat 4: bmwmann8 ($7.97 in chips) 
Seat 5: tutjak ($2.03 in chips) 
Seat 6: cinar6868 ($0.48 in chips) 
Seat 8: Mike_5CE ($2.67 in chips) 
Seat 9: Stun64 ($2.85 in chips) 
bmwmann8: posts small blind $0.01
tutjak: posts big blind $0.02
ard1tm: sits out 
*** HOLE CARDS ***
Dealt to Dorex2007 [Kd 5h]
cinar6868: folds 
Mike_5CE: folds 
Stun64: folds 
grimpop_87: raises $0.04 to $0.06
Dorex2007: folds 
nesnahh: folds 
bmwmann8: folds 
tutjak: folds 
Uncalled bet ($0.04) returned to grimpop_87
grimpop_87 collected $0.05 from pot
*** SUMMARY ***
Total pot $0.05 | Rake $0 
Seat 1: grimpop_87 collected ($0.05)
Seat 2: Dorex2007 folded before Flop (didn't bet)
Seat 3: nesnahh (button) folded before Flop (didn't bet)
Seat 4: bmwmann8 (small blind) folded before Flop
Seat 5: tutjak (big blind) folded before Flop
Seat 6: cinar6868 folded before Flop (didn't bet)
Seat 8: Mike_5CE folded before Flop (didn't bet)
Seat 9: Stun64 folded before Flop (didn't bet)



PokerStars Hand #227562080492:  Hold'em No Limit ($0.01/$0.02 USD) - 2021/06/13 15:26:03 PT [2021/06/13 18:26:03 ET]
Table 'Coubertin II' 9-max Seat #4 is the button
Seat 1: grimpop_87 ($2.35 in chips) 
Seat 2: Dorex2007 ($1.89 in chips) 
Seat 3: nesnahh ($4.31 in chips) 
Seat 4: bmwmann8 ($7.96 in chips) 
Seat 5: tutjak ($2.01 in chips) 
Seat 6: cinar6868 ($0.48 in chips) 
Seat 8: Mike_5CE ($2.67 in chips) 
Seat 9: Stun64 ($2.85 in chips) 
tutjak: posts small blind $0.01
cinar6868: posts big blind $0.02
ard1tm: sits out 
*** HOLE CARDS ***
Dealt to Dorex2007 [Kh Qc]
Mike_5CE: folds 
Stun64: calls $0.02
grimpop_87: folds 
Dorex2007: raises $0.04 to $0.06
nesnahh: folds 
bmwmann8: folds 
tutjak: calls $0.05
cinar6868: calls $0.04
Stun64: calls $0.04
*** FLOP *** [3s 6c Jd]
tutjak: bets $0.14
cinar6868: folds 
Stun64: folds 
Dorex2007: folds 
Uncalled bet ($0.14) returned to tutjak
tutjak collected $0.23 from pot
tutjak: doesn't show hand 
*** SUMMARY ***
Total pot $0.24 | Rake $0.01 
Board [3s 6c Jd]
Seat 1: grimpop_87 folded before Flop (didn't bet)
Seat 2: Dorex2007 folded on the Flop
Seat 3: nesnahh folded before Flop (didn't bet)
Seat 4: bmwmann8 (button) folded before Flop (didn't bet)
Seat 5: tutjak (small blind) collected ($0.23)
Seat 6: cinar6868 (big blind) folded on the Flop
Seat 8: Mike_5CE folded before Flop (didn't bet)
Seat 9: Stun64 folded on the Flop



PokerStars Hand #227562093313:  Hold'em No Limit ($0.01/$0.02 USD) - 2021/06/13 15:26:35 PT [2021/06/13 18:26:35 ET]
Table 'Coubertin II' 9-max Seat #5 is the button
Seat 1: grimpop_87 ($2.35 in chips) 
Seat 2: Dorex2007 ($1.83 in chips) 
Seat 3: nesnahh ($4.31 in chips) 
Seat 4: bmwmann8 ($7.96 in chips) 
Seat 5: tutjak ($2.18 in chips) 
Seat 6: cinar6868 ($0.42 in chips) 
Seat 7: ard1tm ($2 in chips) 
Seat 8: Mike_5CE ($2.67 in chips) 
Seat 9: Stun64 ($2.79 in chips) 
cinar6868: posts small blind $0.01
ard1tm: posts big blind $0.02
*** HOLE CARDS ***
Dealt to Dorex2007 [Ts Qc]
Mike_5CE: folds 
Stun64: raises $0.02 to $0.04
grimpop_87: folds 
Dorex2007: folds 
nesnahh: folds 
bmwmann8: calls $0.04
tutjak: folds 
cinar6868: folds 
ard1tm: folds 
*** FLOP *** [6h Jd 6d]
Stun64: bets $0.06
bmwmann8: calls $0.06
*** TURN *** [6h Jd 6d] [7c]
Stun64: checks 
bmwmann8: bets $0.22
Stun64: folds 
Uncalled bet ($0.22) returned to bmwmann8
bmwmann8 collected $0.22 from pot
bmwmann8: doesn't show hand 
*** SUMMARY ***
Total pot $0.23 | Rake $0.01 
Board [6h Jd 6d 7c]
Seat 1: grimpop_87 folded before Flop (didn't bet)
Seat 2: Dorex2007 folded before Flop (didn't bet)
Seat 3: nesnahh folded before Flop (didn't bet)
Seat 4: bmwmann8 collected ($0.22)
Seat 5: tutjak (button) folded before Flop (didn't bet)
Seat 6: cinar6868 (small blind) folded before Flop
Seat 7: ard1tm (big blind) folded before Flop
Seat 8: Mike_5CE folded before Flop (didn't bet)
Seat 9: Stun64 folded on the Turn



PokerStars Hand #227562111731:  Hold'em No Limit ($0.01/$0.02 USD) - 2021/06/13 15:27:21 PT [2021/06/13 18:27:21 ET]
Table 'Coubertin II' 9-max Seat #6 is the button
Seat 1: grimpop_87 ($2.35 in chips) 
Seat 2: Dorex2007 ($1.83 in chips) 
Seat 3: nesnahh ($4.31 in chips) 
Seat 4: bmwmann8 ($8.08 in chips) 
Seat 5: tutjak ($2.18 in chips) 
Seat 6: cinar6868 ($0.41 in chips) 
Seat 7: ard1tm ($2 in chips) 
Seat 8: Mike_5CE ($2.67 in chips) 
Seat 9: Stun64 ($2.69 in chips) 
ard1tm: posts small blind $0.01
Mike_5CE: posts big blind $0.02
*** HOLE CARDS ***
Dealt to Dorex2007 [4d 2c]
Stun64: folds 
grimpop_87: folds 
Dorex2007: folds 
nesnahh: folds 
bmwmann8: folds 
tutjak: folds 
cinar6868: calls $0.02
ard1tm: folds 
Mike_5CE: checks 
*** FLOP *** [Kh 7c 2s]
Mike_5CE: checks 
cinar6868: checks 
*** TURN *** [Kh 7c 2s] [2d]
Mike_5CE: bets $0.02
cinar6868: folds 
Uncalled bet ($0.02) returned to Mike_5CE
Mike_5CE collected $0.05 from pot
Mike_5CE: doesn't show hand 
*** SUMMARY ***
Total pot $0.05 | Rake $0 
Board [Kh 7c 2s 2d]
Seat 1: grimpop_87 folded before Flop (didn't bet)
Seat 2: Dorex2007 folded before Flop (didn't bet)
Seat 3: nesnahh folded before Flop (didn't bet)
Seat 4: bmwmann8 folded before Flop (didn't bet)
Seat 5: tutjak folded before Flop (didn't bet)
Seat 6: cinar6868 (button) folded on the Turn
Seat 7: ard1tm (small blind) folded before Flop
Seat 8: Mike_5CE (big blind) collected ($0.05)
Seat 9: Stun64 folded before Flop (didn't bet)



PokerStars Hand #227562127175:  Hold'em No Limit ($0.01/$0.02 USD) - 2021/06/13 15:28:00 PT [2021/06/13 18:28:00 ET]
Table 'Coubertin II' 9-max Seat #7 is the button
Seat 1: grimpop_87 ($2.35 in chips) 
Seat 2: Dorex2007 ($1.83 in chips) 
Seat 3: nesnahh ($4.31 in chips) 
Seat 4: bmwmann8 ($8.08 in chips) 
Seat 5: tutjak ($2.18 in chips) 
Seat 6: cinar6868 ($0.39 in chips) 
Seat 7: ard1tm ($2 in chips) 
Seat 8: Mike_5CE ($2.70 in chips) 
Seat 9: Stun64 ($2.69 in chips) 
Mike_5CE: posts small blind $0.01
Stun64: posts big blind $0.02
*** HOLE CARDS ***
Dealt to Dorex2007 [7h 2c]
grimpop_87: folds 
Dorex2007: folds 
nesnahh: folds 
bmwmann8: folds 
tutjak: folds 
cinar6868: calls $0.02
ard1tm: folds 
Mike_5CE: raises $0.07 to $0.09
Stun64: folds 
cinar6868: folds 
Uncalled bet ($0.07) returned to Mike_5CE
Mike_5CE collected $0.06 from pot
Mike_5CE: doesn't show hand 
*** SUMMARY ***
Total pot $0.06 | Rake $0 
Seat 1: grimpop_87 folded before Flop (didn't bet)
Seat 2: Dorex2007 folded before Flop (didn't bet)
Seat 3: nesnahh folded before Flop (didn't bet)
Seat 4: bmwmann8 folded before Flop (didn't bet)
Seat 5: tutjak folded before Flop (didn't bet)
Seat 6: cinar6868 folded before Flop
Seat 7: ard1tm (button) folded before Flop (didn't bet)
Seat 8: Mike_5CE (small blind) collected ($0.06)
Seat 9: Stun64 (big blind) folded before Flop



PokerStars Hand #227562137686:  Hold'em No Limit ($0.01/$0.02 USD) - 2021/06/13 15:28:27 PT [2021/06/13 18:28:27 ET]
Table 'Coubertin II' 9-max Seat #8 is the button
Seat 1: grimpop_87 ($2.35 in chips) 
Seat 2: Dorex2007 ($1.83 in chips) 
Seat 3: nesnahh ($4.31 in chips) 
Seat 4: bmwmann8 ($8.08 in chips) 
Seat 5: tutjak ($2.18 in chips) 
Seat 6: cinar6868 ($0.37 in chips) 
Seat 7: ard1tm ($2 in chips) 
Seat 8: Mike_5CE ($2.74 in chips) 
Seat 9: Stun64 ($2.67 in chips) 
Stun64: posts small blind $0.01
grimpop_87: posts big blind $0.02
*** HOLE CARDS ***
Dealt to Dorex2007 [5c As]
Dorex2007: folds 
nesnahh: folds 
bmwmann8: folds 
tutjak: raises $0.04 to $0.06
cinar6868: folds 
ard1tm: folds 
Mike_5CE: folds 
Stun64: folds 
grimpop_87: folds 
Uncalled bet ($0.04) returned to tutjak
tutjak collected $0.05 from pot
tutjak: doesn't show hand 
*** SUMMARY ***
Total pot $0.05 | Rake $0 
Seat 1: grimpop_87 (big blind) folded before Flop
Seat 2: Dorex2007 folded before Flop (didn't bet)
Seat 3: nesnahh folded before Flop (didn't bet)
Seat 4: bmwmann8 folded before Flop (didn't bet)
Seat 5: tutjak collected ($0.05)
Seat 6: cinar6868 folded before Flop (didn't bet)
Seat 7: ard1tm folded before Flop (didn't bet)
Seat 8: Mike_5CE (button) folded before Flop (didn't bet)
Seat 9: Stun64 (small blind) folded before Flop



PokerStars Hand #227562144215:  Hold'em No Limit ($0.01/$0.02 USD) - 2021/06/13 15:28:44 PT [2021/06/13 18:28:44 ET]
Table 'Coubertin II' 9-max Seat #9 is the button
Seat 1: grimpop_87 ($2.33 in chips) 
Seat 2: Dorex2007 ($1.83 in chips) 
Seat 3: nesnahh ($4.31 in chips) 
Seat 4: bmwmann8 ($8.08 in chips) 
Seat 5: tutjak ($2.21 in chips) 
Seat 6: cinar6868 ($0.37 in chips) 
Seat 7: ard1tm ($2 in chips) 
Seat 8: Mike_5CE ($2.74 in chips) 
Seat 9: Stun64 ($2.66 in chips) 
grimpop_87: posts small blind $0.01
Dorex2007: posts big blind $0.02
*** HOLE CARDS ***
Dealt to Dorex2007 [2s 9c]
nesnahh: calls $0.02
bmwmann8: folds 
tutjak: folds 
cinar6868: folds 
ard1tm: folds 
Mike_5CE: raises $0.07 to $0.09
Stun64: folds 
grimpop_87: folds 
Dorex2007: folds 
nesnahh: folds 
Uncalled bet ($0.07) returned to Mike_5CE
Mike_5CE collected $0.07 from pot
Mike_5CE: doesn't show hand 
*** SUMMARY ***
Total pot $0.07 | Rake $0 
Seat 1: grimpop_87 (small blind) folded before Flop
Seat 2: Dorex2007 (big blind) folded before Flop
Seat 3: nesnahh folded before Flop
Seat 4: bmwmann8 folded before Flop (didn't bet)
Seat 5: tutjak folded before Flop (didn't bet)
Seat 6: cinar6868 folded before Flop (didn't bet)
Seat 7: ard1tm folded before Flop (didn't bet)
Seat 8: Mike_5CE collected ($0.07)
Seat 9: Stun64 (button) folded before Flop (didn't bet)



PokerStars Hand #227562153566:  Hold'em No Limit ($0.01/$0.02 USD) - 2021/06/13 15:29:07 PT [2021/06/13 18:29:07 ET]
Table 'Coubertin II' 9-max Seat #1 is the button
Seat 1: grimpop_87 ($2.32 in chips) 
Seat 2: Dorex2007 ($1.81 in chips) 
Seat 3: nesnahh ($4.29 in chips) 
Seat 4: bmwmann8 ($8.08 in chips) 
Seat 5: tutjak ($2.21 in chips) 
Seat 6: cinar6868 ($0.37 in chips) 
Seat 7: ard1tm ($2 in chips) 
Seat 8: Mike_5CE ($2.79 in chips) 
Seat 9: Stun64 ($2.66 in chips) 
Dorex2007: posts small blind $0.01
nesnahh: posts big blind $0.02
*** HOLE CARDS ***
Dealt to Dorex2007 [7s 2c]
bmwmann8: calls $0.02
tutjak: folds 
cinar6868: calls $0.02
ard1tm: folds 
Mike_5CE: folds 
Stun64: calls $0.02
grimpop_87: folds 
Dorex2007: folds 
nesnahh: checks 
*** FLOP *** [5d Kd Td]
nesnahh: checks 
bmwmann8: checks 
cinar6868: checks 
Stun64: checks 
*** TURN *** [5d Kd Td] [9d]
nesnahh: checks 
bmwmann8: checks 
cinar6868: checks 
Stun64: bets $0.05
nesnahh: folds 
bmwmann8: folds 
cinar6868: folds 
Uncalled bet ($0.05) returned to Stun64
Stun64 collected $0.09 from pot
Stun64: doesn't show hand 
*** SUMMARY ***
Total pot $0.09 | Rake $0 
Board [5d Kd Td 9d]
Seat 1: grimpop_87 (button) folded before Flop (didn't bet)
Seat 2: Dorex2007 (small blind) folded before Flop
Seat 3: nesnahh (big blind) folded on the Turn
Seat 4: bmwmann8 folded on the Turn
Seat 5: tutjak folded before Flop (didn't bet)
Seat 6: cinar6868 folded on the Turn
Seat 7: ard1tm folded before Flop (didn't bet)
Seat 8: Mike_5CE folded before Flop (didn't bet)
Seat 9: Stun64 collected ($0.09)



PokerStars Hand #227562180506:  Hold'em No Limit ($0.01/$0.02 USD) - 2021/06/13 15:30:02 PT [2021/06/13 18:30:02 ET]
Table 'Coubertin II' 9-max Seat #2 is the button
Seat 1: grimpop_87 ($2.32 in chips) 
Seat 2: Dorex2007 ($1.80 in chips) 
Seat 3: nesnahh ($4.27 in chips) 
Seat 4: bmwmann8 ($8.06 in chips) 
Seat 5: tutjak ($2.21 in chips) 
Seat 6: cinar6868 ($0.35 in chips) 
Seat 7: ard1tm ($2 in chips) 
Seat 8: Mike_5CE ($2.79 in chips) 
Seat 9: Stun64 ($2.73 in chips) 
nesnahh: posts small blind $0.01
bmwmann8: posts big blind $0.02
*** HOLE CARDS ***
Dealt to Dorex2007 [7c 8c]
tutjak: folds 
cinar6868: folds 
ard1tm: raises $0.08 to $0.10
Mike_5CE: folds 
Stun64: folds 
grimpop_87: folds 
Dorex2007: folds 
nesnahh: folds 
bmwmann8: folds 
Uncalled bet ($0.08) returned to ard1tm
ard1tm collected $0.05 from pot
ard1tm: doesn't show hand 
*** SUMMARY ***
Total pot $0.05 | Rake $0 
Seat 1: grimpop_87 folded before Flop (didn't bet)
Seat 2: Dorex2007 (button) folded before Flop (didn't bet)
Seat 3: nesnahh (small blind) folded before Flop
Seat 4: bmwmann8 (big blind) folded before Flop
Seat 5: tutjak folded before Flop (didn't bet)
Seat 6: cinar6868 folded before Flop (didn't bet)
Seat 7: ard1tm collected ($0.05)
Seat 8: Mike_5CE folded before Flop (didn't bet)
Seat 9: Stun64 folded before Flop (didn't bet)



PokerStars Hand #227562194361:  Hold'em No Limit ($0.01/$0.02 USD) - 2021/06/13 15:30:21 PT [2021/06/13 18:30:21 ET]
Table 'Coubertin II' 9-max Seat #3 is the button
Seat 1: grimpop_87 ($2.32 in chips) 
Seat 2: Dorex2007 ($1.80 in chips) 
Seat 3: nesnahh ($4.26 in chips) 
Seat 4: bmwmann8 ($8.04 in chips) 
Seat 5: tutjak ($2.21 in chips) 
Seat 6: cinar6868 ($0.35 in chips) 
Seat 7: ard1tm ($2.03 in chips) 
Seat 8: Mike_5CE ($2.79 in chips) 
Seat 9: Stun64 ($2.73 in chips) 
bmwmann8: posts small blind $0.01
tutjak: posts big blind $0.02
*** HOLE CARDS ***
Dealt to Dorex2007 [3d 7c]
cinar6868: folds 
ard1tm: raises $0.06 to $0.08
Mike_5CE: folds 
Stun64: folds 
grimpop_87: calls $0.08
Dorex2007: folds 
nesnahh: folds 
bmwmann8: folds 
tutjak: folds 
*** FLOP *** [8c 2c Qc]
ard1tm: checks 
grimpop_87: checks 
*** TURN *** [8c 2c Qc] [3c]
ard1tm: checks 
grimpop_87: bets $0.14
ard1tm: folds 
Uncalled bet ($0.14) returned to grimpop_87
grimpop_87 collected $0.18 from pot
*** SUMMARY ***
Total pot $0.19 | Rake $0.01 
Board [8c 2c Qc 3c]
Seat 1: grimpop_87 collected ($0.18)
Seat 2: Dorex2007 folded before Flop (didn't bet)
Seat 3: nesnahh (button) folded before Flop (didn't bet)
Seat 4: bmwmann8 (small blind) folded before Flop
Seat 5: tutjak (big blind) folded before Flop
Seat 6: cinar6868 folded before Flop (didn't bet)
Seat 7: ard1tm folded on the Turn
Seat 8: Mike_5CE folded before Flop (didn't bet)
Seat 9: Stun64 folded before Flop (didn't bet)



PokerStars Hand #227562209143:  Hold'em No Limit ($0.01/$0.02 USD) - 2021/06/13 15:30:58 PT [2021/06/13 18:30:58 ET]
Table 'Coubertin II' 9-max Seat #4 is the button
Seat 1: grimpop_87 ($2.42 in chips) 
Seat 2: Dorex2007 ($1.80 in chips) 
Seat 3: nesnahh ($4.26 in chips) 
Seat 4: bmwmann8 ($8.03 in chips) 
Seat 5: tutjak ($2.19 in chips) 
Seat 6: cinar6868 ($0.35 in chips) 
Seat 7: ard1tm ($2 in chips) 
Seat 8: Mike_5CE ($2.79 in chips) 
Seat 9: Stun64 ($2.73 in chips) 
tutjak: posts small blind $0.01
cinar6868: posts big blind $0.02
*** HOLE CARDS ***
Dealt to Dorex2007 [2s 7h]
ard1tm: folds 
Mike_5CE: folds 
Stun64: calls $0.02
grimpop_87: folds 
Dorex2007: folds 
nesnahh: calls $0.02
bmwmann8: folds 
tutjak: folds 
cinar6868: raises $0.08 to $0.10
Stun64: folds 
nesnahh: calls $0.08
*** FLOP *** [Qs Th 7c]
cinar6868: bets $0.25 and is all-in
nesnahh: folds 
Uncalled bet ($0.25) returned to cinar6868
cinar6868 collected $0.22 from pot
cinar6868: doesn't show hand 
*** SUMMARY ***
Total pot $0.23 | Rake $0.01 
Board [Qs Th 7c]
Seat 1: grimpop_87 folded before Flop (didn't bet)
Seat 2: Dorex2007 folded before Flop (didn't bet)
Seat 3: nesnahh folded on the Flop
Seat 4: bmwmann8 (button) folded before Flop (didn't bet)
Seat 5: tutjak (small blind) folded before Flop
Seat 6: cinar6868 (big blind) collected ($0.22)
Seat 7: ard1tm folded before Flop (didn't bet)
Seat 8: Mike_5CE folded before Flop (didn't bet)
Seat 9: Stun64 folded before Flop



PokerStars Hand #227562226464:  Hold'em No Limit ($0.01/$0.02 USD) - 2021/06/13 15:31:41 PT [2021/06/13 18:31:41 ET]
Table 'Coubertin II' 9-max Seat #5 is the button
Seat 1: grimpop_87 ($2.42 in chips) 
Seat 2: Dorex2007 ($1.80 in chips) 
Seat 3: nesnahh ($4.16 in chips) 
Seat 4: bmwmann8 ($8.03 in chips) 
Seat 5: tutjak ($2.18 in chips) 
Seat 6: cinar6868 ($0.47 in chips) 
Seat 7: ard1tm ($2 in chips) 
Seat 8: Mike_5CE ($2.79 in chips) 
Seat 9: Stun64 ($2.71 in chips) 
cinar6868: posts small blind $0.01
ard1tm: posts big blind $0.02
*** HOLE CARDS ***
Dealt to Dorex2007 [Ts 3d]
Mike_5CE: folds 
Stun64: folds 
grimpop_87: folds 
Dorex2007: folds 
nesnahh: folds 
bmwmann8: calls $0.02
tutjak: folds 
cinar6868: calls $0.01
ard1tm: raises $0.10 to $0.12
bmwmann8: folds 
tutjak leaves the table
cinar6868: folds 
Uncalled bet ($0.10) returned to ard1tm
ard1tm collected $0.06 from pot
ard1tm: doesn't show hand 
*** SUMMARY ***
Total pot $0.06 | Rake $0 
Seat 1: grimpop_87 folded before Flop (didn't bet)
Seat 2: Dorex2007 folded before Flop (didn't bet)
Seat 3: nesnahh folded before Flop (didn't bet)
Seat 4: bmwmann8 folded before Flop
Seat 5: tutjak (button) folded before Flop (didn't bet)
Seat 6: cinar6868 (small blind) folded before Flop
Seat 7: ard1tm (big blind) collected ($0.06)
Seat 8: Mike_5CE folded before Flop (didn't bet)
Seat 9: Stun64 folded before Flop (didn't bet)



PokerStars Hand #227562239664:  Hold'em No Limit ($0.01/$0.02 USD) - 2021/06/13 15:32:14 PT [2021/06/13 18:32:14 ET]
Table 'Coubertin II' 9-max Seat #6 is the button
Seat 1: grimpop_87 ($2.42 in chips) 
Seat 2: Dorex2007 ($1.80 in chips) 
Seat 3: nesnahh ($4.16 in chips) 
Seat 4: bmwmann8 ($8.01 in chips) 
Seat 6: cinar6868 ($0.45 in chips) 
Seat 7: ard1tm ($2.04 in chips) 
Seat 8: Mike_5CE ($2.79 in chips) 
Seat 9: Stun64 ($2.71 in chips) 
ard1tm: posts small blind $0.01
Mike_5CE: posts big blind $0.02
*** HOLE CARDS ***
Dealt to Dorex2007 [4d 3c]
Stun64: folds 
grimpop_87: folds 
Dorex2007: folds 
nesnahh: raises $0.06 to $0.08
bmwmann8: folds 
cinar6868: folds 
ard1tm: raises $0.20 to $0.28
Mike_5CE: folds 
nesnahh: raises $0.42 to $0.70
ard1tm: calls $0.42
*** FLOP *** [5d 6d 8d]
ard1tm: checks 
nesnahh: bets $1.37
ard1tm: folds 
Uncalled bet ($1.37) returned to nesnahh
nesnahh collected $1.37 from pot
nesnahh: doesn't show hand 
*** SUMMARY ***
Total pot $1.42 | Rake $0.05 
Board [5d 6d 8d]
Seat 1: grimpop_87 folded before Flop (didn't bet)
Seat 2: Dorex2007 folded before Flop (didn't bet)
Seat 3: nesnahh collected ($1.37)
Seat 4: bmwmann8 folded before Flop (didn't bet)
Seat 6: cinar6868 (button) folded before Flop (didn't bet)
Seat 7: ard1tm (small blind) folded on the Flop
Seat 8: Mike_5CE (big blind) folded before Flop
Seat 9: Stun64 folded before Flop (didn't bet)



PokerStars Hand #227562264756:  Hold'em No Limit ($0.01/$0.02 USD) - 2021/06/13 15:33:17 PT [2021/06/13 18:33:17 ET]
Table 'Coubertin II' 9-max Seat #7 is the button
Seat 1: grimpop_87 ($2.42 in chips) 
Seat 2: Dorex2007 ($1.80 in chips) 
Seat 3: nesnahh ($4.83 in chips) 
Seat 4: bmwmann8 ($8.01 in chips) 
Seat 6: cinar6868 ($0.45 in chips) 
Seat 7: ard1tm ($2 in chips) 
Seat 8: Mike_5CE ($2.77 in chips) 
Seat 9: Stun64 ($2.71 in chips) 
Mike_5CE: posts small blind $0.01
Stun64: posts big blind $0.02
*** HOLE CARDS ***
Dealt to Dorex2007 [4c Tc]
grimpop_87: folds 
Dorex2007: folds 
nesnahh: folds 
bmwmann8: folds 
cinar6868: folds 
ard1tm: folds 
Mike_5CE: raises $0.04 to $0.06
Stun64: folds 
Uncalled bet ($0.04) returned to Mike_5CE
Mike_5CE collected $0.04 from pot
Mike_5CE: doesn't show hand 
*** SUMMARY ***
Total pot $0.04 | Rake $0 
Seat 1: grimpop_87 folded before Flop (didn't bet)
Seat 2: Dorex2007 folded before Flop (didn't bet)
Seat 3: nesnahh folded before Flop (didn't bet)
Seat 4: bmwmann8 folded before Flop (didn't bet)
Seat 6: cinar6868 folded before Flop (didn't bet)
Seat 7: ard1tm (button) folded before Flop (didn't bet)
Seat 8: Mike_5CE (small blind) collected ($0.04)
Seat 9: Stun64 (big blind) folded before Flop



PokerStars Hand #227562275512:  Hold'em No Limit ($0.01/$0.02 USD) - 2021/06/13 15:33:46 PT [2021/06/13 18:33:46 ET]
Table 'Coubertin II' 9-max Seat #8 is the button
Seat 1: grimpop_87 ($2.42 in chips) 
Seat 2: Dorex2007 ($1.80 in chips) 
Seat 3: nesnahh ($4.83 in chips) 
Seat 4: bmwmann8 ($8.01 in chips) 
Seat 6: cinar6868 ($0.45 in chips) 
Seat 7: ard1tm ($2 in chips) 
Seat 8: Mike_5CE ($2.79 in chips) 
Seat 9: Stun64 ($2.69 in chips) 
Stun64: posts small blind $0.01
grimpop_87: posts big blind $0.02
*** HOLE CARDS ***
Dealt to Dorex2007 [Tc 4s]
Dorex2007: folds 
nesnahh: folds 
bmwmann8: calls $0.02
cinar6868: folds 
ard1tm: folds 
Mike_5CE: raises $0.07 to $0.09
Stun64: calls $0.08
grimpop_87: folds 
bmwmann8: folds 
*** FLOP *** [8c Ah Kh]
Stun64: checks 
Mike_5CE: bets $0.14
Stun64: calls $0.14
*** TURN *** [8c Ah Kh] [As]
Stun64: bets $0.24
Mike_5CE: raises $0.41 to $0.65
Stun64: folds 
Uncalled bet ($0.41) returned to Mike_5CE
Mike_5CE collected $0.95 from pot
Mike_5CE: doesn't show hand 
*** SUMMARY ***
Total pot $0.98 | Rake $0.03 
Board [8c Ah Kh As]
Seat 1: grimpop_87 (big blind) folded before Flop
Seat 2: Dorex2007 folded before Flop (didn't bet)
Seat 3: nesnahh folded before Flop (didn't bet)
Seat 4: bmwmann8 folded before Flop
Seat 6: cinar6868 folded before Flop (didn't bet)
Seat 7: ard1tm folded before Flop (didn't bet)
Seat 8: Mike_5CE (button) collected ($0.95)
Seat 9: Stun64 (small blind) folded on the Turn



PokerStars Hand #227562334227:  Hold'em No Limit ($0.01/$0.02 USD) - 2021/06/13 15:36:16 PT [2021/06/13 18:36:16 ET]
Table 'Coubertin II' 9-max Seat #3 is the button
Seat 1: grimpop_87 ($2.39 in chips) 
Seat 2: Dorex2007 ($1.80 in chips) 
Seat 3: nesnahh ($4.88 in chips) 
Seat 4: bmwmann8 ($7.97 in chips) 
Seat 5: pokereule754 ($2 in chips) 
Seat 6: cinar6868 ($0.45 in chips) 
Seat 7: ard1tm ($2 in chips) 
Seat 8: Mike_5CE ($3.14 in chips) 
Seat 9: Stun64 ($2.32 in chips) 
bmwmann8: posts small blind $0.01
pokereule754: posts big blind $0.02
Dorex2007: posts small & big blinds $0.03
*** HOLE CARDS ***
Dealt to Dorex2007 [8h Kc]
cinar6868: folds 
ard1tm: folds 
Mike_5CE: raises $0.05 to $0.07
Stun64: folds 
grimpop_87: calls $0.07
Dorex2007: calls $0.05
nesnahh: folds 
bmwmann8: folds 
pokereule754: folds 
*** FLOP *** [Ad Td 5s]
Mike_5CE: checks 
grimpop_87: checks 
Dorex2007: checks 
*** TURN *** [Ad Td 5s] [Kh]
Mike_5CE: bets $0.06
grimpop_87: folds 
Dorex2007: folds 
Uncalled bet ($0.06) returned to Mike_5CE
Mike_5CE collected $0.24 from pot
Mike_5CE: doesn't show hand 
*** SUMMARY ***
Total pot $0.25 | Rake $0.01 
Board [Ad Td 5s Kh]
Seat 1: grimpop_87 folded on the Turn
Seat 2: Dorex2007 folded on the Turn
Seat 3: nesnahh (button) folded before Flop (didn't bet)
Seat 4: bmwmann8 (small blind) folded before Flop
Seat 5: pokereule754 (big blind) folded before Flop
Seat 6: cinar6868 folded before Flop (didn't bet)
Seat 7: ard1tm folded before Flop (didn't bet)
Seat 8: Mike_5CE collected ($0.24)
Seat 9: Stun64 folded before Flop (didn't bet)



PokerStars Hand #227562355498:  Hold'em No Limit ($0.01/$0.02 USD) - 2021/06/13 15:37:09 PT [2021/06/13 18:37:09 ET]
Table 'Coubertin II' 9-max Seat #4 is the button
Seat 1: grimpop_87 ($2.32 in chips) 
Seat 2: Dorex2007 ($1.72 in chips) 
Seat 3: nesnahh ($4.88 in chips) 
Seat 4: bmwmann8 ($7.96 in chips) 
Seat 5: pokereule754 ($2 in chips) 
Seat 6: cinar6868 ($0.45 in chips) 
Seat 7: ard1tm ($2 in chips) 
Seat 8: Mike_5CE ($3.31 in chips) 
Seat 9: Stun64 ($2.32 in chips) 
pokereule754: posts small blind $0.01
cinar6868: posts big blind $0.02
*** HOLE CARDS ***
Dealt to Dorex2007 [Th Tc]
ard1tm: folds 
Mike_5CE: folds 
Stun64: calls $0.02
grimpop_87: folds 
Dorex2007: raises $0.04 to $0.06
nesnahh: folds 
bmwmann8: folds 
pokereule754: calls $0.05
cinar6868: folds 
Stun64: calls $0.04
*** FLOP *** [Qc 6s 4h]
pokereule754: checks 
Stun64: checks 
Dorex2007: bets $0.19
pokereule754: folds 
Stun64: folds 
Uncalled bet ($0.19) returned to Dorex2007
Dorex2007 collected $0.19 from pot
Dorex2007: doesn't show hand 
*** SUMMARY ***
Total pot $0.20 | Rake $0.01 
Board [Qc 6s 4h]
Seat 1: grimpop_87 folded before Flop (didn't bet)
Seat 2: Dorex2007 collected ($0.19)
Seat 3: nesnahh folded before Flop (didn't bet)
Seat 4: bmwmann8 (button) folded before Flop (didn't bet)
Seat 5: pokereule754 (small blind) folded on the Flop
Seat 6: cinar6868 (big blind) folded before Flop
Seat 7: ard1tm folded before Flop (didn't bet)
Seat 8: Mike_5CE folded before Flop (didn't bet)
Seat 9: Stun64 folded on the Flop



PokerStars Hand #227562367444:  Hold'em No Limit ($0.01/$0.02 USD) - 2021/06/13 15:37:39 PT [2021/06/13 18:37:39 ET]
Table 'Coubertin II' 9-max Seat #5 is the button
Seat 1: grimpop_87 ($2.32 in chips) 
Seat 2: Dorex2007 ($1.85 in chips) 
Seat 3: nesnahh ($4.88 in chips) 
Seat 4: bmwmann8 ($7.96 in chips) 
Seat 5: pokereule754 ($2 in chips) 
Seat 6: cinar6868 ($0.43 in chips) 
Seat 7: ard1tm ($2 in chips) 
Seat 8: Mike_5CE ($3.31 in chips) 
Seat 9: Stun64 ($2.26 in chips) 
cinar6868: posts small blind $0.01
ard1tm: posts big blind $0.02
*** HOLE CARDS ***
Dealt to Dorex2007 [5d 2d]
Mike_5CE: folds 
Stun64: calls $0.02
grimpop_87: folds 
Dorex2007: folds 
nesnahh: folds 
bmwmann8: folds 
pokereule754: folds 
cinar6868: calls $0.01
ard1tm: checks 
*** FLOP *** [6h Ah Qd]
cinar6868: checks 
ard1tm: checks 
Stun64: checks 
*** TURN *** [6h Ah Qd] [4s]
cinar6868: checks 
ard1tm: checks 
Stun64: bets $0.03
cinar6868: folds 
ard1tm: folds 
Uncalled bet ($0.03) returned to Stun64
Stun64 collected $0.06 from pot
Stun64: doesn't show hand 
*** SUMMARY ***
Total pot $0.06 | Rake $0 
Board [6h Ah Qd 4s]
Seat 1: grimpop_87 folded before Flop (didn't bet)
Seat 2: Dorex2007 folded before Flop (didn't bet)
Seat 3: nesnahh folded before Flop (didn't bet)
Seat 4: bmwmann8 folded before Flop (didn't bet)
Seat 5: pokereule754 (button) folded before Flop (didn't bet)
Seat 6: cinar6868 (small blind) folded on the Turn
Seat 7: ard1tm (big blind) folded on the Turn
Seat 8: Mike_5CE folded before Flop (didn't bet)
Seat 9: Stun64 collected ($0.06)



